<mjloggm ver="2.3"><GO type="185" lobby="0"/><UN n0="%E3%83%84%E3%83%BC%E3%82%A2%E3%82%A6%E3%83%88" n1="%E7%84%BC%E8%82%89" n2="%E4%BD%90%E8%97%A4%E7%BE%8E%E5%92%8C%E5%AD%90" n3="" dan="16,17,16,0" rate="2084.87,2219.41,2144.57,1500.00" sx="M,M,M,C"/><TAIKYOKU oya="0"/><INIT seed="0,0,0,2,3,32" ten="350,350,350,0" oya="0" hai0="73,90,114,111,53,48,93,78,69,94,108,2,120" hai1="52,64,70,51,66,45,79,87,134,36,132,133,82" hai2="110,47,104,38,117,102,122,115,76,99,56,55,101" hai3=""/><T57/><N who="0" m="30752" /><T100/><D69/><U0/><E70/><V88/><N who="2" m="31264" /><V3/><F115/><T103/><D114/><U54/><E36/><V41/><F110/><N who="0" m="42026" /><D2/><U80/><E0/><V121/><N who="2" m="31008" /><V62/><F3/><T113/><D113/><U98/><E98/><V49/><F117/><T37/><D37/><U63/><E82/><V72/><F102/><N who="0" m="38954" /><D90/><U74/><E74/><V34/><F34/><T106/><D106/><U123/><N who="1" m="31520" /><U109/><E109/><V127/><F88/><T128/><D128/><U1/><E1/><V35/><F35/><T84/><D73/><U50/><REACH who="1" step="1"/><E63/><REACH who="1" ten="350,340,350,0" step="2"/><V116/><F62/><T107/><D107/><U59/><AGARI ba="0,1" hai="45,50,51,52,54,59,64,66,79,80,87,132,133,134" m="31520" machi="59" ten="30,9000,2" yaku="1,1,2,1,0,1,20,1,52,1,54,1,53,0" doraHai="32" doraHaiUra="112" who="1" fromWho="1" sc="350,-60,340,100,350,-30,0,0" /><INIT seed="1,0,0,5,4,32" ten="290,440,320,0" oya="1" hai0="128,33,90,42,3,84,100,67,129,76,91,77,81" hai1="113,121,51,38,45,48,75,111,114,61,85,55,101" hai2="0,72,62,80,56,99,97,103,107,133,88,83,53" hai3=""/><U92/><N who="1" m="31008" /><U69/><E75/><V112/><F133/><T78/><D42/><U52/><E38/><V86/><F112/><T127/><D67/><U74/><E74/><V115/><F115/><T40/><D40/><U39/><E39/><V34/><F34/><T96/><D33/><U50/><E111/><V65/><F0/><T134/><D3/><U49/><E85/><V108/><F108/><T89/><D134/><U63/><E92/><V58/><F99/><T37/><D37/><U110/><E101/><V102/><F102/><T70/><D70/><U54/><E110/><V73/><REACH who="2" step="1"/><F83/><REACH who="2" ten="290,440,310,0" step="2"/><T59/><D127/><U35/><E35/><V95/><F95/><T64/><D64/><U106/><E113/><V57/><F57/><T71/><D59/><U87/><E114/><V36/><F36/><T68/><D68/><U41/><E69/><V60/><AGARI ba="0,1" hai="53,56,58,60,62,65,72,73,80,86,88,97,103,107" machi="60" ten="20,6000,1" yaku="1,1,0,1,7,1,54,1,53,1" doraHai="32" doraHaiUra="98" who="2" fromWho="2" sc="290,-20,440,-40,310,70,0,0" /><INIT seed="2,0,0,2,4,75" ten="270,400,380,0" oya="2" hai0="111,122,95,82,132,105,128,81,96,97,118,108,89" hai1="102,129,83,107,62,104,40,116,34,54,133,47,76" hai2="45,50,41,119,86,53,126,92,99,125,69,93,109" hai3=""/><V48/><F119/><T85/><N who="0" m="31264" /><T38/><D38/><U71/><E34/><V51/><F69/><T57/><D57/><U63/><E116/><V87/><F109/><N who="0" m="42058" /><D118/><U77/><E129/><V1/><F1/><T84/><D128/><U91/><E133/><V52/><F93/><T123/><N who="0" m="31520" /><T80/><D132/><U65/><E91/><V120/><N who="2" m="30752" /><V32/><F32/><T55/><D55/><N who="2" m="21066" /><F41/><T3/><D3/><U49/><E102/><AGARI ba="0,0" hai="80,81,82,84,85,89,95,96,97,102,105" m="31520,42058,31264" machi="102" ten="30,8000,1" yaku="14,1,34,2,52,2" doraHai="75" who="0" fromWho="1" sc="270,80,400,-80,380,0,0,0" /><INIT seed="4,0,0,0,3,75" ten="350,320,380,0" oya="0" hai0="97,100,93,39,108,76,80,132,103,51,0,33,101" hai1="68,112,127,77,125,62,96,38,36,119,99,94,79" hai2="85,1,74,91,133,69,104,90,78,134,65,40,109" hai3=""/><T58/><D33/><U63/><E119/><V84/><F1/><T107/><D0/><U41/><E112/><V81/><F40/><T87/><D39/><N who="1" m="14891" /><E41/><V105/><F65/><T34/><D34/><U46/><E46/><V2/><F69/><T37/><D37/><U50/><E50/><V135/><F109/><T131/><D108/><U130/><E94/><V42/><F42/><T88/><D131/><U48/><E48/><V73/><F2/><T115/><D115/><U92/><E92/><V3/><F3/><T56/><D132/><U128/><E68/><V118/><F118/><T67/><D67/><U121/><N who="1" m="31008" /><U49/><E49/><V120/><N who="2" m="30752" /><V53/><F53/><T52/><REACH who="0" step="1"/><D56/><REACH who="0" ten="340,320,380,0" step="2"/><U59/><E59/><V106/><F134/><T64/><D64/><U122/><N who="1" m="31264" /><U123/><N who="1" m="31520" /><U44/><E130/><V57/><F57/><T126/><D126/><N who="1" m="48139" /><E128/><V70/><F70/><T89/><D89/><U54/><E44/><V45/><F45/><T102/><D102/><U55/><E55/><V111/><F133/><T98/><AGARI ba="0,1" hai="51,52,58,76,80,87,88,93,97,98,100,101,103,107" machi="98" ten="20,12000,2" yaku="1,1,0,1,7,1,52,1,54,2,53,0" doraHai="75" doraHaiUra="35" who="0" fromWho="0" sc="340,130,320,-60,380,-60,0,0" /><INIT seed="4,1,0,5,4,126" ten="470,260,320,0" oya="0" hai0="106,135,117,94,116,72,105,98,73,68,122,62,133" hai1="80,125,120,111,78,79,95,54,132,34,118,57,103" hai2="119,71,76,67,121,49,91,89,134,128,37,96,44" hai3=""/><T100/><N who="0" m="31264" /><T129/><D68/><U104/><N who="1" m="30752" /><U108/><E118/><N who="0" m="45673" /><D62/><U81/><E34/><V83/><N who="2" m="31008" /><V48/><F37/><T0/><D129/><U130/><E125/><V93/><F119/><T59/><D59/><U101/><E104/><N who="0" m="40041" /><D0/><U40/><E40/><V114/><F67/><T69/><D69/><U127/><E127/><V66/><F66/><T38/><D38/><U60/><E60/><V87/><F71/><T58/><D58/><U42/><E57/><V39/><F39/><T107/><N who="0" m="40049" /><T75/><AGARI ba="1,0" hai="72,73,75,94,98,100,133,135" m="40049,45673,31264" machi="75" ten="60,8000,1" yaku="4,1,34,2,52,1" doraHai="126" who="0" fromWho="0" sc="470,82,260,-41,320,-41,0,0" /><INIT seed="4,2,0,4,2,38" ten="552,219,279,0" oya="0" hai0="76,62,114,123,112,84,65,83,128,94,1,100,66" hai1="130,109,125,73,86,69,96,46,111,41,71,68,117" hai2="115,107,131,81,99,32,34,121,47,51,0,60,39" hai3=""/><T134/><N who="0" m="31520" /><T92/><D1/><U108/><E73/><V127/><N who="2" m="31008" /><V74/><F0/><T110/><D128/><U77/><E96/><V90/><F131/><T88/><D110/><U122/><N who="1" m="31264" /><U64/><E130/><V43/><F115/><N who="0" m="44074" /><D134/><U98/><E98/><V42/><F127/><T55/><D100/><U36/><E125/><V61/><F74/><T54/><D94/><U44/><E117/><V120/><N who="2" m="30752" /><V33/><F81/><T58/><D66/><U48/><E86/><AGARI ba="2,0" hai="54,55,58,62,65,76,83,84,86,88,92" m="44074,31520" machi="86" ten="30,5800,0" yaku="15,1,52,1,54,1" doraHai="38" who="0" fromWho="1" sc="552,62,219,-62,279,0,0,0" /><INIT seed="4,3,0,4,3,65" ten="614,157,279,0" oya="0" hai0="102,32,98,84,100,129,86,128,49,108,45,37,101" hai1="118,106,74,126,69,78,53,109,75,85,131,114,133" hai2="34,51,55,44,73,39,119,35,82,99,63,121,62" hai3=""/><T70/><D32/><U110/><RYUUKYOKU type="yao9" ba="3,0" sc="614,0,157,0,279,0,0,0" hai1="53,69,74,75,78,85,106,109,110,114,118,126,131,133" /><INIT seed="4,4,0,2,4,58" ten="614,157,279,0" oya="0" hai0="55,107,130,99,45,128,49,131,41,79,134,117,88" hai1="43,75,92,82,64,32,118,111,119,129,106,101,126" hai2="113,47,114,52,103,60,122,115,1,112,116,76,70" hai3=""/><T83/><D117/><U68/><E43/><V69/><N who="2" m="31264" /><V121/><N who="2" m="31008" /><V89/><F1/><T50/><D134/><U98/><E64/><V53/><F116/><T125/><D125/><U102/><E68/><N who="2" m="26219" /><F103/><T85/><D107/><U54/><E54/><N who="2" m="21099" /><F76/><T63/><D63/><U78/><E32/><V42/><F115/><T59/><D99/><U100/><E126/><V48/><F89/><AGARI ba="4,0" hai="41,45,49,50,55,59,79,83,85,88,89,128,130,131" machi="89" ten="40,3900,0" yaku="19,1,54,1" doraHai="58" who="0" fromWho="2" sc="614,47,157,0,279,-47,0,0" /><INIT seed="4,5,0,1,4,39" ten="661,157,232,0" oya="0" hai0="88,47,110,106,44,85,43,3,37,95,75,113,86" hai1="131,94,84,125,65,115,108,42,50,111,121,58,130" hai2="112,40,68,90,72,57,129,66,116,107,89,79,135" hai3=""/><T133/><D3/><U105/><N who="1" m="31008" /><U60/><E105/><V49/><F107/><T96/><D110/><N who="1" m="42027" /><E94/><V98/><F72/><T114/><D75/><U128/><E84/><V82/><F79/><T36/><D133/><U51/><E125/><V59/><F98/><T91/><D106/><U38/><E115/><N who="0" m="44041" /><D91/><U77/><E77/><V41/><F89/><T52/><D37/><U80/><E80/><V71/><F82/><T87/><D47/><AGARI ba="5,0" hai="38,42,47,50,51,58,60,65,128,130,131" m="42027,31008" machi="47" ten="40,8000,1" yaku="19,1,34,2,52,2" doraHai="39" who="1" fromWho="0" sc="661,-90,157,90,232,0,0,0" /><INIT seed="5,0,0,1,1,35" ten="571,247,232,0" oya="1" hai0="134,120,58,64,59,121,90,123,41,48,105,94,84" hai1="69,129,1,92,56,66,113,33,96,98,37,72,106" hai2="130,38,46,104,78,93,114,101,109,116,61,51,108" hai3=""/><U85/><E33/><V76/><F116/><T0/><N who="0" m="30752" /><T125/><N who="0" m="31008" /><T2/><N who="0" m="31520" /><T111/><D111/><U44/><E72/><V95/><F38/><T62/><D105/><U102/><E69/><V55/><F104/><T131/><D125/><U52/><E66/><V133/><F133/><T119/><D134/><U97/><E129/><V54/><F130/><T36/><D36/><U86/><E113/><V65/><F114/><T132/><D132/><U68/><E68/><V124/><F124/><T115/><D131/><U88/><E1/><V118/><F118/><T107/><D107/><U79/><E79/><V60/><F65/><T80/><D119/><U112/><E97/><V127/><F127/><T81/><D115/><U89/><E89/><V82/><F101/><T34/><D34/><U45/><E112/><V53/><F76/><T99/><D81/><U40/><REACH who="1" step="1"/><E44/><REACH who="1" ten="571,237,232,0" step="2"/><V57/><F46/><T50/><D2/><U122/><N who="1" m="31264" /><U100/><E100/><V71/><F71/><T49/><D0/><U117/><E117/><V91/><F78/><T70/><REACH who="0" step="1"/><D41/><REACH who="0" ten="561,237,232,0" step="2"/><U110/><E110/><V128/><F108/><T47/><D47/><U135/><E135/><V74/><F109/><T39/><D39/><RYUUKYOKU ba="0,2" sc="561,10,237,10,232,-20,0,0" hai0="48,49,50,58,59,62,64,70,80,84,90,94,99" hai1="37,40,45,52,56,85,86,88,92,96,98,102,106" /><INIT seed="5,1,2,5,3,60" ten="571,247,212,0" oya="1" hai0="88,101,56,126,76,113,64,73,83,82,131,33,36" hai1="132,129,62,135,96,87,74,41,127,111,68,117,2" hai2="75,42,103,49,80,37,51,48,69,106,70,77,81" hai3=""/><U120/><RYUUKYOKU type="yao9" ba="1,2" sc="571,0,247,0,212,0,0,0" hai1="2,41,62,68,74,87,96,111,117,120,127,129,132,135" /><INIT seed="5,2,2,5,3,98" ten="571,247,212,0" oya="1" hai0="103,84,83,38,120,53,128,76,34,87,36,135,50" hai1="73,46,41,125,60,58,75,57,77,93,39,101,43" hai2="116,124,96,89,54,130,65,117,82,0,118,3,94" hai3=""/><U109/><E109/><V61/><F130/><T56/><N who="0" m="30752" /><T49/><D34/><U78/><E125/><V108/><F108/><T62/><D128/><U47/><E93/><V113/><F124/><T52/><D135/><U133/><E101/><V51/><F82/><T106/><D87/><U107/><E133/><V80/><F80/><T45/><REACH who="0" step="1"/><D62/><REACH who="0" ten="561,247,212,0" step="2"/><U95/><E60/><V100/><F113/><T69/><D69/><U1/><E1/><V99/><F61/><T126/><D126/><U131/><E131/><V97/><F3/><T105/><D105/><U104/><REACH who="1" step="1"/><E95/><REACH who="1" ten="561,237,212,0" step="2"/><V44/><F0/><T63/><D63/><U55/><E55/><V119/><F119/><T40/><D40/><U127/><E127/><V110/><F110/><T2/><D2/><U112/><E112/><V72/><F117/><T42/><D42/><U115/><E115/><V66/><F116/><T86/><D86/><U48/><E48/><V132/><F118/><T79/><D79/><U88/><E88/><V122/><F132/><T71/><D71/><U35/><E35/><V123/><F89/><T32/><D32/><U111/><E111/><V85/><N who="2" m="31264" /><V64/><N who="2" m="31520" /><V70/><F70/><T114/><D114/><U81/><E81/><RYUUKYOKU ba="2,4" sc="561,10,237,10,212,-20,0,0" hai0="36,38,45,49,50,52,53,56,76,83,84,103,106" hai1="39,41,43,46,47,57,58,73,75,77,78,104,107" /><INIT seed="5,3,4,4,3,93" ten="571,247,192,0" oya="1" hai0="128,119,133,41,70,89,66,134,98,56,55,129,52" hai1="81,38,63,34,72,32,125,102,100,49,82,86,120" hai2="46,64,113,84,96,48,108,3,135,47,45,116,50" hai3=""/><U2/><N who="1" m="30752" /><U109/><E2/><V75/><F75/><T87/><D119/><U83/><E38/><V127/><F3/><T111/><D111/><U58/><E72/><V115/><F108/><T69/><D98/><U99/><E109/><V91/><F116/><T60/><D89/><U110/><E110/><V114/><F135/><N who="0" m="51722" /><D41/><U88/><E49/><V97/><F127/><T126/><D87/><U0/><E0/><V54/><F84/><T76/><D76/><U43/><E43/><V118/><F91/><T33/><D33/><U117/><E125/><V80/><F118/><T62/><D126/><U40/><E40/><V94/><F114/><T42/><D42/><U39/><E39/><V78/><F78/><T101/><D101/><U67/><E102/><V124/><F124/><T37/><D37/><U79/><E117/><V130/><F115/><T132/><N who="0" m="51730" /><T107/><DORA hai="74" /><D107/><U57/><E79/><V131/><F113/><T105/><D105/><U122/><N who="1" m="31264" /><U71/><E32/><V77/><F77/><T35/><D35/><U36/><E36/><V121/><F121/><T1/><D1/><U112/><E112/><V53/><F131/><N who="0" m="50250" /><D70/><U106/><E34/><V44/><F130/><T104/><D104/><RYUUKYOKU ba="3,4" sc="571,10,247,10,192,-20,0,0" hai0="52,55,56,60,62,66,69" hai1="57,58,63,67,71,81,82,83,86,88,99,100,106" /><INIT seed="5,4,4,5,3,96" ten="581,257,172,0" oya="1" hai0="118,114,78,42,95,132,105,84,32,64,135,52,108" hai1="65,71,37,59,2,81,67,90,119,130,35,123,111" hai2="48,107,100,62,79,69,121,112,122,99,51,98,113" hai3=""/><U47/><N who="1" m="31520" /><U44/><E119/><V86/><N who="2" m="31008" /><V129/><N who="2" m="31264" /><V124/><F124/><T103/><D32/><U120/><N who="1" m="30752" /><U38/><E35/><V117/><F117/><T72/><D64/><N who="1" m="24651" /><E2/><V46/><F62/><T36/><D42/><U66/><E90/><V33/><F69/><T87/><D36/><N who="1" m="13931" /><E81/><V0/><F33/><T1/><D1/><U41/><E111/><V43/><F0/><T134/><D108/><U125/><E125/><V56/><F99/><T40/><D118/><U94/><E94/><V74/><F86/><T126/><D105/><U93/><E93/><V127/><F127/><T102/><D126/><U34/><E34/><V115/><F79/><T49/><D78/><U101/><E101/><V39/><F74/><T77/><D77/><U73/><E73/><V82/><F82/><T68/><D72/><U58/><E130/><V45/><F129/><T83/><D83/><U55/><E55/><V97/><F97/><T106/><D87/><U54/><E54/><V131/><F131/><T133/><D84/><U89/><E89/><V60/><F98/><T3/><D3/><U110/><E110/><V80/><F80/><T53/><D53/><U63/><E41/><V76/><F43/><RYUUKYOKU ba="4,4" sc="581,-10,257,20,172,-10,0,0" hai1="44,47,58,59,63,66,71" /><INIT seed="5,5,4,2,5,1" ten="571,277,162,0" oya="1" hai0="91,109,75,68,133,111,54,95,124,100,93,60,125" hai1="97,86,112,63,53,41,33,51,118,82,45,49,115" hai2="47,50,80,57,62,117,74,58,56,36,70,69,104" hai3=""/><U83/><E118/><V121/><N who="2" m="31008" /><V90/><F104/><T37/><D37/><U42/><E33/><V43/><F117/><T0/><D0/><U120/><N who="1" m="30752" /><U131/><E131/><V59/><F74/><T96/><D68/><N who="2" m="26218" /><F90/><T85/><D60/><U122/><N who="1" m="31264" /><U89/><E63/><V55/><F80/><T52/><D75/><U48/><E97/><V79/><F79/><T84/><D133/><U73/><E41/><V64/><AGARI ba="5,4" hai="36,43,47,50,55,56,57,58,59,62,64" m="26218,31008" machi="64" ten="30,9000,2" yaku="35,5,52,1" doraHai="1" who="2" fromWho="2" sc="571,-35,277,-65,162,140,0,0" /><INIT seed="6,0,0,4,1,130" ten="536,212,302,0" oya="2" hai0="54,70,96,57,51,61,56,44,35,74,42,126,2" hai1="105,64,38,103,1,113,115,127,45,58,104,106,59" hai2="55,88,83,53,63,85,84,75,101,77,109,39,80" hai3=""/><V43/><F109/><T69/><D2/><U32/><E32/><V132/><F132/><T110/><D35/><U76/><E1/><V122/><N who="2" m="31264" /><V125/><F125/><T121/><N who="0" m="31008" /><T79/><D110/><U47/><E127/><V99/><F75/><T116/><D126/><U102/><E76/><V107/><REACH who="2" step="1"/><F63/><REACH who="2" ten="536,212,292,0" step="2"/><T91/><D74/><U124/><E124/><V36/><F36/><T65/><D116/><U128/><E128/><V62/><F62/><T73/><D73/><U82/><E38/><V60/><F60/><T134/><D134/><U41/><E64/><V94/><F94/><T66/><D66/><U129/><E129/><V120/><N who="2" m="30752" /><V46/><AGARI ba="0,1" hai="39,43,46,53,55,77,80,83,84,85,88,99,101,107" m="30752,31264" machi="46" ten="30,12000,2" yaku="1,1,4,1,0,1,52,2,54,1,53,1" doraHai="130" doraHaiUra="93" who="2" fromWho="2" sc="536,-60,212,-60,292,130,0,0" /><INIT seed="6,1,0,2,4,59" ten="476,152,422,0" oya="2" hai0="56,60,50,83,47,134,69,116,49,90,93,96,133" hai1="61,74,135,113,111,132,46,95,76,126,1,32,45" hai2="89,104,35,80,39,38,105,42,106,129,73,87,118" hai3=""/><V62/><F118/><T75/><D116/><U128/><E95/><V82/><F129/><T119/><D119/><U131/><E61/><V52/><F35/><T37/><D69/><U55/><E55/><V114/><F114/><T43/><D75/><U44/><E76/><V51/><F42/><T71/><D71/><U124/><E32/><V70/><F80/><T109/><D109/><U54/><E74/><V92/><F73/><T65/><REACH who="0" step="1"/><D83/><REACH who="0" ten="466,152,422,0" step="2"/><U40/><E111/><V110/><F110/><T107/><D107/><U85/><E1/><V68/><F68/><T108/><D108/><U0/><E0/><V120/><N who="2" m="30752" /><V33/><F33/><T2/><D2/><U34/><E34/><V130/><F130/><N who="1" m="49705" /><E113/><V94/><F82/><T125/><D125/><N who="1" m="48235" /><E40/><V101/><F70/><T117/><D117/><U36/><E36/><V81/><F81/><T64/><D64/><U57/><E57/><V78/><F78/><T66/><D66/><U100/><E54/><V72/><F72/><T79/><D79/><U86/><E100/><V121/><N who="2" m="31008" /><V88/><F101/><T103/><D103/><U115/><E115/><V102/><F102/><T58/><D58/><U3/><E3/><V91/><F39/><T53/><D53/><RYUUKYOKU ba="1,1" sc="466,10,152,10,422,-20,0,0" hai0="37,43,47,49,50,56,60,65,90,93,96,133,134" hai1="44,45,46,85,86,132,135" owari="486,44.0,162,-44.0,402,0.0,0,0.0" /></mjloggm>