<mjloggm ver="2.3"><GO type="169" lobby="0"/><UN n0="%E8%A1%9B%E8%97%A4%E7%BE%8E%E5%BD%A9" n1="%E3%83%89%E3%83%A9%E6%AC%A1%E9%83%8E" n2="%E3%82%AA%E3%83%AA%E5%A7%AB%E5%A5%B3%E5%AD%90" n3="%E9%88%B4%E4%BE%8D" dan="16,17,16,18" rate="2126.89,2156.47,2063.44,2270.15" sx="M,M,F,M"/><TAIKYOKU oya="0"/><INIT seed="0,0,0,2,0,69" ten="250,250,250,250" oya="0" hai0="46,114,128,122,14,20,73,43,81,84,104,4,59" hai1="127,30,68,7,82,83,26,95,44,6,22,58,65" hai2="72,57,113,35,18,133,23,16,3,45,11,130,108" hai3="90,86,119,121,41,49,47,117,101,120,52,75,48"/><T118/><D122/><N who="3" m="47209" /><G75/><T40/><D118/><N who="3" m="45065" /><G101/><T107/><D114/><U124/><E68/><V129/><F108/><W80/><G49/><T5/><D128/><N who="2" m="49258" /><F113/><W91/><G41/><T97/><D73/><U94/><E44/><V132/><F72/><W87/><G87/><T63/><D43/><U135/><E135/><N who="2" m="51787" /><F57/><W105/><G105/><T34/><D34/><U64/><E58/><V32/><F45/><W78/><AGARI ba="0,0" hai="47,48,52,78,80,86,90,91" m="45065,47209" machi="78" ten="30,2000,0" yaku="13,1,54,1" doraHai="69" who="3" fromWho="3" sc="250,-10,250,-5,250,-5,250,20" /><INIT seed="1,0,0,2,3,130" ten="240,245,245,270" oya="1" hai0="29,124,4,28,81,15,71,92,72,78,35,74,75" hai1="19,83,1,103,23,54,38,21,102,42,86,60,70" hai2="76,30,93,109,27,135,26,106,128,118,65,10,100" hai3="123,61,37,64,87,34,80,50,112,66,133,17,12"/><U24/><E1/><V134/><F109/><W115/><G123/><T107/><D124/><U129/><E129/><V62/><F128/><W6/><G37/><T53/><D107/><U11/><E11/><V0/><F118/><W99/><G34/><T121/><D121/><U45/><E23/><V2/><F76/><W5/><G99/><T91/><D71/><U131/><E131/><V14/><F106/><W122/><G122/><T116/><D116/><U56/><REACH who="1" step="1"/><E70/><REACH who="1" ten="240,235,245,270" step="2"/><V13/><F2/><W127/><G112/><T20/><D35/><U3/><E3/><V36/><F0/><W8/><G115/><T51/><D20/><U105/><E105/><V7/><F10/><W119/><G119/><T57/><D4/><U97/><E97/><N who="2" m="59439" /><F7/><W49/><G5/><T68/><D68/><U120/><E120/><V32/><F26/><W39/><G6/><T46/><D15/><U95/><E95/><V88/><F13/><W25/><G25/><T113/><D113/><U111/><E111/><V59/><F14/><W82/><G8/><T63/><D29/><U114/><E114/><V18/><F18/><W77/><G17/><T41/><D28/><U52/><E52/><V40/><F40/><W110/><G12/><T126/><D126/><U48/><E48/><V43/><F43/><W16/><G50/><T79/><D92/><U67/><E67/><V89/><F36/><W22/><G49/><T101/><D41/><U117/><E117/><V47/><F47/><W55/><G127/><T125/><D125/><U33/><E33/><V108/><F108/><W58/><G16/><RYUUKYOKU ba="0,1" sc="240,-15,235,15,245,15,270,-15" hai1="19,21,24,38,42,45,54,56,60,83,86,102,103" hai2="27,30,32,59,62,65,88,89,134,135" /><INIT seed="1,1,1,2,2,127" ten="225,250,260,255" oya="1" hai0="88,78,17,28,83,45,103,126,68,102,132,30,11" hai1="118,135,123,117,91,128,60,63,72,93,70,77,59" hai2="97,66,25,14,71,74,42,122,51,109,54,105,100" hai3="114,84,44,124,22,81,21,133,3,67,62,110,113"/><U65/><E123/><V85/><F109/><W24/><G3/><T29/><D126/><U75/><E135/><V89/><F74/><W27/><G124/><T0/><D132/><U12/><E128/><V33/><F122/><W2/><G2/><T119/><D119/><U5/><E118/><V129/><F129/><W34/><G34/><T49/><D68/><U98/><E117/><V15/><F42/><W131/><G110/><T121/><D88/><U50/><E77/><V52/><F66/><W46/><G133/><T61/><D61/><U95/><E50/><V1/><F71/><W87/><G81/><T10/><D0/><U39/><E39/><V86/><F1/><W134/><G134/><T20/><D102/><U111/><E111/><V43/><F43/><W125/><G125/><T58/><D58/><U37/><E37/><V48/><F25/><W36/><G36/><T107/><D103/><U130/><E130/><V76/><F33/><W6/><G131/><T99/><D99/><U8/><REACH who="1" step="1"/><E95/><REACH who="1" ten="225,240,260,255" step="2"/><V108/><F108/><W73/><G62/><T18/><D121/><U16/><E16/><N who="0" m="6249" /><D107/><U69/><E69/><V120/><F120/><W116/><G116/><T47/><D49/><U4/><E4/><V31/><F51/><W80/><G6/><T101/><D29/><U82/><E82/><V9/><F31/><W112/><G113/><T38/><D28/><U64/><AGARI ba="1,2" hai="5,8,12,59,60,63,64,65,70,72,75,91,93,98" machi="64" ten="20,3900,0" yaku="1,1,0,1,7,1,53,0" doraHai="127" doraHaiUra="13" who="1" fromWho="1" sc="225,-14,240,62,260,-14,255,-14" /><INIT seed="1,2,0,3,1,25" ten="211,302,246,241" oya="1" hai0="49,32,36,64,90,111,122,13,26,89,80,82,5" hai1="86,85,34,37,69,121,114,124,103,79,63,1,7" hai2="115,27,66,106,41,4,133,54,10,35,28,46,12" hai3="59,102,99,39,91,127,61,67,71,51,110,87,83"/><U65/><E121/><V16/><F133/><W57/><G110/><T84/><D36/><U0/><E114/><V58/><F115/><W116/><G39/><T73/><D111/><U113/><E113/><V18/><F66/><W74/><G127/><T8/><D122/><U42/><E124/><V3/><F106/><W135/><G135/><T88/><D64/><U9/><E1/><V78/><F78/><W15/><G116/><T128/><D128/><U24/><E79/><V132/><F132/><W29/><G74/><T53/><D73/><U92/><E37/><V130/><F130/><W33/><G51/><T2/><D2/><U68/><E42/><V6/><F6/><W100/><G15/><T117/><D117/><U131/><E131/><V107/><F107/><N who="3" m="63903" /><G102/><T56/><REACH who="0" step="1"/><D84/><REACH who="0" ten="201,302,246,241" step="2"/><U94/><E69/><V108/><F108/><W97/><G97/><T11/><D11/><U30/><REACH who="1" step="1"/><E94/><REACH who="1" ten="201,292,246,241" step="2"/><V50/><REACH who="2" step="1"/><F3/><REACH who="2" ten="201,292,236,241" step="2"/><W112/><G112/><T17/><D17/><U21/><E21/><V120/><F120/><W60/><G71/><T125/><D125/><U19/><E19/><V72/><F72/><W96/><G33/><T52/><D52/><U23/><E23/><V75/><F75/><W22/><G22/><T76/><D76/><U95/><E95/><V81/><F81/><W43/><G83/><T47/><D47/><U14/><E14/><V77/><F77/><W98/><G67/><T44/><D44/><U134/><E134/><V109/><F109/><W118/><G118/><T40/><D40/><U101/><E101/><V126/><F126/><W31/><G43/><RYUUKYOKU ba="2,3" sc="201,10,292,10,236,10,241,-30" hai0="5,8,13,26,32,49,53,56,80,82,88,89,90" hai1="0,7,9,24,30,34,63,65,68,85,86,92,103" hai2="4,10,12,16,18,27,28,35,41,46,50,54,58" /><INIT seed="1,3,3,1,2,31" ten="211,302,246,211" oya="1" hai0="100,53,115,48,94,14,75,132,122,66,50,65,112" hai1="2,52,84,49,113,32,135,72,106,67,118,116,17" hai2="43,124,29,19,51,96,125,25,26,70,21,131,54" hai3="7,90,111,27,105,28,87,24,133,5,35,76,63"/><U56/><E113/><V13/><F131/><W3/><G111/><T101/><D75/><U64/><E106/><V79/><F70/><W89/><G133/><T134/><D14/><U40/><E72/><V0/><F0/><W11/><G105/><T38/><D38/><U71/><E2/><V95/><F79/><W74/><G7/><T58/><D122/><U36/><E32/><V62/><F62/><W15/><G74/><T55/><D58/><U77/><E135/><V97/><F43/><W110/><G110/><T80/><D94/><U81/><E17/><V104/><F104/><W98/><G24/><N who="2" m="9321" /><F95/><W102/><G3/><T107/><REACH who="0" step="1"/><D107/><REACH who="0" ten="201,302,246,211" step="2"/><U37/><E37/><V12/><F13/><W92/><REACH who="3" step="1"/><G63/><REACH who="3" ten="201,302,246,201" step="2"/><T33/><D33/><U91/><E118/><V69/><F125/><W18/><G18/><T83/><AGARI ba="3,5" hai="48,50,53,55,65,66,80,83,100,101,112,115,132,134" machi="83" ten="25,6400,0" yaku="1,1,0,1,22,2,53,0" doraHai="31" doraHaiUra="120" who="0" fromWho="0" sc="201,123,302,-35,246,-19,201,-19" /><INIT seed="2,0,0,3,3,111" ten="324,267,227,182" oya="2" hai0="65,57,98,44,41,24,52,113,5,0,81,31,66" hai1="127,134,46,33,29,106,116,99,2,11,47,30,71" hai2="36,100,8,58,16,70,23,20,10,115,21,78,120" hai3="124,19,94,103,123,17,118,119,54,88,133,96,129"/><V90/><F120/><W6/><G123/><T76/><D98/><U105/><E116/><V67/><F70/><W60/><G124/><T86/><D5/><U79/><E127/><V85/><F36/><W126/><G126/><T82/><D82/><U74/><E134/><V51/><F115/><W112/><G133/><T68/><D0/><U25/><E30/><V132/><F132/><W97/><G129/><T39/><D68/><U95/><E47/><V22/><F78/><W128/><G128/><T122/><D122/><U4/><E95/><N who="2" m="54735" /><F100/><W37/><G37/><T87/><D87/><U83/><E99/><V135/><F135/><W9/><G112/><T32/><REACH who="0" step="1"/><D113/><REACH who="0" ten="314,267,227,182" step="2"/><U93/><E93/><V72/><F72/><W35/><G119/><T13/><D13/><U108/><E108/><V62/><F51/><AGARI ba="0,1" hai="24,31,32,39,41,44,51,52,57,65,66,76,81,86" machi="51" ten="30,3900,0" yaku="1,1,7,1,54,1,53,0" doraHai="111" doraHaiUra="107" who="0" fromWho="2" sc="314,49,267,0,227,-39,182,0" /><INIT seed="3,0,0,0,2,109" ten="363,267,188,182" oya="3" hai0="53,17,36,31,122,37,73,105,9,24,126,38,114" hai1="26,19,130,42,118,117,67,86,115,91,93,83,43" hai2="20,107,11,120,28,94,25,135,133,84,40,116,39" hai3="92,68,80,102,51,52,23,87,21,104,113,125,32"/><W74/><G68/><T59/><D122/><U100/><E130/><V98/><F116/><N who="1" m="44649" /><E115/><V56/><F120/><W7/><G32/><T103/><D73/><U131/><E131/><V97/><F107/><W57/><G125/><T6/><D9/><U96/><E67/><V3/><F56/><W82/><G104/><T129/><D129/><U123/><E123/><V22/><F22/><AGARI ba="0,0" hai="19,22,26,42,43,83,86,91,93,96,100" m="44649" machi="22" ten="30,1000,0" yaku="12,1" doraHai="109" who="1" fromWho="2" sc="363,0,267,10,188,-10,182,0" /><INIT seed="4,0,0,5,5,84" ten="363,277,178,182" oya="0" hai0="1,106,87,52,7,55,64,77,50,105,6,76,33" hai1="2,16,119,40,68,18,118,112,53,0,58,128,104" hai2="121,120,31,123,101,126,103,130,19,82,61,24,37" hai3="111,8,94,46,3,34,56,30,51,92,47,70,67"/><T54/><D33/><U114/><E68/><V100/><F130/><W5/><G111/><T15/><D1/><N who="1" m="619" /><E104/><N who="0" m="40041" /><D50/><U117/><E40/><V45/><F126/><W107/><G107/><T93/><D87/><U99/><E99/><V116/><F116/><W73/><G70/><T135/><D15/><U98/><E98/><V108/><F108/><W26/><G73/><T42/><D42/><U109/><E109/><V96/><F19/><N who="1" m="7209" /><E53/><V86/><F61/><W49/><G67/><T134/><D93/><U122/><E58/><V71/><F71/><W13/><G56/><T75/><D75/><U124/><E122/><V91/><F37/><W25/><G3/><T80/><D80/><U29/><E128/><V85/><F45/><W133/><G49/><T28/><D28/><U44/><E44/><V32/><REACH who="2" step="1"/><F85/><REACH who="2" ten="363,277,168,182" step="2"/><W113/><G47/><T74/><D64/><U69/><E69/><V125/><F125/><W60/><G60/><T17/><D17/><U20/><E124/><V27/><F27/><AGARI ba="0,1" hai="20,27,29,112,114,117,118,119" m="7209,619" machi="27" ten="40,5200,0" yaku="34,2,54,1" doraHai="84" who="1" fromWho="2" sc="363,0,277,62,168,-52,182,0" /><INIT seed="5,0,0,2,2,7" ten="363,339,116,182" oya="1" hai0="48,54,76,15,50,94,10,81,22,0,56,21,100" hai1="92,30,106,51,95,112,99,83,61,107,131,98,135" hai2="34,111,19,40,1,28,79,24,44,70,104,49,62" hai3="115,6,86,82,93,55,5,119,8,39,25,117,105"/><U110/><E30/><V16/><F111/><W68/><G105/><T121/><D0/><U90/><E110/><V132/><F132/><W13/><G115/><T60/><D121/><U37/><E37/><V29/><F1/><W134/><G134/><T69/><D100/><U72/><E135/><V85/><F104/><W101/><G68/><T47/><D69/><U23/><E23/><V116/><F116/><N who="3" m="44619" /><G39/><T35/><D94/><U88/><E112/><V18/><F29/><W41/><G41/><T103/><D103/><U127/><E61/><V109/><F109/><W91/><G25/><T65/><D48/><U3/><E3/><V26/><F26/><W125/><G55/><T36/><D36/><U89/><E51/><V97/><F97/><N who="3" m="59567" /><G125/><T59/><D59/><U80/><E127/><V66/><REACH who="2" step="1"/><F19/><AGARI ba="0,0" hai="5,6,8,13,19,82,86,91" m="59567,44619" machi="19" ten="30,2000,0" yaku="12,1,52,1" doraHai="7" who="3" fromWho="2" sc="363,0,339,0,116,-20,182,20" /><INIT seed="6,0,0,1,4,24" ten="363,339,96,202" oya="2" hai0="59,18,110,52,120,35,74,105,114,106,79,36,3" hai1="9,68,129,43,76,39,96,132,119,88,84,118,135" hai2="54,31,21,87,65,72,103,57,130,66,91,14,97" hai3="41,53,128,99,111,45,55,95,89,116,82,67,10"/><V46/><F130/><W30/><G111/><T85/><D3/><U121/><E68/><V8/><F72/><W42/><G116/><N who="1" m="44586" /><E43/><V108/><F46/><W27/><G128/><T56/><D74/><U112/><E39/><V40/><F40/><W28/><G67/><T117/><D117/><U124/><E129/><V104/><F108/><W49/><G10/><T75/><D75/><U115/><E9/><V51/><F21/><N who="3" m="15471" /><G30/><T33/><D36/><U70/><E70/><V61/><F31/><W83/><G41/><T13/><D35/><U23/><E23/><V86/><F91/><W80/><AGARI ba="0,0" hai="42,45,49,53,55,80,82,83,89,95,99" m="15471" machi="80" ten="30,2000,0" yaku="8,1,52,1" doraHai="24" who="3" fromWho="3" sc="363,-5,339,-5,96,-10,202,20" /><INIT seed="7,0,0,5,3,124" ten="358,334,86,222" oya="3" hai0="56,46,107,78,127,7,10,48,13,97,61,33,30" hai1="20,35,15,60,79,82,104,110,73,42,90,32,62" hai2="67,21,93,45,66,51,0,108,5,117,96,25,84" hai3="59,125,47,52,28,27,92,95,4,85,115,83,40"/><W16/><G115/><T118/><D118/><U26/><E110/><V9/><F108/><W44/><G125/><T69/><D127/><U18/><E104/><V65/><F117/><W116/><G116/><T76/><D69/><U126/><E126/><V54/><F84/><W71/><G71/><T132/><D132/><U103/><E103/><V122/><F122/><W91/><G4/><T1/><D1/><U41/><E35/><V112/><F112/><W94/><G40/><N who="0" m="24647" /><D33/><U120/><E120/><V74/><F74/><W11/><G28/><T99/><D107/><U39/><E39/><V81/><F81/><W49/><REACH who="3" step="1"/><G11/><REACH who="3" ten="358,334,86,212" step="2"/><T53/><D30/><U3/><E42/><V100/><F9/><W57/><G57/><T113/><D113/><U12/><E41/><V119/><F119/><W75/><G75/><T43/><D43/><U23/><E73/><V29/><F0/><W133/><G133/><T58/><D56/><U36/><E3/><V135/><F5/><W134/><G134/><T123/><D123/><U101/><E36/><V17/><REACH who="2" step="1"/><F135/><REACH who="2" ten="358,334,76,212" step="2"/><W89/><G89/><T55/><D7/><U2/><E90/><V38/><F38/><W105/><G105/><T121/><D121/><U131/><E2/><V88/><F88/><W87/><G87/><T31/><D10/><U72/><E72/><V68/><F68/><W114/><G114/><T102/><D78/><U24/><E79/><V14/><F14/><W77/><G77/><T129/><D13/><U63/><E15/><V111/><F111/><W128/><G128/><T64/><D129/><U70/><E131/><RYUUKYOKU ba="0,2" sc="358,-15,334,-15,76,15,212,15" hai2="17,21,25,29,45,51,54,65,66,67,93,96,100" hai3="16,27,44,47,49,52,59,83,85,91,92,94,95" /><INIT seed="7,1,2,4,1,111" ten="343,319,91,227" oya="3" hai0="37,96,0,119,100,92,7,59,64,28,38,73,125" hai1="57,62,17,25,121,3,11,48,10,44,98,9,13" hai2="46,66,82,42,101,15,40,32,97,108,72,74,29" hai3="63,116,129,4,89,2,58,130,118,31,52,120,55"/><W94/><G120/><T6/><D119/><N who="3" m="45609" /><G31/><T95/><D73/><U69/><E121/><V122/><F122/><W41/><G4/><N who="0" m="1579" /><D37/><U35/><E3/><V47/><F108/><W102/><G2/><T30/><D38/><U36/><E69/><V131/><F131/><N who="3" m="50187" /><G41/><T109/><D109/><U134/><E134/><V14/><F66/><N who="3" m="39287" /><G102/><N who="0" m="60679" /><D125/><U87/><E36/><V104/><F29/><N who="0" m="11370" /><D0/><U20/><E35/><V83/><F101/><W80/><G80/><T123/><D123/><U106/><E106/><V8/><F104/><W45/><G45/><T126/><D126/><U107/><E107/><V115/><F97/><AGARI ba="1,2" hai="52,55,89,94,97" m="39287,50187,45609" machi="97" ten="30,2900,0" yaku="19,1,54,1" doraHai="111" who="3" fromWho="2" sc="343,0,319,0,91,-32,227,52" /><INIT seed="7,2,0,2,4,50" ten="343,319,59,279" oya="3" hai0="64,57,73,46,0,42,101,21,52,31,65,45,63" hai1="22,72,35,99,128,86,49,25,59,76,32,110,66" hai2="70,38,29,71,33,77,56,67,75,85,1,19,3" hai3="83,54,112,48,9,97,108,95,125,68,78,129,93"/><W118/><G118/><T82/><D0/><U135/><E110/><V6/><F85/><W123/><G123/><T92/><D82/><U134/><E72/><V14/><F56/><W58/><G108/><T62/><D73/><U8/><E128/><V17/><F75/><W117/><G117/><T91/><D101/><U120/><E120/><V90/><F77/><W114/><G129/><T37/><D46/><U15/><E99/><V94/><F67/><W100/><G125/><T103/><D103/><U96/><E96/><V43/><F43/><W115/><G68/><T30/><D21/><U121/><E121/><V107/><F107/><W119/><G9/><T84/><D64/><U41/><E66/><V20/><F38/><W47/><G119/><T69/><AGARI ba="2,0" hai="30,31,37,42,45,52,57,62,63,65,69,84,91,92" machi="69" ten="20,5200,0" yaku="0,1,7,1,52,1,54,1" doraHai="50" who="0" fromWho="0" sc="343,58,319,-15,59,-15,279,-28" owari="401,51.0,304,10.0,44,-46.0,251,-15.0" /></mjloggm>