<mjloggm ver="2.3"><GO type="185" lobby="0"/><UN n0="%E3%81%9F%E3%82%93%E3%82%86%E3%81%86" n1="%E9%AC%BC" n2="%79%61%6D%61%64%61%35%35" n3="" dan="16,17,16,0" rate="2224.36,2265.36,2171.17,1500.00" sx="F,F,M,C"/><TAIKYOKU oya="0"/><INIT seed="0,0,0,2,0,46" ten="350,350,350,0" oya="0" hai0="91,92,48,108,2,63,59,122,128,121,79,70,103" hai1="82,41,58,53,78,131,87,85,95,134,114,45,88" hai2="105,35,60,112,93,34,101,3,54,133,56,42,96" hai3=""/><T113/><N who="0" m="31008" /><T50/><N who="0" m="31264" /><T126/><D2/><U104/><E134/><V1/><F112/><T107/><D113/><U106/><E131/><V71/><F133/><T102/><D70/><U64/><E64/><V89/><F42/><T66/><D107/><U0/><E0/><V90/><F71/><T119/><D119/><U67/><E67/><V98/><REACH who="2" step="1"/><F90/><REACH who="2" ten="350,350,340,0" step="2"/><T77/><D128/><U51/><REACH who="1" step="1"/><E114/><REACH who="1" ten="350,340,340,0" step="2"/><V86/><F86/><T55/><D126/><U73/><E73/><V39/><F39/><AGARI ba="0,2" hai="39,41,45,51,53,58,78,82,85,87,88,95,104,106" machi="39" ten="30,8000,1" yaku="1,1,7,1,52,1,54,1,53,1" doraHai="46" doraHaiUra="44" who="1" fromWho="2" sc="350,0,340,100,340,-80,0,0" /><INIT seed="1,0,0,0,0,85" ten="350,440,260,0" oya="1" hai0="81,132,135,121,129,36,100,112,58,116,72,87,109" hai1="42,70,59,96,82,88,62,97,71,0,117,61,127" hai2="113,52,47,119,43,73,53,39,90,2,50,33,122" hai3=""/><U75/><E117/><V130/><N who="2" m="31264" /><V134/><F2/><T55/><N who="0" m="31008" /><T102/><D112/><U56/><E42/><V94/><F33/><T105/><D72/><U78/><E127/><V83/><F119/><T54/><D116/><U3/><E78/><V79/><F130/><T114/><D114/><U51/><E51/><V84/><F134/><N who="0" m="51242" /><D129/><U57/><E82/><V92/><F113/><T46/><D109/><U115/><E115/><V41/><REACH who="2" step="1"/><F94/><REACH who="2" ten="350,440,250,0" step="2"/><T74/><D105/><U67/><E3/><V120/><N who="2" m="30752" /><V40/><F40/><T128/><D128/><U68/><E0/><V111/><F111/><T69/><D74/><U44/><E75/><V93/><F93/><T76/><D69/><U91/><E70/><V124/><F124/><T106/><D106/><U89/><E71/><V34/><F34/><T32/><D32/><U86/><E62/><V66/><F66/><T133/><D133/><U98/><E86/><V95/><F95/><T38/><D87/><U126/><E126/><V123/><N who="2" m="31520" /><V110/><F110/><T125/><D125/><U101/><E101/><V60/><F60/><T1/><D100/><U108/><E108/><V131/><F131/><T118/><D102/><U65/><E65/><RYUUKYOKU ba="0,1" sc="350,-20,440,10,250,10,0,0" hai1="44,56,57,59,61,67,68,88,89,91,96,97,98" hai2="39,41,43,47,50,52,53,73,79,83,84,90,92" /><INIT seed="1,1,1,4,0,134" ten="330,450,260,0" oya="1" hai0="73,79,97,41,48,99,83,95,3,130,101,110,34" hai1="60,2,93,52,98,131,56,65,104,36,76,115,84" hai2="124,116,39,128,133,102,32,1,126,100,81,77,122" hai3=""/><U75/><E131/><V127/><N who="2" m="31264" /><V112/><F128/><T94/><D130/><U67/><E115/><V62/><F112/><T89/><D3/><U47/><E2/><V92/><F1/><T117/><D34/><U37/><E75/><V85/><F32/><T66/><D66/><U74/><E74/><V82/><F133/><T121/><N who="0" m="31008" /><T0/><D0/><U87/><E104/><V55/><F39/><T90/><D41/><U86/><E76/><V106/><F116/><T132/><D48/><U49/><REACH who="1" step="1"/><E67/><REACH who="1" ten="330,440,260,0" step="2"/><V43/><F106/><T61/><D132/><U63/><E63/><V64/><F55/><T71/><D117/><U50/><E50/><V88/><F43/><T54/><D54/><U96/><E96/><V114/><F114/><T78/><D78/><U108/><E108/><V135/><F135/><T58/><D110/><U125/><E125/><V68/><F82/><T70/><D101/><AGARI ba="1,2" hai="36,37,47,49,52,56,60,65,84,86,87,93,98,101" machi="101" ten="40,3900,0" yaku="1,1,54,1,53,0" doraHai="134" doraHaiUra="33" who="1" fromWho="0" sc="330,-41,440,61,260,0,0,0" /><INIT seed="1,2,0,3,5,50" ten="289,501,260,0" oya="1" hai0="102,87,84,120,123,112,47,36,32,63,67,60,96" hai1="65,119,42,59,124,89,118,38,121,61,51,126,41" hai2="56,78,108,79,53,85,37,132,33,45,64,90,94" hai3=""/><U57/><N who="1" m="31008" /><U109/><E109/><V76/><F33/><T100/><N who="0" m="30752" /><T81/><N who="0" m="31520" /><T44/><D32/><U75/><E75/><V2/><F2/><T131/><D112/><U62/><E51/><V127/><F108/><T122/><N who="0" m="31264" /><T128/><D36/><U55/><E89/><V116/><F116/><N who="1" m="44585" /><E38/><V71/><F132/><T80/><D96/><U92/><E92/><V70/><F127/><AGARI ba="2,0" hai="41,42,55,57,59,61,62,65,124,126,127" m="44585,31008" machi="127" ten="30,12000,1" yaku="18,1,34,2,52,2" doraHai="50" who="1" fromWho="2" sc="289,0,501,124,260,-124,0,0" /><INIT seed="1,3,0,3,0,88" ten="289,625,136,0" oya="1" hai0="85,92,82,107,113,32,127,120,117,80,47,89,94" hai1="96,126,87,100,119,58,63,109,46,3,56,55,41" hai2="54,95,79,81,33,39,0,71,124,61,123,105,77" hai3=""/><U34/><E119/><V83/><N who="2" m="31520" /><V45/><F33/><T43/><N who="0" m="30752" /><T101/><D32/><U84/><E126/><V98/><F0/><T42/><D127/><U38/><E34/><V99/><F124/><T57/><D117/><U48/><E109/><V86/><F71/><T72/><D113/><U49/><E38/><V112/><F112/><T118/><D118/><U111/><E111/><V122/><N who="2" m="31264" /><V66/><F105/><T35/><D35/><U50/><E50/><V125/><F125/><T115/><D115/><U68/><E68/><V135/><F135/><T37/><D43/><U1/><E1/><V91/><F39/><T64/><D107/><U60/><E49/><V2/><F45/><T132/><D132/><U104/><E3/><V130/><F130/><T97/><REACH who="0" step="1"/><D72/><REACH who="0" ten="279,625,136,0" step="2"/><U102/><E41/><V40/><F40/><T90/><D90/><U44/><E104/><V134/><F2/><T67/><D67/><U106/><E106/><V114/><F134/><T131/><D131/><U110/><E110/><V128/><F128/><T103/><D103/><U69/><E102/><V65/><F114/><T74/><D74/><U108/><E100/><V121/><N who="2" m="31008" /><V129/><F129/><T52/><D52/><RYUUKYOKU ba="3,1" sc="279,20,625,-10,136,-10,0,0" hai0="37,42,47,57,64,80,82,85,89,92,94,97,101" /><INIT seed="2,4,1,3,1,75" ten="299,615,126,0" oya="2" hai0="68,52,38,2,112,73,122,91,107,37,83,110,111" hai1="71,94,76,59,67,84,53,104,105,56,108,129,54" hai2="115,133,46,116,34,0,47,88,103,69,132,50,120" hai3=""/><V114/><N who="2" m="30752" /><V80/><F0/><T1/><N who="0" m="31264" /><T96/><D68/><U44/><E44/><V130/><F34/><T79/><D112/><U70/><E94/><V102/><F116/><T92/><D2/><U98/><E98/><V109/><F69/><T100/><D1/><U86/><E67/><V61/><F109/><N who="0" m="41482" /><D52/><U90/><E90/><V126/><F126/><T101/><D101/><U42/><E42/><V131/><F61/><T119/><D119/><U97/><E97/><AGARI ba="4,1" hai="37,38,73,79,83,91,92,96,97,100,107" m="41482,31264" machi="97" ten="30,3900,0" yaku="14,1,52,2" doraHai="75" who="0" fromWho="1" sc="299,57,615,-47,126,0,0,0" /><INIT seed="4,0,0,1,0,135" ten="356,568,126,0" oya="0" hai0="47,51,95,45,58,85,84,52,113,65,89,3,62" hai1="88,123,43,86,49,53,37,71,77,116,39,132,40" hai2="102,118,122,127,34,41,76,91,121,83,50,104,35" hai3=""/><T92/><D3/><U103/><N who="1" m="31520" /><U105/><E71/><V107/><N who="2" m="31008" /><V75/><N who="2" m="31264" /><V115/><F115/><T131/><D113/><U96/><E77/><V108/><F108/><T70/><D131/><U36/><E116/><V68/><F68/><T99/><REACH who="0" step="1"/><D85/><REACH who="0" ten="346,568,126,0" step="2"/><U79/><E132/><V133/><F133/><T90/><AGARI ba="0,1" hai="45,47,51,52,58,62,65,70,84,89,90,92,95,99" machi="90" ten="20,12000,2" yaku="1,1,2,1,0,1,7,1,54,1,53,1" doraHai="135" doraHaiUra="56" who="0" fromWho="0" sc="346,130,568,-60,126,-60,0,0" /><INIT seed="4,1,0,1,3,102" ten="476,508,66,0" oya="0" hai0="118,97,86,43,115,112,44,132,42,129,93,109,111" hai1="96,46,3,59,64,106,0,99,70,119,110,128,48" hai2="79,63,69,80,33,134,84,85,50,98,45,36,126" hai3=""/><T52/><D118/><U105/><E110/><N who="0" m="41993" /><D86/><U60/><E119/><V49/><F33/><T122/><N who="0" m="31264" /><T73/><D73/><U72/><E72/><V114/><F114/><N who="0" m="43562" /><D129/><U90/><E128/><V89/><F134/><T35/><D35/><U32/><E32/><V135/><F135/><T92/><D132/><U38/><E3/><V57/><F126/><T51/><D93/><U94/><E96/><V54/><F69/><T117/><D117/><U91/><E0/><V77/><F98/><T39/><D39/><U120/><N who="1" m="30752" /><U121/><N who="1" m="31008" /><U116/><E116/><V88/><F36/><T87/><D87/><U40/><E91/><AGARI ba="1,0" hai="42,43,44,51,52,91,92,97" m="43562,31264,41993" machi="91" ten="30,11600,0" yaku="10,1,15,1,52,1,54,1" doraHai="102" who="0" fromWho="1" sc="476,118,508,-118,66,0,0,0" /><INIT seed="4,2,0,3,5,124" ten="594,390,66,0" oya="0" hai0="61,77,56,72,135,119,106,85,100,53,99,74,34" hai1="80,69,115,86,123,82,55,130,39,67,54,129,57" hai2="127,3,45,101,133,47,103,43,37,1,44,81,92" hai3=""/><T98/><D34/><U122/><N who="1" m="31264" /><U90/><N who="1" m="31520" /><U121/><N who="1" m="31008" /><U59/><E39/><V64/><F127/><T75/><D119/><U62/><E115/><V66/><F133/><T84/><D135/><U113/><E113/><V93/><F43/><T111/><D111/><U40/><E40/><V109/><F37/><T32/><D32/><U42/><E42/><V38/><F38/><T51/><D77/><U117/><E117/><V78/><F109/><T63/><D99/><U91/><E67/><N who="2" m="25643" /><F81/><T79/><D79/><U73/><E73/><V76/><F76/><T49/><D49/><U48/><E69/><V35/><F78/><T71/><D71/><U108/><E108/><V0/><F35/><T2/><D2/><N who="2" m="514" /><V97/><DORA hai="46" /><F97/><T83/><D83/><U95/><E95/><AGARI ba="2,0" hai="44,45,47,92,93,95,101,103" m="514,25643" machi="95" ten="50,3200,0" yaku="28,2" doraHai="124,46" who="2" fromWho="1" sc="594,0,390,-36,66,36,0,0" /><INIT seed="5,0,0,0,3,54" ten="594,354,102,0" oya="1" hai0="131,64,55,120,38,90,79,3,103,48,89,128,73" hai1="95,70,105,100,108,56,32,107,51,75,133,36,69" hai2="93,67,37,130,50,2,44,127,0,53,117,135,116" hai3=""/><U125/><E32/><V132/><F130/><N who="0" m="49706" /><D38/><U109/><E75/><V33/><F33/><T80/><N who="0" m="30752" /><T45/><D3/><U81/><E81/><V99/><F127/><T47/><D103/><U94/><E125/><V57/><F0/><T72/><D72/><U49/><E36/><V58/><F2/><T110/><D110/><U111/><E100/><V88/><F37/><T121/><N who="0" m="31008" /><T59/><D47/><U60/><E133/><N who="2" m="51275" /><F67/><T102/><D102/><U119/><E119/><AGARI ba="0,0" hai="44,50,53,57,58,88,93,99,116,117,119" m="51275" machi="119" ten="30,7700,0" yaku="20,1,52,2,54,1" doraHai="54" who="2" fromWho="1" sc="594,0,354,-77,102,77,0,0" /><INIT seed="6,0,0,1,0,93" ten="594,277,179,0" oya="2" hai0="121,105,97,69,48,98,87,113,50,83,132,3,80" hai1="85,78,60,114,89,0,88,120,111,79,56,59,126" hai2="101,44,117,33,106,36,49,130,124,112,45,32,108" hai3=""/><V71/><RYUUKYOKU type="yao9" ba="0,0" sc="594,0,277,0,179,0,0,0" hai2="32,33,36,44,45,49,71,101,106,108,112,117,124,130" /><INIT seed="6,1,0,2,5,61" ten="594,277,179,0" oya="2" hai0="97,41,135,82,44,45,59,129,116,52,100,92,85" hai1="50,47,40,74,36,86,71,53,60,108,112,49,99" hai2="58,81,83,84,48,95,38,33,87,76,119,121,43" hai3=""/><V64/><N who="2" m="31008" /><V96/><F119/><T78/><D116/><U109/><E74/><V55/><F33/><T107/><D129/><U67/><E86/><V102/><F38/><T2/><D2/><U127/><E112/><V1/><F1/><T89/><D135/><U75/><E75/><V42/><REACH who="2" step="1"/><F64/><REACH who="2" ten="594,277,169,0" step="2"/><T63/><D41/><U90/><E127/><V103/><F103/><T65/><D65/><U56/><E50/><V37/><F37/><T128/><D128/><U131/><E131/><V93/><F93/><AGARI ba="1,1" hai="36,40,47,49,53,56,60,67,71,90,93,99,108,109" machi="93" ten="40,5200,0" yaku="24,2,52,1" doraHai="61" who="1" fromWho="2" sc="594,0,277,64,169,-54,0,0" owari="594,54.0,341,-6.0,115,-48.0,0,0.0" /></mjloggm>