<mjloggm ver="2.3"><GO type="225" lobby="0"/><UN n0="%E9%BB%92%E7%8C%AB%73%69%6E" n1="%E8%A3%81%E3%81%8D%E3%81%AE%E9%BE%8D" n2="%E7%84%A1%E3%81%84%EF%BC%81%EF%BC%81" n3="%E3%83%81%E3%83%BC%E3%83%88%E3%82%A4%E7%9F%AD%E6%9C%9F%E5%A4%A7%E5%AD%A6" dan="17,16,16,16" rate="2206.30,2044.01,2085.31,2121.83" sx="M,F,M,M"/><TAIKYOKU oya="0"/><INIT seed="0,0,0,3,3,46" ten="250,250,250,250" oya="0" hai0="90,42,67,20,56,28,7,96,130,38,129,5,11" hai1="44,107,64,2,55,115,34,133,122,37,68,132,121" hai2="117,124,71,60,6,103,78,105,94,95,58,125,52" hai3="54,63,16,79,26,76,18,43,17,111,113,39,99"/><T10/><D38/><U51/><E107/><V14/><F117/><W57/><G113/><T126/><D42/><N who="1" m="22607" /><E34/><V77/><F71/><W29/><G111/><T13/><D126/><N who="2" m="48746" /><F105/><W0/><G0/><T50/><D96/><U59/><E2/><V48/><F60/><W85/><G43/><T83/><D83/><U1/><E1/><V70/><F70/><W100/><G39/><T69/><D69/><U134/><E115/><V86/><F103/><W49/><G63/><AGARI ba="0,0" hai="51,55,59,63,64,68,121,122,132,133,134" m="22607" machi="63" ten="30,8000,1" yaku="24,1,20,1,34,2,52,1" doraHai="46" who="1" fromWho="3" sc="250,0,250,80,250,0,250,-80" /><INIT seed="1,0,0,2,1,104" ten="250,330,250,170" oya="1" hai0="61,75,80,69,34,124,9,51,67,98,15,60,81" hai1="114,41,71,36,122,14,113,106,130,79,100,5,77" hai2="70,10,127,115,133,78,45,27,129,90,111,87,110" hai3="37,39,105,119,132,49,76,117,2,28,84,1,135"/><U57/><E122/><V89/><F70/><W107/><G49/><T131/><D131/><U120/><E120/><V22/><F129/><W56/><G56/><T63/><D34/><U103/><E71/><V88/><F127/><W101/><G28/><T44/><D124/><U6/><E130/><V58/><F133/><N who="3" m="51275" /><G101/><T118/><D118/><N who="3" m="45065" /><G84/><T31/><D31/><U25/><E57/><V68/><F68/><W11/><G76/><T18/><D67/><U109/><E103/><V8/><F78/><W29/><G29/><T116/><D69/><U52/><E79/><V35/><F87/><W123/><G123/><T121/><D121/><U21/><E77/><V12/><F35/><W62/><G62/><T92/><D116/><U42/><E100/><V43/><F58/><W102/><G11/><T53/><REACH who="0" step="1"/><D75/><REACH who="0" ten="240,330,250,170" step="2"/><U128/><E128/><V83/><F111/><W125/><G125/><T97/><D97/><U99/><E99/><V7/><F110/><W23/><G23/><T108/><D108/><U73/><E109/><V20/><F22/><W94/><G94/><T24/><D24/><U64/><E25/><V26/><F27/><W3/><G102/><AGARI ba="0,1" hai="9,15,18,44,51,53,60,61,63,80,81,92,98,102" machi="102" ten="40,2600,0" yaku="1,1,8,1,53,0" doraHai="104" doraHaiUra="54" who="0" fromWho="3" sc="240,36,330,0,250,0,170,-26" /><INIT seed="2,0,0,1,5,65" ten="276,330,250,144" oya="2" hai0="37,131,55,72,80,45,56,14,107,54,135,73,111" hai1="6,115,5,78,125,50,8,21,43,4,11,120,94" hai2="57,18,114,69,76,0,20,28,84,79,9,15,52" hai3="46,30,98,88,124,132,39,128,10,48,74,93,61"/><V90/><F114/><W97/><G74/><T134/><D111/><U44/><E115/><V7/><F69/><W16/><G39/><T81/><D107/><U106/><E106/><V113/><F28/><W71/><G30/><T26/><D131/><U117/><E117/><V122/><F122/><W60/><G128/><T86/><D26/><U89/><E120/><V109/><F109/><W67/><G132/><N who="0" m="50731" /><D14/><U25/><E78/><V110/><F110/><W123/><G123/><T85/><D54/><U108/><E125/><V102/><F102/><W100/><G124/><T29/><D29/><N who="1" m="17583" /><E108/><V99/><F99/><AGARI ba="0,0" hai="4,5,6,8,11,43,44,50,89,94,99" m="17583" machi="99" ten="30,1000,0" yaku="8,1" doraHai="65" who="1" fromWho="2" sc="276,0,330,10,250,-10,144,0" /><INIT seed="3,0,0,3,5,18" ten="276,340,240,144" oya="3" hai0="2,4,67,91,85,12,0,111,129,124,58,122,113" hai1="32,88,5,11,109,33,26,119,3,38,68,123,98" hai2="102,54,42,84,76,89,13,41,55,107,72,39,43" hai3="75,6,29,52,86,35,20,82,108,7,101,134,105"/><W126/><G75/><T25/><D122/><U24/><E123/><V40/><F40/><W36/><G35/><T118/><D118/><U22/><E68/><V17/><F39/><W121/><G121/><T37/><D37/><U64/><E64/><V90/><F72/><W115/><G115/><T50/><D113/><U130/><E38/><V59/><F107/><W45/><G126/><T23/><D124/><U70/><E70/><V94/><F102/><W51/><G36/><T61/><D111/><U14/><E109/><V16/><F17/><W103/><G108/><T133/><D129/><U66/><E66/><V99/><F76/><W1/><G134/><T79/><D79/><U53/><E130/><V15/><F15/><W28/><G1/><T83/><D133/><U78/><E78/><V62/><F55/><W135/><G135/><T81/><D81/><U47/><E119/><V128/><F128/><W96/><G103/><T44/><D12/><U116/><E116/><V34/><F34/><W57/><G45/><T30/><REACH who="0" step="1"/><D4/><REACH who="0" ten="266,340,240,144" step="2"/><U77/><E77/><V127/><F127/><W93/><G105/><T132/><D132/><U31/><E14/><V131/><F131/><W104/><G104/><T92/><D92/><U9/><E5/><N who="3" m="1546" /><G20/><T114/><D114/><U69/><E22/><N who="2" m="11535" /><F43/><AGARI ba="0,1" hai="0,2,23,25,30,43,44,50,58,61,67,83,85,91" machi="43" ten="30,3900,0" yaku="1,1,7,1,52,1,53,0" doraHai="18" doraHaiUra="95" who="0" fromWho="2" sc="266,49,340,0,240,-39,144,0" owari="315,12.0,340,44.0,201,-20.0,144,-36.0" /></mjloggm>