<mjloggm ver="2.3"><GO type="169" lobby="0"/><UN n0="%E8%8B%B1%E5%9B%BD%E5%A3%B2%E5%8D%B4" n1="%4A%65%74%2E%42" n2="%64%61%7A%61%69" n3="%E6%82%A0%E3%80%85%2E" dan="18,18,16,17" rate="2238.11,2204.47,2088.24,2189.48" sx="M,M,M,M"/><TAIKYOKU oya="0"/><INIT seed="0,0,0,5,3,97" ten="250,250,250,250" oya="0" hai0="39,56,93,24,94,89,116,5,109,129,114,131,54" hai1="28,45,83,132,33,104,41,53,25,103,84,91,3" hai2="128,38,16,101,106,55,134,88,48,58,51,17,121" hai3="2,122,32,57,27,111,67,126,20,81,130,0,82"/><T4/><D114/><U10/><E132/><V63/><F121/><W15/><G111/><T73/><D116/><U90/><E53/><V36/><F134/><W123/><G130/><N who="0" m="49675" /><D39/><U21/><E91/><V110/><F110/><W34/><G126/><T12/><D109/><U124/><E124/><V29/><F29/><N who="3" m="17639" /><G2/><T50/><D73/><U115/><E115/><V8/><F128/><W68/><G0/><T9/><D24/><U95/><E104/><V118/><F118/><W96/><G68/><T66/><D66/><U71/><E71/><V46/><F51/><W117/><G32/><T22/><D22/><U18/><E10/><V98/><F17/><W47/><G34/><T92/><D5/><U37/><E3/><V42/><REACH who="2" step="1"/><F88/><AGARI ba="0,0" hai="4,9,12,50,54,56,88,89,92,93,94" m="49675" machi="88" ten="30,2900,0" yaku="19,1,54,1" doraHai="97" who="0" fromWho="2" sc="250,29,250,0,250,-29,250,0" /><INIT seed="0,1,0,1,3,24" ten="279,250,221,250" oya="0" hai0="77,115,86,46,120,100,84,54,133,21,48,127,4" hai1="132,109,92,49,14,102,114,60,56,23,5,66,70" hai2="1,89,44,57,73,105,12,43,29,130,61,50,76" hai3="124,88,101,125,106,51,27,20,96,45,33,64,113"/><T80/><D120/><U7/><E109/><V91/><F105/><W3/><G113/><T90/><D115/><U97/><E114/><V58/><F1/><W17/><G3/><T25/><D127/><U41/><E132/><V134/><F134/><W55/><G64/><T107/><D133/><U85/><E85/><V112/><F112/><W35/><REACH who="3" step="1"/><G88/><REACH who="3" ten="279,250,221,240" step="2"/><T104/><D100/><U28/><E70/><V135/><F135/><W40/><G40/><T6/><D107/><U18/><E41/><V30/><F130/><W47/><G47/><T118/><D104/><U0/><E0/><V103/><F103/><W117/><G117/><T83/><REACH who="0" step="1"/><D118/><REACH who="0" ten="269,250,221,240" step="2"/><U39/><E102/><V123/><F123/><W19/><G19/><AGARI ba="1,2" hai="4,6,19,21,25,46,48,54,77,80,83,84,86,90" machi="19" ten="30,11600,0" yaku="1,1,2,1,7,1,8,1,53,0" doraHai="24" doraHaiUra="38" who="0" fromWho="3" sc="269,139,250,0,221,0,240,-119" /><INIT seed="0,2,0,1,0,134" ten="408,250,221,121" oya="0" hai0="41,50,92,104,66,3,74,63,13,52,135,101,37" hai1="7,53,59,108,107,98,20,129,90,8,15,84,65" hai2="120,100,30,91,126,110,19,113,27,130,89,77,72" hai3="2,109,106,93,122,73,103,45,51,10,60,123,32"/><T4/><D74/><U75/><E108/><V25/><F110/><W96/><G73/><T61/><D104/><U125/><E75/><V95/><F120/><W86/><G109/><T112/><D3/><U132/><E132/><V127/><F113/><W54/><G32/><T35/><D35/><U85/><E129/><V33/><F130/><W44/><G60/><T114/><D135/><U12/><E65/><V83/><F100/><W87/><G45/><T69/><D61/><U121/><E121/><N who="3" m="46090" /><G93/><T115/><D4/><AGARI ba="2,0" hai="2,4,10,44,51,54,86,87,96,103,106" m="46090" machi="4" ten="30,1000,0" yaku="13,1" doraHai="134" who="3" fromWho="0" sc="408,-16,250,0,221,0,121,16" /><INIT seed="1,0,0,1,2,132" ten="392,250,221,137" oya="1" hai0="87,6,74,113,38,79,120,131,59,64,51,89,75" hai1="127,102,126,24,99,104,15,115,69,117,72,128,97" hai2="107,16,13,118,42,134,26,86,28,20,47,29,73" hai3="91,108,135,0,17,62,60,78,53,110,35,32,133"/><U57/><E117/><V56/><F118/><W61/><G0/><T98/><D113/><U81/><E115/><V67/><F73/><W103/><G103/><T55/><D38/><U22/><E69/><V41/><F107/><W124/><G124/><N who="1" m="47658" /><E128/><V84/><F134/><N who="3" m="51211" /><G91/><T21/><D131/><U31/><E97/><V36/><F42/><W30/><G17/><T101/><D120/><U93/><E57/><V112/><F29/><W43/><G43/><T122/><D122/><U45/><E45/><V82/><F82/><W77/><G53/><T10/><D64/><U90/><E15/><V83/><F83/><W5/><G5/><T85/><D98/><N who="1" m="57655" /><E81/><V8/><F112/><W106/><G106/><T14/><D14/><U105/><E105/><V129/><F129/><W80/><G80/><T52/><D59/><U49/><E49/><V25/><F67/><W68/><G68/><T11/><D51/><U94/><E104/><V123/><F123/><W96/><G96/><T119/><D119/><U48/><E48/><V46/><F56/><W71/><G71/><T12/><D12/><U1/><E1/><V63/><F47/><W54/><G78/><T88/><D79/><U65/><E65/><V58/><F58/><N who="3" m="34903" /><G77/><T66/><D66/><U33/><E72/><V70/><F70/><W3/><G3/><T37/><D75/><U130/><E130/><V116/><F116/><W4/><G62/><T18/><D74/><U92/><E92/><V121/><F121/><W39/><G61/><T111/><D87/><N who="2" m="33322" /><F63/><W125/><G125/><T95/><D85/><U40/><E40/><RYUUKYOKU ba="0,0" sc="392,-15,250,15,221,15,137,-15" hai1="22,24,31,33,94,99,102" hai2="8,13,16,20,25,26,28,36,41,46" /><INIT seed="1,1,0,5,1,121" ten="377,265,236,122" oya="1" hai0="118,20,92,128,86,87,135,130,53,36,64,19,88" hai1="51,102,109,74,24,68,99,107,59,12,100,17,34" hai2="76,110,45,4,71,124,63,46,134,8,116,104,42" hai3="57,94,125,95,50,123,133,111,120,112,106,16,10"/><U55/><E68/><V114/><F116/><W97/><G112/><T129/><D118/><U31/><E100/><V91/><F114/><W84/><G106/><T80/><D36/><U72/><REACH who="1" step="1"/><E109/><REACH who="1" ten="377,255,236,122" step="2"/><V117/><F110/><W9/><G111/><T60/><D135/><U58/><E58/><V27/><F134/><W56/><G133/><T79/><D53/><U103/><E103/><V85/><F71/><W54/><G123/><T43/><D43/><U101/><E101/><V122/><F42/><W132/><G132/><T47/><D47/><U25/><E25/><V115/><F27/><W73/><G57/><T41/><D41/><U22/><AGARI ba="1,1" hai="12,17,22,24,31,34,51,55,59,72,74,99,102,107" machi="22" ten="20,7800,0" yaku="1,1,0,1,7,1,53,1" doraHai="121" doraHaiUra="26" who="1" fromWho="1" sc="377,-27,255,91,236,-27,122,-27" /><INIT seed="1,2,0,1,0,35" ten="350,346,209,95" oya="1" hai0="92,15,14,120,121,10,45,108,112,96,90,109,98" hai1="4,115,50,56,24,22,2,42,130,131,93,118,110" hai2="7,84,89,114,66,26,46,83,81,52,80,119,132" hai3="25,107,125,33,31,49,101,19,76,113,122,5,13"/><U135/><E118/><V57/><F119/><W104/><G122/><N who="0" m="47211" /><D112/><U128/><E115/><V12/><F114/><W85/><G125/><T111/><D45/><N who="1" m="25911" /><E135/><V67/><F132/><W48/><G113/><T16/><D15/><U34/><E34/><V62/><F26/><W69/><G69/><T127/><D98/><U18/><E93/><N who="2" m="54439" /><F46/><W39/><G39/><T28/><D28/><U63/><E110/><V51/><F51/><W91/><G76/><T60/><D60/><U70/><E70/><V9/><AGARI ba="2,0" hai="7,9,12,52,57,62,66,67,80,81,83" m="54439" machi="9" ten="30,2000,0" yaku="8,1,54,1" doraHai="35" who="2" fromWho="2" sc="350,-7,346,-12,209,26,95,-7" /><INIT seed="2,0,0,1,4,100" ten="343,334,235,88" oya="2" hai0="16,67,70,135,92,86,95,77,72,18,39,134,19" hai1="63,94,107,122,46,51,91,81,119,129,66,61,9" hai2="59,62,118,27,83,36,43,101,42,132,121,116,87" hai3="127,5,115,24,3,123,110,124,58,126,26,12,11"/><V47/><F121/><W75/><G75/><T125/><D39/><U111/><E119/><V40/><F132/><N who="0" m="50730" /><D125/><N who="3" m="32001" /><W99/><DORA hai="76" /><G123/><T73/><D95/><U20/><E111/><V106/><F116/><W131/><G110/><T79/><D79/><U97/><E129/><V93/><F118/><W0/><G131/><T33/><D33/><U34/><E34/><V113/><F113/><W82/><G115/><T22/><D22/><U128/><E128/><V35/><F93/><W4/><G58/><T55/><D55/><U88/><E20/><V80/><F87/><W57/><G57/><T50/><D50/><U10/><E122/><V105/><F47/><W103/><G82/><N who="0" m="47439" /><D92/><U112/><E112/><V56/><F56/><W23/><G99/><T45/><D45/><U8/><E81/><V31/><F36/><W25/><G103/><T74/><D67/><U85/><E66/><V65/><REACH who="2" step="1"/><F101/><REACH who="2" ten="343,334,225,88" step="2"/><W53/><G53/><T120/><D120/><U17/><E85/><V41/><N who="2" m="10240" /><DORA hai="1" /><V78/><F78/><W114/><G114/><T69/><AGARI ba="0,1" hai="16,18,19,69,70,72,73,74" m="47439,50730" machi="69" ten="40,5200,0" yaku="20,1,52,1,54,1" doraHai="100,76,1" who="0" fromWho="0" sc="343,62,334,-13,225,-26,88,-13" /><INIT seed="3,0,0,2,0,34" ten="405,321,199,75" oya="3" hai0="20,102,100,90,12,7,71,109,21,52,107,15,51" hai1="45,129,27,42,63,37,4,25,116,48,104,2,55" hai2="22,115,130,65,133,119,68,49,127,58,99,54,17" hai3="9,121,70,106,84,117,69,3,83,77,87,74,8"/><W118/><G106/><T122/><D122/><U125/><E104/><V57/><F115/><W5/><G121/><T89/><D71/><U79/><E129/><V124/><F119/><W38/><G38/><T78/><D78/><U97/><E116/><V19/><F130/><W1/><G117/><T85/><D107/><U6/><E125/><V50/><F133/><W132/><G132/><T59/><D90/><U126/><E126/><N who="2" m="48171" /><F99/><W101/><G101/><T114/><D109/><U95/><E63/><N who="2" m="39999" /><F17/><W18/><G118/><T88/><D89/><U28/><E79/><V41/><F41/><W103/><G103/><N who="0" m="39467" /><D114/><U86/><E97/><V53/><F19/><W105/><G105/><T23/><D7/><U134/><E6/><V131/><F22/><W13/><G70/><T60/><D60/><U82/><E4/><V91/><F91/><W33/><G69/><T61/><D61/><U93/><E134/><V111/><F131/><W72/><G33/><T67/><D67/><U94/><E94/><AGARI ba="0,0" hai="12,15,20,21,23,51,52,59,85,88,94" m="39467" machi="94" ten="30,3900,0" yaku="8,1,54,2" doraHai="34" who="0" fromWho="1" sc="405,39,321,-39,199,0,75,0" /><INIT seed="4,0,0,0,1,42" ten="444,282,199,75" oya="0" hai0="120,32,100,61,73,63,96,123,97,98,94,81,132" hai1="20,13,59,25,45,101,108,26,50,116,103,28,110" hai2="106,109,48,113,2,36,3,24,117,74,130,12,29" hai3="16,128,91,22,115,82,78,49,0,135,75,111,99"/><T9/><D32/><U134/><E116/><V43/><F48/><W70/><G111/><T62/><D9/><U122/><E122/><V44/><F109/><W76/><G135/><T58/><D132/><U40/><E134/><V11/><F113/><W126/><G128/><T60/><D73/><U31/><E110/><V119/><F130/><W85/><G70/><T46/><D81/><U6/><E108/><V129/><F129/><W15/><G126/><T92/><D46/><U34/><E6/><V125/><F106/><W7/><G115/><T19/><D19/><U66/><E13/><V17/><F74/><W72/><G99/><T64/><REACH who="0" step="1"/><D96/><REACH who="0" ten="434,282,199,75" step="2"/><U4/><E4/><V57/><F125/><W77/><G7/><T54/><D54/><U14/><E34/><V79/><F79/><W51/><G0/><T107/><D107/><U95/><E45/><V39/><F2/><W35/><G35/><T8/><D8/><U56/><E20/><V10/><F10/><W104/><G104/><T55/><D55/><U88/><E31/><V5/><F5/><W23/><G72/><T83/><D83/><U80/><E80/><V87/><F3/><W37/><G75/><T53/><D53/><U112/><E28/><V86/><F119/><W89/><G37/><T67/><D67/><U69/><E66/><V30/><F39/><W114/><G114/><T84/><D84/><N who="2" m="32298" /><F30/><W124/><G124/><T90/><AGARI ba="0,1" hai="58,60,61,62,63,64,90,92,94,97,98,100,120,123" machi="90" ten="30,6000,0" yaku="1,1,0,1,53,1" doraHai="42" doraHaiUra="52" who="0" fromWho="0" sc="434,70,282,-20,199,-20,75,-20" /><INIT seed="4,1,0,4,2,10" ten="504,262,179,55" oya="0" hai0="46,95,84,14,106,117,79,13,99,15,4,51,67" hai1="118,113,132,135,9,39,26,78,18,7,6,61,33" hai2="40,3,96,20,17,22,53,122,101,105,91,32,81" hai3="63,116,77,87,108,27,5,83,66,29,75,8,92"/><T119/><D106/><U62/><E118/><V134/><F32/><W85/><G116/><T80/><D67/><U88/><E39/><V104/><F104/><W73/><G108/><T41/><REACH who="0" step="1"/><D4/><REACH who="0" ten="494,262,179,55" step="2"/><U21/><E7/><V125/><F105/><W124/><G124/><T31/><D31/><U68/><E6/><V38/><F125/><W57/><G75/><T50/><D50/><U35/><E62/><V97/><F38/><W24/><G92/><T131/><D131/><U60/><E61/><V11/><F122/><W115/><G115/><T72/><D72/><U93/><E60/><V69/><F69/><W86/><REACH who="3" step="1"/><G29/><REACH who="3" ten="494,262,179,45" step="2"/><T89/><AGARI ba="1,2" hai="13,14,15,41,46,51,79,80,84,89,95,99,117,119" machi="89" ten="30,18000,2" yaku="1,1,0,1,52,3,53,1" doraHai="10" doraHaiUra="36" who="0" fromWho="0" sc="494,203,262,-61,179,-61,45,-61" owari="697,80.0,201,0.0,118,-28.0,-16,-52.0" /></mjloggm>