<mjloggm ver="2.3"><GO type="169" lobby="0"/><UN n0="%E3%81%A4%E3%82%89%E3%81%84%E3%80%82" n1="%E3%81%B5%E3%81%98%E3%81%8B%E3%81%A4" n2="%79%6A%69%72%6F" n3="%E3%83%93%E3%83%B3%E3%82%AB%E3%83%B3" dan="16,16,17,16" rate="2088.46,2116.40,2171.80,2145.01" sx="M,M,M,M"/><TAIKYOKU oya="0"/><INIT seed="0,0,0,0,5,99" ten="250,250,250,250" oya="0" hai0="114,23,17,129,56,128,77,12,0,26,43,25,3" hai1="126,20,107,109,53,44,4,31,102,28,125,5,18" hai2="72,22,134,96,42,9,95,88,110,78,92,16,1" hai3="8,76,33,120,62,122,19,116,79,130,29,101,133"/><T65/><D114/><U112/><E112/><V100/><F110/><W11/><G116/><T87/><D43/><U66/><E66/><V97/><F134/><W98/><G133/><T91/><D77/><U57/><E44/><V105/><F42/><W103/><G98/><T113/><D113/><U37/><E37/><V89/><F78/><W69/><G130/><N who="0" m="50283" /><D56/><U49/><E109/><V86/><F72/><W104/><G104/><T36/><D65/><U38/><E38/><V34/><F34/><W27/><G62/><T82/><D36/><U63/><E107/><V55/><F55/><W132/><G132/><T54/><D54/><U10/><E126/><V90/><F90/><W94/><G69/><T21/><D26/><U84/><E125/><V2/><F9/><N who="3" m="3659" /><G94/><T108/><D108/><U52/><E84/><V117/><F117/><W121/><G79/><T80/><D80/><U70/><E70/><V14/><AGARI ba="0,0" hai="1,2,14,16,22,86,88,89,92,95,96,97,100,105" machi="14" ten="20,8000,1" yaku="0,1,7,1,52,1,54,2" doraHai="99" who="2" fromWho="2" sc="250,-40,250,-20,250,80,250,-20" /><INIT seed="1,0,0,0,4,7" ten="210,230,330,230" oya="1" hai0="132,131,62,90,45,104,12,74,55,89,79,94,71" hai1="17,28,73,82,24,2,65,43,40,118,100,57,20" hai2="14,98,1,103,96,37,102,30,26,51,48,13,121" hai3="39,133,106,42,113,53,9,114,3,0,44,68,15"/><U21/><E118/><V10/><F37/><W127/><G106/><T41/><D104/><U29/><E100/><V61/><F121/><W123/><G123/><T47/><D131/><U56/><E2/><V67/><F1/><W49/><G68/><T95/><D132/><U130/><E130/><V70/><F102/><W76/><G3/><T105/><D105/><U54/><E73/><V63/><F63/><W84/><G0/><T31/><D31/><U11/><E82/><V111/><F14/><W92/><G133/><T69/><D79/><U99/><E99/><V97/><F103/><W109/><G127/><T122/><D74/><U101/><E101/><V19/><REACH who="2" step="1"/><F111/><REACH who="2" ten="210,230,320,230" step="2"/><W112/><G109/><T108/><D108/><U46/><E29/><V52/><F52/><W8/><G15/><T6/><D55/><U27/><E65/><V81/><F81/><W125/><G125/><T75/><D12/><N who="1" m="7327" /><E54/><V23/><AGARI ba="0,1" hai="10,13,19,23,26,30,48,51,61,67,70,96,97,98" machi="23" ten="30,4000,0" yaku="1,1,0,1,52,1,53,0" doraHai="7" doraHaiUra="120" who="2" fromWho="2" sc="210,-10,230,-20,320,50,230,-10" /><INIT seed="2,0,0,3,5,113" ten="200,210,370,220" oya="2" hai0="16,97,111,58,73,40,1,90,106,120,32,77,126" hai1="87,64,0,21,125,50,11,62,96,98,127,9,55" hai2="46,112,10,88,78,27,123,95,108,104,91,122,92" hai3="6,12,75,118,102,109,44,65,99,72,52,60,47"/><V59/><F112/><W57/><G109/><T37/><D120/><U51/><E0/><V19/><F104/><W84/><G118/><T26/><D1/><U71/><E21/><V66/><F108/><W24/><G84/><T94/><D111/><U114/><E114/><V41/><F78/><W100/><G100/><T81/><D126/><N who="1" m="48139" /><E87/><V131/><F131/><W39/><G44/><T74/><D74/><U5/><E51/><V70/><F70/><W30/><G6/><T85/><D58/><N who="1" m="33143" /><E11/><V110/><F110/><W128/><G12/><T4/><D4/><U69/><E69/><V15/><F27/><W33/><G128/><T7/><D7/><U103/><E62/><V3/><F3/><W105/><REACH who="3" step="1"/><G65/><REACH who="3" ten="200,210,370,210" step="2"/><T68/><D85/><U43/><E64/><V2/><F2/><W53/><G53/><T17/><D73/><U79/><E103/><V28/><F122/><W82/><G82/><T80/><D81/><U14/><E43/><AGARI ba="0,1" hai="24,30,33,39,43,47,52,57,60,72,75,99,102,105" machi="43" ten="40,5200,0" yaku="1,1,54,1,53,1" doraHai="113" doraHaiUra="54" who="3" fromWho="1" sc="200,0,210,-52,370,0,210,62" /><INIT seed="3,0,0,2,1,103" ten="200,158,370,272" oya="3" hai0="110,78,14,123,101,9,107,117,5,133,39,36,132" hai1="38,52,16,55,82,83,0,79,40,93,116,19,27" hai2="80,63,20,47,4,3,128,134,96,109,97,32,90" hai3="54,46,49,126,88,53,60,118,112,8,135,127,114"/><W61/><G118/><T75/><D117/><U45/><E0/><V99/><F32/><W28/><G28/><T2/><D123/><U71/><E116/><V34/><F34/><W48/><G8/><T76/><D14/><U68/><E93/><V26/><F128/><W108/><G88/><T125/><D78/><U15/><E27/><V56/><F90/><W50/><G135/><N who="0" m="51787" /><D110/><U115/><E115/><N who="3" m="44074" /><G108/><T30/><D30/><U72/><E82/><V44/><F109/><W91/><G91/><T84/><D84/><U7/><E7/><V86/><F134/><W23/><G23/><T13/><D13/><U62/><E19/><N who="2" m="12575" /><F4/><W57/><G49/><T104/><D125/><AGARI ba="0,0" hai="46,48,50,53,54,57,60,61,125,126,127" m="44074" machi="125" ten="30,5800,0" yaku="18,1,34,2" doraHai="103" who="3" fromWho="0" sc="200,-58,158,0,370,0,272,58" /><INIT seed="3,1,0,4,3,96" ten="142,158,370,330" oya="3" hai0="73,20,133,72,15,71,102,4,95,62,135,12,67" hai1="74,48,120,126,55,58,76,105,125,23,21,44,130" hai2="40,50,24,86,63,29,46,110,108,9,99,13,37" hai3="127,30,47,89,131,109,82,81,16,11,134,53,132"/><W25/><G131/><T111/><D111/><U10/><E120/><V122/><F122/><W65/><G65/><T91/><D15/><U123/><E123/><V56/><F86/><W0/><G127/><T114/><D114/><U2/><E130/><V118/><F118/><W34/><G109/><T93/><D93/><U121/><E121/><V41/><F41/><W7/><G89/><T32/><D32/><U5/><E105/><V3/><F3/><W38/><G38/><T6/><D6/><U45/><E45/><V116/><F116/><W69/><G69/><T57/><D71/><U66/><E66/><V77/><F77/><W52/><G53/><T49/><D49/><U92/><E92/><V8/><F37/><W107/><G107/><T97/><D91/><U68/><E68/><V101/><F56/><W83/><REACH who="3" step="1"/><G16/><REACH who="3" ten="142,158,370,320" step="2"/><N who="0" m="10247" /><D4/><U87/><E126/><V17/><F8/><W19/><G19/><T39/><D39/><U1/><E125/><V28/><F28/><W51/><AGARI ba="1,1" hai="0,7,11,25,30,34,47,51,52,81,82,83,132,134" machi="51" ten="30,18000,2" yaku="1,1,0,1,54,1,53,3" doraHai="96" doraHaiUra="79" who="3" fromWho="3" sc="142,-61,158,-61,370,-61,320,193" /><INIT seed="3,2,0,2,0,21" ten="81,97,309,513" oya="3" hai0="83,46,69,71,0,63,6,122,124,1,29,33,15" hai1="104,120,103,99,44,55,105,125,41,50,72,127,36" hai2="70,38,116,43,79,84,32,101,10,14,111,97,93" hai3="61,86,113,49,56,87,67,47,23,24,12,42,39"/><W89/><G113/><T131/><D122/><U118/><E120/><V37/><F116/><W26/><G39/><T134/><D131/><U17/><E118/><V135/><F70/><W3/><G3/><T18/><D124/><U57/><E72/><V19/><F111/><W58/><G87/><T94/><D94/><U96/><REACH who="1" step="1"/><E17/><REACH who="1" ten="81,87,309,513" step="2"/><V34/><F19/><N who="3" m="10727" /><G56/><T85/><D71/><U81/><E81/><AGARI ba="2,1" hai="24,26,42,47,49,58,61,67,81,86,89" m="10727" machi="81" ten="30,5800,0" yaku="8,1,52,2" doraHai="21" who="3" fromWho="1" sc="81,0,87,-64,309,0,513,74" /><INIT seed="3,3,0,4,2,78" ten="81,23,309,587" oya="3" hai0="69,88,70,107,29,6,126,57,130,49,79,123,9" hai1="91,117,18,27,16,90,112,31,30,40,86,32,121" hai2="96,11,3,15,19,74,4,5,131,65,99,17,132" hai3="7,62,111,89,47,109,28,58,41,61,52,72,125"/><W83/><G28/><T59/><D123/><U114/><E121/><V23/><F74/><W24/><G24/><T53/><D107/><U115/><E117/><V8/><F131/><W94/><G7/><T97/><D130/><U51/><E31/><V60/><F132/><W113/><G113/><T93/><D126/><U36/><E36/><V67/><F19/><W50/><G125/><T55/><D29/><U42/><E91/><V85/><F85/><W104/><G104/><T2/><REACH who="0" step="1"/><D79/><REACH who="0" ten="71,23,309,587" step="2"/><U38/><E38/><V81/><F3/><W43/><G111/><T75/><D75/><U95/><REACH who="1" step="1"/><E40/><REACH who="1" ten="71,13,309,587" step="2"/><V133/><F133/><W76/><G109/><T100/><D100/><U98/><E98/><V39/><F96/><W21/><G43/><T108/><D108/><U63/><E63/><AGARI ba="3,2" hai="2,6,9,49,53,55,57,59,63,69,70,88,93,97" machi="63" ten="30,3900,0" yaku="1,1,7,1,54,1,53,0" doraHai="78" doraHaiUra="80" who="0" fromWho="1" sc="71,68,13,-48,309,0,587,0" owari="139,-26.0,-35,-54.0,309,11.0,587,69.0" /></mjloggm>