<mjloggm ver="2.3"><GO type="169" lobby="0"/><UN n0="%64%75%72%72%72%72%72" n1="%E3%82%A2%E3%83%A1%E3%83%B3%E3%83%9D%E3%81%A6%E3%81%B5" n2="%E3%81%A6%E3%82%93%E3%81%BD%E3%81%84%E3%82%93%E3%81%A8" n3="%E7%BE%8E%E6%A8%B9%E2%98%86%E3%81%95%E3%82%84%E3%81%8B" dan="18,17,17,18" rate="2274.19,2234.67,2209.83,2291.91" sx="M,M,F,F"/><TAIKYOKU oya="0"/><INIT seed="0,0,0,4,4,17" ten="250,250,250,250" oya="0" hai0="115,11,85,98,19,90,44,64,29,94,6,84,103" hai1="14,9,73,107,41,13,48,52,111,117,20,28,53" hai2="100,32,86,93,35,80,30,2,101,37,127,95,18" hai3="25,62,88,27,91,118,58,67,133,121,125,21,36"/><T8/><D115/><U99/><E117/><V63/><F2/><W108/><G118/><T92/><D29/><U47/><E73/><V12/><F37/><W87/><G36/><T112/><D112/><U97/><E111/><V132/><F132/><W129/><G133/><T10/><D64/><U65/><E107/><V26/><F127/><W106/><G106/><T110/><D110/><U31/><E65/><V81/><F63/><W1/><G1/><T70/><D70/><U102/><E13/><V128/><F128/><W54/><G108/><T131/><D131/><U75/><E75/><V82/><F35/><W55/><G129/><T49/><D19/><N who="1" m="10359" /><E9/><V61/><F12/><W59/><G125/><T69/><D69/><U3/><E3/><V114/><F18/><W126/><G126/><T78/><D78/><U105/><E105/><V24/><F30/><N who="1" m="11305" /><E102/><V39/><F101/><W50/><G121/><T15/><REACH who="0" step="1"/><D85/><REACH who="0" ten="240,250,250,250" step="2"/><U38/><E38/><V74/><F86/><W104/><G67/><T60/><D60/><U96/><AGARI ba="0,1" hai="41,47,48,52,53,96,97,99" m="11305,10359" machi="96" ten="30,4000,0" yaku="8,1,52,1,54,1" doraHai="17" who="1" fromWho="1" sc="240,-20,250,50,250,-10,250,-10" /><INIT seed="1,0,0,4,4,72" ten="220,300,240,240" oya="1" hai0="104,44,80,92,47,38,110,98,103,27,37,31,18" hai1="70,120,13,133,52,128,90,94,61,131,121,66,101" hai2="25,95,53,12,96,73,49,112,78,56,55,51,123" hai3="59,32,106,75,40,60,124,34,26,48,54,9,91"/><U119/><E101/><V105/><F123/><N who="1" m="47177" /><E94/><V62/><F112/><W41/><G124/><T15/><D110/><U67/><E90/><V129/><F129/><N who="1" m="49737" /><E13/><V97/><F105/><W30/><G106/><T10/><D104/><U5/><E5/><V77/><F73/><W134/><G134/><T111/><D111/><U46/><E119/><V33/><F62/><W74/><G34/><T130/><D130/><U4/><E4/><V87/><F87/><W39/><G39/><T71/><D71/><U122/><E133/><V29/><F12/><W50/><G74/><T83/><D38/><U109/><E109/><V86/><F86/><W115/><G75/><T58/><D37/><U35/><E35/><V11/><F11/><W0/><G115/><T42/><D83/><U68/><E122/><V126/><F97/><W19/><G91/><T127/><D127/><U135/><E135/><V14/><F14/><W64/><G19/><T2/><D2/><U88/><E88/><V22/><F33/><W23/><G32/><N who="0" m="20607" /><D42/><N who="3" m="16489" /><G0/><T36/><D36/><U82/><E82/><V76/><F126/><W3/><G3/><T93/><D80/><U118/><E118/><V21/><F21/><W79/><G9/><T17/><D93/><U132/><E132/><V24/><F22/><W113/><G113/><T107/><D107/><U16/><E16/><V28/><F28/><W63/><G79/><T7/><D18/><U43/><E43/><V84/><F29/><W1/><G1/><T125/><D125/><U114/><E114/><V85/><F77/><W65/><G30/><T20/><D10/><RYUUKYOKU ba="0,0" sc="220,0,300,0,240,0,240,0" /><INIT seed="2,1,0,4,2,17" ten="220,300,240,240" oya="2" hai0="58,78,60,43,54,113,61,40,115,127,57,48,14" hai1="93,9,71,108,120,65,52,27,18,121,20,51,117" hai2="128,59,12,44,83,89,32,119,96,31,15,124,38" hai3="112,62,92,102,37,19,97,134,29,99,103,2,116"/><V125/><F59/><W50/><G37/><T101/><D101/><U1/><E117/><V122/><F44/><W3/><G116/><T79/><D14/><N who="2" m="5162" /><F38/><W135/><G19/><T114/><D79/><U109/><E71/><V66/><F66/><W75/><G75/><T68/><D78/><U23/><E65/><V36/><F36/><W7/><G112/><T24/><D24/><N who="1" m="14359" /><E9/><V133/><F83/><W130/><G130/><T26/><D26/><U98/><E1/><V82/><F119/><W28/><G62/><T64/><D127/><N who="2" m="48714" /><F128/><W86/><G86/><T0/><D0/><U85/><E85/><V39/><F39/><W105/><G50/><T11/><D11/><U107/><E93/><V111/><F122/><N who="1" m="47209" /><E98/><V56/><F96/><W8/><REACH who="3" step="1"/><G2/><REACH who="3" ten="220,300,240,230" step="2"/><T95/><REACH who="0" step="1"/><D95/><REACH who="0" ten="210,300,240,230" step="2"/><U63/><E107/><V33/><F82/><W34/><G34/><T5/><D5/><U41/><E63/><V55/><F33/><W42/><G42/><T10/><D10/><U69/><E41/><V88/><F32/><W94/><G94/><T46/><D46/><N who="1" m="27767" /><E69/><V81/><F81/><W110/><G110/><T21/><D21/><U87/><E87/><V80/><F111/><W6/><G6/><T53/><AGARI ba="1,2" hai="40,43,48,53,54,57,58,60,61,64,68,113,114,115" machi="53" ten="40,8000,1" yaku="1,1,0,1,34,3,53,0" doraHai="17" doraHaiUra="131" who="0" fromWho="0" sc="210,103,300,-21,240,-41,230,-21" /><INIT seed="3,0,0,4,4,18" ten="313,279,199,209" oya="3" hai0="21,106,97,118,91,51,113,32,55,25,93,135,43" hai1="82,58,111,45,5,38,70,31,66,117,64,59,67" hai2="95,19,99,41,71,34,65,27,42,12,115,81,46" hai3="133,124,49,94,130,7,13,26,50,1,101,77,127"/><W83/><G1/><T40/><D118/><U98/><E5/><V89/><F115/><W37/><G37/><T123/><D32/><U132/><E31/><V63/><F81/><W119/><G119/><T129/><D123/><U33/><E33/><V76/><F76/><W44/><G133/><T104/><D135/><U87/><E132/><V61/><F61/><W96/><G130/><T69/><D69/><U105/><E117/><V108/><F108/><W60/><G60/><T73/><D73/><U100/><E70/><V92/><F46/><W90/><G101/><T16/><D129/><U72/><E72/><V116/><F116/><W0/><G0/><T57/><REACH who="0" step="1"/><D113/><REACH who="0" ten="303,279,199,209" step="2"/><U68/><E68/><V22/><F34/><W125/><G44/><T35/><D35/><U30/><E45/><V8/><REACH who="2" step="1"/><F95/><REACH who="2" ten="303,279,189,209" step="2"/><W131/><G131/><T103/><D103/><U20/><E100/><V75/><F75/><W85/><G127/><T128/><D128/><U48/><E111/><V102/><F102/><W36/><G125/><T52/><D52/><U122/><E122/><V114/><F114/><W120/><G120/><T47/><D47/><U54/><E54/><V11/><F11/><N who="3" m="4351" /><G124/><T28/><D28/><AGARI ba="0,2" hai="8,12,19,22,27,28,41,42,63,65,71,89,92,99" machi="28" ten="30,7700,0" yaku="1,1,7,1,52,1,53,1" doraHai="18" doraHaiUra="24" who="2" fromWho="0" sc="303,-77,279,0,189,97,209,0" /><INIT seed="4,0,0,2,4,134" ten="226,279,286,209" oya="0" hai0="87,49,45,15,58,117,106,89,62,56,21,44,132" hai1="81,55,8,78,65,99,48,75,9,77,113,59,33" hai2="29,26,7,68,19,135,0,22,116,86,54,91,95" hai3="101,100,18,24,66,124,71,108,53,28,130,127,118"/><T25/><D117/><U126/><E78/><V41/><F135/><W123/><G118/><T90/><D106/><U97/><E33/><V39/><F68/><W10/><G108/><T102/><D132/><U57/><E113/><V30/><F39/><W128/><G123/><T64/><D102/><N who="3" m="39529" /><G53/><T98/><D15/><U50/><E126/><N who="3" m="48170" /><G66/><T112/><D112/><U111/><E65/><V122/><F54/><W76/><G71/><T121/><D121/><U109/><E55/><V69/><F69/><W5/><G18/><T63/><D98/><U67/><E67/><V60/><F19/><W88/><G88/><T110/><D89/><U23/><E97/><V35/><F91/><W119/><G76/><T125/><D110/><U43/><E77/><V94/><F116/><W82/><G82/><T38/><D125/><U37/><E99/><V17/><F17/><W47/><G47/><T31/><D64/><U85/><E81/><V1/><F122/><W74/><G74/><T14/><D45/><U3/><E75/><V120/><F120/><W40/><G40/><T70/><D70/><U105/><E43/><V131/><F41/><W83/><G83/><T46/><D44/><U27/><E111/><V34/><F95/><W72/><G72/><T52/><D56/><U92/><E57/><V4/><F94/><W13/><G119/><T32/><D46/><U51/><E109/><V6/><F86/><W104/><G104/><T12/><D38/><U133/><E105/><V42/><F42/><W61/><G61/><T96/><D63/><U20/><E37/><V93/><F60/><RYUUKYOKU ba="0,0" sc="226,-10,279,-10,286,-10,209,30" hai3="5,10,13,24,28,128,130" /><INIT seed="5,1,0,3,2,112" ten="216,269,276,239" oya="1" hai0="40,76,35,41,46,34,4,70,63,8,78,36,11" hai1="33,25,103,38,130,72,39,118,125,20,0,58,51" hai2="84,30,45,28,61,29,111,43,56,117,17,99,122" hai3="79,16,114,77,22,66,91,44,132,113,127,60,131"/><U65/><E72/><V86/><F111/><W57/><G131/><T6/><D63/><U27/><E0/><V59/><F117/><W47/><G132/><T92/><D92/><U52/><E118/><V89/><F122/><W116/><G127/><T10/><D70/><U100/><E130/><V97/><F17/><W68/><G116/><T107/><D107/><U32/><E125/><V54/><F59/><W74/><G68/><T82/><D82/><U108/><E108/><V71/><F71/><W53/><G74/><T119/><D119/><U128/><E128/><V69/><F86/><W85/><G114/><T98/><D98/><U23/><E65/><V37/><REACH who="2" step="1"/><F69/><REACH who="2" ten="216,269,266,239" step="2"/><W55/><G113/><T81/><D81/><AGARI ba="1,1" hai="28,29,30,37,43,45,54,56,61,81,84,89,97,99" machi="81" ten="40,2600,0" yaku="1,1,2,1,53,0" doraHai="112" doraHaiUra="5" who="2" fromWho="0" sc="216,-29,269,0,266,39,239,0" /><INIT seed="6,0,0,1,0,0" ten="187,269,305,239" oya="2" hai0="2,66,35,49,50,98,56,29,4,102,86,103,84" hai1="121,74,14,24,92,125,93,34,79,67,106,45,64" hai2="70,59,81,6,1,61,111,128,97,38,60,108,21" hai3="71,25,37,43,85,132,109,80,99,107,78,53,126"/><V28/><F97/><W116/><G116/><T94/><D35/><U133/><E106/><V46/><F81/><W131/><G109/><N who="2" m="42057" /><F21/><W33/><G71/><T123/><D123/><U52/><E34/><V18/><F18/><W129/><G132/><T7/><D29/><U69/><E24/><V32/><F28/><W73/><G126/><T135/><D2/><U9/><E133/><V100/><F100/><W115/><G115/><T82/><D103/><U117/><E117/><V12/><F12/><W130/><G53/><T10/><D10/><U42/><E125/><V114/><F32/><W62/><G62/><N who="0" m="38215" /><D135/><U13/><E69/><V127/><F127/><W26/><G33/><T83/><D86/><U120/><E74/><V41/><F70/><W23/><G23/><T8/><D8/><U110/><E110/><V77/><F1/><W101/><G73/><T47/><D50/><U51/><E121/><V58/><F38/><W76/><G76/><N who="0" m="46151" /><D83/><U118/><E79/><V55/><F114/><W88/><G78/><T63/><D63/><U27/><E120/><V124/><F61/><W39/><G39/><T122/><D122/><U90/><E118/><V3/><F60/><W119/><G119/><T44/><D44/><AGARI ba="0,0" hai="25,26,37,43,44,80,85,88,99,101,107,129,130,131" machi="44" ten="40,2600,0" yaku="19,1,54,1" doraHai="0" who="3" fromWho="0" sc="187,-26,269,0,305,0,239,26" /><INIT seed="7,0,0,5,3,104" ten="161,269,305,265" oya="3" hai0="26,116,3,91,23,36,89,90,13,87,32,40,45" hai1="100,9,24,58,122,15,1,41,126,61,52,60,85" hai2="119,113,92,18,81,37,127,39,73,74,115,79,99" hai3="77,27,117,123,121,88,28,10,14,69,48,70,65"/><W78/><G117/><T17/><D116/><U98/><E122/><V43/><F119/><W31/><G48/><T94/><D3/><U95/><E126/><V51/><F73/><W20/><G31/><T38/><D32/><U54/><E1/><V105/><F105/><W25/><G25/><T130/><D130/><U112/><E112/><N who="2" m="43083" /><F18/><W86/><G70/><T4/><REACH who="0" step="1"/><D38/><REACH who="0" ten="151,269,305,265" step="2"/><U16/><E24/><V135/><F37/><W80/><G123/><T84/><D84/><U62/><E85/><V72/><F39/><W42/><G121/><T19/><D19/><U30/><E30/><V11/><F127/><W93/><G27/><T71/><D71/><U55/><E41/><V7/><F43/><W29/><G42/><T97/><D97/><U83/><E83/><V47/><F99/><W5/><G69/><T106/><D106/><U102/><E102/><V2/><F81/><W8/><G29/><T114/><D114/><U56/><AGARI ba="0,1" hai="9,15,16,52,54,55,56,58,60,61,62,95,98,100" machi="56" ten="40,8000,1" yaku="0,1,8,1,54,2" doraHai="104" who="1" fromWho="1" sc="151,-20,269,90,305,-20,265,-40" owari="131,-37.0,359,45.0,285,9.0,225,-17.0" /></mjloggm>