<mjloggm ver="2.3"><GO type="185" lobby="0"/><UN n0="%44%75%73%6B" n1="%E3%81%B7%E3%82%8A%E3%81%B7%E3%82%8A%EF%BC%92%EF%BC%90%EF%BC%90%EF%BC%91" n2="%41%74%72%69%61" n3="" dan="16,16,16,0" rate="2168.32,2167.48,2201.03,1500.00" sx="M,M,F,C"/><TAIKYOKU oya="0"/><INIT seed="0,0,0,3,0,112" ten="350,350,350,0" oya="0" hai0="71,79,51,63,37,43,90,33,52,115,122,88,109" hai1="118,75,36,100,53,121,124,2,57,110,108,59,84" hai2="95,116,117,96,81,135,114,131,66,92,64,47,70" hai3=""/><T91/><N who="0" m="31264" /><T104/><D115/><U102/><N who="1" m="31008" /><U3/><E75/><V93/><F114/><T1/><D33/><U85/><E36/><V103/><F135/><T127/><D1/><U49/><E124/><V61/><F131/><T83/><D127/><U77/><E77/><V82/><F47/><T97/><D109/><U86/><E118/><N who="2" m="45675" /><F66/><T123/><N who="0" m="31520" /><T72/><D71/><U40/><E40/><V99/><F99/><T54/><D63/><U80/><E80/><AGARI ba="0,0" hai="61,64,70,80,81,82,92,93,95,96,103" m="45675" machi="80" ten="30,7700,0" yaku="12,1,52,3" doraHai="112" who="2" fromWho="1" sc="350,0,350,-77,350,77,0,0" /><INIT seed="1,0,0,0,4,78" ten="350,273,427,0" oya="1" hai0="52,45,109,68,112,75,34,85,36,3,130,106,114" hai1="65,99,107,50,129,87,82,126,0,69,98,133,80" hai2="104,103,51,94,118,122,81,54,71,105,83,73,33" hai3=""/><U84/><E0/><V67/><N who="2" m="31264" /><V38/><F118/><T110/><D75/><U47/><E133/><V89/><F38/><T44/><D3/><U63/><E129/><V100/><F33/><T125/><D130/><U92/><E126/><V32/><F32/><T124/><D34/><U88/><E92/><V97/><F67/><T70/><D106/><U2/><E107/><V35/><F71/><N who="0" m="27178" /><D85/><U66/><E66/><V61/><F61/><T128/><D128/><U102/><E102/><V131/><F131/><T127/><D36/><U62/><E62/><V58/><F35/><T134/><D134/><U121/><N who="1" m="31008" /><U72/><E72/><V93/><F73/><T123/><N who="0" m="31520" /><T46/><D52/><U53/><E2/><V76/><F76/><AGARI ba="0,0" hai="47,50,53,63,65,69,76,80,82,84,87,88,98,99" m="31008" machi="76" ten="30,12000,1" yaku="7,1,52,3,54,1" doraHai="78" who="1" fromWho="2" sc="350,0,273,120,427,-120,0,0" /><INIT seed="1,1,0,1,2,127" ten="350,393,307,0" oya="1" hai0="124,71,34,85,75,39,88,45,76,105,92,107,57" hai1="116,97,84,113,87,3,38,103,99,93,101,125,118" hai2="47,106,48,0,73,104,56,70,120,108,134,102,86" hai3=""/><U114/><E3/><V74/><N who="2" m="30752" /><V42/><F0/><T50/><D124/><U80/><E38/><V52/><F70/><T112/><D34/><U58/><E58/><V36/><F108/><T53/><D112/><U130/><E125/><V69/><F134/><T133/><D133/><U33/><E33/><V132/><F132/><T43/><REACH who="0" step="1"/><D71/><REACH who="0" ten="340,393,307,0" step="2"/><U95/><REACH who="1" step="1"/><E80/><AGARI ba="1,1" hai="39,43,45,50,53,57,75,76,80,85,88,92,105,107" machi="80" ten="40,5200,0" yaku="1,1,2,1,54,1,53,0" doraHai="127" doraHaiUra="96" who="0" fromWho="1" sc="340,64,393,-54,307,0,0,0" /><INIT seed="2,0,0,0,5,49" ten="404,339,307,0" oya="2" hai0="99,102,1,33,58,71,50,72,88,68,40,61,126" hai1="107,75,109,38,135,115,64,123,59,125,65,97,132" hai2="77,0,47,100,93,67,112,51,54,37,89,34,81" hai3=""/><V32/><F112/><T103/><D33/><U56/><N who="1" m="31520" /><U92/><E115/><V43/><F0/><T129/><D72/><U118/><E107/><V69/><F100/><T36/><D129/><U116/><E38/><V82/><F67/><N who="1" m="25673" /><E75/><V41/><F69/><T78/><D78/><U85/><E85/><V131/><F131/><T106/><D1/><U114/><E114/><V119/><F119/><N who="1" m="45609" /><E109/><V45/><F43/><T35/><D35/><U46/><E46/><V74/><REACH who="2" step="1"/><F82/><REACH who="2" ten="404,339,297,0" step="2"/><T3/><D3/><U39/><E125/><V42/><F42/><T83/><D126/><U128/><E128/><V76/><F76/><T73/><D73/><U44/><E39/><V2/><F2/><T110/><D83/><U98/><E92/><V127/><F127/><T111/><D36/><U62/><E62/><V113/><F113/><T86/><D61/><U90/><E90/><V105/><F105/><T55/><D88/><U108/><E108/><V87/><AGARI ba="0,1" hai="32,34,37,41,45,47,51,54,74,77,81,87,89,93" machi="87" ten="20,5200,0" yaku="1,1,0,1,7,1,52,1,53,0" doraHai="49" doraHaiUra="95" who="2" fromWho="2" sc="404,-26,339,-26,297,62,0,0" /><INIT seed="2,1,0,1,3,102" ten="378,313,359,0" oya="2" hai0="2,115,81,39,116,51,64,41,40,97,95,59,79" hai1="134,125,114,129,75,105,120,76,55,86,78,42,90" hai2="108,119,135,124,32,80,68,52,74,53,100,36,66" hai3=""/><V84/><F119/><T67/><D116/><U110/><N who="1" m="30752" /><U45/><E110/><V38/><F32/><T132/><D2/><U46/><E55/><V91/><F108/><T89/><D39/><U1/><E90/><V65/><F74/><T118/><D118/><U117/><E86/><V83/><F135/><T109/><D132/><U85/><E85/><V43/><F124/><T48/><D109/><U69/><E78/><V62/><F100/><T57/><D115/><U130/><E75/><V99/><F99/><T34/><D34/><U72/><E72/><V101/><F101/><T93/><D81/><U56/><E1/><V35/><F35/><T0/><D0/><U88/><E125/><V70/><F80/><T92/><D79/><U98/><E98/><V104/><F104/><T33/><D33/><U49/><E105/><V47/><REACH who="2" step="1"/><F38/><REACH who="2" ten="378,313,349,0" step="2"/><T107/><D107/><U44/><E134/><V128/><F128/><T133/><D133/><U113/><E130/><V112/><F112/><T123/><N who="0" m="31520" /><T63/><D95/><U103/><E129/><V131/><F131/><T126/><D126/><U77/><E114/><V3/><F3/><T106/><D106/><U96/><E113/><V37/><F37/><T54/><D93/><RYUUKYOKU ba="1,1" sc="378,-10,313,-10,349,20,0,0" hai2="36,43,47,52,53,62,65,66,68,70,83,84,91" /><INIT seed="2,2,1,0,2,84" ten="368,303,369,0" oya="2" hai0="3,39,94,98,55,40,69,101,74,45,46,104,34" hai1="121,110,37,57,97,51,67,82,56,85,65,81,93" hai2="59,75,112,107,42,129,80,105,61,111,52,114,132" hai3=""/><V109/><F132/><T92/><D74/><U90/><N who="1" m="31008" /><U96/><E37/><V130/><F42/><T0/><D34/><U38/><E38/><V125/><F125/><T2/><D69/><U50/><E110/><N who="2" m="41995" /><F75/><T70/><D70/><U72/><E72/><V99/><F80/><T117/><D117/><U89/><E85/><V103/><F105/><T62/><D62/><U47/><E93/><V71/><F71/><T32/><D32/><U68/><E68/><V127/><F127/><T100/><D100/><U36/><E36/><V123/><N who="2" m="31520" /><V87/><F87/><T119/><D119/><U135/><E47/><V48/><F61/><T131/><D104/><U88/><E90/><V33/><F33/><T79/><D79/><U86/><E86/><V44/><F44/><T78/><D78/><U120/><N who="1" m="30752" /><U60/><E60/><V63/><F63/><T35/><D35/><U126/><E126/><V91/><F91/><T128/><D94/><U64/><E64/><V118/><F118/><T1/><D1/><U58/><E58/><V106/><F106/><T49/><AGARI ba="2,1" hai="0,2,3,39,40,45,46,49,55,92,98,101,128,131" machi="49" ten="40,1100,0" yaku="0,1" doraHai="84" who="0" fromWho="0" sc="368,25,303,-6,369,-9,0,0" /><INIT seed="4,0,0,2,3,125" ten="393,297,360,0" oya="0" hai0="40,117,72,106,67,93,115,127,98,73,107,104,50" hai1="52,32,57,121,129,33,60,118,79,124,132,75,56" hai2="46,134,116,91,37,76,64,71,54,126,2,68,102" hai3=""/><T119/><D127/><U45/><N who="1" m="31008" /><U36/><E118/><V61/><F2/><T0/><D0/><U83/><E124/><V111/><F126/><T135/><D67/><U101/><E132/><V113/><F111/><T74/><D135/><U66/><E101/><V122/><N who="2" m="31264" /><V59/><F134/><T34/><D34/><U44/><E129/><V86/><F116/><N who="0" m="44618" /><D50/><U39/><E45/><V53/><F113/><T82/><D40/><U97/><E97/><V41/><F102/><T133/><D133/><U3/><E3/><V92/><REACH who="2" step="1"/><F76/><REACH who="2" ten="393,297,350,0" step="2"/><T103/><D115/><U112/><E112/><V78/><F78/><AGARI ba="0,1" hai="72,73,74,78,82,93,98,103,104,106,107" m="44618" machi="78" ten="40,3900,0" yaku="34,2" doraHai="125" who="0" fromWho="2" sc="393,49,297,0,350,-39,0,0" /><INIT seed="4,1,0,5,5,133" ten="442,297,311,0" oya="0" hai0="134,45,125,3,127,51,0,71,61,82,46,107,130" hai1="110,129,87,69,44,54,117,40,70,35,57,59,2" hai2="122,78,67,60,89,38,124,121,115,79,120,33,97" hai3=""/><T72/><D134/><U84/><E2/><V49/><N who="2" m="30752" /><V109/><N who="2" m="31008" /><V48/><N who="2" m="31264" /><V81/><F109/><T94/><D107/><U80/><E35/><V103/><F33/><T108/><D108/><U132/><E132/><V47/><F38/><T119/><D119/><U102/><E117/><V62/><F115/><T68/><D130/><U50/><E129/><V63/><F67/><T55/><D94/><U88/><E110/><V34/><F34/><T41/><D3/><U105/><E59/><V118/><F118/><T101/><D101/><U92/><E102/><V116/><F116/><T106/><D106/><U53/><E53/><V131/><F131/><T36/><D0/><U52/><E54/><V113/><F113/><T93/><D93/><U111/><E105/><V43/><F124/><N who="0" m="47690" /><D61/><U64/><E111/><V73/><F49/><T128/><D128/><U74/><E74/><V75/><F75/><T42/><D42/><U98/><E84/><V123/><N who="2" m="31520" /><V126/><F126/><T91/><D72/><U135/><E135/><V85/><F73/><T104/><D104/><U96/><E96/><V56/><F56/><T112/><D112/><U99/><E99/><V77/><F103/><T1/><D1/><RYUUKYOKU ba="1,0" sc="442,10,297,-20,311,10,0,0" hai0="36,41,45,46,51,55,68,71,82,91" hai2="43,47,48,60,62,63,77,78,79,81,85,89,97" /><INIT seed="4,2,0,4,1,58" ten="452,277,321,0" oya="0" hai0="32,38,55,110,80,133,124,64,35,119,111,85,86" hai1="126,56,87,92,104,51,101,89,0,116,108,84,94" hai2="96,57,91,118,48,3,78,44,66,47,36,113,39" hai3=""/><T115/><D119/><U117/><E0/><V73/><F3/><T62/><D38/><U61/><E108/><N who="0" m="41513" /><D115/><U99/><E51/><V33/><F33/><T93/><D133/><U88/><E126/><V112/><F78/><T120/><N who="0" m="30752" /><T70/><D124/><U95/><E104/><V2/><F73/><T50/><D93/><U135/><E135/><V77/><F77/><T60/><D60/><U40/><E40/><V105/><F2/><T63/><D63/><U43/><E43/><V52/><F105/><T129/><D129/><U79/><E79/><V127/><F127/><T109/><N who="0" m="41521" /><T114/><DORA hai="131" /><D114/><N who="2" m="44138" /><F118/><T45/><D86/><U90/><E101/><V102/><F102/><T83/><D85/><U54/><AGARI ba="2,0" hai="54,56,61,84,87,88,89,90,92,94,95,99,116,117" machi="54" ten="20,6000,1" yaku="0,1,7,1,9,1,52,1,54,1" doraHai="58,131" who="1" fromWho="1" sc="452,-42,277,64,321,-22,0,0" /><INIT seed="5,0,0,0,1,94" ten="410,341,299,0" oya="1" hai0="61,55,129,76,109,102,111,73,100,128,56,63,39" hai1="78,62,88,59,81,130,79,70,75,96,90,43,99" hai2="60,131,93,85,53,68,54,37,95,40,57,50,124" hai3=""/><U48/><E130/><N who="0" m="50281" /><D39/><U126/><E70/><V36/><F131/><T122/><N who="0" m="31264" /><T0/><D0/><U113/><E113/><V133/><F133/><T125/><D125/><U120/><N who="1" m="30752" /><U117/><E117/><V108/><F108/><N who="0" m="41546" /><D63/><U52/><E78/><V87/><F124/><T101/><D101/><U121/><N who="1" m="31008" /><U34/><E34/><V106/><F106/><T97/><D97/><U49/><E126/><V46/><F37/><T74/><D74/><U116/><E116/><V123/><N who="2" m="31520" /><V112/><F112/><T84/><D73/><U98/><REACH who="1" step="1"/><E62/><REACH who="1" ten="410,331,299,0" step="2"/><V119/><F119/><T35/><D35/><U42/><E42/><V83/><F68/><T1/><D1/><U2/><E2/><V110/><F110/><T72/><D72/><U66/><E66/><V45/><REACH who="2" step="1"/><F87/><REACH who="2" ten="410,331,289,0" step="2"/><T41/><D84/><U69/><E69/><V33/><F33/><T89/><D41/><U92/><E92/><V114/><F114/><T51/><D76/><AGARI ba="0,2" hai="36,40,45,46,50,53,54,57,60,76,83,85,93,95" m="31520" machi="76" ten="30,3900,0" yaku="1,1,7,1,52,1,53,0" doraHai="94" doraHaiUra="86" who="2" fromWho="0" sc="410,-39,331,0,289,59,0,0" /><INIT seed="6,0,0,5,5,91" ten="371,331,348,0" oya="2" hai0="40,129,45,87,118,93,34,98,49,46,119,108,33" hai1="43,113,97,79,116,104,124,32,37,68,107,126,48" hai2="71,81,121,73,99,39,59,52,120,132,42,127,94" hai3=""/><V114/><N who="2" m="30752" /><V85/><N who="2" m="31008" /><V101/><F71/><T88/><D108/><U50/><E32/><V72/><F114/><T134/><D129/><U61/><E113/><V67/><F67/><T54/><D134/><U90/><E116/><V76/><F132/><T125/><D125/><N who="1" m="48235" /><E79/><V58/><F127/><T70/><D70/><U41/><E37/><V84/><F59/><T92/><D119/><U96/><E61/><V78/><F42/><N who="1" m="15881" /><E68/><V112/><F39/><T122/><N who="0" m="31264" /><T63/><D118/><U80/><E80/><V117/><F112/><T89/><D63/><U44/><E90/><V47/><F47/><T1/><D1/><U83/><E83/><V95/><F117/><T69/><D69/><U64/><E64/><V130/><F130/><T110/><D110/><U62/><E62/><V57/><F57/><T106/><D106/><N who="1" m="40491" /><E44/><V123/><N who="2" m="31520" /><V82/><F95/><T51/><AGARI ba="0,0" hai="33,34,40,45,46,49,51,54,87,88,89,92,93,98" m="31264" machi="51" ten="20,9000,2" yaku="0,1,7,1,52,3,54,1" doraHai="91" who="0" fromWho="0" sc="371,90,331,-30,348,-60,0,0" owari="461,41.0,301,-10.0,288,-31.0,0,0.0" /></mjloggm>