<mjloggm ver="2.3"><GO type="169" lobby="0"/><UN n0="%62%6F%6F%6B%65%72%4B" n1="%E4%B8%BB%E5%B8%AD" n2="%E6%B9%98%E5%8C%97%E2%91%AD%E4%B8%89%E4%BA%95%E5%AF%BF" n3="%E9%89%84%E7%A8%9A%E9%AD%9A%E3%82%AB%E3%83%A2%E9%A4%8A%E5%88%86" dan="16,16,17,18" rate="2110.40,2153.97,2147.95,2203.75" sx="M,M,M,F"/><TAIKYOKU oya="0"/><INIT seed="0,0,0,5,4,14" ten="250,250,250,250" oya="0" hai0="126,99,100,28,67,61,37,55,116,16,110,117,51" hai1="107,31,5,98,59,2,41,38,81,93,92,108,78" hai2="91,12,121,7,94,125,62,106,29,105,63,83,97" hai3="101,36,48,18,131,0,132,123,22,109,135,124,104"/><T75/><D28/><U47/><E31/><V85/><F121/><W57/><G36/><T118/><D75/><N who="1" m="43231" /><E59/><V88/><F125/><W46/><G0/><T71/><D126/><U53/><E53/><V65/><F29/><W49/><G124/><T74/><D74/><U10/><E108/><V39/><F39/><W24/><G109/><T45/><D37/><U69/><E69/><V86/><F63/><W50/><G131/><T32/><D32/><U11/><E11/><V44/><F44/><W112/><G112/><T9/><D110/><U84/><E84/><V58/><F7/><W130/><G130/><T128/><D128/><U77/><E77/><V13/><F106/><W40/><G123/><T127/><D127/><U111/><E111/><V6/><F105/><W76/><G76/><T19/><REACH who="0" step="1"/><D9/><REACH who="0" ten="240,250,250,250" step="2"/><U73/><E73/><V27/><F6/><W103/><G135/><T90/><D90/><U72/><E72/><V21/><F86/><W4/><G132/><T26/><D26/><U54/><E38/><V82/><F83/><W34/><G34/><T134/><D134/><U96/><E10/><V66/><F27/><W23/><G4/><T33/><D33/><U129/><E5/><V114/><F114/><W56/><G24/><T15/><D15/><N who="2" m="5706" /><F21/><W17/><G23/><T68/><D68/><U8/><E129/><V35/><F35/><W52/><G22/><T20/><D20/><U64/><E8/><V70/><F70/><W87/><G87/><T133/><D133/><U1/><E1/><V80/><F82/><W79/><G79/><T60/><D60/><RYUUKYOKU ba="0,1" sc="240,15,250,-15,250,15,250,-15" hai0="16,19,45,51,55,61,67,71,99,100,116,117,118" hai2="58,62,65,66,80,85,88,91,94,97" /><INIT seed="0,1,1,2,0,26" ten="255,235,265,235" oya="0" hai0="21,29,62,64,97,14,131,49,65,91,57,75,33" hai1="87,96,84,125,61,43,133,2,37,19,120,28,6" hai2="77,98,24,36,70,3,127,13,39,95,119,86,103" hai3="121,42,81,73,41,126,17,104,115,78,11,106,54"/><T38/><D38/><U82/><E120/><V4/><F70/><W130/><G115/><T46/><D75/><U74/><E28/><V9/><F127/><W10/><G126/><T31/><D33/><U35/><E35/><V63/><F119/><W27/><G130/><T0/><D0/><U71/><E125/><V122/><F122/><W80/><G54/><T5/><D131/><U128/><E128/><V99/><F3/><W16/><G27/><T40/><D65/><U72/><E19/><V30/><F63/><W76/><G121/><T88/><D21/><U45/><E96/><V112/><F112/><W113/><G113/><T47/><D46/><U123/><E123/><V53/><F53/><W105/><G105/><T51/><D51/><U129/><E129/><V101/><F86/><W90/><G90/><N who="0" m="34347" /><D97/><U114/><E114/><V111/><F77/><W50/><G50/><T56/><D56/><U55/><E74/><AGARI ba="1,1" hai="10,11,16,17,41,42,73,74,76,78,80,81,104,106" machi="74" ten="25,3200,0" yaku="22,2,54,1" doraHai="26" who="3" fromWho="1" sc="255,0,235,-35,265,0,235,45" /><INIT seed="1,0,0,1,1,96" ten="255,200,265,280" oya="1" hai0="19,42,97,121,91,13,67,7,73,34,109,98,52" hai1="80,113,101,24,70,92,50,10,69,86,9,95,43" hai2="83,131,36,110,27,29,124,130,125,93,117,61,60" hai3="16,58,111,135,118,48,132,77,82,74,105,8,85"/><U79/><E113/><V129/><F117/><W116/><G111/><T41/><D67/><U23/><E70/><V112/><F36/><W40/><G74/><T49/><D73/><U68/><E68/><V11/><F110/><W119/><G105/><T114/><D34/><U22/><E69/><V72/><F112/><W120/><G120/><T94/><D114/><U76/><E76/><N who="2" m="44423" /><F11/><N who="1" m="4105" /><E23/><N who="2" m="15615" /><F93/><W107/><G107/><T18/><D109/><U5/><E5/><V57/><F61/><W28/><G28/><T59/><D7/><U87/><E87/><V62/><F60/><W0/><G0/><T15/><D98/><N who="1" m="59591" /><E95/><V66/><AGARI ba="0,0" hai="57,62,66,124,125,129,130,131" m="15615,44423" machi="66" ten="40,1500,0" yaku="19,1" doraHai="96" who="2" fromWho="2" sc="255,-4,200,-7,265,15,280,-4" /><INIT seed="2,0,0,2,1,130" ten="251,193,280,276" oya="2" hai0="104,70,75,10,5,63,127,24,81,108,62,13,99" hai1="87,72,8,27,6,128,110,51,4,0,29,60,123" hai2="84,125,93,49,124,76,44,92,58,69,25,30,73" hai3="43,98,54,119,67,131,36,83,39,100,23,115,20"/><V101/><F69/><W47/><G119/><T77/><D108/><U42/><E72/><V129/><F73/><W85/><G131/><T45/><D127/><N who="2" m="48714" /><F129/><W116/><G116/><T120/><D120/><U109/><E128/><V105/><F58/><W3/><G3/><T18/><D70/><U1/><E123/><V94/><F105/><W46/><G115/><T79/><D79/><U22/><E60/><V57/><F57/><W48/><G67/><T11/><D45/><U50/><E87/><V90/><F76/><W28/><G28/><T65/><D65/><U55/><E42/><N who="2" m="24727" /><F101/><W103/><G103/><T121/><D121/><U80/><E80/><V19/><F19/><W135/><G39/><T126/><D104/><U89/><E89/><V56/><F56/><W33/><G100/><T2/><D99/><U52/><E51/><V66/><F66/><W91/><G98/><T114/><D126/><U68/><E68/><V7/><F7/><W35/><G83/><T17/><D114/><U86/><E86/><V41/><F41/><W106/><G106/><T37/><D37/><U34/><E55/><V117/><F117/><W26/><G85/><T102/><D102/><U118/><E118/><V78/><F78/><W107/><G91/><T40/><D40/><U12/><E52/><V59/><F59/><W15/><G107/><T82/><D82/><U38/><E38/><V95/><F95/><W88/><G88/><T21/><AGARI ba="0,0" hai="2,5,10,11,13,17,18,21,24,62,63,75,77,81" machi="21" ten="30,1100,0" yaku="0,1" doraHai="130" who="0" fromWho="0" sc="251,11,193,-3,280,-5,276,-3" /><INIT seed="3,0,0,4,2,115" ten="262,190,275,273" oya="3" hai0="97,127,61,117,67,25,48,72,120,77,8,29,121" hai1="68,130,64,31,105,13,112,43,95,47,116,46,119" hai2="49,110,55,90,70,104,62,33,3,86,1,20,69" hai3="27,4,54,122,63,36,59,79,57,131,88,40,123"/><W18/><G131/><T30/><D97/><U39/><E105/><V87/><F33/><W96/><G79/><T12/><D48/><U22/><E112/><V107/><F110/><W21/><G4/><T16/><D61/><U19/><E130/><V52/><F20/><W132/><G132/><T44/><D44/><U51/><E31/><V34/><F34/><W113/><G113/><T28/><D67/><U35/><E35/><V38/><F49/><W50/><G40/><T15/><D77/><U101/><E64/><V99/><F99/><W65/><REACH who="3" step="1"/><G36/><REACH who="3" ten="262,190,275,263" step="2"/><T108/><D72/><U26/><E39/><V6/><F38/><W37/><G37/><T24/><D108/><U114/><E114/><V118/><F6/><W5/><G5/><T81/><D120/><U129/><E129/><V89/><REACH who="2" step="1"/><F62/><REACH who="2" ten="262,190,265,263" step="2"/><W125/><G125/><T10/><D121/><U82/><E51/><V9/><F9/><W76/><G76/><T41/><D127/><U45/><E43/><V23/><F23/><W42/><G42/><T94/><D41/><U85/><E22/><V126/><F126/><W60/><G60/><T128/><D8/><U93/><E119/><AGARI ba="0,2" hai="1,3,52,55,69,70,86,87,89,90,104,107,118,119" machi="119" ten="25,12000,2" yaku="1,1,22,2,52,2,54,1,53,0" doraHai="115" doraHaiUra="111" who="2" fromWho="1" sc="262,0,190,-120,265,140,263,0" /><INIT seed="4,0,0,2,4,13" ten="262,70,405,263" oya="0" hai0="121,33,48,20,69,2,62,41,0,57,53,76,127" hai1="85,129,7,93,81,108,126,102,45,122,52,66,46" hai2="12,124,110,29,103,1,133,78,111,19,90,97,135" hai3="106,98,99,125,34,68,109,134,113,25,80,40,77"/><T105/><D33/><U107/><E108/><V61/><F1/><W39/><G109/><T4/><D105/><U37/><E122/><V79/><F29/><N who="3" m="19759" /><G99/><T22/><D121/><U132/><E107/><V30/><F30/><W28/><G28/><T91/><D76/><N who="2" m="29226" /><F61/><W67/><G113/><T70/><D2/><U64/><E37/><V21/><F90/><W49/><G49/><T50/><D91/><N who="1" m="51631" /><E132/><N who="2" m="50763" /><F124/><W27/><G125/><T82/><D82/><U51/><E129/><V95/><AGARI ba="0,0" hai="12,19,21,95,97,103,110,111" m="50763,29226" machi="95" ten="30,2000,0" yaku="20,1,52,1" doraHai="13" who="2" fromWho="2" sc="262,-10,70,-5,405,20,263,-5" /><INIT seed="5,0,0,5,3,34" ten="252,65,425,258" oya="1" hai0="49,29,54,64,69,1,128,74,2,105,3,117,30" hai1="44,5,85,58,119,102,113,51,91,97,7,79,56" hai2="116,118,68,124,121,82,45,127,100,92,109,8,22" hai3="11,134,122,24,131,101,6,108,20,89,99,126,123"/><U90/><E119/><V23/><F68/><W41/><G108/><T80/><D105/><U53/><E113/><V40/><F121/><W78/><G131/><T125/><D117/><U62/><E79/><V46/><F109/><W70/><G70/><T63/><D128/><U75/><E75/><V114/><F82/><W27/><G126/><N who="2" m="48169" /><F8/><W26/><G134/><T4/><D4/><U96/><E58/><V38/><F46/><W61/><G78/><T107/><D107/><U65/><E90/><V47/><F45/><W0/><G41/><T55/><D125/><U112/><E112/><V130/><F114/><W28/><G89/><T17/><D55/><U73/><E73/><V42/><F42/><W98/><G123/><T18/><D80/><U31/><E31/><V59/><F59/><W86/><G122/><T111/><D74/><U60/><E60/><V120/><F120/><W95/><G61/><T84/><D84/><U135/><E135/><V76/><F76/><W43/><G43/><T16/><REACH who="0" step="1"/><D111/><REACH who="0" ten="242,65,425,258" step="2"/><U50/><E50/><V87/><F87/><W35/><G86/><T66/><D66/><U36/><E36/><V133/><F130/><W25/><REACH who="3" step="1"/><G99/><REACH who="3" ten="242,65,425,248" step="2"/><N who="1" m="37962" /><E102/><V129/><F129/><W67/><G67/><T19/><N who="0" m="4608" /><DORA hai="52" /><T81/><D81/><AGARI ba="0,2" hai="5,7,44,51,53,56,62,65,81,85,91" m="37962" machi="81" ten="30,2900,0" yaku="8,1,52,1" doraHai="34,52" who="1" fromWho="0" sc="242,-29,65,49,425,0,248,0" /><INIT seed="5,1,0,4,3,107" ten="213,114,425,248" oya="1" hai0="42,49,69,6,19,9,124,122,112,71,64,4,98" hai1="63,40,65,85,135,99,35,34,129,33,123,36,108" hai2="31,101,110,32,119,0,24,30,100,41,115,23,54" hai3="61,20,25,102,67,58,5,97,17,128,62,126,72"/><U118/><E118/><V120/><F119/><W13/><G128/><T90/><D122/><U55/><E123/><V81/><F0/><W77/><G126/><T3/><D4/><U127/><E129/><V75/><F120/><W89/><G89/><T92/><D124/><U76/><E127/><V87/><F41/><W91/><G91/><T114/><D19/><U68/><E135/><V96/><F110/><W104/><G5/><T21/><D21/><U12/><E108/><V7/><F7/><W38/><G38/><T82/><D82/><U46/><E99/><V88/><F115/><N who="0" m="44074" /><D64/><U29/><E12/><V79/><F54/><W84/><G67/><T11/><D11/><U57/><E85/><V105/><F101/><W15/><G84/><T16/><D16/><U2/><E76/><V93/><F31/><W26/><G13/><T18/><D18/><U103/><E103/><V47/><F47/><AGARI ba="1,0" hai="3,6,9,42,47,49,69,71,90,92,98" m="44074" machi="47" ten="30,1000,0" yaku="15,1" doraHai="107" who="0" fromWho="2" sc="213,13,114,0,425,-13,248,0" /><INIT seed="6,0,0,3,2,121" ten="226,114,412,248" oya="2" hai0="59,58,101,83,14,1,82,27,51,48,115,127,55" hai1="64,0,88,50,9,10,49,24,91,123,13,5,42" hai2="39,47,11,116,102,104,124,113,6,16,34,56,21" hai3="33,4,78,22,17,3,30,28,94,53,111,7,97"/><V52/><F34/><W23/><G78/><T90/><D1/><U87/><E123/><V105/><F116/><W63/><G94/><T84/><D115/><U19/><E42/><V109/><F113/><W45/><G97/><T98/><D27/><U135/><E135/><V89/><F124/><W29/><G53/><T86/><D127/><U128/><E128/><V43/><F89/><W129/><G63/><T32/><D32/><U95/><E64/><V107/><F102/><W92/><G45/><T26/><D26/><U131/><E131/><V62/><F109/><W68/><G92/><T15/><D98/><U99/><REACH who="1" step="1"/><E24/><REACH who="1" ten="226,104,412,248" step="2"/><V25/><REACH who="2" step="1"/><F107/><REACH who="2" ten="226,104,402,248" step="2"/><W74/><G129/><T114/><D114/><U134/><E134/><V112/><F112/><W73/><G33/><T72/><D101/><U44/><E44/><V81/><F81/><AGARI ba="0,2" hai="0,5,9,10,13,19,49,50,81,87,88,91,95,99" machi="81" ten="30,3900,0" yaku="1,1,7,1,54,1,53,0" doraHai="121" doraHaiUra="57" who="1" fromWho="2" sc="226,0,104,59,402,-39,248,0" /><INIT seed="7,0,0,3,5,130" ten="226,163,363,248" oya="3" hai0="110,60,93,56,68,31,133,66,14,44,106,29,37" hai1="118,122,129,97,132,10,26,84,61,128,124,0,114" hai2="41,39,75,113,40,46,103,38,22,28,52,63,49" hai3="69,57,98,27,78,7,81,35,91,43,51,99,30"/><W87/><G69/><T42/><D106/><U47/><E47/><V18/><F75/><W59/><G7/><T21/><D110/><U120/><E61/><V70/><F113/><W92/><G99/><T3/><D3/><U36/><E36/><N who="2" m="21799" /><F28/><W2/><G2/><T80/><D80/><U74/><E74/><V135/><F103/><W101/><G43/><T12/><D133/><U102/><E84/><V25/><F135/><W95/><G51/><T13/><D21/><U53/><E53/><V126/><F126/><W65/><G65/><T77/><D77/><U33/><E124/><V67/><F40/><W6/><G6/><T20/><D20/><U1/><E118/><V23/><F22/><W86/><AGARI ba="0,0" hai="27,30,35,57,59,78,81,86,87,91,92,95,98,101" machi="86" ten="20,2100,0" yaku="0,1,7,1" doraHai="130" who="3" fromWho="3" sc="226,-7,163,-7,363,-7,248,21" /><INIT seed="7,1,0,1,2,12" ten="219,156,356,269" oya="3" hai0="7,89,41,5,59,95,96,27,109,62,75,32,4" hai1="33,6,10,124,93,115,71,67,100,24,134,31,17" hai2="30,38,54,116,23,26,15,47,119,74,126,83,37" hai3="104,34,39,13,90,113,129,131,101,111,106,50,8"/><W44/><G39/><T127/><D75/><U82/><E134/><V43/><F126/><W86/><G34/><T85/><D127/><U92/><E124/><V108/><F108/><W14/><G111/><T122/><D122/><U55/><E115/><V0/><F38/><W51/><G113/><T68/><D68/><U105/><E82/><V1/><F54/><W45/><G101/><T78/><D41/><U63/><E55/><V29/><F30/><W40/><G14/><T121/><D121/><U118/><E118/><V66/><F66/><W36/><G36/><T53/><D32/><U72/><E72/><V133/><F133/><W28/><G28/><T46/><D27/><U94/><E6/><V56/><F56/><W64/><G64/><T25/><D25/><U61/><E61/><V123/><F123/><W114/><G114/><T70/><D70/><U98/><E10/><V58/><F58/><W125/><G125/><T110/><D109/><U81/><E81/><V3/><F15/><W80/><G131/><T16/><D46/><U42/><E42/><V84/><F74/><W128/><G128/><T112/><D112/><U77/><E77/><V9/><F9/><W21/><G129/><T65/><D78/><U48/><E48/><V11/><F11/><W76/><G76/><T49/><D49/><U135/><E135/><V35/><F35/><W99/><G8/><T130/><D65/><U88/><REACH who="1" step="1"/><E17/><REACH who="1" ten="219,146,356,269" step="2"/><N who="2" m="12655" /><F119/><W97/><G51/><T69/><D130/><U73/><E73/><V19/><F19/><N who="3" m="10479" /><G50/><T102/><D110/><U52/><E52/><V2/><F116/><RYUUKYOKU ba="1,1" sc="219,-10,146,30,356,-10,269,-10" hai1="24,31,33,63,67,71,88,92,93,94,98,100,105" owari="209,-19.0,176,-32.0,356,45.0,259,6.0" /></mjloggm>