<mjloggm ver="2.3"><GO type="169" lobby="0"/><UN n0="%E5%BD%A9%E4%BA%AC" n1="%E5%AE%88%E6%9D%91%E6%A1%9C%E5%BC%A5" n2="%E3%81%AE%E3%81%B6%E3%81%AE%E3%81%B6" n3="%4A%65%74%2E%42" dan="17,17,16,18" rate="2182.35,2151.24,2153.92,2206.35" sx="M,M,M,M"/><TAIKYOKU oya="0"/><INIT seed="0,0,0,5,3,120" ten="250,250,250,250" oya="0" hai0="35,87,90,135,118,102,89,62,43,59,96,47,77" hai1="98,30,0,125,45,12,126,14,95,34,44,28,68" hai2="29,42,78,84,105,16,6,53,48,88,5,110,97" hai3="115,11,129,19,119,58,106,60,81,67,71,91,40"/><T134/><D118/><U69/><E0/><V13/><F29/><N who="1" m="11369" /><E95/><V103/><F42/><W2/><G115/><T64/><D35/><U130/><E98/><V100/><F78/><W72/><G119/><T107/><D77/><U49/><E49/><V23/><F103/><W57/><G72/><T116/><D116/><U109/><E34/><V122/><F122/><W104/><G129/><T24/><D24/><U56/><E56/><V79/><F79/><W65/><G40/><T39/><REACH who="0" step="1"/><D87/><REACH who="0" ten="240,250,250,250" step="2"/><U86/><E86/><V128/><F128/><W9/><G104/><T111/><D111/><U92/><E109/><V32/><F110/><W117/><G106/><T37/><D37/><U46/><E130/><V15/><F32/><W133/><G117/><T52/><D52/><U55/><E55/><V41/><F41/><W1/><G67/><T82/><D82/><U76/><E76/><V70/><F70/><N who="1" m="27241" /><E92/><V61/><F61/><W66/><G60/><T51/><D51/><U10/><E126/><V31/><F31/><W80/><G71/><T131/><D131/><U54/><E54/><V93/><REACH who="2" step="1"/><F15/><REACH who="2" ten="240,250,240,250" step="2"/><W73/><G2/><T121/><D121/><U112/><E14/><V63/><F63/><W114/><G1/><T127/><D127/><U74/><E125/><V20/><F20/><W108/><G108/><T123/><D123/><U27/><E12/><V33/><F33/><W83/><G65/><T7/><D7/><U21/><E21/><V124/><F124/><W26/><G66/><T25/><D25/><U101/><E27/><V75/><F75/><W50/><G73/><RYUUKYOKU ba="0,2" sc="240,15,250,-15,240,15,250,-15" hai0="39,43,47,59,62,64,89,90,96,102,107,134,135" hai2="5,6,13,16,23,48,53,84,88,93,97,100,105" /><INIT seed="0,1,2,5,0,80" ten="255,235,255,235" oya="0" hai0="89,131,112,132,98,66,110,86,87,90,92,88,84" hai1="12,120,9,104,60,48,52,67,100,39,78,85,49" hai2="101,109,50,127,111,126,53,129,10,8,43,38,95" hai3="83,61,16,107,122,30,19,77,91,117,44,34,96"/><T121/><D121/><U27/><E120/><V26/><F38/><W65/><G122/><T102/><D112/><U64/><E39/><V62/><F43/><W63/><G117/><T42/><D42/><U58/><E104/><V11/><F62/><W115/><G115/><T103/><D66/><N who="1" m="25131" /><E27/><V119/><F26/><N who="3" m="18775" /><G61/><T13/><D131/><U59/><E100/><N who="0" m="38441" /><D132/><U79/><E79/><V4/><F129/><W130/><G91/><N who="0" m="55583" /><D13/><U14/><E59/><V81/><F4/><W94/><G44/><T1/><D1/><U106/><E106/><V35/><F35/><W135/><G130/><T113/><D113/><U55/><E55/><V32/><F32/><W125/><G135/><T0/><D0/><U68/><E68/><V20/><F119/><W133/><G133/><T82/><D110/><U31/><E14/><V7/><F7/><W56/><G107/><T5/><D5/><U40/><E40/><V18/><F109/><W108/><G108/><T105/><D105/><U6/><E31/><V72/><F111/><W57/><G19/><T124/><D124/><U116/><E116/><V17/><F126/><W22/><G125/><T99/><D99/><U33/><E33/><V47/><F127/><W123/><G123/><T93/><D93/><U73/><E73/><V36/><F95/><W29/><G94/><T118/><D118/><U41/><E41/><V21/><F101/><W24/><G96/><T15/><D15/><U51/><E60/><V37/><F37/><W3/><G3/><T70/><D70/><U69/><E69/><V54/><F36/><W23/><G16/><RYUUKYOKU ba="1,2" sc="255,15,235,15,255,-15,235,-15" hai0="82,84,86,87,88,89,90" hai1="6,9,12,48,49,51,52,58,78,85" /><INIT seed="0,2,2,3,5,2" ten="270,250,240,220" oya="0" hai0="8,38,67,31,81,36,73,5,123,42,14,106,101" hai1="120,68,54,19,56,78,98,53,82,122,86,28,3" hai2="4,109,52,50,47,91,88,118,117,135,89,7,18" hai3="131,11,96,84,93,40,23,12,99,22,126,43,57"/><T37/><D123/><U49/><E68/><V132/><F109/><W55/><G131/><T69/><D31/><U76/><E3/><V21/><F21/><N who="3" m="7691" /><G126/><T92/><D106/><U59/><E28/><V83/><F18/><N who="3" m="8479" /><G84/><T113/><D113/><U1/><E1/><V64/><F64/><W70/><G70/><T90/><D42/><N who="3" m="15913" /><G93/><T104/><D104/><U29/><E29/><V111/><F111/><W75/><G75/><T44/><D44/><U25/><E120/><V103/><F103/><W60/><AGARI ba="2,2" hai="55,57,60,96,99" m="15913,8479,7691" machi="60" ten="30,1100,0" yaku="8,1" doraHai="2" who="3" fromWho="3" sc="270,-7,250,-5,240,-5,220,37" /><INIT seed="1,0,0,5,3,4" ten="263,245,235,257" oya="1" hai0="107,65,86,2,103,92,3,83,17,106,81,78,68" hai1="57,132,38,50,21,93,60,66,69,58,30,41,87" hai2="109,85,72,53,73,23,25,90,118,27,32,55,47" hai3="0,108,46,1,22,19,13,95,121,114,7,133,94"/><U130/><E130/><V64/><F118/><W125/><G121/><T48/><D3/><U75/><E75/><V42/><F109/><W96/><G114/><T80/><D2/><U12/><E132/><V116/><F116/><W88/><G108/><T62/><D83/><U14/><E38/><V71/><F32/><W100/><G125/><T101/><D106/><U24/><E69/><V8/><F25/><W110/><G110/><T99/><D107/><U77/><E77/><V126/><F126/><W74/><G74/><T129/><D129/><U82/><E82/><V117/><F8/><W40/><G7/><T79/><D17/><U135/><E135/><V67/><F72/><W52/><G52/><T39/><D39/><U102/><E57/><V63/><F67/><W33/><G33/><T119/><D119/><U89/><REACH who="1" step="1"/><E102/><REACH who="1" ten="263,235,235,257" step="2"/><V10/><F73/><W127/><G133/><T20/><D103/><U123/><E123/><V61/><F117/><W49/><REACH who="3" step="1"/><G127/><REACH who="3" ten="263,235,235,247" step="2"/><T26/><D79/><U29/><E29/><V120/><F120/><W56/><G56/><T11/><D78/><U16/><E16/><V91/><F71/><W112/><G112/><T43/><D68/><U5/><E5/><V124/><F124/><W59/><G59/><T113/><D113/><U35/><E35/><V15/><F47/><AGARI ba="0,2" hai="12,14,21,24,30,41,47,50,58,60,66,87,89,93" machi="47" ten="40,3900,0" yaku="1,1,8,1,53,0" doraHai="4" doraHaiUra="34" who="1" fromWho="2" sc="263,0,235,59,235,-39,247,0" /><INIT seed="1,1,0,3,2,42" ten="263,294,196,247" oya="1" hai0="24,85,12,123,53,3,78,127,17,19,134,87,99" hai1="55,47,40,66,91,63,30,6,23,41,52,9,122" hai2="10,50,7,49,71,70,116,8,72,20,86,44,100" hai3="35,5,79,69,64,2,54,31,130,92,18,0,131"/><U89/><E122/><V36/><F116/><W97/><G79/><T108/><D3/><U93/><E91/><V37/><F72/><W104/><G104/><T118/><D118/><U75/><E75/><V21/><F100/><W1/><G18/><T58/><D123/><U51/><E55/><V4/><REACH who="2" step="1"/><F86/><REACH who="2" ten="263,294,186,247" step="2"/><W121/><G121/><T46/><D87/><U48/><E93/><V25/><F25/><W26/><G92/><T33/><D85/><U90/><E90/><V126/><F126/><W13/><G97/><T132/><D24/><U109/><E89/><V80/><F80/><W94/><G94/><T110/><D127/><U96/><E96/><V83/><F83/><W135/><G26/><T38/><D99/><U112/><E109/><V125/><F125/><W129/><G130/><T32/><D110/><U113/><E113/><V114/><F114/><W14/><G129/><T111/><D108/><U45/><E112/><V124/><F124/><W119/><G119/><T62/><D111/><U39/><E39/><V34/><F34/><W82/><G35/><T27/><D33/><U67/><E30/><V29/><F29/><W57/><G82/><T28/><D38/><U115/><E115/><V74/><F74/><W68/><G31/><T16/><D28/><U105/><E105/><V117/><F117/><W59/><G131/><T15/><D32/><U133/><E133/><V98/><F98/><W73/><G73/><T81/><D134/><U103/><E103/><V128/><F128/><W43/><G135/><T11/><D132/><U95/><E95/><V102/><F102/><RYUUKYOKU ba="1,1" sc="263,-10,294,-10,186,30,247,-10" hai2="4,7,8,10,20,21,36,37,44,49,50,70,71" /><INIT seed="2,2,1,4,1,21" ten="253,284,216,237" oya="2" hai0="1,123,90,12,127,42,128,121,36,79,44,133,38" hai1="89,56,30,51,46,29,69,101,15,16,53,93,4" hai2="80,3,124,109,107,126,131,73,20,23,96,2,125" hai3="130,122,28,81,76,59,63,0,24,75,119,70,18"/><V117/><F117/><W98/><G122/><T68/><D1/><N who="2" m="10" /><F131/><W94/><G130/><T8/><D68/><U71/><E71/><V33/><F33/><W110/><G0/><T10/><D128/><U87/><E69/><V108/><F73/><W120/><G120/><T32/><D32/><U48/><E101/><N who="2" m="62887" /><F80/><W115/><G70/><T82/><D90/><U65/><E4/><V57/><F57/><W67/><G119/><T104/><D104/><U103/><E103/><V11/><F11/><W43/><G115/><T74/><D10/><N who="1" m="6263" /><E65/><V106/><F106/><W26/><G28/><T83/><D123/><U78/><E78/><V92/><F92/><W52/><G18/><T13/><D121/><U45/><E56/><V102/><F102/><W55/><G43/><AGARI ba="2,1" hai="29,30,43,45,46,48,51,53,87,89,93" m="6263" machi="43" ten="30,2000,0" yaku="8,1,54,1" doraHai="21" who="1" fromWho="3" sc="253,0,284,36,216,0,237,-26" /><INIT seed="3,0,0,4,3,5" ten="253,320,216,211" oya="3" hai0="76,54,113,101,69,128,11,98,111,67,105,122,48" hai1="19,25,32,100,97,89,50,38,14,26,116,99,80" hai2="13,92,134,70,108,82,42,22,88,21,24,1,31" hai3="49,60,84,115,135,29,3,103,77,12,10,33,27"/><W86/><G115/><T55/><D122/><U34/><E38/><V63/><F108/><W126/><G126/><T120/><D120/><U0/><E0/><V68/><F1/><W112/><G112/><T35/><D113/><U30/><E116/><V93/><F134/><W16/><G135/><T65/><D128/><U53/><E25/><V124/><F124/><W107/><G77/><T58/><D111/><U118/><E118/><V61/><F42/><W6/><G49/><T20/><D35/><U91/><E34/><V15/><F82/><W131/><G131/><T18/><D76/><U117/><E117/><V62/><F68/><W59/><G103/><T23/><D55/><U85/><E97/><V39/><F39/><W94/><G107/><T132/><D132/><U45/><E99/><V66/><F93/><W43/><G94/><T81/><D81/><U4/><E4/><V90/><F90/><W17/><G43/><T46/><D69/><U78/><E100/><V56/><F70/><W8/><G17/><T71/><D71/><U75/><E75/><V110/><F110/><W121/><G121/><T109/><D109/><U37/><E37/><V104/><F104/><W2/><G2/><T127/><D127/><U102/><E102/><V44/><F44/><W123/><G123/><T96/><D96/><U79/><E91/><V51/><F51/><W64/><AGARI ba="0,0" hai="3,6,8,10,12,16,27,29,33,59,60,64,84,86" machi="64" ten="20,12000,1" yaku="0,1,7,1,52,2,54,1" doraHai="5" who="3" fromWho="3" sc="253,-40,320,-40,216,-40,211,120" /><INIT seed="3,1,0,2,2,113" ten="213,280,176,331" oya="3" hai0="106,17,47,71,86,126,46,51,40,53,131,19,41" hai1="87,34,84,108,44,120,16,110,74,134,1,58,45" hai2="78,55,50,54,77,61,69,32,4,100,130,73,2" hai3="111,22,39,119,35,97,79,63,90,109,31,27,123"/><W7/><G123/><T66/><D106/><U101/><E120/><V102/><F32/><W57/><G39/><T121/><D121/><U24/><E74/><V103/><F2/><W49/><G79/><T105/><D105/><U112/><E112/><V85/><F4/><W8/><G49/><T43/><D131/><U21/><E134/><V104/><F130/><W68/><G68/><T124/><D86/><N who="1" m="32811" /><E1/><V38/><F38/><W65/><G35/><T12/><D19/><U89/><E101/><V33/><F33/><W29/><G29/><T132/><D132/><U3/><E89/><V11/><F11/><W60/><G60/><N who="0" m="40391" /><D12/><N who="1" m="9351" /><E58/><V93/><F69/><W125/><G90/><T115/><D17/><U23/><E3/><V76/><F73/><W129/><G129/><T28/><D28/><N who="1" m="17439" /><E34/><V56/><F104/><W0/><G97/><T52/><D115/><U116/><E116/><V128/><F128/><W25/><G25/><T13/><D13/><U96/><E96/><N who="2" m="59407" /><F85/><W48/><G119/><T82/><D82/><U107/><E107/><V122/><F122/><W91/><G91/><T80/><D80/><U135/><E135/><V92/><F92/><W94/><G94/><T26/><D26/><U67/><E67/><V98/><F98/><W99/><G99/><T5/><D5/><U14/><E14/><V114/><F114/><W83/><G83/><T88/><D88/><U20/><E20/><V59/><AGARI ba="1,0" hai="50,54,55,56,59,61,76,77,78,102,103" m="59407" machi="59" ten="30,1100,0" yaku="8,1" doraHai="113" who="2" fromWho="2" sc="213,-4,280,-4,176,14,331,-6" /><INIT seed="4,0,0,4,1,98" ten="209,276,190,325" oya="0" hai0="15,124,73,74,80,97,57,16,58,76,95,63,75" hai1="79,92,71,121,55,3,117,82,38,59,54,122,50" hai2="120,7,8,42,93,40,110,107,119,111,77,90,103" hai3="65,60,62,12,27,43,29,51,31,10,41,94,113"/><T61/><D124/><U19/><E117/><V123/><F42/><W23/><G113/><T24/><D24/><U135/><E3/><V22/><F40/><W13/><G31/><T49/><D49/><U52/><E135/><V1/><F77/><W28/><G28/><T25/><D25/><U112/><E38/><V126/><F22/><W2/><G2/><T36/><D36/><U88/><E71/><V116/><F107/><W69/><G62/><T101/><D58/><U109/><E109/><V33/><F33/><W11/><G94/><T32/><D32/><U130/><E130/><V127/><F90/><W70/><G70/><T4/><D4/><U26/><E112/><V129/><F93/><W21/><G21/><T34/><D34/><U125/><E125/><N who="2" m="47627" /><F103/><W114/><G114/><T5/><D5/><U48/><E48/><V100/><F100/><W47/><G43/><T102/><D102/><U85/><E122/><N who="2" m="46635" /><F129/><W20/><G23/><T14/><D14/><U115/><E115/><V68/><F68/><W83/><G13/><T6/><D6/><U0/><E0/><V106/><F106/><W46/><G12/><T72/><REACH who="0" step="1"/><D57/><REACH who="0" ten="199,276,190,325" step="2"/><U67/><E121/><V128/><F128/><W96/><G27/><T89/><D89/><U91/><E91/><V35/><F35/><W118/><G51/><T134/><D134/><U53/><E50/><V30/><F30/><W99/><G29/><T17/><D17/><U132/><E132/><V78/><F78/><W37/><G37/><T45/><D45/><U9/><E79/><V86/><F86/><W81/><G47/><RYUUKYOKU ba="0,1" sc="199,15,276,-15,190,15,325,-15" hai0="15,16,61,63,72,73,74,75,76,80,95,97,101" hai2="1,7,8,110,111,116,119" /><INIT seed="4,1,1,1,2,50" ten="214,261,205,310" oya="0" hai0="87,95,77,129,134,99,93,89,131,120,105,26,31" hai1="48,4,34,82,8,41,49,71,66,117,109,94,73" hai2="33,116,130,86,78,115,20,107,104,35,90,68,11" hai3="36,16,72,60,0,122,84,114,44,119,76,98,100"/><T21/><D120/><U40/><E109/><V61/><F78/><W9/><G119/><T29/><D105/><U6/><E34/><V39/><F39/><W132/><G114/><T97/><D134/><U3/><E117/><V133/><F115/><W45/><G132/><T110/><D110/><U135/><E94/><V88/><F133/><W108/><G122/><T128/><D31/><U14/><E66/><V47/><F20/><W83/><G108/><T74/><REACH who="0" step="1"/><D95/><REACH who="0" ten="204,261,205,310" step="2"/><U81/><E135/><V123/><F104/><W101/><G36/><T19/><D19/><U25/><E6/><V65/><F107/><W42/><G16/><T2/><D2/><U67/><E4/><V69/><F123/><W92/><G9/><T55/><D55/><U59/><E8/><V56/><F11/><W7/><G0/><T111/><D111/><U5/><E5/><V37/><F116/><W62/><G92/><T106/><D106/><U12/><E3/><V22/><F35/><W75/><G7/><T15/><D15/><U127/><E12/><V57/><F33/><W79/><G42/><T91/><D91/><U28/><E14/><V96/><F88/><W17/><G17/><T30/><D30/><U43/><E43/><V102/><F90/><W46/><G79/><T52/><D52/><U53/><E40/><V58/><F65/><W51/><G76/><T113/><D113/><U124/><E67/><V63/><F63/><W112/><G62/><T80/><AGARI ba="1,2" hai="21,26,29,74,77,80,87,89,93,97,99,128,129,131" machi="80" ten="40,7800,0" yaku="1,1,0,1,19,1,53,0" doraHai="50" doraHaiUra="103" who="0" fromWho="0" sc="204,101,261,-27,205,-27,310,-27" /><INIT seed="4,2,0,2,2,7" ten="305,234,178,283" oya="0" hai0="11,119,20,124,135,100,67,52,32,86,68,134,55" hai1="21,104,0,131,1,35,45,60,59,117,105,125,3" hai2="98,129,2,69,132,34,38,84,133,109,114,61,66" hai3="130,102,18,89,24,26,53,76,74,99,8,95,56"/><T77/><D119/><U62/><E117/><V36/><F34/><W44/><G130/><T40/><D32/><U29/><E35/><V43/><F2/><W88/><G74/><T121/><D121/><U22/><E45/><V115/><F98/><W12/><G44/><T116/><D116/><U17/><E131/><V106/><F106/><W78/><G89/><T50/><D124/><U23/><E125/><V126/><F129/><W14/><G14/><T83/><D100/><U19/><E29/><V31/><F31/><W54/><G54/><T123/><D123/><U41/><E41/><V87/><F43/><W65/><G65/><T28/><D11/><U85/><E85/><N who="2" m="32843" /><F126/><W51/><G102/><T92/><D92/><U75/><E75/><V4/><F4/><W48/><REACH who="3" step="1"/><G51/><REACH who="3" ten="305,234,178,273" step="2"/><T47/><D67/><U71/><E0/><V73/><F73/><W25/><AGARI ba="2,1" hai="8,12,18,24,25,26,48,53,56,76,78,88,95,99" machi="25" ten="30,12000,2" yaku="1,1,2,1,0,1,8,1,52,1,54,1,53,0" doraHai="7" doraHaiUra="120" who="3" fromWho="3" sc="305,-62,234,-32,178,-32,273,136" /><INIT seed="5,0,0,5,3,10" ten="243,202,146,409" oya="1" hai0="82,73,51,125,22,71,121,5,124,120,123,61,109" hai1="69,63,100,75,130,108,24,94,12,28,134,68,59" hai2="36,129,88,127,30,37,6,91,97,53,117,1,110" hai3="113,64,98,102,135,65,0,70,111,2,58,50,90"/><U55/><E134/><V77/><F110/><W62/><G111/><T8/><D109/><U67/><E108/><V13/><F117/><W17/><G135/><T11/><D22/><U27/><E130/><V115/><F1/><W80/><G113/><T95/><D95/><U32/><E75/><V122/><F122/><W103/><G103/><T114/><D114/><U133/><E133/><V20/><F115/><W38/><G38/><T83/><D51/><U39/><E39/><V78/><F37/><W79/><G90/><N who="2" m="34345" /><F36/><W47/><G64/><N who="0" m="41359" /><D11/><U46/><E46/><V128/><F97/><W107/><G17/><T99/><D99/><U131/><E131/><N who="2" m="50251" /><F127/><N who="0" m="48714" /><D73/><U33/><E100/><V87/><F87/><W23/><G2/><AGARI ba="0,0" hai="2,5,8,82,83,120,121,123" m="48714,41359" machi="2" ten="40,2600,0" yaku="13,1,18,1" doraHai="10" who="0" fromWho="3" sc="243,26,202,0,146,0,409,-26" /><INIT seed="6,0,0,1,1,33" ten="269,202,146,383" oya="2" hai0="16,70,23,121,95,65,69,27,50,49,47,86,129" hai1="100,38,61,29,6,13,53,90,31,82,19,118,73" hai2="28,81,39,76,91,99,21,25,62,37,32,52,56" hai3="124,22,51,59,135,57,94,1,67,42,8,20,2"/><V14/><F76/><W58/><G67/><T96/><D121/><U0/><E38/><V26/><F14/><W44/><G135/><T110/><D129/><U12/><E100/><V30/><F81/><W133/><G133/><T3/><D3/><U4/><E118/><V112/><F112/><W45/><G124/><T114/><D114/><U46/><E73/><V119/><F119/><W40/><G94/><T101/><D110/><U98/><E0/><V43/><F43/><W80/><G80/><T71/><D86/><N who="1" m="50519" /><E98/><V63/><REACH who="2" step="1"/><F62/><REACH who="2" ten="269,202,136,383" step="2"/><W85/><G42/><T77/><D77/><U64/><E13/><V132/><F132/><W75/><G40/><T72/><D72/><U74/><E74/><V104/><F104/><W120/><G75/><T115/><D115/><U126/><E126/><V123/><F123/><W36/><G120/><T128/><D128/><U93/><E93/><AGARI ba="0,1" hai="21,25,26,28,30,32,37,39,52,56,63,91,93,99" machi="93" ten="40,3900,0" yaku="1,1,54,1,53,0" doraHai="33" doraHaiUra="105" who="2" fromWho="1" sc="269,0,202,-39,136,49,383,0" /><INIT seed="6,1,0,1,1,4" ten="269,163,185,383" oya="2" hai0="62,115,40,26,50,87,132,134,24,96,1,124,94" hai1="48,44,63,2,69,71,41,38,121,99,118,22,13" hai2="72,52,86,108,116,106,109,125,128,42,92,91,55" hai3="39,15,47,110,8,31,60,16,102,56,21,10,11"/><V32/><F116/><W35/><G110/><N who="2" m="42601" /><F72/><W36/><G102/><T30/><D1/><U126/><E118/><V80/><F106/><W65/><G35/><T64/><D115/><U3/><E126/><V85/><F32/><W37/><REACH who="3" step="1"/><G31/><REACH who="3" ten="269,163,185,373" step="2"/><T105/><D30/><U73/><E121/><V59/><F125/><W76/><G76/><T51/><D124/><U6/><E73/><V20/><F128/><W95/><G95/><T103/><D94/><U79/><E79/><N who="2" m="46239" /><F42/><AGARI ba="1,1" hai="8,10,11,15,16,21,36,37,39,42,47,56,60,65" machi="42" ten="40,12000,2" yaku="1,1,52,3,54,1,53,1" doraHai="4" doraHaiUra="17" who="3" fromWho="2" sc="269,0,163,0,185,-123,373,133" /><INIT seed="7,0,0,3,2,72" ten="269,163,62,506" oya="3" hai0="120,17,78,1,97,74,64,77,67,121,10,75,34" hai1="103,7,23,82,62,16,79,36,14,95,71,89,93" hai2="42,8,131,125,2,31,22,70,124,6,86,46,80" hai3="4,112,122,108,127,18,5,60,20,59,105,114,132"/><W113/><G105/><T63/><D34/><U117/><E36/><V47/><F70/><W130/><G122/><T38/><D17/><U33/><E117/><V129/><F31/><W134/><G59/><T29/><D97/><U96/><E33/><V54/><F22/><W99/><G99/><T32/><D32/><U49/><E49/><V57/><F47/><W87/><G87/><T51/><D51/><U35/><E35/><V30/><F30/><W40/><G60/><T73/><D29/><U24/><E7/><V88/><F57/><W94/><G40/><T119/><D119/><U15/><E71/><V83/><F54/><W9/><G94/><T135/><D75/><U104/><E62/><V90/><F80/><W50/><G50/><T55/><D55/><U81/><E95/><V13/><F2/><W39/><G20/><T116/><D1/><U123/><E82/><V69/><F69/><W61/><G61/><T27/><D63/><U98/><E123/><V19/><F6/><W28/><G18/><T25/><D121/><U66/><E66/><V58/><F58/><W109/><G28/><T101/><D120/><U45/><E45/><V21/><F21/><W37/><G9/><T26/><D10/><U68/><E68/><V115/><F115/><W110/><G5/><T128/><D67/><U92/><REACH who="1" step="1"/><E104/><REACH who="1" ten="269,153,62,506" step="2"/><V76/><F46/><W48/><G4/><T91/><D64/><U84/><AGARI ba="0,1" hai="14,15,16,23,24,79,81,84,89,92,93,96,98,103" machi="84" ten="20,16000,3" yaku="1,1,2,1,0,1,7,1,8,1,52,1,54,1,53,1" doraHai="72" doraHaiUra="85" who="1" fromWho="1" sc="269,-40,153,170,62,-40,506,-80" owari="229,-17.0,323,12.0,22,-48.0,426,53.0" /></mjloggm>