<mjloggm ver="2.3"><GO type="169" lobby="0"/><UN n0="%E3%81%A6%E3%82%93%E3%81%BD%E3%81%84%E3%82%93%E3%81%A8" n1="%E3%81%AF%E3%81%98%E3%82%81%E3%81%A3%E3%81%A1" n2="%E3%82%A2%E3%83%A1%E3%83%B3%E3%83%9D%E3%81%A6%E3%81%B5" n3="%42%72%42%61" dan="17,17,17,16" rate="2207.81,2224.29,2228.76,2178.70" sx="F,F,M,M"/><TAIKYOKU oya="0"/><INIT seed="0,0,0,1,0,75" ten="250,250,250,250" oya="0" hai0="20,13,60,76,133,18,74,108,30,86,94,109,97" hai1="116,28,14,130,43,44,4,25,119,93,123,72,122" hai2="66,104,114,125,77,19,90,102,80,53,107,39,100" hai3="70,118,127,78,96,120,46,36,31,26,27,40,16"/><T71/><D86/><U113/><E93/><V61/><F39/><W121/><G118/><T21/><D133/><U47/><E72/><N who="2" m="43047" /><F53/><W103/><G127/><T81/><D71/><U79/><E79/><V9/><F9/><W134/><G134/><T24/><REACH who="0" step="1"/><D60/><REACH who="0" ten="240,250,250,250" step="2"/><U15/><E119/><V22/><F61/><W7/><G70/><T82/><D82/><U105/><E116/><V55/><F125/><W17/><G120/><T57/><D57/><U84/><E122/><V112/><F112/><W68/><G68/><T34/><D34/><U48/><E84/><V52/><F114/><W106/><G121/><T6/><D6/><U0/><E113/><V131/><F131/><W62/><G7/><T33/><D33/><U58/><E123/><V32/><F32/><W69/><G62/><T50/><D50/><U41/><E130/><V63/><F63/><W42/><G69/><T124/><D124/><U35/><E58/><V135/><F135/><W5/><G5/><T54/><D54/><U132/><E132/><V59/><F52/><W91/><G36/><T11/><D11/><U117/><E117/><V92/><F55/><W85/><G85/><T56/><D56/><U65/><E4/><V8/><F59/><W51/><G51/><T3/><D3/><U49/><E0/><V98/><F8/><W128/><G128/><T101/><AGARI ba="0,1" hai="13,18,20,21,24,30,74,76,81,94,97,101,108,109" machi="101" ten="30,6000,0" yaku="1,1,0,1,52,1,53,0" doraHai="75" doraHaiUra="83" who="0" fromWho="0" sc="240,70,250,-20,250,-20,250,-20" /><INIT seed="0,1,0,2,3,134" ten="310,230,230,230" oya="0" hai0="74,109,126,104,72,85,36,90,12,117,54,28,48" hai1="122,87,62,38,125,43,40,27,76,46,97,129,15" hai2="75,11,49,107,128,99,55,115,67,108,86,105,56" hai3="66,13,93,124,82,68,45,77,25,92,98,6,65"/><T111/><D117/><U14/><E122/><V89/><F115/><W119/><G119/><T102/><D36/><U8/><E129/><V26/><F128/><W80/><G25/><T4/><D28/><U32/><E43/><V24/><F75/><N who="0" m="28714" /><D4/><U20/><E32/><V41/><F108/><N who="0" m="41546" /><D12/><U130/><E130/><V58/><F11/><W127/><G13/><T23/><D23/><U60/><E15/><V123/><F123/><W118/><G118/><T121/><D121/><U120/><E120/><V103/><F105/><W5/><G45/><N who="0" m="27919" /><D102/><U19/><E38/><V16/><F16/><W70/><REACH who="3" step="1"/><G98/><REACH who="3" ten="310,230,230,220" step="2"/><T63/><D104/><U3/><E97/><V17/><F26/><W79/><AGARI ba="1,1" hai="5,6,65,66,68,70,77,79,80,82,92,93,124,127" machi="79" ten="25,12000,2" yaku="1,1,2,1,0,1,22,2,52,2,53,0" doraHai="134" doraHaiUra="69" who="3" fromWho="3" sc="310,-61,230,-31,230,-31,220,133" /><INIT seed="1,0,0,3,1,2" ten="249,199,199,353" oya="1" hai0="85,47,45,19,39,67,111,78,98,27,13,59,18" hai1="101,105,20,70,91,99,5,123,11,50,36,121,104" hai2="135,115,124,25,79,81,120,112,100,71,35,128,55" hai3="42,7,134,84,110,32,125,51,95,68,69,72,118"/><U64/><E36/><V60/><F120/><W65/><G110/><T75/><D75/><U63/><E105/><V129/><F35/><W76/><G134/><T57/><D39/><U21/><E21/><V74/><F25/><W37/><G125/><T26/><D98/><U90/><E90/><V89/><F55/><W44/><G118/><T4/><D85/><U77/><E77/><V80/><F60/><W62/><G32/><T14/><D67/><U53/><E20/><V114/><F71/><W48/><G69/><T130/><D130/><N who="2" m="50282" /><F135/><W33/><G33/><T97/><D97/><U23/><E23/><V103/><F124/><W106/><G106/><T9/><D9/><U52/><E91/><V6/><F6/><W116/><G116/><T109/><D78/><U126/><E126/><V94/><F81/><W3/><G84/><AGARI ba="0,0" hai="74,79,80,84,89,94,100,103,112,114,115" m="50282" machi="84" ten="40,8000,1" yaku="11,1,19,1,34,2" doraHai="2" who="2" fromWho="3" sc="249,0,199,0,199,80,353,-80" /><INIT seed="2,0,0,5,3,56" ten="249,199,279,273" oya="2" hai0="111,63,77,106,10,55,72,134,21,78,135,93,108" hai1="49,95,96,43,8,60,37,44,54,102,9,104,29" hai2="33,109,52,131,27,6,113,48,101,41,133,20,32" hai3="122,81,128,129,112,69,121,22,18,124,114,19,70"/><V116/><F113/><N who="3" m="43627" /><G81/><T23/><D10/><U130/><E130/><N who="3" m="50282" /><G22/><T117/><D106/><U35/><E104/><V58/><F116/><W12/><G12/><T46/><D46/><U47/><E29/><V16/><F131/><W80/><G80/><T61/><D55/><U98/><E35/><V2/><F133/><N who="0" m="50698" /><D93/><U105/><REACH who="1" step="1"/><E60/><REACH who="1" ten="249,189,279,273" step="2"/><N who="0" m="23113" /><D117/><U100/><AGARI ba="0,1" hai="8,9,37,43,44,47,49,54,95,96,98,100,102,105" machi="100" ten="20,5200,0" yaku="1,1,0,1,7,1,53,1" doraHai="56" doraHaiUra="90" who="1" fromWho="1" sc="249,-13,189,62,279,-26,273,-13" /><INIT seed="3,0,0,5,0,82" ten="236,251,253,260" oya="3" hai0="101,81,103,51,85,127,10,26,57,89,130,27,46" hai1="105,62,35,88,102,23,13,118,104,128,56,32,121" hai2="30,133,97,9,96,36,71,114,50,14,132,31,90" hai3="7,116,113,67,108,3,37,91,124,6,92,98,64"/><W16/><G116/><T45/><D127/><U100/><E121/><V74/><F36/><W28/><G113/><T125/><D130/><U18/><E118/><V69/><F114/><W22/><G124/><T110/><D110/><U129/><E102/><V59/><F74/><W20/><G37/><T19/><D57/><U70/><E70/><N who="2" m="26635" /><F50/><W131/><G131/><N who="1" m="50250" /><E100/><N who="0" m="38473" /><D46/><U41/><E41/><V33/><F59/><W76/><G76/><T29/><D29/><N who="2" m="10762" /><F90/><W39/><G39/><T15/><D125/><U123/><E123/><V66/><F66/><N who="3" m="25131" /><G3/><T48/><D48/><U38/><E38/><V5/><F33/><N who="1" m="12873" /><E88/><V83/><F83/><W61/><G108/><T111/><D111/><U55/><AGARI ba="0,0" hai="13,18,23,55,56,62,104,105" m="12873,50250" machi="55" ten="30,1100,0" yaku="19,1" doraHai="82" who="1" fromWho="1" sc="236,-3,251,11,253,-3,260,-5" /><INIT seed="4,0,0,0,5,5" ten="233,262,250,255" oya="0" hai0="104,19,30,130,0,44,107,125,53,87,37,106,36" hai1="64,28,76,6,61,81,77,133,38,69,91,113,70" hai2="25,127,122,67,46,7,60,11,105,26,110,34,126" hai3="103,102,112,129,86,47,114,21,89,20,8,101,39"/><T97/><D125/><N who="2" m="47626" /><F110/><W82/><G129/><T98/><D130/><U22/><E133/><V121/><F105/><W1/><G39/><T93/><D30/><U88/><E38/><V18/><F46/><W15/><G1/><T94/><D0/><U66/><E113/><N who="3" m="43626" /><G47/><T131/><D131/><U59/><E6/><AGARI ba="0,0" hai="6,8,15,20,21,82,86,89,101,102,103" m="43626" machi="6" ten="30,2000,0" yaku="15,1,52,1" doraHai="5" who="3" fromWho="1" sc="233,0,262,-20,250,0,255,20" /><INIT seed="5,0,0,1,2,72" ten="233,242,250,275" oya="1" hai0="114,57,101,134,20,67,81,79,130,76,71,33,107" hai1="56,87,5,129,22,135,106,77,42,75,122,1,32" hai2="59,41,47,70,85,102,13,68,15,84,31,36,108" hai3="119,69,6,45,126,131,124,7,65,19,120,61,88"/><U117/><E117/><V39/><F108/><W118/><G120/><T51/><D81/><U80/><E32/><V73/><F73/><W16/><G131/><T63/><D20/><U62/><E122/><V38/><F102/><W110/><G110/><T49/><D130/><U52/><E129/><V37/><F59/><W64/><G45/><T97/><D114/><U89/><E135/><V133/><F31/><W24/><G65/><T4/><D4/><N who="3" m="1577" /><G88/><T43/><D134/><U46/><E106/><V93/><F133/><W11/><G24/><T91/><D91/><U9/><E22/><V48/><F93/><W27/><G27/><T82/><D82/><U123/><E123/><V35/><F35/><W8/><G8/><T109/><D109/><U29/><E29/><V12/><N who="2" m="9216" /><DORA hai="113" /><V111/><REACH who="2" step="1"/><F111/><REACH who="2" ten="233,242,240,275" step="2"/><W0/><G0/><T14/><D33/><U23/><E23/><V2/><F2/><W95/><G95/><T90/><D101/><U25/><E25/><V54/><F54/><W105/><G105/><T18/><D107/><U17/><E17/><N who="3" m="6730" /><G11/><T26/><D18/><U53/><E53/><V30/><F30/><W34/><G34/><T104/><D104/><U28/><E28/><V86/><AGARI ba="0,1" hai="12,13,15,41,47,48,68,70,84,85,86" m="9216" machi="86" ten="70,8000,1" yaku="1,1,0,1,29,2,53,0" doraHai="72,113" doraHaiUra="115,58" who="2" fromWho="2" sc="233,-20,242,-40,240,90,275,-20" /><INIT seed="6,0,0,4,1,133" ten="213,202,330,255" oya="2" hai0="79,8,135,90,64,129,82,132,119,104,70,124,71" hai1="54,44,59,113,116,66,89,72,97,112,18,45,91" hai2="40,117,46,50,26,92,25,108,123,4,84,102,76" hai3="106,122,80,94,15,17,0,63,11,42,55,30,105"/><V58/><F123/><W103/><G122/><T114/><D104/><U32/><E116/><V88/><F117/><W29/><G42/><T77/><D119/><U56/><E72/><V85/><F108/><W130/><G130/><T115/><D8/><U28/><E66/><V86/><F4/><W51/><G63/><T21/><D21/><U111/><E111/><V78/><F102/><W95/><G0/><T109/><D64/><U12/><E28/><V9/><F9/><W65/><G65/><T98/><D109/><U27/><E27/><N who="2" m="10251" /><F58/><N who="1" m="22057" /><E32/><V24/><F24/><W38/><G38/><T39/><D39/><U6/><E6/><V33/><F33/><W67/><G67/><T68/><D129/><U20/><E97/><AGARI ba="0,0" hai="40,46,50,76,78,84,85,86,88,92,97" m="10251" machi="97" ten="30,2900,0" yaku="8,1,54,1" doraHai="133" who="2" fromWho="1" sc="213,0,202,-29,330,29,255,0" /><INIT seed="6,1,0,5,3,65" ten="213,173,359,255" oya="2" hai0="6,82,119,60,125,104,74,44,1,33,37,26,35" hai1="78,21,45,59,112,87,30,28,73,49,109,117,42" hai2="29,133,110,39,131,107,56,34,7,75,88,47,31" hai3="106,79,116,43,91,17,134,66,10,63,101,132,12"/><V114/><F88/><W71/><G116/><T70/><D125/><U123/><E109/><V68/><F56/><W54/><G43/><N who="0" m="22639" /><D26/><U81/><E117/><V50/><F50/><W76/><G54/><T23/><D23/><U61/><E112/><V127/><F47/><W9/><G9/><N who="0" m="2255" /><D104/><U94/><E123/><V67/><F67/><W113/><G91/><T96/><D96/><U41/><E41/><V77/><F7/><W95/><G106/><T118/><D119/><U16/><E73/><V24/><F75/><W100/><G113/><T8/><D8/><U97/><E61/><V69/><F24/><W19/><G19/><T40/><D40/><U14/><REACH who="1" step="1"/><E59/><REACH who="1" ten="213,163,359,255" step="2"/><V22/><F110/><W105/><G63/><T122/><D122/><U135/><E135/><V92/><F133/><W53/><G134/><T58/><D118/><U32/><E32/><V55/><F34/><W3/><G132/><T48/><D48/><U27/><E27/><V38/><F114/><W130/><G130/><T4/><D58/><U115/><E115/><V90/><F131/><W51/><G51/><T0/><D60/><U124/><E124/><V20/><F127/><W93/><G53/><T46/><D46/><U108/><E108/><V36/><F55/><W5/><G66/><T80/><D74/><U129/><E129/><V99/><F38/><W103/><G105/><T83/><D35/><U15/><E15/><V89/><F39/><W57/><G57/><T84/><D33/><U64/><E64/><V18/><F36/><W102/><N who="3" m="25600" /><DORA hai="85" /><W121/><G121/><T25/><D25/><RYUUKYOKU ba="1,1" sc="213,-10,163,30,359,-10,255,-10" hai1="14,16,21,28,30,42,45,49,78,81,87,94,97" /><INIT seed="7,2,1,1,3,41" ten="203,193,349,245" oya="3" hai0="89,113,42,126,124,114,33,54,121,75,60,59,20" hai1="14,23,4,127,123,15,96,105,48,85,66,91,101" hai2="86,6,44,61,5,49,135,69,35,88,9,115,84" hai3="26,131,74,67,55,36,122,43,106,34,132,125,109"/><W7/><RYUUKYOKU type="yao9" ba="2,1" sc="203,0,193,0,349,0,245,0" hai3="7,26,34,36,43,55,67,74,106,109,122,125,131,132" /><INIT seed="7,3,1,0,1,33" ten="203,193,349,245" oya="3" hai0="19,117,32,119,128,114,132,133,62,72,74,96,8" hai1="111,68,51,81,16,46,108,86,129,112,3,13,93" hai2="56,57,37,0,59,23,2,90,75,9,71,106,121" hai3="69,110,87,34,30,70,77,82,135,21,88,14,95"/><W27/><G135/><N who="0" m="51787" /><D128/><U43/><E3/><N who="2" m="1067" /><F75/><N who="0" m="28714" /><D114/><U102/><E112/><V41/><F71/><W15/><G110/><T123/><D123/><U12/><E68/><V122/><F106/><W131/><G131/><T100/><D32/><U28/><E129/><V29/><F9/><W65/><G65/><T80/><D62/><U36/><E28/><V63/><F90/><W18/><REACH who="3" step="1"/><G14/><REACH who="3" ten="203,193,349,235" step="2"/><N who="0" m="7623" /><D80/><U25/><E13/><V124/><F122/><W49/><G49/><T94/><AGARI ba="3,2" hai="94,96,100,117,119" m="7623,28714,51787" machi="94" ten="30,1100,0" yaku="20,1" doraHai="33" who="0" fromWho="0" sc="203,40,193,-6,349,-6,235,-8" owari="243,4.0,187,-31.0,343,44.0,227,-17.0" /></mjloggm>