<mjloggm ver="2.3"><GO type="225" lobby="0"/><UN n0="%E7%90%B4%E8%91%89%E8%91%B5" n1="%E3%81%8D%E3%82%82" n2="%E8%A3%81%E3%81%8D%E3%81%AE%E9%BE%8D" n3="%E5%AE%89%E8%97%A4%E3%82%AB%E3%82%B1%E3%83%AB" dan="16,16,16,16" rate="2057.06,2096.91,2046.56,2033.81" sx="F,M,F,M"/><TAIKYOKU oya="0"/><INIT seed="0,0,0,4,0,72" ten="250,250,250,250" oya="0" hai0="28,117,39,61,26,27,115,45,43,10,87,122,109" hai1="88,65,68,34,33,124,49,20,114,131,77,94,91" hai2="98,8,110,55,129,111,25,121,18,119,9,48,24" hai3="99,17,82,40,30,112,35,64,57,135,46,128,123"/><T83/><D117/><U96/><E131/><V32/><F121/><W80/><G112/><T22/><D122/><U21/><E114/><V126/><F129/><W31/><G123/><T36/><D115/><U125/><E68/><V102/><F119/><W113/><G113/><T19/><D109/><N who="2" m="41482" /><F126/><N who="1" m="48745" /><E65/><V59/><F32/><N who="1" m="12393" /><E49/><V3/><F3/><W93/><G128/><T104/><D104/><U69/><E69/><V63/><F48/><W134/><G35/><T42/><D61/><U90/><E77/><V85/><F85/><W0/><G64/><T1/><D42/><U13/><E13/><N who="2" m="7463" /><F9/><W120/><G120/><T5/><D43/><U67/><E67/><V16/><F16/><W66/><G17/><T118/><D118/><U130/><E130/><V60/><F60/><W37/><G40/><T73/><D39/><U7/><E7/><V86/><F86/><W47/><G37/><T76/><D87/><U74/><E74/><V29/><F29/><W127/><G30/><T103/><D28/><U50/><E50/><V100/><F100/><AGARI ba="0,0" hai="20,21,88,90,91,94,96,100" m="12393,48745" machi="100" ten="40,2600,0" yaku="18,1,54,1" doraHai="72" who="1" fromWho="2" sc="250,0,250,26,250,-26,250,0" /><INIT seed="1,0,0,3,1,100" ten="250,276,224,250" oya="1" hai0="127,88,89,67,110,124,77,15,122,86,135,91,51" hai1="47,81,50,26,40,60,82,36,4,6,69,55,5" hai2="72,129,20,33,128,111,56,106,34,104,119,90,45" hai3="114,75,1,94,13,41,76,16,7,2,25,52,63"/><U42/><E42/><V39/><F119/><W59/><G114/><T11/><D122/><U120/><E120/><V9/><F111/><W126/><G126/><N who="0" m="48171" /><D110/><U64/><REACH who="1" step="1"/><E26/><REACH who="1" ten="250,266,224,250" step="2"/><V105/><F39/><W49/><G25/><T95/><D135/><U99/><E99/><V131/><F45/><AGARI ba="0,1" hai="4,5,6,36,40,45,47,50,55,60,64,69,81,82" machi="45" ten="40,2000,0" yaku="1,1,53,0" doraHai="100" doraHaiUra="14" who="1" fromWho="2" sc="250,0,266,30,224,-20,250,0" /><INIT seed="1,1,0,4,0,131" ten="250,296,204,250" oya="1" hai0="68,77,20,44,31,15,123,30,65,127,2,128,112" hai1="50,92,47,21,53,98,134,42,4,8,88,56,36" hai2="18,100,118,28,32,43,93,37,126,66,122,101,75" hai3="81,6,80,51,86,130,34,103,57,22,94,117,46"/><U12/><REACH who="1" step="1"/><E21/><REACH who="1" ten="250,286,204,250" step="2"/><V108/><F32/><W38/><G34/><T19/><D20/><U41/><E41/><V59/><F43/><W132/><G22/><T87/><D128/><U40/><E40/><V63/><F122/><W1/><G130/><T110/><D123/><U111/><E111/><V89/><F108/><W62/><G117/><T96/><D110/><U35/><E35/><V71/><F118/><W91/><G38/><T0/><D112/><U119/><E119/><V133/><F37/><W5/><G1/><T83/><D0/><U7/><E7/><V107/><F28/><W52/><G5/><T70/><D2/><U72/><E72/><V24/><F75/><W67/><G6/><T16/><D30/><U97/><E97/><V9/><F24/><W85/><G85/><T13/><D96/><U95/><E95/><V14/><F93/><W64/><G94/><T26/><D26/><U48/><E48/><V39/><F39/><W55/><G51/><T25/><D31/><U114/><E114/><V29/><F29/><W120/><G120/><T129/><D25/><U61/><E61/><V33/><F63/><W125/><G62/><T49/><D129/><U79/><E79/><V121/><F33/><W27/><G27/><T45/><D49/><U115/><E115/><V17/><F121/><W10/><G86/><T135/><D87/><U74/><E74/><V54/><F18/><W23/><G23/><T124/><D77/><U105/><E105/><V60/><F107/><W109/><G109/><T58/><D19/><U78/><E78/><V113/><F17/><RYUUKYOKU ba="1,1" sc="250,-10,286,30,204,-10,250,-10" hai1="4,8,12,36,42,47,50,53,56,88,92,98,134" /><INIT seed="1,2,1,0,2,112" ten="240,316,194,240" oya="1" hai0="1,6,9,133,128,13,81,49,75,41,40,86,87" hai1="28,32,71,132,92,7,10,63,116,59,47,126,15" hai2="93,106,130,73,56,107,68,90,94,55,36,12,88" hai3="99,83,51,111,29,115,60,117,84,76,121,124,118"/><U34/><E126/><V129/><F68/><W22/><G115/><T65/><D133/><U35/><E132/><V66/><F66/><W24/><G121/><T43/><D128/><N who="2" m="49258" /><F36/><W85/><G124/><T37/><D37/><U97/><E71/><V91/><F73/><W96/><G111/><T69/><D1/><U135/><E135/><V72/><F72/><W102/><G85/><N who="0" m="32267" /><D69/><U104/><E104/><N who="2" m="39979" /><F12/><W0/><G0/><T46/><D75/><U113/><E113/><V54/><F56/><W127/><G127/><T26/><D65/><U16/><E47/><V64/><F64/><W21/><G60/><T100/><D26/><U77/><E77/><V123/><F123/><W98/><G102/><T23/><D100/><U108/><E108/><V50/><F50/><W30/><G51/><T125/><D125/><U57/><E57/><V11/><F11/><W52/><G52/><AGARI ba="2,1" hai="52,54,55,88,90,91,93,94" m="39979,49258" machi="52" ten="40,8000,1" yaku="28,2,19,1,54,2" doraHai="112" who="2" fromWho="3" sc="240,0,316,0,194,96,240,-86" /><INIT seed="2,0,0,4,0,88" ten="240,316,290,154" oya="2" hai0="67,33,114,1,53,59,62,5,132,19,102,116,69" hai1="117,47,126,45,27,87,64,54,41,100,91,20,125" hai2="23,74,134,90,6,72,65,76,71,104,50,11,129" hai3="80,97,89,48,24,130,15,22,112,86,105,55,79"/><V10/><F129/><W25/><G130/><T73/><D114/><U110/><E110/><V52/><F104/><W56/><G112/><T135/><D33/><U3/><E117/><V120/><F134/><W61/><G105/><T35/><D73/><U75/><E75/><V93/><F120/><W2/><G2/><T83/><D116/><U106/><E3/><V124/><F124/><W30/><G15/><T44/><D35/><U49/><E64/><V128/><F128/><W39/><G39/><T115/><D115/><U8/><E8/><V103/><F103/><W92/><G25/><T109/><D109/><U78/><E78/><V111/><F11/><W46/><G46/><T32/><D32/><U57/><E100/><V107/><F107/><W42/><REACH who="3" step="1"/><G42/><REACH who="3" ten="240,316,290,144" step="2"/><T98/><D44/><U81/><E106/><V4/><F111/><W7/><G7/><T37/><D5/><U26/><E26/><V123/><F6/><W38/><G38/><T16/><D1/><U118/><E118/><V58/><F4/><W121/><G121/><T96/><D37/><U127/><E41/><V85/><F123/><W77/><G77/><T12/><D12/><U68/><E47/><V101/><F76/><W36/><G36/><T21/><D135/><U13/><E45/><V66/><F10/><W113/><G113/><T31/><D132/><U122/><E122/><V51/><F23/><W0/><G0/><T133/><D21/><U60/><E13/><V34/><F34/><W131/><G131/><T9/><D133/><U119/><E119/><V28/><F28/><W18/><G18/><RYUUKYOKU ba="0,1" sc="240,-10,316,-10,290,-10,144,30" hai3="22,24,30,48,55,56,61,79,80,86,89,92,97" /><INIT seed="3,1,1,4,4,108" ten="230,306,280,174" oya="3" hai0="30,84,28,81,130,54,10,39,25,20,112,93,38" hai1="21,0,73,9,67,106,70,116,79,49,76,122,23" hai2="120,96,6,14,107,16,87,66,15,37,113,72,95" hai3="92,133,132,59,110,42,51,85,60,114,86,115,11"/><W105/><G105/><T78/><D30/><U41/><E122/><V13/><F113/><N who="3" m="43019" /><G11/><T7/><D112/><U32/><E32/><V80/><F37/><W69/><G69/><T34/><D34/><U62/><E116/><V48/><F120/><W3/><G3/><T125/><D93/><U74/><E106/><V126/><F72/><W47/><G92/><T61/><D61/><U33/><E33/><V68/><F107/><W12/><G12/><T22/><D54/><U27/><E23/><V43/><F6/><W58/><G110/><T129/><D22/><U2/><E9/><V35/><F35/><W18/><G18/><T26/><D26/><U121/><E121/><V90/><F16/><W29/><G29/><T102/><D102/><U65/><E2/><V104/><F104/><W98/><G98/><T91/><D39/><U77/><E0/><V24/><F24/><W40/><G40/><T123/><D38/><U45/><E73/><V89/><F15/><W57/><G60/><T4/><D123/><U5/><E74/><V128/><F14/><W111/><G111/><T8/><D8/><U101/><E101/><V135/><F13/><W17/><G17/><T83/><D10/><U46/><E70/><V53/><F43/><W82/><G82/><T36/><D36/><U109/><E109/><V63/><F96/><W100/><G100/><T94/><D94/><U71/><E41/><V97/><F97/><W134/><AGARI ba="1,1" hai="42,47,51,57,58,59,85,86,132,133,134" m="43019" machi="134" ten="40,12000,1" yaku="20,1,52,3" doraHai="108" who="3" fromWho="3" sc="230,-41,306,-41,280,-41,174,133" owari="189,-31.0,265,7.0,239,-16.0,307,40.0" /></mjloggm>