<mjloggm ver="2.3"><GO type="169" lobby="0"/><UN n0="%E9%9B%80%E5%B8%AB%E3%82%88%E3%83%BC" n1="%E3%81%86%E3%81%95%E3%81%8E%E3%83%95%E3%82%A1%E3%83%B3%E3%82%B7%E3%83%BC" n2="%E3%81%8A%E3%81%98%E3%81%95%E3%82%93" n3="%E6%82%A0%E3%80%85%2E" dan="16,16,16,17" rate="2086.80,2106.58,2154.81,2183.44" sx="M,F,M,M"/><TAIKYOKU oya="0"/><INIT seed="0,0,0,5,2,123" ten="250,250,250,250" oya="0" hai0="11,82,103,129,107,32,86,36,126,93,108,3,120" hai1="130,117,90,87,15,31,113,124,48,67,83,64,37" hai2="100,74,29,26,50,47,73,51,109,88,7,63,121" hai3="61,78,77,23,115,69,58,66,9,13,2,19,97"/><T17/><D120/><U10/><E37/><V34/><F121/><W94/><G115/><T81/><D36/><U71/><E117/><V59/><F100/><W111/><G69/><T110/><D32/><U75/><E113/><V102/><F102/><W62/><G62/><T44/><D129/><U127/><E130/><V80/><F7/><N who="3" m="3263" /><G111/><N who="0" m="42539" /><D126/><N who="1" m="48171" /><E31/><V25/><F25/><N who="3" m="14591" /><G2/><T4/><D44/><U85/><E75/><V96/><F51/><W92/><G92/><T49/><D49/><U60/><E48/><V79/><F74/><W41/><G41/><T70/><D70/><U30/><E30/><V42/><F109/><W38/><G38/><T128/><D128/><U118/><E118/><V5/><F5/><W35/><G35/><T18/><D107/><U22/><E22/><V56/><F63/><W91/><AGARI ba="0,0" hai="58,61,66,77,78,91,94,97" m="14591,3263" machi="91" ten="30,1100,0" yaku="8,1" doraHai="123" who="3" fromWho="3" sc="250,-5,250,-3,250,-3,250,11" /><INIT seed="1,0,0,3,2,70" ten="245,247,247,261" oya="1" hai0="7,38,113,130,29,23,2,68,96,46,85,52,117" hai1="74,14,122,34,92,19,3,110,33,82,8,91,41" hai2="15,75,107,59,13,44,108,61,65,9,62,106,83" hai3="80,72,66,11,81,10,43,69,55,51,39,116,129"/><U77/><E122/><V37/><F108/><W73/><G129/><T45/><D113/><U18/><E110/><V135/><F135/><W102/><G102/><T67/><D117/><U31/><E31/><V22/><F22/><W60/><G116/><T93/><D130/><U98/><E3/><V104/><F62/><W40/><G40/><T63/><D85/><U100/><E41/><V36/><F44/><N who="3" m="23679" /><G81/><T132/><D132/><U103/><E103/><V134/><F134/><W42/><G42/><T56/><D38/><U78/><E78/><V101/><F101/><W133/><G80/><T4/><D29/><U89/><E89/><V12/><REACH who="2" step="1"/><F9/><REACH who="2" ten="245,247,237,261" step="2"/><W35/><G133/><T32/><D23/><U57/><E100/><V26/><F26/><W20/><G20/><T128/><D128/><U58/><E34/><V76/><AGARI ba="0,1" hai="12,13,15,36,37,59,61,65,75,76,83,104,106,107" machi="76" ten="40,8000,1" yaku="1,1,0,1,52,2,53,0" doraHai="70" doraHaiUra="97" who="2" fromWho="2" sc="245,-20,247,-40,237,90,261,-20" /><INIT seed="2,0,0,1,2,9" ten="225,207,327,241" oya="2" hai0="55,119,25,12,65,47,23,39,30,81,10,121,108" hai1="130,34,45,132,5,68,20,22,123,14,90,64,126" hai2="27,63,50,82,131,99,73,112,109,36,135,56,62" hai3="113,43,118,97,88,79,41,28,3,6,72,96,86"/><V52/><F112/><W38/><G118/><T91/><D121/><U116/><E34/><V128/><F36/><W100/><G28/><T102/><D108/><U53/><E116/><V21/><F135/><W66/><G66/><T78/><D119/><U105/><E105/><V77/><F99/><W17/><G113/><T1/><D102/><U44/><E132/><V106/><F106/><W54/><G97/><T89/><D65/><U2/><E130/><N who="2" m="49707" /><F109/><W117/><G117/><T120/><D120/><U111/><E111/><V33/><F33/><W134/><G38/><T127/><D127/><U57/><E126/><V71/><F71/><W42/><G96/><T31/><D31/><AGARI ba="0,0" hai="21,27,31,50,52,56,62,63,73,77,82" m="49707" machi="31" ten="30,2900,0" yaku="19,1,54,1" doraHai="9" who="2" fromWho="0" sc="225,-29,207,0,327,29,241,0" /><INIT seed="2,1,0,5,5,3" ten="196,207,356,241" oya="2" hai0="0,10,1,107,43,21,46,39,131,77,92,48,14" hai1="12,87,8,122,66,75,64,34,2,49,104,118,96" hai2="54,7,95,97,117,29,23,24,129,127,115,125,55" hai3="80,25,130,35,13,91,116,31,69,36,81,67,45"/><V83/><F115/><W110/><G116/><T32/><D107/><U82/><E118/><V37/><F117/><W134/><G110/><T135/><D32/><U60/><E122/><V126/><F129/><W68/><G134/><T114/><D114/><U103/><E2/><V11/><F83/><W76/><G130/><T88/><D135/><U30/><E75/><V108/><F37/><W119/><G67/><T50/><D131/><U16/><E49/><V19/><F29/><W74/><G119/><T4/><D77/><U26/><REACH who="1" step="1"/><E60/><REACH who="1" ten="196,197,356,241" step="2"/><V111/><F111/><W6/><G36/><T84/><REACH who="0" step="1"/><D0/><REACH who="0" ten="186,197,356,241" step="2"/><U86/><E86/><V99/><F108/><W38/><G74/><T124/><D124/><U90/><AGARI ba="1,2" hai="8,12,16,26,30,34,64,66,82,87,90,96,103,104" machi="90" ten="20,5200,0" yaku="1,1,0,1,7,1,54,1,53,0" doraHai="3" doraHaiUra="56" who="1" fromWho="1" sc="186,-14,197,75,356,-27,241,-14" /><INIT seed="3,0,0,3,1,61" ten="172,272,329,227" oya="3" hai0="0,131,79,76,64,91,109,34,63,11,27,62,9" hai1="126,132,127,25,42,99,3,72,21,48,58,16,60" hai2="128,105,38,43,82,85,112,124,2,26,130,5,30" hai3="67,90,54,41,81,80,111,57,100,125,84,86,1"/><W118/><G118/><T117/><D117/><U89/><E72/><V59/><F105/><W10/><G125/><N who="1" m="47626" /><E3/><V92/><F124/><W103/><G41/><T94/><D109/><U108/><E108/><V24/><F112/><W98/><G111/><T95/><D0/><U87/><E132/><V113/><F113/><W123/><G123/><T77/><D131/><N who="2" m="50218" /><F92/><W12/><G1/><T68/><D62/><U70/><E99/><V110/><F110/><W7/><G98/><T107/><D107/><U78/><E78/><N who="2" m="46295" /><F59/><W120/><G120/><T106/><D106/><U45/><E70/><V93/><F93/><W35/><G35/><T31/><REACH who="0" step="1"/><D95/><REACH who="0" ten="162,272,329,227" step="2"/><U114/><E114/><V40/><F38/><W71/><G71/><T50/><D50/><U32/><E32/><N who="2" m="20551" /><F26/><W56/><G81/><T14/><D14/><U23/><E60/><V33/><F33/><W69/><G80/><T29/><D29/><U52/><E25/><V102/><F102/><W15/><G103/><T129/><D129/><U104/><E104/><V51/><F51/><W75/><G100/><T44/><D44/><U13/><E45/><V36/><F36/><W74/><G12/><T73/><D73/><U6/><E48/><V28/><F28/><W39/><G75/><T88/><D88/><U83/><E13/><V65/><F2/><W49/><G90/><T96/><AGARI ba="0,1" hai="9,11,27,31,34,63,64,68,76,77,79,91,94,96" machi="96" ten="30,7900,0" yaku="1,1,0,1,52,1,53,1" doraHai="61" doraHaiUra="66" who="0" fromWho="0" sc="162,89,272,-20,329,-20,227,-39" /><INIT seed="4,0,0,2,0,39" ten="251,252,309,188" oya="0" hai0="104,121,63,105,58,132,108,2,48,130,124,83,70" hai1="102,87,30,82,92,16,135,49,1,5,24,55,21" hai2="20,111,126,112,11,45,31,69,97,14,44,90,61" hai3="133,80,52,56,38,6,84,73,74,0,65,134,93"/><T32/><RYUUKYOKU type="yao9" ba="0,0" sc="251,0,252,0,309,0,188,0" hai0="2,32,48,58,63,70,83,104,105,108,121,124,130,132" /><INIT seed="4,1,0,2,4,38" ten="251,252,309,188" oya="0" hai0="27,63,70,114,116,61,102,32,26,30,89,51,122" hai1="55,72,9,77,120,31,107,128,29,6,49,68,88" hai2="86,8,43,33,75,35,23,127,123,40,81,46,48" hai3="41,100,119,2,3,69,118,7,0,78,106,67,84"/><T20/><D116/><U12/><E128/><V130/><F123/><W71/><G84/><T15/><D122/><U47/><E120/><V134/><F75/><W52/><G78/><T97/><D114/><U37/><E107/><V36/><F127/><W113/><G113/><T132/><D132/><U117/><E117/><V80/><F130/><W135/><G135/><T60/><D15/><U104/><E104/><V10/><F134/><W103/><G7/><T11/><D11/><U105/><E105/><V92/><F92/><W98/><G103/><T16/><D51/><U115/><E115/><V93/><F93/><W126/><G126/><T108/><D108/><U96/><E68/><V22/><F48/><W14/><G14/><T83/><D83/><U74/><E77/><V73/><F73/><W112/><G112/><T99/><D89/><U45/><E74/><V91/><F46/><W124/><G124/><T125/><D125/><U13/><E72/><V110/><F91/><W64/><G69/><T94/><REACH who="0" step="1"/><D97/><REACH who="0" ten="241,252,309,188" step="2"/><U58/><E13/><V79/><F79/><W4/><G119/><T62/><D62/><U18/><E96/><V121/><F121/><W42/><G118/><T24/><D24/><U19/><E88/><V28/><F36/><W25/><G25/><T101/><D101/><U90/><E90/><V111/><F86/><W131/><G131/><T87/><D87/><U129/><E129/><V59/><F111/><W39/><G39/><T66/><AGARI ba="1,1" hai="16,20,26,27,30,32,60,61,63,66,70,94,99,102" machi="66" ten="30,11700,0" yaku="1,1,0,1,54,1,53,1" doraHai="38" doraHaiUra="65" who="0" fromWho="0" sc="241,130,252,-40,309,-40,188,-40" /><INIT seed="4,2,0,3,3,49" ten="371,212,269,148" oya="0" hai0="88,108,131,80,15,61,72,70,125,17,65,34,114" hai1="105,48,51,69,53,135,83,4,64,86,89,45,7" hai2="3,92,56,68,110,60,18,113,29,71,67,1,120" hai3="133,9,38,93,58,8,117,116,36,97,115,19,41"/><T66/><D34/><U111/><E111/><V103/><F110/><W95/><G115/><T87/><D108/><U5/><E135/><V73/><F73/><W52/><G133/><T0/><D0/><U84/><E105/><V37/><F37/><W11/><G41/><T23/><D114/><U25/><E69/><V13/><F120/><W77/><G77/><T6/><D125/><U102/><E102/><V63/><F29/><W78/><G78/><T118/><D118/><U82/><E64/><V129/><F129/><W28/><G28/><T10/><D131/><U134/><E134/><V30/><F30/><W32/><G32/><T76/><D66/><U98/><E25/><V81/><F81/><W100/><G95/><T54/><D54/><N who="1" m="29967" /><E98/><V109/><F109/><W90/><G100/><T75/><REACH who="0" step="1"/><D76/><REACH who="0" ten="361,212,269,148" step="2"/><N who="1" m="46151" /><E7/><V85/><F113/><W33/><G33/><T96/><D96/><U46/><AGARI ba="2,1" hai="4,5,46,51,53,83,86,89" m="46151,29967" machi="46" ten="30,4000,0" yaku="8,1,52,2" doraHai="49" who="1" fromWho="1" sc="361,-22,212,56,269,-12,148,-12" /><INIT seed="5,0,0,4,4,108" ten="339,268,257,136" oya="1" hai0="21,26,101,133,130,59,38,89,112,48,96,24,22" hai1="97,50,66,9,110,107,40,29,105,72,18,39,34" hai2="47,115,69,129,46,7,131,10,27,11,67,98,60" hai3="44,125,81,117,33,95,134,15,83,56,84,103,118"/><U13/><E110/><V91/><F27/><W116/><G33/><T123/><D38/><U3/><E72/><V121/><F121/><W113/><G134/><T102/><D133/><U82/><E39/><V20/><F20/><W62/><G125/><T12/><D130/><N who="2" m="49674" /><F115/><W31/><G31/><T70/><D112/><U41/><E66/><V106/><F11/><W25/><G113/><T55/><D70/><U4/><E82/><V74/><F74/><W6/><G25/><N who="0" m="9835" /><D123/><U99/><E29/><V57/><F69/><W77/><G44/><T120/><D120/><U122/><E34/><V104/><F91/><N who="3" m="53735" /><G103/><N who="0" m="39435" /><D12/><U114/><E122/><V126/><F98/><N who="1" m="37385" /><E114/><V75/><F75/><W64/><G77/><T14/><D14/><N who="1" m="5415" /><E105/><N who="2" m="40555" /><F126/><W16/><G6/><T111/><D111/><U124/><E107/><V80/><F80/><W45/><G83/><T90/><D90/><U8/><E3/><AGARI ba="0,0" hai="3,7,10,46,47,57,60,67" m="40555,49674" machi="3" ten="30,1000,0" yaku="19,1" doraHai="108" who="2" fromWho="1" sc="339,0,268,-10,257,10,136,0" /><INIT seed="6,0,0,4,1,51" ten="339,258,267,136" oya="2" hai0="55,94,46,80,85,86,47,10,45,53,7,61,70" hai1="68,35,127,115,69,8,3,25,56,57,62,111,99" hai2="22,33,48,5,75,97,50,73,114,131,121,109,113" hai3="135,67,91,6,14,15,101,4,76,23,16,118,117"/><V19/><F33/><W83/><G135/><T90/><D70/><U125/><E111/><V2/><F121/><W102/><G117/><T52/><D61/><U9/><E115/><N who="2" m="44043" /><F109/><W36/><G36/><T32/><D32/><U74/><E74/><N who="2" m="28171" /><F131/><W129/><G129/><T122/><D122/><U64/><E69/><V119/><F119/><W130/><G130/><T92/><REACH who="0" step="1"/><D86/><REACH who="0" ten="329,258,267,136" step="2"/><U110/><E68/><V112/><F112/><W20/><G118/><T104/><D104/><U26/><E62/><V123/><F123/><W106/><G106/><T31/><D31/><U24/><E35/><V11/><F97/><W93/><G67/><T134/><D134/><U108/><E99/><V133/><F133/><W124/><G124/><N who="1" m="47690" /><E64/><V17/><F17/><N who="3" m="10295" /><G6/><T18/><D18/><U38/><E110/><V98/><F98/><N who="3" m="57663" /><G4/><T44/><N who="0" m="11264" /><DORA hai="34" /><T126/><D126/><U63/><E108/><V72/><N who="2" m="28179" /><AGARI ba="0,1" hai="15,16,23,72,76,83,101,102" m="57663,10295" machi="72" ten="30,2000,0" yaku="3,1,54,1" doraHai="51,34" who="3" fromWho="2" sc="329,0,258,0,267,-20,136,30" /><INIT seed="7,0,0,0,5,103" ten="329,258,247,166" oya="3" hai0="39,5,65,74,34,84,19,100,82,35,125,11,131" hai1="60,69,32,85,58,83,26,101,46,40,133,10,0" hai2="93,1,124,31,30,130,24,112,42,17,21,71,20" hai3="111,115,129,117,27,15,122,63,123,108,7,105,36"/><W62/><G117/><T104/><D39/><U4/><E133/><V6/><F71/><W29/><G36/><T90/><D74/><U106/><E58/><V96/><F42/><W12/><G115/><T70/><D125/><U9/><E9/><V77/><F112/><W16/><G129/><T91/><D131/><U88/><E40/><V45/><F130/><W57/><G63/><T68/><D19/><U75/><E46/><V56/><F45/><W43/><G43/><T118/><D118/><U86/><E75/><V41/><F41/><W76/><G76/><T38/><D38/><U18/><E86/><V73/><F124/><W132/><G132/><T126/><D126/><U116/><E116/><V8/><F56/><W109/><G105/><T47/><D47/><U50/><E50/><V134/><F134/><W119/><G119/><T23/><D23/><U37/><E37/><V28/><F77/><W51/><G51/><T113/><D113/><U59/><E69/><V52/><F52/><N who="3" m="34087" /><G7/><T48/><D48/><U120/><E120/><N who="3" m="46122" /><G16/><T127/><D127/><U95/><E18/><V94/><F73/><W135/><G135/><T55/><D55/><U44/><E44/><V92/><REACH who="2" step="1"/><F21/><AGARI ba="0,0" hai="12,15,21,27,29,108,109,111" m="46122,34087" machi="21" ten="40,3900,0" yaku="10,1,54,1" doraHai="103" who="3" fromWho="2" sc="329,0,258,0,247,-39,166,39" /><INIT seed="7,1,0,4,4,104" ten="329,258,208,205" oya="3" hai0="26,21,31,97,61,83,22,18,2,74,24,93,88" hai1="134,131,111,50,23,64,133,107,9,25,119,45,126" hai2="96,108,75,112,102,3,42,41,95,135,13,86,105" hai3="127,109,117,94,84,56,69,103,73,4,70,40,110"/><W125/><G117/><T106/><D2/><U98/><E111/><N who="3" m="42506" /><G73/><T29/><D106/><U43/><E126/><N who="3" m="48138" /><G4/><T90/><D61/><U1/><E131/><V27/><F75/><W121/><G121/><T5/><D5/><U53/><E64/><V132/><F108/><W47/><G56/><T116/><D116/><U68/><E68/><V66/><F112/><W28/><G28/><N who="0" m="17423" /><D74/><U71/><E71/><V58/><F3/><W72/><G72/><T7/><D7/><U34/><E1/><V120/><F120/><W82/><G94/><N who="0" m="56519" /><D83/><U19/><E119/><V49/><F105/><W113/><G113/><T79/><D79/><U63/><E107/><V51/><F95/><W92/><G92/><T48/><D48/><U10/><E63/><V99/><F51/><N who="3" m="27111" /><G103/><T6/><D6/><U76/><E45/><V100/><F102/><W91/><AGARI ba="1,0" hai="69,70,82,84,91" m="27111,48138,42506" machi="91" ten="30,3000,0" yaku="10,1,18,1" doraHai="104" who="3" fromWho="3" sc="329,-11,258,-11,208,-11,205,33" /><INIT seed="7,2,0,2,4,26" ten="318,247,197,238" oya="3" hai0="36,77,107,78,133,80,10,55,40,127,98,44,74" hai1="104,9,49,75,43,13,52,124,58,6,16,64,45" hai2="70,73,93,84,62,25,11,81,79,32,66,12,38" hai3="35,82,69,106,110,134,7,114,19,101,33,90,131"/><W37/><G114/><T111/><D111/><U41/><E124/><V22/><F38/><W102/><G69/><T68/><D68/><U85/><E75/><V30/><F93/><W86/><G37/><T54/><D127/><U100/><E104/><V89/><F32/><W123/><G123/><T0/><D78/><U17/><E100/><V121/><F121/><W71/><G71/><T135/><D107/><U5/><E85/><V72/><REACH who="2" step="1"/><F79/><REACH who="2" ten="318,247,187,238" step="2"/><N who="3" m="46431" /><G110/><T31/><D133/><U122/><E122/><V21/><F21/><W99/><G33/><T18/><D135/><U59/><E64/><V63/><F63/><W88/><G35/><T14/><D36/><U91/><E91/><V56/><F56/><W57/><G134/><T129/><D77/><U76/><E76/><V132/><F132/><W117/><G57/><T97/><D74/><U42/><E59/><V2/><F2/><W119/><G90/><T48/><D0/><U115/><E58/><V34/><F34/><W61/><G61/><T95/><D95/><U50/><E50/><V53/><F53/><W28/><G88/><T46/><D55/><U125/><E125/><V20/><F20/><W109/><G109/><T24/><D54/><U8/><E115/><V118/><F118/><W120/><G120/><T3/><D3/><U51/><E49/><V65/><F65/><W1/><G119/><T105/><D105/><U29/><E51/><V96/><F96/><W4/><G117/><T27/><D97/><U108/><E108/><V128/><F128/><W112/><G131/><T103/><D129/><U23/><E52/><RYUUKYOKU ba="2,1" sc="318,-10,247,-10,187,30,238,-10" hai2="11,12,22,25,30,62,66,70,72,73,81,84,89" owari="318,41.0,237,4.0,217,-28.0,228,-17.0" /></mjloggm>