<mjloggm ver="2.3"><GO type="169" lobby="0"/><UN n0="%E3%83%93%E3%83%B3%E3%82%AB%E3%83%B3" n1="%28%3B%E3%83%BB%E2%88%80%E3%83%BB%29" n2="%E3%81%9F%E3%81%A1%E3%83%90%E3%83%8A%E3%83%8A%40" n3="%61%70%70%6C%61%75%73%65" dan="16,16,17,16" rate="2148.80,2168.86,2176.37,2118.40" sx="M,M,M,F"/><TAIKYOKU oya="0"/><INIT seed="0,0,0,1,2,29" ten="250,250,250,250" oya="0" hai0="127,52,9,30,116,96,41,101,76,5,99,121,36" hai1="7,117,22,95,118,88,56,26,37,119,120,63,129" hai2="2,122,97,45,3,124,114,35,16,47,78,1,130" hai3="106,53,132,82,70,93,54,46,125,40,44,133,81"/><T115/><D115/><U80/><E37/><V32/><F122/><W89/><G106/><T87/><D121/><U19/><E120/><V64/><F114/><W111/><G70/><T85/><D116/><U62/><E129/><V18/><F130/><W65/><G65/><T31/><D36/><U128/><E128/><V39/><F64/><W49/><G111/><T15/><D41/><U14/><E80/><V27/><F78/><W109/><G109/><T102/><D127/><U103/><E103/><V126/><F97/><W92/><G125/><N who="2" m="48233" /><F27/><W84/><G82/><N who="0" m="47303" /><D87/><U108/><E108/><V42/><F47/><W67/><G67/><T34/><D34/><AGARI ba="0,0" hai="1,2,3,16,18,32,34,35,39,42,45" m="48233" machi="34" ten="40,8000,1" yaku="18,1,52,3,54,1" doraHai="29" who="2" fromWho="0" sc="250,-80,250,0,250,80,250,0" /><INIT seed="1,0,0,5,3,94" ten="170,250,330,250" oya="1" hai0="42,67,25,52,18,116,68,47,59,70,24,56,128" hai1="64,102,125,33,29,88,44,130,16,36,39,107,86" hai2="85,4,119,126,103,122,77,43,11,111,83,82,78" hai3="22,1,40,121,93,135,62,46,131,75,109,10,57"/><U3/><E3/><V127/><F119/><W45/><G75/><T30/><D116/><U2/><E2/><N who="2" m="407" /><F122/><W98/><G121/><T118/><D118/><U101/><E29/><V35/><F35/><W95/><G109/><T73/><D73/><U117/><E33/><V96/><F43/><W48/><G135/><T9/><D128/><U51/><E117/><V12/><F12/><W72/><G72/><T34/><D59/><U92/><E130/><V110/><F83/><W15/><G131/><T115/><D67/><U14/><E64/><V19/><F19/><W123/><G123/><T54/><D54/><U84/><E84/><V114/><F77/><W7/><G45/><T20/><D9/><U0/><E0/><V21/><F21/><W91/><G22/><T27/><D27/><U120/><E120/><V79/><F78/><W6/><G93/><T49/><REACH who="0" step="1"/><D115/><REACH who="0" ten="160,250,330,250" step="2"/><U100/><E125/><N who="2" m="47627" /><F114/><W37/><G1/><T17/><D17/><U58/><E58/><V53/><F53/><N who="3" m="34095" /><G37/><AGARI ba="0,1" hai="18,20,24,25,30,34,37,42,47,49,52,56,68,70" machi="37" ten="30,7700,0" yaku="1,1,7,1,54,1,53,1" doraHai="94" doraHaiUra="50" who="0" fromWho="3" sc="160,87,250,0,330,0,250,-77" /><INIT seed="2,0,0,5,1,7" ten="247,250,330,173" oya="2" hai0="70,28,97,84,106,35,46,94,134,36,57,3,43" hai1="122,91,130,114,16,54,76,17,107,34,64,45,40" hai2="50,29,42,111,18,5,20,59,95,77,19,109,9" hai3="135,119,72,55,38,8,120,82,52,93,37,25,22"/><V90/><F77/><W44/><G119/><T66/><D3/><U99/><E114/><V60/><F29/><W81/><G120/><T47/><D70/><U23/><E122/><V108/><F20/><W32/><G32/><T105/><D84/><U48/><E34/><V31/><F31/><W113/><G113/><T15/><D46/><U128/><E64/><N who="2" m="38943" /><F50/><W62/><G135/><T117/><D134/><U78/><E40/><V51/><F51/><W123/><G123/><T101/><D117/><U127/><E127/><V125/><F42/><W102/><G38/><T89/><D89/><U33/><E33/><V13/><F125/><W21/><G37/><T92/><D106/><U24/><E17/><V124/><F124/><W12/><G72/><T71/><D15/><U56/><E45/><V118/><F118/><W49/><G62/><N who="0" m="40407" /><D57/><U121/><E121/><V116/><F116/><W0/><G55/><T80/><D80/><N who="3" m="30825" /><G0/><T65/><D65/><U74/><E74/><V126/><F126/><W26/><G26/><AGARI ba="0,0" hai="26,28,35,36,43,47,92,94,97,101,105" m="40407" machi="26" ten="30,1000,0" yaku="25,1" doraHai="7" who="0" fromWho="3" sc="247,10,250,0,330,0,173,-10" /><INIT seed="3,0,0,2,4,44" ten="257,250,330,163" oya="3" hai0="87,1,42,72,94,135,15,46,133,111,93,25,116" hai1="62,13,26,76,38,79,134,109,9,91,129,66,107" hai2="77,6,7,2,47,104,103,73,113,80,8,35,28" hai3="114,119,16,99,100,32,102,45,56,126,74,21,106"/><W127/><G114/><T39/><D1/><U71/><E38/><V122/><F47/><W69/><G119/><T33/><D72/><U84/><E107/><V51/><F6/><W18/><G69/><T105/><D105/><U59/><E109/><V57/><F122/><W40/><G74/><T124/><D116/><U121/><E121/><V95/><F113/><W67/><G32/><T112/><D112/><U31/><E129/><V27/><F95/><W82/><G100/><T60/><D111/><U22/><E71/><V10/><F10/><W75/><G67/><T98/><D87/><U4/><REACH who="1" step="1"/><E134/><REACH who="1" ten="257,240,330,163" step="2"/><V24/><F104/><W48/><G56/><T125/><D135/><U14/><E14/><V12/><F12/><W43/><G126/><T88/><D15/><U50/><E50/><V54/><F24/><W64/><G127/><T37/><D37/><U63/><E63/><V3/><F2/><W49/><G64/><T58/><D133/><U123/><E123/><V90/><F3/><W131/><G131/><T55/><D125/><U128/><E128/><V101/><F27/><W85/><G75/><T5/><D124/><U115/><E115/><V89/><F73/><W36/><G43/><T78/><D42/><U23/><E23/><V11/><F57/><W53/><G53/><T0/><D55/><U29/><E29/><V70/><F28/><W20/><G20/><T110/><D58/><U52/><E52/><V132/><F54/><W19/><REACH who="3" step="1"/><G21/><REACH who="3" ten="257,240,330,153" step="2"/><T108/><D108/><U96/><E96/><V120/><F132/><W17/><N who="3" m="4096" /><DORA hai="117" /><W86/><G86/><RYUUKYOKU ba="0,2" sc="257,-15,240,15,330,-15,153,15" hai1="4,9,13,22,26,31,59,62,66,76,79,84,91" hai3="36,40,45,48,49,82,85,99,102,106" /><INIT seed="3,1,2,0,2,92" ten="242,255,315,168" oya="3" hai0="130,93,58,126,104,32,111,25,4,105,53,56,41" hai1="66,70,3,73,1,38,122,108,17,48,67,134,15" hai2="23,115,89,102,110,85,28,11,63,45,30,132,12" hai3="135,49,87,107,88,36,81,97,64,6,80,121,10"/><W82/><G121/><T98/><D41/><U113/><E38/><V14/><F115/><W72/><G36/><T55/><D4/><U20/><E113/><V2/><F2/><W99/><G64/><T46/><D46/><U57/><E122/><V109/><F132/><W68/><G68/><T69/><D69/><U123/><E123/><V19/><F102/><W94/><G135/><T114/><D114/><U62/><E134/><V35/><F63/><W65/><G65/><T16/><D32/><U84/><E73/><V79/><F79/><W78/><G49/><T131/><D58/><U33/><E108/><N who="2" m="41579" /><F45/><W13/><G99/><T117/><D55/><U43/><E33/><V120/><F35/><W129/><G129/><N who="0" m="49163" /><D117/><U90/><E43/><V22/><F120/><W37/><G37/><T60/><D111/><U42/><E42/><V86/><F86/><W18/><G6/><T61/><D61/><U59/><E70/><V112/><F112/><W124/><G124/><T21/><D126/><U96/><E66/><V95/><F23/><W27/><G27/><T116/><D116/><U119/><E119/><V8/><F22/><W76/><G76/><T54/><D54/><N who="1" m="31943" /><E3/><V26/><F26/><W133/><G133/><T7/><D7/><AGARI ba="1,2" hai="7,8,11,12,14,19,28,30,85,89,95" m="41579" machi="7" ten="30,1000,0" yaku="14,1" doraHai="92" who="2" fromWho="0" sc="242,-13,255,0,315,33,168,0" /><INIT seed="4,0,0,3,4,57" ten="229,255,348,168" oya="0" hai0="135,65,61,4,41,118,16,108,14,70,132,77,126" hai1="47,38,107,71,24,5,123,13,59,50,131,133,79" hai2="87,43,75,27,45,3,2,122,96,29,127,19,81" hai3="82,12,85,53,124,21,106,32,76,51,130,125,23"/><T134/><D118/><U66/><E123/><V34/><F122/><W15/><G106/><T44/><D126/><U103/><E131/><V86/><F75/><W94/><G130/><T7/><D77/><U116/><E116/><V97/><F87/><W80/><G32/><T121/><D121/><U31/><E133/><V40/><F40/><W30/><G82/><T10/><REACH who="0" step="1"/><D108/><REACH who="0" ten="219,255,348,168" step="2"/><U92/><E79/><V104/><F127/><W60/><G125/><T74/><D74/><U0/><E0/><V101/><F2/><W55/><G124/><T100/><D100/><U17/><E107/><V20/><F3/><W58/><G94/><T105/><D105/><U128/><E103/><V35/><F101/><W37/><G37/><AGARI ba="0,1" hai="4,7,10,14,16,37,41,44,61,65,70,132,134,135" machi="37" ten="40,12000,1" yaku="1,1,20,1,52,1,54,1,53,1" doraHai="57" doraHaiUra="68" who="0" fromWho="3" sc="219,130,255,0,348,0,168,-120" /><INIT seed="4,1,0,2,2,112" ten="349,255,348,48" oya="0" hai0="76,97,6,117,42,92,21,22,11,66,3,113,106" hai1="71,17,18,38,83,81,32,33,60,57,7,95,96" hai2="62,79,9,28,2,75,101,88,80,105,45,120,47" hai3="58,59,103,69,122,107,64,67,34,1,121,55,99"/><T135/><D113/><U115/><E115/><V30/><F120/><W23/><G34/><T102/><D135/><U13/><E71/><V50/><F45/><W72/><G72/><T104/><D117/><U41/><E38/><V44/><F47/><W10/><G23/><T128/><D42/><U31/><E41/><V5/><F62/><W20/><G20/><T123/><D123/><U84/><E33/><V56/><F56/><W133/><G133/><T26/><D128/><U40/><E40/><V12/><F2/><W129/><G129/><T90/><D76/><U48/><E48/><V53/><F101/><W111/><G111/><T77/><D77/><U86/><E32/><V87/><F105/><W131/><G131/><T89/><D22/><U68/><E31/><V14/><F12/><W15/><G1/><T124/><D124/><U114/><E68/><V61/><F61/><W51/><G69/><T63/><D106/><U25/><E25/><V70/><F70/><W39/><G39/><T118/><D118/><U8/><E114/><V93/><AGARI ba="1,0" hai="5,9,14,28,30,44,50,53,75,79,80,87,88,93" machi="93" ten="20,2700,0" yaku="0,1,7,1,54,1" doraHai="112" who="2" fromWho="2" sc="349,-14,255,-8,348,30,48,-8" /><INIT seed="5,0,0,2,4,119" ten="335,247,378,40" oya="1" hai0="26,127,67,51,115,28,78,29,85,123,124,97,82" hai1="15,36,37,79,128,106,59,110,66,50,56,1,57" hai2="3,92,118,132,94,68,114,49,6,76,70,130,65" hai3="60,32,134,108,103,109,71,91,23,53,86,100,44"/><U125/><E1/><V27/><F118/><W112/><G32/><T93/><D115/><U63/><E106/><V8/><F130/><W39/><G112/><T19/><D67/><U104/><E104/><V87/><F132/><W55/><G134/><T25/><D19/><U102/><E102/><V116/><F94/><W33/><G33/><T88/><D123/><U135/><E79/><V22/><F65/><W72/><G72/><T83/><D51/><U17/><E135/><V30/><F116/><W122/><G122/><T10/><D10/><U61/><E128/><V126/><F126/><N who="0" m="48170" /><D83/><U16/><E125/><V95/><F70/><W84/><G84/><T7/><D7/><U62/><E110/><V73/><F68/><W5/><G5/><T18/><D18/><U48/><E66/><V101/><F73/><W81/><G71/><T99/><D99/><U77/><E77/><V4/><F4/><W74/><G74/><T31/><AGARI ba="0,0" hai="25,26,28,29,31,78,82,85,88,93,97" m="48170" machi="31" ten="30,2000,0" yaku="18,1,54,1" doraHai="119" who="0" fromWho="0" sc="335,20,247,-10,378,-5,40,-5" /><INIT seed="6,0,0,3,2,18" ten="355,237,373,35" oya="2" hai0="51,17,43,33,135,78,56,70,27,13,126,39,68" hai1="94,90,110,118,57,37,111,50,124,109,80,71,104" hai2="120,101,91,64,128,132,22,99,103,115,8,62,48" hai3="11,58,6,89,19,14,85,40,100,106,35,127,129"/><V87/><F115/><W69/><G69/><T46/><D78/><U88/><E104/><V82/><F128/><W31/><G129/><T59/><D59/><U41/><E71/><V38/><F132/><W130/><G130/><T117/><D135/><U107/><E107/><V75/><F120/><W77/><G127/><T76/><D76/><U81/><E118/><V121/><F38/><W32/><G77/><T113/><D126/><U131/><E131/><V133/><F75/><W67/><G40/><T79/><D79/><U112/><E124/><V4/><F48/><W61/><G100/><T83/><D83/><U122/><E122/><V52/><F64/><W36/><G36/><T116/><D113/><U7/><E112/><V26/><F99/><W102/><G102/><T98/><D98/><U72/><E72/><V66/><F66/><W47/><G47/><T0/><D0/><U55/><E7/><V3/><F133/><W29/><G106/><T119/><D27/><U114/><E114/><V49/><F62/><W42/><G42/><T30/><D30/><U108/><E90/><V63/><F63/><W93/><G32/><T25/><D25/><U16/><E41/><V96/><F96/><W95/><G35/><T10/><D33/><U53/><E53/><AGARI ba="0,0" hai="10,13,17,39,43,46,51,53,56,68,70,116,117,119" machi="53" ten="40,1300,0" yaku="12,1" doraHai="18" who="0" fromWho="1" sc="355,13,237,-13,373,0,35,0" /><INIT seed="7,0,0,3,2,115" ten="368,224,373,35" oya="3" hai0="5,14,4,113,55,10,18,114,102,65,27,29,105" hai1="58,71,100,110,90,81,121,120,6,79,87,118,53" hai2="67,36,116,92,8,28,43,26,41,44,107,128,76" hai3="103,124,122,42,33,99,0,126,30,52,56,64,108"/><W94/><G122/><T61/><D55/><U11/><E71/><V23/><F116/><W131/><G0/><T35/><D105/><U73/><E110/><V2/><F107/><W85/><G108/><T20/><D102/><U60/><E100/><V51/><F67/><W104/><G64/><T74/><D74/><U98/><E98/><V86/><F128/><W47/><G131/><T130/><D130/><U133/><E118/><V70/><F70/><W54/><G33/><T112/><D35/><U89/><E133/><V66/><F66/><W57/><G30/><T134/><D134/><U17/><E17/><V125/><F125/><N who="3" m="48235" /><G57/><AGARI ba="0,0" hai="4,5,10,14,18,20,27,29,57,61,65,112,113,114" machi="57" ten="40,2600,0" yaku="15,1,11,1" doraHai="115" who="0" fromWho="3" sc="368,26,224,0,373,0,35,-26" owari="394,50.0,224,-18.0,373,17.0,9,-49.0" /></mjloggm>