<mjloggm ver="2.3"><GO type="169" lobby="0"/><UN n0="%E3%81%B8%E3%82%80%E3%81%B8%E3%82%80%EF%BC%92%E5%8F%B7" n1="%E9%B4%A8%E8%91%B1%E5%A4%AA%E9%83%8E" n2="%E3%83%97%E3%83%AC%E3%82%B9%E3%83%97" n3="%E6%B9%8A%E6%96%97%E3%81%8B%E3%81%92%E3%81%82%E3%81%8D" dan="16,17,17,16" rate="2069.80,2168.88,2142.77,2129.68" sx="M,M,M,M"/><TAIKYOKU oya="0"/><INIT seed="0,0,0,4,1,48" ten="250,250,250,250" oya="0" hai0="44,56,43,58,79,93,112,126,115,61,20,105,31" hai1="113,8,36,1,33,35,122,70,28,27,65,45,103" hai2="123,82,95,7,133,128,131,16,22,116,81,68,83" hai3="39,135,38,87,54,119,76,51,4,5,25,23,91"/><T71/><D105/><U19/><E122/><V80/><F123/><W52/><G135/><T98/><D79/><U3/><E113/><V94/><F68/><W97/><G119/><T2/><D2/><U12/><E36/><V37/><F133/><W18/><G39/><T84/><D84/><U60/><E45/><V96/><F37/><W100/><G76/><T55/><D126/><U0/><E35/><V106/><F116/><W72/><G72/><T85/><D85/><U69/><E69/><V99/><F7/><N who="3" m="2635" /><G38/><T11/><D11/><U57/><E57/><V47/><F47/><N who="3" m="27775" /><G100/><T109/><D71/><U102/><AGARI ba="0,0" hai="0,1,3,8,12,19,27,28,33,60,65,70,102,103" machi="102" ten="40,1500,0" yaku="0,1" doraHai="48" who="1" fromWho="1" sc="250,-7,250,15,250,-4,250,-4" /><INIT seed="1,0,0,4,0,20" ten="243,265,246,246" oya="1" hai0="44,75,68,48,86,47,95,124,64,1,103,2,65" hai1="11,33,109,114,3,56,111,16,70,25,51,76,117" hai2="5,53,45,126,131,105,121,52,39,97,133,27,74" hai3="24,77,116,123,54,21,100,84,101,22,31,72,129"/><U92/><E70/><V57/><F121/><W17/><G123/><T9/><D75/><U102/><E117/><V132/><F74/><W106/><G72/><T73/><D73/><U85/><E114/><V23/><F131/><W122/><G122/><T18/><D124/><U135/><E135/><N who="2" m="51787" /><F126/><W83/><G129/><T62/><D64/><U6/><E76/><V42/><F5/><W49/><G106/><T91/><D103/><U66/><E66/><V61/><F97/><W60/><G60/><T29/><D29/><U40/><E40/><V32/><F105/><W0/><G0/><T55/><D47/><U94/><E102/><V99/><F99/><W26/><G116/><T46/><D46/><AGARI ba="0,0" hai="17,21,22,24,26,31,46,49,54,77,83,84,100,101" machi="46" ten="30,7700,0" yaku="7,1,8,1,52,2" doraHai="20" who="3" fromWho="0" sc="243,-77,265,0,246,0,246,77" /><INIT seed="2,0,0,1,2,57" ten="166,265,246,323" oya="2" hai0="3,37,118,70,66,51,80,111,114,92,34,10,75" hai1="16,25,30,22,81,63,9,106,8,105,18,109,41" hai2="76,121,31,43,39,128,127,72,49,33,64,54,14" hai3="107,130,36,85,62,28,119,5,26,27,115,99,69"/><V71/><F121/><W125/><G119/><T84/><D114/><U7/><E41/><V79/><F127/><W77/><G125/><T6/><D111/><U58/><E109/><V42/><F128/><W44/><G115/><T101/><D34/><U135/><E135/><V20/><F33/><W123/><G5/><T97/><D37/><U82/><E106/><V91/><F72/><W102/><G123/><T2/><D75/><U90/><E105/><V132/><F132/><W60/><G69/><T1/><D118/><U126/><E126/><V23/><F91/><W116/><G116/><T24/><D24/><U4/><E90/><V35/><F35/><W78/><G26/><T112/><D51/><U52/><E18/><V131/><F131/><W103/><G103/><T13/><D112/><U21/><E21/><V15/><F31/><W29/><G29/><T113/><D113/><U17/><E17/><V65/><F49/><W122/><G122/><T96/><D96/><U32/><E30/><V45/><F45/><W110/><G110/><T19/><D70/><U59/><E58/><V88/><F88/><W120/><G130/><T93/><D66/><U133/><E32/><V53/><REACH who="2" step="1"/><F71/><REACH who="2" ten="166,265,236,323" step="2"/><W0/><G120/><T104/><REACH who="0" step="1"/><D6/><REACH who="0" ten="156,265,236,323" step="2"/><N who="1" m="2091" /><E133/><V129/><F129/><W98/><G36/><AGARI ba="0,2" hai="14,15,20,23,36,39,42,43,53,54,64,65,76,79" machi="36" ten="25,4800,0" yaku="1,1,22,2,53,0" doraHai="57" doraHaiUra="87" who="2" fromWho="3" sc="156,0,265,0,236,68,323,-48" /><INIT seed="2,1,0,1,1,80" ten="156,265,304,275" oya="2" hai0="12,25,97,57,109,9,47,30,102,20,5,71,114" hai1="126,66,103,23,116,111,94,92,58,87,117,128,64" hai2="29,26,54,119,110,39,104,132,63,15,75,60,100" hai3="34,49,122,85,7,98,45,108,27,135,41,84,19"/><V79/><F119/><W6/><G122/><T0/><D114/><U52/><E128/><V4/><F132/><W17/><G135/><T124/><D71/><U46/><E46/><V99/><F39/><W118/><G118/><T95/><D109/><U77/><E111/><V93/><F110/><W88/><G108/><T127/><D47/><U21/><E126/><V32/><F54/><W134/><G134/><T105/><D105/><U74/><E74/><V112/><F112/><W81/><G34/><T91/><D91/><N who="1" m="53375" /><E77/><V53/><F93/><N who="3" m="54407" /><G98/><T1/><REACH who="0" step="1"/><D57/><REACH who="0" ten="146,265,304,275" step="2"/><U120/><E117/><V125/><F125/><AGARI ba="1,1" hai="0,1,5,9,12,20,25,30,95,97,102,124,125,127" machi="125" ten="40,5200,0" yaku="1,1,2,1,18,1,53,0" doraHai="80" doraHaiUra="55" who="0" fromWho="2" sc="146,65,265,0,304,-55,275,0" /><INIT seed="3,0,0,2,3,64" ten="211,265,249,275" oya="3" hai0="66,75,111,57,48,49,12,122,50,132,51,21,1" hai1="73,62,36,39,11,133,128,24,88,19,83,124,134" hai2="127,25,35,40,104,6,119,8,72,101,82,74,23" hai3="47,105,76,31,28,120,67,100,87,71,96,33,108"/><W18/><G120/><T107/><D75/><U53/><E124/><V42/><F119/><W27/><G28/><T85/><D107/><U43/><E128/><V80/><F35/><W69/><G108/><T10/><D122/><U60/><E73/><V14/><F127/><W15/><G67/><T46/><D111/><U94/><E83/><V135/><F135/><W117/><G117/><T130/><D130/><U81/><E81/><V84/><F80/><W79/><G87/><T110/><D110/><U77/><E77/><V17/><F72/><W9/><REACH who="3" step="1"/><G47/><REACH who="3" ten="211,265,249,265" step="2"/><T26/><D85/><U52/><E134/><V3/><F74/><W70/><AGARI ba="0,1" hai="9,15,18,27,31,33,69,70,71,76,79,96,100,105" machi="70" ten="30,18000,2" yaku="1,1,2,1,0,1,52,3,53,0" doraHai="64" doraHaiUra="41" who="3" fromWho="3" sc="211,-60,265,-60,249,-60,265,190" /><INIT seed="3,1,0,3,0,78" ten="151,205,189,455" oya="3" hai0="41,120,107,132,63,95,33,108,113,133,50,125,22" hai1="19,24,48,34,49,44,10,105,2,109,68,46,116" hai2="8,126,81,71,110,56,121,6,122,117,70,90,43" hai3="98,27,39,103,17,79,53,106,64,21,62,94,77"/><W54/><G39/><T87/><D33/><U5/><E68/><V14/><F117/><W47/><G106/><T51/><D107/><U102/><E105/><V35/><F126/><W74/><G74/><T100/><D120/><U45/><E102/><V16/><F110/><W128/><G128/><T25/><D113/><U130/><E109/><V84/><F35/><W123/><G123/><N who="2" m="47113" /><F43/><W37/><G54/><T60/><D125/><U28/><E116/><V0/><F56/><W96/><G96/><N who="0" m="59423" /><D87/><U82/><E130/><V118/><F118/><W92/><G92/><T4/><D4/><U26/><E26/><V61/><F61/><N who="0" m="23626" /><D108/><U115/><E115/><V57/><F57/><N who="3" m="36943" /><G37/><T124/><D41/><U31/><E31/><V104/><F104/><W101/><G101/><T13/><D124/><U66/><E66/><V93/><F93/><W20/><G20/><AGARI ba="1,0" hai="0,6,8,14,16,20,70,71,81,84,90" m="47113" machi="20" ten="30,3900,0" yaku="13,1,52,1,54,1" doraHai="78" who="2" fromWho="3" sc="151,0,205,0,189,42,455,-42" /><INIT seed="4,0,0,4,1,26" ten="151,205,231,413" oya="0" hai0="134,102,129,44,13,72,8,15,77,116,57,33,2" hai1="12,20,7,65,34,83,25,90,29,40,107,110,99" hai2="19,89,123,76,132,117,47,3,82,36,23,6,87" hai3="70,100,85,56,10,45,5,1,128,24,54,97,125"/><T35/><D116/><U109/><E40/><V46/><F123/><W92/><G70/><T50/><D129/><U31/><E83/><V96/><F132/><W59/><G128/><T127/><D134/><U62/><E90/><V37/><F3/><W22/><G125/><T122/><D122/><U0/><E29/><V32/><F6/><W52/><G85/><T119/><D119/><U63/><E63/><V93/><F32/><W42/><G59/><T105/><D57/><U108/><E20/><V14/><F117/><W118/><G56/><T104/><D2/><U98/><E12/><V75/><F46/><W39/><G118/><T78/><D127/><U18/><E18/><AGARI ba="0,0" hai="1,5,10,18,22,24,39,42,45,52,54,92,97,100" machi="18" ten="30,2000,0" yaku="7,1,54,1" doraHai="26" who="3" fromWho="1" sc="151,0,205,-20,231,0,413,20" /><INIT seed="5,0,0,3,3,21" ten="151,185,231,433" oya="1" hai0="6,13,15,42,88,91,7,12,79,48,17,100,121" hai1="130,5,128,106,129,64,36,29,66,71,112,70,102" hai2="104,55,84,101,25,99,63,86,134,27,114,46,58" hai3="34,0,123,43,61,113,90,54,105,10,117,14,18"/><U52/><E5/><N who="0" m="1545" /><D121/><U107/><E29/><V133/><F114/><W125/><G123/><T60/><D100/><U97/><E112/><V96/><F46/><W1/><G105/><T131/><D131/><U8/><E8/><V50/><F96/><W72/><G72/><T69/><D69/><N who="1" m="26123" /><E36/><V108/><F108/><W3/><G54/><T59/><D79/><U127/><E127/><V11/><F63/><W93/><G61/><T122/><D122/><U75/><E75/><V74/><F11/><W73/><G43/><T89/><D42/><U9/><E9/><V22/><F74/><W82/><G34/><T24/><D48/><U38/><E38/><V83/><F22/><W115/><G125/><T132/><D132/><N who="2" m="50794" /><F86/><W76/><REACH who="3" step="1"/><G117/><REACH who="3" ten="151,185,231,423" step="2"/><T80/><D80/><U47/><E107/><V40/><F40/><W94/><G94/><T16/><D24/><U120/><E120/><V2/><F2/><W92/><G92/><T87/><D87/><AGARI ba="0,1" hai="0,1,3,10,14,18,73,76,82,87,90,93,113,115" machi="87" ten="40,8000,1" yaku="1,1,53,3" doraHai="21" doraHaiUra="33" who="3" fromWho="0" sc="151,-80,185,0,231,0,423,90" /><INIT seed="6,0,0,2,2,65" ten="71,185,231,513" oya="2" hai0="14,24,114,88,63,44,96,38,33,98,75,36,7" hai1="87,41,72,20,99,102,15,47,120,76,93,48,60" hai2="124,34,49,45,22,117,125,61,122,112,101,25,77" hai3="95,66,85,54,103,111,42,37,110,32,43,53,79"/><V134/><F117/><W8/><G32/><T131/><D75/><U118/><E118/><V78/><F122/><W12/><G66/><T27/><D44/><U50/><E72/><V19/><F112/><W104/><G104/><T30/><D63/><U51/><E60/><V17/><F34/><W109/><G37/><T100/><D114/><U62/><E62/><V0/><F0/><W21/><G21/><T107/><D131/><U2/><E2/><V90/><F101/><W106/><G106/><T6/><D24/><U18/><E120/><V130/><F134/><W35/><G35/><T16/><D36/><U83/><AGARI ba="0,0" hai="15,18,20,41,47,48,50,51,76,83,87,93,99,102" machi="83" ten="30,2000,0" yaku="0,1,8,1" doraHai="65" who="1" fromWho="1" sc="71,-5,185,20,231,-10,513,-5" /><INIT seed="7,0,0,4,3,55" ten="66,205,221,508" oya="3" hai0="88,37,42,17,69,23,31,87,16,85,46,86,57" hai1="56,58,72,127,75,92,104,117,63,59,39,18,30" hai2="90,133,61,82,89,77,9,68,99,129,52,106,60" hai3="15,112,114,107,28,111,118,73,71,33,108,53,102"/><W76/><G118/><T109/><D69/><U26/><E39/><V25/><F129/><W101/><G71/><T84/><D109/><N who="3" m="42057" /><G15/><T6/><D6/><U41/><E41/><V132/><F9/><W35/><G53/><T4/><D4/><U32/><E117/><V83/><F25/><N who="3" m="18575" /><G35/><T110/><D110/><U21/><E104/><V5/><F5/><W50/><G50/><T65/><D31/><U7/><E7/><V3/><F3/><W29/><G29/><T66/><D66/><U54/><E127/><V47/><F68/><W19/><G19/><T126/><D126/><U97/><E75/><V51/><F82/><N who="3" m="45327" /><G107/><T8/><D8/><U81/><E72/><N who="2" m="43431" /><F60/><W128/><G128/><T0/><D0/><U105/><E105/><V95/><F61/><W43/><G43/><T13/><D17/><U93/><E93/><V22/><F106/><W34/><G34/><T135/><D135/><N who="2" m="51786" /><F22/><W64/><G64/><T45/><D45/><U100/><E81/><V116/><F116/><W94/><G94/><T113/><D113/><AGARI ba="0,0" hai="101,102,112,113,114" m="45327,18575,42057" machi="113" ten="30,2900,0" yaku="15,1,10,1" doraHai="55" who="3" fromWho="0" sc="66,-29,205,0,221,0,508,29" owari="37,-46.0,205,-19.0,221,2.0,537,63.0" /></mjloggm>