<mjloggm ver="2.3"><GO type="225" lobby="0"/><UN n0="%E3%83%98%E3%82%AF%E3%82%B5%E3%83%BC" n1="%E3%83%81%E3%83%BC%E3%83%88%E3%82%A4%E7%9F%AD%E6%9C%9F%E5%A4%A7%E5%AD%A6" n2="%62%69%67%6D%6F%75%74%68" n3="%E3%83%AD%E3%83%9C%E3%82%B3%E3%83%97" dan="16,16,16,16" rate="2119.82,2130.35,2107.55,2115.20" sx="M,M,M,M"/><TAIKYOKU oya="0"/><INIT seed="0,0,0,1,4,22" ten="250,250,250,250" oya="0" hai0="129,32,108,41,46,104,74,94,132,78,87,120,16" hai1="96,15,37,59,51,97,95,49,20,130,72,111,52" hai2="39,80,53,0,110,24,79,3,115,43,2,114,118" hai3="12,121,106,98,82,60,76,58,128,54,85,107,30"/><T6/><D120/><U86/><E72/><V81/><F110/><W9/><G121/><T25/><D129/><U109/><E37/><V45/><F118/><W101/><G128/><T127/><D132/><U66/><E130/><V75/><F81/><W88/><G30/><T84/><D127/><U42/><E66/><V135/><F135/><W36/><G36/><T105/><D108/><N who="1" m="41547" /><E42/><V21/><REACH who="2" step="1"/><F53/><REACH who="2" ten="250,250,240,250" step="2"/><W90/><REACH who="3" step="1"/><G107/><REACH who="3" ten="250,250,240,240" step="2"/><T40/><D40/><U92/><E97/><V89/><F89/><W61/><G61/><T65/><D41/><U48/><E96/><V19/><AGARI ba="0,2" hai="0,2,3,19,21,24,39,43,45,75,79,80,114,115" machi="19" ten="30,7900,0" yaku="1,1,0,1,52,1,53,1" doraHai="22" doraHaiUra="68" who="2" fromWho="2" sc="250,-39,250,-20,240,99,240,-20" /><INIT seed="1,0,0,2,0,79" ten="211,230,339,220" oya="1" hai0="91,73,74,49,26,43,6,129,112,120,95,8,17" hai1="89,105,21,37,117,82,72,66,85,80,14,27,130" hai2="51,42,108,22,103,57,67,94,88,36,93,54,58" hai3="83,76,107,113,63,35,2,114,121,12,119,70,40"/><U84/><E117/><V98/><F108/><W116/><G2/><T96/><D112/><U5/><E37/><V9/><F9/><W122/><G107/><T13/><D129/><U97/><E72/><V7/><F7/><W10/><G35/><T126/><D126/><U104/><E130/><V69/><F69/><W41/><G113/><T46/><D120/><U92/><E66/><V131/><F131/><W33/><G33/><T15/><REACH who="0" step="1"/><D26/><REACH who="0" ten="201,230,339,220" step="2"/><U32/><E32/><V38/><F42/><W110/><G114/><T53/><D53/><U111/><E111/><V55/><F67/><W31/><G110/><T50/><D50/><U47/><E27/><V78/><F38/><W28/><G41/><T45/><D45/><U127/><E47/><V0/><F36/><W106/><G40/><T100/><D100/><U61/><E127/><V128/><F128/><W52/><G122/><T64/><D64/><U90/><E61/><V25/><F55/><W133/><G121/><T48/><D48/><U30/><E30/><V123/><F123/><W16/><G31/><T109/><D109/><U34/><E34/><V18/><F51/><W124/><G28/><T68/><D68/><U81/><E104/><V62/><F103/><W60/><G124/><T87/><D87/><U23/><E105/><V135/><F54/><W125/><G106/><T29/><D29/><U77/><E85/><V44/><F44/><W99/><G125/><T56/><D56/><U1/><E84/><V132/><F58/><W101/><G70/><T59/><D59/><U65/><E65/><V24/><F57/><RYUUKYOKU ba="0,1" sc="201,30,230,-10,339,-10,220,-10" hai0="6,8,13,15,17,43,46,49,73,74,91,95,96" /><INIT seed="2,1,1,2,2,108" ten="231,220,329,210" oya="2" hai0="80,116,93,2,10,58,40,123,134,28,63,87,5" hai1="60,106,11,122,72,128,21,79,53,50,110,74,115" hai2="57,25,49,127,48,8,124,66,64,62,23,94,27" hai3="71,26,44,95,119,114,85,30,103,104,126,89,47"/><V76/><F76/><W98/><G119/><T12/><D123/><U20/><E106/><V56/><F8/><W15/><G126/><N who="2" m="48169" /><F94/><W36/><G71/><T125/><D125/><U129/><E110/><V1/><F1/><W102/><G36/><T14/><D134/><U0/><E122/><V96/><F96/><W6/><G103/><T35/><D116/><U84/><E115/><V88/><F88/><W82/><G114/><T81/><D40/><U83/><E60/><N who="2" m="37895" /><F27/><W32/><G6/><T67/><D93/><U111/><E111/><V34/><F34/><W4/><G4/><T61/><D81/><U52/><E53/><V51/><F25/><W112/><G112/><T17/><D35/><U55/><E55/><V109/><F23/><N who="1" m="8777" /><E11/><V59/><F109/><W54/><G15/><T135/><D2/><U86/><E0/><V69/><AGARI ba="1,1" hai="48,49,51,57,59,62,66,69" m="37895,48169" machi="69" ten="30,6000,0" yaku="18,1,34,2" doraHai="108" who="2" fromWho="2" sc="231,-21,220,-21,329,73,210,-21" /><INIT seed="2,2,0,3,3,119" ten="210,199,402,189" oya="2" hai0="132,20,23,135,75,1,33,25,96,87,91,115,117" hai1="66,5,27,59,103,64,37,116,70,85,43,38,2" hai2="19,112,118,26,36,84,12,130,32,39,41,22,95" hai3="67,4,73,14,42,31,72,92,81,34,104,114,63"/><V71/><F118/><W131/><G104/><T134/><D115/><U78/><E116/><V107/><F112/><W68/><G114/><T100/><D117/><U125/><E70/><V109/><F107/><W120/><G120/><T99/><D75/><U29/><E125/><V49/><F71/><W45/><G131/><T113/><D1/><U0/><E103/><V69/><F69/><W30/><G92/><N who="0" m="54399" /><D113/><U55/><E85/><V93/><F109/><W28/><G34/><T54/><D54/><U60/><E78/><V7/><F95/><W24/><G24/><T3/><D3/><U53/><E53/><V46/><F130/><W102/><G102/><T126/><D126/><U83/><E2/><V52/><F41/><W76/><G73/><T106/><D96/><U58/><E83/><V110/><F110/><W48/><G28/><AGARI ba="2,0" hai="20,23,25,28,33,99,100,106,132,134,135" m="54399" machi="28" ten="30,1000,0" yaku="20,1" doraHai="119" who="0" fromWho="3" sc="210,16,199,0,402,0,189,-16" /><INIT seed="3,0,0,3,4,123" ten="226,199,402,173" oya="3" hai0="115,100,102,91,24,73,122,75,113,125,81,89,117" hai1="109,23,52,29,101,63,90,127,72,95,116,79,8" hai2="35,62,32,12,71,48,130,21,46,132,111,39,98" hai3="41,93,51,3,76,108,36,47,53,68,44,97,55"/><W59/><G3/><T19/><D19/><U134/><E101/><N who="0" m="39017" /><D24/><N who="1" m="16543" /><E8/><V85/><F111/><W14/><G108/><T131/><D117/><U86/><E72/><V54/><F132/><W118/><G118/><T28/><D28/><U27/><E109/><V114/><F114/><N who="0" m="43530" /><D125/><U80/><E27/><V34/><F130/><W77/><G68/><T92/><D131/><U112/><E112/><V124/><F124/><W88/><REACH who="3" step="1"/><G14/><REACH who="3" ten="226,199,402,163" step="2"/><T60/><D122/><U69/><E127/><V121/><F121/><W20/><G20/><T49/><D75/><U31/><E69/><V103/><F12/><W17/><G17/><T135/><D73/><U84/><E116/><V13/><F13/><W74/><G74/><T18/><D18/><U2/><E2/><V129/><F129/><W37/><G37/><T7/><D135/><U133/><E133/><V96/><F39/><W15/><G15/><T70/><D70/><U33/><E134/><V6/><F21/><W94/><G94/><T126/><D126/><U67/><E33/><V11/><F71/><W106/><G106/><T99/><D92/><U10/><E10/><V30/><F11/><W64/><G64/><T45/><D81/><U65/><E31/><V61/><F30/><W119/><G119/><T56/><D7/><U4/><E4/><V9/><F9/><W50/><AGARI ba="0,1" hai="36,41,44,47,50,51,53,55,59,76,77,88,93,97" machi="50" ten="20,7800,0" yaku="1,1,0,1,7,1,54,1,53,0" doraHai="123" doraHaiUra="66" who="3" fromWho="3" sc="226,-26,199,-26,402,-26,163,88" /><INIT seed="3,1,0,5,1,26" ten="200,173,376,251" oya="3" hai0="103,59,135,91,46,110,129,19,102,81,39,53,82" hai1="52,44,38,31,84,62,34,100,95,21,6,117,14" hai2="50,88,17,60,86,131,127,48,93,70,79,24,8" hai3="27,120,12,111,49,75,2,115,118,108,99,104,51"/><W89/><G2/><T109/><D129/><U9/><E117/><V124/><F131/><W87/><G118/><T66/><D135/><U78/><E34/><V54/><F79/><W13/><G115/><T97/><D66/><U16/><E31/><V76/><F76/><W122/><G75/><T125/><D125/><N who="2" m="48202" /><F70/><W58/><G27/><T105/><D102/><U101/><E38/><V45/><F50/><N who="3" m="18955" /><G58/><T64/><D64/><U83/><E95/><V106/><F60/><W3/><G3/><T92/><D46/><U11/><E11/><V41/><F106/><W121/><G99/><N who="0" m="57759" /><D39/><U132/><E132/><V28/><F8/><W47/><G47/><T119/><D119/><U56/><E44/><V30/><F54/><W116/><G104/><T18/><D53/><U40/><E40/><V67/><F67/><W5/><G5/><T0/><D59/><U23/><E23/><AGARI ba="1,0" hai="17,23,24,28,30,41,45,48,86,88,93" m="48202" machi="23" ten="30,7700,0" yaku="18,1,52,2,54,1" doraHai="26" who="2" fromWho="1" sc="200,0,173,-80,376,80,251,0" owari="200,-20.0,93,-41.0,456,56.0,251,5.0" /></mjloggm>