<mjloggm ver="2.3"><GO type="185" lobby="0"/><UN n0="%E3%82%A2%E3%83%AA%E3%82%A2%E3%83%AA%E5%90%9B" n1="%64%72%65%67%73" n2="%6D%61%6B%6F%74%61" n3="" dan="16,17,16,0" rate="2234.76,2232.18,2132.39,1500.00" sx="M,M,M,C"/><TAIKYOKU oya="0"/><INIT seed="0,0,0,3,4,118" ten="350,350,350,0" oya="0" hai0="55,76,70,113,130,80,107,103,60,45,38,86,50" hai1="88,114,129,131,127,101,121,82,94,69,63,117,106" hai2="43,62,116,95,111,61,42,126,3,0,102,104,123" hai3=""/><T37/><D130/><U122/><N who="1" m="31008" /><U46/><N who="1" m="31264" /><U72/><E117/><V87/><N who="2" m="31520" /><V36/><F116/><T112/><D107/><U68/><E114/><V109/><F104/><T48/><D103/><U1/><E1/><V65/><F126/><T59/><D38/><U33/><E33/><V67/><F102/><T41/><REACH who="0" step="1"/><D50/><REACH who="0" ten="340,350,350,0" step="2"/><U133/><E127/><V53/><F36/><T84/><D84/><U119/><E119/><V49/><F0/><T85/><D85/><U52/><E129/><V77/><F3/><T91/><D91/><U92/><E131/><V100/><F87/><T132/><D132/><U89/><E133/><V99/><F100/><T125/><D125/><U40/><E106/><V108/><F49/><T57/><D57/><U35/><E35/><V97/><F109/><T134/><D134/><U98/><E72/><V47/><F108/><T56/><D56/><U81/><E101/><V124/><F111/><T78/><D78/><U110/><E110/><V2/><F124/><T39/><D39/><U32/><E32/><V64/><F2/><T135/><D135/><U120/><N who="1" m="30752" /><U54/><E68/><V79/><F79/><T44/><D44/><U34/><E46/><V71/><F77/><RYUUKYOKU ba="0,1" sc="340,20,350,-10,350,-10,0,0" hai0="37,41,45,48,55,59,60,70,76,80,86,112,113" /><INIT seed="0,1,1,5,3,46" ten="360,340,340,0" oya="0" hai0="114,83,131,75,77,68,104,54,48,81,70,37,106" hai1="39,71,45,115,50,123,44,72,64,67,65,102,41" hai2="92,0,34,1,38,63,74,113,80,132,108,43,42" hai3=""/><T122/><N who="0" m="31264" /><T95/><D114/><U99/><N who="1" m="31520" /><U33/><E33/><V135/><F34/><T86/><D37/><U58/><E72/><V88/><F113/><T129/><D106/><U90/><E115/><V112/><F112/><T59/><D104/><U101/><E71/><V111/><F63/><T47/><D95/><U127/><E127/><V100/><F100/><T40/><D131/><U60/><E90/><V97/><F1/><T110/><D110/><N who="2" m="42026" /><F0/><T62/><REACH who="0" step="1"/><D129/><REACH who="0" ten="350,340,340,0" step="2"/><U124/><E124/><V107/><F107/><T55/><D55/><U93/><E102/><V78/><F38/><T98/><D98/><U85/><E85/><V125/><F125/><T117/><D117/><U94/><E93/><V120/><N who="2" m="30752" /><V36/><F36/><T32/><D32/><U130/><E130/><V76/><F43/><AGARI ba="1,2" hai="39,41,43,44,45,50,58,60,64,65,67,94,99,101" m="31520" machi="43" ten="30,3900,0" yaku="7,1,52,2" doraHai="46" who="1" fromWho="2" sc="350,0,340,61,340,-41,0,0" /><INIT seed="1,0,0,2,4,122" ten="350,401,299,0" oya="1" hai0="119,40,72,69,47,38,135,57,75,43,2,100,121" hai1="60,120,52,127,133,50,131,74,79,116,39,37,71" hai2="54,32,92,55,86,33,103,89,36,109,58,128,108" hai3=""/><U130/><N who="1" m="30752" /><U106/><E116/><V93/><F36/><T101/><N who="0" m="31008" /><T84/><D2/><U98/><E127/><V124/><F124/><T96/><D119/><U102/><E133/><V94/><F128/><N who="1" m="49193" /><E79/><V117/><F117/><T49/><D69/><U67/><E74/><V66/><F66/><T64/><D135/><U61/><E61/><V80/><F103/><T104/><D100/><U134/><E134/><V1/><F1/><T41/><D38/><U73/><E73/><V3/><F3/><T65/><D65/><U88/><E88/><V125/><F125/><T123/><N who="0" m="31520" /><T68/><D68/><U115/><E115/><V81/><F81/><T85/><D72/><U56/><AGARI ba="0,0" hai="37,39,50,52,56,60,67,71,98,102,106" m="49193,30752" machi="56" ten="30,4000,0" yaku="19,1,52,1,54,1" doraHai="122" who="1" fromWho="1" sc="350,-20,401,40,299,-20,0,0" /><INIT seed="1,1,0,3,3,99" ten="330,441,279,0" oya="1" hai0="64,132,124,88,128,67,48,120,112,106,115,110,73" hai1="41,74,105,97,100,78,130,91,121,89,65,57,104" hai2="1,117,38,126,108,79,101,76,127,58,85,0,96" hai3=""/><U92/><N who="1" m="31008" /><U72/><E41/><V2/><F117/><T66/><N who="0" m="30752" /><T52/><D73/><N who="1" m="28267" /><E65/><V119/><F38/><T81/><D132/><U53/><E57/><V134/><F119/><T111/><D128/><U33/><E53/><V32/><F32/><T70/><D70/><U133/><E33/><V37/><F37/><T131/><D106/><N who="1" m="41067" /><E130/><V122/><N who="2" m="31264" /><V83/><F79/><T36/><D131/><U135/><E78/><V102/><F134/><AGARI ba="1,0" hai="89,91,92,97,100,133,134,135" m="41067,28267,31008" machi="134" ten="40,12000,1" yaku="20,1,34,2,52,2" doraHai="99" who="1" fromWho="2" sc="330,0,441,122,279,-122,0,0" /><INIT seed="1,2,0,5,5,92" ten="330,563,157,0" oya="1" hai0="71,64,132,134,110,135,96,65,70,41,3,107,1" hai1="82,129,90,89,115,106,80,53,104,77,116,88,123" hai2="112,78,75,38,48,131,68,57,43,36,73,55,45" hai3=""/><U117/><N who="1" m="31520" /><U39/><E39/><V102/><F102/><T58/><D110/><U72/><E53/><V61/><F78/><T59/><D41/><U97/><E115/><V122/><N who="2" m="31264" /><V46/><F75/><T0/><D107/><N who="1" m="41003" /><E129/><V91/><F91/><N who="1" m="34889" /><E82/><V124/><F73/><T79/><D79/><U66/><E66/><N who="0" m="25705" /><D96/><U62/><E62/><V67/><F131/><T121/><N who="0" m="31008" /><T133/><D133/><U50/><E50/><V37/><F112/><T47/><D47/><U126/><E126/><V119/><F124/><T54/><D54/><U56/><E56/><AGARI ba="2,0" hai="0,1,3,56,58,59,70,71,132,134,135" m="31008,25705" machi="56" ten="40,8000,1" yaku="28,2,20,1,52,1" doraHai="92" who="0" fromWho="1" sc="330,84,563,-84,157,0,0,0" /><INIT seed="2,0,0,4,1,115" ten="414,479,157,0" oya="2" hai0="96,70,114,89,37,47,97,66,44,126,75,117,107" hai1="111,67,83,99,35,40,132,87,46,103,86,120,34" hai2="43,49,125,38,130,32,58,73,112,63,74,90,39" hai3=""/><V133/><F32/><T135/><D114/><U36/><N who="1" m="30752" /><U0/><E0/><V80/><F112/><T57/><D75/><U78/><E111/><V131/><F125/><T102/><D126/><U59/><E132/><V68/><F133/><T98/><D135/><U122/><N who="1" m="31264" /><U106/><REACH who="1" step="1"/><E87/><REACH who="1" ten="414,469,157,0" step="2"/><V105/><F74/><T53/><D102/><U3/><E3/><V88/><F73/><T124/><D124/><U81/><E81/><V42/><F130/><T76/><D107/><U119/><E119/><V72/><F72/><T104/><D117/><U129/><E129/><V61/><F131/><T77/><D104/><U100/><E100/><V95/><F80/><T116/><D116/><U56/><E56/><V71/><F58/><T45/><D57/><U118/><E118/><V62/><F68/><T93/><D70/><U92/><E92/><V60/><F71/><T110/><D110/><U64/><E64/><V50/><F95/><T65/><D66/><U79/><E79/><V41/><F105/><T1/><D65/><U84/><E84/><V109/><F109/><T69/><D1/><U128/><E128/><V54/><F90/><T108/><D69/><U123/><N who="1" m="31520" /><U85/><E85/><V91/><F88/><RYUUKYOKU ba="0,1" sc="414,-10,469,20,157,-10,0,0" hai1="34,35,36,40,46,59,67,78,83,86,99,103,106" /><INIT seed="4,1,1,3,5,115" ten="404,489,147,0" oya="0" hai0="53,83,71,101,82,41,117,57,121,135,105,110,78" hai1="91,77,116,49,58,56,134,93,102,109,126,55,127" hai2="122,108,130,120,50,79,68,96,88,44,43,133,45" hai3=""/><T60/><N who="0" m="31008" /><T113/><D117/><U103/><E109/><V32/><N who="2" m="30752" /><V104/><N who="2" m="31264" /><V95/><F32/><T35/><D35/><U124/><E134/><V37/><F108/><T3/><D110/><U119/><E77/><V40/><F133/><T92/><D135/><U85/><REACH who="1" step="1"/><E58/><REACH who="1" ten="404,479,147,0" step="2"/><V36/><F130/><T132/><D132/><U97/><E97/><V99/><F79/><T100/><D113/><U51/><E51/><V74/><F68/><T33/><D33/><U94/><E94/><V59/><F59/><T66/><D105/><U75/><E75/><V39/><REACH who="2" step="1"/><F74/><REACH who="2" ten="404,479,137,0" step="2"/><T129/><D129/><U73/><E73/><V2/><F2/><T67/><D71/><U81/><E81/><V131/><F131/><T54/><D83/><U52/><E52/><V87/><F87/><T106/><D54/><U118/><AGARI ba="1,3" hai="49,55,56,85,91,93,102,103,116,118,119,124,126,127" machi="118" ten="40,9000,2" yaku="1,1,0,1,18,1,52,3,53,0" doraHai="115" doraHaiUra="76" who="1" fromWho="1" sc="404,-61,479,122,137,-31,0,0" /><INIT seed="5,0,0,1,0,105" ten="343,601,106,0" oya="1" hai0="127,35,72,0,86,110,131,46,104,129,2,81,3" hai1="84,92,134,120,113,50,32,106,125,126,39,71,47" hai2="52,89,87,1,77,100,83,119,68,130,109,132,66" hai3=""/><U73/><RYUUKYOKU type="yao9" ba="0,0" sc="343,0,601,0,106,0,0,0" hai1="32,39,47,50,71,73,84,92,106,113,120,125,126,134" /><INIT seed="5,1,0,0,0,48" ten="343,601,106,0" oya="1" hai0="107,57,124,1,36,80,105,54,33,111,118,106,117" hai1="133,41,92,45,127,128,74,69,132,72,67,121,99" hai2="93,86,76,75,130,62,134,96,109,73,78,97,120" hai3=""/><U0/><N who="1" m="31008" /><U61/><E0/><V56/><N who="2" m="30752" /><V79/><F109/><T64/><D1/><U119/><E119/><V82/><F56/><T60/><D33/><U126/><E92/><V71/><F62/><T55/><D111/><U115/><E99/><V70/><F130/><T53/><D36/><U87/><E87/><V108/><F108/><T3/><D3/><U39/><E128/><V47/><F47/><T85/><REACH who="0" step="1"/><D124/><REACH who="0" ten="333,601,106,0" step="2"/><N who="1" m="47659" /><E115/><V68/><F134/><AGARI ba="1,1" hai="39,41,45,61,67,69,72,74,132,133,134" m="47659,31008" machi="134" ten="30,11600,0" yaku="20,1,18,1,23,1,52,1" doraHai="48" who="1" fromWho="2" sc="333,0,601,128,106,-118,0,0" owari="333,-7.0,729,68.0,-12,-61.0,0,0.0" /></mjloggm>