<mjloggm ver="2.3"><GO type="169" lobby="0"/><UN n0="%77%61%77%61%33%30%33%30" n1="%33%72%64%73%74%61%67%65" n2="%70%6D%6A%70%6D%70%61" n3="%6D%69%72%69%72%69" dan="17,18,16,16" rate="2184.66,2222.65,2056.08,2172.53" sx="M,M,M,M"/><TAIKYOKU oya="0"/><INIT seed="0,0,0,3,4,83" ten="250,250,250,250" oya="0" hai0="56,62,33,47,51,11,110,17,91,81,50,133,27" hai1="78,41,36,14,15,45,117,93,42,66,86,82,68" hai2="34,55,35,80,126,112,115,101,49,12,6,85,39" hai3="134,130,88,0,24,125,43,127,21,128,37,19,107"/><T5/><D133/><U7/><E117/><V121/><F39/><W84/><G107/><T25/><D110/><U23/><E42/><V44/><F126/><N who="3" m="48139" /><G0/><T57/><D33/><U123/><E123/><V3/><F3/><W29/><G43/><T8/><D56/><U26/><E7/><V79/><F121/><W61/><G37/><T104/><D104/><U111/><E111/><V116/><F116/><W122/><G122/><T63/><D62/><U70/><E93/><V40/><F55/><W9/><G61/><T32/><D32/><N who="2" m="12330" /><F101/><W105/><G105/><T114/><D114/><U71/><REACH who="1" step="1"/><E66/><REACH who="1" ten="250,240,250,250" step="2"/><V65/><F65/><W106/><G106/><T59/><D81/><U96/><E96/><V90/><F112/><W1/><G134/><T108/><D5/><U89/><E89/><V48/><F90/><W16/><G1/><T98/><D91/><U22/><E22/><V76/><F115/><W30/><G9/><T2/><D98/><U67/><E67/><V60/><F79/><W54/><G54/><T31/><D2/><U46/><E46/><V74/><F44/><W18/><G30/><AGARI ba="0,1" hai="14,15,23,26,30,36,41,45,68,70,71,78,82,86" machi="30" ten="40,2600,0" yaku="1,1,52,1,53,0" doraHai="83" doraHaiUra="97" who="1" fromWho="3" sc="250,0,240,36,250,0,250,-26" /><INIT seed="1,0,0,2,0,86" ten="250,276,250,224" oya="1" hai0="52,20,102,82,101,130,4,47,9,113,74,7,87" hai1="122,123,83,115,11,131,34,91,76,81,98,124,114" hai2="75,21,112,27,89,117,109,40,71,56,0,57,19" hai3="66,111,88,61,6,33,45,18,24,84,17,104,128"/><U32/><E11/><V2/><F117/><W105/><G111/><T120/><D113/><N who="1" m="43019" /><E34/><V46/><F75/><W103/><G128/><T35/><D35/><U58/><E32/><V119/><F109/><W68/><G6/><T90/><D130/><U72/><E58/><V97/><F71/><W116/><G116/><T22/><D120/><U5/><E5/><V49/><F119/><W133/><G133/><T85/><D74/><N who="1" m="43159" /><E131/><V127/><F57/><W26/><G45/><T78/><D20/><U53/><E53/><V126/><F56/><W38/><G38/><T42/><D22/><U95/><E124/><N who="2" m="47659" /><F112/><W121/><G121/><T67/><D67/><U1/><E1/><V63/><F63/><W62/><G62/><T8/><D8/><U64/><E64/><V59/><F59/><W73/><G26/><T50/><D42/><U15/><E15/><V108/><F108/><W23/><G33/><T44/><D44/><U28/><E28/><V13/><F13/><W14/><G14/><N who="0" m="5415" /><D7/><U16/><E16/><V135/><F2/><W70/><G70/><T39/><D39/><U99/><E98/><V77/><F0/><W41/><G41/><T110/><D110/><U3/><E3/><V10/><F10/><W65/><G65/><T48/><D48/><U132/><E132/><V30/><F135/><W118/><G118/><T96/><D96/><U93/><E93/><AGARI ba="0,0" hai="47,50,52,78,82,85,87,90,93,101,102" m="5415" machi="93" ten="30,3900,0" yaku="8,1,52,1,54,1" doraHai="86" who="0" fromWho="1" sc="250,39,276,-39,250,0,224,0" /><INIT seed="2,0,0,1,3,9" ten="289,237,250,224" oya="2" hai0="97,113,131,84,51,64,10,89,39,111,24,22,40" hai1="32,2,107,79,90,34,120,78,0,74,20,122,48" hai2="70,56,135,61,103,134,104,54,55,109,115,35,76" hai3="75,98,80,73,66,44,3,121,132,30,23,77,133"/><V38/><F35/><N who="1" m="13353" /><E48/><V96/><F115/><W108/><G3/><N who="1" m="1066" /><E90/><V33/><F33/><W71/><G121/><N who="1" m="46698" /><E107/><V57/><F76/><N who="1" m="29225" /><E20/><V106/><F106/><W128/><G75/><AGARI ba="0,0" hai="74,75" m="29225,46698,1066,13353" machi="75" ten="40,5200,0" yaku="28,2,13,1" doraHai="9" who="1" fromWho="3" sc="289,0,237,52,250,0,224,-52" /><INIT seed="3,0,0,1,0,7" ten="289,289,250,172" oya="3" hai0="46,14,87,52,89,95,123,25,30,115,40,106,36" hai1="125,121,80,59,82,127,11,135,43,108,68,132,16" hai2="116,4,99,73,20,102,94,74,124,126,1,22,39" hai3="107,96,98,117,70,58,31,75,71,66,100,18,3"/><W37/><G117/><T91/><D115/><U88/><E121/><V61/><F39/><W129/><G37/><T48/><D123/><U90/><E68/><V120/><F116/><W69/><G75/><N who="2" m="28681" /><F61/><W78/><G78/><T79/><D106/><U64/><E43/><V19/><F120/><W101/><G129/><T53/><D79/><U0/><E108/><V57/><F57/><W62/><G18/><T9/><D89/><N who="1" m="34411" /><E59/><V76/><F76/><W122/><G122/><T51/><D36/><U109/><E64/><V84/><F84/><W112/><G112/><T49/><D53/><U56/><E56/><V111/><F111/><W28/><REACH who="3" step="1"/><G3/><REACH who="3" ten="289,289,250,162" step="2"/><T81/><D81/><N who="1" m="31339" /><E109/><V38/><F38/><W42/><G42/><T97/><D87/><U72/><E72/><V50/><F1/><W77/><G77/><T85/><D85/><U92/><E0/><V24/><F19/><W93/><AGARI ba="0,1" hai="28,31,58,62,66,69,70,71,93,96,98,100,101,107" machi="93" ten="30,3000,0" yaku="1,1,0,1,53,0" doraHai="7" doraHaiUra="128" who="3" fromWho="3" sc="289,-10,289,-10,250,-10,162,40" /><INIT seed="3,1,0,5,2,57" ten="279,279,240,202" oya="3" hai0="14,20,58,35,60,41,126,36,64,46,107,11,15" hai1="23,92,37,26,28,131,129,75,55,73,81,74,30" hai2="80,85,127,115,2,87,97,110,8,90,112,0,128" hai3="42,83,63,38,61,59,43,133,39,96,121,93,56"/><W7/><G7/><T104/><D35/><U109/><E37/><V17/><F110/><W27/><G83/><T54/><D126/><U102/><E109/><V108/><F108/><W105/><G105/><T48/><D20/><U69/><E69/><V119/><F119/><W29/><G121/><T16/><REACH who="0" step="1"/><D15/><REACH who="0" ten="269,279,240,202" step="2"/><U101/><E23/><V89/><F127/><W88/><G133/><T122/><D122/><U98/><E30/><V130/><F8/><W70/><G70/><AGARI ba="1,1" hai="11,14,16,36,41,46,48,54,58,60,64,70,104,107" machi="70" ten="30,12000,2" yaku="1,1,7,1,24,2,52,1,54,1,53,0" doraHai="57" doraHaiUra="24" who="0" fromWho="3" sc="269,133,279,0,240,0,202,-123" /><INIT seed="4,0,0,2,0,77" ten="402,279,240,79" oya="0" hai0="34,88,104,134,22,49,41,3,97,85,135,31,9" hai1="29,129,43,39,35,7,64,10,120,11,68,30,95" hai2="38,36,47,131,99,37,13,93,45,71,114,70,110" hai3="26,33,15,16,96,80,28,98,122,0,87,65,66"/><T61/><D34/><U91/><E120/><V112/><F110/><W130/><G130/><T48/><D61/><U50/><E39/><V116/><F13/><W74/><G74/><T119/><D119/><U72/><E72/><V121/><F121/><W84/><G122/><T12/><D3/><U101/><E101/><V109/><F109/><W2/><G87/><T63/><D63/><U124/><E124/><V106/><F106/><W53/><G53/><T20/><D97/><U21/><E35/><V76/><F76/><W82/><G2/><T52/><D104/><U8/><E68/><N who="2" m="26155" /><F93/><W54/><G0/><T32/><D32/><U25/><E129/><V46/><F99/><W118/><G118/><T123/><D48/><U27/><E27/><V126/><F131/><W83/><G84/><T42/><D123/><U127/><E127/><V69/><F126/><W55/><G55/><T79/><D79/><U132/><E30/><V56/><N who="2" m="26163" /><V107/><DORA hai="4" /><F107/><W78/><G54/><T18/><D135/><U100/><E100/><V125/><F125/><W62/><G62/><T89/><D134/><U94/><E94/><V111/><F111/><W5/><G5/><T58/><D89/><U73/><E73/><V67/><F116/><W133/><G78/><T92/><D31/><U128/><E128/><V86/><F86/><W44/><G133/><T90/><D90/><U105/><E105/><V57/><F67/><N who="3" m="25611" /><G44/><N who="2" m="11265" /><V6/><DORA hai="108" /><F6/><W1/><G1/><T40/><AGARI ba="0,0" hai="9,12,18,20,22,40,41,42,49,52,58,85,88,92" machi="40" ten="30,12000,1" yaku="0,1,8,1,52,1,54,2" doraHai="77,4,108" who="0" fromWho="0" sc="402,120,279,-40,240,-40,79,-40" /><INIT seed="4,1,0,4,3,38" ten="522,239,200,39" oya="0" hai0="83,57,14,72,24,134,47,90,42,68,124,65,109" hai1="121,95,1,0,127,126,17,116,21,133,86,100,92" hai2="51,27,6,15,93,101,5,128,25,81,35,115,60" hai3="49,62,135,20,48,87,73,125,9,78,56,113,50"/><T131/><D68/><U22/><E121/><V53/><F115/><W84/><G73/><T122/><D122/><U18/><E86/><V23/><F128/><W16/><G113/><T32/><D131/><U34/><E34/><V46/><F35/><W99/><G135/><T114/><D114/><U37/><E37/><V36/><F36/><W67/><G125/><N who="1" m="47626" /><E100/><V64/><F81/><W75/><G9/><T7/><D124/><U58/><E58/><V2/><F2/><N who="1" m="1129" /><E116/><V61/><F61/><W3/><G3/><T11/><D134/><U13/><E133/><V8/><F6/><W120/><G120/><T111/><D24/><AGARI ba="1,0" hai="13,17,18,21,22,24,92,95" m="1129,47626" machi="24" ten="30,1000,0" yaku="18,1" doraHai="38" who="1" fromWho="0" sc="522,-13,239,13,200,0,39,0" /><INIT seed="5,0,0,4,0,28" ten="509,252,200,39" oya="1" hai0="34,100,108,85,48,17,49,3,50,39,27,87,109" hai1="31,5,55,62,134,33,47,37,121,127,98,117,38" hai2="64,96,99,78,43,76,97,59,10,40,115,12,75" hai3="4,29,61,81,14,71,132,63,2,135,44,79,66"/><U13/><E117/><V52/><F64/><W89/><G14/><T101/><D3/><U58/><E121/><V95/><F115/><W57/><G89/><T129/><D39/><U1/><E1/><V32/><F32/><W110/><G110/><T111/><D129/><U116/><E116/><V65/><F65/><W86/><G44/><T106/><D106/><U105/><E127/><V104/><F104/><W118/><G118/><T46/><D46/><U21/><E134/><V22/><F22/><W112/><G112/><T107/><D107/><U42/><E38/><V72/><F95/><W25/><G4/><T35/><D17/><U18/><E5/><N who="2" m="3151" /><F75/><W41/><G41/><N who="2" m="15945" /><F72/><W80/><G80/><T54/><D27/><U56/><E56/><V131/><F131/><W123/><G123/><T53/><D54/><U0/><E0/><V15/><F15/><W94/><G94/><T16/><D16/><U120/><E120/><V73/><F73/><W83/><G83/><T102/><D53/><U26/><E105/><V74/><F74/><W126/><G126/><T114/><D114/><U11/><REACH who="1" step="1"/><E98/><REACH who="1" ten="509,242,200,39" step="2"/><V6/><F6/><W113/><G113/><T90/><D108/><U77/><E77/><V84/><F84/><W19/><G2/><T68/><D109/><U7/><E7/><V9/><F78/><W45/><G45/><T93/><D111/><U133/><E133/><V51/><F76/><W30/><G132/><T20/><D87/><U70/><E70/><V67/><F99/><W125/><G125/><T91/><D68/><U124/><E124/><V130/><F130/><RYUUKYOKU ba="0,1" sc="509,-10,242,30,200,-10,39,-10" hai1="11,13,18,21,26,31,33,37,42,47,55,58,62" /><INIT seed="5,1,1,1,2,71" ten="499,272,190,29" oya="1" hai0="10,48,115,21,68,126,19,53,82,25,114,55,9" hai1="74,13,56,79,37,111,54,130,49,135,108,64,106" hai2="4,110,43,3,30,112,103,51,102,86,60,75,32" hai3="6,132,121,65,127,129,46,5,88,63,40,104,91"/><U107/><E13/><V93/><F75/><W99/><G121/><T72/><D68/><U98/><E130/><V134/><F134/><W78/><G129/><T73/><D126/><U131/><E131/><V50/><F110/><N who="1" m="42025" /><E37/><V15/><F3/><W57/><G132/><T41/><D41/><U128/><E135/><V23/><F32/><W7/><G78/><N who="0" m="44359" /><D73/><U123/><E123/><V16/><F43/><W27/><G127/><T84/><D84/><U77/><E128/><V62/><F4/><W38/><REACH who="3" step="1"/><G27/><REACH who="3" ten="499,272,190,19" step="2"/><T113/><D55/><U119/><E79/><V24/><F24/><W83/><G83/><T70/><D70/><U45/><E77/><V22/><F112/><W101/><AGARI ba="1,2" hai="5,6,7,38,40,46,57,63,65,88,91,99,101,104" machi="101" ten="30,7900,0" yaku="1,1,0,1,52,1,54,1,53,0" doraHai="71" doraHaiUra="18" who="3" fromWho="3" sc="499,-21,272,-40,190,-21,19,102" /><INIT seed="6,0,0,0,1,65" ten="478,232,169,121" oya="2" hai0="43,19,51,84,40,61,16,111,115,130,116,69,39" hai1="120,3,2,106,133,56,24,109,70,93,11,105,38" hai2="21,6,67,74,132,96,66,72,113,102,125,62,55" hai3="47,15,82,108,112,126,22,80,29,134,98,81,76"/><V37/><F37/><W78/><G108/><T73/><D73/><U53/><E109/><V128/><F113/><W86/><G134/><T118/><D111/><U103/><E38/><V9/><F132/><W79/><G126/><T131/><D39/><U28/><E70/><V18/><F125/><W91/><G112/><T8/><D84/><U44/><E44/><V49/><F128/><N who="0" m="49194" /><D115/><U5/><E3/><V110/><F110/><W124/><G124/><T20/><D8/><U33/><E133/><V36/><F36/><W48/><G98/><T12/><D19/><U0/><E0/><V97/><F97/><W32/><G32/><T60/><D60/><U10/><E10/><V100/><F100/><W117/><G117/><N who="0" m="45163" /><D51/><U101/><E11/><V27/><F9/><W26/><REACH who="3" step="1"/><G15/><REACH who="3" ten="478,232,169,111" step="2"/><T127/><D127/><U135/><E135/><V1/><F96/><W71/><G71/><T99/><D99/><U104/><E2/><V42/><F1/><W92/><G92/><T30/><D30/><U31/><E93/><V123/><F102/><W25/><G25/><T75/><D75/><U50/><E103/><V45/><F72/><W83/><G83/><T85/><D85/><U89/><E101/><V129/><F74/><W7/><G7/><T54/><D69/><U4/><E4/><V87/><F129/><W122/><G122/><T58/><AGARI ba="0,1" hai="12,16,20,40,43,54,58,61" m="45163,49194" machi="58" ten="40,5200,0" yaku="19,1,12,1,54,1" doraHai="65" who="0" fromWho="0" sc="478,62,232,-13,169,-26,111,-13" /><INIT seed="7,0,0,1,0,96" ten="540,219,143,98" oya="3" hai0="77,116,51,88,38,111,98,112,107,41,5,43,14" hai1="29,99,39,34,82,121,47,125,57,37,4,36,2" hai2="70,119,22,87,64,49,60,45,83,94,91,61,75" hai3="101,134,81,52,92,102,0,66,108,16,19,132,72"/><W104/><G0/><T62/><D111/><U9/><E121/><V120/><F120/><W23/><G104/><T80/><D38/><U10/><E57/><V8/><F119/><W30/><G108/><T69/><D116/><U12/><E99/><V115/><F115/><W122/><G122/><T79/><D79/><U54/><E29/><V126/><F126/><W68/><G92/><T20/><D51/><U93/><E34/><V100/><F22/><W76/><G52/><T63/><D63/><U129/><E93/><V105/><F8/><W130/><G130/><T73/><D20/><U24/><E125/><V59/><F105/><W50/><G50/><T44/><D44/><U18/><E54/><V58/><F75/><W33/><G33/><T65/><D107/><U56/><E129/><V25/><F70/><W118/><G118/><T113/><D88/><U28/><E56/><V74/><F74/><W123/><G123/><T71/><D71/><U109/><E82/><V15/><F83/><W97/><G97/><T55/><D98/><U127/><E127/><V89/><F89/><W11/><G11/><N who="0" m="4463" /><D55/><U26/><E109/><V42/><F59/><W117/><G117/><T27/><D27/><U31/><E47/><V124/><F61/><N who="3" m="40015" /><G30/><T32/><D32/><U6/><E6/><V67/><F124/><W48/><G48/><T135/><D112/><U13/><E2/><V84/><F67/><W7/><G7/><T133/><D113/><U21/><E37/><V103/><F15/><N who="3" m="9631" /><G19/><T78/><D78/><U40/><E40/><V17/><F87/><W131/><G131/><RYUUKYOKU ba="0,0" sc="540,0,219,0,143,0,98,0" hai0="41,43,62,65,69,73,77,80,133,135" hai1="4,9,10,12,13,18,21,24,26,28,31,36,39" hai2="17,25,42,45,49,58,60,64,84,91,94,100,103" hai3="72,76,81,101,102,132,134" /><INIT seed="7,1,0,4,0,115" ten="540,219,143,98" oya="3" hai0="85,41,65,107,112,81,48,7,82,8,92,38,39" hai1="57,114,67,33,24,72,14,75,104,9,103,37,17" hai2="49,108,96,126,116,106,5,46,95,70,71,79,16" hai3="36,34,97,64,20,29,2,98,87,35,132,120,127"/><W53/><G120/><T50/><D107/><U47/><E114/><V3/><F116/><W131/><G2/><T90/><D112/><U110/><E110/><V113/><F108/><W12/><G36/><T25/><D65/><U78/><E78/><V69/><F106/><W45/><G131/><T42/><D38/><U52/><E67/><V111/><F111/><W55/><G132/><T133/><D133/><U86/><E86/><V128/><F113/><W124/><G64/><T62/><D62/><U40/><E103/><V80/><F126/><N who="3" m="48171" /><G87/><T73/><D25/><U100/><E100/><V23/><F128/><W63/><G45/><N who="0" m="23743" /><D82/><U59/><E59/><V119/><F119/><W31/><G12/><T0/><D42/><U1/><E1/><V58/><F3/><W56/><G20/><T21/><D21/><U15/><E75/><V74/><F5/><W129/><G129/><T118/><D118/><U26/><E9/><V91/><F58/><W4/><G4/><T105/><D105/><U93/><E104/><V88/><F91/><W61/><G61/><T76/><AGARI ba="1,0" hai="0,7,8,48,50,73,76,81,85,90,92" m="23743" machi="76" ten="30,1100,0" yaku="25,1" doraHai="115" who="0" fromWho="0" sc="540,14,219,-4,143,-4,98,-6" owari="554,65.0,215,2.0,139,-26.0,92,-41.0" /></mjloggm>