<mjloggm ver="2.3"><GO type="169" lobby="0"/><UN n0="%E6%88%B0%E8%89%A6%E3%83%AC%E7%B4%9A" n1="%77%61%77%61%33%30%33%30" n2="%6B%6B%6B%73%73%36%36%36" n3="%6D%69%72%69%72%69" dan="16,16,16,16" rate="2114.21,2178.87,2070.24,2178.74" sx="F,M,M,M"/><TAIKYOKU oya="0"/><INIT seed="0,0,0,5,3,42" ten="250,250,250,250" oya="0" hai0="48,90,72,39,22,79,98,6,38,102,1,53,92" hai1="20,16,30,93,75,114,104,91,96,70,4,95,82" hai2="119,77,17,129,89,127,50,59,110,100,27,67,23" hai3="80,63,25,66,133,9,118,29,78,26,41,45,111"/><T86/><D22/><U32/><E70/><V61/><F110/><W21/><G111/><T101/><D101/><U105/><E114/><V55/><F127/><W5/><G133/><T135/><D135/><U94/><E4/><V83/><F129/><W132/><G118/><T87/><D87/><U69/><E69/><V76/><F119/><W97/><G132/><T68/><D68/><U99/><E30/><V60/><F100/><W106/><G106/><T11/><D79/><U124/><E32/><V13/><F61/><W108/><G108/><T18/><D18/><U54/><E124/><V117/><F117/><W40/><G97/><T130/><D72/><U33/><E33/><V34/><F34/><W57/><G26/><T43/><D43/><U47/><E104/><V31/><F89/><W128/><G128/><T7/><D7/><U115/><E105/><V88/><F31/><W122/><G122/><T103/><D103/><U62/><E62/><V44/><F27/><W49/><G41/><T109/><D130/><U58/><E58/><V52/><F55/><W85/><REACH who="3" step="1"/><G5/><REACH who="3" ten="250,250,250,240" step="2"/><T123/><D123/><U84/><E115/><V0/><F0/><W74/><G74/><T71/><D109/><U112/><E75/><V14/><F13/><W46/><G46/><T28/><D6/><U65/><E112/><V116/><F116/><W125/><G125/><T120/><D1/><U134/><E134/><V15/><F15/><W126/><G126/><T113/><D120/><U8/><E47/><V2/><F2/><W35/><G35/><T131/><D113/><U56/><E99/><RYUUKYOKU ba="0,1" sc="250,-15,250,-15,250,15,240,15" hai2="14,17,23,44,50,52,59,60,67,76,77,83,88" hai3="9,21,25,29,40,45,49,57,63,66,78,80,85" /><INIT seed="1,1,1,2,3,105" ten="235,235,265,255" oya="1" hai0="49,69,10,92,109,114,95,113,32,131,45,53,98" hai1="80,33,37,56,47,43,15,5,86,110,40,4,128" hai2="77,16,112,0,83,7,20,63,54,120,3,107,122" hai3="21,124,64,106,81,55,6,129,71,117,13,18,41"/><U11/><E33/><V79/><F107/><W89/><G106/><T102/><D69/><U65/><E128/><V97/><F112/><W100/><G100/><T23/><D131/><U116/><E116/><V99/><F79/><W111/><G129/><T135/><D32/><U34/><E34/><V58/><F122/><W90/><G41/><T134/><D109/><U46/><E110/><V57/><F120/><W115/><G115/><T119/><D119/><U44/><E4/><V27/><F3/><W93/><G117/><T28/><D10/><U29/><E29/><V9/><REACH who="2" step="1"/><F58/><REACH who="2" ten="235,235,255,255" step="2"/><W126/><G111/><T82/><D113/><U26/><E37/><V52/><F52/><W24/><G55/><T67/><D114/><U42/><E56/><V91/><F91/><W132/><G90/><T96/><D53/><U118/><E118/><V121/><F121/><W39/><G39/><T94/><D134/><U62/><E65/><V1/><F1/><W84/><G132/><T48/><D67/><U38/><E38/><V14/><F14/><W72/><G64/><T104/><D135/><U60/><E26/><V73/><AGARI ba="1,2" hai="0,7,9,16,20,27,54,57,63,73,77,83,97,99" machi="73" ten="20,12000,2" yaku="1,1,0,1,7,1,52,1,54,1,53,1" doraHai="105" doraHaiUra="50" who="2" fromWho="2" sc="235,-31,235,-61,255,143,255,-31" /><INIT seed="2,0,0,2,4,123" ten="204,174,398,224" oya="2" hai0="11,19,26,66,78,70,32,16,106,30,18,6,104" hai1="131,31,91,53,74,23,46,50,7,29,22,75,82" hai2="122,9,37,4,57,36,55,17,132,49,93,14,100" hai3="25,58,20,128,39,56,99,105,124,133,114,103,117"/><V62/><F122/><W127/><G117/><T76/><D104/><U72/><E131/><V77/><F132/><W63/><G39/><T119/><D119/><U10/><E31/><V45/><F77/><W81/><G128/><T107/><D106/><U64/><E64/><V38/><F100/><W51/><G133/><T48/><D107/><U126/><E126/><N who="3" m="48170" /><G114/><T84/><D48/><U115/><E115/><V8/><F93/><W41/><G81/><T135/><D135/><U95/><E29/><V54/><REACH who="2" step="1"/><F37/><REACH who="2" ten="204,174,388,224" step="2"/><W79/><G79/><T47/><D76/><U108/><E82/><V59/><F59/><W33/><G58/><T88/><D78/><U61/><E95/><V27/><F27/><W73/><G56/><T24/><D24/><U12/><E91/><V80/><F80/><W102/><G102/><T15/><D70/><U28/><E75/><V101/><F101/><W87/><G73/><T118/><D118/><U43/><E74/><V52/><F52/><W67/><G25/><T111/><D66/><U85/><E72/><V89/><F89/><W65/><G65/><T98/><D98/><U110/><E85/><V120/><F120/><W35/><G87/><T94/><REACH who="0" step="1"/><D47/><REACH who="0" ten="194,174,388,224" step="2"/><U0/><E46/><V44/><F44/><W116/><G116/><T109/><AGARI ba="0,2" hai="6,11,15,16,18,19,26,30,32,84,88,94,109,111" machi="109" ten="30,12000,2" yaku="1,1,2,1,0,1,52,2,54,2,53,0" doraHai="123" doraHaiUra="92" who="0" fromWho="0" sc="194,140,174,-30,388,-60,224,-30" /><INIT seed="3,0,0,2,5,16" ten="334,144,328,194" oya="3" hai0="110,65,0,64,15,3,76,130,77,78,132,135,27" hai1="54,8,48,25,13,50,106,67,83,120,1,35,11" hai2="111,40,103,9,100,73,89,4,63,37,30,31,114" hai3="23,24,97,95,128,42,21,19,52,99,96,28,29"/><W20/><G128/><T129/><D110/><U82/><E106/><V119/><F111/><W22/><G42/><T74/><D15/><U10/><E1/><N who="0" m="585" /><D27/><U36/><E36/><V79/><F4/><W61/><G95/><T131/><D74/><U26/><E67/><AGARI ba="0,0" hai="64,65,67,76,77,78,129,130,131,132,135" m="585" machi="67" ten="40,5200,0" yaku="28,2,19,1" doraHai="16" who="0" fromWho="1" sc="334,52,144,-52,328,0,194,0" /><INIT seed="4,0,0,0,5,12" ten="386,92,328,194" oya="0" hai0="76,118,33,29,59,84,54,123,52,17,3,116,120" hai1="14,99,128,46,135,21,49,9,26,19,51,105,27" hai2="40,64,57,11,70,126,108,78,112,79,5,83,97" hai3="42,23,0,20,80,58,121,73,119,13,91,66,38"/><T94/><D3/><U82/><E128/><V7/><F108/><W8/><G0/><T90/><D76/><U18/><E135/><V93/><F112/><W113/><G119/><T15/><D118/><U103/><E27/><V32/><F32/><W129/><G38/><T132/><D116/><U68/><E68/><V127/><F70/><W114/><G42/><T50/><D132/><U88/><REACH who="1" step="1"/><E46/><REACH who="1" ten="386,82,328,194" step="2"/><V75/><F127/><W131/><G131/><T102/><D120/><U61/><E61/><V47/><F47/><W67/><G129/><T101/><D123/><U1/><E1/><V106/><F126/><W37/><G121/><T72/><D72/><U134/><E134/><V34/><F75/><W2/><G2/><T55/><D33/><U115/><E115/><V98/><F34/><W111/><G113/><T10/><D29/><U36/><E36/><V124/><F124/><W22/><G37/><T45/><D55/><U95/><E95/><V25/><F93/><W110/><G114/><T130/><D130/><U104/><E104/><V28/><F106/><W53/><G110/><T85/><D84/><AGARI ba="0,1" hai="9,14,18,19,21,26,49,51,82,84,88,99,103,105" machi="84" ten="40,8000,1" yaku="1,1,52,2,54,1,53,0" doraHai="12" doraHaiUra="60" who="1" fromWho="0" sc="386,-80,82,90,328,0,194,0" /><INIT seed="5,0,0,2,0,108" ten="306,172,328,194" oya="1" hai0="100,1,103,22,124,88,99,43,18,69,23,2,54" hai1="86,114,21,32,91,56,82,117,97,98,20,113,71" hai2="135,112,109,15,24,44,119,0,77,102,85,31,64" hai3="131,55,11,12,9,53,14,95,96,35,46,38,29"/><U116/><E71/><V125/><F112/><N who="1" m="43113" /><E32/><V118/><F109/><W19/><G131/><T33/><D33/><U60/><E97/><V107/><F0/><W68/><G68/><T42/><D99/><U25/><E98/><V92/><F102/><W111/><G111/><T72/><D100/><U104/><E104/><V27/><F85/><W122/><G122/><T134/><D103/><U16/><E21/><V39/><F107/><W8/><G38/><T132/><D22/><U66/><AGARI ba="0,0" hai="16,20,25,56,60,66,82,86,91,116,117" m="43113" machi="66" ten="30,12000,1" yaku="15,1,52,3,54,1" doraHai="108" who="1" fromWho="1" sc="306,-40,172,120,328,-40,194,-40" /><INIT seed="5,1,0,0,4,108" ten="266,292,288,154" oya="1" hai0="7,85,112,100,2,51,12,72,114,19,27,84,74" hai1="132,82,28,124,65,61,120,15,94,92,60,62,3" hai2="76,47,130,49,6,79,26,23,31,58,102,38,17" hai3="111,98,128,115,70,107,93,78,48,37,69,33,45"/><U68/><E3/><V63/><F130/><W20/><G33/><T105/><D2/><U121/><E28/><V89/><F38/><W8/><G111/><T104/><D7/><U77/><E132/><V67/><F6/><W53/><G107/><N who="0" m="41035" /><D51/><U122/><E124/><V66/><F66/><W73/><G128/><T83/><D27/><U30/><E30/><V110/><F102/><W86/><G73/><N who="0" m="28267" /><D100/><U134/><E134/><V59/><F59/><W57/><G8/><N who="0" m="6535" /><D83/><U36/><E36/><V35/><F110/><W13/><G78/><T106/><N who="0" m="41043" /><T54/><DORA hai="101" /><D54/><U129/><E129/><V9/><F89/><W43/><G86/><T116/><D116/><U18/><E82/><V29/><F35/><W55/><G13/><T4/><D4/><U75/><E77/><N who="2" m="29771" /><F9/><W133/><G133/><T25/><D25/><U44/><E75/><V113/><F26/><W50/><G20/><T97/><D97/><U90/><E94/><V24/><F49/><W32/><G32/><T126/><D126/><U41/><E92/><V135/><F135/><W56/><G98/><T0/><D0/><U42/><E90/><V10/><F10/><W103/><G103/><T21/><D21/><U88/><E88/><V52/><F31/><W71/><REACH who="3" step="1"/><G93/><REACH who="3" ten="266,292,288,144" step="2"/><T118/><D84/><U127/><E127/><V16/><F23/><W125/><G125/><T91/><D85/><U39/><E122/><V80/><F29/><W46/><G46/><T119/><D91/><U40/><E121/><V99/><F47/><W22/><G22/><T95/><D95/><U109/><E120/><RYUUKYOKU ba="1,1" sc="266,15,292,-15,288,-15,144,15" hai0="112,114,118,119" hai3="37,43,45,48,50,53,55,56,57,69,70,71,115" /><INIT seed="6,2,1,3,3,107" ten="281,277,273,159" oya="2" hai0="122,102,117,60,6,34,33,36,121,52,76,35,133" hai1="47,64,108,94,15,2,80,44,27,118,25,62,10" hai2="58,103,81,116,73,70,21,90,57,96,66,43,125" hai3="115,109,61,124,0,26,67,130,86,38,1,63,12"/><V111/><F111/><W83/><G109/><T22/><D36/><U5/><E118/><V14/><F116/><W55/><G130/><T18/><D117/><U84/><E108/><V39/><F125/><W134/><G124/><T104/><D133/><U126/><E2/><V30/><F70/><W41/><G134/><T50/><D6/><U23/><E94/><V135/><F135/><W65/><G38/><T13/><D76/><U72/><E72/><V40/><F39/><W77/><G41/><T113/><D113/><U88/><E126/><V29/><F58/><W110/><G110/><T101/><D60/><U17/><REACH who="1" step="1"/><E27/><REACH who="1" ten="281,267,273,159" step="2"/><V123/><F73/><W129/><G115/><T91/><D104/><U75/><E75/><V114/><F114/><W7/><G26/><T78/><D121/><U71/><AGARI ba="2,2" hai="5,10,15,17,23,25,44,47,62,64,71,80,84,88" machi="71" ten="20,5200,0" yaku="1,1,0,1,7,1,54,1,53,0" doraHai="107" doraHaiUra="132" who="1" fromWho="1" sc="281,-15,267,78,273,-28,159,-15" /><INIT seed="7,0,0,2,2,43" ten="266,345,245,144" oya="3" hai0="28,36,127,52,12,118,5,104,130,89,38,117,82" hai1="51,91,6,119,135,93,16,15,10,56,95,0,79" hai2="42,124,109,25,67,24,105,30,76,31,71,125,112" hai3="54,102,61,65,128,75,121,64,69,120,72,96,40"/><W55/><G128/><T17/><D104/><U41/><E135/><V29/><F109/><W107/><G55/><T114/><D28/><U59/><E79/><V87/><F105/><W35/><G54/><T85/><D130/><U21/><E119/><V111/><F71/><W62/><G40/><T20/><D127/><U46/><E93/><V113/><F67/><W97/><G35/><T106/><D106/><U32/><E32/><V4/><F111/><W94/><G94/><T80/><D5/><U23/><E23/><V18/><F87/><AGARI ba="0,0" hai="0,6,10,15,16,21,41,46,51,56,59,87,91,95" machi="87" ten="30,3900,0" yaku="7,1,52,1,54,1" doraHai="43" who="1" fromWho="2" sc="266,0,345,39,245,-39,144,0" owari="266,7.0,384,48.0,206,-19.0,144,-36.0" /></mjloggm>