<mjloggm ver="2.3"><GO type="185" lobby="0"/><UN n0="%E3%81%B7%E3%82%8A%E3%81%B7%E3%82%8A%EF%BC%92%EF%BC%90%EF%BC%90%EF%BC%91" n1="%E3%82%AA%E3%83%A0%E3%81%82%E3%82%93%E3%81%93" n2="%E4%B8%8D%E5%B9%B8%E7%94%9F%E5%91%BD%E4%BD%93" n3="" dan="16,16,17,0" rate="2161.49,2108.63,2167.55,1500.00" sx="M,M,M,C"/><TAIKYOKU oya="0"/><INIT seed="0,0,0,2,5,108" ten="350,350,350,0" oya="0" hai0="57,37,63,124,83,127,65,129,102,120,68,39,70" hai1="82,96,45,56,95,67,71,53,123,48,54,42,51" hai2="80,60,52,100,130,115,99,92,91,77,69,103,43" hai3=""/><T75/><N who="0" m="30752" /><T104/><D129/><U117/><N who="1" m="31520" /><U105/><E117/><V86/><F130/><T111/><D111/><U84/><E105/><V109/><F115/><T33/><D33/><U116/><E116/><V135/><F109/><T101/><D57/><U55/><E71/><V3/><F135/><T114/><D70/><U113/><E67/><V125/><F125/><N who="0" m="48202" /><D114/><U88/><REACH who="1" step="1"/><E113/><REACH who="1" ten="350,340,350,0" step="2"/><V64/><F3/><T131/><D131/><U97/><E97/><V72/><F43/><T74/><D104/><U133/><E133/><V126/><F126/><T78/><D74/><U122/><N who="1" m="31264" /><U119/><E119/><V61/><F72/><T49/><D65/><U107/><E107/><V73/><F73/><T38/><D68/><U134/><E134/><V40/><F40/><T87/><D75/><U50/><E50/><V36/><F36/><T32/><D49/><U46/><E46/><V81/><REACH who="2" step="1"/><F81/><REACH who="2" ten="350,340,340,0" step="2"/><T34/><D39/><U132/><E132/><V44/><F44/><T1/><D38/><U59/><E59/><AGARI ba="0,2" hai="52,59,60,61,64,69,77,80,86,91,92,99,100,103" machi="59" ten="40,2600,0" yaku="1,1,54,1,53,0" doraHai="108" doraHaiUra="110" who="2" fromWho="1" sc="350,0,340,-26,340,46,0,0" /><INIT seed="1,0,0,5,0,101" ten="350,314,386,0" oya="1" hai0="49,55,95,3,115,117,46,40,50,124,57,76,91" hai1="113,0,105,89,111,65,58,44,38,108,132,78,85" hai2="121,74,120,129,107,106,109,125,86,36,87,81,93" hai3=""/><U96/><E0/><V116/><N who="2" m="30752" /><V104/><N who="2" m="31008" /><V123/><N who="2" m="31520" /><V71/><F71/><T128/><D115/><U79/><E113/><V35/><F36/><T103/><D3/><U88/><E132/><V83/><F35/><T33/><D33/><U135/><E135/><V51/><F51/><T1/><D1/><U69/><E69/><V98/><F109/><N who="1" m="42057" /><E58/><V70/><F70/><T77/><D117/><U122/><N who="1" m="31264" /><U54/><E54/><V68/><F68/><T130/><D124/><U102/><E65/><V131/><F125/><T99/><D103/><U100/><E102/><V110/><F116/><T127/><D127/><U45/><E45/><V73/><F110/><T62/><D62/><U72/><E72/><N who="2" m="27755" /><F131/><AGARI ba="0,0" hai="40,46,49,50,55,57,76,77,91,95,99,128,130,131" machi="131" ten="40,1300,0" yaku="19,1" doraHai="101" who="0" fromWho="2" sc="350,13,314,0,386,-13,0,0" /><INIT seed="2,0,0,0,2,123" ten="363,314,373,0" oya="2" hai0="129,43,103,68,113,117,108,85,95,63,105,57,1" hai1="134,79,98,75,56,92,122,115,40,112,33,84,124" hai2="88,83,90,71,80,99,54,132,61,133,45,118,65" hai3=""/><V39/><F118/><T128/><D1/><U78/><N who="1" m="31264" /><U97/><E33/><V116/><F116/><T100/><D68/><U104/><E40/><V87/><F99/><T50/><D117/><U77/><E56/><V53/><F39/><T120/><N who="0" m="30752" /><T70/><D70/><U107/><E124/><V114/><F114/><T135/><D113/><U106/><E134/><N who="2" m="51819" /><F45/><T48/><D135/><U74/><E115/><V94/><F90/><T59/><D103/><U36/><E36/><V76/><F94/><T111/><D105/><U96/><E112/><V119/><F119/><T101/><D95/><U69/><E69/><V41/><F41/><T109/><D43/><U93/><E93/><V66/><F65/><T121/><N who="0" m="31008" /><T125/><D125/><U127/><E127/><V32/><F32/><T102/><D85/><AGARI ba="0,0" hai="53,54,61,66,71,76,80,83,85,87,88" m="51819" machi="85" ten="30,2900,0" yaku="20,1,54,1" doraHai="123" who="2" fromWho="0" sc="363,-29,314,0,373,29,0,0" /><INIT seed="2,1,0,4,3,127" ten="334,314,402,0" oya="2" hai0="86,129,0,92,103,62,101,135,73,61,98,41,48" hai1="76,134,115,120,111,67,94,52,89,57,34,84,72" hai2="108,42,75,39,63,66,96,38,106,65,102,49,113" hai3=""/><V58/><F113/><T109/><D0/><U105/><N who="1" m="30752" /><U90/><E34/><V100/><F108/><T124/><D73/><U114/><E111/><V81/><F102/><T80/><D109/><U83/><E134/><V33/><F33/><T56/><D124/><U122/><N who="1" m="31264" /><U43/><E67/><V40/><F66/><T87/><D135/><U46/><E90/><V118/><F118/><T2/><D103/><U59/><E59/><V47/><REACH who="2" step="1"/><F42/><REACH who="2" ten="334,314,392,0" step="2"/><T130/><D41/><U132/><E132/><V69/><F69/><T116/><D116/><U44/><E105/><V88/><F88/><T78/><D2/><U119/><E119/><V123/><N who="2" m="31520" /><V60/><F60/><T77/><D62/><U117/><E117/><V110/><F110/><T128/><D61/><U121/><N who="1" m="31008" /><U79/><E43/><V131/><F131/><T35/><D35/><U37/><E115/><V107/><F107/><T93/><D78/><AGARI ba="1,1" hai="38,39,40,47,49,58,63,65,75,78,81,96,100,106" m="31520" machi="78" ten="40,3900,0" yaku="1,1,52,1,53,0" doraHai="127" doraHaiUra="125" who="2" fromWho="0" sc="334,-41,314,0,392,51,0,0" /><INIT seed="2,2,0,3,3,118" ten="293,314,443,0" oya="2" hai0="72,40,123,56,83,130,36,124,33,35,45,76,129" hai1="32,48,71,110,47,92,98,88,41,104,106,90,65" hai2="51,57,66,67,81,107,121,44,69,84,117,55,46" hai3=""/><V50/><N who="2" m="31008" /><V75/><F75/><T93/><N who="0" m="31520" /><T59/><D93/><U91/><E32/><V87/><F107/><T0/><D0/><U60/><REACH who="1" step="1"/><E110/><REACH who="1" ten="293,304,443,0" step="2"/><V111/><F111/><T82/><D124/><U89/><AGARI ba="2,1" hai="41,47,48,60,65,71,88,89,90,91,92,98,104,106" machi="89" ten="30,5900,0" yaku="1,1,2,1,0,1,54,1,53,0" doraHai="118" doraHaiUra="109" who="1" fromWho="1" sc="293,-22,304,73,443,-41,0,0" /><INIT seed="4,0,0,4,3,57" ten="271,377,402,0" oya="0" hai0="132,120,51,54,38,46,121,1,48,68,93,90,85" hai1="89,116,42,111,0,74,125,108,124,96,104,119,88" hai2="52,117,41,129,87,63,135,134,130,86,83,103,70" hai3=""/><T61/><N who="0" m="30752" /><T37/><N who="0" m="31008" /><T64/><D1/><U45/><E0/><V2/><F2/><T97/><D132/><N who="2" m="50730" /><F117/><T98/><REACH who="0" step="1"/><D51/><REACH who="0" ten="261,377,402,0" step="2"/><U77/><E119/><V91/><F129/><T39/><AGARI ba="0,1" hai="37,38,39,46,48,54,61,64,68,85,90,93,97,98" m="31008,30752" machi="39" ten="30,12000,2" yaku="1,1,2,1,0,1,52,3,53,0" doraHai="57" doraHaiUra="99" who="0" fromWho="0" sc="261,130,377,-60,402,-60,0,0" /><INIT seed="4,1,0,0,4,119" ten="391,317,342,0" oya="0" hai0="70,101,55,42,95,54,69,86,105,107,60,59,72" hai1="130,123,66,93,47,43,110,41,104,82,58,37,111" hai2="87,108,98,46,84,65,76,89,90,35,81,73,112" hai3=""/><T80/><D72/><U79/><N who="1" m="31520" /><U75/><E104/><V77/><F112/><T83/><D42/><U109/><E130/><V102/><F108/><T106/><D54/><U91/><E43/><V57/><F35/><T0/><D0/><U40/><E40/><V39/><F39/><T67/><D80/><U129/><E129/><V34/><F34/><T64/><D64/><U94/><E94/><V68/><F68/><T49/><D70/><U118/><E118/><V44/><F73/><T115/><D95/><U52/><E66/><V117/><F117/><T96/><REACH who="0" step="1"/><D115/><REACH who="0" ten="381,317,342,0" step="2"/><U92/><REACH who="1" step="1"/><E91/><AGARI ba="1,1" hai="49,55,59,60,67,69,83,86,91,96,101,105,106,107" machi="91" ten="30,11600,0" yaku="1,1,2,1,7,1,53,1" doraHai="119" doraHaiUra="61" who="0" fromWho="1" sc="381,128,317,-118,342,0,0,0" /><INIT seed="4,2,0,4,1,44" ten="509,199,342,0" oya="0" hai0="90,122,83,54,39,62,57,108,48,72,38,33,81" hai1="49,118,41,95,70,115,52,75,127,114,97,111,91" hai2="69,100,50,110,105,80,104,120,32,0,56,92,55" hai3=""/><T133/><N who="0" m="31264" /><T109/><D33/><U74/><E111/><N who="0" m="42569" /><D133/><U71/><E118/><V119/><N who="2" m="30752" /><V89/><F110/><T60/><D72/><U93/><E41/><V102/><F119/><T77/><D77/><U66/><E66/><V103/><F69/><N who="1" m="26121" /><E95/><V125/><F125/><T86/><D81/><U98/><E98/><V112/><F112/><N who="1" m="43049" /><E127/><V35/><F0/><T65/><D60/><U76/><E76/><V40/><F40/><T132/><D132/><U134/><E134/><V42/><F42/><T87/><D87/><U106/><E106/><V117/><F117/><T36/><D36/><U1/><E1/><V43/><F43/><T45/><AGARI ba="2,0" hai="38,39,45,48,54,57,62,65,83,86,90" m="42569,31264" machi="45" ten="30,4000,0" yaku="10,1,52,2" doraHai="44" who="0" fromWho="0" sc="509,44,199,-22,342,-22,0,0" /><INIT seed="4,3,0,0,2,84" ten="553,177,320,0" oya="0" hai0="131,98,49,57,91,46,89,63,0,3,56,100,129" hai1="95,105,38,61,1,127,104,59,115,111,50,53,51" hai2="64,58,82,119,130,83,68,86,113,80,75,134,109" hai3=""/><T33/><D33/><U94/><E1/><V135/><F68/><T76/><D76/><U108/><E127/><V34/><F64/><T122/><N who="0" m="31264" /><T96/><D96/><U43/><E38/><V48/><F48/><T102/><D102/><U74/><E74/><V123/><F58/><T124/><D57/><U71/><E71/><V103/><F34/><T2/><D124/><U126/><E126/><V67/><F67/><T36/><D36/><U54/><E43/><V92/><N who="2" m="31520" /><V73/><F113/><T39/><D39/><U78/><E59/><V72/><F109/><T32/><D32/><U99/><E78/><V60/><F60/><T52/><D56/><U118/><E99/><V112/><F112/><T120/><N who="0" m="30752" /><T116/><D63/><U40/><E40/><V114/><F114/><T97/><D116/><U117/><E115/><V121/><N who="2" m="31008" /><V101/><F119/><T45/><D45/><U55/><E55/><V85/><F130/><N who="0" m="49674" /><D98/><U90/><REACH who="1" step="1"/><E61/><REACH who="1" ten="553,167,320,0" step="2"/><V37/><F37/><T125/><D125/><U87/><E87/><N who="2" m="33291" /><F92/><AGARI ba="3,1" hai="0,2,3,46,49,52,89,91,92,97,100" m="49674,30752,31264" machi="92" ten="40,18000,2" yaku="19,1,52,4,54,1" doraHai="84" who="0" fromWho="2" sc="553,196,167,0,320,-186,0,0" /><INIT seed="4,4,0,1,1,96" ten="749,167,134,0" oya="0" hai0="100,67,37,85,41,116,70,73,131,107,108,98,93" hai1="54,123,89,74,57,40,109,44,50,92,48,33,135" hai2="3,90,88,95,129,71,82,42,38,126,72,77,84" hai3=""/><T103/><D116/><U132/><N who="1" m="31520" /><U56/><E33/><V110/><F42/><T115/><D73/><U111/><E74/><V99/><F71/><T60/><D131/><U125/><E125/><V124/><F38/><T65/><D65/><U43/><E92/><V134/><F3/><T68/><D68/><U1/><E89/><V61/><F61/><T105/><D108/><U101/><E101/><V87/><F110/><T79/><D115/><U49/><E50/><V91/><F134/><T63/><D37/><U102/><E102/><V47/><F47/><T114/><D103/><U81/><E1/><V66/><F66/><T32/><D114/><U127/><E81/><V106/><F129/><T83/><D32/><U55/><E127/><N who="2" m="48683" /><F106/><T53/><D107/><U46/><AGARI ba="4,0" hai="40,43,44,46,48,49,54,55,56,57,109,111,132,135" m="31520" machi="46" ten="25,9000,2" yaku="0,1,22,2,34,3,52,1" doraHai="96" who="1" fromWho="1" sc="749,-64,167,98,134,-34,0,0" /><INIT seed="5,0,0,2,2,91" ten="685,265,100,0" oya="1" hai0="54,135,52,79,81,42,48,100,2,127,105,131,40" hai1="130,3,125,43,118,82,55,94,106,99,92,93,88" hai2="129,60,69,111,109,46,113,62,120,38,103,112,101" hai3=""/><U132/><E3/><V133/><N who="2" m="30752" /><V128/><F69/><T78/><D2/><U32/><E32/><V83/><F83/><T50/><D135/><U123/><N who="1" m="31520" /><U95/><E118/><V39/><REACH who="2" step="1"/><F46/><REACH who="2" ten="685,265,90,0" step="2"/><T56/><D81/><U65/><E132/><AGARI ba="0,1" hai="38,39,60,62,101,103,109,111,112,113,128,129,132,133" m="30752" machi="132" ten="25,12000,2" yaku="1,1,2,1,22,2,52,1,53,2" doraHai="91" doraHaiUra="98" who="2" fromWho="1" sc="685,0,265,-120,90,130,0,0" /><INIT seed="6,0,0,4,4,122" ten="685,145,220,0" oya="2" hai0="65,61,113,117,99,47,69,63,54,32,53,104,123" hai1="1,48,71,33,50,78,126,88,44,102,80,135,105" hai2="66,86,0,49,46,58,70,56,103,124,84,39,100" hai3=""/><V111/><F0/><T108/><N who="0" m="31520" /><T81/><D32/><U57/><E1/><V85/><F124/><T40/><D117/><U101/><E71/><V96/><F39/><T133/><D133/><U98/><E33/><V73/><F73/><T128/><D128/><U59/><E135/><V94/><F103/><T83/><D113/><U79/><E126/><V97/><F96/><T87/><D108/><U36/><E36/><V115/><F115/><T67/><D83/><U106/><E44/><V35/><F35/><T2/><D2/><U62/><E62/><V134/><F134/><T64/><D64/><U109/><E80/><V38/><F38/><T52/><D54/><U125/><E125/><V95/><F95/><T60/><D60/><U118/><E118/><V37/><F37/><T43/><D99/><U82/><E82/><V72/><F72/><T51/><D40/><U121/><N who="1" m="31008" /><U75/><E75/><V74/><F74/><T112/><D104/><U114/><E114/><V132/><F132/><T76/><D112/><U130/><E130/><V119/><F119/><T131/><D131/><U77/><E98/><V116/><F116/><T110/><D81/><U41/><E105/><V93/><F97/><T90/><D76/><RYUUKYOKU ba="0,0" sc="685,0,145,0,220,0,0,0" owari="685,63.0,145,-45.0,220,-18.0,0,0.0" /></mjloggm>