<mjloggm ver="2.3"><GO type="169" lobby="0"/><UN n0="%EF%BC%91%EF%BC%90%E9%80%A3%E3%82%AC%E3%83%81%E3%83%A3" n1="%6B%75%72%6F%6D%61" n2="%69%70%73%E6%88%A6%E5%A3%AB" n3="%41%2E%4B%39%6D%65%63" dan="16,17,16,18" rate="2093.28,2175.32,2059.30,2297.24" sx="M,F,M,M"/><TAIKYOKU oya="0"/><INIT seed="0,0,0,3,0,114" ten="250,250,250,250" oya="0" hai0="34,113,56,23,131,12,66,4,2,90,44,60,24" hai1="92,83,119,64,108,112,29,96,116,71,42,68,39" hai2="21,43,117,31,81,89,30,14,86,74,45,18,85" hai3="38,128,78,122,57,77,82,47,62,0,65,125,15"/><T5/><D113/><U121/><E112/><V52/><F74/><W70/><G0/><T9/><D131/><U133/><E121/><V3/><F3/><W36/><G128/><T50/><D34/><U100/><E133/><V93/><F117/><W97/><G122/><T73/><D73/><U67/><E29/><V54/><F31/><W130/><G130/><T63/><D2/><U132/><E132/><V41/><F30/><W33/><G33/><T53/><D90/><U101/><E42/><V98/><F86/><W115/><G115/><T69/><D4/><U123/><E39/><V127/><F127/><W91/><G125/><T104/><D104/><U26/><E26/><V87/><F87/><W124/><G124/><T40/><D23/><U7/><E92/><V22/><F22/><W51/><G70/><T28/><D28/><U35/><E35/><V126/><F126/><W46/><G38/><T111/><REACH who="0" step="1"/><D24/><REACH who="0" ten="240,250,250,250" step="2"/><U37/><E123/><V10/><F21/><W49/><G91/><T103/><D103/><U99/><E7/><V75/><F75/><W135/><G135/><T76/><D76/><U48/><E100/><V20/><F20/><W129/><G78/><T25/><D25/><U55/><E101/><V27/><F27/><W1/><G77/><T84/><D84/><U6/><E6/><V120/><F120/><W32/><G32/><T94/><D94/><U80/><E96/><V118/><F98/><W13/><G97/><T58/><D58/><U8/><E99/><V102/><F102/><W11/><G129/><T109/><AGARI ba="0,1" hai="5,9,12,40,44,50,53,56,60,63,66,69,109,111" machi="109" ten="30,3000,0" yaku="1,1,0,1,53,0" doraHai="114" doraHaiUra="16" who="0" fromWho="0" sc="240,40,250,-10,250,-10,250,-10" /><INIT seed="0,1,0,2,4,132" ten="280,240,240,240" oya="0" hai0="64,44,125,85,26,41,5,111,100,76,11,123,112" hai1="115,69,108,122,30,16,43,31,133,96,78,7,73" hai2="50,90,71,17,65,46,3,87,104,20,102,79,120" hai3="36,9,98,62,84,80,89,72,51,129,42,101,118"/><T28/><D112/><U134/><E122/><V0/><F120/><W127/><G118/><T27/><D100/><U32/><E69/><V29/><F79/><W6/><G129/><T83/><D111/><U45/><E108/><V54/><F29/><W113/><G113/><T66/><D125/><U81/><E115/><V128/><F128/><W107/><G36/><T119/><D119/><U58/><E32/><V37/><F37/><W53/><G42/><T114/><D114/><U75/><E75/><V86/><F86/><W109/><G109/><T82/><D82/><U21/><E58/><V130/><F130/><W15/><G62/><T48/><D123/><U92/><E7/><V99/><F65/><W1/><G72/><T19/><D19/><U40/><E31/><V47/><F47/><W97/><G97/><T12/><REACH who="0" step="1"/><D27/><REACH who="0" ten="270,240,240,240" step="2"/><U74/><E30/><V91/><F71/><W94/><G127/><T110/><D110/><U10/><E134/><V8/><F8/><W55/><G80/><T68/><D68/><U124/><E10/><V60/><F91/><W116/><G116/><T39/><D39/><U52/><E124/><V59/><F17/><W18/><G101/><T25/><D25/><N who="1" m="14503" /><E133/><V61/><F90/><W2/><G18/><T103/><D103/><N who="1" m="60807" /><E73/><V70/><F70/><W35/><G9/><T93/><D93/><U4/><E4/><V34/><F102/><W49/><G6/><T117/><D117/><U56/><E74/><V121/><F121/><W106/><G94/><T67/><D67/><U126/><E126/><V77/><F104/><W13/><G107/><RYUUKYOKU ba="1,1" sc="270,30,240,-10,240,-10,240,-10" hai0="5,11,12,26,28,41,44,48,64,66,76,83,85" /><INIT seed="0,2,1,2,4,6" ten="300,230,230,230" oya="0" hai0="74,73,52,56,34,21,107,64,117,44,4,121,105" hai1="80,89,13,46,62,109,49,85,87,38,129,16,15" hai2="11,33,61,110,25,67,125,60,132,101,37,100,39" hai3="18,28,71,97,66,102,134,92,124,79,108,43,35"/><T47/><D117/><U111/><E38/><V130/><F125/><W63/><G124/><T10/><D34/><U75/><E75/><V36/><F132/><W31/><G134/><T94/><D64/><U17/><E62/><V103/><F130/><W48/><G108/><N who="1" m="41546" /><E129/><V54/><F110/><W76/><G18/><N who="1" m="7274" /><E85/><V120/><F120/><W3/><G3/><T106/><D74/><U1/><E1/><V122/><F122/><W2/><G2/><T127/><D73/><U55/><AGARI ba="2,1" hai="13,15,46,49,55,80,87,89" m="7274,41546" machi="55" ten="30,2000,0" yaku="14,1,54,1" doraHai="6" who="1" fromWho="1" sc="300,-12,230,36,230,-7,230,-7" /><INIT seed="1,0,0,1,5,42" ten="288,266,223,223" oya="1" hai0="16,24,91,110,53,22,105,69,80,68,108,31,60" hai1="79,106,118,52,81,41,71,88,56,114,84,77,36" hai2="65,115,86,83,23,50,40,87,26,49,29,6,19" hai3="10,97,85,116,58,21,12,122,66,103,89,123,5"/><U102/><E114/><V119/><F119/><W94/><G116/><T15/><D105/><U34/><E118/><V121/><F121/><W129/><G129/><T43/><D43/><U98/><E34/><V107/><F107/><W9/><G123/><T104/><D104/><U59/><E71/><V61/><F115/><W132/><G122/><T38/><D38/><U78/><REACH who="1" step="1"/><E52/><REACH who="1" ten="288,256,223,223" step="2"/><V55/><F40/><W67/><G58/><T72/><D53/><U30/><E30/><V14/><F55/><W76/><G67/><T11/><D69/><U130/><E130/><V54/><F65/><W51/><G66/><T3/><D68/><U125/><E125/><V75/><F61/><W57/><G57/><T112/><D60/><U64/><E64/><V46/><F49/><W134/><G51/><T135/><D112/><U27/><E27/><V131/><F131/><W109/><G134/><T133/><D133/><U101/><E101/><V2/><F29/><W62/><G132/><T120/><D135/><U90/><E90/><V20/><F26/><W128/><G62/><T47/><D91/><U4/><E4/><V95/><F6/><W127/><G128/><T33/><D120/><U96/><E96/><V1/><F54/><W111/><G127/><T25/><D25/><U48/><E48/><V18/><F50/><W37/><G37/><T28/><D28/><U100/><E100/><V17/><F17/><N who="3" m="10407" /><G103/><T0/><D33/><U39/><E39/><V45/><F19/><W99/><G5/><T113/><D113/><U7/><E7/><V63/><F18/><W82/><G99/><RYUUKYOKU ba="0,1" sc="288,-15,256,15,223,-15,223,15" hai1="36,41,56,59,77,78,79,81,84,88,98,102,106" hai3="9,10,76,82,85,89,94,97,109,111" /><INIT seed="1,1,1,5,5,76" ten="273,271,208,238" oya="1" hai0="14,22,66,90,59,5,47,125,32,109,98,13,30" hai1="49,24,25,77,105,62,133,23,126,81,91,21,110" hai2="121,128,16,52,1,124,75,130,9,117,26,73,55" hai3="3,67,38,2,10,50,60,131,82,101,18,120,95"/><U115/><E115/><V80/><F121/><W92/><G38/><T112/><D112/><U39/><E39/><V65/><F117/><W104/><G120/><T11/><D109/><U103/><E110/><V54/><F124/><W43/><G131/><N who="2" m="50217" /><F65/><W107/><G107/><T4/><D47/><U116/><E116/><V35/><F35/><W51/><G104/><T118/><D125/><U34/><E133/><V85/><F1/><W48/><G43/><T36/><D36/><U46/><E34/><V68/><F68/><W40/><G40/><T114/><D114/><U53/><E91/><N who="2" m="51623" /><F26/><W123/><G123/><T33/><D66/><U27/><E126/><V63/><F63/><W135/><G135/><T0/><D59/><U70/><E62/><V97/><F97/><W113/><G113/><T42/><D98/><U61/><E61/><V89/><F89/><W57/><G3/><T100/><D90/><U111/><E70/><V29/><F29/><W119/><G119/><T88/><D88/><U87/><REACH who="1" step="1"/><E111/><REACH who="1" ten="273,261,208,238" step="2"/><V6/><F6/><W31/><G60/><T41/><D5/><U64/><E64/><V108/><F108/><W15/><G67/><T122/><D118/><U71/><E71/><V79/><F79/><W19/><G57/><T74/><D32/><U134/><E134/><V102/><F102/><W129/><G101/><T7/><D100/><U17/><E17/><V56/><F56/><W72/><G18/><T127/><D33/><U37/><E37/><V99/><F99/><AGARI ba="1,2" hai="21,23,24,25,27,46,49,53,77,81,87,99,103,105" machi="99" ten="40,3900,0" yaku="1,1,52,1,53,0" doraHai="76" doraHaiUra="12" who="1" fromWho="2" sc="273,0,261,62,208,-42,238,0" /><INIT seed="1,2,0,3,5,22" ten="273,323,166,238" oya="1" hai0="116,10,11,91,108,115,76,4,85,66,45,8,100" hai1="105,2,132,41,78,27,82,59,62,26,134,68,72" hai2="125,55,89,48,0,106,114,128,20,46,130,92,112" hai3="122,87,58,53,120,21,34,60,70,75,25,129,83"/><U110/><E2/><V29/><F106/><W98/><G129/><N who="2" m="49769" /><F0/><W19/><G75/><T127/><D115/><N who="2" m="44074" /><F125/><W24/><G70/><T33/><D116/><U97/><E68/><V69/><F69/><W12/><G98/><T35/><D66/><N who="1" m="39263" /><E41/><V51/><F51/><W74/><G74/><T7/><D100/><N who="1" m="62607" /><E110/><V117/><F117/><W56/><G56/><T67/><D108/><U28/><E28/><V13/><F13/><W84/><G84/><T104/><D104/><U38/><E38/><V90/><F92/><W16/><G34/><T131/><D33/><U95/><E95/><V93/><F93/><W3/><G3/><T42/><D35/><U36/><E36/><V71/><F71/><W17/><G17/><T15/><D131/><U123/><E123/><V118/><F118/><W103/><G103/><T111/><D111/><U44/><E44/><V49/><F49/><W77/><REACH who="3" step="1"/><G24/><AGARI ba="2,0" hai="20,24,29,46,48,55,89,90" m="44074,49769" machi="24" ten="30,3900,0" yaku="19,1,11,1,52,1" doraHai="22" who="2" fromWho="3" sc="273,0,323,0,166,45,238,-45" /><INIT seed="2,0,0,3,1,31" ten="273,323,211,193" oya="2" hai0="12,114,128,17,119,120,121,8,99,72,123,7,80" hai1="109,73,106,14,15,110,49,117,66,20,81,35,67" hai2="1,83,85,43,36,91,92,46,113,124,133,112,122" hai3="28,105,78,126,33,116,56,88,25,132,97,60,54"/><V102/><F1/><W38/><G116/><T30/><D114/><U127/><E106/><V16/><F122/><W5/><G38/><T65/><D119/><U52/><E117/><V98/><F124/><W11/><G126/><T115/><D115/><U53/><E127/><V84/><F133/><W107/><G132/><T45/><D128/><U70/><E35/><V129/><F129/><W24/><G78/><T44/><D65/><U101/><E101/><V34/><F34/><W3/><REACH who="3" step="1"/><G25/><REACH who="3" ten="273,323,211,183" step="2"/><T69/><D121/><U100/><E110/><V77/><F112/><W27/><G27/><T76/><D120/><U2/><E109/><V86/><F113/><W135/><G135/><T103/><D123/><U96/><E70/><V71/><F71/><W22/><G22/><T59/><D69/><U87/><E20/><V26/><REACH who="2" step="1"/><F77/><REACH who="2" ten="273,323,201,183" step="2"/><W108/><G108/><T23/><D76/><U134/><E134/><V94/><F94/><AGARI ba="0,2" hai="3,5,11,24,28,33,54,56,60,88,94,97,105,107" machi="94" ten="40,5200,0" yaku="1,1,52,1,54,1,53,0" doraHai="31" doraHaiUra="47" who="3" fromWho="2" sc="273,0,323,0,201,-52,183,72" /><INIT seed="3,0,0,4,0,84" ten="273,323,149,255" oya="3" hai0="51,77,40,9,28,20,48,22,132,86,32,30,114" hai1="63,38,43,134,1,83,99,88,14,24,3,58,94" hai2="125,19,111,66,69,4,95,64,126,0,16,17,79" hai3="124,75,56,18,34,54,61,128,49,13,41,59,42"/><W23/><G75/><T80/><D132/><U7/><E134/><V108/><F79/><W57/><G34/><T104/><D104/><U29/><E38/><V109/><F69/><W52/><G128/><T76/><D32/><U68/><E68/><V60/><F95/><W74/><G74/><T5/><D77/><U127/><E43/><V33/><F33/><W8/><G124/><N who="2" m="47721" /><F60/><W98/><G57/><T118/><D118/><U116/><E116/><V44/><F44/><W90/><G8/><AGARI ba="0,0" hai="0,4,8,16,17,19,64,66,108,109,111" m="47721" machi="8" ten="40,5200,0" yaku="14,1,18,1,54,1" doraHai="84" who="2" fromWho="3" sc="273,0,323,0,149,52,255,-52" /><INIT seed="4,0,0,5,1,76" ten="273,323,201,203" oya="0" hai0="86,49,26,5,130,113,82,46,110,62,120,90,106" hai1="78,36,117,83,133,45,50,47,48,59,28,60,80" hai2="27,116,23,91,61,102,58,53,98,101,20,75,32" hai3="33,103,123,24,6,42,38,11,3,67,16,41,51"/><T56/><D120/><U121/><E121/><V128/><F116/><W124/><G123/><T100/><D113/><U126/><E36/><V77/><F128/><W72/><G38/><T1/><D130/><U66/><E117/><V35/><F20/><W69/><G72/><T65/><D110/><U118/><E118/><V111/><F111/><W112/><G112/><T114/><D114/><U87/><E133/><V132/><F132/><W18/><G103/><T55/><D100/><U73/><E28/><V127/><F127/><W63/><G124/><T8/><REACH who="0" step="1"/><D26/><REACH who="0" ten="263,323,201,203" step="2"/><U134/><E126/><V2/><F102/><W7/><G24/><T81/><D81/><N who="1" m="47543" /><E134/><V119/><F101/><W54/><G33/><T4/><D4/><U71/><E73/><V107/><F119/><W52/><G7/><T99/><D99/><U104/><E104/><AGARI ba="0,1" hai="1,5,8,46,49,55,56,62,65,82,86,90,104,106" machi="104" ten="40,7700,0" yaku="1,1,52,1,53,1" doraHai="76" doraHaiUra="34" who="0" fromWho="1" sc="263,87,323,-77,201,0,203,0" /><INIT seed="4,1,0,1,3,44" ten="350,246,201,203" oya="0" hai0="90,68,71,25,114,69,117,100,22,46,87,88,53" hai1="72,96,23,84,57,14,81,99,94,67,91,39,60" hai2="8,54,77,4,64,51,31,32,102,66,13,83,7" hai3="97,2,63,113,127,105,65,132,33,6,126,61,124"/><T24/><D117/><U120/><E39/><V19/><F102/><N who="3" m="62671" /><G33/><T75/><D75/><U30/><E120/><V78/><F32/><W27/><G27/><T108/><D114/><U125/><E125/><V104/><F104/><W82/><G113/><T111/><D100/><U79/><E14/><V17/><F31/><W36/><G36/><T86/><D46/><U118/><E118/><V9/><F4/><W95/><G132/><T5/><D5/><U128/><E128/><V73/><F78/><W92/><G82/><T3/><D3/><U10/><E10/><V101/><F101/><W55/><G55/><T1/><D53/><U123/><E123/><V43/><F43/><W115/><G115/><T76/><D76/><U129/><E129/><V70/><F70/><N who="3" m="42287" /><G63/><T34/><D1/><U58/><REACH who="1" step="1"/><E57/><REACH who="1" ten="350,236,201,203" step="2"/><V133/><F133/><W122/><G122/><T40/><D69/><U119/><E119/><V134/><F134/><W116/><G116/><T89/><D68/><U74/><E74/><V18/><REACH who="2" step="1"/><F9/><AGARI ba="1,1" hai="2,6,9,92,95,124,126,127" m="42287,62671" machi="9" ten="30,1000,0" yaku="18,1" doraHai="44" who="3" fromWho="2" sc="350,0,236,0,201,-13,203,23" /><INIT seed="5,0,0,5,4,71" ten="350,236,188,226" oya="1" hai0="81,21,63,2,50,28,134,94,60,44,112,0,74" hai1="132,33,92,48,87,38,26,15,122,110,36,117,13" hai2="56,105,124,6,101,115,65,40,96,17,29,77,75" hai3="109,39,34,5,91,47,95,103,84,12,61,89,27"/><U118/><E122/><V66/><F124/><W53/><G109/><T73/><D112/><U7/><E110/><V23/><F115/><W123/><G123/><T121/><D134/><U10/><E132/><V30/><F6/><W3/><G3/><T82/><D50/><U93/><E48/><V102/><F102/><W99/><G91/><T31/><D94/><U14/><E33/><V100/><F100/><W59/><G34/><T108/><D44/><U19/><E26/><V90/><F90/><W127/><G27/><T69/><D108/><U107/><E107/><V76/><F40/><W16/><G5/><T51/><D51/><U20/><E15/><V43/><F43/><W126/><G47/><T49/><D49/><U24/><E24/><V52/><F66/><W113/><G39/><T129/><D21/><U37/><REACH who="1" step="1"/><E87/><REACH who="1" ten="350,226,188,226" step="2"/><V88/><F75/><W58/><G113/><T97/><D121/><U111/><E111/><V72/><F72/><W70/><G127/><T119/><D74/><U4/><E4/><V98/><F30/><W1/><G126/><T85/><D85/><U80/><E80/><V18/><F29/><W78/><G84/><T32/><D73/><U128/><E128/><V125/><F125/><W62/><G12/><T130/><D32/><U106/><E106/><V25/><F18/><W57/><G16/><T45/><D129/><U116/><AGARI ba="0,1" hai="7,10,13,14,19,20,36,37,38,92,93,116,117,118" machi="116" ten="40,12000,1" yaku="1,1,0,1,52,3,53,0" doraHai="71" doraHaiUra="86" who="1" fromWho="1" sc="350,-40,226,130,188,-40,226,-40" /><INIT seed="5,1,0,5,4,106" ten="310,356,148,186" oya="1" hai0="0,21,57,59,104,96,72,70,105,86,45,131,53" hai1="66,83,122,91,76,133,23,27,120,75,4,37,77" hai2="112,42,33,34,19,3,52,78,109,13,108,39,68" hai3="116,5,101,132,80,125,9,20,35,128,94,135,32"/><U43/><E133/><N who="3" m="51274" /><G101/><T69/><D0/><U100/><E100/><V30/><F3/><N who="3" m="191" /><G94/><T1/><D1/><U2/><E66/><V49/><F68/><W110/><G80/><T129/><D96/><U46/><E76/><V113/><F78/><W48/><G48/><T54/><D86/><U82/><E82/><V60/><F60/><W97/><G97/><T102/><D102/><U126/><E91/><V17/><F42/><W124/><G110/><T62/><D21/><U95/><E95/><V90/><F90/><W73/><G73/><T85/><D85/><U28/><E126/><N who="3" m="48746" /><G128/><T47/><D62/><U121/><E121/><V41/><F41/><W24/><G116/><T117/><D117/><U31/><E31/><AGARI ba="1,0" hai="20,24,31,32,35" m="48746,191,51274" machi="31" ten="30,7700,0" yaku="20,1,18,1,34,2" doraHai="106" who="3" fromWho="1" sc="310,0,356,-80,148,0,186,80" /><INIT seed="6,0,0,2,2,76" ten="310,276,148,266" oya="2" hai0="51,60,69,79,108,73,88,130,18,85,114,2,127" hai1="98,106,57,42,90,126,124,77,59,95,117,22,93" hai2="135,20,9,72,26,30,16,55,131,91,92,15,96" hai3="83,71,56,100,63,89,132,47,44,115,66,32,53"/><V109/><F109/><W13/><G32/><T49/><D108/><U0/><E106/><V67/><F135/><W54/><G132/><T5/><D127/><N who="1" m="48683" /><E0/><V11/><F131/><W101/><G115/><T113/><D79/><U36/><E117/><V23/><F72/><W97/><G13/><T48/><D73/><U133/><E77/><V29/><F67/><W84/><G100/><T61/><D69/><U110/><E110/><V78/><F78/><W33/><G33/><T121/><D121/><U25/><E95/><V86/><F30/><W24/><G24/><T105/><D105/><U1/><E1/><V123/><F123/><W70/><G70/><T64/><D64/><U111/><E133/><V80/><REACH who="2" step="1"/><F55/><REACH who="2" ten="310,276,138,266" step="2"/><W17/><G54/><T112/><D130/><U41/><E111/><V99/><F99/><W119/><G53/><T14/><D113/><U125/><E125/><V74/><F74/><W7/><G97/><T81/><D114/><U104/><E98/><V10/><F10/><W68/><G66/><T65/><D65/><U50/><E22/><V40/><F40/><W94/><G71/><T45/><D112/><U38/><E42/><V103/><AGARI ba="0,1" hai="9,11,15,16,20,23,26,29,80,86,91,92,96,103" machi="103" ten="20,18000,2" yaku="1,1,0,1,7,1,8,1,52,1,54,1,53,0" doraHai="76" doraHaiUra="62" who="2" fromWho="2" sc="310,-60,276,-60,138,190,266,-60" /><INIT seed="6,1,0,0,4,124" ten="250,216,328,206" oya="2" hai0="67,80,97,10,102,133,40,100,43,101,132,99,71" hai1="17,47,105,106,41,48,115,108,29,125,50,75,111" hai2="21,44,59,23,129,30,22,109,15,28,39,24,26" hai3="117,66,73,79,121,55,60,49,128,77,68,81,51"/><V86/><F109/><W114/><G121/><T119/><D10/><U34/><E75/><V96/><F59/><W18/><G117/><T14/><D14/><U58/><E125/><V61/><F61/><W9/><G114/><T53/><D80/><U0/><E0/><V90/><F96/><N who="0" m="36938" /><D53/><U20/><E115/><V78/><F78/><W16/><G79/><T37/><D37/><U123/><E123/><V42/><F15/><W127/><G127/><T27/><D27/><U76/><E76/><V116/><F116/><W19/><G128/><T130/><D130/><U54/><E29/><V1/><F1/><W57/><REACH who="3" step="1"/><G51/><REACH who="3" ten="250,216,328,196" step="2"/><T5/><D119/><U11/><E111/><V25/><F129/><W82/><G82/><T74/><D74/><U13/><E108/><V35/><F26/><W110/><G110/><T89/><D132/><U98/><E106/><V36/><F36/><W45/><G45/><T95/><D133/><U84/><E48/><V112/><F112/><W103/><G103/><T3/><D101/><U46/><E46/><V120/><F120/><W32/><G32/><T52/><D100/><N who="1" m="62615" /><E34/><V2/><F35/><W122/><G122/><T70/><D102/><U92/><E47/><V8/><F39/><W131/><G131/><T65/><D89/><N who="1" m="53287" /><E41/><V6/><F42/><W31/><G31/><T33/><D33/><U63/><E50/><V72/><F44/><W56/><G56/><T93/><D43/><U64/><E54/><V118/><F118/><W4/><G4/><T104/><D40/><U69/><E58/><V91/><F72/><W107/><G107/><RYUUKYOKU ba="1,1" sc="250,-15,216,15,328,-15,196,15" hai1="11,13,17,20,63,64,69" hai3="9,16,18,19,49,55,57,60,66,68,73,77,81" /><INIT seed="7,2,1,3,0,84" ten="235,231,313,211" oya="3" hai0="120,4,62,94,30,85,16,125,102,72,58,13,25" hai1="100,135,117,33,14,18,75,105,45,5,34,116,9" hai2="101,39,46,24,90,112,95,44,52,65,41,11,48" hai3="17,12,83,130,74,59,8,122,98,38,86,36,131"/><W73/><G122/><T43/><D120/><U123/><E75/><N who="3" m="28682" /><G59/><T109/><D109/><U96/><E123/><V61/><F24/><W129/><G98/><N who="0" m="59735" /><D72/><U70/><E70/><V64/><F101/><W54/><G54/><T2/><D43/><U50/><E5/><V15/><F61/><W7/><G7/><T31/><D125/><U55/><E135/><V91/><F91/><AGARI ba="2,1" hai="8,12,17,36,38,83,86,91,129,130,131" m="28682" machi="91" ten="40,3900,0" yaku="19,1,52,1" doraHai="84" who="3" fromWho="2" sc="235,0,231,0,313,-45,211,55" /><INIT seed="7,3,0,1,1,18" ten="235,231,268,266" oya="3" hai0="97,62,75,127,48,128,90,14,28,98,63,115,117" hai1="95,43,41,49,13,26,104,82,37,59,125,22,34" hai2="81,79,17,118,39,51,45,91,131,42,61,19,94" hai3="134,20,9,78,11,133,126,60,21,47,111,116,74"/><W105/><G116/><T36/><D117/><U92/><E104/><V38/><F118/><W32/><G32/><T27/><D36/><U108/><E108/><V4/><F131/><W23/><G111/><T135/><D75/><U31/><E125/><V8/><F61/><W55/><G105/><T72/><D72/><U12/><E37/><V6/><F39/><W77/><G126/><T54/><D135/><N who="3" m="51721" /><G74/><T5/><D128/><U86/><E95/><V96/><F6/><W67/><G55/><T1/><D1/><U29/><E92/><V58/><F58/><N who="3" m="37271" /><G47/><T7/><D115/><U71/><E71/><V121/><F121/><W110/><G110/><T46/><D127/><U83/><E59/><V10/><F10/><AGARI ba="3,0" hai="9,10,11,20,21,23,77,78" m="37271,51721" machi="10" ten="30,11600,0" yaku="20,1,52,3" doraHai="18" who="3" fromWho="2" sc="235,0,231,0,268,-125,266,125" owari="235,4.0,231,-17.0,143,-36.0,391,49.0" /></mjloggm>