<mjloggm ver="2.3"><GO type="169" lobby="0"/><UN n0="%E3%81%BE%E3%81%93%E3%81%A8%E3%81%95%E3%82%93" n1="%E6%9C%A8%E6%BC%8F%E3%82%8C%E6%97%A5" n2="%E3%82%88%E3%81%93%40%63" n3="%E4%BF%A1%E6%BF%83%E3%81%AE%E8%8D%92%E6%B3%95%E5%B8%AB" dan="16,17,17,18" rate="2130.51,2240.72,2158.38,2229.36" sx="M,M,F,M"/><TAIKYOKU oya="0"/><INIT seed="0,0,0,5,1,75" ten="250,250,250,250" oya="0" hai0="59,81,89,24,64,7,58,42,134,6,10,120,52" hai1="133,102,104,119,43,15,88,41,29,97,77,94,14" hai2="110,112,35,76,5,117,22,65,127,11,74,40,113" hai3="48,73,114,53,129,95,1,49,86,23,54,55,126"/><T8/><D134/><U62/><E119/><V0/><F22/><W2/><G73/><T13/><D120/><U68/><E133/><V18/><F18/><W116/><G114/><T71/><D42/><U135/><E135/><V98/><F117/><W107/><G107/><T93/><D71/><U34/><E43/><V109/><F65/><W118/><G23/><T26/><D81/><U67/><E41/><V30/><F98/><W99/><G86/><T96/><D59/><U16/><E77/><V27/><F40/><W91/><G129/><T45/><D45/><U66/><E66/><V51/><F51/><W32/><G32/><T25/><D64/><U38/><E38/><V80/><REACH who="2" step="1"/><F127/><REACH who="2" ten="250,250,240,250" step="2"/><W106/><G126/><T130/><D130/><U123/><E16/><V115/><AGARI ba="0,1" hai="0,5,11,27,30,35,74,76,80,109,110,112,113,115" machi="115" ten="40,12000,2" yaku="1,1,2,1,0,1,23,2,52,1,53,0" doraHai="75" doraHaiUra="132" who="2" fromWho="2" sc="250,-60,250,-30,240,130,250,-30" /><INIT seed="1,0,0,3,3,32" ten="190,220,370,220" oya="1" hai0="16,15,79,69,127,125,100,124,56,45,25,106,77" hai1="78,88,121,120,93,34,115,76,119,9,74,99,97" hai2="64,130,20,134,132,2,71,111,60,80,4,8,7" hai3="0,61,116,98,5,86,14,54,102,47,131,10,72"/><U95/><E34/><V55/><F130/><W92/><G72/><T90/><D69/><U67/><E67/><V105/><F111/><W126/><G131/><T68/><D68/><U84/><E9/><N who="2" m="2199" /><F20/><W12/><G126/><T133/><D133/><N who="2" m="51306" /><F55/><W53/><G116/><T107/><D56/><U51/><E51/><V40/><F80/><W50/><REACH who="3" step="1"/><G86/><REACH who="3" ten="190,220,370,210" step="2"/><T70/><D127/><U49/><E119/><V43/><F105/><W39/><G39/><T122/><D125/><U48/><E74/><V62/><F62/><W36/><G36/><T13/><D106/><U118/><E118/><V31/><F31/><W114/><G114/><T89/><D107/><U85/><E115/><V11/><F11/><W63/><G63/><T103/><D124/><U82/><E82/><V108/><F108/><W28/><G28/><T19/><D122/><U75/><E75/><V117/><F117/><W113/><G113/><T46/><D70/><U33/><E33/><V18/><F18/><W17/><G17/><T26/><AGARI ba="0,1" hai="13,15,16,19,25,26,45,46,77,79,89,90,100,103" machi="26" ten="25,8000,1" yaku="0,1,22,2,8,1,54,1" doraHai="32" who="0" fromWho="0" sc="190,90,220,-40,370,-20,210,-20" /><INIT seed="2,0,0,0,0,31" ten="280,180,350,190" oya="2" hai0="132,94,15,107,14,54,79,23,7,133,87,45,42" hai1="19,129,71,67,131,4,99,35,51,76,25,98,86" hai2="100,78,52,61,2,16,50,130,40,5,121,24,49" hai3="119,134,74,90,77,117,97,85,27,34,88,115,22"/><V3/><F121/><W44/><G74/><T116/><D107/><U1/><E71/><V38/><F38/><W114/><G134/><N who="0" m="51819" /><D116/><U120/><E67/><V128/><F100/><W109/><G109/><T89/><D79/><U64/><E64/><V28/><F78/><W56/><G77/><T53/><D23/><U21/><E120/><V13/><F5/><W68/><G68/><T80/><D80/><N who="1" m="47367" /><E51/><V39/><F49/><W9/><G9/><N who="0" m="4415" /><D15/><U127/><E127/><V33/><F61/><W101/><G117/><T118/><D118/><U102/><E102/><V10/><F40/><W32/><G119/><T20/><D20/><U55/><E55/><V57/><REACH who="2" step="1"/><F39/><AGARI ba="0,0" hai="39,42,45,53,54,87,89,94" m="4415,51819" machi="39" ten="30,1000,0" yaku="20,1" doraHai="31" who="0" fromWho="2" sc="280,10,180,0,350,-10,190,0" /><INIT seed="3,0,0,3,4,34" ten="290,180,340,190" oya="3" hai0="28,12,74,104,8,96,25,51,19,105,1,100,35" hai1="93,118,46,121,135,124,120,109,0,40,98,10,13" hai2="54,84,107,99,81,15,24,33,3,6,27,127,65" hai3="47,42,94,108,43,61,76,129,59,80,26,57,131"/><W53/><G94/><T64/><D74/><U48/><E109/><V49/><F15/><W115/><G26/><T101/><D64/><U114/><E114/><V11/><F65/><N who="3" m="39087" /><G115/><T111/><D111/><U20/><E124/><V97/><F127/><W62/><G108/><T63/><D63/><U68/><E68/><V4/><F4/><W113/><G113/><T90/><D51/><U39/><E135/><V92/><F107/><W106/><G106/><N who="0" m="63751" /><D90/><U77/><E118/><V9/><F9/><W45/><G80/><T110/><D101/><U41/><E77/><V128/><F128/><N who="3" m="49227" /><G76/><T38/><D38/><U31/><E39/><V18/><F33/><W95/><G95/><T85/><D85/><U37/><E37/><V102/><F99/><W36/><G36/><T17/><D17/><U32/><E32/><V71/><F18/><W103/><G103/><T66/><D66/><U132/><E93/><V88/><F71/><W70/><G70/><T125/><D110/><U87/><E98/><V55/><F55/><W83/><G83/><T14/><D125/><U78/><E78/><V72/><F72/><W133/><G133/><T29/><D105/><U79/><E132/><V22/><F22/><W5/><G5/><N who="0" m="1071" /><D104/><U89/><E79/><V30/><F30/><N who="0" m="11882" /><D19/><N who="1" m="10351" /><E31/><V119/><F119/><W23/><G23/><T126/><D126/><U86/><E86/><V117/><F117/><W67/><G67/><T60/><D35/><U91/><E87/><V7/><F7/><W52/><G53/><T44/><D25/><U130/><E130/><V2/><F2/><W82/><G82/><RYUUKYOKU ba="0,0" sc="290,-15,180,-15,340,15,190,15" hai2="3,6,11,24,27,49,54,81,84,88,92,97,102" hai3="42,43,45,47,52,59,62" /><INIT seed="3,1,0,3,3,16" ten="275,165,355,205" oya="3" hai0="127,72,22,83,76,31,32,131,18,58,104,3,87" hai1="79,44,68,70,120,53,23,132,116,9,135,94,108" hai2="74,64,24,40,93,105,14,43,26,27,124,80,121" hai3="7,25,45,47,82,126,19,66,1,88,109,42,65"/><W85/><G126/><T106/><D127/><U97/><E120/><V100/><F105/><W67/><G109/><T0/><D131/><U81/><E108/><V84/><F74/><W49/><G47/><T90/><D106/><U37/><E9/><V46/><F124/><W2/><REACH who="3" step="1"/><G7/><REACH who="3" ten="275,165,355,195" step="2"/><T122/><D122/><U51/><E44/><V36/><F121/><W134/><G134/><T4/><D4/><U34/><E135/><V92/><F46/><W114/><G114/><T130/><D130/><U103/><E132/><V17/><F36/><W61/><G61/><T56/><D104/><U111/><E111/><V107/><F107/><W69/><G69/><T95/><D58/><U20/><E37/><V101/><F101/><W128/><G128/><T98/><D56/><U77/><E70/><V71/><F71/><W129/><G129/><T123/><D123/><U50/><E68/><V5/><F100/><W8/><G8/><T30/><D0/><U6/><E103/><V118/><F5/><W48/><G48/><T99/><D3/><U125/><E125/><V41/><F118/><W117/><G117/><T12/><D32/><U63/><E116/><V52/><F41/><W10/><G10/><T96/><AGARI ba="1,1" hai="12,18,22,30,31,72,76,83,87,90,95,96,98,99" machi="96" ten="30,2000,0" yaku="0,1,52,1" doraHai="16" who="0" fromWho="0" sc="275,33,165,-6,355,-6,195,-11" /><INIT seed="4,0,0,3,5,51" ten="308,159,349,184" oya="0" hai0="127,26,101,118,115,84,92,82,59,102,94,90,134" hai1="131,42,77,123,66,22,78,100,18,38,10,105,20" hai2="35,119,49,99,21,116,85,8,63,37,68,62,30" hai3="39,130,3,98,31,104,61,71,4,124,133,135,34"/><T60/><D118/><N who="2" m="45098" /><F35/><W14/><G39/><T95/><D115/><U40/><E123/><V117/><F37/><W6/><G14/><T9/><D134/><N who="3" m="51209" /><G3/><T5/><D127/><U15/><E131/><V25/><F99/><W28/><G124/><T43/><D43/><U27/><E66/><V120/><F120/><W53/><G130/><T83/><D83/><U58/><E22/><V113/><F113/><W44/><G71/><T122/><D26/><U97/><E58/><V17/><F68/><W74/><G74/><T72/><D72/><U75/><E75/><V24/><F85/><W106/><G98/><T7/><D122/><U65/><E65/><V69/><F69/><W19/><G19/><T88/><D90/><U12/><E12/><N who="2" m="7303" /><F25/><N who="3" m="18703" /><G31/><T1/><REACH who="0" step="1"/><D7/><REACH who="0" ten="298,159,349,184" step="2"/><U56/><E42/><V121/><F121/><W126/><G126/><T114/><D114/><U16/><REACH who="1" step="1"/><E56/><REACH who="1" ten="298,149,349,184" step="2"/><V23/><F117/><W2/><G44/><AGARI ba="0,2" hai="10,15,16,18,20,27,38,40,44,77,78,97,100,105" machi="44" ten="40,5200,0" yaku="1,1,2,1,54,1,53,0" doraHai="51" doraHaiUra="79" who="1" fromWho="3" sc="298,0,149,72,349,0,184,-52" /><INIT seed="5,0,0,3,1,77" ten="298,221,349,132" oya="1" hai0="8,107,30,37,93,16,26,51,20,15,134,129,63" hai1="74,6,50,94,79,90,113,103,101,42,127,60,40" hai2="9,23,112,106,121,119,87,19,27,34,61,36,130" hai3="38,76,120,82,111,133,95,66,54,29,86,32,47"/><U92/><E113/><V81/><F121/><W73/><G111/><T18/><D129/><U35/><E35/><V97/><F130/><W88/><G120/><T55/><D134/><U68/><E127/><V53/><F36/><W102/><G133/><T59/><D107/><U85/><E6/><V98/><F34/><W43/><G66/><T45/><D93/><U39/><E39/><V48/><F112/><W128/><G128/><T67/><REACH who="0" step="1"/><D37/><REACH who="0" ten="288,221,349,132" step="2"/><U114/><E94/><V24/><F106/><W7/><G102/><T69/><D69/><U104/><E103/><V41/><F119/><W65/><G65/><T33/><D33/><U70/><E70/><V99/><F99/><W44/><G32/><T75/><D75/><U135/><E114/><V14/><F98/><W5/><REACH who="3" step="1"/><G29/><AGARI ba="0,1" hai="8,15,16,18,20,26,29,30,45,51,55,59,63,67" machi="29" ten="40,8000,1" yaku="1,1,8,1,54,1,53,1" doraHai="77" doraHaiUra="58" who="0" fromWho="3" sc="288,90,221,0,349,0,132,-80" /><INIT seed="6,0,0,5,1,88" ten="378,221,349,52" oya="2" hai0="60,135,76,133,68,101,16,26,103,89,91,11,134" hai1="69,130,57,99,95,72,90,67,109,115,13,124,56" hai2="15,47,35,14,45,2,106,54,9,19,86,28,21" hai3="64,120,79,63,81,66,70,24,96,62,100,1,111"/><V94/><F106/><W93/><G120/><T8/><D76/><U3/><E3/><V37/><F37/><W22/><G1/><T65/><D11/><U128/><E109/><V114/><F114/><W61/><G111/><T113/><D113/><U30/><E72/><V12/><F45/><W10/><G10/><T49/><D49/><U122/><E124/><V50/><F86/><W75/><REACH who="3" step="1"/><G64/><REACH who="3" ten="378,221,349,42" step="2"/><T105/><D8/><U112/><E112/><V59/><F2/><W123/><G123/><T87/><D133/><U38/><E122/><V104/><F9/><W5/><G5/><T17/><D134/><U29/><E115/><V74/><F104/><W51/><G51/><T34/><D105/><U121/><E121/><V73/><F50/><W125/><G125/><T20/><D135/><U39/><E39/><V6/><F6/><W118/><G118/><T18/><D65/><U80/><E38/><V53/><F47/><W83/><G83/><T126/><D126/><U108/><E80/><V40/><F73/><W42/><G42/><T82/><D82/><U46/><E108/><V77/><F40/><W7/><G7/><T119/><D119/><U116/><E116/><V110/><F110/><W102/><G102/><T33/><D103/><U32/><E67/><V55/><F74/><W48/><G48/><T23/><D101/><U31/><E46/><V25/><F55/><W127/><G127/><T85/><D60/><U27/><E130/><V129/><F129/><W84/><G84/><T107/><D85/><U131/><E131/><V71/><F54/><W41/><G41/><RYUUKYOKU ba="0,1" sc="378,-10,221,-10,349,-10,42,30" hai3="22,24,61,62,63,66,70,75,79,81,93,96,100" /><INIT seed="7,1,1,0,5,27" ten="368,211,339,72" oya="3" hai0="34,113,99,135,110,103,126,31,89,93,67,95,68" hai1="56,85,59,47,4,91,20,108,28,0,132,73,120" hai2="123,57,55,102,24,15,66,80,36,38,119,19,82" hai3="84,23,43,35,5,78,81,6,104,11,92,114,10"/><W96/><G114/><T109/><D113/><U111/><E73/><V2/><F2/><W125/><G125/><T9/><D126/><U131/><E120/><V128/><F119/><W112/><G112/><T69/><D135/><U18/><E132/><V94/><F38/><W37/><G35/><T42/><D42/><U25/><E131/><V17/><F36/><W115/><G115/><T45/><D45/><U30/><E0/><V52/><F128/><W101/><G23/><T29/><D9/><U13/><E47/><V134/><F24/><W26/><G26/><N who="0" m="18743" /><D31/><N who="1" m="11819" /><E111/><V100/><F123/><W118/><G118/><T12/><D12/><U58/><E108/><V122/><F122/><W50/><G37/><T39/><D69/><U32/><E32/><V74/><F74/><W105/><G10/><T121/><D39/><U70/><E70/><V64/><F15/><W48/><G5/><T3/><D3/><U86/><E91/><V130/><F130/><W87/><G87/><N who="0" m="52415" /><D121/><U49/><E49/><V76/><F134/><W83/><G83/><T117/><D117/><U46/><E46/><V60/><F76/><W71/><G71/><T41/><D41/><U133/><E133/><V22/><F22/><W62/><G62/><N who="0" m="40055" /><D110/><U97/><E97/><V61/><F57/><W129/><G129/><T72/><D72/><U54/><E54/><V106/><F94/><W33/><G33/><T53/><D53/><U90/><E90/><V75/><F75/><W124/><G124/><T51/><D51/><N who="3" m="19497" /><G43/><T98/><D109/><U44/><E44/><V16/><F17/><W88/><G88/><RYUUKYOKU ba="1,1" sc="368,0,211,0,339,0,72,0" hai0="95,98,99,103" hai1="4,13,18,20,25,56,58,59,85,86" hai2="16,19,52,55,60,61,64,66,80,82,100,102,106" hai3="6,11,78,81,84,92,96,101,104,105" /><INIT seed="7,2,1,5,0,120" ten="368,211,339,72" oya="3" hai0="104,78,74,130,62,111,1,3,44,125,13,20,36" hai1="43,49,60,48,54,113,8,123,133,23,98,77,109" hai2="26,17,129,21,84,33,99,35,107,95,65,81,100" hai3="34,117,5,131,87,68,40,108,30,92,63,57,14"/><W110/><G117/><T135/><D111/><N who="3" m="42537" /><G131/><T19/><D130/><U64/><E113/><V115/><F129/><W72/><G72/><T39/><D104/><U12/><E133/><V103/><F115/><W53/><G40/><T15/><D135/><U16/><E123/><V93/><F65/><W122/><G122/><T67/><D125/><U132/><E132/><V121/><F107/><W86/><G68/><T7/><D1/><U61/><E109/><V70/><F70/><W79/><G79/><T126/><D3/><U29/><E77/><V0/><F0/><W27/><G92/><T128/><D128/><U124/><E124/><V118/><F121/><W11/><AGARI ba="2,1" hai="5,11,14,27,30,34,53,57,63,86,87" m="42537" machi="11" ten="30,11700,0" yaku="10,1,52,3" doraHai="120" who="3" fromWho="3" sc="368,-41,211,-41,339,-41,72,133" /><INIT seed="7,3,0,2,2,107" ten="327,170,298,205" oya="3" hai0="61,87,96,8,57,18,26,65,106,95,22,62,113" hai1="68,19,100,36,38,2,115,76,40,11,101,74,46" hai2="66,52,9,15,0,28,64,84,112,92,4,49,103" hai3="129,70,3,91,121,79,123,119,120,39,54,105,1"/><W98/><G119/><T126/><D126/><U10/><E68/><V13/><F112/><W41/><G70/><T71/><D113/><U85/><E115/><V117/><F117/><W90/><G54/><T75/><D75/><U67/><E67/><V14/><F28/><W16/><G129/><T23/><D106/><U97/><E85/><V44/><REACH who="2" step="1"/><F84/><REACH who="2" ten="327,170,288,205" step="2"/><W55/><G121/><T78/><D87/><U131/><E131/><V17/><F17/><W59/><G16/><T82/><D82/><N who="1" m="45335" /><E38/><V30/><F30/><W35/><G39/><T130/><D130/><U77/><E77/><V111/><F111/><W99/><G79/><T114/><D114/><U21/><E97/><AGARI ba="3,1" hai="0,4,9,13,14,15,44,49,52,64,66,92,97,103" machi="97" ten="40,2600,0" yaku="1,1,54,1,53,0" doraHai="107" doraHaiUra="73" who="2" fromWho="1" sc="327,0,170,-35,288,45,205,0" owari="327,13.0,135,-36.0,333,42.0,205,-19.0" /></mjloggm>