<mjloggm ver="2.3"><GO type="169" lobby="0"/><UN n0="%E6%96%87%E5%9B%9B%E9%83%8E" n1="%E3%81%B4%E3%81%AE%E3%81%93" n2="%E3%81%8B%E3%81%A5%E3%81%8D%EF%BC%B8%EF%BC%A9" n3="%E6%9D%BE%E5%B1%8B%E3%81%8A%E3%81%98%E3%81%95%E3%82%93" dan="16,17,16,19" rate="2172.61,2229.93,2096.52,2310.17" sx="M,M,M,M"/><TAIKYOKU oya="0"/><INIT seed="0,0,0,2,5,20" ten="250,250,250,250" oya="0" hai0="103,0,75,118,120,11,32,73,101,26,52,47,22" hai1="48,66,74,90,2,130,95,67,109,12,131,46,8" hai2="112,25,121,122,93,57,80,54,51,45,78,7,97" hai3="87,37,21,23,64,19,18,40,69,61,94,107,110"/><T88/><D118/><U99/><E2/><V83/><F112/><W79/><G107/><T100/><D120/><U124/><E74/><V38/><F7/><W16/><G110/><T14/><D32/><U70/><E124/><V5/><F5/><W28/><G28/><T81/><D0/><U33/><E70/><V91/><F83/><W96/><G87/><T92/><D81/><U6/><E109/><V56/><F56/><W41/><G79/><T116/><D116/><U68/><E68/><V34/><F38/><W53/><G53/><T63/><D63/><U10/><E10/><V1/><F45/><W134/><G134/><T60/><D60/><U13/><E13/><V76/><F1/><W82/><G82/><T119/><D119/><U31/><E31/><V50/><F50/><W86/><G86/><T65/><D65/><U117/><E33/><V77/><REACH who="2" step="1"/><F80/><REACH who="2" ten="250,250,240,250" step="2"/><W125/><G125/><T135/><D135/><U59/><E117/><V133/><F133/><W44/><REACH who="3" step="1"/><G40/><REACH who="3" ten="250,250,240,240" step="2"/><T49/><D75/><U114/><E114/><V29/><AGARI ba="0,2" hai="25,29,34,51,54,57,76,77,78,91,93,97,121,122" machi="29" ten="30,4000,0" yaku="1,1,0,1,52,1,53,0" doraHai="20" doraHaiUra="43" who="2" fromWho="2" sc="250,-20,250,-10,240,60,240,-10" /><INIT seed="1,0,0,3,0,11" ten="230,240,300,230" oya="1" hai0="60,24,16,108,126,5,39,97,3,25,19,21,48" hai1="85,43,120,53,74,84,4,92,22,1,32,105,45" hai2="40,34,104,123,116,54,59,50,63,115,7,51,106" hai3="94,133,44,117,70,65,124,9,86,67,73,46,96"/><U52/><E105/><V80/><F116/><W49/><G73/><T13/><D39/><U56/><E32/><V98/><F123/><W68/><G124/><T93/><D126/><U81/><E120/><V107/><F34/><W0/><G133/><T18/><D108/><U109/><E22/><V89/><F115/><W35/><G35/><T69/><D3/><U42/><E92/><V119/><F119/><W130/><G130/><T17/><D5/><U135/><E135/><V87/><F40/><W122/><G122/><T31/><D25/><U58/><E74/><V125/><F125/><W55/><G86/><T37/><D37/><U27/><E27/><V20/><F20/><W66/><G117/><T26/><D24/><U41/><E109/><V78/><F7/><W8/><G0/><T88/><D48/><U38/><E84/><V14/><F98/><W2/><G8/><N who="0" m="6183" /><D69/><U10/><E58/><V100/><F106/><W83/><G68/><T131/><D131/><U29/><E29/><V101/><F104/><W71/><G71/><T62/><AGARI ba="0,0" hai="17,18,19,21,26,31,60,62,88,93,97" m="6183" machi="62" ten="30,7900,0" yaku="8,1,52,1,54,2" doraHai="11" who="0" fromWho="0" sc="230,79,240,-39,300,-20,230,-20" /><INIT seed="2,0,0,5,0,115" ten="309,201,280,210" oya="2" hai0="64,103,24,52,17,4,38,80,127,97,85,130,89" hai1="105,42,10,113,34,50,116,102,21,135,8,6,92" hai2="45,93,125,128,15,18,36,28,29,107,16,3,72" hai3="117,62,121,73,123,56,59,48,131,109,106,32,14"/><V44/><F107/><W35/><G73/><T49/><D38/><U33/><E92/><V57/><F3/><W63/><G14/><T39/><D39/><U51/><E21/><V0/><F0/><W95/><G95/><N who="0" m="58815" /><D127/><U132/><E102/><V114/><F72/><W108/><G48/><T55/><D130/><U122/><E113/><V129/><F36/><W81/><G81/><T58/><D4/><U65/><E65/><V2/><F2/><W124/><G124/><T26/><D64/><U110/><E6/><V61/><F114/><W67/><G67/><T118/><D118/><U134/><E105/><V30/><F93/><W71/><G106/><T43/><D43/><U83/><E83/><V99/><F99/><W87/><G87/><T126/><D126/><U69/><E42/><V98/><F98/><W94/><G94/><T7/><D7/><U46/><E46/><N who="2" m="18027" /><F15/><W54/><G54/><T77/><D55/><U11/><E122/><V31/><N who="2" m="7168" /><DORA hai="91" /><V53/><F125/><W70/><G131/><AGARI ba="0,0" hai="16,18,53,57,61,128,129,131" m="7168,18027" machi="131" ten="50,4800,0" yaku="19,1,54,1" doraHai="115,91" who="2" fromWho="3" sc="309,0,201,0,280,48,210,-48" /><INIT seed="2,1,0,5,2,58" ten="309,201,328,162" oya="2" hai0="101,9,133,16,68,100,123,20,53,10,13,56,7" hai1="38,126,88,4,19,55,5,76,54,112,17,103,96" hai2="37,23,75,124,32,43,82,0,107,50,64,29,105" hai3="109,87,42,135,31,39,30,18,108,116,74,115,47"/><V63/><F0/><W51/><G116/><T8/><D123/><U62/><E112/><V72/><F37/><W86/><G74/><T91/><D68/><U94/><E126/><V70/><F23/><W121/><G121/><T117/><D117/><U95/><E38/><V79/><F75/><W36/><G135/><T131/><D133/><U78/><E55/><V113/><F113/><W48/><G36/><T28/><D131/><U98/><E19/><V97/><F124/><W132/><G132/><T71/><D71/><U129/><E17/><V128/><F128/><W35/><G115/><T80/><D28/><U45/><E45/><V85/><F85/><N who="3" m="32267" /><G18/><T122/><D122/><U73/><E129/><V41/><F50/><N who="3" m="18987" /><G35/><T27/><D91/><U11/><E73/><V60/><F107/><W12/><G12/><T127/><D127/><U93/><E93/><V33/><F33/><W119/><G119/><T66/><D66/><U52/><E54/><V15/><F15/><W81/><G81/><T14/><D80/><U1/><E5/><V120/><F120/><W89/><G89/><T57/><D57/><U25/><E25/><N who="2" m="18479" /><F60/><W49/><N who="3" m="18995" /><W61/><DORA hai="46" /><G61/><N who="0" m="35983" /><D7/><U22/><E62/><V106/><F106/><W67/><G67/><T24/><D14/><U125/><E125/><V99/><F105/><W104/><G104/><T92/><D92/><U130/><E130/><V102/><F72/><W134/><G134/><T6/><D6/><U34/><E34/><V118/><F118/><W21/><G21/><T110/><D20/><U77/><E22/><V84/><F64/><RYUUKYOKU ba="1,0" sc="309,-15,201,15,328,-15,162,15" hai1="1,4,11,52,76,77,78,88,94,95,96,98,103" hai3="30,31,39,42,47,108,109" /><INIT seed="3,2,0,0,2,14" ten="294,216,313,177" oya="3" hai0="87,119,71,38,46,30,86,1,85,66,99,102,0" hai1="20,106,125,7,97,94,8,91,21,49,36,61,121" hai2="56,116,28,50,133,77,60,112,75,64,129,81,105" hai3="6,45,82,55,83,18,117,89,10,42,126,69,47"/><W108/><G117/><T19/><D119/><U4/><E36/><V5/><F105/><W41/><G126/><T67/><D30/><U35/><E121/><V100/><F100/><W59/><G69/><T92/><D38/><U70/><E125/><V123/><F123/><W73/><G73/><T128/><D128/><U9/><E35/><V78/><F112/><W53/><G108/><T118/><D118/><U90/><E106/><V33/><F78/><W107/><G107/><T65/><D71/><U63/><E49/><V111/><F111/><W134/><G134/><T27/><REACH who="0" step="1"/><D46/><REACH who="0" ten="284,216,313,177" step="2"/><U3/><E70/><V96/><F116/><W72/><G47/><T124/><D124/><U23/><REACH who="1" step="1"/><E91/><REACH who="1" ten="284,206,313,177" step="2"/><V74/><F129/><W15/><G89/><T88/><D88/><U13/><AGARI ba="2,2" hai="3,4,7,8,9,13,20,21,23,61,63,90,94,97" machi="13" ten="30,7900,0" yaku="1,1,2,1,0,1,53,1" doraHai="14" doraHaiUra="84" who="1" fromWho="1" sc="284,-22,206,105,313,-22,177,-41" /><INIT seed="4,0,0,0,4,56" ten="262,311,291,136" oya="0" hai0="4,1,31,102,7,86,39,25,65,91,14,99,119" hai1="57,3,41,109,12,36,110,107,74,90,46,116,80" hai2="55,111,92,69,34,115,122,16,43,129,60,30,93" hai3="75,87,81,15,17,37,98,26,77,42,103,85,120"/><T71/><D119/><U84/><E116/><V9/><F111/><W21/><G120/><T64/><D39/><U132/><E132/><V88/><F122/><W72/><G72/><T113/><D1/><U95/><E3/><V50/><F129/><W52/><G42/><T61/><D113/><U20/><E107/><V66/><F43/><W104/><G37/><T53/><D14/><U121/><E121/><V106/><F106/><W59/><REACH who="3" step="1"/><G26/><REACH who="3" ten="262,311,291,126" step="2"/><T28/><D25/><U45/><E41/><V97/><F115/><W133/><G133/><T76/><D76/><U35/><E36/><V22/><F34/><W2/><G2/><T68/><D53/><U13/><E35/><V11/><F30/><W5/><G5/><T124/><D31/><U27/><E74/><V117/><F117/><W96/><G96/><T6/><D28/><U101/><E110/><V10/><F93/><W82/><G82/><T44/><D124/><U123/><E109/><V94/><F92/><W79/><G79/><T105/><D65/><U112/><E123/><V49/><REACH who="2" step="1"/><F55/><REACH who="2" ten="262,311,281,126" step="2"/><W23/><G23/><T131/><D131/><U118/><E118/><V58/><F58/><W67/><G67/><T8/><D64/><U78/><E57/><V38/><F38/><W125/><G125/><T127/><D127/><U130/><E112/><V126/><F126/><W135/><G135/><T73/><D105/><U0/><E130/><V70/><F70/><W29/><G29/><T83/><D71/><U33/><E95/><V47/><F47/><W48/><AGARI ba="0,2" hai="15,17,21,48,52,59,75,77,81,85,87,98,103,104" machi="48" ten="20,5200,0" yaku="1,1,0,1,7,1,54,1,53,0" doraHai="56" doraHaiUra="32" who="3" fromWho="3" sc="262,-26,311,-13,281,-13,126,72" /><INIT seed="5,0,0,4,2,46" ten="236,298,268,198" oya="1" hai0="119,72,92,78,102,116,122,8,108,126,19,129,10" hai1="71,0,53,131,54,106,49,88,112,4,82,13,9" hai2="37,133,124,15,87,128,114,79,134,110,12,90,97" hai3="14,132,120,67,26,48,96,83,20,109,5,130,2"/><U29/><E106/><V115/><F37/><W44/><G120/><T57/><D108/><U121/><E121/><V45/><F110/><W61/><G109/><T38/><D38/><U52/><E71/><V74/><F97/><W123/><G123/><T34/><D122/><U68/><E68/><V17/><F124/><W23/><G132/><N who="2" m="50793" /><F128/><W89/><G2/><T32/><D129/><U47/><E131/><V18/><F45/><W84/><G130/><T100/><D57/><U11/><E112/><N who="2" m="43051" /><F79/><W36/><G36/><T77/><D126/><U111/><E29/><V58/><F58/><N who="3" m="37303" /><G96/><T43/><D77/><U16/><E111/><V99/><F99/><W73/><G26/><T76/><D76/><U64/><E64/><V101/><F101/><W65/><G65/><T94/><D78/><U104/><E104/><V7/><F74/><W59/><G59/><T22/><D72/><U91/><E91/><V85/><F7/><W42/><G73/><T60/><D102/><U127/><E127/><V86/><F90/><W113/><G113/><T1/><D100/><U56/><E56/><V51/><F51/><W24/><G24/><T66/><D66/><U107/><E107/><V69/><F69/><W40/><G40/><T135/><D43/><U98/><E98/><V95/><F95/><W55/><G42/><T62/><D135/><U125/><E125/><V3/><F3/><W30/><G30/><T33/><D1/><U21/><E21/><V25/><F25/><W93/><G93/><T35/><D34/><U117/><E117/><V28/><F28/><W63/><G63/><RYUUKYOKU ba="0,0" sc="236,-30,298,10,268,10,198,10" hai1="0,4,9,11,13,16,47,49,52,53,54,82,88" hai2="12,15,17,18,85,86,87" hai3="5,14,20,23,44,48,55,83,84,89" /><INIT seed="5,1,0,1,0,26" ten="206,308,278,208" oya="1" hai0="80,115,111,55,38,22,134,98,53,39,8,85,133" hai1="59,67,14,60,93,64,37,81,96,114,97,120,44" hai2="6,1,21,105,99,113,58,36,95,119,5,11,73" hai3="116,31,68,56,15,3,107,135,29,23,76,75,90"/><U78/><E120/><V126/><F105/><W13/><G3/><T79/><D111/><U74/><E114/><V47/><F73/><W72/><G68/><T108/><D108/><U19/><E67/><V100/><F119/><W77/><G107/><T51/><D115/><U104/><E104/><V49/><F126/><W57/><G23/><T62/><D8/><U2/><E2/><V34/><F34/><W118/><REACH who="3" step="1"/><G90/><REACH who="3" ten="206,308,278,198" step="2"/><T66/><D22/><U109/><E109/><V92/><F21/><W12/><G12/><T86/><D134/><AGARI ba="1,1" hai="13,15,29,31,56,57,72,75,76,77,116,118,134,135" machi="134" ten="25,8000,1" yaku="1,1,22,2,52,2,53,0" doraHai="26" doraHaiUra="65" who="3" fromWho="0" sc="206,-83,308,0,278,0,198,93" /><INIT seed="6,0,0,4,5,69" ten="123,308,278,291" oya="2" hai0="38,51,123,75,77,30,106,85,111,19,3,80,99" hai1="96,105,18,33,47,94,24,89,21,116,70,43,23" hai2="54,64,134,0,97,131,26,10,58,91,132,16,120" hai3="68,126,90,117,98,79,40,66,114,67,122,57,93"/><V81/><F120/><W36/><G117/><T119/><D123/><U109/><E109/><V12/><F131/><W104/><G122/><T52/><D111/><U7/><E116/><V15/><F64/><W83/><G68/><T35/><D119/><U22/><E70/><V1/><F12/><W129/><G126/><T65/><D3/><U115/><E115/><V71/><F71/><W45/><G129/><T49/><D65/><U82/><E33/><V27/><F1/><W25/><G114/><T118/><D118/><U17/><E7/><V62/><F0/><W20/><G104/><T31/><D51/><U14/><E82/><V28/><F81/><W73/><REACH who="3" step="1"/><G57/><REACH who="3" ten="123,308,278,281" step="2"/><T112/><D112/><U108/><E105/><V121/><F121/><W42/><G42/><T37/><D75/><U6/><E108/><V46/><F46/><W32/><G32/><T84/><D35/><U76/><E47/><V103/><F134/><W107/><G107/><T92/><D106/><U9/><E43/><V133/><F133/><W102/><G102/><T86/><D77/><U2/><E76/><V95/><F103/><W100/><G100/><T59/><D80/><U135/><E135/><V48/><F132/><W74/><G74/><T34/><D34/><U87/><E87/><V61/><F28/><AGARI ba="0,1" hai="20,25,28,36,40,45,66,67,73,79,83,90,93,98" machi="28" ten="30,3900,0" yaku="1,1,7,1,52,1,53,0" doraHai="69" doraHaiUra="8" who="3" fromWho="2" sc="123,0,308,0,278,-39,281,49" /><INIT seed="7,0,0,5,2,81" ten="123,308,239,330" oya="3" hai0="63,86,88,98,79,9,29,75,123,108,116,104,132" hai1="31,83,37,115,45,93,15,56,71,6,109,35,20" hai2="78,105,129,135,58,126,80,36,60,101,66,33,27" hai3="53,122,55,43,128,52,48,77,61,95,4,106,46"/><W107/><G122/><T134/><D29/><U12/><E109/><V111/><F36/><W73/><G73/><T125/><D108/><U120/><E120/><V112/><F111/><W38/><G77/><T42/><D123/><U118/><E71/><V49/><F126/><W62/><G128/><T89/><D42/><U21/><E56/><V11/><F129/><W124/><G124/><T99/><D125/><U16/><E93/><V85/><F135/><N who="0" m="51754" /><D9/><N who="1" m="4151" /><E45/><V28/><F112/><W82/><G82/><N who="0" m="45439" /><D63/><U64/><E83/><V22/><F11/><W18/><G4/><T113/><D116/><U50/><E50/><V103/><F33/><W97/><G18/><T7/><D7/><U131/><E64/><V92/><F105/><W87/><G38/><T40/><D40/><U69/><E37/><V1/><F1/><W39/><G106/><T130/><D130/><U100/><E131/><V30/><F28/><W0/><G107/><T32/><D32/><U117/><E69/><V121/><F121/><W2/><G2/><T3/><D3/><U34/><E100/><V47/><F92/><W13/><G0/><T91/><D113/><U133/><E115/><V14/><F14/><W94/><G13/><T23/><D23/><U10/><E133/><V68/><F68/><W96/><G39/><T44/><D44/><U5/><E21/><V102/><F47/><W51/><G46/><T72/><D72/><U119/><E31/><V26/><F49/><N who="3" m="19019" /><G43/><T90/><D104/><U19/><E5/><V17/><F30/><W84/><G61/><T67/><D67/><U74/><E74/><RYUUKYOKU ba="0,0" sc="123,10,308,10,239,10,330,-30" hai0="86,88,89,90,91,98,99" hai1="10,15,16,19,20,34,35,117,118,119" hai2="17,22,26,27,58,60,66,78,80,85,101,102,103" owari="133,-37.0,318,42.0,249,-15.0,300,10.0" /></mjloggm>