<mjloggm ver="2.3"><GO type="169" lobby="0"/><UN n0="%6F%63%69%6E%70%6F%70%6F" n1="%E3%81%AF%E3%81%98%E3%82%81%E3%81%A3%E3%81%A1" n2="%7A%6F%6F%31%39%36%34" n3="%E3%81%BE%E3%81%99%E3%81%9E%E3%81%88" dan="17,17,18,16" rate="2113.55,2218.22,2222.22,2120.29" sx="F,F,M,M"/><TAIKYOKU oya="0"/><INIT seed="0,0,0,5,4,81" ten="250,250,250,250" oya="0" hai0="23,45,63,131,31,64,57,6,126,135,19,112,65" hai1="40,21,55,119,12,24,50,15,103,49,130,94,61" hai2="36,35,52,101,114,42,66,18,13,59,20,98,121" hai3="67,127,105,3,48,87,33,62,91,78,79,2,8"/><T30/><D112/><U69/><E130/><V25/><F121/><W102/><G127/><T118/><D118/><U100/><E119/><V84/><F114/><W37/><G37/><T1/><D135/><U122/><E122/><V16/><F66/><W47/><G33/><T134/><D134/><U111/><E111/><V116/><F116/><W124/><G124/><T75/><D75/><U88/><E40/><V68/><F68/><W58/><G105/><T77/><D77/><U9/><E69/><V38/><F42/><W123/><G102/><N who="1" m="38954" /><E61/><V60/><F84/><W83/><G123/><T92/><D1/><U39/><E39/><V53/><F53/><W7/><REACH who="3" step="1"/><G2/><REACH who="3" ten="250,250,250,240" step="2"/><T10/><D126/><U4/><E12/><V27/><F35/><W132/><G132/><T73/><D131/><U99/><E55/><AGARI ba="0,1" hai="3,7,8,47,48,55,58,62,67,78,79,83,87,91" machi="55" ten="30,3900,0" yaku="1,1,7,1,52,1,53,0" doraHai="81" doraHaiUra="109" who="3" fromWho="1" sc="250,0,250,-39,250,0,240,49" /><INIT seed="1,0,0,3,3,74" ten="250,211,250,289" oya="1" hai0="18,30,10,9,77,71,28,130,95,7,19,8,119" hai1="54,42,129,96,12,14,73,128,102,103,123,81,88" hai2="116,39,127,69,60,93,61,51,4,27,94,89,91" hai3="83,36,55,72,1,75,46,57,132,111,68,11,41"/><U131/><E123/><V3/><F116/><W124/><G111/><T13/><D71/><U101/><E42/><V70/><F39/><W45/><G132/><T122/><D119/><U35/><E35/><V64/><F127/><W47/><G124/><T114/><D114/><U120/><E120/><V125/><F125/><W107/><G68/><T53/><D130/><U23/><E23/><V32/><F51/><W92/><G107/><T17/><D122/><U29/><E29/><V24/><F32/><W82/><G92/><T87/><D53/><U76/><REACH who="1" step="1"/><E54/><REACH who="1" ten="250,201,250,289" step="2"/><V84/><F27/><W62/><G41/><T34/><D34/><U40/><E40/><V90/><F24/><W38/><G38/><T52/><D28/><U117/><E117/><V99/><F70/><W49/><G36/><T26/><D26/><U100/><N who="1" m="25600" /><DORA hai="85" /><U21/><E21/><V113/><F69/><W110/><G110/><T20/><D30/><U97/><E97/><V67/><F113/><W78/><G11/><T16/><D7/><U79/><E79/><V98/><F4/><W63/><G1/><T118/><D118/><U106/><E106/><V66/><F3/><W56/><G78/><T43/><D43/><U126/><E126/><V37/><F37/><W6/><G6/><T105/><D105/><U0/><E0/><V135/><F135/><W44/><G55/><T121/><D121/><U109/><E109/><V108/><F108/><W5/><G5/><T50/><D77/><U134/><E134/><V80/><AGARI ba="0,1" hai="60,61,64,66,67,80,84,89,90,91,93,94,98,99" machi="80" ten="30,12000,2" yaku="0,1,9,1,8,1,52,3" doraHai="74,85" who="2" fromWho="2" sc="250,-30,201,-60,250,130,289,-30" /><INIT seed="2,0,0,3,0,36" ten="220,141,380,259" oya="2" hai0="96,38,2,29,79,110,117,45,32,5,114,106,83" hai1="109,85,41,113,127,57,30,11,132,34,6,81,131" hai2="76,15,72,120,25,123,97,35,47,18,95,37,54" hai3="22,31,8,73,48,104,122,118,115,10,39,63,133"/><V3/><F3/><W23/><G104/><T75/><D110/><U52/><E113/><V134/><F134/><W70/><G73/><T14/><D14/><U91/><E109/><V89/><F72/><W129/><G118/><T119/><D114/><U53/><E132/><V80/><F35/><W94/><G133/><T135/><D135/><U86/><E131/><V17/><F25/><W12/><G115/><T62/><D62/><U68/><E68/><V40/><F18/><W1/><G129/><T77/><D77/><U92/><E127/><V59/><F80/><W107/><G122/><T61/><D61/><U33/><E30/><V4/><F4/><W121/><G107/><T101/><D29/><U100/><E41/><V58/><F76/><W9/><G39/><T105/><D105/><U99/><E86/><V108/><F59/><W50/><G1/><T130/><D32/><U98/><E98/><V16/><F17/><W26/><G94/><T60/><D60/><U64/><E64/><V44/><F44/><W49/><G121/><T19/><D19/><U21/><E21/><V69/><F69/><W102/><G102/><T46/><D46/><U126/><E126/><V27/><F108/><W66/><REACH who="3" step="1"/><G22/><REACH who="3" ten="220,141,380,249" step="2"/><T0/><D0/><N who="1" m="455" /><E34/><V13/><F123/><W7/><AGARI ba="0,1" hai="7,8,9,10,12,23,26,31,48,49,50,63,66,70" machi="7" ten="30,4000,0" yaku="1,1,0,1,53,1" doraHai="36" doraHaiUra="24" who="3" fromWho="3" sc="220,-10,141,-10,380,-20,249,50" /><INIT seed="3,0,0,0,4,98" ten="210,131,360,299" oya="3" hai0="12,5,78,82,110,2,23,117,64,3,128,72,63" hai1="10,42,39,102,107,47,126,29,0,21,103,119,93" hai2="13,37,108,70,118,134,100,79,68,77,9,51,69" hai3="109,120,56,116,132,50,89,76,22,75,96,127,30"/><W48/><G120/><T129/><D117/><U123/><E123/><V61/><F37/><W71/><G116/><T45/><D110/><U62/><E107/><V28/><F108/><W130/><G109/><T24/><D45/><U66/><E119/><V53/><F28/><W58/><G130/><N who="0" m="50283" /><D12/><U99/><E126/><V32/><F32/><W17/><G71/><N who="0" m="42399" /><D5/><U14/><E0/><V46/><F61/><W83/><G132/><T25/><D25/><U106/><E106/><V19/><F134/><W84/><G127/><T55/><D55/><U121/><E121/><V16/><F118/><W81/><G30/><AGARI ba="0,0" hai="2,3,23,24,30,72,78,82" m="42399,50283" machi="30" ten="30,1000,0" yaku="19,1" doraHai="98" who="0" fromWho="3" sc="210,10,131,0,360,0,299,-10" /><INIT seed="4,0,0,5,3,54" ten="220,131,360,289" oya="0" hai0="9,102,107,53,48,105,117,87,32,55,119,21,130" hai1="132,88,49,59,38,93,22,111,81,110,43,90,14" hai2="64,74,77,109,60,92,44,28,27,3,135,11,33" hai3="75,97,129,20,15,76,126,19,17,62,52,37,68"/><T82/><D32/><U122/><E122/><V46/><F109/><W106/><G129/><T120/><D120/><U57/><E132/><V116/><F135/><W31/><G126/><T34/><D34/><U30/><E38/><V12/><F116/><W124/><G124/><T133/><D133/><U45/><E110/><V103/><F3/><W99/><G37/><T115/><D53/><U7/><E111/><V25/><F25/><W84/><G75/><T40/><D40/><U63/><E63/><V118/><F118/><W4/><G106/><T10/><D105/><U73/><E73/><V104/><F104/><W23/><G4/><T100/><D9/><N who="1" m="4415" /><E81/><V123/><F77/><W8/><G31/><T61/><D61/><U83/><E83/><V26/><F26/><N who="3" m="14607" /><G68/><T70/><D70/><U6/><E6/><V78/><F78/><W127/><G127/><T56/><D10/><U47/><E47/><V71/><F74/><W125/><G125/><T29/><D130/><U79/><E79/><V94/><F123/><W128/><G128/><T80/><D80/><U113/><E113/><V72/><F72/><W36/><G36/><T35/><D35/><U50/><E49/><V5/><F94/><W0/><G0/><T101/><D115/><U41/><E41/><V66/><F66/><W86/><G8/><T131/><D131/><U39/><E39/><V65/><F65/><W51/><G76/><N who="0" m="46535" /><D107/><U114/><E114/><V42/><F42/><W95/><G62/><T108/><D108/><U13/><E30/><V91/><F103/><N who="3" m="60863" /><G99/><AGARI ba="0,0" hai="5,11,12,27,28,33,44,46,60,64,71,91,92,99" machi="99" ten="30,1000,0" yaku="7,1" doraHai="54" who="2" fromWho="3" sc="220,0,131,0,360,10,289,-10" /><INIT seed="5,0,0,2,1,64" ten="220,131,370,279" oya="1" hai0="121,47,59,74,99,84,113,13,12,6,98,71,29" hai1="90,94,60,53,32,48,125,87,97,55,130,7,52" hai2="89,19,126,111,110,46,8,23,9,16,58,54,88" hai3="72,33,132,122,37,123,106,50,44,108,95,96,31"/><U10/><E125/><V57/><F126/><W24/><G108/><T26/><D74/><U81/><E130/><V85/><F111/><W133/><G106/><T17/><D71/><U77/><E32/><V4/><F110/><W63/><G72/><T115/><D6/><U2/><REACH who="1" step="1"/><E60/><REACH who="1" ten="220,121,370,279" step="2"/><V86/><F23/><W66/><G123/><T18/><D121/><U56/><AGARI ba="0,1" hai="2,7,10,48,52,53,55,56,77,81,87,90,94,97" machi="56" ten="20,12000,1" yaku="1,1,2,1,0,1,7,1,54,1,53,0" doraHai="64" doraHaiUra="21" who="1" fromWho="1" sc="220,-40,121,130,370,-40,279,-40" /><INIT seed="5,1,0,1,2,12" ten="180,251,330,239" oya="1" hai0="130,114,46,115,110,104,31,60,71,93,128,13,80" hai1="97,50,61,29,122,121,95,28,56,133,33,102,100" hai2="79,32,54,39,73,63,64,48,81,91,116,14,7" hai3="129,11,70,67,38,118,85,4,26,113,21,10,96"/><U77/><E133/><V62/><F39/><W103/><G113/><N who="0" m="43019" /><D31/><U20/><E33/><V27/><F116/><W78/><G129/><N who="0" m="49771" /><D13/><U51/><E77/><V132/><F132/><W23/><G118/><T24/><D24/><N who="1" m="16391" /><E29/><V119/><F119/><W111/><G38/><T131/><D131/><U53/><E121/><V98/><F32/><W135/><G21/><T16/><D104/><U112/><E122/><V52/><F27/><W15/><G135/><T94/><D46/><N who="1" m="27863" /><E51/><V58/><F7/><W3/><G10/><T47/><D47/><U75/><E75/><V92/><F14/><W45/><G11/><T42/><D42/><U40/><E40/><V90/><F48/><W1/><G45/><T86/><D60/><U19/><E112/><V59/><F64/><W123/><G4/><T120/><D71/><U105/><E105/><V55/><REACH who="2" step="1"/><F54/><REACH who="2" ten="180,251,320,239" step="2"/><W106/><G67/><T57/><D120/><U35/><E35/><V34/><F34/><W37/><G123/><T65/><D65/><N who="1" m="39079" /><E102/><AGARI ba="1,1" hai="52,55,58,59,62,63,73,79,81,90,91,92,98,102" machi="102" ten="30,7700,0" yaku="1,1,7,1,9,1,54,1,53,0" doraHai="12" doraHaiUra="43" who="2" fromWho="1" sc="180,0,251,-80,320,90,239,0" /><INIT seed="6,0,0,1,2,109" ten="180,171,410,239" oya="2" hai0="77,43,39,95,121,27,50,115,124,114,47,132,108" hai1="103,93,48,13,125,98,64,65,78,52,58,102,123" hai2="56,100,87,120,49,118,82,105,133,20,26,75,44" hai3="80,12,81,40,74,31,104,83,67,33,110,85,3"/><V36/><F133/><W38/><G104/><T70/><D121/><U45/><E125/><V42/><F118/><W37/><G3/><T1/><D1/><U97/><E123/><V10/><F75/><W30/><G74/><T46/><D108/><U11/><E78/><V29/><F36/><W94/><G110/><T57/><D77/><U126/><E126/><V55/><F105/><W135/><G135/><T53/><D53/><U19/><REACH who="1" step="1"/><E45/><REACH who="1" ten="180,161,410,239" step="2"/><N who="2" m="28079" /><F120/><W127/><G127/><T130/><D47/><U54/><E54/><V0/><F44/><W24/><G40/><T63/><D124/><U113/><E113/><N who="0" m="43017" /><D132/><U119/><E119/><V6/><F42/><W107/><G67/><N who="0" m="41343" /><D130/><U32/><E32/><V23/><F0/><W92/><G33/><T22/><D57/><U8/><E8/><V99/><F10/><W116/><G38/><T88/><D39/><U34/><E34/><V131/><F131/><W18/><G37/><T9/><D9/><U86/><E86/><V128/><F87/><W117/><G85/><N who="0" m="52623" /><D22/><U69/><E69/><V2/><F56/><W106/><G116/><T112/><D112/><U60/><E60/><V89/><F23/><W35/><G117/><T15/><D27/><U51/><E51/><V91/><F128/><W25/><G25/><T4/><D15/><U21/><E21/><V16/><F2/><W134/><G24/><T41/><D41/><U129/><E129/><V5/><F26/><W14/><G134/><T73/><D73/><U79/><E79/><V90/><F20/><W7/><G35/><T76/><D76/><U68/><E68/><RYUUKYOKU ba="0,1" sc="180,15,161,15,410,-15,239,-15" hai0="4,43,46,50" hai1="11,13,19,48,52,58,64,65,93,97,98,102,103" /><INIT seed="7,1,1,0,1,108" ten="195,176,395,224" oya="3" hai0="30,4,36,50,123,3,131,1,25,41,77,130,52" hai1="110,106,85,84,129,107,32,27,104,66,48,20,6" hai2="75,74,105,91,28,59,72,73,2,101,13,71,117" hai3="11,69,89,18,98,103,12,133,26,135,115,14,46"/><W31/><G69/><T80/><D123/><U95/><E110/><V121/><F75/><W43/><G89/><T63/><D63/><U22/><E129/><N who="0" m="49161" /><D4/><U92/><E6/><V47/><F2/><W33/><G14/><T100/><D100/><U49/><E66/><V51/><F117/><W78/><G78/><T53/><D41/><U122/><E106/><V55/><F71/><W90/><G115/><T40/><D40/><U113/><E27/><V35/><F121/><W96/><G90/><T76/><D76/><U62/><E122/><V112/><F105/><W134/><G103/><T65/><D65/><U118/><E32/><V94/><F35/><W38/><AGARI ba="1,1" hai="11,12,18,26,31,33,38,43,46,96,98,133,134,135" machi="38" ten="30,3000,0" yaku="0,1,20,1" doraHai="108" who="3" fromWho="3" sc="195,-11,176,-11,395,-11,224,43" /><INIT seed="7,2,0,1,3,71" ten="184,165,384,267" oya="3" hai0="72,24,46,63,0,14,4,51,50,87,37,57,34" hai1="3,58,62,21,36,116,82,66,60,6,35,10,86" hai2="120,98,74,112,111,28,73,11,129,94,49,91,96" hai3="92,103,43,93,131,75,61,17,128,47,64,104,135"/><W65/><G75/><T127/><D72/><U114/><E35/><V117/><F111/><W123/><G123/><T1/><D37/><U39/><E114/><V67/><F117/><W97/><G135/><T33/><D14/><U22/><E116/><V119/><F119/><W110/><G110/><T106/><D106/><U99/><E22/><V83/><F120/><W5/><G5/><T19/><D19/><U53/><E99/><V41/><F112/><W40/><G17/><T2/><D4/><U69/><E21/><V31/><F67/><N who="3" m="25675" /><G61/><T15/><D15/><U45/><E45/><N who="2" m="25775" /><F129/><N who="3" m="49739" /><G40/><T95/><D0/><U126/><E126/><V90/><F74/><W84/><G84/><T18/><D87/><U38/><E38/><AGARI ba="2,0" hai="38,43,47,92,93,97,103,104" m="49739,25675" machi="38" ten="30,2900,0" yaku="19,1,52,1" doraHai="71" who="3" fromWho="1" sc="184,0,165,-35,384,0,267,35" /><INIT seed="7,3,0,1,1,79" ten="184,130,384,302" oya="3" hai0="133,68,26,83,90,48,14,91,86,22,4,28,9" hai1="63,81,89,69,58,95,76,32,117,42,2,54,44" hai2="131,30,130,114,94,100,7,39,67,109,56,72,108" hai3="88,19,10,61,0,6,41,1,70,23,118,113,73"/><W12/><G118/><T82/><D133/><U29/><E117/><V33/><F39/><W43/><G73/><T65/><D68/><U84/><E2/><V57/><F72/><W35/><G113/><T120/><D120/><U3/><E3/><V104/><F7/><W78/><G0/><T75/><D75/><U53/><E69/><V102/><F104/><W50/><G35/><T124/><D124/><U97/><E32/><V77/><F77/><W8/><G78/><T92/><D65/><U122/><E122/><V85/><F114/><W74/><G74/><T126/><D126/><U66/><REACH who="1" step="1"/><E29/><REACH who="1" ten="184,120,384,302" step="2"/><V116/><F30/><W47/><G70/><T64/><D64/><U11/><E11/><V18/><F67/><W46/><G10/><T45/><REACH who="0" step="1"/><D90/><REACH who="0" ten="174,120,384,302" step="2"/><U106/><E106/><V15/><F116/><W99/><G88/><T20/><D20/><U101/><E101/><V110/><F102/><W135/><G23/><T112/><D112/><U36/><AGARI ba="3,2" hai="36,42,44,53,54,58,63,66,76,81,84,89,95,97" machi="36" ten="20,8000,1" yaku="1,1,0,1,7,1,52,1,53,1" doraHai="79" doraHaiUra="93" who="1" fromWho="1" sc="174,-23,120,109,384,-23,302,-43" owari="151,-35.0,229,-17.0,361,46.0,259,6.0" /></mjloggm>