<mjloggm ver="2.3"><GO type="185" lobby="0"/><UN n0="%E7%B6%BE%E7%80%AC%E7%A9%82%E4%B9%83%E9%A6%99" n1="%41%74%72%69%61" n2="%E3%81%99%E3%81%8D%E3%81%BE%E5%A6%96%E6%80%AA" n3="" dan="18,16,16,0" rate="2330.41,2207.10,2121.09,1500.00" sx="F,F,M,C"/><TAIKYOKU oya="0"/><INIT seed="0,0,0,2,2,95" ten="350,350,350,0" oya="0" hai0="111,104,110,103,97,43,126,80,88,122,130,114,127" hai1="135,119,112,105,33,89,60,74,120,106,38,42,71" hai2="131,36,34,90,96,81,113,47,62,68,35,75,125" hai3=""/><T61/><N who="0" m="31264" /><T51/><D114/><U100/><N who="1" m="30752" /><U66/><E119/><V117/><F113/><T1/><D1/><U102/><E33/><V55/><F125/><N who="0" m="47626" /><D61/><U123/><N who="1" m="31520" /><U0/><E112/><V121/><N who="2" m="31008" /><V57/><F131/><T134/><D134/><U44/><E0/><V54/><F117/><T48/><D130/><U128/><E128/><V78/><F68/><T58/><D58/><U133/><E74/><V101/><F90/><T69/><D69/><U108/><E108/><N who="0" m="41513" /><D43/><U63/><E63/><V129/><F129/><T70/><D70/><U73/><E73/><V98/><F54/><T3/><D3/><U86/><E135/><V93/><F35/><T52/><D52/><U40/><E133/><V67/><F34/><T82/><D82/><U109/><E109/><V77/><F81/><T83/><D83/><U76/><E42/><V79/><F75/><T72/><D72/><U2/><E2/><V92/><F55/><T118/><D118/><U132/><E132/><V124/><F124/><T116/><D116/><U91/><E71/><V53/><F53/><T50/><D50/><U94/><E60/><V41/><F62/><T115/><D115/><U37/><E40/><V59/><F67/><RYUUKYOKU ba="0,0" sc="350,10,350,-20,350,10,0,0" hai0="48,51,80,88,97,103,104" hai2="36,41,47,57,59,77,78,79,92,93,96,98,101" /><INIT seed="0,1,0,1,5,109" ten="360,330,360,0" oya="0" hai0="44,92,65,120,39,131,103,101,40,82,77,106,99" hai1="74,128,84,63,73,118,129,85,79,108,94,97,107" hai2="89,51,81,62,78,53,121,57,68,119,123,105,88" hai3=""/><T3/><N who="0" m="30752" /><T83/><D3/><U93/><E63/><V67/><N who="2" m="31008" /><V49/><F49/><T42/><D131/><N who="1" m="50251" /><E118/><V48/><N who="2" m="31520" /><V61/><F119/><T115/><D115/><U86/><E108/><V58/><F105/><T59/><D42/><U71/><E71/><V41/><F41/><T91/><D106/><U56/><E56/><V47/><F51/><T110/><D82/><U126/><E126/><V46/><F58/><T0/><D0/><U52/><E52/><V66/><REACH who="2" step="1"/><F47/><REACH who="2" ten="360,330,350,0" step="2"/><T1/><D1/><U102/><E79/><V127/><F127/><T116/><D116/><U124/><E124/><V90/><F90/><T134/><D44/><U95/><AGARI ba="1,1" hai="73,74,84,85,86,93,94,95,97,102,107" m="50251" machi="95" ten="40,3900,0" yaku="19,1,34,2" doraHai="109" who="1" fromWho="1" sc="360,-27,330,51,350,-14,0,0" /><INIT seed="1,0,0,5,5,86" ten="333,381,336,0" oya="1" hai0="45,95,120,37,83,127,59,115,81,82,34,101,55" hai1="123,74,104,62,106,87,98,47,90,75,78,1,42" hai2="124,114,111,133,67,72,118,91,85,110,130,50,48" hai3=""/><U57/><N who="1" m="31520" /><U103/><E1/><V105/><F72/><T107/><N who="0" m="30752" /><T32/><D115/><U88/><E104/><V121/><N who="2" m="31008" /><V109/><F105/><T113/><D113/><U61/><E61/><V97/><F114/><T3/><D3/><U65/><E78/><V100/><F118/><T44/><D127/><U46/><E46/><V122/><N who="2" m="31264" /><V68/><F124/><T53/><D53/><U58/><E58/><V84/><F130/><T69/><D69/><U43/><E43/><V38/><F38/><T0/><D37/><U54/><E54/><V49/><F133/><T2/><D107/><U79/><E79/><V56/><F68/><T63/><D0/><U117/><E117/><V99/><F100/><T41/><D41/><U112/><E112/><V52/><F67/><T60/><D2/><U35/><E35/><V129/><F129/><T80/><D32/><U33/><E33/><V116/><F116/><T119/><D119/><U70/><E70/><V134/><F134/><T93/><D34/><U77/><E77/><V125/><F125/><T126/><D126/><U92/><E90/><V94/><F97/><T51/><N who="0" m="20480" /><DORA hai="40" /><T64/><D64/><U71/><E71/><V66/><F66/><RYUUKYOKU ba="0,0" sc="333,-20,381,10,336,10,0,0" hai1="42,47,57,62,65,74,75,87,88,92,98,103,106" hai2="48,49,50,52,56,84,85,91,94,99,109,110,111" /><INIT seed="1,1,0,4,0,52" ten="313,391,346,0" oya="1" hai0="67,75,50,53,37,79,89,47,73,117,32,123,55" hai1="33,0,100,119,129,42,77,83,93,135,92,69,81" hai2="108,103,133,85,98,82,113,125,128,80,115,109,116" hai3=""/><U91/><E33/><V76/><F116/><T86/><N who="0" m="31520" /><T74/><D32/><U68/><E0/><V61/><F128/><T90/><D117/><U95/><E119/><V101/><F82/><T106/><D106/><U36/><E100/><V64/><F125/><T66/><D37/><U122/><N who="1" m="31264" /><U104/><E104/><V121/><N who="2" m="31008" /><V41/><F41/><T97/><D55/><U105/><E105/><V71/><F133/><T65/><D97/><U38/><E129/><V120/><N who="2" m="30752" /><V46/><F46/><T44/><D44/><U118/><E118/><V48/><F48/><T111/><D111/><N who="2" m="42570" /><F101/><T34/><D34/><U1/><E1/><V126/><F126/><T94/><REACH who="0" step="1"/><D89/><REACH who="0" ten="303,391,346,0" step="2"/><U96/><E96/><V88/><F103/><T39/><D39/><U110/><E110/><V78/><F98/><T70/><D70/><U58/><E69/><V114/><AGARI ba="1,1" hai="61,64,71,76,78,80,85,88,113,114,115" m="42570,30752,31008" machi="114" ten="40,6000,1" yaku="11,1,14,1,52,2,54,1" doraHai="52" who="2" fromWho="2" sc="303,-21,391,-41,346,72,0,0" /><INIT seed="2,0,0,2,0,112" ten="282,350,418,0" oya="2" hai0="104,100,86,97,73,117,79,78,41,50,111,63,3" hai1="126,71,46,32,67,124,80,122,133,64,114,101,135" hai2="60,72,69,49,36,37,125,38,35,39,74,81,44" hai3=""/><V48/><F35/><T56/><D3/><U66/><N who="1" m="31264" /><U85/><E32/><V68/><F125/><N who="1" m="48233" /><E114/><V84/><F48/><T91/><D111/><U42/><E101/><V89/><N who="2" m="9728" /><DORA hai="75" /><V103/><F103/><T95/><D117/><U47/><E71/><V123/><N who="2" m="31520" /><V129/><F129/><T57/><D73/><U53/><E53/><V55/><REACH who="2" step="1"/><F68/><REACH who="2" ten="282,350,408,0" step="2"/><T61/><D50/><U132/><E42/><V52/><F52/><T77/><REACH who="0" step="1"/><D41/><REACH who="0" ten="272,350,408,0" step="2"/><U59/><E59/><AGARI ba="0,2" hai="56,57,59,61,63,77,78,79,86,91,95,97,100,104" machi="59" ten="40,12000,2" yaku="1,1,2,1,52,3,53,1" doraHai="112,75" doraHaiUra="87,76" who="0" fromWho="1" sc="272,140,350,-120,408,0,0,0" /><INIT seed="4,0,0,5,4,84" ten="412,230,408,0" oya="0" hai0="38,74,130,99,133,79,98,105,111,96,66,80,61" hai1="50,3,135,116,48,51,57,114,42,85,41,132,109" hai2="49,83,108,123,119,46,2,63,131,117,37,58,122" hai3=""/><T39/><D130/><U94/><E3/><V115/><N who="2" m="31264" /><V54/><N who="2" m="31520" /><V89/><F2/><T104/><D133/><N who="1" m="51275" /><E109/><V60/><F115/><T82/><D111/><U125/><E116/><N who="2" m="44619" /><F108/><T87/><D105/><U124/><E114/><V65/><F131/><T1/><D104/><U62/><E94/><V53/><F83/><T121/><N who="0" m="31008" /><T110/><D1/><U134/><N who="1" m="51283" /><U127/><DORA hai="126" /><E85/><V55/><F89/><T129/><D129/><U33/><E33/><V32/><F32/><T90/><REACH who="0" step="1"/><D110/><REACH who="0" ten="402,230,408,0" step="2"/><U72/><E72/><V113/><F113/><T118/><D118/><U112/><E112/><V59/><F37/><T97/><N who="0" m="24576" /><DORA hai="128" /><T67/><D67/><AGARI ba="0,1" hai="41,42,48,50,51,57,62,67,124,125,127" m="51283" machi="67" ten="50,16000,3" yaku="18,1,20,1,34,2,52,4" doraHai="84,126,128" who="1" fromWho="0" sc="402,-160,230,170,408,0,0,0" /><AGARI ba="0,0" hai="46,49,53,54,55,58,59,60,63,65,67" m="44619,31520,31264" machi="67" ten="30,8000,1" yaku="12,1,34,2,52,2" doraHai="84,126,128" who="2" fromWho="0" sc="242,-80,400,0,408,80,0,0" /><INIT seed="5,0,0,4,4,90" ten="162,400,488,0" oya="1" hai0="54,0,128,73,104,100,124,72,126,111,115,34,68" hai1="44,35,67,3,57,50,112,60,113,95,120,62,89" hai2="96,88,63,55,53,41,132,33,71,121,37,94,48" hai3=""/><U47/><N who="1" m="30752" /><U61/><E35/><V101/><N who="2" m="31008" /><V58/><F33/><T43/><D54/><U110/><E3/><V133/><F71/><T76/><D43/><U91/><E110/><V64/><F37/><T106/><D100/><U103/><E103/><V69/><F41/><T105/><D76/><U87/><E44/><V98/><REACH who="2" step="1"/><F55/><REACH who="2" ten="162,400,478,0" step="2"/><T118/><D124/><U127/><E127/><V130/><F130/><T36/><D105/><AGARI ba="0,1" hai="48,53,58,63,64,69,88,94,96,98,101,105,132,133" m="31008" machi="105" ten="40,8000,1" yaku="1,1,52,2,54,1,53,0" doraHai="90" doraHaiUra="122" who="2" fromWho="0" sc="162,-80,400,0,478,90,0,0" /><INIT seed="6,0,0,0,3,101" ten="82,400,568,0" oya="2" hai0="56,85,114,88,73,127,103,3,134,84,64,59,32" hai1="42,102,131,68,43,133,107,79,124,135,128,70,129" hai2="45,46,83,80,1,57,51,112,53,67,81,55,47" hai3=""/><V125/><F1/><T48/><D48/><U120/><BYE who="0" /><N who="1" m="30752" /><U66/><E79/><V89/><F112/><T111/><D111/><U105/><E102/><V109/><F125/><T97/><D97/><U91/><E91/><V99/><F109/><T34/><D34/><U116/><E116/><V62/><F99/><T36/><D36/><U115/><E66/><V63/><F89/><T2/><D2/><U126/><E115/><V54/><F63/><T93/><D93/><U71/><E42/><AGARI ba="0,0" hai="42,45,46,47,51,53,54,55,57,62,67,80,81,83" machi="42" ten="40,2000,0" yaku="8,1" doraHai="101" who="2" fromWho="1" sc="82,0,400,-20,568,20,0,0" owari="82,-52.0,380,-2.0,588,54.0,0,0.0" /></mjloggm>