<mjloggm ver="2.3"><GO type="185" lobby="0"/><UN n0="%44%75%73%6B" n1="%41%74%72%69%61" n2="%E3%81%B7%E3%82%8A%E3%81%B7%E3%82%8A%EF%BC%92%EF%BC%90%EF%BC%90%EF%BC%91" n3="" dan="16,16,16,0" rate="2162.23,2207.17,2167.42,1500.00" sx="M,F,M,C"/><TAIKYOKU oya="0"/><INIT seed="0,0,0,0,0,54" ten="350,350,350,0" oya="0" hai0="104,35,74,92,34,86,40,109,131,83,61,78,126" hai1="82,76,108,111,69,93,116,53,123,55,112,60,51" hai2="67,98,97,65,44,101,114,73,72,37,77,106,120" hai3=""/><T80/><D104/><U81/><N who="1" m="31520" /><U41/><E116/><V122/><N who="2" m="30752" /><V2/><N who="2" m="31264" /><V118/><F2/><T121/><N who="0" m="31008" /><T113/><D113/><U79/><E93/><V84/><F114/><T66/><D131/><U75/><E112/><V68/><F118/><T58/><D126/><U94/><E94/><V50/><F37/><T105/><D105/><U90/><E90/><V107/><F84/><T49/><D109/><N who="1" m="42059" /><E41/><V46/><F77/><T117/><D117/><U1/><E1/><V38/><F101/><T110/><D92/><U135/><E135/><V52/><F107/><T133/><D133/><U130/><E130/><V39/><F106/><T63/><D110/><U64/><E51/><V71/><F50/><T48/><D49/><U43/><E43/><V3/><F3/><T85/><D74/><AGARI ba="0,0" hai="53,55,60,64,69,74,75,76,79,81,82" m="42059,31520" machi="74" ten="30,2000,0" yaku="14,1,52,1" doraHai="54" who="1" fromWho="0" sc="350,-20,350,20,350,0,0,0" /><INIT seed="1,0,0,0,0,76" ten="330,370,350,0" oya="1" hai0="58,99,70,95,62,65,79,39,50,103,102,78,75" hai1="94,119,74,66,3,105,81,125,55,72,114,84,35" hai2="44,91,73,133,100,32,43,48,61,56,59,122,71" hai3=""/><U36/><E35/><V85/><N who="2" m="31264" /><V45/><F32/><T120/><N who="0" m="30752" /><T128/><D39/><U111/><E3/><V40/><F73/><T104/><D128/><U64/><E36/><V123/><N who="2" m="31520" /><V92/><F133/><T118/><D118/><U53/><E105/><V135/><F100/><T52/><D75/><U0/><E0/><V97/><F135/><T93/><REACH who="0" step="1"/><D104/><REACH who="0" ten="320,370,350,0" step="2"/><U83/><E119/><V116/><F116/><T68/><D68/><U112/><E125/><V67/><REACH who="2" step="1"/><F97/><AGARI ba="0,1" hai="50,52,58,62,65,70,78,79,93,95,97,99,102,103" m="30752" machi="97" ten="40,8000,1" yaku="1,1,9,1,52,1,54,1,53,0" doraHai="76" doraHaiUra="113" who="0" fromWho="2" sc="320,90,370,0,350,-80,0,0" /><INIT seed="2,0,0,2,0,62" ten="410,370,270,0" oya="2" hai0="120,41,97,110,90,54,105,74,134,73,53,111,65" hai1="52,89,127,112,78,101,75,91,94,131,72,113,82" hai2="93,119,81,109,83,126,128,117,122,55,114,103,133" hai3=""/><V85/><N who="2" m="31264" /><V88/><F114/><T95/><N who="0" m="30752" /><T57/><D134/><U32/><E32/><V121/><N who="2" m="31008" /><V38/><F38/><T46/><D105/><U36/><E36/><V56/><F133/><T42/><D54/><U106/><E127/><V45/><F126/><T100/><D100/><U108/><E108/><N who="0" m="41513" /><D65/><U58/><E131/><V44/><F109/><T104/><D104/><U98/><E75/><N who="0" m="28681" /><D46/><U34/><E34/><V3/><F3/><T102/><D102/><U116/><E116/><V118/><F128/><T99/><D99/><U79/><E79/><V49/><REACH who="2" step="1"/><F81/><REACH who="2" ten="410,370,260,0" step="2"/><T60/><AGARI ba="0,1" hai="41,42,53,57,60,90,95,97" m="28681,41513,30752" machi="60" ten="30,1500,0" yaku="14,1,52,1" doraHai="62" who="0" fromWho="0" sc="410,25,370,-5,260,-10,0,0" /><INIT seed="4,0,0,1,3,96" ten="435,365,250,0" oya="0" hai0="114,69,87,53,122,121,112,111,55,1,95,86,42" hai1="32,80,127,66,70,67,108,84,45,98,77,113,99" hai2="89,38,57,75,68,123,48,91,105,94,56,106,54" hai3=""/><T110/><N who="0" m="31008" /><T85/><N who="0" m="31264" /><T62/><D42/><U109/><E32/><V117/><N who="2" m="31520" /><V129/><F68/><T92/><D1/><U133/><E133/><V71/><F71/><T33/><D33/><U124/><E45/><V81/><F38/><T118/><D69/><U116/><E116/><V3/><F3/><T125/><D125/><N who="1" m="48203" /><E113/><N who="0" m="43625" /><D118/><U104/><E98/><V43/><F117/><T59/><D55/><U100/><E70/><V51/><F129/><T130/><D130/><U74/><E74/><V37/><F75/><T135/><D135/><U50/><E50/><V115/><F115/><T93/><AGARI ba="0,0" hai="53,59,62,85,86,87,92,93,95,110,111" m="43625,31264,31008" machi="93" ten="40,5200,0" yaku="15,1,52,2" doraHai="96" who="0" fromWho="0" sc="435,52,365,-26,250,-26,0,0" /><INIT seed="4,1,0,4,2,104" ten="487,339,224,0" oya="0" hai0="98,57,62,74,51,95,93,72,47,48,69,42,97" hai1="112,131,106,101,99,1,44,109,54,123,114,73,68" hai2="102,90,133,36,56,85,0,120,61,75,100,108,43" hai3=""/><T135/><D69/><U105/><N who="1" m="31520" /><U59/><E109/><V76/><N who="2" m="30752" /><V37/><F0/><T129/><D129/><U67/><E1/><V78/><F133/><T50/><D135/><U121/><N who="1" m="31008" /><U60/><E131/><V110/><F43/><T49/><D93/><U40/><E105/><V130/><F130/><T96/><REACH who="0" step="1"/><D95/><REACH who="0" ten="477,339,224,0" step="2"/><U116/><E116/><V82/><F110/><T58/><D58/><U134/><E134/><V35/><F108/><T125/><D125/><U117/><E117/><V113/><F56/><T126/><D126/><U122/><N who="1" m="31264" /><U2/><E2/><V39/><F35/><T111/><D111/><U32/><E32/><V83/><F113/><T63/><D63/><U41/><E114/><V66/><F61/><T124/><D124/><U38/><E112/><V79/><F83/><T118/><D118/><U132/><E132/><V103/><F82/><T33/><D33/><U86/><E68/><V87/><F36/><T127/><D127/><U3/><E3/><V80/><F37/><T64/><AGARI ba="1,1" hai="42,47,48,49,50,51,57,62,64,72,74,96,97,98" machi="64" ten="30,7800,0" yaku="1,1,0,1,52,2,53,0" doraHai="104" doraHaiUra="77" who="0" fromWho="0" sc="477,90,339,-40,224,-40,0,0" /><INIT seed="4,2,0,2,3,72" ten="567,299,184,0" oya="0" hai0="96,0,112,130,34,71,42,56,59,121,64,93,51" hai1="88,37,90,69,135,107,80,52,78,32,38,124,1" hai2="68,132,62,65,131,99,85,58,44,63,53,114,55" hai3=""/><T106/><N who="0" m="31008" /><T102/><D34/><U127/><E32/><V36/><F132/><T118/><D118/><U108/><E108/><V41/><F99/><T87/><D0/><U66/><E107/><V86/><F86/><T117/><D117/><U84/><E1/><V83/><F131/><T134/><D134/><U95/><E135/><V115/><F83/><T50/><D130/><U113/><E113/><N who="2" m="43019" /><F85/><T79/><D112/><U120/><N who="1" m="30752" /><U45/><E66/><AGARI ba="2,0" hai="36,41,44,53,55,58,62,63,65,66,68" m="43019" machi="66" ten="30,3900,0" yaku="15,1,34,2" doraHai="72" who="2" fromWho="1" sc="567,0,299,-43,184,43,0,0" /><INIT seed="5,0,0,5,1,53" ten="567,256,227,0" oya="1" hai0="63,45,58,125,68,106,108,66,95,36,109,127,91" hai1="62,51,71,135,57,38,76,99,107,88,121,90,0" hai2="46,124,98,40,87,39,3,72,49,78,2,130,86" hai3=""/><U33/><N who="1" m="31008" /><U84/><E33/><V77/><F130/><T116/><D106/><U32/><E32/><V67/><F124/><N who="0" m="47690" /><D68/><U55/><E0/><V56/><F98/><T59/><D116/><U92/><E38/><V102/><F102/><T126/><D126/><U35/><E35/><V122/><N who="2" m="31264" /><V115/><F115/><T117/><D117/><U103/><E135/><V118/><F118/><T60/><D45/><U50/><E71/><V97/><F97/><T105/><D105/><U83/><REACH who="1" step="1"/><E90/><REACH who="1" ten="567,246,227,0" step="2"/><V94/><F39/><T96/><D36/><U65/><E65/><AGARI ba="0,1" hai="58,59,60,63,65,66,91,95,96,108,109" m="47690" machi="65" ten="30,3900,0" yaku="18,1,52,2" doraHai="53" who="0" fromWho="1" sc="567,49,246,-39,227,0,0,0" /><INIT seed="6,0,0,5,2,76" ten="616,207,227,0" oya="2" hai0="106,34,41,72,96,94,66,0,102,36,67,65,63" hai1="82,59,32,95,70,2,124,54,44,126,71,103,92" hai2="121,131,75,118,50,43,99,125,109,101,132,74,78" hai3=""/><V79/><N who="2" m="31008" /><V134/><F118/><T46/><D0/><U91/><E2/><V119/><F119/><T104/><D72/><N who="2" m="27690" /><F50/><T1/><D1/><U135/><E32/><V77/><F43/><T86/><D34/><U3/><E3/><V81/><F131/><T85/><D63/><U108/><E108/><V100/><F125/><N who="1" m="48233" /><E135/><N who="2" m="51755" /><F109/><T130/><D130/><U45/><E103/><N who="2" m="39499" /><F99/><T84/><AGARI ba="0,0" hai="36,41,46,65,66,67,84,85,86,94,96,102,104,106" machi="84" ten="30,800,0" yaku="0,1" doraHai="76" who="0" fromWho="0" sc="616,8,207,-3,227,-5,0,0" owari="624,58.0,204,-40.0,222,-18.0,0,0.0" /></mjloggm>