<mjloggm ver="2.3"><GO type="185" lobby="0"/><UN n0="%E9%BE%8D%E5%B9%B3" n1="%E6%A8%BD%E3%81%AA%E3%81%AE%E5%A3%8A%E3%81%95%E3%81%AA%E3%81%84%E3%81%A7" n2="%E3%82%B3%E3%82%B3%E3%82%A2%E3%81%AF%E4%BF%BA%E3%81%AE%E5%AB%81" n3="" dan="16,16,17,0" rate="2177.87,2190.62,2232.35,1500.00" sx="M,M,F,C"/><TAIKYOKU oya="0"/><INIT seed="0,0,0,1,2,79" ten="350,350,350,0" oya="0" hai0="82,57,84,134,101,81,115,73,133,44,76,117,135" hai1="119,70,59,92,100,2,116,61,130,97,34,72,77" hai2="86,64,35,60,85,102,103,67,38,56,48,78,132" hai3=""/><T108/><D117/><U33/><E2/><V121/><N who="2" m="31008" /><V46/><F35/><T98/><D115/><U90/><E130/><V93/><F38/><T105/><D57/><U114/><E114/><V43/><F132/><T88/><D44/><U129/><E129/><V118/><F118/><T122/><REACH who="0" step="1"/><D108/><REACH who="0" ten="340,350,350,0" step="2"/><U45/><E119/><V99/><F78/><T40/><D40/><U71/><E116/><V53/><REACH who="2" step="1"/><F103/><REACH who="2" ten="340,350,340,0" step="2"/><T49/><D49/><U54/><E100/><V74/><F74/><T51/><D51/><U42/><E77/><V75/><F75/><T123/><AGARI ba="0,2" hai="73,76,81,82,84,88,98,101,105,122,123,133,134,135" machi="123" ten="40,16000,3" yaku="1,1,0,1,20,1,34,3,52,2,54,1,53,0" doraHai="79" doraHaiUra="127" who="0" fromWho="0" sc="340,180,350,-80,340,-80,0,0" /><INIT seed="0,1,0,3,0,108" ten="520,270,260,0" oya="0" hai0="71,134,113,85,45,77,82,97,105,57,112,63,120" hai1="98,36,76,73,114,103,38,118,129,66,106,94,55" hai2="53,101,87,46,78,96,72,92,121,75,34,52,89" hai3=""/><T83/><N who="0" m="30752" /><T1/><D1/><U2/><E2/><V117/><N who="2" m="31008" /><V37/><F34/><T80/><D71/><U43/><E118/><V68/><F68/><T132/><D45/><U127/><E127/><V56/><F117/><T123/><N who="0" m="31520" /><T81/><D57/><U33/><E33/><V99/><F99/><T40/><D40/><U59/><E66/><V124/><F124/><T119/><D63/><U109/><E109/><V69/><F69/><T116/><D116/><U0/><E0/><V131/><F131/><T74/><D119/><U126/><E126/><V41/><F78/><T100/><D74/><U111/><E111/><V50/><REACH who="2" step="1"/><F53/><REACH who="2" ten="520,270,250,0" step="2"/><T44/><D44/><U70/><E70/><V64/><F64/><T61/><D61/><U54/><E54/><V79/><F79/><T93/><D105/><AGARI ba="1,1" hai="37,41,46,50,52,56,72,75,87,89,92,96,101,105" m="31008" machi="105" ten="30,7700,0" yaku="1,1,7,1,52,1,54,1,53,0" doraHai="108" doraHaiUra="58" who="2" fromWho="0" sc="520,-79,270,0,250,89,0,0" /><INIT seed="1,0,0,3,3,131" ten="441,270,339,0" oya="1" hai0="105,100,36,39,119,59,88,132,117,58,42,84,34" hai1="70,81,47,33,79,97,45,120,104,93,53,124,114" hai2="133,130,68,60,76,73,106,52,46,67,112,125,85" hai3=""/><U108/><N who="1" m="30752" /><U0/><E0/><V69/><F130/><T77/><D34/><U118/><E33/><V92/><F106/><T126/><D77/><U123/><N who="1" m="31520" /><U128/><E114/><V94/><F112/><T95/><D126/><U129/><E118/><N who="0" m="45065" /><D42/><U3/><E3/><V82/><F125/><T63/><D59/><U41/><E124/><V75/><F133/><T91/><D132/><U121/><N who="1" m="31008" /><U2/><E2/><V89/><F69/><T32/><D32/><U113/><E113/><V78/><F78/><T115/><D115/><U61/><E104/><V134/><F134/><T135/><D135/><U37/><E108/><V35/><F35/><T43/><D43/><U48/><E61/><V107/><F107/><T1/><D1/><U56/><E56/><V99/><F76/><T44/><D44/><U55/><E55/><V65/><F46/><T127/><D127/><U49/><E70/><V80/><F52/><T66/><D91/><U40/><E53/><V83/><REACH who="2" step="1"/><F65/><REACH who="2" ten="441,270,329,0" step="2"/><T71/><D71/><U101/><REACH who="1" step="1"/><E49/><REACH who="1" ten="441,260,329,0" step="2"/><V116/><F116/><T62/><D62/><U102/><E102/><AGARI ba="0,2" hai="60,67,68,73,75,80,82,83,85,89,92,94,99,102" machi="102" ten="40,1300,0" yaku="1,1,53,0" doraHai="131" doraHaiUra="51" who="2" fromWho="1" sc="441,0,260,-13,329,33,0,0" /><INIT seed="2,0,0,3,5,51" ten="441,247,362,0" oya="2" hai0="41,90,63,71,98,93,62,42,78,2,55,126,92" hai1="109,105,111,132,52,57,69,67,84,60,81,59,54" hai2="46,124,82,58,130,65,121,53,95,83,34,106,76" hai3=""/><V101/><N who="2" m="31008" /><V110/><F34/><T85/><D126/><U1/><E1/><V75/><F124/><T73/><D2/><U68/><E105/><V37/><F130/><T64/><D73/><U104/><E104/><V50/><F110/><N who="1" m="41993" /><E132/><V33/><F33/><T113/><D113/><U38/><E38/><V36/><F106/><T96/><D78/><U118/><E118/><V114/><F114/><T86/><D42/><U122/><N who="1" m="31264" /><U40/><E40/><V70/><F83/><T91/><D41/><U56/><E69/><V44/><F95/><T66/><D71/><U94/><E94/><V99/><F99/><T72/><D72/><U115/><E115/><V32/><F32/><T125/><D125/><U48/><E48/><V123/><N who="2" m="31520" /><V120/><N who="2" m="30752" /><V117/><F117/><T39/><D39/><U127/><E127/><V47/><REACH who="2" step="1"/><F101/><REACH who="2" ten="441,247,352,0" step="2"/><T80/><D80/><U45/><E45/><V49/><F49/><T119/><D119/><U134/><E134/><V129/><F129/><T102/><D102/><U3/><E3/><V88/><F88/><AGARI ba="0,1" hai="52,54,56,57,59,60,67,68,81,84,88" m="31264,41993" machi="88" ten="30,12000,2" yaku="14,1,52,3,54,2" doraHai="51" who="1" fromWho="2" sc="441,0,247,130,352,-120,0,0" /><INIT seed="4,0,0,5,5,73" ten="441,377,232,0" oya="0" hai0="3,95,81,131,132,32,124,94,54,35,84,105,112" hai1="70,111,130,50,75,116,101,45,40,39,123,46,79" hai2="119,106,51,65,117,76,121,99,108,97,125,92,113" hai3=""/><T67/><D3/><U60/><N who="1" m="31520" /><U89/><E116/><N who="2" m="44619" /><F108/><T47/><D105/><U42/><E111/><V1/><N who="2" m="31008" /><V135/><F1/><T78/><D131/><U83/><E130/><V59/><F135/><T107/><D132/><U122/><N who="1" m="31264" /><U96/><E89/><V49/><F113/><T90/><D107/><U126/><E126/><V104/><F125/><T82/><D112/><U57/><E70/><V63/><F76/><T133/><D133/><U44/><E44/><V72/><F72/><T85/><D67/><U134/><E134/><V62/><F62/><T102/><D124/><U69/><E69/><V38/><F38/><T36/><D102/><U52/><E101/><V100/><F106/><T103/><D103/><AGARI ba="0,0" hai="49,51,59,63,65,92,97,99,100,103,104" m="31008,44619" machi="103" ten="30,2000,0" yaku="12,1,52,1" doraHai="73" who="2" fromWho="0" sc="441,-20,377,0,232,20,0,0" /><INIT seed="5,0,0,4,5,76" ten="421,377,252,0" oya="1" hai0="105,90,102,1,77,112,33,74,95,82,103,79,118" hai1="69,49,91,0,43,35,87,42,115,125,84,75,32" hai2="80,85,47,67,131,100,36,39,93,104,135,106,109" hai3=""/><U50/><E0/><V54/><F109/><T81/><D33/><U3/><E3/><V116/><F116/><T62/><D1/><U126/><E69/><V110/><F110/><T88/><D112/><U134/><E75/><V71/><F135/><T119/><D62/><U65/><E65/><V120/><N who="2" m="30752" /><V94/><F131/><T107/><D95/><U111/><E111/><V92/><F67/><T52/><D52/><U53/><E53/><V99/><F71/><T37/><D37/><U68/><E68/><V57/><F106/><T45/><D45/><U98/><E98/><V58/><F47/><T78/><D78/><U56/><E56/><V51/><REACH who="2" step="1"/><F58/><REACH who="2" ten="421,377,242,0" step="2"/><T128/><D74/><U127/><E127/><V124/><F124/><T117/><D117/><U2/><E2/><V72/><F72/><T63/><D128/><U89/><E134/><V73/><F73/><T38/><D119/><U130/><E130/><V108/><F108/><T122/><D118/><U114/><AGARI ba="0,1" hai="32,35,42,43,49,50,84,87,89,91,114,115,125,126" machi="114" ten="25,3200,0" yaku="0,1,22,2" doraHai="76" who="1" fromWho="1" sc="421,-16,377,42,242,-16,0,0" /><INIT seed="5,1,0,1,3,64" ten="405,419,226,0" oya="1" hai0="106,53,116,32,130,43,77,84,35,51,105,89,124" hai1="104,48,45,73,33,42,39,44,59,90,107,34,110" hai2="56,68,132,103,76,78,2,100,98,80,50,120,87" hai3=""/><U128/><E110/><V81/><N who="2" m="30752" /><V109/><F2/><T93/><D116/><U47/><E128/><V70/><F109/><T69/><D69/><U134/><E134/><V108/><F108/><T117/><D117/><U121/><N who="1" m="31008" /><U46/><E73/><V57/><F132/><T55/><D130/><U92/><E59/><V95/><F50/><T54/><D124/><U94/><E94/><V86/><F95/><T72/><D72/><U112/><E112/><V41/><F41/><T66/><D66/><U97/><REACH who="1" step="1"/><E39/><REACH who="1" ten="405,409,226,0" step="2"/><V58/><F58/><T133/><D133/><U74/><E74/><V1/><F1/><T3/><D3/><U60/><E60/><V49/><F49/><T101/><D93/><U113/><E113/><V129/><REACH who="2" step="1"/><F98/><REACH who="2" ten="405,409,216,0" step="2"/><T131/><D131/><AGARI ba="1,2" hai="56,57,68,70,76,78,80,81,86,87,100,103,129,131" m="30752" machi="131" ten="25,16000,3" yaku="1,1,2,1,22,2,52,3,53,1" doraHai="64" doraHaiUra="118" who="2" fromWho="0" sc="405,-162,409,0,216,182,0,0" /><INIT seed="6,0,0,0,2,126" ten="243,409,398,0" oya="2" hai0="83,132,32,72,34,1,46,45,102,113,120,109,110" hai1="37,79,130,63,131,68,43,53,96,99,121,86,51" hai2="42,67,93,44,41,57,81,35,33,125,56,89,50" hai3=""/><V69/><F125/><T97/><N who="0" m="30752" /><T2/><D132/><U100/><N who="1" m="31008" /><U48/><E37/><V3/><F3/><T60/><D113/><U54/><E43/><V94/><F42/><T87/><D72/><U52/><E79/><V58/><F81/><T47/><D60/><U64/><E86/><V74/><F74/><T75/><D75/><U84/><E84/><V101/><F101/><T36/><D36/><U114/><E114/><V123/><N who="2" m="31520" /><V39/><F94/><T105/><D1/><U77/><E77/><V40/><F69/><T95/><D2/><U66/><E66/><V117/><F117/><T134/><D134/><U61/><E61/><V38/><F67/><T62/><D62/><U133/><E133/><V135/><F135/><T118/><D118/><U127/><E127/><V112/><F112/><T82/><D105/><U71/><E71/><V116/><F116/><T128/><D128/><N who="1" m="49195" /><E99/><V65/><F65/><T73/><D73/><U129/><N who="1" m="49203" /><U103/><DORA hai="124" /><E103/><V90/><F90/><T106/><D106/><AGARI ba="0,0" hai="48,51,52,53,54,63,64,68,96,100,106" m="49203,31008" machi="106" ten="40,24000,4" yaku="19,1,52,9,54,1" doraHai="126,124" who="1" fromWho="0" sc="243,-240,409,240,398,0,0,0" owari="3,-60.0,649,60.0,398,0.0,0,0.0" /></mjloggm>