<mjloggm ver="2.3"><GO type="169" lobby="0"/><UN n0="%6A%61%63%6F%62%69%33%35" n1="%42%72%42%61" n2="%E8%8B%B1%E5%9B%BD%E5%A3%B2%E5%8D%B4" n3="%67%61%79%75%6E%79" dan="16,16,18,16" rate="2034.16,2174.51,2243.82,2069.57" sx="M,M,M,M"/><TAIKYOKU oya="0"/><INIT seed="0,0,0,5,5,27" ten="250,250,250,250" oya="0" hai0="26,84,15,21,5,59,30,104,118,14,94,20,75" hai1="102,97,79,78,23,113,33,127,111,101,126,19,93" hai2="96,95,67,106,38,85,53,13,115,116,91,88,60" hai3="22,65,36,61,56,2,0,42,132,37,4,1,121"/><T55/><D104/><U9/><E33/><V8/><F115/><W41/><G121/><T49/><D75/><U119/><E119/><V109/><F109/><W99/><G132/><T81/><D118/><U114/><E111/><V110/><F110/><W62/><G4/><T16/><D94/><U108/><E9/><V11/><F38/><W7/><G7/><T69/><D69/><U6/><E6/><V129/><F129/><W39/><G22/><T125/><D125/><N who="1" m="47627" /><E23/><V54/><F116/><W32/><G32/><T92/><D92/><U50/><E50/><V47/><F47/><W72/><G72/><T73/><D73/><U34/><E19/><V82/><F106/><W31/><G99/><T98/><D98/><N who="1" m="59599" /><E34/><V64/><F64/><W134/><G134/><T90/><D5/><U105/><E108/><V43/><F43/><W100/><G100/><T24/><AGARI ba="0,0" hai="14,15,16,20,21,24,26,30,49,55,59,81,84,90" machi="24" ten="20,12000,1" yaku="0,1,7,1,8,1,52,1,54,1" doraHai="27" who="0" fromWho="0" sc="250,120,250,-40,250,-40,250,-40" /><INIT seed="0,1,0,4,2,105" ten="370,210,210,210" oya="0" hai0="13,65,62,96,25,10,31,131,50,85,61,11,0" hai1="127,111,20,45,75,40,28,74,68,7,120,30,1" hai2="77,122,100,101,4,95,14,56,5,47,123,52,121" hai3="29,124,79,72,64,59,43,18,53,94,78,97,35"/><T129/><D0/><U93/><E120/><V48/><F77/><W38/><G64/><T119/><D119/><U8/><E111/><V55/><F95/><W91/><G124/><T103/><D50/><U27/><E127/><V73/><F73/><W125/><G125/><T2/><D2/><U88/><E68/><V17/><F100/><W81/><G79/><T112/><D85/><U39/><REACH who="1" step="1"/><E30/><REACH who="1" ten="370,200,210,210" step="2"/><V115/><F115/><W130/><G29/><T99/><D31/><U82/><E82/><V102/><F102/><W133/><G81/><T33/><D103/><U86/><AGARI ba="1,1" hai="1,7,8,20,27,28,39,40,45,74,75,86,88,93" machi="86" ten="20,12000,2" yaku="1,1,0,1,7,1,52,2,54,1,53,0" doraHai="105" doraHaiUra="76" who="1" fromWho="1" sc="370,-61,200,133,210,-31,210,-31" /><INIT seed="1,0,0,3,5,32" ten="309,333,179,179" oya="1" hai0="118,110,4,13,26,7,43,15,132,88,64,47,111" hai1="82,101,125,71,57,102,73,24,20,97,21,14,41" hai2="67,80,121,25,18,99,126,50,66,129,87,28,44" hai3="70,42,1,16,78,112,29,8,63,10,48,85,122"/><U46/><E125/><V5/><F121/><W109/><G122/><T114/><D114/><U128/><E71/><V83/><F126/><W60/><G112/><T39/><D132/><U52/><E128/><V58/><F129/><W61/><G70/><T27/><D64/><U0/><E73/><V100/><F5/><N who="0" m="2122" /><D118/><U3/><E82/><V31/><F18/><W36/><G36/><T103/><D103/><U96/><E14/><N who="0" m="5129" /><D88/><U106/><E21/><V69/><F69/><W90/><G78/><T127/><D127/><U95/><E46/><V51/><F58/><W108/><G29/><N who="2" m="11337" /><F25/><W119/><G119/><T124/><D124/><U9/><E9/><V74/><F74/><W34/><G10/><T12/><D12/><U11/><E11/><V54/><F51/><W38/><G8/><T59/><D59/><U134/><E134/><V131/><F131/><W49/><G48/><T40/><D40/><U117/><E41/><V81/><F87/><W89/><G49/><T56/><D56/><U84/><E84/><V79/><F79/><W33/><G85/><T76/><D76/><U72/><E72/><V93/><AGARI ba="0,0" hai="44,50,54,66,67,80,81,83,93,99,100" m="11337" machi="93" ten="30,1100,0" yaku="8,1" doraHai="32" who="2" fromWho="2" sc="309,-3,333,-5,179,11,179,-3" /><INIT seed="2,0,0,2,5,83" ten="306,328,190,176" oya="2" hai0="122,53,64,102,58,128,78,22,50,68,94,38,19" hai1="72,7,16,113,41,35,132,57,70,131,76,107,29" hai2="27,4,92,23,98,55,84,135,106,95,56,127,90" hai3="43,17,3,134,121,28,93,119,11,62,125,120,45"/><V63/><F127/><W66/><G119/><T32/><D32/><U108/><E113/><V47/><F135/><W115/><G125/><T100/><D122/><U75/><E132/><V103/><F4/><W54/><G134/><T1/><D1/><U124/><E124/><V21/><F106/><W40/><G115/><T112/><D128/><U48/><E131/><V80/><F47/><W13/><G3/><T79/><D38/><U59/><E108/><V110/><F110/><W9/><G28/><T44/><D68/><U123/><E123/><V81/><REACH who="2" step="1"/><F23/><REACH who="2" ten="306,328,180,176" step="2"/><W51/><G121/><T117/><D112/><U69/><E7/><V86/><F86/><W91/><G120/><T61/><D117/><U99/><E107/><V20/><F20/><W24/><G45/><T42/><D42/><U26/><E41/><V5/><F5/><W14/><G43/><T130/><D130/><U109/><E109/><V96/><F96/><W129/><G40/><T82/><D22/><U6/><E99/><V88/><F88/><W126/><G91/><T71/><D44/><U30/><E6/><V34/><F34/><W65/><G126/><T46/><D46/><U36/><E35/><V133/><F133/><W118/><G118/><T105/><D105/><U116/><E116/><V73/><F73/><W0/><G129/><T12/><D102/><U2/><E75/><V67/><F67/><W114/><G65/><T111/><D111/><U60/><E72/><V49/><F49/><W33/><G51/><T15/><D50/><U8/><E48/><V25/><F25/><W101/><G66/><RYUUKYOKU ba="0,1" sc="306,-10,328,-10,180,30,176,-10" hai2="21,27,55,56,63,80,81,84,90,92,95,98,103" /><INIT seed="2,1,1,1,0,23" ten="296,318,210,166" oya="2" hai0="69,114,82,33,111,48,19,76,46,47,20,72,27" hai1="85,32,62,17,63,54,129,104,50,99,120,31,51" hai2="64,96,67,4,36,81,13,25,113,40,5,79,39" hai3="14,112,93,84,122,88,7,73,110,21,86,116,102"/><V134/><F113/><W28/><G122/><T135/><D69/><U119/><E119/><V74/><F134/><W43/><G116/><T127/><D135/><U34/><E120/><V65/><F40/><W66/><G73/><T8/><D33/><U15/><E129/><V18/><F96/><W6/><G110/><T83/><D111/><U100/><E85/><V68/><F68/><W71/><G112/><T59/><D127/><U115/><E115/><V70/><F70/><W52/><G43/><T60/><D82/><U38/><E38/><V56/><F56/><W132/><G132/><T105/><D105/><U75/><E75/><V22/><REACH who="2" step="1"/><F13/><REACH who="2" ten="296,318,200,166" step="2"/><W3/><G14/><T126/><D114/><U41/><E15/><V98/><F98/><W10/><G71/><T57/><D57/><U108/><E41/><V0/><F0/><W45/><G3/><T131/><D47/><U117/><E99/><V42/><F42/><W49/><G45/><T107/><D46/><U87/><E108/><V106/><F106/><W128/><G128/><T77/><D107/><U26/><E104/><V130/><F130/><W95/><G86/><T103/><D131/><U91/><E87/><V80/><F80/><W58/><G84/><T37/><D83/><U44/><E44/><V1/><F1/><W29/><G58/><T12/><D59/><U121/><E117/><V53/><F53/><W118/><G52/><T125/><D12/><U24/><E54/><V123/><F123/><W55/><G118/><T101/><D37/><AGARI ba="1,2" hai="4,5,18,22,25,36,37,39,64,65,67,74,79,81" machi="37" ten="40,3900,0" yaku="1,1,52,1,53,0" doraHai="23" doraHaiUra="89" who="2" fromWho="0" sc="296,-42,318,0,200,62,166,0" /><INIT seed="2,2,0,2,0,130" ten="254,318,262,166" oya="2" hai0="65,131,72,121,44,0,93,76,11,117,14,32,134" hai1="88,52,108,61,42,33,74,95,132,109,125,51,71" hai2="7,53,87,6,83,110,5,45,79,1,69,12,4" hai3="56,23,68,60,116,31,19,41,35,84,25,107,34"/><V18/><F69/><W122/><G122/><T58/><D131/><U67/><E125/><V106/><F106/><W126/><G116/><T119/><D121/><U73/><E33/><V17/><F110/><N who="1" m="42601" /><E132/><V8/><F1/><W102/><G126/><T30/><D134/><U55/><E42/><V29/><F29/><W94/><G41/><T10/><D44/><N who="1" m="27751" /><E55/><V64/><F64/><W46/><G46/><T28/><D65/><U3/><E3/><V21/><F21/><W104/><G68/><T26/><D58/><U123/><E123/><V13/><F13/><W135/><G35/><T100/><D0/><U16/><E16/><V22/><F22/><W118/><G19/><T81/><D28/><U47/><E47/><V115/><F115/><W15/><G15/><T101/><D11/><U27/><E27/><V124/><F124/><W9/><G34/><T90/><D117/><U50/><E50/><AGARI ba="2,0" hai="4,5,6,7,8,12,17,18,45,50,53,79,83,87" machi="50" ten="40,2000,0" yaku="8,1" doraHai="130" who="2" fromWho="1" sc="254,0,318,-26,262,26,166,0" /><INIT seed="2,3,0,5,1,45" ten="254,292,288,166" oya="2" hai0="126,28,112,71,122,82,36,54,97,115,113,61,83" hai1="42,73,96,34,20,7,27,72,3,43,68,120,64" hai2="77,65,15,35,114,107,62,8,74,53,49,55,31" hai3="116,21,69,95,10,124,101,111,80,76,32,0,104"/><V125/><F114/><W117/><G21/><T108/><D122/><U18/><E120/><V16/><F125/><W130/><G10/><T60/><D126/><U132/><E132/><V67/><F107/><W59/><G59/><N who="0" m="34935" /><D97/><U19/><E34/><V39/><F39/><W46/><G46/><T131/><D83/><U52/><E96/><V84/><F74/><W100/><G95/><T92/><D92/><U106/><E106/><V26/><F55/><W13/><G80/><T40/><D82/><U102/><E102/><V110/><F110/><W133/><G76/><T6/><D28/><U38/><E19/><V94/><F62/><W51/><G100/><T23/><D23/><U98/><E98/><V58/><REACH who="2" step="1"/><F77/><REACH who="2" ten="254,292,278,166" step="2"/><W63/><G63/><T99/><D108/><U91/><E73/><V12/><F12/><W25/><G13/><T121/><D61/><U11/><E72/><V89/><AGARI ba="3,1" hai="8,15,16,26,31,35,49,53,58,65,67,84,89,94" machi="89" ten="30,12000,1" yaku="1,1,0,1,52,1,54,1,53,1" doraHai="45" doraHaiUra="22" who="2" fromWho="2" sc="254,-43,292,-43,278,139,166,-43" /><INIT seed="2,4,0,4,5,91" ten="211,249,417,123" oya="2" hai0="63,27,62,77,17,29,21,123,70,106,90,58,42" hai1="121,56,20,68,53,109,45,89,115,19,86,117,26" hai2="36,37,131,71,47,32,35,9,84,8,98,38,7" hai3="114,113,12,51,79,40,25,74,43,34,55,18,4"/><V135/><F71/><W95/><G4/><T134/><D123/><U28/><E115/><N who="3" m="44042" /><G79/><T97/><D134/><U0/><E109/><V30/><F135/><W46/><G74/><T119/><D119/><U14/><E117/><V57/><F131/><W5/><G5/><T132/><D132/><U120/><E68/><V122/><F122/><W22/><G95/><T6/><D42/><N who="3" m="15913" /><G34/><T112/><D77/><U69/><E69/><V50/><F84/><W48/><G48/><T41/><D6/><U65/><E0/><V111/><F30/><W128/><G128/><T107/><D107/><U33/><E121/><V80/><F80/><W104/><G104/><T10/><D106/><U94/><E120/><V61/><F98/><W124/><G124/><T81/><D81/><U102/><E102/><V103/><F103/><W126/><G126/><T24/><D97/><U76/><E76/><V78/><F78/><W11/><G11/><T73/><D10/><U127/><E127/><V1/><F9/><W2/><G2/><T3/><D3/><U92/><E33/><V99/><F99/><W88/><G88/><T66/><D90/><N who="1" m="53335" /><E28/><V60/><F35/><W118/><G118/><T54/><D73/><U52/><E14/><AGARI ba="4,0" hai="12,14,18,22,25,46,51,55" m="15913,44042" machi="14" ten="30,1000,0" yaku="11,1" doraHai="91" who="3" fromWho="1" sc="211,0,249,-22,417,0,123,22" /><INIT seed="3,0,0,1,1,96" ten="211,227,417,145" oya="3" hai0="81,47,45,55,88,62,98,93,27,74,9,46,3" hai1="56,121,10,130,101,33,111,89,123,11,109,133,110" hai2="95,61,79,24,23,75,92,100,86,26,128,84,106" hai3="4,17,53,118,35,20,68,131,50,94,29,65,129"/><W43/><G118/><T72/><D27/><U2/><E56/><V90/><F128/><N who="3" m="49227" /><G43/><T44/><D81/><U41/><E41/><V37/><F37/><W15/><G4/><T114/><D114/><U107/><E130/><V7/><F7/><W115/><G115/><T104/><D3/><U28/><E89/><V25/><F75/><W108/><G108/><T34/><D34/><U126/><E126/><V8/><F8/><N who="1" m="3113" /><E2/><V38/><F38/><W12/><G12/><T67/><D9/><U80/><E80/><V64/><F106/><W99/><G65/><T60/><D104/><U125/><E125/><V134/><F134/><W22/><G68/><T71/><REACH who="0" step="1"/><D62/><REACH who="0" ten="201,227,417,145" step="2"/><U48/><E133/><V57/><F79/><W39/><G35/><T21/><D21/><U63/><E63/><V112/><F112/><W113/><G113/><T6/><D6/><U42/><E33/><V82/><F82/><W102/><G22/><T83/><D83/><U66/><E28/><V124/><F124/><W87/><G29/><T116/><D116/><U78/><E78/><V76/><F76/><W16/><G17/><T54/><D54/><U18/><E18/><V77/><F77/><W36/><G87/><T30/><D30/><U127/><E127/><V5/><F5/><W52/><G53/><T97/><D97/><N who="1" m="61871" /><E66/><V13/><F13/><W19/><G19/><T119/><D119/><U85/><E85/><N who="2" m="52303" /><F23/><W59/><AGARI ba="0,1" hai="15,16,20,36,39,50,52,59,94,99,102" m="49227" machi="59" ten="30,11700,0" yaku="19,1,52,1,54,2" doraHai="96" who="3" fromWho="3" sc="201,-39,227,-39,417,-39,145,127" /><INIT seed="3,1,0,3,0,95" ten="162,188,378,272" oya="3" hai0="118,44,68,97,78,100,114,36,124,109,126,20,106" hai1="54,111,81,58,101,25,110,135,93,37,130,28,72" hai2="52,132,99,128,45,88,66,55,71,46,105,43,31" hai3="120,35,96,133,79,16,117,85,65,59,3,14,24"/><W69/><G120/><T70/><D20/><U108/><E135/><V34/><F128/><W53/><G3/><T67/><D109/><U32/><E130/><V26/><F132/><W77/><G117/><T73/><D118/><U56/><E37/><V22/><F22/><W18/><G133/><T80/><D114/><U87/><E72/><V82/><F82/><W115/><G115/><T74/><D74/><U90/><REACH who="1" step="1"/><E54/><REACH who="1" ten="162,178,378,272" step="2"/><V29/><F52/><W40/><G53/><T103/><D67/><U17/><E17/><V8/><F55/><W47/><G16/><T49/><D49/><U39/><E39/><V116/><F46/><W86/><G18/><T131/><D131/><U113/><E113/><V98/><F45/><W62/><G47/><T23/><D23/><U92/><E92/><V5/><F66/><W83/><G65/><T21/><D21/><U9/><E9/><V27/><F8/><W13/><G35/><T112/><D112/><U42/><E42/><V38/><F43/><W60/><G40/><N who="0" m="22535" /><D103/><U19/><E19/><V91/><F38/><W104/><G104/><T125/><AGARI ba="1,1" hai="68,70,73,78,80,97,100,106,124,125,126" m="22535" machi="125" ten="30,4000,0" yaku="18,1,23,1,52,1" doraHai="95" who="0" fromWho="0" sc="162,53,178,-11,378,-11,272,-21" /><INIT seed="4,0,0,5,4,34" ten="215,167,367,251" oya="0" hai0="119,42,56,39,54,44,51,94,107,41,6,59,70" hai1="16,21,36,95,60,109,8,45,31,69,37,121,13" hai2="97,122,48,73,23,61,14,117,116,113,92,1,11" hai3="18,124,0,9,93,20,55,135,133,89,111,67,105"/><T68/><D107/><U32/><E109/><V62/><F113/><W131/><G105/><T90/><D119/><N who="2" m="45642" /><F73/><W128/><G111/><T52/><D6/><U86/><E121/><V43/><F1/><W104/><G104/><T83/><D83/><U100/><E32/><V82/><F23/><W78/><G78/><T15/><D15/><U33/><E33/><V30/><F82/><W101/><G101/><T25/><D25/><U130/><E130/><N who="3" m="49706" /><G67/><T118/><D118/><U49/><E31/><V106/><F30/><W5/><G55/><T7/><D7/><U84/><E21/><V57/><F122/><W102/><G102/><T71/><D94/><U98/><E37/><V125/><F125/><W123/><G123/><T129/><D90/><U76/><E36/><V81/><F81/><W53/><G53/><T114/><D114/><U58/><E69/><V46/><F57/><N who="0" m="22090" /><D129/><U99/><E99/><V132/><F132/><N who="3" m="50763" /><G89/><T126/><D126/><U134/><E76/><V27/><F27/><N who="3" m="14743" /><G93/><T91/><D91/><U110/><E110/><V80/><F80/><W64/><G64/><T108/><D108/><U66/><REACH who="1" step="1"/><E134/><REACH who="1" ten="215,157,367,251" step="2"/><V75/><F97/><W2/><G124/><T40/><D54/><AGARI ba="0,1" hai="8,13,16,45,49,54,58,60,66,84,86,95,98,100" machi="54" ten="30,8000,1" yaku="1,1,2,1,7,1,8,1,54,1,53,0" doraHai="34" doraHaiUra="28" who="1" fromWho="0" sc="215,-80,157,90,367,0,251,0" /><INIT seed="5,0,0,4,1,55" ten="135,247,367,251" oya="1" hai0="31,134,102,32,28,99,72,112,62,66,10,75,23" hai1="103,78,57,44,132,88,104,1,121,69,80,127,60" hai2="9,34,4,97,36,29,15,59,37,83,109,20,129" hai3="24,12,14,26,100,53,98,42,18,33,111,113,51"/><U89/><E121/><V95/><F109/><W50/><G111/><T133/><D112/><U119/><E119/><V84/><F129/><W73/><G73/><T81/><D10/><U6/><E132/><N who="0" m="50793" /><D23/><U41/><E127/><V110/><F110/><W124/><G124/><T76/><D32/><U16/><E69/><V54/><F34/><W131/><G131/><T45/><D45/><U61/><E1/><V101/><F29/><W77/><G77/><T90/><D90/><N who="1" m="34923" /><E104/><V49/><F20/><W128/><G33/><T91/><D91/><AGARI ba="0,0" hai="4,9,15,36,37,49,54,59,83,84,91,95,97,101" machi="91" ten="30,2000,0" yaku="7,1,52,1" doraHai="55" who="2" fromWho="0" sc="135,-20,247,0,367,20,251,0" /><INIT seed="6,0,0,1,1,104" ten="115,247,387,251" oya="2" hai0="124,73,79,120,85,12,87,1,36,5,66,134,114" hai1="19,125,20,133,127,100,108,7,84,62,86,16,74" hai2="72,53,105,3,17,88,44,111,47,128,96,4,64" hai3="32,8,70,109,131,129,91,81,78,80,28,13,14"/><V112/><F112/><W82/><G70/><T42/><D85/><U60/><E108/><V89/><F72/><W97/><G109/><T45/><D87/><N who="1" m="33323" /><E133/><V0/><F111/><W113/><G113/><T107/><D12/><U37/><E37/><V54/><F128/><W135/><G135/><T102/><D66/><U99/><E7/><V48/><F64/><W27/><G91/><T9/><D134/><U46/><E46/><V92/><F105/><W126/><G97/><T123/><D124/><N who="1" m="47691" /><E74/><V58/><F4/><W52/><G126/><T18/><D18/><N who="1" m="6699" /><E20/><V77/><F77/><W24/><G78/><T2/><D2/><U6/><E6/><V38/><F38/><W57/><G131/><T115/><D115/><U110/><E110/><V11/><F89/><W55/><G82/><T106/><D114/><U10/><E10/><V40/><F40/><W130/><G8/><T117/><D117/><U39/><E39/><V35/><F47/><W65/><G65/><T132/><D132/><U25/><E25/><V94/><F94/><AGARI ba="0,0" hai="60,62,94,99,100" m="6699,47691,33323" machi="94" ten="30,2000,0" yaku="18,1,54,1" doraHai="104" who="1" fromWho="2" sc="115,0,247,20,387,-20,251,0" /><INIT seed="7,0,0,5,1,23" ten="115,267,367,251" oya="3" hai0="80,29,55,128,126,5,87,134,52,61,20,53,42" hai1="47,66,60,121,94,10,106,124,135,103,63,40,65" hai2="18,119,101,112,7,15,56,68,32,111,105,125,4" hai3="1,2,76,59,54,24,102,90,96,67,113,107,114"/><W110/><G110/><T86/><D126/><U132/><E121/><V46/><F56/><W35/><G67/><N who="1" m="25610" /><E106/><V11/><F46/><W91/><G76/><T22/><D134/><N who="1" m="51243" /><E10/><V123/><F18/><W36/><G36/><T39/><D128/><U33/><E33/><V97/><F15/><W74/><G74/><T45/><D5/><U70/><E124/><V129/><F11/><W89/><G35/><T37/><D61/><N who="1" m="23627" /><E94/><V95/><F95/><W117/><G117/><T118/><D118/><U98/><E98/><V92/><F92/><W69/><G69/><T109/><D109/><U9/><E9/><V120/><F97/><W14/><G14/><T127/><D127/><U115/><E103/><V77/><F101/><W34/><G59/><T44/><D29/><U0/><E0/><V83/><F7/><W72/><G72/><T99/><D99/><U75/><E75/><V93/><F4/><W16/><G54/><T26/><D55/><U25/><E25/><V6/><F6/><W58/><G58/><T41/><D80/><U27/><E27/><AGARI ba="0,0" hai="20,22,26,27,37,39,41,42,44,45,52,53,86,87" machi="27" ten="25,8000,1" yaku="22,2,52,2,54,1" doraHai="23" who="0" fromWho="1" sc="115,80,267,-80,367,0,251,0" owari="195,-20.0,187,-31.0,367,46.0,251,5.0" /></mjloggm>