<mjloggm ver="2.3"><GO type="225" lobby="0"/><UN n0="%E3%83%AD%E3%83%9C%E3%82%B3%E3%83%97" n1="%E8%A8%88%E7%AE%97%E6%A9%9F%E8%87%AA%E7%84%B6" n2="%E3%83%98%E3%82%AF%E3%82%B5%E3%83%BC" n3="%E3%83%8A%E3%83%99%E3%83%AA%E3%83%B3" dan="16,18,16,16" rate="2102.74,2277.57,2129.74,2109.01" sx="M,M,M,M"/><TAIKYOKU oya="0"/><INIT seed="0,0,0,4,4,113" ten="250,250,250,250" oya="0" hai0="114,128,111,34,57,40,21,16,45,19,46,52,68" hai1="28,108,85,9,4,44,11,69,26,124,22,55,75" hai2="102,17,105,103,54,0,84,49,7,89,29,100,107" hai3="15,38,67,14,64,118,35,25,106,33,53,92,65"/><T78/><D114/><U96/><E75/><V119/><F119/><W18/><G106/><T6/><D68/><U135/><E69/><V50/><F29/><W39/><G92/><T60/><D34/><U126/><E108/><V98/><F7/><W32/><G53/><T97/><D111/><U43/><E135/><V58/><F0/><W30/><G118/><T79/><D128/><U130/><E130/><V13/><F50/><W127/><G127/><N who="1" m="48682" /><E55/><V134/><F134/><W116/><G116/><T62/><D6/><U121/><E121/><V104/><F98/><W23/><REACH who="3" step="1"/><G14/><REACH who="3" ten="250,250,250,240" step="2"/><T81/><D81/><U131/><E131/><V47/><F105/><W61/><G61/><T24/><D62/><U31/><E96/><V27/><F104/><W87/><G87/><T72/><D72/><U77/><E85/><V41/><F107/><W109/><G109/><T112/><D112/><U93/><E93/><V59/><F13/><W86/><G86/><T117/><D117/><U63/><E63/><V56/><F54/><W42/><G42/><T123/><D123/><U94/><E94/><N who="2" m="54567" /><F100/><W80/><G80/><T51/><D97/><U10/><E4/><V99/><F99/><W2/><G2/><T8/><D46/><U101/><E101/><V90/><F103/><W91/><G91/><T88/><D88/><U70/><E44/><V5/><F102/><W95/><G95/><T132/><D132/><U66/><E43/><V120/><F90/><W48/><G48/><T122/><D122/><U71/><E77/><V20/><F120/><W115/><G115/><T1/><D1/><RYUUKYOKU ba="0,1" sc="250,10,250,-30,250,10,240,10" hai0="8,16,19,21,24,40,45,51,52,57,60,78,79" hai2="5,17,20,27,41,47,49,56,58,59" hai3="15,18,23,25,30,32,33,35,38,39,64,65,67" /><INIT seed="0,1,1,0,1,17" ten="260,220,260,250" oya="0" hai0="109,77,32,45,124,24,30,113,110,7,133,128,63" hai1="115,103,44,79,90,73,87,0,49,98,2,46,129" hai2="89,94,10,84,80,16,132,125,15,29,81,93,59" hai3="25,86,65,35,23,62,67,19,56,3,41,97,54"/><T47/><D113/><U21/><E115/><V76/><F125/><W68/><G3/><T20/><D124/><U33/><E33/><V18/><F132/><W53/><G35/><T64/><D133/><U71/><E71/><V111/><F111/><N who="0" m="42506" /><D128/><U134/><E134/><V6/><F29/><W91/><G41/><T58/><D77/><U37/><E129/><V117/><F117/><W1/><G1/><T42/><D7/><U114/><E114/><V48/><F81/><W50/><G97/><T116/><D116/><U12/><E37/><V36/><F36/><W121/><G121/><T14/><D42/><U82/><E44/><N who="0" m="16969" /><D14/><U11/><E73/><V108/><F108/><W85/><G85/><T104/><D104/><U95/><E79/><V52/><F94/><W34/><G34/><AGARI ba="1,1" hai="20,24,30,32,34,58,63,64" m="16969,42506" machi="34" ten="30,5800,0" yaku="14,1,10,1,52,1" doraHai="17" who="0" fromWho="3" sc="260,71,220,0,260,0,250,-61" /><INIT seed="0,2,0,2,3,75" ten="331,220,260,189" oya="0" hai0="48,100,81,84,114,1,88,115,124,93,80,117,49" hai1="31,111,33,126,95,39,113,36,125,66,123,92,46" hai2="94,30,60,127,62,25,135,116,104,10,26,98,8" hai3="47,110,112,97,32,105,132,108,20,99,5,43,103"/><T41/><D117/><U79/><E123/><V90/><F127/><N who="1" m="48649" /><E111/><N who="3" m="42538" /><G112/><T106/><D124/><U53/><E113/><V131/><F131/><W14/><G32/><T109/><D1/><U87/><E66/><V89/><F135/><W57/><G132/><T2/><D2/><U35/><E53/><V51/><F104/><W37/><G57/><T28/><D109/><U19/><E19/><V56/><F62/><W24/><G99/><T16/><D28/><U29/><E29/><V119/><F60/><W120/><G120/><T107/><D115/><U59/><E59/><V15/><F56/><W4/><G14/><T64/><D114/><U45/><E45/><V18/><F15/><W121/><G121/><T21/><D64/><U85/><E31/><AGARI ba="2,0" hai="4,5,20,24,31,37,43,47,97,103,105" m="42538" machi="31" ten="30,1000,0" yaku="14,1" doraHai="75" who="3" fromWho="1" sc="331,0,220,-16,260,0,189,16" /><INIT seed="1,0,0,2,1,39" ten="331,204,260,205" oya="1" hai0="5,64,61,125,47,65,112,13,34,24,121,49,67" hai1="79,115,90,4,114,44,133,55,86,2,124,73,129" hai2="52,32,135,128,99,9,50,18,110,17,105,57,27" hai3="66,31,130,113,16,69,14,51,72,97,122,48,118"/><U26/><E124/><V126/><F110/><W41/><G122/><T58/><D112/><U85/><E133/><V100/><F128/><W117/><G113/><T94/><D121/><U38/><E129/><V131/><F131/><W11/><G130/><T40/><D125/><U111/><E111/><V21/><F126/><W74/><G31/><T35/><D94/><N who="1" m="54607" /><E86/><V59/><F32/><W15/><G97/><T102/><D102/><U10/><E55/><V91/><F135/><W3/><G3/><T36/><D24/><U42/><E26/><V37/><F37/><W45/><G51/><T23/><D35/><U46/><E46/><V25/><F91/><W116/><REACH who="3" step="1"/><G14/><REACH who="3" ten="331,204,260,195" step="2"/><T71/><D13/><U103/><E103/><V108/><F108/><W30/><G30/><T78/><D49/><U0/><E0/><V96/><F96/><W98/><G98/><T120/><D120/><U87/><E87/><V109/><F109/><W101/><G101/><T81/><D36/><U19/><E19/><V1/><F1/><W6/><G6/><T8/><D5/><U127/><E127/><V53/><F99/><W107/><G107/><T84/><D34/><U22/><E22/><N who="2" m="13519" /><F100/><W89/><G89/><T92/><D23/><U80/><AGARI ba="0,1" hai="2,4,10,38,42,44,73,79,80,114,115" m="54607" machi="80" ten="30,3000,0" yaku="25,1,52,1" doraHai="39" who="1" fromWho="1" sc="331,-10,204,40,260,-10,195,-10" /><INIT seed="1,1,0,4,3,22" ten="321,244,250,185" oya="1" hai0="49,8,52,68,51,61,62,38,15,89,47,13,133" hai1="118,16,23,72,12,56,7,30,77,33,103,0,45" hai2="74,96,3,115,75,108,65,2,17,135,64,4,102" hai3="31,1,26,120,29,21,37,34,106,126,41,11,35"/><U100/><E118/><V127/><F108/><W117/><G106/><T91/><D38/><U18/><E56/><V88/><F127/><W109/><G37/><T101/><D133/><U104/><E104/><V28/><F135/><W97/><G97/><T84/><D101/><U116/><E116/><V99/><F115/><W113/><G41/><T40/><D68/><U10/><E45/><V50/><F28/><W79/><G79/><T67/><D67/><U82/><E18/><V32/><F32/><W19/><G117/><T134/><D134/><U76/><E76/><V132/><F132/><W55/><G55/><T25/><D25/><AGARI ba="1,0" hai="0,7,10,12,16,23,25,30,33,72,77,82,100,103" machi="25" ten="40,12000,1" yaku="24,2,52,1,54,1" doraHai="22" who="1" fromWho="0" sc="321,-123,244,123,250,0,185,0" /><INIT seed="1,2,0,1,2,108" ten="198,367,250,185" oya="1" hai0="65,129,45,26,132,19,13,34,125,21,33,85,73" hai1="109,58,6,61,60,57,70,103,133,53,128,86,117" hai2="87,105,2,116,15,78,12,98,0,16,88,47,114" hai3="134,39,94,50,18,130,10,14,7,55,80,31,100"/><U63/><E117/><V64/><F116/><W112/><G112/><T17/><D73/><U43/><E128/><V59/><F12/><W8/><G130/><T23/><D129/><U101/><E133/><V54/><F47/><W113/><G113/><T127/><D132/><U77/><E109/><V44/><F44/><W93/><G134/><T102/><D65/><U104/><E43/><V22/><F78/><W27/><G39/><T41/><D102/><U76/><E70/><V110/><F64/><W120/><G120/><T9/><D85/><U24/><E6/><V42/><F42/><W96/><G80/><T3/><D45/><U124/><E124/><N who="0" m="47689" /><D41/><U25/><E104/><V56/><F110/><W69/><G69/><T66/><D66/><U123/><E123/><V67/><F114/><W81/><G81/><T122/><D122/><U92/><E86/><V1/><F67/><W48/><G94/><T90/><D90/><U135/><E135/><V111/><F111/><W99/><G96/><T119/><D119/><U49/><E57/><V131/><F131/><W62/><G62/><T72/><D72/><U121/><E121/><V97/><F56/><W71/><G55/><T40/><D40/><U11/><E77/><V83/><REACH who="2" step="1"/><F105/><REACH who="2" ten="198,367,240,185" step="2"/><W4/><G71/><T5/><AGARI ba="2,1" hai="3,5,9,13,17,19,21,23,26,33,34" m="47689" machi="5" ten="30,4000,0" yaku="18,1,34,2" doraHai="108" who="0" fromWho="0" sc="198,56,367,-22,240,-12,185,-12" /><INIT seed="2,0,0,3,4,68" ten="254,345,228,173" oya="2" hai0="93,12,25,131,40,97,49,60,63,62,126,65,70" hai1="48,59,111,15,130,114,116,99,94,120,110,22,31" hai2="21,113,86,119,66,57,109,29,42,118,69,43,7" hai3="79,56,73,45,105,33,13,106,0,91,37,35,44"/><V47/><F113/><W121/><G121/><T132/><D131/><U39/><E114/><V133/><F133/><W16/><G0/><T2/><D2/><U28/><E116/><V17/><F109/><N who="1" m="41481" /><E39/><V71/><F29/><W89/><G56/><T87/><D132/><U115/><E130/><V78/><F57/><W30/><G73/><T32/><D126/><U67/><E120/><V10/><F118/><W41/><G79/><T36/><D87/><U74/><E74/><V108/><F108/><W127/><G45/><T6/><D36/><U88/><E115/><V72/><F119/><W76/><G76/><T100/><D6/><U14/><E48/><V46/><F47/><W128/><G127/><T92/><D12/><N who="1" m="4651" /><E22/><V1/><F42/><W117/><G128/><T134/><D40/><U50/><E50/><V24/><F72/><W96/><G117/><T61/><D49/><U19/><E19/><V124/><F124/><W129/><G129/><T20/><D32/><U18/><E18/><V98/><F43/><W9/><G35/><T75/><D75/><U4/><E4/><V64/><F46/><W90/><REACH who="3" step="1"/><G96/><REACH who="3" ten="254,345,228,163" step="2"/><T123/><D123/><U34/><E34/><V38/><F98/><W122/><G122/><T11/><D134/><U125/><E125/><V107/><F1/><W23/><G23/><T27/><D20/><U77/><E77/><V5/><F78/><W95/><G95/><T26/><D93/><U81/><E81/><V101/><F21/><W80/><G80/><T85/><D85/><U52/><E67/><N who="2" m="25643" /><F86/><W112/><G112/><T82/><D82/><RYUUKYOKU ba="0,1" sc="254,10,345,10,228,-30,163,10" hai0="11,25,26,27,60,61,62,63,65,70,92,97,100" hai1="28,31,52,59,88,94,99" hai3="9,13,16,30,33,37,41,44,89,90,91,105,106" /><INIT seed="3,1,1,4,5,105" ten="264,355,198,173" oya="3" hai0="99,69,101,4,20,91,97,127,126,36,98,8,124" hai1="21,86,68,133,75,100,39,89,71,40,33,60,42" hai2="104,74,67,82,132,47,94,45,32,123,15,107,37" hai3="85,114,17,84,110,28,12,25,70,3,66,1,87"/><W109/><G114/><T31/><D69/><U111/><E75/><V44/><F123/><W90/><G90/><T56/><D36/><U130/><E33/><V57/><F37/><W22/><G66/><T122/><D122/><U41/><E39/><V61/><F32/><W14/><G70/><T76/><D76/><U83/><E133/><V53/><F132/><W92/><G92/><T115/><D115/><U24/><E130/><V106/><F94/><W27/><G28/><T52/><D91/><U35/><E35/><V23/><F74/><W58/><G58/><T135/><D135/><U29/><E111/><N who="3" m="42506" /><G14/><T26/><D101/><U55/><E100/><V88/><F67/><W54/><G54/><T113/><D113/><U120/><E120/><V63/><F63/><W6/><G6/><T96/><N who="0" m="24576" /><DORA hai="119" /><T129/><D129/><U95/><E95/><V108/><F108/><W77/><G77/><T117/><D117/><U48/><E60/><V72/><F72/><W50/><G50/><T7/><D8/><U43/><N who="1" m="10240" /><DORA hai="2" /><U62/><E62/><AGARI ba="1,1" hai="4,7,20,26,31,52,56,62,124,126,127" m="24576" machi="62" ten="60,8000,1" yaku="18,1,52,2,54,1" doraHai="105,119,2" who="0" fromWho="1" sc="264,93,355,-83,198,0,173,0" owari="357,46.0,272,7.0,198,-20.0,173,-33.0" /></mjloggm>