<mjloggm ver="2.3"><GO type="169" lobby="0"/><UN n0="%E3%82%B7%E3%83%A3%E3%82%AD%E3%82%AA%E3%83%8B" n1="%62%6F%6F%6B%65%72%4B" n2="%E3%81%A1%E3%82%87%E3%82%8A%E3%81%8A" n3="%E7%AB%8B%E7%9B%B4%E5%BE%8C%E5%8D%B3%E6%94%BE%E9%8A%83" dan="16,16,18,16" rate="2173.76,2104.18,2210.48,2099.52" sx="M,M,M,F"/><TAIKYOKU oya="0"/><INIT seed="0,0,0,4,5,97" ten="250,250,250,250" oya="0" hai0="128,91,130,22,7,79,129,85,60,111,124,59,43" hai1="74,36,82,53,17,35,112,80,83,13,67,86,89" hai2="29,50,110,45,57,100,127,96,92,117,18,54,30" hai3="27,108,65,125,40,115,37,120,106,21,126,133,44"/><T28/><D124/><U19/><E36/><V33/><F110/><W73/><G115/><T39/><D111/><U90/><E35/><V10/><F127/><N who="3" m="48651" /><G108/><T122/><D122/><U4/><E67/><V94/><F117/><W93/><G133/><T76/><D7/><U78/><E112/><V131/><F131/><W119/><G119/><T98/><D98/><U70/><E70/><V24/><F92/><W31/><G106/><T56/><D56/><U20/><E19/><V3/><F3/><W41/><G41/><T51/><D51/><U49/><E4/><V14/><F30/><W52/><G65/><T48/><D48/><U88/><REACH who="1" step="1"/><E74/><REACH who="1" ten="250,240,250,250" step="2"/><V0/><REACH who="2" step="1"/><F0/><REACH who="2" ten="250,240,240,250" step="2"/><W113/><G113/><T104/><D28/><U72/><E72/><V1/><F1/><W71/><G73/><T99/><D129/><U77/><E77/><V87/><F87/><W23/><G31/><T102/><D79/><U135/><E135/><V69/><F69/><W103/><G71/><T62/><D76/><U9/><E9/><V118/><F118/><W61/><G120/><T5/><D130/><U114/><E114/><V63/><F63/><W2/><G61/><T15/><D62/><U11/><E11/><V32/><F32/><W55/><G2/><T68/><D68/><U107/><E107/><V26/><F26/><W134/><G134/><T84/><D84/><U81/><E81/><V123/><F123/><W42/><G21/><T38/><D128/><U8/><E8/><V34/><F34/><W101/><G23/><T116/><D116/><U121/><E121/><V6/><F6/><RYUUKYOKU ba="0,2" sc="250,-15,240,15,240,15,250,-15" hai1="13,17,20,49,53,78,80,82,83,86,88,89,90" hai2="10,14,18,24,29,33,45,50,54,57,94,96,100" /><INIT seed="1,1,2,0,3,84" ten="235,255,255,235" oya="1" hai0="62,68,77,116,122,51,91,50,40,3,70,111,7" hai1="81,90,93,25,118,1,114,126,128,44,100,132,92" hai2="33,42,49,13,22,113,9,34,23,27,46,37,60" hai3="95,32,31,36,45,105,101,48,69,66,63,15,4"/><U10/><E118/><V61/><F113/><W86/><G36/><T17/><D77/><U83/><E114/><V124/><F124/><W119/><G119/><T24/><D116/><U55/><E126/><V110/><F110/><W125/><G125/><T21/><D111/><U0/><E128/><V39/><F23/><W117/><G117/><T35/><D122/><U89/><E25/><V115/><F115/><W41/><G15/><T80/><D35/><U102/><E44/><V47/><F34/><W29/><G29/><T130/><D130/><U52/><REACH who="1" step="1"/><E10/><REACH who="1" ten="235,245,255,235" step="2"/><V98/><F46/><W112/><G112/><T76/><D24/><U72/><E72/><V131/><F131/><W5/><G45/><T135/><D135/><AGARI ba="1,3" hai="0,1,52,55,81,83,89,90,92,93,100,102,132,135" machi="135" ten="25,18000,2" yaku="1,1,22,2,52,2,54,1,53,0" doraHai="84" doraHaiUra="127" who="1" fromWho="0" sc="235,-183,245,213,255,0,235,0" /><INIT seed="1,2,0,3,1,131" ten="52,458,255,235" oya="1" hai0="118,63,128,79,77,104,37,22,15,124,3,65,52" hai1="64,68,60,88,95,82,35,51,32,107,80,19,81" hai2="116,117,126,36,113,69,33,55,41,130,56,10,43" hai3="132,61,100,84,58,25,45,34,129,57,29,0,93"/><U50/><E107/><V99/><F33/><W78/><G129/><T42/><D128/><U31/><E19/><V26/><F26/><W72/><G0/><T8/><D118/><U1/><E1/><V48/><F99/><W90/><G45/><T87/><D104/><U91/><E31/><V76/><F76/><W53/><G100/><T83/><D124/><U23/><E23/><V30/><F10/><W112/><G112/><T114/><D114/><U44/><E51/><V73/><F73/><W97/><G72/><T14/><D37/><U2/><E2/><V121/><F30/><W123/><G58/><N who="0" m="35271" /><D3/><U21/><E21/><V49/><F113/><W94/><G123/><T54/><D65/><U11/><E11/><V115/><F115/><W38/><G38/><T109/><D42/><N who="2" m="15882" /><F36/><W85/><G85/><T17/><D54/><U98/><REACH who="1" step="1"/><E91/><REACH who="1" ten="52,448,255,235" step="2"/><V103/><F117/><W12/><G29/><T122/><D122/><U7/><E7/><V67/><F121/><W4/><G4/><N who="0" m="3335" /><D109/><U18/><E18/><V16/><F16/><W108/><G108/><T66/><D66/><U47/><E47/><V27/><F116/><W96/><G34/><T125/><D125/><U70/><E70/><V135/><F126/><W89/><G57/><T62/><D62/><U28/><E28/><V24/><F69/><W39/><G61/><T101/><D101/><U71/><E71/><V86/><F103/><W20/><G20/><T102/><D102/><U13/><E13/><V9/><F67/><W120/><G12/><T5/><D5/><U134/><E134/><V6/><F135/><RYUUKYOKU ba="2,1" sc="52,15,448,15,255,-15,235,-15" hai0="15,17,22,77,79,83,87" hai1="32,35,44,50,60,64,68,80,81,82,88,95,98" /><INIT seed="1,3,1,5,4,124" ten="67,463,240,220" oya="1" hai0="123,25,74,55,37,44,26,127,121,69,27,113,65" hai1="58,42,119,31,33,129,45,75,107,77,111,110,57" hai2="59,46,135,47,128,122,93,83,90,49,71,72,13" hai3="112,43,134,130,115,15,50,41,66,51,102,89,88"/><U39/><E119/><V6/><F122/><N who="0" m="46602" /><D74/><U84/><E57/><V73/><F71/><W1/><G1/><T10/><D113/><U40/><E84/><V70/><F70/><W117/><G117/><T105/><D105/><U97/><E42/><V92/><F59/><W120/><G15/><T38/><D127/><U9/><E58/><V81/><F13/><W96/><G120/><T99/><D99/><U32/><E9/><V36/><F6/><W53/><G53/><T8/><D55/><U114/><E114/><N who="3" m="43562" /><G96/><T2/><D2/><U12/><E12/><V28/><F28/><W16/><G134/><T4/><D4/><U98/><E98/><V23/><F23/><W20/><G16/><T118/><D118/><U82/><E97/><V30/><F30/><W125/><G66/><T18/><D18/><U95/><E95/><V52/><F52/><W126/><BYE who="2" /><G20/><T80/><D80/><U76/><E107/><V94/><F94/><W133/><G102/><T131/><D131/><U64/><E129/><V101/><F101/><W61/><G61/><N who="0" m="40111" /><D44/><U108/><E76/><V116/><F116/><W56/><G130/><T85/><D85/><U103/><E103/><V14/><F14/><W67/><G133/><UN n2="%E3%81%A1%E3%82%87%E3%82%8A%E3%81%8A" /><T106/><D106/><U21/><E64/><V79/><F128/><W17/><G17/><T0/><D0/><U87/><REACH who="1" step="1"/><E75/><REACH who="1" ten="67,453,240,220" step="2"/><V24/><F135/><W78/><G126/><T35/><D35/><U54/><E54/><V11/><F73/><W5/><G125/><T132/><D132/><U91/><E91/><V104/><F104/><W48/><G89/><RYUUKYOKU ba="3,2" sc="67,15,453,15,240,-15,220,-15" hai0="8,10,25,26,27,37,38" hai1="21,31,32,33,39,40,45,77,82,87,108,110,111" /><INIT seed="1,4,2,1,0,55" ten="82,468,225,205" oya="1" hai0="4,33,60,68,40,122,88,6,133,96,87,9,117" hai1="82,110,2,120,132,20,73,63,89,124,93,112,44" hai2="19,85,3,104,59,80,7,99,79,64,98,35,126" hai3="16,27,94,131,62,14,56,48,75,69,103,18,130"/><U91/><E120/><V24/><F126/><W47/><G75/><T66/><D117/><U34/><E34/><V95/><F104/><W29/><G69/><T31/><D122/><U108/><E2/><V84/><F3/><W113/><G113/><T23/><D40/><U77/><E44/><V116/><F7/><W76/><G76/><T114/><D114/><U42/><E42/><V70/><F70/><W106/><G106/><T107/><D23/><U10/><E10/><V78/><F116/><W129/><G14/><T8/><D8/><U86/><E112/><V135/><F135/><W43/><G94/><T45/><D45/><U52/><E20/><V11/><F35/><N who="3" m="20927" /><G103/><N who="0" m="62951" /><D9/><U26/><E124/><V17/><F24/><W30/><G30/><T28/><D28/><U65/><E65/><AGARI ba="4,2" hai="16,18,43,47,48,56,62,65,129,130,131" m="20927" machi="65" ten="30,3900,0" yaku="19,1,52,1,54,1" doraHai="55" who="3" fromWho="1" sc="82,0,468,-51,225,0,205,71" /><INIT seed="2,0,0,3,4,41" ten="82,417,225,276" oya="2" hai0="42,47,76,112,119,93,92,103,29,39,73,31,116" hai1="35,14,49,1,30,48,75,128,37,89,46,53,11" hai2="28,66,17,59,125,68,16,129,84,52,45,111,21" hai3="36,77,110,67,4,70,78,57,43,124,6,22,23"/><V88/><F68/><W10/><G70/><T81/><D112/><U123/><E37/><V97/><F97/><W15/><G110/><T79/><D79/><U3/><E75/><V114/><F114/><W55/><G124/><T101/><D93/><U33/><E128/><V83/><F129/><W38/><G67/><T2/><D2/><U34/><E30/><V5/><F5/><W69/><G69/><T127/><D127/><U99/><E123/><V90/><F111/><W85/><G85/><T105/><D105/><U18/><E99/><V117/><F117/><W108/><G108/><T27/><D29/><U13/><E14/><V86/><F66/><W61/><G4/><T113/><D113/><U94/><E49/><N who="2" m="28719" /><F59/><W0/><G0/><T95/><D95/><U64/><E64/><V132/><F132/><W12/><G57/><T32/><REACH who="0" step="1"/><D92/><REACH who="0" ten="72,417,225,276" step="2"/><U134/><E134/><V8/><F125/><W74/><G78/><T106/><D106/><U54/><E1/><V100/><F100/><AGARI ba="0,1" hai="27,31,32,39,42,47,73,76,81,100,101,103,116,119" machi="100" ten="40,2600,0" yaku="1,1,52,1,53,0" doraHai="41" doraHaiUra="9" who="0" fromWho="2" sc="72,36,417,0,225,-26,276,0" /><INIT seed="3,0,0,5,3,130" ten="108,417,199,276" oya="3" hai0="53,44,30,4,35,69,22,9,49,13,45,66,43" hai1="24,114,40,117,92,26,2,47,37,94,85,23,77" hai2="46,76,1,72,8,3,126,123,106,105,68,84,27" hai3="103,16,12,97,110,112,81,90,57,62,19,82,120"/><W124/><G112/><T102/><D102/><U101/><E117/><V125/><F68/><W48/><G120/><T78/><D35/><U60/><E2/><V88/><F123/><W42/><G110/><T100/><D100/><U133/><E26/><V135/><F46/><N who="3" m="25687" /><G124/><N who="2" m="47721" /><F27/><W96/><G103/><T21/><D30/><U5/><E5/><N who="2" m="1071" /><F3/><W38/><G38/><T108/><D108/><U115/><E101/><V104/><F72/><W80/><G90/><T6/><D6/><U50/><E37/><V51/><F76/><W64/><G19/><T59/><D45/><U14/><E47/><V34/><F34/><W41/><G41/><T11/><D11/><AGARI ba="0,0" hai="11,12,16,57,62,64,80,81,82,96,97" m="25687" machi="11" ten="30,2900,0" yaku="8,1,54,1" doraHai="130" who="3" fromWho="0" sc="108,-29,417,0,199,0,276,29" /><INIT seed="3,1,0,5,0,7" ten="79,417,199,305" oya="3" hai0="21,70,110,113,63,33,122,61,38,66,103,89,81" hai1="64,29,48,92,96,126,99,100,11,105,97,15,59" hai2="2,53,111,40,114,39,28,101,121,119,22,55,26" hai3="130,128,44,19,36,49,90,51,78,73,94,43,30"/><W10/><G73/><T57/><D33/><U37/><E37/><V80/><F119/><W98/><G78/><T24/><D122/><U13/><E29/><V69/><F114/><W109/><G30/><T23/><D38/><U125/><E15/><V84/><F69/><W132/><G132/><T76/><D110/><U91/><E97/><V79/><F111/><W1/><G109/><T5/><D103/><U32/><E32/><V83/><F101/><W54/><G19/><T0/><D89/><U71/><E71/><V9/><F121/><W50/><REACH who="3" step="1"/><G54/><REACH who="3" ten="79,417,199,295" step="2"/><T18/><D113/><U85/><E126/><V87/><F40/><W34/><G34/><T20/><D5/><AGARI ba="1,1" hai="1,5,10,36,43,44,49,50,51,90,94,98,128,130" machi="5" ten="40,7700,0" yaku="1,1,52,1,53,1" doraHai="7" doraHaiUra="93" who="3" fromWho="0" sc="79,-80,417,0,199,0,295,90" owari="-1,-50.0,417,51.0,199,-20.0,385,19.0" /></mjloggm>