<mjloggm ver="2.3"><GO type="225" lobby="0"/><UN n0="%E9%89%84%E5%BC%B7%E3%83%A2%E3%83%92%E3%83%BC%E3%83%8C%E4%B8%83%E6%AE%B5" n1="%E8%A3%81%E3%81%8D%E3%81%AE%E9%BE%8D" n2="%E7%90%B4%E8%91%89%E8%91%B5" n3="%E5%AE%89%E8%97%A4%E3%82%AB%E3%82%B1%E3%83%AB" dan="18,16,16,16" rate="2216.45,2050.86,2049.27,2042.19" sx="M,F,F,M"/><TAIKYOKU oya="0"/><BYE who="2" /><UN n2="%E7%90%B4%E8%91%89%E8%91%B5" /><INIT seed="0,0,0,2,1,108" ten="250,250,250,250" oya="0" hai0="67,16,34,22,74,49,110,5,61,133,92,121,93" hai1="21,33,122,77,127,42,82,36,31,97,10,70,125" hai2="4,94,38,115,113,78,13,100,56,58,63,1,120" hai3="44,68,131,40,53,116,111,64,41,135,11,47,29"/><T80/><D121/><U14/><E122/><V28/><F120/><W71/><G29/><T79/><D34/><U52/><E70/><V123/><F38/><W2/><G11/><T107/><D107/><U24/><E42/><V85/><F1/><W17/><G17/><T18/><D133/><U57/><E36/><V37/><F37/><W102/><G102/><T48/><D5/><U86/><E97/><N who="2" m="59447" /><F123/><W0/><G0/><T101/><D18/><U84/><E84/><V20/><F4/><W90/><G90/><T9/><D9/><U23/><E10/><V106/><F56/><W73/><G73/><T128/><D128/><U3/><E3/><V103/><F13/><W134/><G2/><T117/><D117/><U6/><E6/><V65/><F103/><W129/><G116/><T132/><D110/><U43/><E43/><V124/><F124/><N who="1" m="47689" /><E14/><V12/><F12/><W112/><G111/><T119/><D132/><U69/><E69/><V62/><F62/><AGARI ba="0,0" hai="21,23,24,31,33,52,57,62,77,82,86" m="47689" machi="62" ten="30,2000,0" yaku="18,1,54,1" doraHai="108" who="1" fromWho="2" sc="250,0,250,20,250,-20,250,0" /><INIT seed="1,0,0,0,4,94" ten="250,270,230,250" oya="1" hai0="55,15,90,102,40,5,44,63,28,76,89,119,71" hai1="72,20,112,49,85,120,39,34,105,98,118,59,131" hai2="97,124,113,77,62,52,35,104,86,17,134,116,108" hai3="26,33,103,114,122,21,130,14,115,37,135,24,31"/><U133/><RYUUKYOKU type="yao9" ba="0,0" sc="250,0,270,0,230,0,250,0" hai1="20,34,39,49,59,72,85,98,105,112,118,120,131,133" /><INIT seed="1,1,0,0,2,9" ten="250,270,230,250" oya="1" hai0="56,75,44,30,115,118,100,50,83,7,73,92,37" hai1="3,114,94,48,86,21,22,91,121,14,47,18,11" hai2="104,101,79,54,132,99,67,124,116,31,58,98,45" hai3="64,71,57,49,74,102,62,76,2,26,129,72,35"/><U33/><E121/><V32/><F132/><W120/><G2/><T90/><D115/><U5/><E114/><V8/><F124/><W69/><G120/><T13/><D118/><U78/><E33/><V108/><F116/><W68/><G129/><T27/><D37/><U6/><E78/><V28/><F108/><W117/><G117/><T88/><D56/><U110/><E110/><V36/><F79/><W15/><G102/><T131/><D131/><U134/><E134/><V16/><F67/><W89/><G76/><T77/><D75/><U55/><REACH who="1" step="1"/><E6/><REACH who="1" ten="250,260,230,250" step="2"/><V81/><F32/><W135/><G35/><T126/><D7/><U23/><AGARI ba="1,1" hai="3,5,11,14,18,21,22,23,47,48,55,86,91,94" machi="23" ten="20,12000,1" yaku="1,1,2,1,0,1,7,1,52,1,53,0" doraHai="9" doraHaiUra="111" who="1" fromWho="1" sc="250,-41,260,133,230,-41,250,-41" /><INIT seed="1,2,0,3,4,64" ten="209,393,189,209" oya="1" hai0="73,24,53,131,50,27,111,128,39,88,70,2,3" hai1="9,78,35,74,84,132,55,99,66,80,104,135,113" hai2="120,125,100,5,29,71,31,79,109,15,85,23,123" hai3="14,112,20,41,119,101,86,117,115,65,47,92,28"/><U118/><E118/><V107/><F107/><W57/><G115/><T10/><D39/><U1/><E113/><V0/><F100/><W91/><G112/><T105/><D73/><U130/><E35/><V42/><F42/><W51/><G101/><T17/><D105/><U129/><E104/><V94/><F0/><W77/><G77/><T98/><D111/><U97/><E66/><V126/><F109/><W18/><G28/><N who="2" m="10825" /><F71/><W114/><G114/><T58/><D10/><U133/><E55/><V122/><F79/><W4/><G4/><T38/><D38/><U40/><E40/><V62/><F62/><N who="3" m="38095" /><G119/><T63/><D50/><U106/><E106/><V49/><F49/><W26/><G117/><T121/><D121/><U22/><E22/><V44/><F44/><W7/><G7/><T12/><D70/><U76/><E9/><N who="2" m="4527" /><F94/><W37/><G37/><T116/><D116/><U95/><E1/><V56/><F56/><W6/><G6/><T33/><D3/><U30/><E30/><V127/><F85/><W8/><G8/><N who="0" m="6279" /><D33/><U11/><E11/><V13/><F122/><W69/><G69/><T16/><D2/><U48/><E48/><V110/><F110/><W36/><G36/><T75/><D75/><U124/><E74/><V21/><F21/><W54/><G41/><T81/><D98/><U34/><E99/><V25/><F13/><AGARI ba="2,0" hai="13,14,18,20,26,47,51,54,86,91,92" m="38095" machi="13" ten="30,1000,0" yaku="8,1" doraHai="64" who="3" fromWho="2" sc="209,0,393,0,189,-16,209,16" /><INIT seed="2,0,0,5,0,96" ten="209,393,173,225" oya="2" hai0="88,2,128,13,40,54,120,57,116,70,108,30,133" hai1="76,67,17,66,41,35,98,97,60,80,86,55,73" hai2="21,49,111,123,104,12,106,19,24,29,77,99,65" hai3="18,134,89,109,125,44,75,32,112,78,3,118,91"/><V126/><F123/><W100/><G32/><T69/><D120/><U103/><E73/><V51/><F126/><W31/><G3/><T53/><D2/><U84/><E35/><V131/><F131/><W28/><G118/><T50/><D40/><U102/><E41/><V110/><F77/><W48/><G125/><T101/><D128/><U94/><E86/><V63/><F51/><W95/><G112/><T1/><D1/><U72/><E72/><V37/><F49/><W105/><G105/><T9/><D133/><U121/><E121/><V71/><F37/><W62/><G134/><T25/><D108/><N who="2" m="41514" /><F99/><W93/><G78/><T64/><D116/><U8/><E55/><V68/><F71/><W119/><G119/><T61/><D54/><U0/><E60/><V135/><F135/><W27/><G62/><T58/><D70/><U81/><E80/><V47/><F47/><W74/><G44/><T52/><D69/><U23/><E67/><V43/><F43/><W38/><G109/><T5/><D64/><U124/><E66/><V130/><F130/><W33/><G38/><T107/><D50/><U14/><E124/><V59/><F68/><W83/><G48/><T11/><D61/><U45/><E45/><V26/><F26/><W122/><G27/><T90/><D58/><U79/><E79/><V115/><F115/><W56/><G56/><T92/><D57/><U36/><E36/><V16/><F19/><W4/><G18/><T127/><D25/><U22/><E76/><V132/><F132/><W20/><G122/><T15/><D127/><U10/><E17/><RYUUKYOKU ba="0,0" sc="209,-10,393,-10,173,30,225,-10" hai2="12,16,21,24,29,59,63,65,104,106" /><INIT seed="2,1,0,0,2,130" ten="199,383,203,215" oya="2" hai0="42,78,133,92,90,57,46,97,50,69,28,63,59" hai1="103,41,39,79,54,45,115,15,4,29,114,7,125" hai2="124,43,65,25,34,47,82,104,32,8,14,91,135" hai3="77,110,13,27,117,123,67,51,134,64,26,113,96"/><V89/><F104/><W73/><G117/><T84/><D133/><U33/><E125/><V88/><F124/><W10/><G123/><T6/><D28/><U58/><E79/><V38/><F135/><W37/><G37/><T122/><D122/><U75/><E75/><V100/><F100/><W36/><G36/><T3/><D3/><U129/><E129/><V93/><F65/><W40/><G134/><T132/><D132/><U99/><E29/><V71/><F71/><W48/><G113/><T0/><D0/><U98/><E33/><V68/><F68/><W60/><G67/><T18/><D6/><U1/><E1/><V85/><F25/><W16/><G110/><T2/><D2/><U121/><E99/><V112/><F112/><W53/><G96/><T109/><D109/><U12/><E121/><V81/><F81/><W35/><G35/><T17/><D69/><U74/><E74/><V111/><F111/><W120/><G120/><T24/><D24/><U61/><E7/><V105/><F105/><W49/><G40/><T87/><D59/><U21/><E15/><V52/><F52/><W55/><G27/><T23/><D78/><U108/><E108/><V80/><F80/><N who="3" m="45103" /><G26/><N who="0" m="14703" /><D18/><N who="1" m="10439" /><E4/><N who="2" m="3335" /><F82/><W94/><G10/><T5/><D5/><U56/><E56/><V131/><F131/><W11/><G11/><T126/><D126/><U62/><E62/><V101/><F101/><W19/><G13/><T106/><D106/><N who="1" m="63863" /><E115/><V30/><F30/><W9/><G9/><T76/><D76/><U116/><E114/><V20/><F20/><W66/><G60/><T127/><D127/><RYUUKYOKU ba="1,0" sc="199,10,383,10,203,10,215,-30" hai0="42,46,50,57,63,84,87,90,92,97" hai1="39,41,45,54,58,61,116" hai2="32,34,38,43,47,85,88,89,91,93" /><INIT seed="2,2,0,2,0,108" ten="209,393,213,185" oya="2" hai0="125,18,106,86,68,122,26,40,124,33,14,95,73" hai1="19,77,29,52,32,3,75,66,84,133,114,48,22" hai2="41,128,90,112,31,27,61,42,55,64,67,93,80" hai3="135,87,134,70,54,13,88,65,72,59,63,35,118"/><V38/><F128/><W109/><G72/><T71/><D106/><U43/><E75/><V28/><F112/><W60/><G35/><T16/><D73/><U20/><E114/><V111/><F111/><W123/><G109/><T25/><D122/><U107/><E43/><V37/><F80/><W12/><G123/><T92/><D40/><U51/><E51/><V30/><F27/><N who="0" m="10250" /><D33/><U78/><E66/><N who="2" m="25131" /><F38/><W5/><G118/><T83/><D83/><U44/><E3/><V127/><F127/><N who="0" m="48714" /><D86/><U53/><E107/><V115/><F115/><W116/><G116/><T119/><D119/><U117/><E32/><V121/><F121/><W131/><G131/><T50/><D50/><U56/><E117/><V58/><F37/><W39/><G39/><T47/><D47/><U104/><E48/><V23/><F23/><W11/><REACH who="3" step="1"/><G13/><REACH who="3" ten="209,393,213,175" step="2"/><T24/><D14/><U74/><E74/><V2/><F2/><W46/><G46/><T89/><D71/><U130/><E44/><V97/><AGARI ba="2,1" hai="28,30,31,41,42,55,58,61,90,93,97" m="25131" machi="97" ten="30,1500,0" yaku="8,1" doraHai="108" who="2" fromWho="2" sc="209,-7,393,-7,213,31,175,-7" /><INIT seed="2,3,0,3,4,125" ten="202,386,244,168" oya="2" hai0="133,10,29,114,23,19,12,11,92,17,58,35,117" hai1="91,96,119,3,54,21,55,61,57,95,4,42,30" hai2="94,120,135,102,1,41,118,47,26,130,103,68,81" hai3="76,50,37,131,90,49,46,101,132,82,39,14,113"/><V62/><F120/><W66/><G113/><T87/><D114/><U75/><E75/><V7/><F118/><W74/><G132/><T13/><D133/><U78/><E78/><V105/><F105/><W51/><G101/><T69/><D69/><U106/><E106/><V5/><F135/><W28/><G28/><T77/><D117/><U116/><E42/><V32/><F1/><W84/><G66/><T99/><D35/><U97/><E97/><V48/><F81/><W2/><G2/><T80/><D58/><U34/><E34/><V86/><F102/><W88/><G90/><T16/><D29/><U65/><E4/><V64/><F86/><W53/><G50/><T110/><D110/><U6/><E6/><V15/><F15/><N who="0" m="5706" /><D23/><U83/><E3/><V40/><F40/><W111/><G111/><T0/><D0/><U129/><E21/><V67/><F67/><W127/><G39/><T79/><D79/><U63/><E30/><N who="2" m="19543" /><F5/><W122/><G122/><T128/><D99/><U59/><E83/><V45/><F45/><W8/><G82/><T93/><D93/><U98/><E96/><N who="2" m="59799" /><F7/><W43/><G46/><T134/><D92/><U108/><E108/><V107/><F107/><W24/><G43/><T73/><D134/><U36/><E116/><V100/><F100/><W31/><G74/><T52/><D73/><U56/><E119/><V33/><F33/><W112/><G112/><T71/><D80/><U9/><E95/><V72/><F72/><W115/><G115/><T85/><D85/><U124/><E98/><V104/><F104/><W89/><G84/><RYUUKYOKU ba="3,0" sc="202,-10,386,-10,244,30,168,-10" hai2="41,47,48,62,64,68,130" /><INIT seed="2,4,0,4,4,112" ten="192,376,274,158" oya="2" hai0="13,48,24,66,134,18,37,89,55,128,122,67,127" hai1="7,121,125,20,129,52,116,86,104,94,60,118,69" hai2="114,133,100,19,33,126,5,50,72,21,45,76,81" hai3="32,113,30,123,73,59,22,124,16,103,34,101,57"/><V64/><F114/><W6/><G73/><T105/><D122/><U17/><E104/><V10/><F133/><W4/><G113/><T58/><D134/><U44/><E121/><V102/><F33/><W51/><G123/><T111/><D111/><U2/><E125/><V110/><F64/><W8/><G124/><T15/><D127/><U135/><E135/><V43/><F126/><W61/><G51/><T92/><D105/><U108/><E108/><V98/><F98/><W38/><G38/><T47/><D128/><U90/><E129/><V27/><REACH who="2" step="1"/><F110/><REACH who="2" ten="192,376,264,158" step="2"/><W115/><G32/><T0/><D67/><U77/><E69/><V65/><F65/><W71/><G34/><T131/><D66/><U36/><E36/><V74/><F74/><W35/><G35/><T25/><D37/><U107/><E107/><V88/><F88/><W23/><G115/><T130/><D89/><U46/><E90/><V85/><F85/><W119/><G71/><T96/><D96/><U42/><E86/><V9/><F9/><W83/><G8/><T87/><D87/><U95/><E20/><V93/><F93/><W78/><G23/><T91/><D92/><U79/><E95/><V26/><F26/><W1/><G22/><T3/><D25/><U40/><E94/><V53/><F53/><W56/><G101/><T84/><D55/><U29/><E52/><V31/><F31/><W39/><G30/><T49/><D24/><U109/><E29/><V62/><F62/><W120/><G61/><T28/><D28/><U11/><E60/><V68/><F68/><W99/><G120/><RYUUKYOKU ba="4,1" sc="192,-10,376,-10,264,30,158,-10" hai2="5,10,19,21,27,43,45,50,72,76,81,100,102" /><INIT seed="2,5,1,4,4,5" ten="182,366,294,148" oya="2" hai0="51,106,96,104,83,14,21,20,80,99,124,39,79" hai1="93,103,120,56,53,44,116,89,63,101,38,117,9" hai2="74,64,118,72,43,122,22,68,114,78,94,35,10" hai3="112,11,34,113,70,90,131,52,50,54,48,69,84"/><V47/><F122/><W31/><G131/><T107/><D39/><U76/><E120/><V127/><F127/><W45/><G34/><T40/><D124/><U98/><E76/><V126/><F126/><W18/><G31/><T24/><D40/><U119/><E38/><V87/><F118/><W25/><G25/><T49/><D24/><U67/><E44/><V37/><F35/><W4/><G18/><T130/><D14/><U81/><E81/><N who="0" m="31305" /><D79/><U115/><E115/><N who="3" m="44106" /><G84/><T13/><D13/><U85/><E85/><V100/><F114/><W16/><G90/><T28/><D28/><U58/><E117/><V91/><F78/><W2/><G16/><T29/><D29/><U32/><E32/><V129/><F129/><W62/><G62/><T46/><D46/><AGARI ba="5,1" hai="2,4,11,45,46,48,50,52,54,69,70" m="44106" machi="46" ten="30,3900,0" yaku="11,1,52,1,54,1" doraHai="5" who="3" fromWho="0" sc="182,-54,366,0,294,0,148,64" /><INIT seed="3,0,0,5,4,55" ten="128,366,294,212" oya="3" hai0="35,94,133,9,42,110,43,135,57,131,104,124,101" hai1="90,130,115,52,121,78,92,96,25,40,83,65,19" hai2="99,132,8,11,117,30,41,122,129,81,68,7,56" hai3="44,23,100,88,72,27,1,87,46,66,86,134,62"/><W118/><G72/><T74/><D104/><U47/><E115/><V3/><F117/><W67/><G1/><T64/><D35/><U49/><E121/><V114/><F68/><W20/><G118/><T24/><D74/><U21/><E130/><V123/><F114/><W112/><G112/><T50/><D24/><U10/><E65/><V16/><F129/><W5/><G5/><T77/><D77/><U59/><E10/><V32/><F41/><N who="0" m="15370" /><D9/><U63/><E83/><V79/><F132/><N who="0" m="50762" /><D94/><U39/><E78/><V103/><F30/><W85/><G134/><T125/><D101/><U0/><E0/><V12/><F32/><W119/><G100/><T98/><D98/><U93/><E93/><V14/><F3/><W95/><G119/><T80/><D80/><U28/><E28/><V2/><F2/><W37/><G27/><T105/><D105/><U82/><E82/><V17/><F7/><W36/><G95/><T38/><D131/><U31/><E31/><V61/><F103/><W71/><G87/><T128/><D128/><U69/><E69/><V48/><F99/><W22/><G22/><T18/><D18/><U109/><E39/><V107/><F107/><W51/><G86/><T73/><D73/><U108/><AGARI ba="0,0" hai="19,21,25,40,47,49,52,59,63,90,92,96,108,109" machi="108" ten="30,8000,1" yaku="0,1,25,2,52,1,54,1" doraHai="55" who="1" fromWho="1" sc="128,-20,366,80,294,-20,212,-40" owari="108,-39.0,446,55.0,274,7.0,172,-23.0" /></mjloggm>