<mjloggm ver="2.3"><GO type="225" lobby="0"/><UN n0="%E3%81%94%E3%81%96%E3%83%BC%E3%82%8B%E3%81%94%E3%81%96%E3%82%8B" n1="%E5%B1%B1%E8%B6%8A" n2="%E3%81%A4%E3%81%A3%E3%81%97%E3%83%BC%E3%81%BE" n3="%E3%81%AB%E3%82%83%EF%BD%9E%E3%81%8A" dan="16,18,16,16" rate="2130.10,2236.37,2074.63,2158.87" sx="M,M,M,M"/><TAIKYOKU oya="0"/><INIT seed="0,0,0,0,0,0" ten="250,250,250,250" oya="0" hai0="116,42,35,20,96,18,109,108,118,4,104,125,82" hai1="67,111,27,25,98,117,75,56,131,65,80,110,43" hai2="49,133,9,87,52,5,79,64,126,23,61,38,14" hai3="83,31,71,130,10,121,81,105,17,47,92,128,114"/><T106/><BYE who="2" /><D35/><UN n2="%E3%81%A4%E3%81%A3%E3%81%97%E3%83%BC%E3%81%BE" /><U85/><E117/><V6/><F38/><W45/><G105/><T57/><D42/><U33/><E75/><V54/><F126/><W50/><G114/><T84/><D57/><U51/><E98/><V134/><F23/><W3/><G71/><T97/><D20/><U22/><E131/><N who="3" m="50218" /><G31/><T113/><D18/><U94/><E94/><V1/><F79/><W53/><G121/><T66/><D66/><U124/><E124/><V13/><F87/><W129/><G129/><T34/><D34/><U46/><E33/><V62/><F54/><W32/><G32/><T112/><D125/><U12/><E12/><V72/><F72/><W55/><G92/><T102/><D4/><N who="2" m="1642" /><F1/><W95/><G3/><T86/><D82/><U99/><E99/><V36/><F36/><W120/><G95/><T132/><D132/><N who="2" m="50794" /><F9/><W41/><G53/><T91/><D91/><N who="1" m="51623" /><E67/><V2/><F2/><W68/><G10/><T44/><D44/><U30/><E27/><V7/><N who="2" m="1650" /><V24/><DORA hai="58" /><F24/><W74/><G74/><T90/><D90/><U11/><E11/><V115/><F115/><W60/><G47/><T77/><D77/><U122/><E122/><V89/><F89/><W73/><G73/><T28/><D28/><U101/><E65/><V93/><F93/><W59/><G120/><T29/><REACH who="0" step="1"/><D29/><REACH who="0" ten="240,250,250,250" step="2"/><U123/><E123/><V100/><F100/><AGARI ba="0,1" hai="84,86,96,97,100,102,104,106,108,109,112,113,116,118" machi="100" ten="25,18000,2" yaku="1,1,2,1,22,2,34,3,53,0" doraHai="0,58" doraHaiUra="70,40" who="0" fromWho="2" sc="240,190,250,0,250,-180,250,0" /><INIT seed="0,1,0,5,1,56" ten="430,250,70,250" oya="0" hai0="86,37,57,45,132,111,97,113,124,41,88,127,121" hai1="80,116,117,83,95,7,51,129,123,31,107,73,36" hai2="64,130,93,133,68,112,32,23,19,67,15,90,52" hai3="71,17,77,72,131,106,76,1,14,108,87,81,99"/><T49/><D113/><U134/><E36/><V62/><F32/><W92/><G1/><T105/><D121/><U55/><E107/><V46/><F130/><W6/><G6/><T135/><D97/><U58/><E123/><V61/><F133/><N who="0" m="51274" /><D105/><U104/><E129/><V16/><F112/><W119/><G71/><T39/><D111/><U74/><E104/><V96/><F19/><W48/><G119/><T43/><D43/><U24/><E134/><V28/><F28/><W63/><G108/><T60/><D86/><U4/><E95/><V98/><F98/><W128/><G48/><T100/><D88/><U3/><E83/><V114/><F114/><W26/><G76/><T9/><D100/><U109/><E109/><V110/><F110/><W35/><G106/><T70/><D70/><U69/><E69/><V53/><F46/><W85/><G85/><T40/><D40/><U42/><E42/><V115/><F115/><W33/><G87/><T12/><D12/><U91/><E91/><V13/><F13/><W2/><G2/><T94/><D94/><U122/><E122/><V44/><F44/><W22/><G14/><T118/><D118/><U47/><E47/><V20/><F20/><W38/><G38/><N who="0" m="14347" /><D9/><U75/><E80/><V34/><F34/><W82/><G82/><T21/><D21/><N who="1" m="15759" /><E3/><V101/><F101/><W79/><G79/><T50/><D50/><U0/><E0/><V89/><F90/><W27/><G128/><T5/><D5/><N who="1" m="2123" /><E117/><V8/><F8/><W102/><G131/><T11/><D11/><U30/><E116/><V66/><F68/><RYUUKYOKU ba="1,0" sc="430,10,250,10,70,10,250,-30" hai0="41,45,49,57,60,124,127" hai1="30,51,55,58,73,74,75" hai2="15,16,23,52,53,61,62,64,66,67,89,93,96" /><INIT seed="0,2,0,4,3,91" ten="440,260,80,220" oya="0" hai0="21,107,74,23,26,82,114,38,1,47,121,60,86" hai1="30,7,45,68,101,131,115,102,44,110,29,57,90" hai2="35,71,64,80,13,123,54,88,96,53,31,22,40" hai3="125,39,12,27,120,0,77,37,129,6,41,79,4"/><T106/><D114/><U67/><E110/><V58/><F123/><W112/><G112/><T81/><D121/><U135/><E131/><V117/><F35/><W59/><G120/><T132/><D1/><U56/><E135/><V100/><F71/><W2/><G12/><T92/><D132/><U33/><E68/><V25/><F40/><W130/><G41/><T18/><D74/><U43/><E7/><V15/><F53/><W46/><G59/><N who="1" m="22602" /><E33/><V94/><F117/><W111/><G27/><T10/><D60/><U119/><E119/><V24/><F24/><W85/><G85/><T113/><D113/><U61/><E115/><V72/><F72/><W93/><G46/><N who="1" m="18026" /><E43/><V97/><F64/><W75/><G75/><T62/><D62/><U8/><E8/><V66/><F66/><W17/><G17/><T51/><D38/><U126/><E126/><V5/><F5/><W55/><G55/><N who="0" m="30207" /><D10/><U49/><E49/><V109/><F109/><W28/><G111/><T133/><D133/><U105/><E105/><V83/><F83/><W50/><G50/><T42/><D42/><U11/><E11/><V103/><F80/><W98/><G125/><T99/><D107/><U32/><E32/><V118/><F118/><W73/><G73/><T34/><D106/><U3/><E3/><V124/><F124/><W9/><G9/><T65/><D34/><U70/><E90/><V127/><F127/><W14/><G28/><T104/><D104/><U36/><E36/><V19/><F97/><W52/><G98/><T87/><D99/><U63/><E63/><N who="2" m="36311" /><F31/><N who="1" m="11785" /><E70/><V20/><F20/><RYUUKYOKU ba="2,0" sc="440,-15,260,15,80,15,220,-15" hai1="61,67,101,102" hai2="13,15,19,22,25,88,94,96,100,103" /><INIT seed="1,3,0,4,0,109" ten="425,275,95,205" oya="1" hai0="82,84,97,134,64,92,133,118,81,38,107,44,113" hai1="13,100,16,71,28,14,50,72,78,101,65,11,76" hai2="24,117,46,48,15,3,30,91,59,66,49,77,53" hai3="104,33,87,57,41,98,0,21,1,27,86,99,120"/><U108/><E108/><V85/><F3/><W75/><G75/><T80/><D38/><U89/><E28/><V19/><F117/><W4/><G33/><T124/><D44/><U7/><E71/><V123/><F123/><W9/><G120/><T62/><D118/><U18/><E65/><V70/><F77/><N who="1" m="29801" /><E72/><V8/><F70/><W58/><G41/><T17/><D17/><N who="1" m="6763" /><E13/><V105/><F105/><W35/><G35/><T37/><D37/><U106/><E106/><V61/><F49/><W73/><G73/><T122/><D124/><U12/><E12/><V40/><F40/><W67/><G1/><T23/><D23/><U5/><E5/><V63/><F63/><W2/><G2/><T32/><D32/><U6/><E6/><V88/><REACH who="2" step="1"/><F85/><REACH who="2" ten="425,275,85,205" step="2"/><W127/><G86/><T114/><D122/><U103/><E50/><V51/><F51/><W79/><G87/><T111/><D111/><U20/><E11/><V93/><F93/><W56/><G9/><T47/><D84/><U26/><E14/><V116/><F116/><W135/><G104/><T119/><D107/><U52/><E26/><V29/><F29/><W10/><G10/><T54/><D119/><U129/><E129/><V36/><F36/><W74/><G27/><T39/><D39/><U42/><E42/><V121/><F121/><W95/><G0/><T60/><D62/><U45/><E45/><V112/><F112/><W128/><G128/><T131/><D131/><U43/><E43/><V130/><F130/><W102/><G74/><T110/><D114/><U25/><E25/><V125/><F125/><RYUUKYOKU ba="3,1" sc="425,-10,275,-10,85,30,205,-10" hai2="8,15,19,24,30,46,48,53,59,61,66,88,91" /><INIT seed="2,4,1,4,2,28" ten="415,265,115,195" oya="2" hai0="79,44,81,10,29,116,39,1,70,120,83,107,50" hai1="49,35,106,37,38,134,133,129,86,128,72,7,96" hai2="9,52,76,104,98,20,42,60,88,51,14,26,59" hai3="71,67,91,23,94,58,47,92,34,85,115,64,65"/><V123/><F123/><W114/><G71/><T6/><D83/><U32/><E72/><V19/><F76/><W69/><G69/><T131/><D120/><U119/><E7/><V99/><F104/><W73/><G73/><N who="0" m="43247" /><D50/><U68/><E68/><V110/><F110/><W113/><G47/><T30/><D131/><N who="1" m="50251" /><E86/><V93/><F99/><W105/><G105/><T109/><D109/><U4/><E4/><V0/><F0/><W111/><G111/><T95/><D107/><U54/><E119/><V117/><F117/><W108/><G108/><T103/><D70/><U100/><E37/><V17/><F51/><W41/><G41/><AGARI ba="4,1" hai="9,14,17,19,20,26,41,42,52,59,60,88,93,98" machi="41" ten="40,12000,1" yaku="25,2,8,1,54,2" doraHai="28" who="2" fromWho="3" sc="415,0,265,0,115,142,195,-132" /><INIT seed="2,5,0,0,4,51" ten="415,265,257,63" oya="2" hai0="125,88,123,117,40,6,35,116,98,101,83,22,0" hai1="16,62,58,15,17,134,14,95,87,84,67,19,104" hai2="66,76,79,135,100,48,133,65,109,70,36,69,81" hai3="45,10,106,103,74,90,34,55,131,23,96,73,114"/><V18/><F36/><W99/><G34/><T7/><D35/><U60/><E104/><V43/><F100/><W119/><G119/><N who="0" m="45643" /><D123/><U3/><E3/><V5/><F5/><W50/><G131/><T13/><D40/><U29/><E134/><N who="2" m="51211" /><F18/><N who="1" m="7273" /><E29/><V86/><F79/><W44/><G114/><T63/><D125/><U112/><E112/><V57/><F109/><W91/><G10/><T38/><D38/><U64/><E95/><V132/><N who="2" m="51219" /><V49/><DORA hai="9" /><F43/><W72/><G23/><T105/><D22/><N who="1" m="11639" /><E15/><V52/><F48/><W4/><G4/><T97/><D13/><U118/><E118/><V53/><F53/><W107/><REACH who="3" step="1"/><G44/><REACH who="3" ten="415,265,257,53" step="2"/><T2/><D6/><U47/><E47/><V27/><F27/><W85/><G85/><N who="0" m="50239" /><D97/><U1/><E1/><V8/><F8/><W93/><G93/><T11/><D2/><U115/><E115/><V71/><AGARI ba="5,1" hai="49,52,57,65,66,69,70,71,76,81,86" m="51219" machi="71" ten="50,9600,0" yaku="20,1,52,1,54,1" doraHai="51,9" who="2" fromWho="2" sc="415,-37,265,-37,257,121,53,-37" /><INIT seed="2,6,0,4,2,79" ten="378,228,378,16" oya="2" hai0="82,40,56,63,31,109,36,99,32,17,97,94,64" hai1="29,115,26,89,107,130,80,108,44,126,51,37,19" hai2="72,38,6,57,50,4,24,43,112,77,59,15,91" hai3="134,117,13,41,124,45,119,106,27,8,47,18,16"/><V2/><F112/><W3/><G106/><T125/><D109/><U133/><E108/><V34/><F91/><W105/><G105/><T123/><D123/><U68/><E115/><V81/><F15/><W35/><G124/><T5/><D125/><U128/><E126/><V87/><F87/><W84/><G119/><T93/><D32/><U9/><E68/><V103/><F103/><W1/><G117/><T122/><D122/><U25/><E37/><V28/><F50/><W96/><G134/><T14/><D36/><U54/><E107/><V12/><F12/><W92/><G84/><T102/><D31/><U39/><E133/><V104/><F6/><W23/><G35/><T61/><D40/><U78/><E39/><V73/><F73/><W131/><G131/><N who="1" m="50218" /><E89/><V11/><F104/><W42/><G3/><T69/><D5/><U67/><E67/><V74/><F72/><W120/><G1/><T86/><D69/><U90/><E90/><V55/><F55/><W127/><G127/><T85/><D63/><U53/><E53/><V33/><F33/><W60/><G60/><T65/><D64/><U21/><E9/><V71/><F71/><W76/><G76/><T95/><D99/><U7/><E7/><V113/><F113/><W0/><G0/><T121/><D121/><U132/><E132/><V20/><F34/><W83/><G120/><T75/><D75/><N who="1" m="43103" /><E25/><V129/><F129/><W116/><G116/><T22/><D86/><U46/><E46/><AGARI ba="6,0" hai="2,4,11,20,24,28,38,43,46,57,59,74,77,81" machi="46" ten="40,7700,0" yaku="25,2,52,1" doraHai="79" who="2" fromWho="1" sc="378,0,228,-95,378,95,16,0" /><INIT seed="2,7,0,2,4,11" ten="378,133,473,16" oya="2" hai0="30,53,80,41,22,81,0,127,46,104,111,15,32" hai1="67,89,1,87,131,110,39,26,125,126,54,37,101" hai2="25,29,50,56,14,88,20,49,109,74,36,47,38" hai3="93,94,48,100,45,68,85,113,115,19,116,13,66"/><V58/><F74/><W82/><G116/><T128/><D104/><U63/><E110/><V107/><F107/><W77/><G66/><T132/><D111/><U10/><E101/><V124/><F124/><N who="1" m="47721" /><E54/><V114/><F114/><N who="3" m="43531" /><G100/><T83/><D127/><U8/><E26/><V61/><F56/><W9/><G68/><T79/><D0/><U44/><E131/><V35/><F50/><W76/><G76/><T108/><D108/><U64/><E1/><V34/><F34/><W90/><G77/><T96/><D96/><U105/><E105/><V62/><F62/><W102/><G102/><T18/><D128/><U72/><E72/><V71/><F71/><W51/><G51/><T95/><D132/><U73/><E73/><V16/><F109/><W134/><G134/><T52/><D79/><U40/><E37/><V112/><F112/><W120/><G120/><T59/><D59/><N who="1" m="36991" /><E67/><V65/><F88/><W92/><G92/><AGARI ba="7,0" hai="8,10,39,40,44,87,89,92" m="36991,47721" machi="92" ten="30,1000,0" yaku="18,1" doraHai="11" who="1" fromWho="3" sc="378,0,133,31,473,0,16,-31" owari="378,18.0,164,-24.0,473,58.0,-15,-52.0" /></mjloggm>