<mjloggm ver="2.3"><GO type="185" lobby="0"/><UN n0="%E3%83%AA%E3%82%B3%E3%83%BB%E3%83%90%E3%83%B3%E3%83%87%E3%83%A9%E3%82%B9" n1="%E5%A4%9A%E6%9E%97%E6%99%8B" n2="%6D%28%E3%81%AE%5F%E3%81%AE%29%6D%E2%99%AA" n3="" dan="16,16,16,0" rate="2212.04,2186.73,2147.39,1500.00" sx="M,M,M,C"/><TAIKYOKU oya="0"/><INIT seed="0,0,0,3,0,72" ten="350,350,350,0" oya="0" hai0="77,90,114,80,96,64,65,82,60,40,52,93,116" hai1="69,75,120,39,86,85,33,123,43,36,3,57,46" hai2="112,104,34,106,49,122,87,107,74,126,37,73,100" hai3=""/><T132/><D116/><U103/><N who="1" m="30752" /><U102/><N who="1" m="31520" /><U45/><E3/><V117/><N who="2" m="31264" /><V70/><F37/><T135/><D114/><U125/><E33/><V124/><F34/><T101/><D40/><U81/><E75/><N who="2" m="28683" /><F49/><T128/><D128/><U58/><E69/><V53/><F53/><T41/><D41/><U48/><E125/><N who="2" m="48235" /><F70/><T119/><D119/><U118/><E118/><V68/><F68/><T99/><D52/><U71/><E71/><V54/><F54/><T133/><D77/><U97/><E43/><V2/><F2/><T109/><D109/><U66/><E66/><N who="0" m="25705" /><D60/><U35/><E35/><V113/><F117/><T38/><D38/><U51/><E36/><V78/><F100/><T79/><D79/><U121/><N who="1" m="31008" /><U115/><E39/><V130/><F130/><T1/><D1/><U111/><E103/><V63/><F63/><T84/><D101/><U61/><E102/><V92/><F78/><T62/><D62/><U67/><E61/><V88/><AGARI ba="0,0" hai="87,88,92,104,106,107,112,113" m="48235,28683,31264" machi="88" ten="40,6000,1" yaku="18,1,34,2,52,1,54,1" doraHai="72" who="2" fromWho="2" sc="350,-40,350,-20,350,60,0,0" /><INIT seed="1,0,0,3,0,116" ten="310,330,410,0" oya="1" hai0="95,33,46,111,119,112,85,67,63,40,51,86,65" hai1="73,91,90,89,101,108,59,93,117,87,49,39,61" hai2="66,130,71,76,128,45,100,75,109,57,35,54,103" hai3=""/><U99/><E117/><V118/><F35/><T2/><D33/><U56/><E39/><V120/><N who="2" m="30752" /><V105/><F118/><T122/><N who="0" m="31264" /><T94/><D119/><U121/><N who="1" m="31008" /><U98/><E73/><V53/><F109/><T78/><D112/><U124/><E124/><V41/><F71/><T68/><D2/><U131/><E131/><N who="2" m="50219" /><F66/><T104/><D111/><U115/><E115/><V92/><F105/><T134/><D104/><U114/><E114/><V69/><F69/><T32/><D32/><U60/><E108/><V132/><F132/><T82/><D134/><U64/><E49/><V97/><F103/><T133/><D133/><U102/><E101/><V127/><F57/><T3/><D3/><U37/><E37/><V84/><F75/><T129/><D129/><U38/><E38/><V77/><F127/><T48/><D67/><U106/><REACH who="1" step="1"/><E99/><REACH who="1" ten="310,320,410,0" step="2"/><V113/><F113/><T62/><D51/><U58/><E58/><V52/><F84/><T107/><D68/><U34/><E34/><V44/><F44/><T135/><D135/><U43/><E43/><V1/><F1/><T126/><D126/><U88/><E88/><V80/><F45/><T36/><D86/><U72/><E72/><V110/><F110/><RYUUKYOKU ba="0,1" sc="310,-10,320,20,410,-10,0,0" hai1="56,59,60,61,64,87,89,90,91,93,98,102,106" /><INIT seed="1,1,1,3,1,33" ten="300,340,400,0" oya="1" hai0="67,104,53,73,109,107,118,115,71,83,85,46,132" hai1="116,79,32,66,95,65,111,134,68,101,59,126,77" hai2="57,87,64,58,93,98,82,1,48,89,128,35,78" hai3=""/><U37/><E32/><V41/><F35/><T106/><D115/><U122/><N who="1" m="31264" /><U76/><E116/><V61/><F128/><T92/><D118/><U50/><E37/><V121/><N who="2" m="31008" /><V40/><F1/><T54/><D109/><U124/><E111/><V91/><F91/><T84/><D132/><U96/><E134/><V38/><F38/><T69/><D73/><U2/><E2/><V62/><REACH who="2" step="1"/><F48/><REACH who="2" ten="300,340,390,0" step="2"/><T70/><D70/><U47/><E68/><V100/><F100/><T75/><D71/><U97/><E96/><V42/><F42/><T72/><D69/><U39/><E39/><V52/><AGARI ba="1,2" hai="40,41,52,57,58,61,62,64,78,82,87,89,93,98" m="31008" machi="52" ten="20,9000,2" yaku="1,1,0,1,7,1,8,1,52,1,54,1,53,0" doraHai="33" doraHaiUra="129" who="2" fromWho="2" sc="300,-31,340,-61,390,112,0,0" /><INIT seed="2,0,0,3,1,89" ten="269,279,502,0" oya="2" hai0="114,104,126,67,65,63,68,43,125,128,112,64,78" hai1="97,133,37,54,34,74,103,131,111,107,59,117,72" hai2="110,62,66,115,58,56,38,81,1,102,0,105,53" hai3=""/><V3/><F115/><N who="0" m="44074" /><D104/><U48/><E34/><V61/><F38/><T100/><D100/><U127/><E111/><V91/><F110/><T76/><D128/><U129/><E37/><V95/><F81/><T124/><D43/><U77/><E117/><V119/><F119/><T44/><D44/><U85/><E127/><V36/><F36/><T135/><D135/><U35/><E35/><V98/><REACH who="2" step="1"/><F1/><REACH who="2" ten="269,279,492,0" step="2"/><T134/><D134/><U109/><E133/><V70/><F70/><T113/><D113/><U87/><E109/><V49/><F49/><T60/><D68/><U69/><E69/><V86/><AGARI ba="0,1" hai="0,3,53,56,58,61,62,66,86,91,95,98,102,105" machi="86" ten="20,8000,1" yaku="1,1,0,1,7,1,52,1,53,1" doraHai="89" doraHaiUra="94" who="2" fromWho="2" sc="269,-40,279,-40,492,90,0,0" /><INIT seed="2,1,0,4,5,67" ten="229,239,582,0" oya="2" hai0="68,37,102,113,41,104,75,111,110,125,91,99,115" hai1="84,70,48,1,82,120,106,97,112,94,79,117,116" hai2="81,60,34,90,45,38,58,105,40,78,51,61,55" hai3=""/><V88/><F34/><T123/><N who="0" m="31520" /><T134/><D134/><U44/><N who="1" m="30752" /><U56/><E1/><V57/><F105/><T103/><D125/><U124/><E106/><V96/><F96/><T54/><D75/><U128/><E112/><N who="0" m="43081" /><D68/><U69/><E124/><V86/><REACH who="2" step="1"/><F38/><REACH who="2" ten="229,239,572,0" step="2"/><T47/><D104/><U119/><E128/><V83/><F83/><T35/><D35/><U74/><E74/><V89/><F89/><T87/><D111/><U108/><E108/><V131/><F131/><T126/><D110/><U39/><E97/><V66/><AGARI ba="1,1" hai="40,45,51,55,57,58,60,61,66,78,81,86,88,90" machi="66" ten="20,8000,1" yaku="1,1,0,1,7,1,8,1,54,1,53,0" doraHai="67" doraHaiUra="109" who="2" fromWho="2" sc="229,-41,239,-41,572,92,0,0" /><INIT seed="2,2,0,5,2,64" ten="188,198,664,0" oya="2" hai0="92,42,83,41,101,40,50,102,32,127,110,34,70" hai1="65,2,134,108,125,38,100,43,77,53,79,69,51" hai2="73,87,128,39,103,58,68,88,90,33,71,75,94" hai3=""/><V62/><F33/><T76/><D110/><U135/><E2/><V37/><F128/><T124/><D70/><U126/><E108/><V120/><N who="2" m="30752" /><V35/><F35/><N who="0" m="13354" /><D92/><U78/><E100/><V66/><F103/><T61/><D61/><U3/><E3/><V118/><F118/><T113/><D50/><U112/><E112/><V85/><F39/><T116/><D116/><U106/><E106/><V133/><F37/><T44/><D44/><U54/><E53/><V121/><N who="2" m="31008" /><V0/><F0/><T63/><D63/><U60/><E43/><V49/><F133/><N who="1" m="50697" /><E38/><V47/><F47/><AGARI ba="2,0" hai="47,51,54,60,65,69,77,78,79,125,126" m="50697" machi="47" ten="30,2000,0" yaku="20,1,52,1" doraHai="64" who="1" fromWho="2" sc="188,0,198,24,664,-24,0,0" /><INIT seed="4,0,0,0,5,39" ten="188,222,640,0" oya="0" hai0="134,102,3,38,129,65,69,87,36,121,0,53,117" hai1="114,55,107,56,77,90,93,92,48,63,43,120,45" hai2="104,37,131,42,130,41,74,110,101,59,78,132,118" hai3=""/><T106/><N who="0" m="31008" /><T113/><D117/><U84/><N who="1" m="30752" /><U103/><E114/><V119/><F110/><T47/><D113/><U57/><E77/><V73/><F59/><T32/><D32/><U80/><E107/><V111/><F111/><T99/><D134/><U60/><REACH who="1" step="1"/><E103/><REACH who="1" ten="188,212,640,0" step="2"/><V85/><F101/><T75/><D129/><U105/><E105/><V109/><F104/><T126/><D126/><U82/><E82/><V68/><F109/><T115/><D115/><U123/><N who="1" m="31520" /><U2/><E2/><V66/><F131/><T34/><D34/><U94/><E94/><V50/><F130/><T86/><D3/><U124/><E124/><V95/><F118/><T81/><D0/><U79/><E79/><V112/><F95/><T88/><D75/><U46/><E46/><V97/><F78/><T98/><D98/><U44/><E44/><V100/><F119/><T133/><D133/><U35/><E35/><V40/><F132/><T70/><D87/><U1/><E1/><V116/><F112/><T33/><D33/><U83/><E83/><V127/><F116/><T96/><D96/><U49/><E49/><V76/><F127/><T71/><D38/><U91/><E91/><V135/><F97/><T89/><D89/><RYUUKYOKU ba="0,1" sc="188,-10,212,20,640,-10,0,0" hai1="43,45,48,55,56,57,60,63,80,84,90,92,93" /><INIT seed="5,1,1,3,5,71" ten="178,232,630,0" oya="1" hai0="88,117,111,3,73,0,2,40,123,129,45,100,80" hai1="112,51,92,75,135,42,41,60,119,36,91,97,95" hai2="82,39,32,78,72,47,49,109,103,104,77,122,121" hai3=""/><U66/><E75/><V107/><N who="2" m="31008" /><V90/><N who="2" m="31264" /><V76/><F32/><T131/><N who="0" m="31520" /><T68/><D68/><U96/><E119/><V1/><F1/><T64/><D64/><U113/><E135/><V102/><F109/><T67/><D67/><U59/><E36/><V44/><F39/><T115/><D111/><U87/><E87/><V58/><F58/><T110/><D110/><U120/><N who="1" m="30752" /><U55/><E113/><V116/><F116/><T48/><D115/><U84/><E112/><V69/><F69/><T127/><D117/><U43/><REACH who="1" step="1"/><E95/><REACH who="1" ten="178,222,630,0" step="2"/><V108/><F108/><T34/><D34/><U52/><E52/><V81/><F72/><T85/><D73/><U33/><E33/><V63/><F81/><T86/><D127/><U99/><E99/><V125/><F82/><T133/><D133/><U134/><E134/><V130/><F125/><T37/><D37/><U89/><E89/><V98/><F90/><T46/><D86/><U65/><E65/><V74/><F98/><T83/><D83/><U124/><E124/><V101/><F74/><T79/><D88/><U118/><E118/><V56/><F77/><T93/><D93/><U50/><E50/><V128/><F78/><T105/><D79/><RYUUKYOKU ba="1,2" sc="178,-10,222,20,630,-10,0,0" hai1="41,42,43,51,55,59,60,66,84,91,92,96,97" /><INIT seed="5,2,2,0,1,106" ten="168,242,620,0" oya="1" hai0="134,73,49,70,74,46,66,80,94,104,95,44,35" hai1="99,63,115,120,129,113,47,88,72,78,32,119,90" hai2="2,79,53,39,107,131,42,97,41,76,114,122,105" hai3=""/><U126/><N who="1" m="30752" /><U45/><E32/><V112/><N who="2" m="31264" /><V75/><F2/><T102/><D35/><U54/><E119/><V33/><F33/><T132/><D104/><U43/><E129/><V50/><F131/><T96/><D46/><U83/><E126/><V110/><F110/><T133/><D95/><U51/><E63/><V64/><F64/><T92/><D92/><U109/><E109/><V98/><F50/><T128/><D128/><U91/><REACH who="1" step="1"/><E99/><REACH who="1" ten="168,232,620,0" step="2"/><V89/><F98/><T101/><D101/><U48/><AGARI ba="2,3" hai="43,45,47,48,51,54,72,78,83,88,90,91,113,115" m="30752" machi="48" ten="30,12000,2" yaku="1,1,2,1,0,1,52,2,54,1,53,0" doraHai="106" doraHaiUra="103" who="1" fromWho="1" sc="168,-62,232,154,620,-62,0,0" /><INIT seed="5,3,0,4,1,89" ten="106,386,558,0" oya="1" hai0="35,42,40,92,41,90,68,39,48,110,118,96,108" hai1="72,116,87,79,50,69,51,117,91,32,37,128,123" hai2="88,2,111,57,53,78,3,47,101,52,135,103,129" hai3=""/><U121/><N who="1" m="31008" /><U122/><N who="1" m="31264" /><U67/><N who="1" m="31520" /><U133/><E32/><V76/><F111/><T102/><D35/><U66/><E37/><V106/><F57/><T59/><D39/><U94/><E133/><V100/><F135/><T74/><D68/><U70/><E128/><V65/><F65/><T83/><D118/><U132/><E132/><V34/><F34/><T109/><D74/><U112/><E112/><V120/><F106/><T104/><D83/><U56/><E79/><V73/><F73/><T82/><D82/><U99/><E72/><V77/><F129/><T95/><D90/><U114/><E114/><V33/><F88/><T45/><REACH who="0" step="1"/><D59/><REACH who="0" ten="96,386,558,0" step="2"/><U93/><E117/><V62/><N who="2" m="30752" /><V86/><F33/><T54/><AGARI ba="3,1" hai="40,41,42,45,48,54,92,95,96,102,104,108,109,110" machi="54" ten="40,6000,1" yaku="1,1,0,1,52,2,53,0" doraHai="89" doraHaiUra="125" who="0" fromWho="0" sc="96,76,386,-43,558,-23,0,0" /><INIT seed="6,0,0,3,1,83" ten="172,343,535,0" oya="2" hai0="98,120,78,66,86,59,135,115,88,121,80,38,32" hai1="110,114,74,45,42,37,128,34,82,39,52,134,116" hai2="40,100,62,87,68,61,130,55,105,60,53,107,94" hai3=""/><V106/><F130/><T119/><N who="0" m="30752" /><T51/><N who="0" m="31008" /><T91/><D32/><U2/><E34/><V104/><F104/><T123/><N who="0" m="31520" /><T43/><D119/><U1/><E37/><V57/><F40/><T131/><D115/><U93/><E52/><V0/><F0/><T127/><D131/><U124/><E93/><V50/><F68/><T35/><D35/><U85/><E82/><V90/><REACH who="2" step="1"/><F100/><REACH who="2" ten="172,343,525,0" step="2"/><T70/><D135/><U133/><E134/><V111/><F111/><T129/><D127/><U113/><E124/><V112/><F112/><T64/><D129/><U102/><E128/><V54/><AGARI ba="0,1" hai="50,53,54,55,57,60,61,62,87,90,94,105,106,107" machi="54" ten="40,12000,2" yaku="1,1,0,1,52,1,53,3" doraHai="83" doraHaiUra="101" who="2" fromWho="2" sc="172,-60,343,-60,525,130,0,0" owari="112,-49.0,283,-12.0,655,61.0,0,0.0" /></mjloggm>