<mjloggm ver="2.3"><GO type="169" lobby="0"/><UN n0="%E3%83%8F%E3%82%B9%E5%A4%AA" n1="%41%4D%41%4C%49%41" n2="%E3%82%B7%E3%83%A9%E3%80%82" n3="%E2%98%85%E3%83%9B%E3%83%BC%E3%82%B9%E2%98%85" dan="16,16,17,16" rate="2112.94,2109.08,2175.76,2170.24" sx="M,M,M,M"/><TAIKYOKU oya="0"/><INIT seed="0,0,0,4,1,96" ten="250,250,250,250" oya="0" hai0="67,50,29,87,110,8,88,47,74,72,114,117,9" hai1="86,54,75,38,82,41,63,0,91,120,101,59,85" hai2="25,46,52,42,77,126,98,16,79,70,124,111,43" hai3="132,65,7,14,44,62,37,95,73,108,118,28,23"/><T5/><D114/><U4/><E120/><V26/><F111/><W53/><G108/><T81/><D110/><U106/><E75/><V57/><F70/><W21/><G118/><T102/><D117/><U35/><E35/><V60/><F98/><W33/><G73/><T49/><D67/><U128/><E0/><V122/><F122/><W116/><G116/><T97/><D29/><U112/><E4/><V32/><F32/><W30/><G132/><T83/><D83/><U19/><E112/><V80/><F43/><W92/><G33/><T134/><D134/><U22/><E128/><V131/><F131/><W66/><G37/><T56/><D56/><U51/><E38/><V6/><F6/><W12/><G62/><T103/><D50/><U40/><E63/><V61/><F61/><W20/><G53/><T115/><D115/><U48/><E48/><N who="2" m="26711" /><F80/><W39/><G39/><T13/><D8/><U55/><E55/><V78/><F16/><W113/><G113/><T89/><D89/><N who="1" m="51383" /><E101/><V10/><F10/><W17/><G44/><T31/><D103/><U135/><E106/><V3/><F3/><W2/><G2/><T64/><D64/><N who="3" m="24681" /><G7/><T11/><D11/><U127/><E135/><V99/><F99/><W27/><G17/><T129/><D129/><U15/><E127/><AGARI ba="0,0" hai="25,26,52,57,60,77,78,79,124,126,127" m="26711" machi="127" ten="30,2000,0" yaku="18,1,54,1" doraHai="96" who="2" fromWho="1" sc="250,0,250,-20,250,20,250,0" /><INIT seed="1,0,0,3,2,4" ten="250,230,270,250" oya="1" hai0="88,89,133,2,9,26,51,125,28,101,126,8,117" hai1="72,97,50,107,80,121,122,0,1,134,84,17,49" hai2="5,22,64,39,43,82,58,98,90,61,118,99,128" hai3="69,42,95,105,25,81,52,129,3,20,79,27,86"/><U127/><E72/><V60/><F118/><W111/><G105/><T35/><D117/><U65/><E65/><V87/><F128/><W131/><G69/><T63/><D2/><U55/><E107/><V21/><F5/><W29/><G111/><T67/><D133/><U14/><E97/><V36/><F36/><W113/><G113/><T130/><D130/><N who="3" m="49673" /><G42/><T114/><D114/><U7/><E134/><V132/><F132/><W106/><G106/><T41/><D101/><U70/><E50/><V44/><F99/><W116/><G116/><T77/><D77/><U83/><E83/><V91/><F98/><W12/><G3/><T32/><D32/><U59/><E70/><V62/><F62/><W45/><G95/><T94/><D51/><U24/><E24/><V120/><F120/><W93/><G93/><T102/><D102/><U54/><E54/><V47/><F47/><W66/><G66/><T30/><D30/><U68/><E68/><V71/><REACH who="2" step="1"/><F91/><REACH who="2" ten="250,230,260,250" step="2"/><W33/><G45/><T18/><D89/><N who="1" m="51335" /><E0/><V78/><F78/><W135/><G135/><T109/><D109/><U31/><E1/><V15/><F15/><W85/><G12/><T19/><D63/><U100/><E100/><V11/><F11/><N who="0" m="4170" /><D67/><AGARI ba="0,1" hai="21,22,39,43,44,58,60,61,64,67,71,82,87,90" machi="67" ten="30,2000,0" yaku="1,1,7,1,53,0" doraHai="4" doraHaiUra="110" who="2" fromWho="0" sc="250,-20,230,0,260,30,250,0" /><INIT seed="2,0,0,5,2,21" ten="230,230,290,250" oya="2" hai0="22,45,131,32,92,42,84,99,51,46,67,132,68" hai1="49,89,86,126,129,5,106,125,121,80,96,118,76" hai2="87,63,0,36,90,120,64,122,47,60,44,79,19" hai3="50,73,81,4,100,35,104,108,134,37,48,72,52"/><V119/><F119/><W97/><G37/><T38/><D32/><U135/><E5/><V94/><F0/><W2/><G134/><T27/><D132/><U105/><E135/><V77/><F122/><W1/><G108/><T133/><D133/><U66/><E66/><V31/><F120/><W11/><G1/><T61/><D131/><U7/><E121/><V98/><F31/><W9/><G9/><T101/><D84/><U117/><E49/><V82/><F36/><W54/><G81/><T109/><D109/><U29/><E7/><V18/><F77/><W75/><G35/><T83/><D83/><U34/><E29/><V59/><REACH who="2" step="1"/><F60/><REACH who="2" ten="230,230,280,250" step="2"/><W91/><G91/><T20/><D38/><U24/><E129/><V69/><F69/><W103/><G103/><T112/><D112/><U41/><E118/><V128/><F128/><W25/><G48/><T123/><D123/><U62/><E62/><V56/><F56/><W71/><G71/><T13/><D46/><AGARI ba="0,1" hai="18,19,44,46,47,59,63,64,79,82,87,90,94,98" machi="46" ten="40,3900,0" yaku="1,1,8,1,53,0" doraHai="21" doraHaiUra="102" who="2" fromWho="0" sc="230,-39,230,0,280,49,250,0" /><INIT seed="2,1,0,2,2,6" ten="191,230,329,250" oya="2" hai0="107,110,32,82,111,85,19,47,16,14,134,17,30" hai1="115,108,37,99,76,92,81,66,64,118,39,72,34" hai2="61,113,124,15,26,54,20,11,95,117,106,128,97" hai3="103,93,86,75,21,70,55,73,52,130,35,104,77"/><V4/><F113/><W3/><G35/><T24/><D107/><U123/><E115/><V88/><F128/><W98/><G70/><T90/><D134/><U116/><E34/><V53/><F124/><W68/><G68/><T1/><D1/><U63/><E66/><V80/><F117/><W89/><G130/><T5/><REACH who="0" step="1"/><D47/><REACH who="0" ten="181,230,329,250" step="2"/><U36/><E123/><V33/><F106/><W23/><G3/><T133/><D133/><U22/><E118/><V0/><F0/><W62/><G75/><T59/><D59/><U101/><E116/><V40/><F33/><W96/><G73/><T8/><AGARI ba="1,1" hai="5,8,14,16,17,19,24,30,32,82,85,90,110,111" machi="8" ten="30,8000,1" yaku="1,1,0,1,52,1,54,1,53,1" doraHai="6" doraHaiUra="2" who="0" fromWho="0" sc="181,93,230,-21,329,-41,250,-21" /><INIT seed="3,0,0,3,4,40" ten="274,209,288,229" oya="3" hai0="130,39,63,37,20,1,117,70,27,93,19,78,68" hai1="127,124,73,50,91,60,8,74,18,55,79,104,14" hai2="118,26,132,80,22,0,65,34,99,135,24,96,75" hai3="29,120,114,98,33,2,82,97,46,85,6,32,42"/><W9/><G120/><T23/><D117/><U115/><E115/><V125/><F118/><W48/><G114/><T71/><D1/><U107/><E60/><V88/><F125/><N who="1" m="48201" /><E91/><V51/><F0/><W81/><G81/><T25/><D130/><U109/><E109/><V121/><F121/><W16/><G29/><T35/><D35/><U36/><E36/><V106/><F65/><W90/><G98/><T62/><D78/><U5/><E5/><V122/><F122/><W84/><G84/><T126/><D126/><U66/><E66/><V105/><F75/><N who="1" m="28681" /><E79/><V129/><F129/><W7/><G7/><T131/><D131/><U57/><AGARI ba="0,0" hai="8,14,18,50,55,57,104,107" m="28681,48201" machi="57" ten="30,1100,0" yaku="18,1" doraHai="40" who="1" fromWho="1" sc="274,-3,209,11,288,-3,229,-5" /><INIT seed="4,0,0,4,2,51" ten="271,220,285,224" oya="0" hai0="55,96,67,17,81,28,10,4,110,57,32,111,135" hai1="77,69,58,24,131,76,106,84,97,13,93,79,99" hai2="49,56,68,5,95,80,46,128,134,44,120,117,64" hai3="86,112,15,126,123,66,127,92,113,39,91,43,29"/><T71/><D135/><U61/><E69/><V31/><F120/><W129/><G29/><T6/><D81/><U60/><E131/><V75/><F68/><W132/><G66/><T25/><D96/><U107/><E61/><V34/><F134/><W121/><G43/><T20/><D67/><U90/><E24/><V98/><F128/><W14/><G39/><T82/><D82/><U59/><E59/><V70/><F117/><W12/><G129/><T1/><D6/><U102/><E13/><V47/><F70/><W45/><G45/><T108/><D71/><U89/><E58/><V125/><F5/><W101/><G101/><T23/><REACH who="0" step="1"/><D17/><REACH who="0" ten="261,220,285,224" step="2"/><U18/><E18/><V8/><F64/><W53/><G132/><T2/><D2/><U52/><E99/><V116/><F98/><W35/><G123/><T7/><D7/><U100/><E97/><V54/><F80/><W94/><G121/><T78/><D78/><U87/><E79/><V3/><F3/><W114/><G114/><T88/><D88/><U41/><E77/><V73/><F116/><W48/><G113/><T26/><D26/><U22/><E76/><V19/><F19/><W50/><G112/><T16/><D16/><U104/><E90/><V115/><F115/><W42/><G91/><T103/><D103/><U83/><E89/><V37/><F75/><W27/><G27/><T21/><D21/><U119/><E102/><V118/><F73/><W62/><G12/><T109/><N who="0" m="27648" /><DORA hai="133" /><T105/><D105/><U30/><E104/><V9/><F118/><W40/><G14/><T122/><D122/><RYUUKYOKU ba="0,1" sc="261,30,220,-10,285,-10,224,-10" hai0="1,4,10,20,23,25,28,32,55,57" /><INIT seed="4,1,1,5,5,23" ten="291,210,275,214" oya="0" hai0="119,122,31,87,11,94,75,105,47,84,82,76,99" hai1="5,130,108,0,74,48,101,120,128,20,50,33,42" hai2="100,56,117,2,65,16,22,18,28,29,86,92,49" hai3="24,104,44,52,8,85,53,21,98,112,73,129,34"/><T93/><D119/><U45/><E108/><V26/><F117/><W88/><G73/><T36/><D122/><U59/><E33/><V69/><F2/><W9/><G34/><T17/><D31/><U40/><E120/><V1/><F1/><W30/><G129/><N who="1" m="49770" /><E74/><V68/><F68/><W97/><G104/><T116/><D116/><U4/><E0/><V115/><F115/><W127/><G127/><T107/><D17/><U46/><E101/><V121/><F69/><W67/><G67/><T61/><D61/><U131/><E131/><V25/><F121/><W96/><G112/><T125/><D47/><U12/><E12/><V35/><F65/><W106/><G106/><N who="0" m="40459" /><D11/><N who="3" m="4169" /><G44/><N who="1" m="17002" /><E20/><N who="2" m="15431" /><F100/><W123/><G123/><T134/><D36/><U80/><E80/><AGARI ba="1,1" hai="21,24,30,52,53,80,85,88,96,97,98" m="4169" machi="80" ten="30,7700,0" yaku="8,1,52,1,54,2" doraHai="23" who="3" fromWho="1" sc="291,0,210,-80,275,0,214,90" /><INIT seed="5,0,0,1,4,0" ten="291,130,275,304" oya="1" hai0="38,44,107,96,67,85,72,108,123,58,11,87,49" hai1="133,97,25,47,74,69,94,42,14,57,16,23,62" hai2="60,81,10,84,77,76,51,121,91,110,129,61,125" hai3="55,3,120,65,103,6,46,37,92,2,17,78,118"/><U89/><E74/><V82/><F110/><W115/><G120/><T52/><D108/><U104/><E133/><V127/><F121/><W135/><G135/><T122/><D72/><U22/><E104/><V93/><F129/><W64/><G2/><T18/><D123/><U131/><E131/><V8/><F51/><W32/><G32/><T30/><D122/><U45/><E69/><V95/><F84/><W39/><G39/><T31/><D96/><U113/><E42/><V4/><F91/><W7/><G3/><T9/><D38/><U70/><E70/><V75/><F75/><W19/><G78/><T24/><D18/><N who="3" m="6665" /><G37/><T116/><D116/><U59/><E59/><V106/><F106/><W34/><G34/><T26/><D67/><N who="3" m="25673" /><G115/><T79/><D107/><U98/><E98/><V124/><F127/><W27/><G27/><N who="0" m="10283" /><D79/><U15/><E113/><V88/><F88/><W50/><G118/><T105/><D105/><U126/><E126/><V36/><F36/><W83/><G83/><T40/><D58/><U134/><E134/><V114/><F114/><W21/><G21/><T111/><D40/><U112/><E112/><V12/><F12/><W63/><G63/><T20/><D20/><U48/><E48/><V56/><F56/><W102/><G92/><T100/><D100/><AGARI ba="0,0" hai="6,7,46,50,55,100,102,103" m="25673,6665" machi="100" ten="30,3900,0" yaku="8,1,52,2" doraHai="0" who="3" fromWho="0" sc="291,-39,130,0,275,0,304,39" /><INIT seed="6,0,0,3,1,48" ten="252,130,275,343" oya="2" hai0="133,90,64,44,119,69,101,113,114,20,62,74,91" hai1="52,70,53,4,83,29,99,93,2,7,75,57,135" hai2="28,97,43,125,23,107,110,33,13,35,31,118,47" hai3="18,126,51,40,16,71,17,89,36,22,46,128,80"/><V84/><F118/><W124/><G71/><T100/><D74/><U37/><E70/><V117/><F117/><W21/><G128/><T72/><D119/><U123/><E37/><V5/><F125/><N who="3" m="48235" /><G89/><T42/><D72/><U108/><E108/><V96/><F110/><W10/><G80/><T122/><D122/><U106/><E106/><V60/><F35/><W3/><G36/><T19/><D133/><U127/><E29/><V121/><F33/><W59/><G59/><T8/><D8/><U63/><E2/><V61/><F107/><W81/><G81/><T12/><D101/><U87/><E75/><V94/><F84/><W85/><G85/><T104/><D100/><N who="1" m="60527" /><E135/><V76/><F97/><W132/><G132/><T56/><D69/><U131/><E131/><V116/><F76/><W88/><G88/><T82/><D104/><U86/><E86/><V68/><F68/><W50/><G50/><N who="0" m="26903" /><D82/><U26/><E26/><V112/><F121/><W102/><G102/><T103/><D103/><U129/><E123/><V73/><F73/><W120/><G120/><T58/><D91/><N who="1" m="51711" /><E129/><V39/><F116/><W78/><G78/><T105/><D90/><U1/><E1/><V32/><F39/><W49/><G49/><T95/><D105/><U24/><E24/><V109/><F109/><W41/><G41/><T130/><D95/><U9/><E127/><V66/><F94/><W54/><G40/><T27/><D130/><U115/><E9/><V14/><F43/><W92/><G92/><T11/><D11/><U6/><E115/><N who="0" m="44041" /><D27/><U134/><E134/><V79/><F112/><RYUUKYOKU ba="0,0" sc="252,10,130,10,275,-30,343,10" hai0="12,19,20,56,58,62,64" hai1="4,6,7,52,53,57,63" hai3="3,10,16,17,18,21,22,46,51,54" /><INIT seed="7,1,0,0,1,40" ten="262,140,245,353" oya="3" hai0="89,100,122,67,41,86,2,134,87,76,62,29,130" hai1="19,128,75,131,13,30,123,104,73,80,108,0,92" hai2="10,63,35,7,120,96,23,102,125,28,115,126,97" hai3="34,33,32,109,43,42,9,70,114,22,52,112,46"/><W82/><G70/><T71/><D122/><U85/><E0/><V69/><F120/><W51/><G109/><T5/><D130/><U95/><E30/><V121/><F121/><W24/><G9/><T98/><D134/><U66/><E66/><V83/><F115/><N who="3" m="44075" /><G82/><T53/><D41/><U61/><E61/><V3/><F35/><N who="3" m="8963" /><W15/><DORA hai="58" /><G15/><T6/><D71/><U74/><E123/><V27/><F83/><W39/><G39/><T93/><D2/><U44/><E108/><V90/><F90/><W111/><G111/><T133/><D89/><U106/><E19/><AGARI ba="1,0" hai="19,22,24,42,43,46,51,52" m="8963,44075" machi="19" ten="40,7700,0" yaku="15,1,52,1,54,1" doraHai="40,58" who="3" fromWho="1" sc="262,0,140,-80,245,0,353,80" owari="262,6.0,60,-44.0,245,-15.0,433,53.0" /></mjloggm>