<mjloggm ver="2.3"><GO type="185" lobby="0"/><UN n0="%E3%81%BF%E3%83%BC%E3%82%8F" n1="%E3%82%A2%E3%83%AA%E3%82%A2%E3%83%AA%E5%90%9B" n2="%E3%81%97%E3%82%87%E3%81%86%E3%81%90%E3%82%93%EF%BC%94" n3="" dan="17,16,17,0" rate="2259.16,2234.59,2217.39,1500.00" sx="M,M,M,C"/><TAIKYOKU oya="0"/><INIT seed="0,0,0,2,2,0" ten="350,350,350,0" oya="0" hai0="39,83,95,118,92,40,132,69,47,119,73,62,42" hai1="70,99,91,106,54,63,44,41,45,117,75,78,126" hai2="33,110,80,84,50,121,109,105,113,85,60,124,76" hai3=""/><T102/><D132/><U112/><E117/><V81/><N who="2" m="31008" /><V2/><F113/><T125/><D125/><U79/><E126/><V68/><F2/><T131/><D131/><U32/><E112/><V43/><F105/><T1/><D1/><U103/><E32/><V57/><F124/><T116/><D42/><U96/><E45/><V115/><F68/><T128/><D128/><U72/><E78/><V53/><F115/><T101/><D83/><U46/><E46/><V93/><F93/><T37/><D73/><U100/><E91/><V134/><F134/><T49/><D39/><U129/><E79/><V97/><F97/><T135/><D135/><U56/><E70/><V90/><F33/><T61/><D69/><U114/><E114/><V38/><F38/><T127/><D127/><U51/><REACH who="1" step="1"/><E129/><REACH who="1" ten="350,340,350,0" step="2"/><V107/><F76/><T88/><D119/><U82/><E82/><V98/><F90/><T59/><D118/><U86/><E86/><V36/><F85/><T55/><D116/><U65/><E65/><V66/><F84/><T52/><D88/><U35/><E35/><V34/><F34/><T89/><D89/><U67/><E67/><V133/><F133/><T3/><D47/><U64/><E64/><V77/><F66/><RYUUKYOKU ba="0,1" sc="350,-10,340,20,350,-10,0,0" hai1="41,44,51,54,56,63,72,75,96,99,100,103,106" /><INIT seed="1,1,1,1,1,130" ten="340,360,340,0" oya="1" hai0="66,77,62,120,54,116,118,44,53,3,72,115,92" hai1="83,101,125,112,91,43,100,52,51,106,104,49,88" hai2="102,42,46,38,73,35,96,68,109,55,131,0,114" hai3=""/><U76/><E112/><V93/><F131/><T128/><N who="0" m="30752" /><T71/><D115/><U107/><E125/><V97/><F0/><T134/><D3/><U70/><E70/><V105/><F73/><T50/><D128/><U132/><E132/><V99/><F35/><T108/><D108/><U33/><E33/><V117/><F109/><T56/><D134/><U47/><E100/><V133/><F117/><N who="0" m="45162" /><D92/><U90/><E101/><V98/><F68/><T2/><D2/><U69/><E69/><V78/><F78/><T94/><D94/><U45/><REACH who="1" step="1"/><E107/><REACH who="1" ten="340,350,340,0" step="2"/><V1/><F1/><T113/><D113/><U40/><E40/><V80/><F114/><T48/><D71/><U127/><E127/><V79/><F133/><T119/><D119/><U60/><E60/><V103/><F55/><T63/><D54/><U129/><E129/><V61/><F61/><T85/><D63/><U67/><E67/><V111/><F111/><T135/><D62/><U34/><E34/><V95/><F105/><T41/><D135/><U121/><N who="1" m="31008" /><U74/><AGARI ba="1,2" hai="43,45,47,49,51,52,74,76,83,88,90,91,104,106" m="31008" machi="74" ten="30,12000,2" yaku="1,1,4,1,0,1,52,1,54,2,53,0" doraHai="130" doraHaiUra="110" who="1" fromWho="1" sc="340,-61,350,142,340,-61,0,0" /><INIT seed="1,2,0,2,5,115" ten="279,492,279,0" oya="1" hai0="56,73,49,51,68,33,54,125,118,130,135,79,90" hai1="116,57,132,63,100,82,112,110,66,107,85,123,93" hai2="113,77,128,103,37,91,119,58,32,92,1,70,3" hai3=""/><U47/><N who="1" m="31520" /><U114/><E110/><V71/><F37/><T55/><D33/><U106/><E132/><V44/><F103/><T111/><D135/><U104/><E116/><V94/><F77/><T87/><D111/><U61/><E47/><V34/><F58/><T35/><D35/><U41/><E41/><V81/><F81/><T95/><D130/><U124/><E124/><V99/><F91/><T69/><D125/><U98/><REACH who="1" step="1"/><E63/><REACH who="1" ten="279,482,279,0" step="2"/><V48/><F44/><T84/><D118/><U101/><E101/><V127/><F127/><T129/><D129/><U76/><AGARI ba="2,1" hai="57,61,66,76,82,85,93,98,100,104,106,107,112,114" m="31520" machi="76" ten="30,4000,0" yaku="1,1,0,1,52,1,53,0" doraHai="115" doraHaiUra="50" who="1" fromWho="1" sc="279,-22,482,54,279,-22,0,0" /><INIT seed="1,3,0,5,1,65" ten="257,536,257,0" oya="1" hai0="130,3,115,60,96,87,47,46,66,91,81,132,73" hai1="105,82,127,64,131,120,32,37,83,90,134,72,121" hai2="104,102,86,49,54,119,69,112,100,117,108,109,35" hai3=""/><U97/><N who="1" m="30752" /><U114/><N who="1" m="31008" /><U44/><E32/><V125/><F35/><T129/><D115/><U36/><E114/><V79/><F112/><T123/><N who="0" m="31520" /><T76/><D3/><U38/><E134/><V88/><F79/><T59/><D132/><U34/><E34/><V85/><F69/><T33/><D33/><U101/><E131/><V128/><F128/><N who="0" m="49258" /><D96/><U48/><E127/><V55/><F49/><T77/><D77/><U39/><E64/><V61/><F61/><T58/><D59/><U57/><E57/><V99/><F99/><T126/><D126/><U53/><N who="1" m="9216" /><DORA hai="52" /><U43/><E72/><V51/><F125/><T89/><D91/><U92/><REACH who="1" step="1"/><E43/><REACH who="1" ten="257,526,257,0" step="2"/><V111/><F109/><T70/><D58/><U113/><E113/><V2/><F111/><T124/><D124/><U45/><E45/><V40/><F108/><T63/><D46/><U110/><E110/><V78/><F40/><T107/><D47/><U41/><E41/><V74/><F74/><T56/><D73/><U42/><E42/><V93/><F55/><T75/><D75/><U118/><E118/><V95/><F54/><T62/><D66/><U122/><N who="1" m="31264" /><U71/><E71/><V135/><F135/><T67/><D70/><RYUUKYOKU ba="3,1" sc="257,-10,526,20,257,-10,0,0" hai1="44,48,53,82,83,90,92,97,101,105" /><INIT seed="1,4,1,4,0,81" ten="247,546,247,0" oya="1" hai0="38,112,105,114,92,102,83,43,39,115,104,98,96" hai1="44,59,100,118,87,48,110,95,47,69,133,103,52" hai2="130,65,42,41,113,85,73,106,120,54,62,123,60" hai3=""/><U94/><E118/><V84/><N who="2" m="30752" /><V135/><N who="2" m="31520" /><V64/><F73/><T125/><D125/><U109/><E69/><V46/><F106/><T132/><D132/><U75/><E75/><V128/><F54/><T49/><D38/><U33/><E33/><V45/><F135/><T2/><D2/><U61/><E47/><V126/><F126/><T32/><D32/><U1/><E1/><V99/><F99/><T51/><D83/><U68/><E68/><V122/><N who="2" m="31264" /><V0/><F0/><T70/><D70/><U134/><E134/><V3/><F3/><T119/><D119/><U91/><E133/><V79/><F79/><T127/><D127/><U116/><E116/><V121/><N who="2" m="31008" /><V129/><F129/><T56/><D104/><U111/><E94/><V67/><F67/><AGARI ba="4,1" hai="44,48,52,59,61,67,87,91,95,100,103,109,110,111" machi="67" ten="40,12000,1" yaku="14,1,10,1,52,1,54,1" doraHai="81" who="1" fromWho="2" sc="247,0,546,138,247,-128,0,0" /><INIT seed="1,5,0,5,4,76" ten="247,684,119,0" oya="1" hai0="86,99,115,40,123,66,68,35,97,49,130,134,64" hai1="2,60,114,54,81,111,90,1,104,85,74,128,132" hai2="83,47,91,100,39,98,71,43,79,48,84,55,102" hai3=""/><U129/><E114/><V112/><F71/><T120/><N who="0" m="30752" /><T103/><N who="0" m="31520" /><T89/><D115/><U87/><E74/><V58/><F112/><T46/><D35/><U51/><E132/><V95/><REACH who="2" step="1"/><F39/><REACH who="2" ten="247,684,109,0" step="2"/><T67/><D134/><U63/><E129/><V69/><F69/><T94/><D130/><U37/><E128/><V124/><F124/><T105/><D68/><U32/><E37/><V41/><F41/><T93/><D105/><U36/><E32/><V72/><F72/><T33/><D33/><U133/><E36/><V65/><F65/><T119/><D119/><U70/><E133/><V116/><F116/><T96/><AGARI ba="5,1" hai="40,46,49,64,66,67,86,89,93,94,96,97,99,103" m="31520,30752" machi="96" ten="30,5900,0" yaku="0,1,8,1,52,2" doraHai="76" who="0" fromWho="0" sc="247,79,684,-44,109,-25,0,0" /><INIT seed="2,0,0,1,3,51" ten="326,640,84,0" oya="2" hai0="133,99,135,77,35,79,56,73,64,38,78,67,54" hai1="39,80,0,114,49,40,65,90,47,109,68,116,34" hai2="89,91,102,70,120,113,97,75,45,71,121,88,46" hai3=""/><V100/><N who="2" m="30752" /><V123/><N who="2" m="31008" /><V44/><N who="2" m="31520" /><V87/><F75/><T110/><D35/><U117/><E34/><V59/><F113/><T57/><D110/><U122/><N who="1" m="31264" /><U129/><E0/><V108/><F108/><T63/><D38/><U50/><E129/><V92/><F59/><T33/><D33/><U72/><E114/><V60/><F60/><T118/><D118/><N who="1" m="45675" /><E109/><V32/><F32/><T131/><D131/><U96/><E96/><V95/><REACH who="2" step="1"/><F102/><REACH who="2" ten="326,640,74,0" step="2"/><T61/><D73/><U3/><E3/><V66/><F66/><T48/><D67/><U74/><E65/><V134/><F134/><T93/><D63/><U69/><E72/><V111/><F111/><T130/><D130/><U53/><E74/><V41/><F41/><T55/><D64/><U85/><E69/><AGARI ba="0,1" hai="44,45,46,69,70,71,87,88,89,91,92,95,97,100" m="31520,31008,30752" machi="69" ten="40,12000,1" yaku="1,1,52,3,54,1,53,0" doraHai="51" doraHaiUra="76" who="2" fromWho="1" sc="326,0,640,-120,74,130,0,0" /><INIT seed="2,1,0,1,0,71" ten="326,520,204,0" oya="2" hai0="102,81,128,130,110,95,119,125,129,127,104,84,52" hai1="57,61,99,83,97,123,65,90,38,49,50,64,63" hai2="88,98,48,78,109,131,72,105,87,40,47,60,86" hai3=""/><V79/><F131/><T77/><D119/><U134/><N who="1" m="31520" /><U122/><N who="1" m="31264" /><U41/><E38/><V80/><F109/><T66/><D66/><U59/><E134/><V51/><F72/><T89/><D52/><U53/><E41/><V113/><F113/><T34/><D34/><U69/><E50/><V73/><F73/><T33/><D33/><U54/><E54/><V115/><F115/><T93/><D110/><U91/><E91/><V124/><F124/><N who="0" m="47690" /><D77/><U58/><E69/><V67/><F51/><T45/><D45/><U35/><E35/><V101/><REACH who="2" step="1"/><F86/><AGARI ba="1,0" hai="49,53,57,58,59,61,63,64,65,83,86,90,97,99" m="31264,31520" machi="86" ten="40,8000,1" yaku="9,1,8,1,52,2" doraHai="71" who="1" fromWho="2" sc="326,0,520,82,204,-82,0,0" /><INIT seed="4,0,0,3,3,131" ten="326,602,122,0" oya="0" hai0="62,0,72,61,112,42,107,50,51,92,40,116,97" hai1="115,88,87,1,93,58,37,122,54,73,89,38,126" hai2="34,86,59,78,64,110,33,84,104,106,48,80,56" hai3=""/><T123/><N who="0" m="31520" /><T85/><D116/><U120/><N who="1" m="30752" /><U134/><N who="1" m="31264" /><U113/><E1/><V41/><F110/><T132/><D0/><U45/><E73/><V65/><F41/><T130/><D72/><U117/><E117/><V3/><F3/><T57/><D130/><U105/><E105/><V63/><F48/><T94/><D112/><N who="1" m="43083" /><E126/><V71/><F71/><T76/><D132/><U109/><E134/><V82/><REACH who="2" step="1"/><F63/><REACH who="2" ten="326,602,112,0" step="2"/><T102/><D62/><U118/><E118/><V119/><F119/><T70/><D70/><U75/><E109/><V127/><F127/><T121/><N who="0" m="31008" /><T90/><D51/><U47/><E37/><V100/><F100/><T46/><D40/><U128/><E128/><V69/><F69/><T101/><D102/><U68/><E68/><V43/><F43/><T98/><D101/><U49/><E38/><V35/><F35/><T133/><D133/><U53/><E75/><V135/><F135/><T36/><D36/><U129/><E129/><V124/><F124/><T79/><D61/><U125/><E125/><V114/><F114/><T2/><D2/><U39/><E39/><V103/><F103/><T67/><D42/><U91/><E47/><V81/><F81/><T95/><D46/><RYUUKYOKU ba="0,1" sc="326,-20,602,10,112,10,0,0" hai1="45,49,53,54,58,87,88,89,91,93" hai2="33,34,56,59,64,65,78,80,82,84,86,104,106" /><INIT seed="5,1,1,2,2,77" ten="306,612,122,0" oya="1" hai0="44,50,51,1,128,37,122,88,66,133,91,78,76" hai1="96,111,42,116,75,83,67,112,81,115,94,3,85" hai2="35,60,89,47,127,0,82,84,55,34,73,38,109" hai3=""/><U102/><E3/><V107/><F109/><T121/><N who="0" m="31008" /><T134/><N who="0" m="31264" /><T52/><D1/><U80/><E67/><V106/><F0/><T100/><D100/><U68/><E68/><V120/><N who="2" m="30752" /><V97/><F127/><T32/><D32/><U135/><E111/><V54/><F73/><T119/><D128/><U61/><E61/><V132/><F132/><N who="0" m="50794" /><D119/><U114/><E135/><V53/><F60/><T56/><D66/><U117/><E42/><V125/><F125/><T45/><D37/><U123/><N who="1" m="31520" /><U92/><E75/><V62/><F62/><T70/><D70/><U41/><E41/><V129/><F129/><T130/><D130/><U108/><E108/><V63/><F63/><T99/><D56/><U101/><E101/><V118/><F118/><N who="1" m="45673" /><E92/><V59/><F38/><T124/><D124/><U90/><AGARI ba="1,1" hai="80,81,83,85,90,94,96,102,112,114,115" m="45673,31520" machi="90" ten="40,12000,2" yaku="15,1,34,2,52,4" doraHai="77" who="1" fromWho="1" sc="306,-61,612,132,122,-61,0,0" /><INIT seed="5,2,0,1,2,45" ten="245,744,61,0" oya="1" hai0="93,110,131,67,69,84,119,0,134,48,114,38,34" hai1="37,71,135,53,73,89,46,68,79,76,56,117,80" hai2="59,43,86,98,129,122,41,85,126,95,47,42,78" hai3=""/><U72/><E117/><V3/><N who="2" m="31264" /><V102/><F3/><T101/><D84/><U116/><E116/><V125/><F129/><T127/><D93/><U60/><E135/><V96/><F47/><T128/><D101/><U91/><E71/><V109/><F109/><T74/><D48/><U63/><E68/><V1/><F1/><T83/><D83/><U66/><E37/><V118/><F118/><T33/><D67/><U105/><E105/><V94/><F59/><T50/><D50/><U55/><E46/><V75/><F75/><T49/><D49/><U104/><E104/><V77/><REACH who="2" step="1"/><F42/><REACH who="2" ten="245,744,51,0" step="2"/><T100/><D34/><U107/><E56/><V54/><F54/><T70/><D69/><U81/><E66/><V51/><F51/><T35/><D33/><U111/><E111/><V133/><F133/><T130/><D131/><U82/><E82/><V112/><F112/><T108/><D110/><U120/><N who="1" m="30752" /><U87/><E53/><V124/><F124/><T90/><D35/><U99/><E55/><V106/><F106/><T62/><D130/><U65/><E107/><V32/><F32/><T88/><D128/><U57/><E57/><V2/><F2/><T39/><D0/><U121/><N who="1" m="31008" /><U97/><E65/><RYUUKYOKU ba="2,1" sc="245,-20,744,10,51,10,0,0" hai1="60,63,72,73,76,79,80,81,87,89,91,97,99" hai2="41,43,77,78,85,86,94,95,96,98,102,125,126" /><INIT seed="5,3,1,1,1,75" ten="225,754,61,0" oya="1" hai0="47,103,1,95,72,57,93,42,104,116,102,120,79" hai1="53,56,127,85,134,60,109,122,74,38,90,34,82" hai2="117,44,105,83,87,121,65,48,59,51,36,77,81" hai3=""/><U50/><N who="1" m="31264" /><U119/><E34/><V108/><N who="2" m="31008" /><V43/><F117/><T118/><N who="0" m="30752" /><T91/><D1/><U32/><E119/><N who="0" m="45609" /><D57/><U54/><E32/><V73/><F105/><T64/><D64/><U110/><E38/><V86/><F108/><T80/><D104/><U62/><E134/><V40/><F40/><T49/><D95/><U3/><E3/><V35/><F35/><T133/><D133/><U132/><E132/><V0/><F0/><T125/><D125/><U66/><E127/><V130/><F130/><T129/><D129/><U126/><E126/><V61/><REACH who="2" step="1"/><F73/><REACH who="2" ten="225,754,51,0" step="2"/><T55/><D42/><U101/><E74/><V70/><F70/><T97/><AGARI ba="3,2" hai="47,49,55,72,79,80,91,93,97,102,103" m="45609,30752" machi="97" ten="30,3000,0" yaku="12,1,52,2" doraHai="75" who="0" fromWho="0" sc="225,56,754,-23,51,-13,0,0" /><INIT seed="6,0,0,1,4,97" ten="281,731,38,0" oya="2" hai0="87,83,129,2,94,105,90,89,68,32,132,53,3" hai1="74,107,33,78,46,72,124,117,106,64,84,1,80" hai2="125,43,73,133,85,66,56,96,79,77,49,126,55" hai3=""/><V44/><F73/><T51/><D32/><U58/><E33/><V110/><F133/><T42/><D105/><U88/><E1/><V67/><F110/><T65/><D132/><U59/><E117/><V70/><F85/><T121/><N who="0" m="31008" /><T69/><D129/><U101/><E124/><N who="2" m="47723" /><F96/><T75/><D42/><U54/><E46/><V114/><F114/><T0/><D65/><N who="2" m="24586" /><F70/><T47/><D75/><U104/><E74/><V35/><F35/><T103/><D103/><U62/><E72/><V63/><AGARI ba="0,0" hai="43,44,49,55,56,63,77,79" m="24586,47723" machi="63" ten="30,1000,0" yaku="18,1" doraHai="97" who="2" fromWho="2" sc="281,-5,731,-5,38,10,0,0" /><INIT seed="6,1,0,4,2,0" ten="276,726,48,0" oya="2" hai0="110,131,50,67,93,77,32,38,73,54,44,126,36" hai1="68,100,121,109,132,60,98,59,89,99,90,49,83" hai2="111,41,62,113,116,35,33,72,46,52,40,86,63" hai3=""/><V120/><N who="2" m="30752" /><V43/><F116/><T69/><D32/><U106/><N who="1" m="31008" /><U94/><E109/><V53/><F72/><T87/><D110/><U102/><E132/><V135/><F111/><T96/><D131/><U42/><E68/><V61/><F135/><T82/><D126/><U112/><E112/><V78/><F113/><T123/><N who="0" m="31520" /><T70/><D73/><U91/><E49/><V108/><F108/><T2/><D2/><U85/><E42/><V57/><F46/><T103/><D67/><AGARI ba="1,0" hai="59,60,67,83,85,89,90,91,94,98,99,100,102,106" m="31008" machi="67" ten="30,2000,0" yaku="7,1,52,1" doraHai="0" who="1" fromWho="0" sc="276,-22,726,22,48,0,0,0" owari="254,-15.0,748,70.0,48,-55.0,0,0.0" /></mjloggm>