<mjloggm ver="2.3"><GO type="169" lobby="0"/><UN n0="%E3%81%8B%E3%81%A4%E3%81%A9%E3%82%93" n1="%E8%B1%9A%E3%81%AE%E7%8E%8B" n2="%E3%81%8D%E3%81%BF%E3%81%A9%E3%82%8A%E3%82%93" n3="%E3%83%9C%E3%83%9E%E3%83%BC" dan="17,16,17,16" rate="2222.01,2136.51,2195.38,2177.64" sx="F,M,F,M"/><TAIKYOKU oya="0"/><INIT seed="0,0,0,5,3,73" ten="250,250,250,250" oya="0" hai0="50,81,6,107,122,10,132,1,55,69,56,103,32" hai1="135,72,44,89,133,76,108,5,63,97,61,43,106" hai2="45,28,124,83,41,115,52,66,21,120,33,80,42" hai3="59,12,9,48,114,92,57,15,109,68,90,134,91"/><T18/><D122/><U67/><E5/><V129/><F120/><W85/><G68/><T75/><D132/><N who="1" m="50763" /><E108/><V101/><F115/><W4/><G114/><T71/><D32/><U38/><E89/><V78/><F129/><W51/><G109/><T36/><D36/><U87/><E72/><V112/><F33/><W26/><G134/><T25/><D107/><U27/><E27/><N who="2" m="16495" /><F124/><W11/><G26/><T74/><D103/><N who="1" m="62831" /><E67/><V130/><F83/><AGARI ba="0,0" hai="38,43,44,61,63,76,83,87" m="62831,50763" machi="83" ten="30,2000,0" yaku="20,1,52,1" doraHai="73" who="1" fromWho="2" sc="250,0,250,20,250,-20,250,0" /><INIT seed="1,0,0,4,3,70" ten="250,270,230,250" oya="1" hai0="106,81,17,21,102,16,24,42,130,61,53,35,100" hai1="112,63,109,83,78,13,122,56,103,33,18,74,117" hai2="48,84,10,95,86,88,54,65,15,47,123,67,111" hai3="45,135,132,22,66,3,76,37,43,97,62,110,46"/><U71/><E122/><V128/><F111/><W68/><G3/><T1/><D130/><U19/><E117/><V38/><F128/><W2/><G2/><T119/><D119/><U0/><E0/><V73/><F73/><W131/><G76/><T6/><D35/><U58/><E33/><V27/><F123/><W59/><G131/><T126/><D126/><U40/><E112/><V12/><F38/><W92/><G22/><N who="0" m="13383" /><D1/><U9/><E109/><V120/><F120/><W80/><G80/><T87/><D42/><U75/><E75/><V31/><F84/><W133/><G110/><T23/><D6/><U11/><E40/><V113/><F15/><W41/><G92/><T51/><D61/><U116/><E116/><V104/><F104/><W32/><G97/><T91/><D106/><U107/><E71/><V115/><F115/><W72/><G72/><T44/><D23/><U108/><E108/><V124/><F124/><W52/><G32/><T20/><D21/><U29/><E29/><V79/><F79/><W28/><G28/><T34/><D34/><U26/><E63/><V118/><F118/><W96/><G96/><T134/><D134/><U55/><E55/><V69/><F69/><W105/><G105/><T85/><D85/><U39/><E39/><V90/><F90/><W49/><G132/><T99/><D99/><N who="1" m="61951" /><E26/><AGARI ba="0,0" hai="17,20,26,44,51,53,81,87,91,100,102" m="13383" machi="26" ten="30,2000,0" yaku="8,1,54,1" doraHai="70" who="0" fromWho="1" sc="250,20,270,-20,230,0,250,0" /><INIT seed="2,0,0,4,0,48" ten="270,250,230,250" oya="2" hai0="132,45,121,79,86,49,117,77,44,5,59,103,63" hai1="61,94,41,110,33,95,74,4,68,28,62,81,15" hai2="88,3,130,9,39,50,10,83,53,124,126,42,76" hai3="37,120,82,128,72,27,104,127,106,7,23,0,31"/><V54/><F130/><W135/><G120/><T80/><D121/><U107/><E107/><V102/><F102/><W116/><G116/><T26/><D132/><U123/><E123/><V115/><F115/><W112/><G112/><T73/><D117/><U12/><E110/><V105/><F105/><W47/><G135/><T35/><D103/><U56/><E41/><V113/><F113/><W64/><G64/><T129/><D129/><U89/><E33/><V133/><F133/><W118/><G127/><N who="2" m="48681" /><F39/><W99/><G99/><T78/><D5/><U69/><E28/><V91/><F42/><W34/><G23/><T108/><D108/><U2/><E2/><V96/><F50/><W52/><G118/><T19/><D73/><U8/><E15/><V134/><F134/><W60/><G60/><T84/><D35/><U75/><E81/><V32/><F32/><W51/><G37/><T17/><D49/><U66/><E95/><N who="2" m="56423" /><F91/><W57/><G47/><N who="0" m="17995" /><D26/><U125/><E125/><V101/><F101/><W111/><G128/><T55/><D80/><U36/><E36/><V11/><F3/><W71/><G111/><T43/><D43/><U58/><E75/><AGARI ba="0,0" hai="9,10,11,53,54,75,76,83" m="56423,48681" machi="75" ten="30,11600,0" yaku="18,1,52,2,54,1" doraHai="48" who="2" fromWho="1" sc="270,0,250,-116,230,116,250,0" /><INIT seed="2,1,0,3,1,25" ten="270,134,346,250" oya="2" hai0="107,72,132,46,22,118,79,134,75,97,68,127,43" hai1="84,24,48,44,101,92,111,82,106,128,81,30,96" hai2="115,60,61,103,39,89,85,0,55,62,14,119,4" hai3="129,122,20,102,52,99,77,54,9,88,41,67,33"/><V94/><F115/><W35/><G122/><T131/><D68/><U11/><E111/><V91/><F39/><W112/><G77/><T70/><D70/><U69/><E128/><V12/><F119/><W32/><G41/><T49/><D131/><U95/><E69/><V126/><F126/><W117/><G129/><T7/><D127/><U18/><E82/><V133/><F133/><N who="0" m="51306" /><D118/><U3/><E3/><V23/><F103/><W50/><G117/><T6/><D22/><U1/><E1/><V73/><F73/><N who="0" m="28234" /><D79/><U110/><E110/><V58/><F91/><W86/><G67/><T108/><D108/><U125/><E125/><V124/><F124/><W56/><G9/><T64/><D64/><U80/><E80/><V40/><F40/><W57/><G20/><T15/><D15/><U130/><E130/><V28/><F0/><W113/><G54/><T78/><D78/><U114/><E114/><V5/><F14/><W100/><G57/><T98/><D98/><U59/><E59/><V76/><F76/><W90/><G112/><T63/><D63/><N who="2" m="24138" /><F12/><W104/><G113/><T13/><D13/><U66/><E66/><V29/><F23/><W109/><G109/><T74/><N who="0" m="28242" /><T26/><DORA hai="10" /><D26/><U45/><E45/><V17/><F17/><W42/><G32/><T16/><D16/><U121/><E121/><V105/><F105/><W8/><G33/><T71/><D71/><U65/><E65/><V36/><F36/><W87/><G104/><T123/><D123/><U37/><E37/><V93/><F93/><W2/><G35/><T83/><D83/><RYUUKYOKU ba="1,0" sc="270,15,134,-15,346,15,250,-15" hai0="6,7,43,46,49,97,107" hai2="4,5,28,29,55,58,62,85,89,94" /><INIT seed="2,2,0,4,4,36" ten="285,119,361,235" oya="2" hai0="27,119,86,92,40,127,20,49,102,116,109,59,10" hai1="6,112,43,3,51,110,126,105,103,106,89,28,120" hai2="21,11,115,13,81,46,104,113,100,95,69,44,88" hai3="91,80,31,82,71,26,16,47,87,48,73,90,85"/><V97/><F69/><W67/><G73/><T57/><D109/><U32/><E89/><V53/><F113/><W34/><G71/><T124/><D10/><U83/><E83/><V107/><F115/><W122/><G67/><T38/><D38/><U7/><E112/><V9/><F9/><W4/><G4/><T58/><D86/><U52/><E110/><V123/><F123/><W84/><G84/><T15/><D15/><U17/><E126/><N who="0" m="48169" /><D92/><U1/><E120/><V130/><F81/><W33/><G122/><T132/><D102/><U30/><E17/><V111/><F130/><W22/><REACH who="3" step="1"/><G31/><REACH who="3" ten="285,119,361,225" step="2"/><N who="0" m="17895" /><D132/><U118/><E118/><V94/><F111/><W78/><G78/><T54/><D40/><AGARI ba="2,1" hai="16,22,26,33,34,40,47,48,80,82,85,87,90,91" machi="40" ten="30,12000,2" yaku="1,1,7,1,9,1,52,1,54,1,53,1" doraHai="36" doraHaiUra="18" who="3" fromWho="0" sc="285,-126,119,0,361,0,225,136" /><INIT seed="3,0,0,4,2,112" ten="159,119,361,361" oya="3" hai0="94,115,17,128,46,75,7,102,66,21,122,67,61" hai1="34,9,91,118,78,6,95,73,63,11,114,53,92" hai2="41,44,127,87,119,93,70,19,59,29,133,129,82" hai3="120,56,1,31,96,55,15,13,39,52,74,43,105"/><W49/><G74/><T12/><D122/><U38/><E114/><V23/><F119/><W125/><G1/><T42/><D115/><U5/><E38/><V69/><F133/><W8/><G120/><T80/><D128/><U90/><E34/><V16/><F127/><W88/><G125/><T72/><D7/><N who="1" m="2571" /><E73/><V4/><F4/><W130/><G130/><T86/><D102/><U51/><E63/><V65/><F93/><N who="1" m="35913" /><E78/><V111/><F111/><W40/><G39/><T45/><D94/><U109/><E109/><V60/><F29/><W89/><G105/><T36/><D61/><U104/><E104/><V103/><F103/><W58/><G31/><T68/><D68/><U47/><E118/><V35/><F19/><W2/><G2/><T101/><D101/><U14/><E14/><V98/><F98/><W64/><G64/><T116/><D116/><U62/><E62/><V84/><F35/><W81/><G81/><T107/><D107/><U54/><E53/><V135/><F87/><W77/><G77/><N who="0" m="46351" /><D75/><U30/><E30/><V25/><F135/><W27/><G27/><T24/><D72/><U110/><E110/><V0/><F0/><W37/><G37/><N who="0" m="21711" /><D24/><U48/><E51/><V76/><REACH who="2" step="1"/><F129/><REACH who="2" ten="159,119,351,361" step="2"/><W50/><G96/><T71/><D71/><U108/><E108/><V85/><F85/><W3/><G3/><T57/><D17/><U113/><E113/><V100/><F100/><W134/><G134/><T32/><D32/><U99/><E99/><V97/><F97/><W106/><G106/><T124/><D124/><U18/><E18/><V117/><F117/><RYUUKYOKU ba="0,1" sc="159,-30,119,10,351,10,361,10" hai1="9,11,47,48,54,90,91" hai2="16,23,25,41,44,59,60,65,69,70,76,82,84" hai3="8,13,15,40,43,49,50,52,55,56,58,88,89" /><INIT seed="3,1,1,1,3,49" ten="129,129,361,371" oya="3" hai0="108,127,14,18,110,71,38,114,103,51,43,83,112" hai1="133,62,40,115,24,30,74,113,126,54,89,29,128" hai2="28,72,118,82,84,104,117,80,58,25,93,100,19" hai3="131,33,95,26,10,34,77,124,92,63,109,129,91"/><W46/><G77/><T59/><D71/><U130/><E74/><V11/><F82/><W107/><G107/><T119/><D103/><U135/><E40/><V3/><F104/><W50/><G109/><N who="0" m="42091" /><D119/><U48/><E62/><V85/><F72/><W6/><G124/><T102/><D102/><U17/><E89/><V99/><F85/><N who="3" m="52335" /><G63/><T31/><D31/><N who="1" m="11787" /><E126/><V20/><F58/><W36/><G95/><T68/><D68/><U55/><E24/><V101/><F101/><W123/><G36/><T105/><D105/><U86/><E17/><V106/><F106/><W67/><G26/><T81/><D38/><U4/><E4/><V120/><F120/><W132/><G67/><T39/><D39/><U53/><E48/><V79/><F3/><N who="3" m="351" /><G123/><T90/><D127/><U121/><E86/><V35/><F11/><W8/><G8/><N who="0" m="6471" /><D90/><U42/><E42/><V60/><F60/><W32/><G132/><N who="1" m="50762" /><E121/><V122/><F122/><W125/><G125/><T2/><D2/><U64/><E64/><V78/><F79/><W57/><G32/><T0/><D0/><U13/><E13/><AGARI ba="1,1" hai="13,19,20,25,28,35,78,80,84,93,99,100,117,118" machi="13" ten="30,1000,0" yaku="7,1" doraHai="49" who="2" fromWho="1" sc="129,0,129,-13,361,23,371,0" /><INIT seed="4,0,0,5,4,23" ten="129,116,384,371" oya="0" hai0="16,122,32,37,78,20,104,128,1,132,99,33,57" hai1="52,107,14,48,120,46,26,121,45,131,98,127,125" hai2="28,108,87,83,39,61,114,53,80,72,113,71,11" hai3="84,110,18,118,94,129,102,126,91,130,56,7,0"/><T41/><D122/><N who="1" m="47211" /><E14/><V62/><F108/><W69/><G118/><T17/><D1/><U34/><E98/><V30/><F39/><W67/><G69/><T115/><D115/><N who="2" m="44042" /><F71/><W59/><G110/><T40/><D128/><N who="3" m="49257" /><G126/><N who="1" m="48138" /><E131/><V42/><F42/><W79/><G67/><T85/><D99/><U106/><E46/><V60/><F53/><W10/><G18/><T44/><D44/><U55/><E55/><V54/><F54/><W116/><G116/><T103/><D17/><U58/><E45/><V134/><F134/><W50/><G50/><T63/><D132/><U117/><E117/><V13/><F72/><W5/><G5/><T35/><D16/><U70/><E70/><V124/><F124/><W47/><G47/><T65/><D41/><U100/><E100/><V135/><F135/><W6/><G6/><T77/><D103/><U109/><E109/><V86/><F13/><W19/><G19/><T96/><D40/><U73/><E73/><V74/><F74/><W27/><G102/><T66/><D66/><U36/><E36/><V88/><F11/><W38/><G38/><T21/><D37/><U9/><E9/><V76/><AGARI ba="0,0" hai="28,30,60,61,62,76,80,83,86,87,88" m="44042" machi="76" ten="30,2000,0" yaku="15,1,54,1" doraHai="23" who="2" fromWho="2" sc="129,-10,116,-5,384,20,371,-5" /><INIT seed="5,0,0,2,2,52" ten="119,111,404,366" oya="1" hai0="56,133,20,25,35,6,109,50,28,24,4,97,48" hai1="80,67,23,101,106,57,38,27,94,112,59,61,99" hai2="16,45,42,3,107,135,21,22,2,122,93,29,15" hai3="19,26,53,102,37,77,0,46,10,43,74,86,88"/><U130/><E38/><V103/><F107/><W63/><G102/><T111/><D133/><U119/><E119/><V117/><F117/><W78/><G26/><T120/><D120/><U127/><E112/><V123/><F135/><W55/><G74/><T108/><D97/><U66/><E127/><V34/><F93/><W131/><G131/><T41/><D41/><U132/><E132/><V134/><F103/><W5/><G19/><T62/><D4/><U36/><E36/><V116/><F45/><W118/><G118/><T84/><D84/><U9/><E130/><V72/><F42/><W1/><G1/><N who="2" m="9" /><F72/><W85/><G85/><T51/><D6/><U79/><E9/><N who="2" m="6255" /><F134/><W114/><G114/><T11/><D11/><U70/><E106/><V44/><F44/><W17/><G17/><T82/><D82/><U58/><E67/><V129/><F129/><W60/><G60/><T73/><D73/><N who="1" m="43119" /><E70/><V110/><F110/><W124/><G124/><T7/><D7/><U105/><E105/><V39/><F39/><W91/><G91/><T71/><D71/><U92/><E92/><V12/><F116/><W68/><G68/><T113/><D113/><U96/><E96/><V121/><F12/><W100/><G100/><T49/><N who="0" m="12288" /><DORA hai="69" /><T87/><D87/><U14/><E14/><V76/><F76/><W126/><G126/><T98/><D98/><U115/><E115/><V75/><F75/><W65/><G65/><N who="0" m="39111" /><D111/><U47/><E47/><V31/><F34/><W128/><G128/><T13/><D13/><U89/><E89/><V40/><F40/><W33/><G43/><RYUUKYOKU ba="0,0" sc="119,10,111,10,404,10,366,-30" hai0="20,24,25,28,35,108,109" hai1="23,27,57,58,59,61,66,94,99,101" hai2="21,22,29,31,121,122,123" /><INIT seed="5,1,0,4,2,117" ten="129,121,414,336" oya="1" hai0="50,30,112,90,3,11,130,39,103,59,68,131,63" hai1="19,24,98,41,15,133,119,53,134,99,66,27,51" hai2="108,106,89,81,9,126,75,93,18,6,97,65,47" hai3="125,127,8,21,122,107,86,44,57,23,101,135,71"/><U120/><E119/><V128/><F108/><W25/><G71/><T26/><D39/><U22/><E41/><V12/><F128/><N who="0" m="49194" /><D112/><U36/><E36/><V56/><F106/><W102/><G44/><T20/><D103/><N who="3" m="39433" /><G107/><T77/><D77/><U129/><E66/><V69/><F69/><W62/><G8/><T61/><D68/><U34/><E129/><V87/><F126/><N who="3" m="48139" /><G135/><N who="1" m="51722" /><E120/><V38/><F38/><W84/><G122/><T94/><D11/><N who="1" m="6655" /><E34/><V104/><F47/><W123/><G123/><T72/><D72/><U60/><E60/><N who="2" m="38023" /><F75/><W7/><G7/><T111/><D111/><U83/><E83/><V115/><F104/><W110/><G110/><T40/><D61/><U29/><E27/><V49/><F115/><W46/><G46/><AGARI ba="1,0" hai="22,24,29,46,51,53,98,99" m="6655,51722" machi="46" ten="30,1500,0" yaku="20,1" doraHai="117" who="1" fromWho="3" sc="129,0,121,18,414,0,336,-18" /><INIT seed="5,2,0,0,1,85" ten="129,139,414,318" oya="1" hai0="0,66,130,133,31,98,23,56,26,50,24,126,55" hai1="79,76,105,46,132,71,20,49,112,58,6,65,115" hai2="118,116,5,11,121,72,43,38,114,54,93,119,129" hai3="103,86,69,97,68,52,16,39,117,82,94,120,4"/><U57/><E105/><V110/><F121/><W36/><G120/><T81/><D130/><U34/><E34/><V27/><F110/><W125/><G4/><T45/><D133/><U101/><E101/><V17/><F129/><W108/><G108/><T106/><D126/><U124/><E132/><V7/><F72/><W96/><G96/><T109/><D109/><U111/><E111/><V18/><F54/><W30/><G125/><T60/><D0/><U33/><E33/><V8/><F93/><W91/><G30/><T99/><D106/><U73/><E124/><V104/><F43/><W89/><G117/><T123/><D123/><U84/><E73/><V42/><F42/><W127/><G103/><T14/><D14/><U37/><E6/><V113/><F104/><W51/><G127/><T135/><D135/><U102/><E102/><V3/><F38/><W107/><G107/><T75/><REACH who="0" step="1"/><D26/><REACH who="0" ten="119,139,414,318" step="2"/><U74/><E115/><N who="2" m="44043" /><F27/><W40/><G39/><T67/><D67/><U2/><E112/><V62/><F62/><W95/><G36/><T92/><D92/><U25/><E37/><V63/><F63/><W22/><G94/><T70/><D70/><U78/><E65/><V59/><F119/><W29/><G40/><T21/><D21/><U90/><E71/><V122/><F122/><W1/><G1/><T88/><D88/><U53/><E2/><V87/><F118/><W47/><G29/><T44/><D44/><U64/><E64/><V134/><F134/><W128/><G128/><T61/><D61/><U48/><E46/><V9/><F116/><W15/><AGARI ba="2,1" hai="15,16,22,47,51,52,68,69,82,86,89,91,95,97" machi="15" ten="20,12000,2" yaku="5,1,0,1,7,1,52,2,54,2" doraHai="85" who="3" fromWho="3" sc="119,-32,139,-62,414,-32,318,136" /><INIT seed="6,0,0,5,0,116" ten="87,77,382,454" oya="2" hai0="85,40,87,126,26,110,1,28,2,123,25,8,81" hai1="117,46,16,52,95,47,132,7,127,18,80,104,17" hai2="6,120,68,3,67,62,75,121,45,90,10,122,43" hai3="22,58,37,63,42,97,49,12,48,21,51,69,20"/><V96/><F75/><W133/><G133/><T129/><D123/><U56/><E104/><V50/><F90/><W111/><G69/><T65/><D110/><U34/><E117/><V15/><REACH who="2" step="1"/><F96/><REACH who="2" ten="87,77,372,454" step="2"/><W105/><G97/><T71/><D81/><U30/><E132/><V29/><F29/><W130/><G111/><T31/><D87/><U118/><E118/><V44/><F44/><N who="1" m="16937" /><E34/><V32/><F32/><W59/><G37/><T27/><D85/><U61/><E127/><V124/><F124/><W55/><G42/><T108/><D126/><U115/><E115/><V89/><F89/><W131/><G105/><T0/><D40/><U92/><E30/><V82/><F82/><W86/><G86/><T60/><D108/><U70/><E70/><V23/><F23/><W114/><G114/><T4/><D31/><U128/><E128/><V101/><F101/><W84/><G84/><T135/><D129/><U119/><E119/><V94/><F94/><N who="1" m="35881" /><E80/><V125/><F125/><W88/><G131/><T93/><D135/><U109/><E109/><V5/><F5/><AGARI ba="0,1" hai="5,7,16,17,18,52,56,61" m="35881,16937" machi="5" ten="30,3900,0" yaku="8,1,54,2" doraHai="116" who="1" fromWho="2" sc="87,0,77,49,372,-39,454,0" /><INIT seed="7,0,0,3,0,39" ten="87,126,333,454" oya="3" hai0="117,65,48,81,68,1,119,107,94,9,125,79,31" hai1="27,37,134,129,49,34,133,114,16,36,23,110,90" hai2="122,18,43,64,54,80,99,128,121,42,127,89,53" hai3="59,51,4,76,126,105,60,52,74,95,84,113,101"/><W40/><G113/><T98/><D125/><U120/><E114/><V109/><F109/><W77/><G4/><T78/><D107/><U63/><E110/><V14/><F127/><W72/><G126/><T19/><D31/><N who="1" m="19839" /><E120/><N who="2" m="46187" /><F64/><W91/><G74/><T35/><D35/><U96/><E49/><V13/><F128/><W15/><G72/><T115/><D115/><U21/><E21/><N who="2" m="11471" /><F14/><W61/><G105/><T69/><D48/><U92/><E63/><V7/><F7/><W93/><G15/><T47/><D47/><U3/><E3/><V62/><F62/><W22/><G22/><T24/><D1/><U124/><E124/><V44/><F44/><N who="3" m="25991" /><G61/><T32/><D9/><U26/><E129/><V55/><F80/><W86/><G86/><T45/><D45/><U66/><E66/><V46/><F46/><W5/><G5/><T70/><D65/><U8/><E8/><V25/><F25/><W130/><G130/><T17/><D32/><U29/><E29/><V75/><F75/><W116/><G116/><T67/><D67/><U135/><AGARI ba="0,0" hai="16,23,26,36,37,90,92,96,133,134,135" m="19839" machi="135" ten="30,2000,0" yaku="20,1,54,1" doraHai="39" who="1" fromWho="1" sc="87,-5,126,20,333,-5,454,-10" owari="82,-42.0,146,-25.0,328,13.0,444,54.0" /></mjloggm>