<mjloggm ver="2.3"><GO type="169" lobby="0"/><UN n0="%E3%81%86%E3%81%95%E3%81%8E%E3%83%95%E3%82%A1%E3%83%B3%E3%82%B7%E3%83%BC" n1="%42%72%42%61" n2="%E6%AD%8C%E8%88%9E%E4%BC%8E%E5%90%9B" n3="%E3%83%8F%E3%83%83%E3%83%88%E3%83%AA%E3%82%B9" dan="16,16,16,17" rate="2091.76,2151.87,2126.43,2172.08" sx="F,M,M,M"/><TAIKYOKU oya="0"/><INIT seed="0,0,0,5,4,96" ten="250,250,250,250" oya="0" hai0="83,100,62,55,9,111,56,35,126,50,13,63,85" hai1="25,89,28,68,123,30,57,22,74,112,134,116,109" hai2="10,76,46,43,75,124,8,121,15,135,40,95,98" hai3="39,29,92,91,2,110,118,44,125,90,71,16,36"/><T5/><D126/><U122/><E116/><V84/><F121/><W18/><G118/><T14/><D35/><U82/><E109/><V86/><F124/><W60/><G2/><T48/><D111/><U102/><E134/><V54/><F135/><W103/><G110/><T61/><D100/><U52/><E112/><V45/><F75/><W101/><G125/><T77/><D50/><U26/><E68/><V99/><F54/><W131/><G29/><T51/><D51/><U67/><E67/><V11/><F15/><AGARI ba="0,0" hai="5,9,13,14,15,48,55,56,61,62,63,77,83,85" machi="15" ten="40,2000,0" yaku="8,1" doraHai="96" who="0" fromWho="2" sc="250,20,250,0,250,-20,250,0" /><INIT seed="0,1,0,0,3,1" ten="270,250,230,250" oya="0" hai0="130,112,14,110,5,123,17,62,101,76,109,54,18" hai1="57,115,72,28,88,132,71,70,45,37,128,134,90" hai2="99,114,122,31,9,97,34,86,49,117,121,95,33" hai3="6,7,135,129,19,127,73,21,85,108,89,65,102"/><T12/><D123/><U22/><E72/><V23/><F86/><W41/><G73/><T93/><D112/><U48/><E128/><V15/><F49/><W47/><G108/><N who="0" m="41579" /><D130/><U104/><E115/><V98/><F114/><W3/><G3/><T38/><D38/><U75/><E75/><V133/><F95/><W30/><G129/><T64/><D76/><U56/><E104/><V39/><F39/><W69/><G30/><T36/><D36/><U77/><E77/><V111/><F111/><W61/><G102/><T53/><D101/><U84/><E37/><V52/><F117/><W66/><G66/><T107/><D107/><U68/><E22/><V25/><F133/><N who="1" m="51305" /><E28/><V13/><F52/><N who="0" m="20074" /><D93/><N who="1" m="54407" /><E90/><V80/><F80/><W94/><G127/><T4/><D14/><U103/><E103/><V126/><F126/><W67/><G67/><T92/><D92/><U105/><E105/><V51/><F15/><W100/><G100/><T20/><D18/><U83/><E83/><V58/><F121/><W120/><G120/><T0/><D0/><U63/><E63/><V78/><F122/><W35/><G135/><T24/><D12/><U124/><E124/><V125/><F78/><W11/><G94/><T50/><D50/><U82/><E82/><V106/><F125/><W46/><G61/><T118/><D118/><U8/><E8/><V42/><F106/><W131/><G131/><T40/><D40/><AGARI ba="1,0" hai="40,45,48,56,57,68,70,71" m="54407,51305" machi="40" ten="40,2600,0" yaku="20,1,54,1" doraHai="1" who="1" fromWho="0" sc="270,-29,250,29,230,0,250,0" /><INIT seed="1,0,0,0,5,111" ten="241,279,230,250" oya="1" hai0="13,25,31,33,83,36,95,97,112,115,29,94,63" hai1="85,51,69,98,96,116,88,28,122,46,92,74,66" hai2="20,7,104,68,18,103,40,27,44,53,72,128,109" hai3="117,86,93,90,110,12,124,118,119,17,0,34,73"/><U61/><E122/><V99/><F68/><W50/><G0/><T127/><D36/><U134/><E134/><V113/><F72/><W1/><G1/><T37/><D37/><U101/><E116/><V56/><F109/><W120/><G110/><T2/><D2/><U32/><E74/><V75/><F75/><W80/><G34/><T57/><D127/><U135/><E135/><V8/><F128/><W107/><G124/><T87/><D31/><U23/><E32/><V58/><F113/><W108/><G108/><T77/><D13/><U65/><E65/><V78/><F78/><W30/><G30/><T102/><REACH who="0" step="1"/><D95/><REACH who="0" ten="231,279,230,250" step="2"/><U19/><E28/><V43/><F104/><W123/><G107/><T45/><D45/><U26/><REACH who="1" step="1"/><E101/><REACH who="1" ten="231,269,230,250" step="2"/><V130/><F103/><W10/><G123/><T81/><D81/><U49/><E49/><V59/><F130/><W105/><G50/><T38/><D38/><U79/><E79/><V100/><F100/><W114/><G120/><T91/><D91/><U3/><E3/><V21/><F44/><W131/><G131/><T84/><D84/><U64/><E64/><AGARI ba="0,2" hai="25,29,33,57,63,64,77,83,87,94,97,102,112,115" machi="64" ten="30,8000,1" yaku="1,1,7,1,52,2,53,1" doraHai="111" doraHaiUra="52" who="0" fromWho="1" sc="231,100,269,-80,230,0,250,0" /><INIT seed="2,0,0,1,1,102" ten="331,189,230,250" oya="2" hai0="132,18,13,133,54,46,42,83,99,112,16,81,116" hai1="56,103,48,121,21,118,130,17,22,57,34,11,86" hai2="58,67,41,1,45,39,135,90,106,119,61,37,62" hai3="108,51,5,101,70,63,27,129,60,98,88,65,49"/><V124/><F1/><W84/><G108/><T75/><D112/><U31/><E121/><V113/><F113/><W55/><G129/><T97/><D116/><U47/><E118/><V68/><F119/><W36/><G36/><T26/><D54/><U72/><E130/><V69/><F90/><W92/><G5/><T82/><D75/><U19/><E72/><V59/><F106/><W128/><G128/><T9/><D26/><U117/><E117/><V114/><F114/><W109/><G109/><T107/><D18/><U28/><E103/><V64/><F135/><N who="0" m="51786" /><D107/><U79/><E34/><V52/><F124/><W40/><G27/><T29/><D29/><U32/><E11/><V15/><F15/><W100/><G100/><T95/><D95/><U24/><E32/><V43/><REACH who="2" step="1"/><F52/><REACH who="2" ten="331,189,220,250" step="2"/><W134/><G134/><T25/><D25/><U93/><E24/><V38/><F38/><AGARI ba="0,1" hai="9,13,16,38,42,46,81,82,83,97,99" m="51786" machi="38" ten="30,2000,0" yaku="20,1,54,1" doraHai="102" who="0" fromWho="2" sc="331,30,189,0,220,-20,250,0" /><INIT seed="3,0,0,5,4,34" ten="361,189,200,250" oya="3" hai0="95,134,106,33,65,56,63,32,105,94,104,36,24" hai1="17,4,120,93,6,25,60,115,9,116,130,129,15" hai2="39,62,55,71,126,86,107,70,101,135,28,1,35" hai3="82,10,58,47,19,119,2,44,102,90,127,14,117"/><W49/><G127/><T37/><D134/><U75/><E75/><V113/><F39/><W73/><G102/><T11/><D11/><U8/><E93/><V85/><F113/><W43/><G58/><T41/><D41/><U46/><E46/><V125/><F135/><W97/><G2/><T67/><D24/><U114/><E60/><V18/><F18/><W124/><G124/><N who="2" m="47721" /><F1/><W99/><G73/><T110/><D106/><U53/><E53/><V98/><F28/><W111/><G111/><T123/><D63/><U7/><E120/><V72/><F35/><W108/><G108/><T133/><D133/><U5/><E116/><V0/><F0/><W78/><G78/><T79/><D110/><U38/><E38/><V45/><F72/><W26/><G26/><T31/><D56/><U91/><E91/><V88/><F85/><N who="3" m="50487" /><G119/><T23/><D79/><U3/><REACH who="1" step="1"/><E25/><REACH who="1" ten="361,179,200,250" step="2"/><V54/><F45/><N who="3" m="25791" /><G117/><T77/><D123/><U29/><E29/><V57/><F55/><W131/><G131/><AGARI ba="0,1" hai="3,4,5,6,7,8,9,15,17,114,115,129,130,131" machi="131" ten="40,12000,2" yaku="1,1,19,1,34,3,52,1,53,0" doraHai="34" doraHaiUra="76" who="1" fromWho="3" sc="361,0,179,130,200,0,250,-120" /><INIT seed="4,0,0,2,3,125" ten="361,309,200,130" oya="0" hai0="36,99,4,113,69,77,120,41,96,81,130,6,127" hai1="126,114,112,49,110,67,76,104,35,33,57,32,118" hai2="27,86,2,89,19,74,62,119,61,79,45,106,40" hai3="38,91,133,59,1,42,5,108,15,16,103,83,47"/><T132/><D120/><U24/><E110/><V82/><F2/><W87/><G108/><T88/><D69/><U68/><E118/><V51/><F106/><W122/><G133/><T7/><D127/><U134/><E134/><V94/><F119/><W97/><G122/><T78/><D132/><U20/><E126/><V11/><F27/><W124/><G124/><T129/><D113/><N who="1" m="43627" /><E104/><V54/><F11/><W71/><G71/><T109/><D109/><U85/><E68/><V9/><REACH who="2" step="1"/><F40/><REACH who="2" ten="361,309,190,130" step="2"/><W31/><G31/><T14/><D41/><U121/><E24/><V102/><F102/><W13/><G1/><T107/><D107/><U48/><E121/><V46/><F46/><W29/><G29/><T128/><D14/><AGARI ba="0,1" hai="9,14,19,45,51,54,61,62,74,79,82,86,89,94" machi="14" ten="40,1300,0" yaku="1,1,53,0" doraHai="125" doraHaiUra="0" who="2" fromWho="0" sc="361,-13,309,0,190,23,130,0" /><INIT seed="5,0,0,0,3,121" ten="348,309,213,130" oya="1" hai0="131,13,99,67,57,55,116,51,80,129,115,128,48" hai1="75,7,34,134,24,3,87,119,18,61,74,27,14" hai2="17,102,58,11,12,28,5,21,72,79,92,23,105" hai3="32,45,77,63,120,117,36,109,89,96,135,10,6"/><U49/><E119/><V16/><F105/><W43/><G117/><T65/><D116/><U59/><E134/><V62/><F72/><W90/><G120/><T123/><D123/><U44/><E87/><V38/><F38/><W71/><G135/><T91/><D115/><U15/><E3/><V76/><F28/><W1/><G32/><T110/><D13/><U68/><E68/><V35/><F35/><W31/><G31/><T106/><D110/><U86/><E86/><V2/><F92/><W113/><G113/><T112/><D112/><U127/><E127/><V64/><REACH who="2" step="1"/><F102/><REACH who="2" ten="348,309,203,130" step="2"/><W130/><G130/><T111/><D106/><U122/><E122/><V50/><F50/><W81/><G109/><T41/><D51/><U40/><E34/><V9/><F9/><W114/><G114/><T126/><D111/><U69/><E75/><V53/><F53/><W33/><G33/><T26/><D126/><U85/><E74/><V25/><AGARI ba="0,1" hai="2,5,11,12,16,17,21,23,25,58,62,64,76,79" machi="25" ten="20,5200,0" yaku="1,1,0,1,7,1,54,1,53,0" doraHai="121" doraHaiUra="103" who="2" fromWho="2" sc="348,-13,309,-26,203,62,130,-13" /><INIT seed="6,0,0,0,0,61" ten="335,283,265,117" oya="2" hai0="107,48,87,13,76,30,72,57,75,129,121,94,115" hai1="56,64,110,38,85,42,26,40,18,51,67,108,83" hai2="119,70,69,109,46,50,96,63,25,116,117,55,77" hai3="29,133,130,128,7,113,103,23,28,53,101,27,98"/><V95/><F109/><W19/><G101/><T44/><D121/><U122/><E110/><V114/><F114/><W131/><G133/><T4/><D115/><U32/><E108/><V135/><F135/><W20/><G113/><T35/><D129/><U45/><E122/><V37/><F77/><W111/><G111/><T2/><D107/><U79/><E32/><V127/><F127/><W31/><G53/><T3/><D35/><U21/><E42/><V132/><F132/><W6/><G98/><T8/><D30/><U39/><REACH who="1" step="1"/><E56/><REACH who="1" ten="335,273,265,117" step="2"/><V99/><F70/><W24/><REACH who="3" step="1"/><G103/><REACH who="3" ten="335,273,265,107" step="2"/><T86/><D57/><U125/><E125/><V59/><F117/><W43/><G43/><T106/><D106/><U47/><E47/><V91/><F119/><W60/><G60/><T15/><D44/><U80/><E80/><V112/><F116/><W74/><G74/><T10/><D75/><U33/><E33/><V0/><F112/><W41/><G41/><T123/><D72/><U100/><E100/><V84/><F63/><W36/><G36/><AGARI ba="0,2" hai="18,21,26,36,38,39,40,45,51,64,67,79,83,85" machi="36" ten="40,8000,1" yaku="1,1,52,2,53,1" doraHai="61" doraHaiUra="73" who="1" fromWho="3" sc="335,0,273,100,265,0,107,-80" /><INIT seed="7,0,0,4,3,4" ten="335,373,265,27" oya="3" hai0="31,19,128,70,18,20,6,36,16,28,124,66,76" hai1="99,127,9,122,106,129,85,35,46,107,38,27,134" hai2="93,44,8,113,89,48,52,67,86,81,102,108,90" hai3="111,100,92,71,56,115,91,114,79,123,32,26,130"/><W84/><G123/><T112/><D36/><U49/><E122/><V14/><F113/><N who="3" m="43019" /><G71/><T74/><D112/><U118/><E134/><V121/><F121/><W68/><G68/><T59/><D70/><U64/><E129/><V1/><F108/><W13/><G111/><T132/><D132/><U110/><E110/><V43/><F1/><W12/><G130/><T120/><D120/><U119/><E127/><V133/><F133/><W54/><G100/><T23/><D128/><U72/><E72/><V88/><F67/><W11/><G79/><T97/><D124/><U63/><E38/><V58/><F102/><W103/><G103/><T60/><D6/><U33/><E85/><V69/><F69/><W101/><G101/><T24/><D97/><U30/><E99/><V77/><F93/><W73/><G73/><T5/><D5/><U7/><E35/><V82/><F82/><W61/><G11/><T17/><REACH who="0" step="1"/><D23/><REACH who="0" ten="325,373,265,27" step="2"/><U25/><E107/><V42/><F58/><W83/><G92/><T62/><D62/><U53/><E106/><V41/><F41/><W117/><G117/><N who="1" m="44554" /><E63/><V96/><F96/><W126/><G126/><T34/><D34/><U3/><E64/><V131/><F131/><W104/><G104/><T125/><D125/><U45/><E45/><V15/><F8/><W109/><G109/><T40/><D40/><U55/><E55/><V116/><F116/><W22/><G32/><T2/><D2/><U51/><E51/><N who="2" m="28775" /><F42/><W65/><G65/><T95/><D95/><U0/><E0/><V39/><F39/><W21/><G21/><T10/><D10/><RYUUKYOKU ba="0,1" sc="325,0,373,0,265,0,27,0" hai0="16,17,18,19,20,24,28,31,59,60,66,74,76" hai1="3,7,9,25,27,30,33,46,49,53" hai2="14,15,43,48,77,81,86,88,89,90" hai3="12,13,22,26,54,56,61,83,84,91" /><INIT seed="7,1,1,0,1,120" ten="325,373,265,27" oya="3" hai0="122,51,129,116,40,75,98,10,45,70,42,67,128" hai1="124,74,60,56,115,64,27,6,48,79,16,12,82" hai2="111,44,73,72,33,7,97,37,127,53,21,90,77" hai3="54,4,52,22,30,78,71,36,11,24,14,49,88"/><W125/><G36/><T17/><D75/><U20/><E115/><V28/><F33/><W69/><G125/><T23/><D122/><U99/><E124/><V57/><F127/><W31/><G78/><T114/><D10/><U61/><E99/><V93/><F7/><W1/><G30/><T81/><D81/><U102/><E102/><V15/><F77/><W39/><G39/><T96/><D116/><U103/><E103/><V0/><F0/><W5/><G54/><N who="0" m="30063" /><D23/><U63/><E48/><V108/><F44/><W117/><G117/><T110/><D17/><U59/><E59/><V104/><F37/><W135/><G135/><T50/><D98/><U130/><E130/><N who="0" m="50281" /><D96/><U133/><E133/><V76/><F104/><W43/><G43/><N who="0" m="16427" /><D110/><U91/><E91/><V46/><F46/><W118/><G118/><T32/><D32/><U134/><E134/><V92/><F92/><W2/><G88/><T13/><D13/><U126/><E126/><V19/><F28/><W95/><G95/><T123/><D123/><U109/><E109/><V85/><F97/><W18/><G4/><T100/><D100/><U105/><E105/><V55/><F55/><W38/><G38/><T29/><D29/><U8/><AGARI ba="1,1" hai="6,8,12,16,20,27,56,60,61,63,64,74,79,82" machi="8" ten="30,2000,0" yaku="0,1,54,1" doraHai="120" who="1" fromWho="1" sc="325,-6,373,33,265,-6,27,-11" owari="319,12.0,406,50.0,259,-14.0,16,-48.0" /></mjloggm>