<mjloggm ver="2.3"><GO type="225" lobby="0"/><UN n0="%E3%81%8D%E3%82%82" n1="%E3%82%AF%E3%82%A3%E3%82%A6" n2="%E3%83%A2%E3%83%83%E3%83%83%E3%83%83%E3%83%83%E3%83%83%E3%82%B3%E3%82%B9" n3="%EF%BC%AE%EF%BC%AF%EF%BD%90%EF%BD%90%EF%BC%AF" dan="16,16,16,16" rate="2111.22,2088.15,2074.58,2108.80" sx="M,M,M,M"/><TAIKYOKU oya="0"/><INIT seed="0,0,0,3,5,127" ten="250,250,250,250" oya="0" hai0="75,52,125,133,110,89,81,114,58,41,87,61,20" hai1="53,130,56,33,109,105,3,32,16,59,92,48,120" hai2="121,72,51,63,30,104,10,37,123,119,83,90,8" hai3="7,103,98,128,106,79,23,15,95,88,116,4,118"/><T29/><D114/><U71/><E120/><V74/><F104/><W50/><G128/><T124/><D133/><U91/><E105/><V22/><F37/><W108/><G108/><T76/><D110/><U0/><E71/><V18/><F30/><W19/><G79/><T36/><D36/><U94/><E109/><V97/><F119/><W78/><G78/><T73/><D41/><U131/><E59/><V26/><F51/><W135/><G135/><T122/><D122/><U2/><E16/><V64/><F72/><W1/><G50/><T102/><D102/><U38/><E38/><V129/><F74/><W57/><G57/><T55/><D55/><U21/><E21/><V126/><F126/><N who="0" m="48746" /><D76/><U44/><E44/><V43/><F43/><W12/><G12/><T9/><D9/><U107/><E107/><V24/><F24/><AGARI ba="0,0" hai="20,24,29,52,58,61,73,75,81,87,89" m="48746" machi="24" ten="30,2900,0" yaku="18,1,54,1" doraHai="127" who="0" fromWho="2" sc="250,29,250,0,250,-29,250,0" /><INIT seed="0,1,0,2,5,24" ten="279,250,221,250" oya="0" hai0="19,91,22,45,46,118,57,38,126,125,122,3,47" hai1="103,65,108,86,8,111,93,59,18,72,120,32,44" hai2="35,50,129,113,128,83,78,56,61,124,95,84,28" hai3="96,98,94,33,4,109,55,130,1,121,69,51,89"/><T42/><D3/><U20/><E72/><V49/><F113/><W81/><G109/><T27/><D118/><U30/><E120/><V119/><F124/><W53/><G121/><T102/><D102/><U77/><E44/><V134/><F134/><W85/><G130/><N who="2" m="50281" /><F95/><W76/><G69/><T58/><D122/><U79/><E65/><N who="2" m="39079" /><F119/><W9/><G33/><T6/><D6/><U90/><E59/><V105/><F105/><W14/><G1/><T74/><D74/><U88/><E103/><V40/><F40/><W71/><G71/><T10/><D91/><U110/><E8/><V92/><F92/><N who="3" m="56335" /><G51/><T75/><D10/><U5/><E5/><V123/><F123/><W106/><G106/><T12/><D75/><U67/><E67/><V97/><F97/><W112/><G112/><T0/><D0/><U99/><E99/><V41/><F41/><W39/><G39/><T87/><D125/><U37/><E90/><AGARI ba="1,0" hai="4,9,14,53,55,76,81,85,90,94,98" m="56335" machi="90" ten="30,1000,0" yaku="8,1" doraHai="24" who="3" fromWho="1" sc="279,0,250,-13,221,0,250,13" /><INIT seed="1,0,0,0,5,1" ten="279,237,221,263" oya="1" hai0="88,74,50,34,116,86,19,81,82,85,112,124,78" hai1="99,122,102,42,94,70,104,80,59,133,60,49,54" hai2="131,37,120,21,87,16,64,27,95,119,52,90,0" hai3="18,62,113,128,114,26,91,45,58,10,115,108,63"/><U93/><E122/><V25/><F131/><W61/><G128/><T135/><D34/><U39/><E133/><V53/><F120/><W123/><G123/><T105/><D135/><U96/><E80/><V2/><F37/><W5/><G108/><T66/><D124/><U68/><E99/><V14/><F119/><W127/><G127/><T6/><D105/><U103/><E102/><V111/><F111/><W117/><G117/><T106/><D106/><U32/><E32/><V35/><F64/><W12/><G45/><T125/><D125/><U41/><E70/><V20/><F35/><W83/><G91/><T43/><D74/><U13/><E42/><V129/><F129/><W8/><G83/><T44/><D116/><U23/><E23/><V65/><F65/><W134/><G134/><T28/><D66/><N who="1" m="41031" /><E13/><V22/><F2/><W48/><G26/><N who="2" m="9737" /><F0/><W31/><G31/><T36/><D28/><U110/><E110/><V3/><F3/><W7/><REACH who="3" step="1"/><G10/><AGARI ba="0,0" hai="10,14,16,20,21,22,52,53,87,90,95" m="9737" machi="10" ten="30,3900,0" yaku="8,1,54,2" doraHai="1" who="2" fromWho="3" sc="279,0,237,0,221,39,263,-39" /><INIT seed="2,0,0,2,4,72" ten="279,237,260,224" oya="2" hai0="71,47,125,75,94,106,111,134,44,7,57,42,51" hai1="59,121,0,83,131,81,132,120,34,133,29,1,127" hai2="112,124,89,56,5,69,4,126,55,119,21,22,65" hai3="32,118,110,11,36,109,27,24,67,135,79,87,122"/><V100/><F100/><W97/><G118/><T78/><D106/><U95/><E34/><V26/><F119/><W84/><G122/><N who="1" m="47210" /><E29/><V88/><F112/><W104/><G36/><T46/><D71/><U10/><E127/><N who="2" m="48683" /><F69/><W39/><G39/><T70/><D70/><U129/><E95/><V99/><F65/><W2/><G67/><T90/><D125/><U66/><E66/><V62/><F22/><W117/><G117/><T38/><D38/><U60/><E60/><V85/><F99/><W52/><G135/><N who="1" m="51786" /><E59/><V116/><F116/><W8/><G97/><T43/><D57/><U86/><E10/><V105/><F105/><W16/><G104/><T63/><D63/><U91/><E83/><N who="2" m="49215" /><F89/><W31/><G32/><T80/><D134/><U19/><E19/><AGARI ba="0,0" hai="4,5,19,21,26,55,56,62" m="49215,48683" machi="19" ten="30,2900,0" yaku="18,1,54,1" doraHai="72" who="2" fromWho="1" sc="279,0,237,-29,260,29,224,0" /><INIT seed="2,1,0,4,4,91" ten="279,208,289,224" oya="2" hai0="118,89,102,68,60,31,21,94,80,71,13,48,127" hai1="2,83,49,128,22,78,62,133,73,30,12,106,11" hai2="99,52,42,18,130,1,24,47,57,87,114,103,124" hai3="43,100,104,36,46,97,40,132,75,93,55,123,45"/><V69/><F1/><W14/><G123/><T134/><D127/><U117/><E117/><V65/><F114/><W58/><G132/><T28/><D134/><U84/><E106/><V92/><F124/><W17/><G75/><T120/><D120/><U113/><E113/><V77/><F130/><W96/><G96/><T53/><D80/><U126/><E126/><V67/><F69/><W108/><G108/><T59/><D102/><U70/><E128/><V66/><F77/><W15/><G104/><T51/><D118/><U6/><E133/><V121/><F121/><W25/><G25/><T8/><D68/><U7/><E7/><V125/><F125/><W38/><REACH who="3" step="1"/><G17/><REACH who="3" ten="279,208,289,214" step="2"/><T112/><D112/><U35/><E73/><V56/><F24/><W64/><G64/><T26/><D26/><U111/><E111/><V107/><F18/><W79/><G79/><T4/><D31/><U34/><E30/><V116/><F116/><W5/><G5/><T16/><D28/><U85/><E78/><V88/><REACH who="2" step="1"/><F42/><REACH who="2" ten="279,208,279,214" step="2"/><W50/><AGARI ba="1,2" hai="14,15,36,38,40,43,45,46,50,55,58,93,97,100" machi="50" ten="20,12000,2" yaku="1,1,0,1,7,1,9,1,52,1,53,2" doraHai="91" doraHaiUra="9" who="3" fromWho="3" sc="279,-31,208,-31,279,-61,214,143" /><INIT seed="3,0,0,5,0,7" ten="248,177,218,357" oya="3" hai0="28,91,40,43,125,35,6,121,119,82,66,33,98" hai1="126,112,0,13,51,26,79,31,116,130,55,110,122" hai2="15,69,8,32,54,24,132,59,41,45,77,92,76" hai3="18,107,99,10,111,20,97,71,56,101,95,64,21"/><W37/><G37/><T88/><D6/><U14/><E112/><V83/><F69/><W84/><G71/><T39/><D66/><U104/><E122/><V36/><F132/><W68/><G68/><T49/><D49/><U75/><E110/><V78/><F92/><W34/><G34/><T19/><D19/><U103/><E126/><V70/><F70/><W117/><G111/><T85/><D28/><U42/><E130/><V72/><F24/><W44/><G117/><T22/><D22/><U1/><E1/><V133/><F32/><W94/><G107/><T128/><D128/><U96/><E0/><V53/><F133/><W118/><G118/><T108/><D125/><U87/><E42/><V47/><F47/><W25/><G44/><T16/><D43/><U89/><E116/><V100/><F100/><N who="3" m="60471" /><G84/><T60/><D85/><U115/><E115/><V48/><REACH who="2" step="1"/><F53/><REACH who="2" ten="248,177,208,357" step="2"/><W61/><G25/><T23/><D108/><U109/><E109/><V62/><F62/><W27/><G27/><T12/><D60/><U30/><E30/><V58/><F58/><W38/><G38/><T105/><D39/><U114/><E114/><V29/><F29/><W127/><G127/><T124/><D124/><U113/><E113/><V2/><F2/><W80/><G56/><T73/><D119/><U4/><E75/><V50/><F50/><W131/><G61/><T11/><D73/><U90/><E79/><V134/><F134/><W3/><G3/><T5/><D35/><U17/><E87/><V120/><F120/><W57/><G131/><T93/><D121/><U106/><E106/><RYUUKYOKU ba="0,1" sc="248,-10,177,-10,208,30,357,-10" hai2="8,15,36,41,45,48,54,59,72,76,77,78,83" owari="238,4.0,167,-33.0,238,-16.0,357,45.0" /></mjloggm>