<mjloggm ver="2.3"><GO type="225" lobby="0"/><UN n0="%E9%89%84%E5%BC%B7%E3%83%A2%E3%83%92%E3%83%BC%E3%83%8C%E4%B8%83%E6%AE%B5" n1="%E3%83%96%E3%83%AB%E3%83%BC%E3%83%91%E3%83%B3%E3%83%80" n2="%64%61%7A%61%69" n3="%62%69%67%6D%6F%75%74%68" dan="18,16,16,16" rate="2205.69,2013.40,2096.50,2111.62" sx="M,F,M,M"/><TAIKYOKU oya="0"/><INIT seed="0,0,0,2,4,96" ten="250,250,250,250" oya="0" hai0="13,51,72,73,31,16,116,40,22,124,36,57,30" hai1="7,6,107,68,52,62,24,29,8,114,110,5,121" hai2="2,92,77,74,28,25,71,49,14,131,44,33,91" hai3="67,94,18,133,101,118,129,55,69,58,76,59,38"/><T112/><D112/><U60/><E121/><V104/><F2/><W102/><G118/><T66/><D116/><U15/><E114/><V10/><F71/><W83/><G38/><T35/><D124/><U109/><E107/><V115/><F115/><W128/><G69/><T63/><D36/><U113/><E113/><V82/><F104/><W130/><G133/><T98/><D98/><U126/><E126/><V32/><F131/><W23/><G94/><T134/><D134/><U3/><E68/><V108/><F108/><N who="1" m="41577" /><E3/><V75/><F75/><N who="3" m="43423" /><G67/><T105/><D105/><U37/><E37/><V54/><F32/><W56/><G55/><T61/><D61/><N who="1" m="23659" /><E52/><V46/><F46/><W0/><G0/><T21/><D35/><AGARI ba="0,0" hai="5,6,7,8,15,24,29,35" m="23659,41577" machi="35" ten="30,1000,0" yaku="14,1" doraHai="96" who="1" fromWho="0" sc="250,-10,250,10,250,0,250,0" /><INIT seed="1,0,0,0,2,78" ten="240,260,250,250" oya="1" hai0="20,52,88,123,29,44,24,57,7,60,73,84,8" hai1="99,112,96,106,91,16,40,42,0,92,3,75,63" hai2="30,108,97,33,45,65,13,80,114,132,41,103,82" hai3="87,113,4,28,131,38,15,109,111,53,134,37,5"/><U62/><E75/><V39/><F108/><N who="3" m="41547" /><G113/><T135/><D135/><U9/><E112/><V2/><F114/><W50/><G134/><T81/><D73/><U122/><E122/><V25/><F2/><W1/><G1/><T27/><D123/><U72/><E72/><V76/><F132/><W46/><G131/><T125/><D125/><U118/><E118/><V43/><F76/><W93/><G28/><T71/><D71/><U126/><E126/><V58/><F43/><N who="1" m="16425" /><E106/><V14/><F14/><W11/><G5/><T90/><D44/><U117/><E3/><V55/><F13/><W61/><G61/><N who="1" m="23050" /><E0/><V115/><F65/><W74/><G74/><T48/><D27/><U69/><E69/><V133/><F133/><W10/><G10/><T116/><D116/><U66/><E66/><V79/><F79/><W77/><G77/><N who="0" m="46127" /><D60/><U47/><E47/><V19/><F19/><W70/><G70/><T49/><D49/><U94/><E117/><V85/><F85/><W51/><G51/><T54/><D54/><U34/><E34/><V18/><F18/><W22/><G22/><T128/><D128/><U12/><E96/><V32/><F32/><W95/><G95/><AGARI ba="0,0" hai="9,12,16,91,92,94,95,99" m="23050,16425" machi="95" ten="30,2900,0" yaku="8,1,54,1" doraHai="78" who="1" fromWho="3" sc="240,0,260,29,250,0,250,-29" /><INIT seed="1,1,0,2,5,40" ten="240,289,250,221" oya="1" hai0="66,13,1,48,88,80,30,4,70,102,134,107,91" hai1="38,12,87,5,106,99,53,37,31,67,6,78,75" hai2="62,73,36,45,18,24,118,123,35,117,61,113,54" hai3="63,39,93,55,23,116,127,68,79,105,120,126,115"/><U85/><E75/><V131/><F123/><W17/><G120/><T95/><D1/><U121/><E121/><V20/><F73/><W69/><G115/><T101/><D107/><U83/><E67/><V3/><F3/><W27/><G105/><T51/><D134/><U96/><E31/><V133/><F113/><W0/><G0/><T14/><D30/><U100/><E99/><V98/><F35/><W76/><G116/><T58/><D70/><U128/><E128/><V57/><F131/><W90/><G39/><T82/><D66/><U125/><E125/><N who="3" m="47626" /><G69/><T47/><D58/><U9/><E6/><V25/><F25/><W86/><G68/><T33/><D95/><U135/><E135/><V8/><F8/><W65/><G65/><T16/><D4/><U52/><REACH who="1" step="1"/><E87/><REACH who="1" ten="240,279,250,221" step="2"/><V84/><F84/><W46/><G63/><T92/><D33/><U59/><E59/><V81/><F62/><W21/><G21/><T71/><D71/><U15/><E15/><V22/><F22/><W108/><G108/><T111/><D111/><U50/><E50/><AGARI ba="1,1" hai="17,23,27,46,50,55,76,79,86,90,93" m="47626" machi="50" ten="30,2000,0" yaku="18,1,52,1" doraHai="40" who="3" fromWho="1" sc="240,0,279,-23,250,0,221,33" /><INIT seed="2,0,0,0,0,121" ten="240,256,250,254" oya="2" hai0="88,82,41,33,93,62,34,20,74,44,118,116,114" hai1="43,39,51,22,120,102,79,105,24,101,112,115,119" hai2="130,25,27,23,57,133,85,132,107,135,72,15,18" hai3="70,95,126,10,6,59,9,125,68,127,104,17,52"/><V106/><F130/><W48/><G104/><T110/><D114/><U7/><E119/><N who="0" m="45609" /><D20/><U65/><E39/><V99/><F72/><W60/><G60/><T76/><D62/><U58/><E120/><V40/><F40/><W91/><G17/><T49/><D110/><U131/><E131/><V11/><F27/><W97/><REACH who="3" step="1"/><G10/><REACH who="3" ten="240,256,250,244" step="2"/><T45/><D45/><U96/><E115/><V117/><F117/><W98/><G98/><AGARI ba="0,1" hai="33,34,41,44,49,74,76,82,88,93,98" m="45609" machi="98" ten="30,2000,0" yaku="12,1,54,1" doraHai="121" who="0" fromWho="3" sc="240,30,256,0,250,0,244,-20" /><INIT seed="3,0,0,4,2,94" ten="270,256,250,224" oya="3" hai0="4,101,8,24,40,25,48,134,9,113,20,10,88" hai1="65,16,130,36,91,119,121,115,78,80,72,73,77" hai2="19,74,31,75,42,87,126,129,103,82,7,60,135" hai3="89,64,105,35,43,29,56,95,85,63,109,96,124"/><W45/><G124/><T110/><D110/><U107/><E121/><V51/><F126/><W26/><G109/><T76/><D134/><U61/><E36/><V99/><F135/><W112/><G112/><T28/><D113/><U2/><E2/><V100/><F100/><W102/><G45/><T41/><D4/><U38/><E38/><V97/><F103/><W68/><REACH who="3" step="1"/><G43/><REACH who="3" ten="270,256,250,214" step="2"/><T23/><D41/><U66/><E115/><V3/><F42/><W49/><G49/><T70/><D48/><U71/><E119/><V14/><F51/><W106/><G106/><T47/><D40/><U83/><E107/><V21/><F129/><W52/><G52/><T131/><D47/><U111/><E130/><V98/><F60/><W59/><AGARI ba="0,1" hai="26,29,35,56,59,63,64,68,85,89,95,96,102,105" machi="59" ten="30,12000,1" yaku="1,1,0,1,25,2,52,1,53,0" doraHai="94" doraHaiUra="6" who="3" fromWho="3" sc="270,-40,256,-40,250,-40,214,130" owari="230,3.0,216,-18.0,210,-29.0,344,44.0" /></mjloggm>