<mjloggm ver="2.3"><GO type="169" lobby="0"/><UN n0="%E9%BA%BB%E9%9B%80%49%51%31%32%30" n1="%42%72%42%61" n2="%E3%82%A4%E3%82%AB%E3%81%AB%E3%82%82%E6%9D%B1%E5%8C%97" n3="%E3%81%86%E3%81%95%E3%81%8E%E3%83%95%E3%82%A1%E3%83%B3%E3%82%B7%E3%83%BC" dan="17,16,16,16" rate="2102.79,2158.10,2091.32,2089.65" sx="M,M,M,F"/><TAIKYOKU oya="0"/><INIT seed="0,0,0,1,4,8" ten="250,250,250,250" oya="0" hai0="1,52,90,12,17,101,109,84,92,44,86,58,115" hai1="11,59,121,6,14,75,21,47,33,34,125,123,62" hai2="15,45,91,5,32,56,72,26,119,35,124,50,66" hai3="130,18,116,132,102,41,0,42,53,126,128,73,79"/><T89/><D115/><U127/><E75/><V106/><F106/><W112/><G116/><T3/><D109/><U113/><E47/><V54/><F72/><W28/><G112/><T129/><D129/><U108/><E113/><V114/><F114/><W43/><G0/><T93/><D44/><U80/><E80/><V74/><F74/><W19/><G126/><N who="1" m="48138" /><E59/><V76/><F76/><W61/><G79/><T107/><D101/><U98/><E98/><V60/><F119/><W117/><G73/><T55/><D107/><U104/><E62/><V13/><F124/><W36/><G117/><T30/><D30/><U48/><E48/><V120/><F120/><N who="1" m="46153" /><E104/><V95/><F5/><W87/><G28/><T133/><D133/><U23/><E108/><V49/><F50/><W7/><G132/><T57/><REACH who="0" step="1"/><D17/><REACH who="0" ten="240,250,250,250" step="2"/><N who="1" m="10423" /><E23/><V122/><F122/><W65/><G102/><T4/><D4/><U111/><E111/><V94/><F35/><W64/><G7/><T67/><D67/><U9/><E9/><V25/><F32/><W22/><G22/><T99/><D99/><U24/><E24/><N who="2" m="9323" /><F95/><W103/><G65/><T135/><D135/><U46/><E46/><V38/><F38/><W27/><G64/><T63/><D63/><U131/><E131/><V70/><F70/><W68/><G36/><T10/><D10/><U118/><E118/><V100/><F100/><W77/><G103/><T71/><D71/><U85/><E85/><AGARI ba="0,1" hai="13,15,45,49,54,56,60,66,85,91,94" m="9323" machi="85" ten="30,3900,0" yaku="8,1,52,2" doraHai="8" who="2" fromWho="1" sc="240,0,250,-39,250,49,250,0" /><INIT seed="1,0,0,2,3,101" ten="240,211,299,250" oya="1" hai0="81,22,37,82,51,112,98,33,73,79,69,15,93" hai1="120,108,102,12,53,80,132,64,49,50,43,24,94" hai2="70,123,48,41,36,19,31,131,21,77,63,27,28" hai3="8,38,105,0,7,114,34,39,74,126,45,14,104"/><U20/><E120/><V65/><F123/><W99/><G114/><T122/><D37/><N who="3" m="13833" /><G14/><T6/><D33/><U85/><E132/><V60/><F131/><W118/><G45/><T58/><D69/><U88/><E64/><V5/><F36/><W3/><G126/><T35/><D35/><U97/><E108/><V95/><F63/><W4/><G99/><T86/><D112/><U91/><E12/><V113/><F113/><W18/><G18/><T109/><D109/><U2/><E2/><V52/><F41/><W71/><G118/><T96/><D93/><U56/><E49/><V90/><F77/><W100/><G100/><T68/><D68/><U42/><REACH who="1" step="1"/><E102/><REACH who="1" ten="240,201,299,250" step="2"/><V46/><REACH who="2" step="1"/><F5/><REACH who="2" ten="240,201,289,250" step="2"/><W116/><G116/><T57/><D6/><U135/><E135/><V129/><F129/><W23/><G4/><T75/><D51/><U62/><E62/><V67/><F67/><W133/><G133/><T55/><D122/><U25/><E25/><V84/><AGARI ba="0,2" hai="19,21,27,28,31,46,48,52,60,65,70,84,90,95" machi="84" ten="20,5200,0" yaku="1,1,0,1,7,1,54,1,53,0" doraHai="101" doraHaiUra="107" who="2" fromWho="2" sc="240,-13,201,-26,289,72,250,-13" /><INIT seed="2,0,0,0,0,103" ten="227,175,361,237" oya="2" hai0="73,64,67,90,70,65,28,88,132,110,122,4,48" hai1="123,120,42,16,69,43,114,113,99,100,82,60,44" hai2="23,135,106,119,83,55,9,109,87,101,108,71,52" hai3="39,15,50,54,77,11,24,12,117,92,78,126,30"/><V75/><F119/><W41/><G117/><T79/><D122/><N who="1" m="46635" /><E82/><V125/><F125/><W134/><G126/><T91/><D132/><U19/><E69/><V127/><F127/><W57/><G134/><T8/><D110/><N who="2" m="42602" /><F135/><W10/><G39/><T81/><D48/><N who="1" m="26647" /><E43/><V47/><F71/><W111/><G111/><T27/><D70/><U124/><E60/><V46/><F23/><W133/><G133/><T6/><REACH who="0" step="1"/><D8/><REACH who="0" ten="217,175,361,237" step="2"/><U74/><E124/><V51/><F9/><W17/><G41/><T40/><D40/><U128/><E128/><V63/><F51/><W29/><G11/><T76/><D76/><U97/><E74/><V25/><F75/><W80/><G78/><T116/><D116/><U36/><E36/><V13/><F63/><W37/><G37/><T0/><D0/><U61/><E61/><V102/><F46/><W3/><G3/><T89/><N who="0" m="22528" /><DORA hai="104" /><T121/><D121/><U84/><E84/><V93/><F47/><W95/><G77/><T35/><AGARI ba="0,1" hai="4,6,27,28,35,64,65,67,73,79,81" m="22528" machi="35" ten="50,8000,1" yaku="1,1,0,1,52,1,54,1,53,1" doraHai="103,104" doraHaiUra="105,115" who="0" fromWho="0" sc="217,90,175,-20,361,-40,237,-20" /><INIT seed="3,0,0,0,3,56" ten="307,155,321,217" oya="3" hai0="43,35,127,134,118,58,128,88,53,1,114,116,77" hai1="126,123,27,93,73,129,79,117,14,11,51,130,80" hai2="52,48,95,124,110,8,66,38,119,28,6,107,115" hai3="24,135,94,63,21,17,68,16,22,85,15,71,60"/><W105/><G105/><T47/><D35/><U2/><E123/><V37/><F115/><W50/><G135/><T131/><D1/><U74/><E117/><V12/><F119/><W65/><G50/><T67/><D77/><U69/><E126/><V5/><F107/><W41/><G41/><T44/><D127/><U3/><E69/><V70/><F124/><W32/><G32/><T10/><D10/><U125/><E125/><V55/><F110/><W20/><G20/><T98/><D67/><U109/><E109/><V19/><F95/><W82/><G94/><N who="0" m="56647" /><D47/><U4/><E74/><V76/><F76/><W113/><G113/><T99/><D99/><U122/><E122/><V49/><F28/><W54/><G54/><T29/><D29/><U40/><E27/><V103/><F103/><W111/><G111/><T106/><D106/><U78/><E78/><V87/><F87/><W112/><G112/><T75/><D75/><U31/><E31/><V42/><F38/><W133/><G133/><T23/><D23/><U9/><E93/><V108/><F37/><W61/><G71/><T62/><D134/><U104/><E104/><V59/><F108/><W96/><G96/><T101/><D101/><U36/><E51/><V46/><REACH who="2" step="1"/><F42/><REACH who="2" ten="307,155,311,217" step="2"/><W18/><G18/><T90/><D114/><U100/><E100/><V72/><F72/><W86/><G86/><T132/><D132/><U33/><E40/><V64/><F64/><W92/><G92/><T120/><D120/><U57/><E36/><V102/><F102/><W81/><G81/><T7/><D118/><U84/><E80/><RYUUKYOKU ba="0,1" sc="307,-15,155,-15,311,15,217,15" hai2="5,6,8,12,19,46,48,49,52,55,59,66,70" hai3="15,16,17,21,22,24,60,61,63,65,68,82,85" /><INIT seed="3,1,1,2,3,105" ten="292,140,326,232" oya="3" hai0="70,58,1,3,42,78,73,55,7,53,89,128,75" hai1="25,68,33,109,52,31,28,56,123,97,13,20,37" hai2="111,76,67,92,50,127,122,96,27,85,62,132,10" hai3="93,100,29,80,102,64,18,66,15,2,106,104,116"/><W34/><G2/><T119/><D70/><U43/><E123/><V48/><F111/><W77/><G116/><T83/><D119/><U23/><E109/><V44/><F132/><W24/><G106/><T17/><D42/><U117/><E117/><V6/><F127/><W5/><G5/><T99/><D128/><U101/><E68/><V113/><F113/><W103/><G93/><T79/><D17/><U121/><E121/><V72/><F122/><W9/><REACH who="3" step="1"/><G104/><REACH who="3" ten="292,140,326,222" step="2"/><T71/><D7/><U125/><E125/><V95/><F92/><W41/><G41/><T120/><D1/><U0/><E0/><V36/><F95/><W115/><G115/><T112/><D3/><U87/><E43/><V59/><F6/><W84/><AGARI ba="1,2" hai="9,15,18,24,29,34,64,66,77,80,84,100,102,103" machi="84" ten="30,3000,0" yaku="1,1,0,1,53,0" doraHai="105" doraHaiUra="124" who="3" fromWho="3" sc="292,-11,140,-11,326,-11,222,53" /><INIT seed="3,2,0,5,2,26" ten="281,129,315,275" oya="3" hai0="4,10,120,0,24,1,115,124,49,68,36,55,95" hai1="100,19,116,118,106,51,11,21,88,29,5,89,132" hai2="93,86,78,97,13,119,6,126,32,71,9,91,57" hai3="23,48,34,94,123,77,114,82,61,66,79,37,31"/><W59/><G123/><T65/><D36/><U131/><E131/><V18/><F126/><W56/><G114/><T20/><D120/><U25/><E132/><V63/><F119/><N who="1" m="45609" /><E51/><V75/><F32/><W83/><G37/><T8/><D124/><U108/><E108/><V72/><F71/><W62/><G34/><T112/><D95/><U85/><E19/><V3/><F97/><W2/><G2/><T52/><D65/><U69/><E69/><V133/><F78/><N who="3" m="29707" /><G48/><T80/><D80/><N who="3" m="30761" /><G94/><T102/><D68/><U30/><E85/><V64/><F133/><W135/><G135/><T73/><D49/><U27/><E100/><V7/><F6/><W84/><G84/><T92/><D92/><U33/><E106/><V40/><F40/><W104/><G104/><T99/><D102/><U130/><E130/><V54/><F64/><N who="3" m="38951" /><G23/><AGARI ba="2,0" hai="3,7,9,13,18,23,54,57,63,72,75,86,91,93" machi="23" ten="30,1000,0" yaku="7,1" doraHai="26" who="2" fromWho="3" sc="281,0,129,0,315,16,275,-16" /><INIT seed="4,0,0,2,3,91" ten="281,129,331,259" oya="0" hai0="2,83,85,25,38,90,97,46,109,21,131,124,22" hai1="7,123,96,19,36,27,132,114,14,48,28,34,32" hai2="72,89,45,31,88,82,5,65,108,100,133,60,135" hai3="44,20,128,18,107,10,77,106,117,68,118,92,3"/><T23/><D124/><U95/><E123/><V113/><F108/><W9/><G68/><T59/><D109/><U55/><E132/><N who="2" m="50763" /><F113/><W26/><G128/><T105/><D2/><U53/><E36/><V84/><F31/><W39/><G77/><T122/><D131/><U101/><E114/><V119/><F5/><W57/><G57/><T134/><D122/><U30/><E7/><V4/><F4/><W103/><G3/><T110/><D59/><U75/><E75/><V93/><F45/><W116/><G39/><T66/><D66/><U87/><E87/><N who="2" m="52415" /><F100/><W0/><G0/><T127/><D127/><U16/><E14/><V94/><F119/><W52/><G10/><T24/><D110/><U69/><E69/><N who="2" m="42151" /><F72/><W33/><G9/><T98/><D98/><U81/><E55/><V6/><F6/><W11/><G11/><T111/><D111/><U129/><E129/><V73/><F73/><W50/><REACH who="3" step="1"/><G33/><REACH who="3" ten="281,129,331,249" step="2"/><T41/><D134/><U70/><E70/><V112/><F112/><W62/><G62/><T1/><D1/><U8/><E8/><V43/><F43/><W115/><G115/><T121/><D121/><U64/><E34/><V17/><F17/><W104/><G104/><T56/><D56/><U47/><E16/><V40/><F40/><W67/><G67/><T80/><D105/><U86/><E64/><V35/><F35/><W76/><G76/><T15/><D41/><U49/><E32/><V99/><F82/><W63/><G63/><T126/><D126/><U74/><E81/><V54/><F54/><W78/><G78/><T125/><D125/><RYUUKYOKU ba="0,1" sc="281,-15,129,-15,331,15,249,15" hai2="84,88,94,99" hai3="18,20,26,44,50,52,92,103,106,107,116,117,118" /><INIT seed="5,1,1,2,3,60" ten="266,114,346,264" oya="1" hai0="94,6,108,23,41,109,126,31,61,14,3,110,78" hai1="63,16,7,46,35,21,129,47,93,117,122,119,116" hai2="102,15,69,75,36,76,89,19,20,118,92,86,40" hai3="48,28,91,10,43,72,121,13,113,57,54,134,0"/><U27/><E122/><V37/><F118/><W83/><G121/><T124/><D3/><U123/><E123/><V132/><F132/><W33/><G134/><T53/><D41/><U133/><E133/><V25/><F69/><W107/><G107/><T131/><D131/><U49/><E129/><V81/><F40/><W130/><G130/><T115/><D115/><U100/><E7/><V105/><F15/><W1/><G113/><T51/><D78/><U56/><E35/><V67/><F67/><W95/><G43/><T30/><D61/><U125/><E125/><N who="0" m="48233" /><D94/><U24/><E24/><V82/><F81/><W62/><G48/><T55/><D23/><U11/><E11/><V38/><F38/><W29/><G72/><T112/><D112/><U84/><E49/><V2/><F2/><W88/><G1/><T66/><D66/><U64/><REACH who="1" step="1"/><E100/><REACH who="1" ten="266,104,346,264" step="2"/><V42/><F37/><W65/><G33/><T70/><D51/><U97/><E97/><N who="2" m="61647" /><F36/><W87/><G0/><T18/><D6/><U50/><E50/><V127/><F127/><W45/><G45/><T32/><D32/><U58/><E58/><V114/><F42/><W96/><G54/><N who="0" m="20491" /><D70/><U5/><E5/><AGARI ba="1,2" hai="5,10,13,28,29,57,62,65,83,87,88,91,95,96" machi="5" ten="30,7700,0" yaku="7,1,8,1,52,1,54,1" doraHai="60" who="3" fromWho="1" sc="266,0,104,-80,346,0,264,100" /><INIT seed="6,0,0,3,3,93" ten="266,24,346,364" oya="2" hai0="32,131,89,129,17,125,57,63,112,56,101,60,102" hai1="114,64,127,39,46,66,77,99,31,43,22,65,80" hai2="4,12,3,103,81,124,30,40,91,104,14,75,62" hai3="126,115,18,120,121,119,8,72,109,44,67,38,0"/><V76/><F124/><W94/><G109/><T85/><D32/><U128/><E127/><V130/><F130/><W133/><G126/><T50/><D50/><U78/><E128/><V27/><F62/><W116/><G72/><T21/><D125/><U132/><E132/><V20/><F91/><W2/><G67/><T110/><D110/><U98/><E114/><V106/><F106/><W90/><G133/><T7/><D112/><U55/><E55/><V9/><REACH who="2" step="1"/><F40/><REACH who="2" ten="266,24,336,364" step="2"/><W122/><G115/><T29/><D131/><U97/><REACH who="1" step="1"/><E80/><REACH who="1" ten="266,14,336,364" step="2"/><V34/><F34/><W59/><G121/><T61/><D129/><U123/><E123/><V10/><F10/><W26/><G8/><T41/><D41/><U58/><E58/><V33/><F33/><W134/><G59/><T107/><D57/><U5/><E5/><V36/><F36/><W111/><G38/><T49/><D7/><U15/><E15/><V105/><F105/><W84/><G120/><T92/><D107/><U100/><E100/><V88/><F88/><W118/><G122/><T47/><D102/><U69/><E69/><V96/><AGARI ba="0,2" hai="3,4,9,12,14,20,27,30,75,76,81,96,103,104" machi="96" ten="30,11700,0" yaku="1,1,0,1,52,1,53,1" doraHai="93" doraHaiUra="35" who="2" fromWho="2" sc="266,-39,14,-39,336,137,364,-39" owari="227,-17.0,-25,-53.0,473,57.0,325,13.0" /></mjloggm>