<mjloggm ver="2.3"><GO type="225" lobby="0"/><UN n0="%E8%88%B9%E8%A6%8B%E7%B5%90%E8%A1%A3%E3%81%A1%E3%82%83%E3%82%93" n1="%64%61%7A%61%69" n2="%E3%81%8B%E3%82%8A%E3%82%93%E3%81%95%E3%82%93" n3="%E3%83%AD%E3%83%9C%E3%82%B3%E3%83%97" dan="16,16,18,16" rate="2130.01,2088.76,2190.67,2115.88" sx="F,M,M,M"/><TAIKYOKU oya="0"/><INIT seed="0,0,0,5,2,68" ten="250,250,250,250" oya="0" hai0="6,63,91,94,118,15,10,74,115,90,131,8,114" hai1="11,52,119,64,45,88,110,18,93,34,35,19,124" hai2="4,83,103,26,30,104,100,87,43,122,0,98,86" hai3="31,13,12,54,78,28,128,92,89,46,53,39,96"/><T62/><D118/><U95/><E119/><V22/><F122/><W49/><G128/><T47/><D74/><U99/><E110/><V27/><F43/><W23/><G78/><T112/><D131/><U59/><E124/><V102/><F87/><W9/><G39/><T134/><D134/><U66/><E35/><V108/><F108/><W106/><G106/><T58/><D47/><U48/><E34/><V101/><F26/><W1/><G1/><T16/><D58/><U76/><E76/><V123/><F123/><W120/><G120/><T113/><N who="0" m="28672" /><DORA hai="70" /><T42/><D42/><U127/><E127/><V40/><F40/><W135/><G135/><T82/><D82/><U69/><E69/><V71/><F71/><W5/><G54/><T117/><D117/><U133/><E133/><V72/><F72/><W55/><G55/><T107/><D107/><U73/><E73/><V3/><REACH who="2" step="1"/><F4/><REACH who="2" ten="250,250,240,250" step="2"/><W17/><AGARI ba="0,1" hai="5,9,12,13,17,23,28,31,46,49,53,89,92,96" machi="17" ten="30,2000,0" yaku="0,1,8,1" doraHai="68,70" who="3" fromWho="3" sc="250,-10,250,-5,240,-5,250,30" /><INIT seed="1,0,0,5,3,38" ten="240,245,235,280" oya="1" hai0="98,57,59,41,49,5,70,119,109,76,42,72,90" hai1="35,46,118,124,135,64,106,32,40,129,108,97,115" hai2="8,71,134,99,9,52,55,22,17,56,83,3,10" hai3="7,117,127,2,58,48,78,63,51,65,103,14,120"/><U110/><E115/><V33/><F71/><W75/><G120/><T132/><D132/><U16/><E118/><V77/><F33/><W131/><G117/><T6/><D70/><U112/><E112/><V94/><F134/><W73/><G131/><T133/><D119/><U89/><E135/><V105/><F105/><W36/><G127/><T18/><D133/><U93/><E129/><V50/><F3/><W62/><G36/><T66/><D72/><U121/><E121/><V114/><F114/><W15/><G2/><T88/><D76/><U61/><E124/><V122/><F55/><W4/><G103/><T128/><D128/><U100/><E16/><V96/><F122/><W24/><G24/><T30/><D30/><U29/><E29/><V19/><F94/><W111/><G111/><N who="1" m="42538" /><E93/><V28/><F28/><W20/><G20/><T85/><D109/><U37/><E89/><V104/><F104/><W91/><G91/><T116/><D116/><U43/><E40/><N who="0" m="15465" /><D18/><U11/><E11/><V27/><REACH who="2" step="1"/><F17/><REACH who="2" ten="240,245,225,280" step="2"/><W80/><G4/><T92/><D66/><U79/><E79/><V23/><F23/><W25/><G78/><T102/><D102/><U60/><E60/><V67/><F67/><W12/><G63/><T123/><D123/><U45/><E45/><V31/><F31/><W53/><G62/><T0/><D0/><U39/><E39/><V44/><F44/><W113/><G65/><T47/><D5/><U82/><E82/><V69/><F69/><AGARI ba="0,1" hai="32,35,37,43,46,61,64,69,97,100,106" m="42538" machi="69" ten="30,11600,0" yaku="14,1,10,1,23,1,52,1" doraHai="38" who="1" fromWho="2" sc="240,0,245,126,225,-116,280,0" /><INIT seed="1,1,0,2,0,108" ten="240,371,109,280" oya="1" hai0="106,55,20,93,96,39,92,42,76,68,11,23,3" hai1="31,125,67,40,131,54,19,97,133,84,81,110,127" hai2="38,100,49,105,134,24,1,56,45,22,69,77,90" hai3="129,63,62,119,103,115,91,4,47,34,15,6,41"/><U85/><E131/><V87/><F1/><W44/><G34/><T58/><D68/><U28/><E133/><V121/><F69/><W94/><G129/><T29/><D106/><U53/><E110/><V101/><F121/><W79/><G103/><T86/><D42/><U98/><E40/><V36/><F134/><W118/><G79/><T113/><D39/><U33/><E81/><V126/><F126/><W8/><G6/><T43/><D43/><U66/><E19/><V46/><F77/><W71/><G115/><T2/><D113/><U65/><E65/><V25/><F105/><W64/><G63/><T13/><D2/><U117/><REACH who="1" step="1"/><E33/><REACH who="1" ten="240,361,109,280" step="2"/><V27/><F38/><W17/><G17/><T50/><D76/><U89/><E89/><V26/><F36/><W112/><G112/><T128/><D128/><U116/><AGARI ba="1,1" hai="28,31,53,54,66,67,84,85,97,98,116,117,125,127" machi="116" ten="25,18000,2" yaku="1,1,0,1,22,2,53,2" doraHai="108" doraHaiUra="51" who="1" fromWho="1" sc="240,-61,361,193,109,-61,280,-61" /><INIT seed="1,2,0,0,2,76" ten="179,554,48,219" oya="1" hai0="43,94,46,122,59,66,106,65,124,44,1,20,72" hai1="64,11,26,16,102,63,112,125,14,99,54,4,17" hai2="127,132,119,104,7,90,48,93,75,41,105,85,129" hai3="36,77,121,82,29,49,13,24,22,32,27,133,98"/><U115/><E125/><V69/><F69/><W35/><G121/><T126/><D106/><U134/><E134/><V40/><F119/><W25/><G36/><T37/><D122/><U100/><E54/><V42/><F127/><N who="0" m="48682" /><D1/><U131/><E131/><V67/><F132/><W87/><G133/><T18/><D72/><U118/><E118/><V38/><F129/><W103/><G49/><T9/><D9/><U57/><E102/><V84/><F38/><W74/><G74/><T73/><D73/><U19/><REACH who="1" step="1"/><E26/><REACH who="1" ten="179,544,48,219" step="2"/><V108/><F108/><W53/><G53/><T81/><D66/><U117/><E117/><V97/><F67/><W71/><G27/><T21/><D65/><U116/><E116/><V23/><F40/><W95/><G25/><T110/><D43/><U2/><E2/><V89/><F42/><W68/><G35/><T70/><D110/><U8/><E8/><V15/><F41/><W78/><G32/><T128/><D128/><U56/><E56/><V91/><F23/><W79/><G24/><T12/><D21/><U45/><E45/><V83/><F48/><W47/><G47/><T86/><D59/><U55/><E55/><V50/><F50/><W10/><G22/><T96/><D70/><U130/><E130/><V39/><F39/><W5/><G29/><T52/><D52/><U123/><E123/><V135/><F135/><W114/><G114/><T62/><D37/><U88/><E88/><N who="2" m="55463" /><F15/><W80/><G71/><T92/><D12/><U113/><E113/><V6/><F90/><N who="3" m="51575" /><G68/><T31/><D20/><U30/><E30/><V0/><F0/><RYUUKYOKU ba="2,1" sc="179,-15,544,15,48,-15,219,15" hai1="4,11,14,16,17,19,57,63,64,99,100,112,115" hai3="5,10,13,77,78,79,80,95,98,103" /><INIT seed="1,3,1,1,4,37" ten="164,559,33,234" oya="1" hai0="39,65,70,104,126,82,106,101,4,118,98,66,24" hai1="8,124,49,51,17,41,99,9,26,57,93,53,135" hai2="12,23,21,86,85,40,114,110,78,71,54,63,132" hai3="15,94,59,113,1,74,107,108,92,20,42,38,6"/><U123/><E123/><V131/><F110/><W127/><G113/><T77/><D118/><U22/><E135/><V62/><F132/><W25/><G1/><T121/><D121/><U27/><E124/><V13/><F114/><W72/><G108/><T73/><D126/><U133/><E133/><V34/><F131/><W28/><G107/><N who="0" m="63927" /><D65/><U117/><E117/><V35/><F71/><W32/><G127/><T68/><D4/><U76/><E76/><V2/><F78/><W60/><G74/><T79/><D79/><U89/><REACH who="1" step="1"/><E27/><REACH who="1" ten="164,549,33,234" step="2"/><V11/><F54/><W84/><G25/><T81/><D24/><U10/><E10/><V96/><F11/><W55/><G72/><T7/><D77/><U120/><E120/><V5/><F5/><W115/><G6/><T129/><D73/><U44/><AGARI ba="3,2" hai="8,9,17,22,26,41,44,49,51,53,57,89,93,99" machi="44" ten="30,12000,1" yaku="1,1,0,1,8,1,52,1,53,1" doraHai="37" doraHaiUra="95" who="1" fromWho="1" sc="164,-43,549,149,33,-43,234,-43" owari="121,-28.0,698,80.0,-10,-51.0,191,-1.0" /></mjloggm>