<mjloggm ver="2.3"><GO type="185" lobby="0"/><UN n0="%EF%BC%AA%EF%BD%95%EF%BD%87%EF%BD%8F" n1="%E3%81%97%E3%81%8B%E3%81%BE%E3%82%81" n2="%E9%AC%BC" n3="" dan="16,16,17,0" rate="2211.22,2117.95,2279.44,1500.00" sx="M,M,F,C"/><TAIKYOKU oya="0"/><INIT seed="0,0,0,0,4,54" ten="350,350,350,0" oya="0" hai0="126,112,80,53,96,76,87,121,48,95,33,2,113" hai1="0,108,44,91,129,98,94,63,64,119,77,101,67" hai2="55,45,92,62,79,106,40,32,41,58,73,65,71" hai3=""/><T69/><N who="0" m="31008" /><T135/><D2/><U42/><E0/><V38/><F106/><T39/><D33/><U134/><E119/><V93/><F40/><T97/><D135/><U104/><E134/><V72/><F32/><T118/><D118/><U116/><E116/><V50/><F79/><T115/><D69/><U127/><E127/><V122/><N who="2" m="31264" /><V107/><F107/><T52/><D39/><U68/><E129/><V88/><F93/><T125/><D53/><U89/><E108/><V131/><F131/><T57/><REACH who="0" step="1"/><D97/><AGARI ba="0,0" hai="38,41,45,50,55,58,62,65,71,72,73,88,92,97" m="31264" machi="97" ten="30,12000,2" yaku="7,1,24,2,52,2,54,1" doraHai="54" who="2" fromWho="0" sc="350,-120,350,0,350,120,0,0" /><INIT seed="1,0,0,4,3,0" ten="230,350,470,0" oya="1" hai0="69,65,71,74,40,47,86,50,88,39,125,36,135" hai1="77,87,102,44,92,37,115,109,113,1,97,96,126" hai2="79,90,45,2,38,128,61,57,43,130,75,32,110" hai3=""/><U59/><E1/><V106/><F110/><T104/><D104/><U76/><E109/><V58/><F2/><T80/><D135/><U117/><E117/><V118/><F118/><T85/><D74/><U49/><E126/><V101/><F90/><T48/><D125/><U99/><E37/><V105/><F32/><T41/><D65/><U78/><E59/><V82/><F58/><T127/><D127/><U107/><E49/><V72/><F72/><T46/><D80/><U53/><E53/><V100/><F106/><T34/><REACH who="0" step="1"/><D88/><REACH who="0" ten="220,350,470,0" step="2"/><U124/><E124/><V89/><F89/><T64/><D64/><U91/><E44/><V81/><F81/><T54/><D54/><U3/><E3/><V68/><F105/><T119/><D119/><U129/><E129/><N who="2" m="49771" /><F68/><T83/><D83/><U120/><N who="1" m="30752" /><U60/><E60/><V95/><F95/><T51/><D51/><U70/><E70/><V35/><F82/><T134/><D134/><U132/><E132/><V103/><F61/><T73/><D73/><U123/><N who="1" m="31520" /><U33/><E33/><AGARI ba="0,1" hai="33,34,36,39,40,41,46,47,48,50,69,71,85,86" machi="33" ten="25,8000,1" yaku="1,1,22,2,52,2,53,0" doraHai="0" doraHaiUra="63" who="0" fromWho="1" sc="220,90,350,-80,470,0,0,0" /><INIT seed="2,0,0,3,5,82" ten="310,270,470,0" oya="2" hai0="41,68,52,63,77,81,104,51,122,32,45,131,44" hai1="34,103,106,47,92,102,110,69,3,42,130,65,135" hai2="128,62,96,107,1,93,56,70,133,49,125,36,111" hai3=""/><V113/><RYUUKYOKU type="yao9" ba="0,0" sc="310,0,270,0,470,0,0,0" hai2="1,36,49,56,62,70,93,96,107,111,113,125,128,133" /><INIT seed="2,1,0,5,2,100" ten="310,270,470,0" oya="2" hai0="90,48,124,78,129,77,47,132,91,116,118,52,108" hai1="80,126,68,125,39,128,88,105,33,37,54,38,51" hai2="45,69,95,62,1,63,81,106,64,87,103,107,85" hai3=""/><V104/><F1/><T66/><D108/><U110/><E33/><V57/><F45/><T131/><D132/><U119/><E68/><V133/><F133/><T35/><D66/><U109/><E119/><N who="0" m="45609" /><D35/><U97/><E128/><N who="0" m="49225" /><D124/><N who="1" m="47723" /><E105/><V32/><F32/><T89/><AGARI ba="1,0" hai="47,48,52,77,78,89,90,91" m="49225,45609" machi="89" ten="40,2000,0" yaku="19,1,54,1" doraHai="100" who="0" fromWho="0" sc="310,22,270,-8,470,-14,0,0" /><INIT seed="4,0,0,3,3,117" ten="332,262,456,0" oya="0" hai0="72,126,66,2,115,135,134,131,101,133,110,130,54" hai1="111,107,79,91,75,85,86,42,57,58,45,48,63" hai2="92,33,39,1,56,61,46,132,52,102,64,104,49" hai3=""/><T84/><D2/><U122/><N who="1" m="31264" /><U67/><E107/><V69/><F132/><T87/><D66/><U118/><E118/><V51/><F1/><T81/><D54/><U106/><E106/><V35/><F104/><T114/><D110/><U89/><E111/><V38/><F102/><T47/><D47/><U65/><E75/><V36/><F92/><T105/><D72/><U124/><E124/><V95/><F95/><T83/><D101/><U76/><E65/><V121/><N who="2" m="31008" /><V70/><F33/><T40/><D40/><U55/><E86/><N who="0" m="32809" /><D105/><U82/><REACH who="1" step="1"/><E91/><REACH who="1" ten="332,252,456,0" step="2"/><V0/><F0/><T3/><D3/><U129/><E129/><N who="0" m="49161" /><D126/><U50/><AGARI ba="0,1" hai="42,45,48,50,55,57,58,63,67,76,79,82,85,89" m="31264" machi="50" ten="20,12000,3" yaku="1,1,0,1,7,1,8,1,52,2,53,2" doraHai="117" doraHaiUra="73" who="1" fromWho="1" sc="332,-80,252,130,456,-40,0,0" /><INIT seed="5,0,0,5,1,68" ten="252,382,416,0" oya="1" hai0="90,73,117,86,40,53,36,110,63,91,82,80,57" hai1="87,41,72,65,77,70,101,76,44,106,54,103,94" hai2="123,108,42,89,85,0,128,74,61,97,105,112,78" hai3=""/><U46/><E72/><V95/><N who="2" m="31520" /><V124/><F0/><T56/><D110/><U135/><E135/><V126/><F108/><T120/><N who="0" m="30752" /><T81/><D117/><U69/><E69/><V75/><F61/><T43/><D73/><N who="2" m="27658" /><F42/><T88/><D36/><U119/><E119/><V115/><F128/><T38/><D38/><U92/><E106/><V50/><F50/><T52/><D86/><U58/><E65/><V34/><F34/><T35/><D35/><U47/><E70/><V96/><F96/><T133/><D133/><U104/><E104/><V67/><F67/><T121/><N who="0" m="31008" /><T102/><D102/><N who="1" m="38923" /><E41/><V125/><F105/><T111/><REACH who="0" step="1"/><D111/><REACH who="0" ten="242,382,416,0" step="2"/><U51/><E87/><V37/><F37/><T33/><D33/><U130/><E130/><V79/><F85/><T134/><D134/><U98/><E94/><V39/><F39/><T64/><D64/><U127/><E127/><V1/><F1/><T116/><D116/><U62/><E51/><AGARI ba="0,1" hai="40,43,51,52,53,56,57,63,80,81,82,88,90,91" m="31008,30752" machi="51" ten="40,16000,3" yaku="1,1,8,1,52,2,54,2,53,2" doraHai="68" doraHaiUra="118" who="0" fromWho="1" sc="242,170,382,-160,416,0,0,0" /><INIT seed="6,0,0,5,1,47" ten="412,222,416,0" oya="2" hai0="97,56,66,119,44,82,74,98,123,120,48,95,110" hai1="49,133,75,41,73,100,80,115,131,52,125,42,114" hai2="105,60,76,39,0,113,81,102,51,127,101,67,130" hai3=""/><V34/><F34/><T32/><N who="0" m="30752" /><T104/><N who="0" m="31520" /><T112/><D110/><U90/><E100/><V72/><F0/><T70/><D119/><U53/><E90/><V111/><F39/><T38/><D38/><U129/><E80/><V59/><F111/><T109/><D109/><U94/><E94/><V40/><F127/><T77/><D70/><U46/><E46/><V1/><F1/><T54/><D112/><U57/><E57/><V3/><F3/><T108/><D108/><U87/><E87/><V83/><F113/><T33/><D104/><U2/><E2/><V124/><F124/><T118/><D118/><U89/><E89/><V86/><F130/><T68/><D68/><U132/><REACH who="1" step="1"/><E125/><REACH who="1" ten="412,212,416,0" step="2"/><V91/><F101/><T55/><D32/><U79/><E79/><V69/><F102/><T61/><D33/><U62/><E62/><V35/><F35/><T85/><D85/><U58/><E58/><V99/><F59/><T43/><D95/><U135/><E135/><V96/><F83/><T93/><D97/><U107/><E107/><V88/><F105/><T117/><D117/><U128/><E128/><V78/><F99/><T71/><D56/><U126/><E126/><V65/><F96/><T103/><AGARI ba="0,1" hai="43,44,48,54,55,61,66,71,74,77,82,93,98,103" m="31520,30752" machi="103" ten="20,9000,2" yaku="5,1,0,1,7,1,52,3" doraHai="47" who="0" fromWho="0" sc="412,100,212,-30,416,-60,0,0" owari="512,46.0,182,-42.0,356,-4.0,0,0.0" /></mjloggm>