<mjloggm ver="2.3"><GO type="225" lobby="0"/><UN n0="%E3%83%A2%E3%82%B0%E3%83%9E%E3%83%AA%E3%83%A2" n1="%E3%83%B4%E3%83%A0%EF%BC%99%E3%81%A6" n2="%E5%AE%89%E8%97%A4%E3%82%AB%E3%82%B1%E3%83%AB" n3="%E3%82%8D%E3%82%93%EF%BC%92" dan="16,17,16,17" rate="2139.52,2177.70,2061.44,2172.77" sx="M,M,M,M"/><TAIKYOKU oya="0"/><INIT seed="0,0,0,0,5,24" ten="250,250,250,250" oya="0" hai0="77,48,124,118,121,83,75,66,22,109,92,26,67" hai1="32,7,35,91,53,11,51,57,73,9,19,46,117" hai2="78,12,45,58,123,1,131,106,42,115,36,18,6" hai3="3,16,39,8,133,120,52,34,122,88,13,81,47"/><T98/><D118/><U30/><E117/><V103/><F115/><W107/><G107/><T28/><D121/><N who="3" m="46697" /><G133/><T80/><D124/><U126/><E126/><V2/><F123/><W127/><G127/><T68/><D109/><U96/><E73/><V33/><F131/><W119/><G119/><T111/><D111/><U37/><E19/><V64/><F78/><W110/><G110/><T21/><D68/><U97/><E32/><V59/><F33/><W56/><G3/><T85/><D48/><U49/><E37/><V71/><F71/><W130/><G130/><T90/><REACH who="0" step="1"/><D22/><REACH who="0" ten="240,250,250,250" step="2"/><U44/><E35/><V104/><F36/><W25/><G39/><T61/><D61/><U79/><E49/><V23/><F1/><W84/><G47/><T31/><D31/><U69/><E30/><V101/><F45/><W10/><G34/><T94/><D94/><U63/><E69/><V112/><F2/><W105/><G105/><T135/><D135/><U54/><E44/><V38/><F106/><W41/><G41/><T99/><D99/><U15/><E96/><V93/><F42/><W87/><G87/><T43/><D43/><U89/><E97/><V29/><F104/><W62/><G25/><T74/><D74/><U55/><E46/><V40/><F38/><W125/><G125/><T129/><D129/><U14/><E51/><V0/><F40/><W114/><G114/><T5/><D5/><N who="1" m="3375" /><E79/><AGARI ba="0,1" hai="21,26,28,66,67,75,77,79,80,83,85,90,92,98" machi="79" ten="30,5800,0" yaku="1,1,7,1,52,1,53,0" doraHai="24" doraHaiUra="102" who="0" fromWho="1" sc="240,68,250,-58,250,0,250,0" /><INIT seed="0,1,0,1,3,20" ten="308,192,250,250" oya="0" hai0="81,94,12,103,119,22,38,56,100,41,134,68,50" hai1="77,5,3,130,10,30,64,129,27,123,43,120,14" hai2="83,75,34,44,45,127,133,58,73,72,0,86,125" hai3="29,102,105,93,131,28,49,110,70,98,85,32,26"/><T107/><D119/><U111/><E43/><V91/><F0/><W40/><G110/><T21/><D68/><U52/><E64/><V53/><F34/><W121/><G131/><N who="1" m="50186" /><E52/><V6/><F6/><W99/><G121/><N who="1" m="46666" /><E77/><V84/><F133/><W97/><G29/><T7/><D134/><U8/><E111/><V88/><F44/><W17/><G17/><T25/><D38/><U108/><E108/><V114/><F114/><W11/><G11/><N who="0" m="4223" /><D107/><U61/><E61/><V132/><F45/><W54/><G49/><T115/><D115/><U19/><E30/><V79/><F132/><W101/><G40/><T24/><D81/><U135/><E135/><V112/><F112/><W46/><G70/><T67/><D67/><U65/><E65/><V69/><F69/><W66/><G66/><T18/><D41/><U71/><E71/><V16/><F79/><W55/><G46/><T95/><D56/><U48/><E48/><V57/><F57/><W51/><G51/><T31/><D50/><U60/><E60/><V117/><F58/><W87/><REACH who="3" step="1"/><G99/><REACH who="3" ten="308,192,250,240" step="2"/><T124/><D124/><U122/><N who="1" m="46674" /><U62/><DORA hai="92" /><E62/><V37/><F127/><W23/><G23/><T126/><D126/><U113/><E113/><V59/><F125/><W89/><G89/><T42/><D42/><U76/><E76/><V4/><F37/><W104/><G104/><T35/><D35/><U116/><E116/><V2/><F117/><W33/><G33/><T128/><D128/><U106/><E106/><V90/><F59/><W80/><G80/><T78/><D78/><U63/><E63/><RYUUKYOKU ba="1,1" sc="308,10,192,10,250,-30,240,10" hai0="18,21,22,24,25,31,94,95,100,103" hai1="3,5,8,10,14,19,27" hai3="26,28,32,54,55,85,87,93,97,98,101,102,105" /><INIT seed="0,2,1,5,1,98" ten="318,202,220,250" oya="0" hai0="102,76,111,8,24,36,91,6,13,19,37,30,79" hai1="25,107,83,45,129,15,77,60,22,126,14,2,105" hai2="28,53,10,85,89,127,101,92,7,78,27,75,96" hai3="120,63,55,68,82,9,66,95,5,21,123,84,57"/><T73/><D111/><U61/><E2/><V12/><F127/><W132/><G21/><T109/><D109/><U54/><E126/><V32/><F75/><W42/><G42/><T44/><D91/><U115/><E129/><V119/><F119/><W106/><G106/><T104/><D19/><U26/><E115/><V40/><F40/><W35/><G35/><T18/><D18/><U48/><E105/><V131/><F131/><W46/><G46/><T29/><D44/><U121/><E107/><V124/><F124/><W81/><G95/><T133/><D133/><U41/><E121/><N who="3" m="46666" /><G132/><T47/><D47/><U125/><E125/><V90/><REACH who="2" step="1"/><F53/><REACH who="2" ten="318,202,210,250" step="2"/><W93/><G55/><T99/><D73/><U69/><E41/><V65/><F65/><W3/><G68/><T49/><D37/><U4/><E69/><V43/><F43/><W70/><G70/><T113/><D36/><U17/><E60/><V116/><F116/><W94/><G81/><AGARI ba="2,2" hai="7,10,12,27,28,32,78,81,85,89,90,92,96,101" machi="81" ten="40,2600,0" yaku="1,1,52,1,53,0" doraHai="98" doraHaiUra="117" who="2" fromWho="3" sc="318,0,202,0,210,52,250,-32" /><INIT seed="1,0,0,2,0,10" ten="318,202,262,218" oya="1" hai0="11,123,108,53,112,84,126,72,28,52,56,133,40" hai1="105,57,88,35,117,22,77,87,12,119,74,99,110" hai2="114,46,107,75,67,15,134,23,70,95,42,120,47" hai3="58,79,1,51,27,97,62,38,66,43,78,39,34"/><U71/><E71/><V68/><F107/><W116/><G1/><T98/><D72/><U94/><E35/><V69/><F75/><W16/><G116/><T106/><D112/><U131/><E131/><V19/><F120/><W89/><G34/><T85/><D40/><U0/><E0/><V91/><F114/><W55/><G39/><T61/><D108/><U130/><E130/><V90/><F134/><W49/><G38/><T36/><D36/><U48/><E110/><V81/><F67/><W26/><G43/><T18/><D28/><U96/><E96/><V60/><F60/><W14/><G97/><T103/><D126/><U20/><E20/><V101/><F101/><W73/><G89/><T13/><D133/><U3/><E3/><V93/><F81/><W65/><G66/><T45/><REACH who="0" step="1"/><D123/><REACH who="0" ten="308,202,262,218" step="2"/><U4/><E74/><V21/><F42/><W86/><G73/><T125/><D125/><U111/><E111/><V64/><F69/><W44/><G51/><AGARI ba="0,1" hai="11,13,18,45,51,52,53,56,61,84,85,98,103,106" machi="51" ten="40,5200,0" yaku="1,1,52,1,54,1,53,0" doraHai="10" doraHaiUra="132" who="0" fromWho="3" sc="308,62,202,0,262,0,218,-52" /><INIT seed="2,0,0,2,5,61" ten="370,202,262,166" oya="2" hai0="36,12,79,101,106,122,78,21,32,98,60,99,112" hai1="38,57,115,82,84,116,28,18,4,30,24,68,51" hai2="3,19,58,37,25,90,39,119,63,11,125,121,49" hai3="56,46,7,135,127,94,131,76,114,105,70,130,5"/><V34/><F119/><W89/><G70/><T85/><D122/><U16/><E116/><V40/><F121/><W17/><G105/><T97/><D32/><U1/><E38/><V10/><F125/><W22/><G76/><T75/><D36/><U118/><E68/><V113/><F113/><W59/><G114/><T15/><D60/><U120/><E118/><V69/><F69/><W93/><G46/><T86/><D21/><U109/><E115/><V104/><F104/><W83/><G83/><N who="0" m="45535" /><D15/><U20/><E109/><V6/><F90/><W8/><G127/><T67/><D67/><U102/><E102/><V29/><F11/><W73/><G73/><T123/><D12/><U129/><E129/><N who="3" m="49162" /><G135/><T77/><D123/><U107/><E107/><V42/><F19/><W128/><N who="3" m="49170" /><W50/><DORA hai="64" /><G50/><T71/><D71/><U33/><E120/><V134/><F134/><W9/><G9/><T96/><D112/><U65/><E51/><V74/><F42/><W31/><G31/><T124/><D124/><U111/><E111/><V95/><F39/><W48/><G48/><T27/><D27/><U91/><E30/><V35/><F29/><W87/><G93/><T103/><D103/><U108/><E108/><V100/><F100/><W92/><G94/><T53/><D53/><U13/><E33/><V14/><F34/><W26/><G7/><T81/><D86/><U52/><E28/><V23/><F37/><W55/><G55/><T117/><D117/><U110/><E110/><V72/><F72/><W44/><G44/><T126/><D126/><U80/><E4/><RYUUKYOKU ba="0,0" sc="370,15,202,-15,262,-15,166,15" hai0="77,79,81,85,96,97,98,99,101,106" hai3="5,8,17,22,26,56,59,87,89,92" /><INIT seed="3,1,0,5,3,83" ten="385,187,247,181" oya="3" hai0="118,41,84,82,65,99,38,94,31,46,51,33,4" hai1="131,57,32,62,67,127,2,1,95,5,126,59,88" hai2="9,103,63,10,16,98,128,21,17,92,29,97,112" hai3="43,68,61,133,60,8,52,12,123,79,102,129,110"/><W109/><G123/><T73/><D118/><U36/><E32/><V85/><F112/><W42/><G133/><T72/><D4/><U107/><E107/><V69/><F128/><W105/><G129/><T132/><D132/><U45/><E131/><V135/><F135/><W125/><G125/><N who="1" m="47626" /><E57/><V64/><F29/><W96/><G79/><T49/><D65/><U81/><E81/><V48/><F17/><N who="3" m="8327" /><G61/><T115/><D51/><U27/><E27/><V20/><F20/><W53/><G68/><T14/><D31/><U22/><E22/><V11/><F48/><W108/><G60/><T70/><D46/><U24/><E24/><V40/><F40/><AGARI ba="1,0" hai="40,42,43,52,53,96,102,105,108,109,110" m="8327" machi="40" ten="30,5800,0" yaku="14,1,10,1,54,1" doraHai="83" who="3" fromWho="2" sc="385,0,187,0,247,-61,181,61" /><INIT seed="3,2,0,5,3,92" ten="385,187,186,242" oya="3" hai0="3,113,9,69,20,127,101,47,16,109,81,23,38" hai1="116,83,8,12,2,31,36,87,84,85,120,64,117" hai2="32,70,59,100,135,134,102,45,44,129,43,18,29" hai3="71,104,108,37,98,124,76,80,106,63,110,27,121"/><W105/><G105/><T56/><BYE who="3" /><D109/><U122/><E2/><V17/><F70/><UN n3="%E3%82%8D%E3%82%93%EF%BC%92" /><W24/><G37/><T119/><D119/><N who="1" m="45643" /><E36/><V99/><F129/><W130/><G121/><N who="1" m="46698" /><E31/><V93/><F102/><N who="3" m="62551" /><G106/><T103/><D69/><U7/><E64/><V133/><F59/><W115/><G115/><T6/><D56/><U132/><E132/><N who="2" m="33795" /><V21/><DORA hai="91" /><F32/><W50/><G130/><T48/><D103/><U52/><E52/><V14/><F29/><W74/><G50/><T97/><D48/><U79/><AGARI ba="2,0" hai="7,8,12,79,83,84,85,87" m="46698,45643" machi="79" ten="30,1100,0" yaku="12,1" doraHai="92,91" who="1" fromWho="1" sc="385,-5,187,17,186,-5,242,-7" owari="380,48.0,204,-20.0,181,-32.0,235,4.0" /></mjloggm>