<mjloggm ver="2.3"><GO type="169" lobby="0"/><UN n0="%E3%81%82%E3%81%8A%E3%81%8D%E3%82%93%E3%81%90" n1="%E3%81%AF%E3%81%84%E3%81%A6%E3%82%93%E3%81%BC%E3%83%BC" n2="%E3%81%A6%E3%82%93%E3%81%BD%E3%81%84%E3%82%93%E3%81%A8" n3="%77%72%77%72%77%72%77%72" dan="16,16,17,17" rate="2094.43,2172.29,2214.31,2180.65" sx="M,M,F,M"/><TAIKYOKU oya="0"/><INIT seed="0,0,0,0,1,113" ten="250,250,250,250" oya="0" hai0="1,63,84,135,26,45,42,38,17,52,118,91,120" hai1="51,10,16,82,102,117,76,90,36,9,33,55,15" hai2="77,96,60,46,41,89,126,57,54,6,124,98,133" hai3="2,105,131,25,68,62,48,103,40,121,119,122,83"/><T104/><D118/><U19/><E36/><V69/><F77/><W22/><G131/><T123/><D135/><U53/><E33/><V47/><F6/><W108/><G108/><T134/><D134/><U99/><E117/><V110/><F89/><W88/><G2/><T80/><D104/><U20/><E90/><V39/><F98/><N who="3" m="61687" /><G119/><T8/><D1/><U43/><E43/><N who="2" m="22911" /><F96/><W44/><G62/><T97/><D97/><U129/><E129/><V78/><F78/><W64/><G64/><T18/><D8/><U81/><E81/><V0/><F0/><W101/><G101/><T72/><D72/><U73/><E55/><V67/><F110/><W87/><G68/><T106/><D106/><U37/><E19/><V79/><F79/><W86/><G86/><T5/><D5/><U59/><REACH who="1" step="1"/><E37/><REACH who="1" ten="250,240,250,250" step="2"/><N who="2" m="21935" /><F133/><W66/><G88/><T24/><D18/><U58/><E58/><V35/><F35/><W4/><G83/><T132/><D132/><U27/><E27/><V100/><F100/><W111/><G25/><T85/><D24/><U32/><E32/><V94/><F94/><AGARI ba="0,1" hai="9,10,15,16,20,51,53,59,73,76,82,94,99,102" machi="94" ten="30,3900,0" yaku="1,1,7,1,54,1,53,0" doraHai="113" doraHaiUra="112" who="1" fromWho="2" sc="250,0,240,49,250,-39,250,0" /><INIT seed="1,0,0,0,4,33" ten="250,289,211,250" oya="1" hai0="26,74,11,100,38,77,51,88,101,21,111,128,129" hai1="37,117,66,17,57,103,99,126,31,16,10,30,64" hai2="61,135,12,0,34,3,75,43,81,29,6,109,93" hai3="102,53,23,32,106,108,7,41,39,121,9,65,47"/><U8/><E117/><V95/><F43/><W85/><G121/><T36/><D111/><U113/><E37/><V131/><F61/><W90/><G108/><T130/><D11/><U58/><E113/><V80/><F109/><W50/><G32/><T19/><D51/><U132/><E132/><V123/><F123/><W91/><G65/><T22/><D77/><U118/><E118/><V60/><F60/><W55/><G23/><T2/><D74/><U114/><E114/><V83/><F75/><W1/><G55/><T42/><D2/><N who="2" m="554" /><F12/><W124/><G85/><T134/><D134/><U45/><E45/><V56/><F56/><W107/><G107/><T71/><D71/><U54/><E54/><V94/><F6/><W69/><G69/><T13/><D88/><U76/><E76/><V20/><F20/><W5/><G5/><T48/><D48/><U133/><E133/><V110/><F135/><W28/><G28/><N who="0" m="17487" /><D42/><U35/><E35/><V73/><F73/><W86/><G41/><T84/><D84/><U70/><E70/><V89/><F110/><W24/><G86/><T125/><D38/><U112/><E112/><V98/><F29/><W18/><G39/><T15/><D13/><U59/><E59/><V68/><F34/><W115/><G115/><T119/><D36/><U63/><E63/><V40/><F40/><W49/><G49/><T27/><D119/><U104/><E104/><V79/><F68/><W116/><G116/><T46/><D46/><U87/><E87/><N who="2" m="48543" /><F131/><W78/><G1/><T72/><D130/><U105/><E105/><V96/><F81/><RYUUKYOKU ba="0,0" sc="250,-10,289,-10,211,30,250,-10" hai2="83,89,93,94,95,96,98" /><INIT seed="2,1,0,1,0,129" ten="240,279,241,240" oya="2" hai0="115,84,46,107,40,23,55,76,89,28,13,64,68" hai1="85,79,99,117,105,33,12,10,18,71,67,110,96" hai2="113,132,122,120,56,112,44,1,41,21,93,17,126" hai3="27,102,51,106,7,91,30,83,32,60,53,111,62"/><V14/><F56/><W108/><G7/><T9/><D115/><N who="2" m="44106" /><F93/><W26/><G26/><T58/><D107/><U63/><E117/><V116/><F44/><W131/><G131/><T66/><D76/><U123/><E123/><N who="2" m="47147" /><F41/><W98/><G91/><T39/><D68/><U103/><E99/><V109/><F1/><W25/><G25/><T0/><D0/><U38/><E38/><V20/><F126/><W29/><G29/><T54/><D23/><U104/><E104/><V82/><F82/><W15/><G15/><T73/><D28/><U114/><E114/><V11/><F116/><W42/><G83/><T97/><D97/><U22/><E79/><V128/><F128/><W47/><REACH who="3" step="1"/><G42/><REACH who="3" ten="240,279,241,230" step="2"/><T34/><D40/><U75/><E33/><V57/><F57/><W24/><G24/><T43/><D58/><U80/><E80/><V74/><F74/><W134/><G134/><T69/><D43/><U125/><E75/><V45/><F45/><W78/><G78/><T124/><D46/><U81/><E81/><V101/><F101/><W31/><G31/><T86/><D73/><U65/><E103/><V90/><F90/><W100/><G100/><T118/><D89/><U6/><E71/><V87/><F87/><W88/><G88/><T4/><D84/><U50/><E85/><V130/><F130/><W61/><AGARI ba="1,1" hai="27,30,32,47,51,53,60,61,62,98,102,106,108,111" machi="61" ten="30,4000,0" yaku="1,1,0,1,53,1" doraHai="129" doraHaiUra="48" who="3" fromWho="3" sc="240,-11,279,-11,241,-21,230,53" /><INIT seed="3,0,0,4,4,122" ten="229,268,220,283" oya="3" hai0="133,0,118,70,61,77,44,60,86,81,36,116,96" hai1="93,56,71,103,65,117,14,46,62,6,121,24,26" hai2="125,63,58,87,106,129,92,115,72,73,66,25,45" hai3="52,109,114,74,57,67,105,43,128,97,127,110,84"/><W2/><G128/><T69/><D0/><U79/><E121/><V94/><F106/><W8/><G127/><T20/><D133/><U53/><E117/><V12/><F115/><W38/><G114/><T47/><D96/><U98/><E79/><V64/><F73/><W30/><G74/><T10/><D10/><U37/><E6/><V88/><F72/><W99/><G30/><T76/><D20/><U111/><E14/><V78/><F78/><W95/><G67/><T23/><D23/><U1/><E1/><V29/><F129/><W89/><G105/><T91/><D91/><U107/><E107/><V35/><F125/><W34/><G43/><T100/><D86/><U101/><E101/><V16/><F45/><W39/><G39/><T132/><D132/><U54/><E54/><V82/><REACH who="2" step="1"/><F66/><REACH who="2" ten="229,268,210,283" step="2"/><W130/><G130/><T42/><D118/><U104/><E104/><V21/><AGARI ba="0,1" hai="12,16,21,25,29,35,58,63,64,82,87,88,92,94" machi="21" ten="20,12000,2" yaku="1,1,2,1,0,1,7,1,54,2,53,0" doraHai="122" doraHaiUra="112" who="2" fromWho="2" sc="229,-30,268,-30,210,130,283,-60" /><INIT seed="4,0,0,1,5,95" ten="199,238,340,223" oya="0" hai0="108,39,127,20,16,67,46,19,91,41,71,52,28" hai1="55,69,78,134,70,132,60,47,100,65,42,50,10" hai2="29,107,57,98,81,17,25,82,30,58,109,7,122" hai3="117,72,112,77,76,131,21,68,9,40,125,93,5"/><T66/><D127/><U92/><E78/><V121/><F109/><W104/><G117/><T35/><D108/><U129/><E10/><V48/><F48/><W115/><G131/><T90/><D35/><U51/><E100/><V8/><F8/><W87/><G104/><T61/><D67/><U133/><E92/><V26/><F107/><W54/><G68/><T3/><D3/><U80/><E80/><V120/><F17/><W23/><G40/><T103/><D103/><U43/><E129/><V2/><F2/><W85/><G72/><T106/><D106/><U36/><E70/><V37/><F37/><W88/><G54/><T62/><D28/><U110/><E110/><V24/><F98/><W124/><G9/><T113/><D113/><N who="3" m="43593" /><G5/><T53/><D19/><U86/><E86/><V130/><F7/><W49/><G49/><T97/><D97/><U13/><E13/><V4/><F4/><W118/><G118/><T84/><D62/><U11/><E11/><V123/><F123/><W105/><G105/><T75/><D75/><U45/><E36/><V102/><F130/><W116/><G116/><T79/><D53/><AGARI ba="0,0" hai="42,43,45,47,50,51,53,55,60,65,69,132,133,134" machi="53" ten="40,8000,1" yaku="9,1,20,1,34,3" doraHai="95" who="1" fromWho="0" sc="199,-80,238,80,340,0,223,0" /><INIT seed="5,0,0,2,2,2" ten="119,318,340,223" oya="1" hai0="85,87,116,22,51,15,134,115,18,48,37,25,73" hai1="132,12,106,24,117,65,5,81,29,123,55,66,107" hai2="91,36,135,84,126,72,35,118,102,74,60,128,38" hai3="57,52,70,90,100,88,42,17,62,129,11,75,59"/><U69/><E123/><V105/><F60/><W79/><G70/><T133/><D73/><N who="2" m="28266" /><F35/><W108/><G108/><T26/><D116/><U34/><E117/><V114/><F118/><W112/><G100/><T46/><D37/><N who="2" m="14442" /><F84/><W71/><G71/><T77/><D115/><U130/><E130/><V10/><F91/><W68/><G112/><T56/><D56/><U99/><E132/><V20/><F20/><W47/><G129/><T27/><D51/><U43/><E43/><V78/><F78/><W8/><G68/><T104/><D104/><U89/><E55/><V1/><F114/><W4/><G59/><T9/><D22/><U86/><E69/><V44/><F44/><W14/><G79/><T122/><D122/><U40/><E40/><V61/><F61/><W67/><G67/><T120/><D120/><U13/><E13/><V113/><F113/><W6/><G75/><T23/><D23/><U121/><E121/><V82/><F135/><N who="0" m="51722" /><D77/><U94/><E66/><V30/><F30/><W32/><G32/><T31/><D31/><U96/><E65/><V101/><F105/><W124/><G17/><T125/><D125/><U95/><E95/><V119/><F119/><W21/><G124/><T0/><D0/><U110/><E110/><V54/><F128/><W76/><G21/><T53/><AGARI ba="0,0" hai="9,15,18,25,26,27,46,48,53,85,87" m="51722" machi="53" ten="30,1100,0" yaku="20,1" doraHai="2" who="0" fromWho="0" sc="119,11,318,-5,340,-3,223,-3" /><INIT seed="6,0,0,1,0,72" ten="130,313,337,220" oya="2" hai0="42,17,109,104,5,100,73,66,81,115,7,94,122" hai1="37,19,22,74,97,1,117,79,83,61,44,31,2" hai2="85,65,82,68,135,32,96,15,36,28,133,77,50" hai3="101,69,14,55,13,40,4,41,43,6,11,39,128"/><V121/><F121/><W67/><G128/><T118/><D109/><U125/><E117/><V48/><F36/><W78/><G101/><T86/><D122/><U70/><E31/><V53/><F15/><W129/><G129/><T87/><D118/><U123/><E123/><V92/><F65/><W131/><G131/><T106/><D66/><U47/><E125/><V56/><F68/><W91/><G91/><N who="0" m="53631" /><D17/><U8/><E97/><V90/><F32/><W110/><G110/><T103/><D42/><U119/><E119/><V25/><F28/><W33/><G33/><T75/><D7/><U99/><E99/><V57/><F25/><W76/><G39/><T120/><D5/><U10/><E2/><V89/><F133/><W60/><G55/><T34/><D34/><U126/><E126/><V38/><F38/><W64/><G64/><T105/><D120/><U71/><E61/><V54/><F135/><W113/><G113/><T21/><D21/><U29/><E29/><V59/><F90/><W127/><G127/><T46/><D46/><AGARI ba="0,0" hai="46,48,50,53,54,56,57,59,77,82,85,89,92,96" machi="46" ten="30,5800,0" yaku="7,1,8,1,52,1" doraHai="72" who="2" fromWho="0" sc="130,-58,313,0,337,58,220,0" /><INIT seed="6,1,0,1,5,128" ten="72,313,395,220" oya="2" hai0="127,103,86,89,11,47,121,52,82,24,108,114,18" hai1="55,120,68,44,6,130,39,58,70,16,134,42,119" hai2="65,123,29,126,93,7,78,25,17,0,14,56,41" hai3="28,50,13,57,43,32,104,9,77,37,81,90,111"/><V45/><F123/><W133/><G111/><T21/><D108/><U116/><E6/><V62/><F126/><W19/><G104/><T91/><D114/><U4/><E4/><V5/><F0/><W64/><G90/><T22/><D127/><U83/><E83/><V46/><F46/><W106/><G106/><T34/><D121/><U38/><E38/><V101/><F78/><W10/><G28/><T31/><D34/><U30/><E30/><V40/><F40/><W80/><G37/><T98/><D11/><U79/><E79/><V118/><F118/><W75/><G80/><T105/><D91/><U66/><E120/><V96/><F14/><W135/><G64/><T15/><REACH who="0" step="1"/><D47/><REACH who="0" ten="62,313,395,220" step="2"/><U113/><E113/><V74/><F45/><N who="3" m="25919" /><G32/><T84/><D84/><U109/><E109/><V2/><F2/><W54/><G9/><T97/><D97/><U125/><E125/><V117/><F96/><W73/><G73/><T60/><D60/><U107/><E119/><V132/><F62/><W12/><G75/><T69/><D69/><U33/><E70/><V85/><F74/><W27/><G10/><T129/><D129/><U124/><E130/><V88/><F88/><W1/><G77/><T61/><D61/><U115/><E33/><V110/><F110/><W92/><G1/><T131/><D131/><U8/><E115/><V53/><F117/><W76/><G76/><T67/><D67/><U26/><E66/><V36/><F65/><W99/><G99/><T63/><D63/><U20/><E124/><V100/><F85/><W95/><G54/><AGARI ba="1,1" hai="15,18,21,22,24,31,52,54,82,86,89,98,103,105" machi="54" ten="40,2600,0" yaku="1,1,54,1,53,0" doraHai="128" doraHaiUra="112" who="0" fromWho="3" sc="62,39,313,0,395,0,220,-29" /><INIT seed="7,0,0,0,0,89" ten="101,313,395,191" oya="3" hai0="28,66,19,20,116,134,61,39,97,94,90,23,3" hai1="73,108,45,111,33,86,49,110,105,87,37,74,43" hai2="56,129,57,42,67,68,21,26,65,109,77,121,82" hai3="31,63,58,75,93,22,2,51,123,83,1,0,95"/><W25/><G51/><T48/><D134/><U112/><E33/><V64/><F109/><W38/><G38/><T9/><D116/><U12/><E105/><V120/><F68/><W50/><G50/><T62/><D39/><U17/><E112/><V135/><F42/><W115/><G123/><N who="2" m="47177" /><F129/><W99/><G99/><T5/><D48/><U47/><E74/><N who="2" m="43319" /><F135/><W10/><G10/><T100/><D66/><U4/><E4/><V41/><F41/><W46/><G46/><T52/><D52/><U92/><E73/><V102/><F102/><W117/><G115/><T80/><D28/><AGARI ba="0,0" hai="21,26,28,56,57,64,65,67" m="43319,47177" machi="28" ten="30,1000,0" yaku="13,1" doraHai="89" who="2" fromWho="0" sc="101,-10,313,0,395,10,191,0" owari="91,-41.0,313,11.0,405,51.0,191,-21.0" /></mjloggm>