<mjloggm ver="2.3"><GO type="225" lobby="0"/><UN n0="%E3%81%A1%E3%82%83%E3%81%BE" n1="%E3%83%B4%E3%83%A0%EF%BC%99%E3%81%A6" n2="%E5%AE%89%E8%97%A4%E3%82%AB%E3%82%B1%E3%83%AB" n3="%E7%B6%BE%E9%87%8E%E7%8F%AA%E5%AD%90" dan="16,17,16,17" rate="2084.61,2179.91,2067.08,2218.72" sx="M,M,M,F"/><TAIKYOKU oya="0"/><INIT seed="0,0,0,4,0,125" ten="250,250,250,250" oya="0" hai0="12,118,49,11,43,109,58,37,129,59,17,102,25" hai1="111,63,15,126,78,130,42,88,120,76,106,1,112" hai2="69,110,31,92,41,14,24,22,35,115,98,91,124" hai3="52,123,57,97,67,77,87,83,53,23,134,61,116"/><T75/><D118/><U80/><E120/><V36/><F69/><W29/><G116/><T28/><D75/><U5/><E1/><V66/><F66/><W82/><G123/><T20/><D37/><U16/><E106/><V101/><F115/><W54/><G134/><T9/><D109/><U6/><E111/><V113/><F113/><W104/><G104/><T13/><D102/><U85/><E126/><V81/><F124/><W99/><REACH who="3" step="1"/><G83/><REACH who="3" ten="250,250,250,240" step="2"/><T96/><D129/><U70/><E130/><V86/><F110/><W27/><AGARI ba="0,1" hai="23,27,29,52,53,54,57,61,67,77,82,87,97,99" machi="27" ten="30,8000,1" yaku="1,1,2,1,0,1,8,1,54,1,53,0" doraHai="125" doraHaiUra="38" who="3" fromWho="3" sc="250,-40,250,-20,250,-20,240,90" /><INIT seed="1,0,0,2,0,68" ten="210,230,230,330" oya="1" hai0="117,112,130,5,65,76,49,81,6,133,107,47,69" hai1="39,103,97,84,88,92,109,95,4,22,3,131,67" hai2="75,106,111,90,118,38,14,35,116,21,99,37,59" hai3="52,36,132,45,73,78,79,110,61,15,31,57,43"/><U93/><E131/><V82/><F35/><W8/><G132/><T9/><D112/><U10/><E109/><V124/><F111/><W30/><G110/><T134/><D117/><U46/><E67/><V56/><F124/><W128/><G128/><T91/><D107/><U135/><E135/><N who="0" m="51721" /><D130/><U66/><E66/><V20/><F106/><W72/><G79/><T87/><D9/><U1/><E22/><V23/><F14/><W126/><G126/><T80/><D65/><U58/><E58/><V83/><F99/><W19/><REACH who="3" step="1"/><G78/><REACH who="3" ten="210,230,230,320" step="2"/><T94/><D69/><U100/><E100/><V86/><F118/><W26/><G26/><T114/><D114/><U54/><E1/><V70/><F116/><W0/><G0/><T28/><D28/><AGARI ba="0,1" hai="8,15,19,28,30,31,36,43,45,52,57,61,72,73" machi="28" ten="40,5200,0" yaku="1,1,52,1,54,1,53,0" doraHai="68" doraHaiUra="123" who="3" fromWho="0" sc="210,-52,230,0,230,0,320,62" /><INIT seed="2,0,0,3,5,77" ten="158,230,230,382" oya="2" hai0="0,15,10,2,49,39,12,83,90,60,30,110,40" hai1="98,112,5,115,47,19,131,105,32,89,99,3,121" hai2="34,135,7,33,119,24,43,16,20,100,14,51,94" hai3="37,114,76,8,65,103,23,74,132,129,48,64,68"/><V67/><F119/><W35/><G37/><T38/><D110/><U9/><E32/><V11/><F135/><W120/><G35/><T91/><D30/><U126/><E105/><V52/><F67/><W88/><G120/><T133/><D133/><U70/><E70/><V50/><F43/><W108/><G132/><T80/><D49/><U72/><E72/><V58/><REACH who="2" step="1"/><F50/><REACH who="2" ten="158,230,220,382" step="2"/><W113/><G48/><T79/><D60/><U57/><E121/><V95/><F95/><W53/><G65/><T85/><D40/><U97/><E112/><V118/><F118/><W21/><G64/><T42/><D42/><U116/><E115/><V29/><F29/><W28/><G28/><T36/><D15/><U102/><E116/><V13/><F13/><W84/><G113/><T75/><REACH who="0" step="1"/><D91/><REACH who="0" ten="148,230,220,382" step="2"/><U66/><E89/><V73/><F73/><W61/><G88/><T86/><D86/><U55/><E66/><V122/><F122/><W124/><G84/><T62/><D62/><U78/><E3/><V54/><F54/><W109/><G53/><T63/><D63/><U134/><E55/><V25/><F25/><W26/><G114/><T127/><D127/><U104/><E126/><V44/><F44/><W111/><G124/><T128/><D128/><U92/><E47/><V71/><F71/><W69/><G129/><T27/><D27/><U17/><E131/><V125/><F125/><W6/><G26/><T87/><D87/><U18/><E134/><V117/><F117/><W41/><G61/><T107/><D107/><U106/><E106/><V101/><F101/><W130/><G130/><RYUUKYOKU ba="0,2" sc="148,15,230,-15,220,15,382,-15" hai0="0,2,10,12,36,38,39,75,79,80,83,85,90" hai2="7,11,14,16,20,24,33,34,51,52,58,94,100" /><INIT seed="2,1,2,2,0,40" ten="163,215,235,367" oya="2" hai0="77,22,87,99,55,56,57,41,24,108,64,48,52" hai1="107,5,89,80,30,37,44,105,84,18,75,62,2" hai2="83,33,117,93,74,0,51,39,54,96,103,27,110" hai3="104,78,102,113,130,67,12,119,14,38,50,73,26"/><V58/><F0/><W63/><G119/><T9/><D108/><U133/><E30/><V66/><F117/><W135/><G38/><T28/><D64/><U7/><E133/><V120/><F120/><W17/><G130/><T92/><D41/><N who="1" m="22575" /><E5/><V16/><F39/><W49/><G135/><T116/><D116/><U60/><E18/><V112/><F112/><W79/><G113/><T25/><D9/><N who="1" m="2295" /><E84/><V35/><F110/><W6/><G6/><T53/><D56/><U86/><E86/><V109/><F109/><W95/><G104/><N who="1" m="40010" /><E89/><V85/><F16/><W46/><G26/><T106/><D106/><U121/><E121/><V88/><F27/><W118/><G118/><T81/><REACH who="0" step="1"/><D25/><REACH who="0" ten="153,215,235,367" step="2"/><U31/><E31/><V131/><F66/><W134/><G67/><T100/><AGARI ba="1,3" hai="22,24,28,48,52,53,55,57,77,81,87,92,99,100" machi="100" ten="20,12000,2" yaku="1,1,2,1,0,1,7,1,8,1,54,1,53,1" doraHai="40" doraHaiUra="82" who="0" fromWho="0" sc="153,153,215,-31,235,-61,367,-31" /><INIT seed="3,0,0,5,2,75" ten="306,184,174,336" oya="3" hai0="4,102,127,111,67,121,74,64,48,86,55,87,106" hai1="2,134,116,11,37,83,7,24,112,5,22,131,45" hai2="82,85,128,108,31,96,78,9,56,93,35,88,126" hai3="6,72,92,21,51,101,57,58,133,104,20,15,130"/><W28/><G72/><T109/><D121/><U99/><E112/><V100/><F126/><W118/><G104/><T124/><D74/><U66/><E116/><V123/><F123/><W103/><G118/><T107/><D4/><U98/><E7/><V91/><F128/><W80/><G133/><T44/><D102/><U62/><E131/><V79/><F108/><N who="0" m="41546" /><D86/><U39/><E39/><V70/><F70/><W17/><G80/><T46/><D87/><U8/><E83/><V77/><F9/><W27/><G130/><T71/><D46/><U110/><E8/><V52/><F35/><W14/><G92/><T12/><D12/><U32/><E32/><V68/><F68/><W3/><G3/><T117/><D117/><U90/><E134/><V119/><F119/><W13/><G6/><T43/><D71/><U33/><E33/><V114/><F114/><W26/><G58/><N who="0" m="33127" /><D106/><U120/><E120/><V47/><F47/><W89/><G89/><N who="2" m="34377" /><F31/><W16/><G28/><T60/><D107/><U42/><E110/><V115/><F115/><W76/><G76/><T129/><D129/><U97/><E90/><V23/><F23/><W132/><G132/><T18/><D18/><U105/><E105/><V73/><F73/><W49/><G57/><N who="0" m="36879" /><D67/><U95/><E95/><V0/><F0/><W84/><G84/><T50/><AGARI ba="0,0" hai="43,44,50,124,127" m="36879,33127,41546" machi="50" ten="30,4000,0" yaku="14,1,34,2" doraHai="75" who="0" fromWho="0" sc="306,40,184,-10,174,-10,336,-20" owari="346,45.0,174,-23.0,164,-34.0,316,12.0" /></mjloggm>