<mjloggm ver="2.3"><GO type="185" lobby="0"/><UN n0="%E4%BD%90%E8%97%A4%E7%BE%8E%E5%92%8C%E5%AD%90" n1="%E3%81%B5%E3%81%96%E3%81%91%E3%82%8B%E3%83%9F%EF%BC%81" n2="%E3%81%97%E3%81%8B%E3%81%BE%E3%82%81" n3="" dan="16,17,16,0" rate="2141.51,2214.79,2112.38,1500.00" sx="M,M,M,C"/><TAIKYOKU oya="0"/><INIT seed="0,0,0,2,2,118" ten="350,350,350,0" oya="0" hai0="59,49,108,65,45,55,87,127,111,76,92,68,110" hai1="51,135,33,122,72,81,103,67,79,101,52,39,53" hai2="74,94,88,84,73,66,57,64,120,131,35,32,62" hai3=""/><T69/><D127/><U70/><N who="1" m="31264" /><U105/><E33/><V38/><N who="2" m="30752" /><V114/><F114/><T43/><D65/><U133/><E39/><V113/><F113/><T36/><REACH who="0" step="1"/><D92/><REACH who="0" ten="340,350,350,0" step="2"/><U112/><E112/><V121/><N who="2" m="31008" /><V78/><F131/><T44/><D44/><U60/><E105/><V125/><F125/><T42/><D42/><U124/><E124/><V129/><F129/><T80/><AGARI ba="0,1" hai="36,43,45,49,55,59,68,69,76,80,87,108,110,111" machi="80" ten="40,8000,1" yaku="1,1,0,1,14,1,10,1,53,0" doraHai="118" doraHaiUra="130" who="0" fromWho="0" sc="340,90,350,-40,350,-40,0,0" /><INIT seed="0,1,0,4,0,133" ten="430,310,310,0" oya="0" hai0="48,132,33,37,42,91,118,93,126,39,76,67,68" hai1="2,34,50,131,129,130,86,95,94,110,102,35,135" hai2="120,66,109,64,81,111,128,96,56,105,97,65,123" hai3=""/><T45/><D33/><U115/><E2/><V101/><N who="2" m="30752" /><V134/><N who="2" m="31520" /><V125/><F134/><T60/><D132/><U79/><E135/><V82/><F128/><T72/><D118/><U77/><E110/><N who="2" m="41995" /><F97/><T58/><D76/><N who="1" m="29259" /><E50/><V46/><F46/><T104/><D39/><U83/><E115/><V89/><F89/><T103/><D91/><U69/><E69/><V1/><F1/><T108/><D108/><U38/><E38/><V62/><F125/><T84/><D126/><U40/><E40/><V100/><F100/><T87/><D103/><U117/><E117/><V44/><F44/><T55/><D45/><U113/><E113/><V63/><F65/><T119/><D67/><U3/><E3/><V114/><F114/><T70/><D119/><U127/><E127/><V41/><F41/><T61/><D42/><U99/><E34/><V85/><F85/><T74/><D84/><U36/><E35/><V116/><F116/><T71/><D87/><U52/><E36/><V73/><F73/><T92/><D37/><U54/><E102/><V90/><F90/><T106/><D74/><U75/><E75/><V107/><F107/><N who="0" m="41002" /><D72/><U112/><E99/><V43/><F43/><T78/><D78/><U98/><E112/><RYUUKYOKU ba="1,0" sc="430,10,310,-20,310,10,0,0" hai0="48,55,58,60,61,68,70,71,92,93" hai2="56,62,63,64,66,81,82,96,101,105" /><INIT seed="0,2,0,4,0,125" ten="440,290,320,0" oya="0" hai0="134,45,85,91,116,132,44,41,90,104,67,101,109" hai1="2,39,68,121,58,1,69,71,113,130,93,64,118" hai2="35,70,43,53,56,49,62,65,42,75,78,94,40" hai3=""/><T107/><D116/><U33/><N who="1" m="31008" /><U86/><E118/><V50/><F35/><T52/><D67/><U111/><E33/><V87/><F75/><T60/><D109/><U66/><E39/><V57/><F78/><T106/><D101/><U119/><E119/><V117/><F117/><T95/><D91/><U123/><N who="1" m="31520" /><U37/><E37/><V79/><F79/><T73/><D73/><U92/><E111/><V96/><F87/><T99/><D85/><U110/><E110/><V128/><F70/><T80/><D80/><U124/><E124/><V97/><F97/><T115/><D115/><U122/><N who="1" m="31264" /><U72/><E72/><V108/><F108/><T76/><D76/><U126/><E126/><V135/><F135/><N who="0" m="51754" /><D41/><U47/><E113/><V36/><F36/><T55/><D55/><U74/><E74/><V112/><F112/><T129/><D129/><U77/><E130/><V0/><F128/><T82/><D82/><U100/><E71/><V114/><F114/><T103/><D103/><U46/><E69/><V84/><F84/><T61/><D61/><U88/><E68/><V89/><F0/><T51/><D60/><AGARI ba="2,0" hai="40,42,43,49,50,53,56,57,60,62,65,89,94,96" machi="60" ten="40,1300,0" yaku="8,1" doraHai="125" who="2" fromWho="0" sc="440,-17,290,0,320,17,0,0" /><INIT seed="1,0,0,5,3,33" ten="423,290,337,0" oya="1" hai0="77,91,34,130,68,106,88,87,98,95,39,57,93" hai1="1,44,102,104,134,80,112,37,92,123,74,128,60" hai2="113,110,124,100,56,55,86,117,83,82,127,76,116" hai3=""/><U89/><E1/><V115/><F100/><T46/><D34/><U35/><N who="1" m="31520" /><U103/><E35/><V135/><F135/><T51/><D68/><U125/><E112/><N who="2" m="43083" /><F83/><T54/><D130/><U41/><E134/><V119/><F110/><T59/><D39/><U79/><E125/><N who="2" m="48203" /><F119/><T114/><D114/><U0/><E0/><V105/><F105/><T49/><D106/><U118/><E118/><V126/><F126/><T120/><N who="0" m="30752" /><T50/><D77/><U66/><E128/><V81/><F82/><T90/><D90/><U132/><E132/><V75/><F75/><T107/><D107/><U58/><REACH who="1" step="1"/><E104/><REACH who="1" ten="423,280,337,0" step="2"/><V97/><F97/><AGARI ba="0,1" hai="37,41,44,58,60,66,74,79,80,89,92,97,102,103" m="31520" machi="97" ten="30,12000,1" yaku="1,1,2,1,7,1,52,1,53,1" doraHai="33" doraHaiUra="38" who="1" fromWho="2" sc="423,0,280,130,337,-120,0,0" /><INIT seed="1,1,0,1,1,120" ten="423,410,217,0" oya="1" hai0="125,132,67,60,39,116,86,53,90,69,89,85,50" hai1="55,59,106,77,117,97,126,130,36,33,122,2,76" hai2="92,1,32,63,88,44,104,38,40,51,121,3,56" hai3=""/><U80/><E2/><V35/><N who="2" m="31008" /><V82/><F104/><T43/><D132/><U61/><N who="1" m="31264" /><U70/><E33/><V37/><F3/><T54/><D125/><U58/><E117/><V128/><F1/><T99/><D99/><U75/><E130/><V98/><F128/><T115/><D115/><U46/><E126/><V81/><F32/><T134/><D134/><U93/><E77/><V47/><F35/><T78/><D78/><U135/><E135/><V74/><F74/><T119/><D43/><U65/><E106/><V123/><N who="2" m="31520" /><V102/><F102/><T101/><D39/><U87/><E75/><V118/><F118/><T109/><D101/><U73/><E73/><V96/><F96/><T127/><D127/><U113/><E113/><V91/><F91/><T129/><D129/><U110/><E110/><V100/><F100/><T108/><D119/><U66/><E66/><V62/><F38/><T45/><D116/><U107/><E107/><V48/><F37/><T41/><D108/><U83/><E83/><N who="2" m="31755" /><F56/><T94/><D109/><U111/><E111/><V112/><F112/><T34/><D34/><U105/><E105/><V133/><F133/><T52/><D94/><U68/><E93/><V84/><F84/><AGARI ba="1,0" hai="41,45,50,52,53,54,60,67,69,84,85,86,89,90" machi="84" ten="40,2600,0" yaku="6,1,54,1" doraHai="120" who="0" fromWho="2" sc="423,28,410,0,217,-28,0,0" /><INIT seed="2,0,0,3,4,56" ten="451,410,189,0" oya="2" hai0="117,88,40,115,60,101,37,73,95,107,69,41,0" hai1="52,126,103,50,102,42,86,70,128,44,120,3,134" hai2="57,48,94,55,104,112,77,135,1,130,74,111,93" hai3=""/><V125/><F1/><T61/><D117/><U49/><N who="1" m="30752" /><U76/><E3/><V119/><F119/><T84/><D0/><U96/><E128/><V43/><F112/><T92/><D115/><U47/><E134/><V75/><F130/><T51/><D37/><U127/><E70/><V105/><F135/><T106/><D73/><U66/><E66/><V53/><F125/><N who="1" m="47625" /><E96/><V45/><F111/><T62/><D69/><U124/><E124/><V79/><F75/><T68/><D68/><U81/><AGARI ba="0,0" hai="42,44,47,49,50,52,76,81,86,102,103" m="47625,30752" machi="81" ten="30,3000,0" yaku="18,1,52,1,54,1" doraHai="56" who="1" fromWho="1" sc="451,-10,410,30,189,-20,0,0" /><INIT seed="4,0,0,1,2,120" ten="441,440,169,0" oya="0" hai0="125,110,124,45,33,46,90,100,62,56,60,51,115" hai1="57,94,109,41,47,126,107,43,112,78,44,92,117" hai2="77,101,71,88,81,129,96,75,37,76,111,131,52" hai3=""/><T34/><D100/><U89/><E117/><V53/><F77/><T121/><N who="0" m="31008" /><T86/><D115/><U99/><E107/><V65/><F37/><T91/><D56/><U58/><E78/><V122/><N who="2" m="31264" /><V97/><F65/><T128/><D128/><U59/><E126/><N who="0" m="48745" /><D110/><U127/><E127/><V119/><F71/><T80/><D91/><U3/><E109/><V103/><F119/><T68/><D46/><N who="1" m="17451" /><E3/><V38/><F38/><T132/><D132/><U63/><E112/><V87/><F111/><T134/><D134/><U106/><E106/><V74/><F53/><T50/><D50/><U61/><E94/><V95/><F52/><T133/><D133/><U49/><E49/><V104/><REACH who="2" step="1"/><F75/><REACH who="2" ten="441,440,159,0" step="2"/><T36/><D36/><U113/><E113/><V1/><F1/><T73/><D73/><U72/><E72/><V114/><F114/><T39/><D39/><U108/><E108/><V55/><F55/><T93/><D68/><U69/><E69/><V116/><F116/><T79/><D79/><U130/><E58/><V83/><AGARI ba="0,1" hai="74,76,81,83,87,88,95,96,97,101,103,104,129,131" m="31264" machi="83" ten="30,12000,3" yaku="1,1,0,1,34,3,52,1,54,1,53,2" doraHai="120" doraHaiUra="98" who="2" fromWho="2" sc="441,-80,440,-40,159,130,0,0" /><INIT seed="5,0,0,4,5,71" ten="361,400,289,0" oya="1" hai0="77,62,93,86,119,68,59,46,40,48,120,72,67" hai1="63,104,98,44,51,122,83,1,57,116,70,81,109" hai2="41,88,43,32,61,45,112,50,69,127,80,105,107" hai3=""/><U132/><N who="1" m="31264" /><U78/><E116/><V113/><F32/><T134/><N who="0" m="30752" /><T89/><D134/><U130/><E1/><V38/><F127/><T47/><D119/><U42/><E132/><V56/><F69/><T101/><D101/><U85/><E130/><V3/><F3/><T95/><D77/><U64/><E109/><V100/><F100/><T92/><D72/><U96/><E104/><V75/><F43/><T0/><D68/><U102/><E102/><V34/><F34/><T94/><D0/><U36/><E83/><V54/><F61/><T110/><REACH who="0" step="1"/><D47/><REACH who="0" ten="351,400,289,0" step="2"/><U66/><E66/><V106/><REACH who="2" step="1"/><F75/><REACH who="2" ten="351,400,279,0" step="2"/><T99/><D99/><U111/><E111/><AGARI ba="0,2" hai="40,46,48,59,62,67,86,89,92,93,94,95,110,111" m="30752" machi="111" ten="40,2600,0" yaku="1,1,52,1,53,0" doraHai="71" doraHaiUra="73" who="0" fromWho="1" sc="351,46,400,-26,279,0,0,0" /><INIT seed="6,0,0,3,0,107" ten="397,374,279,0" oya="2" hai0="33,72,97,48,49,39,81,129,95,98,111,58,32" hai1="43,102,50,54,68,112,78,94,45,37,92,114,124" hai2="100,82,62,126,117,35,0,115,40,128,109,134,42" hai3=""/><V121/><RYUUKYOKU type="yao9" ba="0,0" sc="397,0,374,0,279,0,0,0" hai2="0,35,40,42,62,82,100,109,115,117,121,126,128,134" /><INIT seed="6,1,0,1,3,73" ten="397,374,279,0" oya="2" hai0="68,82,67,97,88,66,98,37,107,45,103,62,129" hai1="133,125,2,86,32,35,46,132,116,127,94,83,55" hai2="44,126,100,77,135,54,89,76,69,84,117,56,60" hai3=""/><V120/><N who="2" m="30752" /><V99/><F117/><T81/><D129/><U110/><E110/><V52/><F126/><N who="1" m="48137" /><E2/><V58/><F135/><N who="1" m="51785" /><E94/><V122/><N who="2" m="31264" /><V85/><F44/><T111/><D111/><U61/><E116/><V64/><F85/><T124/><D124/><U91/><E61/><V74/><F74/><T75/><D75/><U41/><E55/><V93/><F54/><T57/><D67/><U50/><AGARI ba="1,0" hai="32,35,41,46,50,83,86,91" m="51785,48137" machi="50" ten="30,1500,0" yaku="18,1,20,1" doraHai="73" who="1" fromWho="1" sc="397,-6,374,17,279,-11,0,0" /><INIT seed="8,0,0,3,1,126" ten="391,391,268,0" oya="0" hai0="104,111,87,84,48,68,132,52,50,2,134,78,112" hai1="110,65,99,73,40,58,113,72,103,107,64,49,33" hai2="129,135,62,36,123,76,70,45,61,35,86,43,102" hai3=""/><T75/><D112/><U121/><N who="1" m="31008" /><U32/><E110/><V108/><N who="2" m="31520" /><V101/><F108/><T125/><D111/><U89/><E113/><V81/><F35/><T67/><D2/><U118/><E118/><V115/><F115/><T71/><D104/><U96/><E73/><V77/><F135/><N who="0" m="51754" /><D125/><U66/><E72/><V119/><F119/><T41/><D41/><U97/><E97/><V79/><F129/><T82/><D50/><U122/><N who="1" m="31264" /><U57/><E57/><V94/><F70/><N who="0" m="26666" /><D67/><U53/><REACH who="1" step="1"/><E40/><REACH who="1" ten="391,381,268,0" step="2"/><V95/><F102/><T51/><D51/><U133/><E133/><V127/><F127/><T44/><AGARI ba="0,1" hai="44,48,52,75,78,82,84,87" m="26666,51754" machi="44" ten="30,2000,0" yaku="20,1,54,1" doraHai="126" who="0" fromWho="0" sc="391,30,381,-10,268,-10,0,0" owari="421,37.0,371,-3.0,258,-34.0,0,0.0" /></mjloggm>