<mjloggm ver="2.3"><GO type="225" lobby="0"/><UN n0="%64%61%7A%61%69" n1="%E3%82%AF%E3%82%A3%E3%82%A6" n2="%62%69%67%6D%6F%75%74%68" n3="%EF%BC%AE%EF%BC%AF%EF%BD%90%EF%BD%90%EF%BC%AF" dan="16,16,16,16" rate="2094.98,2086.06,2115.80,2114.85" sx="M,M,M,M"/><TAIKYOKU oya="0"/><INIT seed="0,0,0,4,5,27" ten="250,250,250,250" oya="0" hai0="31,15,108,58,82,114,100,1,77,125,131,11,48" hai1="91,21,65,41,97,18,96,32,53,69,76,7,89" hai2="133,118,106,70,123,38,94,66,79,8,13,121,28" hai3="80,47,86,127,25,67,29,37,115,30,103,93,126"/><T5/><D114/><U16/><E32/><V109/><F106/><W46/><G115/><T116/><D116/><U36/><E36/><V85/><F38/><W35/><G67/><T49/><D131/><U52/><E41/><V56/><F70/><W87/><G37/><T134/><D125/><N who="3" m="47625" /><G25/><T74/><D134/><U113/><E113/><V88/><F133/><W57/><G35/><T64/><D100/><U0/><E0/><V110/><F118/><W55/><G47/><T68/><D68/><U135/><E135/><V63/><F79/><N who="3" m="46367" /><G46/><T6/><D108/><N who="2" m="41578" /><F28/><N who="3" m="10859" /><G87/><T129/><D31/><U34/><E34/><V39/><F39/><W107/><G93/><T84/><D74/><U95/><E65/><V19/><AGARI ba="0,0" hai="8,13,19,56,63,66,85,88,94,121,123" m="41578" machi="19" ten="30,2000,0" yaku="14,1,54,1" doraHai="27" who="2" fromWho="2" sc="250,-10,250,-5,250,20,250,-5" /><INIT seed="1,0,0,2,4,27" ten="240,245,270,245" oya="1" hai0="111,98,134,28,71,13,64,118,31,3,12,131,24" hai1="91,4,18,44,93,19,114,100,54,30,84,94,73" hai2="78,112,123,38,75,124,55,89,51,110,122,66,11" hai3="47,81,37,61,127,69,8,102,60,35,29,101,85"/><U0/><E73/><V103/><F38/><W9/><G127/><T92/><D118/><U59/><E114/><V58/><F124/><W6/><G8/><T65/><D3/><U20/><E0/><V52/><F112/><W63/><G69/><T50/><D111/><U77/><E44/><V25/><F110/><W116/><G116/><T80/><D71/><U43/><E43/><V107/><F66/><N who="0" m="25706" /><D24/><N who="1" m="16647" /><E4/><V90/><F103/><W17/><G37/><T49/><D131/><U56/><E77/><V62/><F107/><W104/><G47/><T99/><D80/><U132/><E132/><V22/><F11/><W57/><G57/><N who="1" m="22090" /><E54/><V108/><F108/><W115/><G115/><T133/><D92/><U88/><E100/><V95/><F78/><W39/><G39/><T26/><D26/><U45/><E45/><V16/><F75/><W48/><G6/><T1/><D1/><U82/><E82/><V34/><F34/><W53/><G104/><T128/><D128/><U7/><E7/><V120/><F90/><W83/><G83/><T41/><D41/><U79/><E79/><V46/><F122/><W135/><G102/><T96/><D12/><U117/><E117/><V15/><F15/><N who="3" m="7407" /><G101/><T5/><D13/><U105/><E105/><V21/><F21/><W42/><G35/><T130/><D5/><U109/><E109/><V14/><F14/><W129/><G129/><T40/><D130/><U106/><E106/><V10/><F10/><W74/><G74/><T121/><D121/><U87/><AGARI ba="0,0" hai="18,19,84,87,88,91,93,94" m="22090,16647" machi="87" ten="30,6000,0" yaku="8,1,52,1,54,1" doraHai="27" who="1" fromWho="1" sc="240,-20,245,60,270,-20,245,-20" /><INIT seed="1,1,0,4,5,5" ten="220,305,250,225" oya="1" hai0="134,25,29,79,133,97,76,128,78,94,116,109,129" hai1="26,12,61,124,69,91,64,27,54,123,87,105,3" hai2="75,1,2,10,86,104,43,63,127,108,22,4,95" hai3="101,37,71,81,53,98,8,14,70,19,111,49,132"/><U39/><E123/><V107/><F75/><W41/><G111/><T68/><D68/><U9/><E105/><V93/><F2/><W20/><G132/><N who="0" m="50795" /><D29/><U135/><E135/><V45/><F108/><W31/><G37/><T92/><D109/><U84/><E39/><V125/><F63/><W117/><G117/><T67/><D67/><U130/><E124/><N who="2" m="47691" /><F22/><W59/><G41/><T83/><D25/><U33/><E130/><N who="0" m="50281" /><D116/><U16/><E33/><V15/><F1/><W99/><G70/><T120/><D120/><U48/><E87/><V24/><F24/><N who="3" m="16775" /><G71/><T35/><D35/><U21/><E21/><V88/><F95/><N who="0" m="36394" /><D97/><N who="3" m="36873" /><G81/><AGARI ba="1,0" hai="76,78,79,81,83" m="36394,50281,50795" machi="81" ten="40,12000,2" yaku="28,2,20,1,19,1,34,2" doraHai="5" who="0" fromWho="3" sc="220,123,305,0,250,0,225,-123" /><INIT seed="2,0,0,3,4,49" ten="343,305,250,102" oya="2" hai0="48,118,47,23,39,22,91,56,24,92,133,87,78" hai1="15,53,106,96,103,21,58,135,124,1,114,67,119" hai2="101,117,113,25,30,79,89,130,3,2,105,17,41" hai3="60,4,80,116,14,32,65,36,128,38,42,0,20"/><V90/><F113/><W19/><G116/><T77/><D118/><U112/><E119/><V108/><F117/><W110/><G110/><T31/><D133/><U34/><E1/><V115/><F115/><W71/><G128/><T93/><D39/><U37/><E37/><V99/><F130/><W40/><G32/><T121/><D121/><U73/><E73/><V72/><F108/><W98/><G38/><T85/><D56/><U29/><E124/><V44/><F17/><W132/><G132/><T28/><D92/><U82/><E135/><V9/><F79/><W102/><G80/><T83/><D78/><U26/><E82/><V107/><F72/><W127/><G127/><T59/><D59/><U27/><E67/><V18/><F107/><W64/><G64/><T134/><D134/><U6/><E15/><V68/><F68/><W13/><G0/><T95/><D95/><U63/><REACH who="1" step="1"/><E6/><REACH who="1" ten="343,295,250,102" step="2"/><V100/><F3/><W55/><G36/><T86/><D86/><U97/><E97/><V66/><F66/><W16/><G4/><T125/><D125/><U50/><E50/><N who="2" m="26895" /><F2/><W122/><G122/><T129/><D129/><U109/><E109/><V131/><F131/><W10/><G65/><T5/><D5/><U111/><E111/><V52/><F99/><W33/><G71/><T120/><D120/><U70/><E70/><V35/><F9/><W76/><G76/><T8/><D8/><U61/><E61/><V81/><F81/><W46/><G60/><T43/><D24/><U126/><E126/><V75/><F75/><W94/><G33/><T84/><D84/><RYUUKYOKU ba="0,1" sc="343,10,295,10,250,-30,102,10" hai0="22,23,28,31,43,47,48,77,83,85,87,91,93" hai1="21,26,27,29,34,53,58,63,96,103,106,112,114" hai3="10,13,14,16,19,20,40,42,46,55,94,98,102" /><INIT seed="3,1,1,1,4,44" ten="353,305,220,112" oya="3" hai0="63,52,18,105,125,89,126,36,81,118,0,67,3" hai1="120,23,110,8,66,5,133,20,86,56,12,78,24" hai2="40,74,29,41,58,113,71,57,25,79,70,80,116" hai3="26,32,112,17,13,75,30,76,122,53,33,1,97"/><W39/><G112/><T124/><D118/><U92/><E120/><V31/><F116/><W21/><G122/><T99/><D36/><U11/><E110/><V61/><F113/><W108/><G108/><T15/><D52/><U128/><E128/><V54/><F31/><W84/><G39/><T100/><D89/><N who="1" m="53303" /><E133/><V90/><F90/><W98/><G75/><T82/><D81/><U2/><E2/><V102/><F102/><W42/><G42/><T87/><D87/><U119/><E119/><V68/><F58/><W73/><G73/><T72/><D82/><U45/><E11/><V101/><F101/><W65/><G65/><T132/><D72/><U95/><E95/><V127/><F127/><W115/><G115/><T129/><D129/><U60/><E78/><V131/><F131/><W28/><G53/><T77/><D77/><U103/><E103/><V94/><F94/><W123/><G123/><T22/><D132/><U14/><E45/><V114/><F114/><W69/><G69/><AGARI ba="1,1" hai="0,3,15,18,22,63,67,69,99,100,105,124,125,126" machi="69" ten="40,1300,0" yaku="18,1" doraHai="44" who="0" fromWho="3" sc="353,26,305,0,220,0,112,-16" owari="379,47.0,305,11.0,220,-18.0,96,-40.0" /></mjloggm>