<mjloggm ver="2.3"><GO type="169" lobby="0"/><UN n0="%6B%75%72%6F%6D%61" n1="%E3%83%95%E3%82%A1%E3%83%AA%E3%82%B9" n2="%E3%83%97%E3%83%AD%E3%83%86%E3%82%A4%E3%83%B3%E5%BE%97%E7%9B%9B" n3="%E3%82%BF%E3%82%AD%E3%83%88%E3%83%BC%E3%83%AB" dan="17,16,17,17" rate="2172.89,2101.98,2272.74,2182.81" sx="F,F,M,M"/><TAIKYOKU oya="0"/><INIT seed="0,0,0,2,0,35" ten="250,250,250,250" oya="0" hai0="63,68,107,71,30,31,38,134,25,65,49,21,6" hai1="123,46,132,114,127,74,75,86,52,73,116,61,54" hai2="76,98,91,1,51,103,55,131,24,97,95,7,115" hai3="110,44,41,29,92,57,119,69,78,33,48,19,106"/><T66/><D38/><U15/><E116/><V118/><F118/><W135/><G110/><T39/><D39/><U96/><E123/><V70/><F131/><W64/><G135/><T129/><D134/><U18/><E132/><V77/><F70/><W79/><G106/><T82/><D129/><U112/><E127/><V36/><F36/><W11/><G69/><T50/><D107/><U27/><E27/><V34/><F115/><N who="1" m="44073" /><E96/><V62/><F62/><W2/><G119/><T43/><D82/><U126/><E126/><V87/><F98/><W88/><G29/><T102/><D102/><U109/><E109/><V128/><F128/><W84/><G33/><T20/><D43/><U67/><E86/><V99/><F97/><W32/><G32/><T12/><D12/><U42/><E46/><V37/><F37/><W60/><REACH who="3" step="1"/><G19/><REACH who="3" ten="250,250,250,240" step="2"/><T89/><D31/><U83/><E42/><V47/><F34/><W104/><G104/><T124/><D30/><U23/><E83/><V4/><F95/><W8/><G8/><T10/><D10/><U40/><E40/><V16/><F16/><W125/><G125/><T120/><D124/><U121/><E121/><V56/><F24/><W0/><G0/><T72/><D25/><U94/><E94/><V130/><F1/><W59/><G59/><AGARI ba="0,1" hai="15,18,23,52,54,59,61,67,73,74,75" m="44073" machi="59" ten="40,2600,0" yaku="11,1,54,1" doraHai="35" who="1" fromWho="3" sc="250,0,250,36,250,0,240,-26" /><INIT seed="1,0,0,5,2,79" ten="250,286,250,214" oya="1" hai0="107,10,32,41,15,76,134,77,117,71,3,63,35" hai1="87,98,37,29,24,67,90,58,81,99,64,11,110" hai2="133,65,22,114,40,93,122,124,8,55,69,113,103" hai3="85,86,5,14,45,120,70,123,23,9,1,42,53"/><U118/><E118/><V91/><F122/><W30/><G70/><T44/><D117/><U36/><E110/><V56/><F103/><W20/><G53/><T73/><D77/><U112/><E112/><V75/><F40/><W49/><G1/><T129/><D107/><U27/><E11/><V97/><F65/><W34/><G34/><T38/><D134/><U105/><E105/><V46/><F46/><W68/><G68/><T13/><D13/><U95/><E37/><V47/><F47/><W109/><G109/><T28/><D28/><U57/><E36/><V59/><F69/><W121/><G30/><T80/><D129/><U18/><E18/><V127/><F75/><W51/><G51/><T92/><D92/><U132/><E132/><V102/><F133/><W16/><REACH who="3" step="1"/><G20/><REACH who="3" ten="250,286,250,204" step="2"/><T31/><D31/><U48/><E48/><N who="2" m="30823" /><F22/><W52/><G52/><T2/><D2/><U0/><E0/><V128/><F59/><N who="1" m="22537" /><E29/><V108/><F108/><W104/><G104/><T6/><D15/><U119/><E119/><V125/><F128/><W115/><G115/><T19/><D19/><U88/><E98/><N who="2" m="57663" /><F8/><W39/><G39/><T43/><D43/><U84/><E99/><V61/><F61/><W62/><G62/><T82/><D63/><U131/><E131/><V25/><F25/><AGARI ba="0,1" hai="24,25,27,64,67,81,84,87,88,90,95" m="22537" machi="25" ten="30,5800,0" yaku="8,1,52,1,54,1" doraHai="79" who="1" fromWho="2" sc="250,0,286,68,250,-58,204,0" /><INIT seed="1,1,0,1,1,33" ten="250,354,192,204" oya="1" hai0="78,124,46,60,52,30,106,11,41,2,8,34,91" hai1="120,13,27,125,95,0,61,87,103,21,36,115,90" hai2="100,108,97,17,76,66,69,65,111,83,19,20,35" hai3="54,105,104,47,59,89,67,123,1,79,45,84,32"/><U134/><E120/><V131/><F131/><W121/><G32/><T31/><D106/><U119/><E119/><V50/><F35/><W24/><G79/><T40/><D124/><U98/><E115/><V113/><F113/><W22/><G121/><T85/><D78/><U122/><E122/><V14/><F50/><W114/><G114/><T118/><D118/><U82/><E125/><V7/><F7/><W133/><G133/><T71/><D71/><U3/><E36/><V77/><F77/><W63/><G123/><T93/><D34/><U102/><E134/><V86/><F19/><W28/><G1/><T110/><D110/><N who="2" m="42026" /><F69/><W129/><G129/><T80/><D80/><U5/><E103/><V73/><F73/><W39/><G45/><T101/><D101/><U26/><E61/><V126/><F126/><W25/><G25/><T15/><D2/><U53/><E53/><V88/><F76/><W58/><G47/><T44/><D8/><U29/><REACH who="1" step="1"/><E27/><REACH who="1" ten="250,344,192,204" step="2"/><V72/><F72/><W70/><G39/><T99/><D41/><U92/><E92/><AGARI ba="1,1" hai="14,17,20,65,66,83,86,88,92,97,100" m="42026" machi="92" ten="30,2000,0" yaku="14,1,54,1" doraHai="33" who="2" fromWho="1" sc="250,0,344,-23,192,33,204,0" /><INIT seed="2,0,0,3,0,132" ten="250,321,225,204" oya="2" hai0="97,83,64,128,47,112,103,42,99,131,44,2,3" hai1="14,88,73,0,95,65,24,10,72,40,77,107,75" hai2="79,71,38,105,100,67,7,26,116,130,91,55,13" hai3="25,59,110,58,106,21,4,68,66,28,85,54,16"/><V74/><F116/><W90/><G110/><T57/><D112/><U52/><E107/><V124/><F38/><W123/><G106/><T78/><D64/><U30/><E0/><V43/><F43/><W126/><G123/><T31/><D57/><U92/><E65/><V86/><F26/><W15/><G4/><T53/><D31/><U34/><E40/><V29/><F29/><W48/><G126/><T62/><D62/><U82/><E95/><N who="2" m="54775" /><F55/><W18/><G68/><T51/><D2/><U69/><E69/><V108/><F13/><W89/><G18/><T114/><D3/><U94/><E94/><V133/><F7/><W9/><REACH who="3" step="1"/><G85/><REACH who="3" ten="250,321,225,194" step="2"/><N who="0" m="48375" /><D114/><U37/><E75/><V35/><F124/><W45/><G45/><T129/><D103/><U84/><E73/><V11/><F71/><W127/><G127/><T118/><D118/><U41/><E72/><V50/><F100/><W76/><G76/><T23/><D23/><U80/><E77/><V6/><F79/><W1/><G1/><T49/><AGARI ba="0,1" hai="42,44,47,49,51,53,97,99,128,129,131" m="48375" machi="49" ten="40,1500,0" yaku="19,1" doraHai="132" who="0" fromWho="0" sc="250,25,321,-4,225,-7,194,-4" /><INIT seed="3,0,0,5,5,28" ten="275,317,218,190" oya="3" hai0="89,36,59,134,47,98,104,101,10,26,73,39,29" hai1="85,1,63,35,72,5,40,109,9,87,132,48,45" hai2="46,99,123,14,38,82,125,54,79,65,53,62,52" hai3="42,17,67,22,126,55,80,115,119,129,27,78,2"/><W43/><G129/><T69/><D69/><U130/><E130/><V107/><F125/><W96/><G126/><T122/><D122/><U58/><E109/><V127/><F127/><W13/><G115/><T91/><D73/><U3/><E132/><V128/><F128/><W118/><G2/><T90/><D134/><U19/><E72/><V94/><F107/><W41/><G67/><T7/><D47/><U88/><E19/><V114/><F114/><W8/><G55/><T70/><D59/><U135/><E135/><V131/><F131/><W124/><G96/><T23/><REACH who="0" step="1"/><D70/><REACH who="0" ten="265,317,218,190" step="2"/><U77/><E58/><V110/><F123/><W92/><G124/><T30/><D30/><U81/><E45/><V120/><F120/><W117/><G92/><T97/><D97/><U57/><E57/><V121/><F121/><W25/><REACH who="3" step="1"/><G8/><REACH who="3" ten="265,317,218,180" step="2"/><T106/><D106/><U95/><E95/><V102/><F94/><W20/><G20/><T0/><AGARI ba="0,2" hai="0,7,10,23,26,29,36,39,89,90,91,98,101,104" machi="0" ten="30,2000,0" yaku="1,1,0,1,53,0" doraHai="28" doraHaiUra="15" who="0" fromWho="0" sc="265,40,317,-5,218,-5,180,-10" /><INIT seed="4,0,0,4,5,87" ten="305,312,213,170" oya="0" hai0="111,30,44,11,18,129,76,22,1,97,134,122,126" hai1="65,41,40,96,74,13,31,86,91,77,113,28,20" hai2="59,8,57,83,120,17,106,72,33,27,12,125,60" hai3="32,100,5,69,49,4,45,127,50,79,7,89,51"/><T21/><D122/><U16/><E113/><V46/><F120/><W101/><G69/><T123/><D123/><U94/><E74/><V78/><F125/><W71/><G71/><T93/><D126/><U105/><E65/><V54/><F106/><W85/><G127/><T29/><D129/><U116/><E116/><V64/><F46/><W99/><G32/><T35/><D35/><U10/><E105/><V80/><F80/><W63/><G63/><T114/><D114/><U25/><E31/><V36/><F36/><W92/><G45/><T19/><D76/><U39/><E39/><V3/><F3/><W124/><REACH who="3" step="1"/><G124/><REACH who="3" ten="305,312,213,160" step="2"/><T9/><D44/><U26/><E26/><V14/><F33/><W121/><G121/><T68/><D68/><U0/><E0/><V52/><F27/><W73/><G73/><T53/><D1/><U56/><E56/><V133/><F133/><W6/><N who="3" m="1024" /><DORA hai="104" /><W24/><G24/><T84/><D134/><U102/><E77/><V108/><F108/><W118/><G118/><T82/><D111/><U15/><E15/><V132/><F132/><W48/><N who="3" m="12288" /><DORA hai="103" /><W43/><G43/><T119/><D119/><U112/><E112/><V128/><F128/><W90/><G90/><T55/><D55/><U70/><E70/><V58/><F14/><W34/><G34/><T81/><D53/><N who="2" m="20586" /><F72/><W42/><G42/><T75/><D75/><U37/><E37/><V107/><F58/><W98/><G98/><T38/><D97/><U117/><E117/><V2/><F59/><W135/><G135/><T66/><D38/><U109/><E109/><RYUUKYOKU ba="0,1" sc="305,-15,312,15,213,-15,160,15" hai1="10,13,16,20,25,28,40,41,86,91,94,96,102" hai3="79,85,89,92,99,100,101" /><INIT seed="5,1,1,4,2,99" ten="290,327,198,175" oya="1" hai0="60,24,121,50,100,120,65,134,94,105,51,38,84" hai1="97,39,28,67,74,71,81,95,124,64,62,34,40" hai2="1,106,104,20,85,19,111,114,21,92,113,109,77" hai3="47,0,49,117,13,53,2,9,23,96,103,75,119"/><U132/><E132/><V116/><F1/><W112/><G112/><N who="2" m="43113" /><F116/><N who="3" m="44619" /><G23/><N who="2" m="8777" /><F19/><N who="3" m="8623" /><G75/><T27/><D38/><U37/><E124/><V68/><F68/><W78/><G78/><T17/><D105/><AGARI ba="1,1" hai="0,2,47,49,53,96,103,105" m="8623,44619" machi="105" ten="30,2000,0" yaku="12,1,52,1" doraHai="99" who="3" fromWho="0" sc="290,-23,327,0,198,0,175,33" /><INIT seed="6,0,0,5,1,99" ten="267,327,198,208" oya="2" hai0="114,72,64,106,7,82,131,41,3,54,51,77,95" hai1="34,40,94,129,33,111,110,44,71,37,132,120,118" hai2="119,9,109,8,26,100,2,47,133,16,123,58,48" hai3="5,68,86,57,45,121,83,76,73,89,32,74,12"/><V50/><F123/><W4/><G68/><T15/><D106/><U112/><RYUUKYOKU type="yao9" ba="0,0" sc="267,0,327,0,198,0,208,0" hai1="33,34,37,40,44,71,94,110,111,112,118,120,129,132" /><INIT seed="6,1,0,4,1,66" ten="267,327,198,208" oya="2" hai0="4,126,70,63,45,49,1,57,129,103,42,98,31" hai1="27,135,54,96,132,10,41,112,84,3,58,7,130" hai2="60,13,115,83,101,2,99,123,120,56,61,9,125" hai3="6,29,11,23,81,131,64,0,18,5,134,55,67"/><V87/><F2/><W28/><G134/><N who="1" m="51242" /><E112/><V110/><F115/><W20/><G131/><T24/><D126/><U105/><E41/><V16/><F125/><W124/><G124/><T21/><D129/><U19/><E84/><V40/><F110/><W108/><G108/><T128/><D128/><U47/><E47/><V75/><F75/><W95/><G95/><T14/><D1/><U117/><E117/><V62/><F40/><W30/><G6/><T93/><D70/><U68/><E68/><V127/><F127/><W79/><G55/><T91/><D4/><U51/><E130/><V22/><F9/><W8/><G8/><T90/><REACH who="0" step="1"/><D14/><REACH who="0" ten="257,327,198,208" step="2"/><U76/><E3/><V89/><REACH who="2" step="1"/><F56/><REACH who="2" ten="257,327,188,208" step="2"/><W46/><G0/><T43/><D43/><U39/><E58/><V133/><F133/><W38/><G5/><T65/><AGARI ba="1,2" hai="21,24,31,42,45,49,57,63,65,90,91,93,98,103" machi="65" ten="20,12000,2" yaku="1,1,0,1,7,1,25,2,8,1,53,1" doraHai="66" doraHaiUra="92" who="0" fromWho="0" sc="257,143,327,-31,188,-61,208,-31" /><INIT seed="7,0,0,2,5,79" ten="400,296,127,177" oya="3" hai0="109,18,92,31,60,83,41,90,122,75,48,112,1" hai1="68,25,133,120,77,9,70,29,94,115,39,13,6" hai2="84,49,45,81,54,57,53,74,65,35,117,131,89" hai3="102,95,19,78,32,40,8,52,21,76,58,103,128"/><W51/><G32/><T17/><D1/><U55/><E120/><V119/><F131/><W107/><G107/><T135/><D109/><U46/><E115/><V22/><F35/><W61/><G128/><T108/><D108/><U85/><E133/><V111/><F111/><W69/><G8/><T15/><D135/><U20/><E39/><V130/><F130/><W104/><G104/><T43/><D31/><U16/><E6/><V100/><F100/><W12/><G69/><T82/><D75/><U11/><E11/><V34/><F34/><W67/><G40/><T126/><D122/><U121/><E121/><V93/><F65/><W134/><G134/><T56/><D18/><U50/><E77/><V3/><F3/><W101/><REACH who="3" step="1"/><G95/><REACH who="3" ten="400,296,127,167" step="2"/><T73/><D43/><U118/><E70/><V30/><F22/><W99/><G99/><T42/><D42/><U129/><E68/><V36/><F30/><W28/><G28/><T88/><D92/><U106/><E106/><V125/><F36/><W71/><AGARI ba="0,1" hai="12,19,21,51,52,58,61,67,71,76,78,101,102,103" machi="71" ten="30,11700,0" yaku="1,1,0,1,54,1,53,1" doraHai="79" doraHaiUra="64" who="3" fromWho="3" sc="400,-39,296,-39,127,-39,167,127" /><INIT seed="7,1,0,2,2,109" ten="361,257,88,294" oya="3" hai0="90,87,101,112,116,85,63,118,117,68,99,92,124" hai1="67,23,79,47,56,80,58,29,25,34,46,28,91" hai2="88,106,83,13,125,11,14,74,104,27,9,121,122" hai3="93,120,48,119,114,75,2,100,69,41,89,3,32"/><W123/><G119/><T49/><D49/><U17/><E58/><V4/><F125/><W33/><G69/><T61/><D68/><U108/><E108/><V115/><F74/><W98/><G75/><T26/><D124/><U1/><E1/><V22/><F106/><W59/><G2/><T37/><D37/><U95/><E29/><V35/><F104/><W50/><G3/><T51/><D87/><U70/><E56/><V81/><F35/><W52/><G114/><T64/><D64/><U54/><E54/><V8/><F8/><W96/><G32/><T42/><D112/><U45/><E67/><V30/><F115/><W105/><REACH who="3" step="1"/><G33/><REACH who="3" ten="361,257,88,284" step="2"/><T55/><D42/><U134/><E70/><V44/><F44/><AGARI ba="1,1" hai="41,44,48,50,52,59,89,93,96,98,100,105,120,123" machi="44" ten="40,7700,0" yaku="1,1,2,1,54,1,53,0" doraHai="109" doraHaiUra="132" who="3" fromWho="2" sc="361,0,257,0,88,-80,284,90" owari="361,16.0,257,-14.0,8,-49.0,374,47.0" /></mjloggm>