<mjloggm ver="2.3"><GO type="169" lobby="0"/><UN n0="%E3%81%BF%E3%81%A3%E3%81%8D%E3%83%BC" n1="%E3%83%81%E3%83%83%E3%83%97%E3%82%B3%E3%83%AC%E3%82%AF%E3%82%BF%E3%83%BC" n2="%E3%81%BF%E3%81%8B%E3%82%82%E3%82%81" n3="%E9%87%8E%E8%89%AF%E7%8C%AB%E3%83%AD%E3%83%83%E3%82%AF" dan="17,16,17,16" rate="2215.08,2153.47,2194.37,2215.90" sx="M,M,M,M"/><TAIKYOKU oya="0"/><INIT seed="0,0,0,2,5,11" ten="250,250,250,250" oya="0" hai0="132,96,33,102,98,66,47,107,2,116,57,85,50" hai1="65,120,68,30,115,124,14,88,44,41,6,72,34" hai2="7,131,36,104,45,40,95,27,125,48,101,93,74" hai3="112,23,32,82,121,61,133,16,113,43,106,99,26"/><T92/><D116/><U84/><E120/><V110/><F110/><W49/><G133/><T4/><D33/><U118/><E118/><V13/><F125/><W111/><G111/><T105/><D132/><U89/><E72/><V60/><F74/><W103/><G121/><T69/><D69/><U3/><E3/><V29/><F131/><W8/><G82/><T97/><D2/><U35/><E89/><V52/><F60/><W73/><G73/><T18/><D4/><U56/><E68/><V53/><F104/><W21/><G8/><T119/><D119/><U67/><E115/><V58/><F53/><W55/><G32/><T62/><D18/><U127/><E30/><V109/><F101/><W59/><G43/><T46/><D46/><U38/><E34/><V86/><F86/><W20/><G20/><T1/><D1/><U37/><E37/><V15/><F109/><W51/><REACH who="3" step="1"/><G21/><REACH who="3" ten="250,250,250,240" step="2"/><T78/><D105/><U76/><E35/><V63/><F36/><W90/><G90/><T77/><D107/><U79/><E127/><V39/><F39/><W117/><G117/><T54/><D102/><U31/><E124/><V130/><F130/><W87/><G87/><T28/><D28/><U122/><E31/><V42/><F42/><W81/><G81/><N who="0" m="47279" /><D78/><U128/><E79/><V83/><F83/><W17/><G17/><T108/><D108/><U114/><E76/><V24/><F7/><W123/><G123/><T64/><D92/><N who="2" m="35402" /><F29/><W0/><G0/><T134/><D134/><U22/><E122/><V80/><F80/><W100/><G100/><T91/><D91/><RYUUKYOKU ba="0,1" sc="250,10,250,-30,250,10,240,10" hai0="47,50,54,57,62,64,66,96,97,98" hai2="13,15,24,27,40,45,48,52,58,63" hai3="16,23,26,49,51,55,59,61,99,103,106,112,113" /><INIT seed="0,1,1,4,5,26" ten="260,220,260,250" oya="0" hai0="7,103,38,90,51,57,83,128,74,125,6,100,5" hai1="54,10,78,110,22,20,34,107,18,39,95,69,115" hai2="11,49,111,44,47,108,17,0,70,102,88,55,1" hai3="8,82,87,124,77,35,98,65,4,118,24,19,123"/><T41/><D125/><U126/><E107/><V15/><F70/><W84/><G118/><T37/><D128/><U133/><E34/><V33/><F33/><W66/><G124/><T72/><D72/><U129/><E126/><V132/><F102/><N who="0" m="38954" /><D74/><U122/><E69/><V14/><F132/><W134/><G98/><T63/><D38/><U28/><E39/><V29/><F29/><W58/><G134/><T91/><D37/><U89/><E133/><V56/><F15/><W21/><G123/><T23/><D83/><U52/><E110/><N who="2" m="42027" /><F88/><N who="0" m="33834" /><D23/><U120/><E129/><V32/><F32/><W40/><G35/><T25/><D25/><U99/><E115/><V36/><F36/><W92/><G84/><T64/><D51/><U127/><E127/><V67/><F67/><W45/><G92/><T117/><D117/><U97/><E97/><V75/><F75/><W46/><G65/><T121/><D121/><U16/><E122/><V131/><F131/><W30/><G66/><T42/><AGARI ba="1,1" hai="5,6,7,41,42,57,63,64" m="33834,38954" machi="42" ten="40,3900,0" yaku="8,1,54,1" doraHai="26" who="0" fromWho="0" sc="260,52,220,-14,260,-14,250,-14" /><INIT seed="0,2,0,5,5,56" ten="312,206,246,236" oya="0" hai0="109,99,1,67,106,12,123,125,47,131,117,101,105" hai1="28,72,9,19,27,33,71,134,112,116,60,70,45" hai2="4,35,24,3,119,22,111,103,23,17,52,14,87" hai3="79,110,20,85,73,120,83,40,15,5,76,102,16"/><T64/><D1/><U10/><E116/><V130/><F103/><W58/><G110/><T126/><D117/><U34/><E134/><V98/><F119/><W96/><G120/><T50/><D123/><U94/><E33/><V26/><F111/><W13/><G40/><T91/><D109/><U82/><E112/><V41/><F98/><W69/><G69/><T18/><D106/><U63/><E45/><V51/><F41/><W36/><G36/><T114/><D114/><U121/><E121/><V115/><F115/><W127/><G127/><N who="0" m="48651" /><D91/><U132/><E94/><V135/><F135/><W55/><G73/><T31/><D31/><U61/><E132/><V75/><F75/><W107/><G76/><T54/><D131/><U43/><E43/><V0/><F130/><W74/><G74/><T68/><D68/><U44/><E44/><V89/><F35/><W46/><G46/><T124/><N who="0" m="48659" /><T80/><DORA hai="100" /><D80/><U113/><E113/><V42/><F42/><W97/><G97/><T66/><D64/><U122/><E122/><V133/><F133/><W57/><REACH who="3" step="1"/><G55/><REACH who="3" ten="312,206,246,226" step="2"/><T49/><D49/><U21/><E71/><V81/><F4/><W6/><G6/><T88/><D67/><U62/><E70/><V86/><F86/><W128/><G128/><T11/><D66/><U25/><N who="1" m="15360" /><DORA hai="37" /><U39/><REACH who="1" step="1"/><E39/><REACH who="1" ten="312,196,246,226" step="2"/><V104/><F104/><W90/><G90/><T2/><D88/><U118/><E118/><V92/><F89/><W84/><G84/><T129/><D129/><U32/><E32/><V59/><F87/><W8/><AGARI ba="2,2" hai="5,8,13,15,16,20,57,58,79,83,85,96,102,107" machi="8" ten="30,16000,3" yaku="1,1,0,1,52,1,54,1,53,4" doraHai="56,100,37" doraHaiUra="7,53,93" who="3" fromWho="3" sc="312,-82,196,-42,246,-42,226,186" /><INIT seed="1,0,0,0,3,52" ten="230,154,204,412" oya="1" hai0="6,13,18,22,49,123,41,53,75,97,39,21,78" hai1="58,82,110,61,117,80,132,133,131,56,16,17,46" hai2="9,37,19,86,30,126,68,130,119,32,90,135,99" hai3="129,125,104,26,118,8,48,100,70,65,2,5,128"/><U44/><E117/><V24/><F119/><W122/><G122/><T64/><D123/><U84/><E131/><V77/><F130/><W33/><G48/><T0/><D64/><U127/><E127/><V50/><F37/><W96/><G125/><T93/><D39/><U113/><E113/><V1/><F126/><W14/><G14/><T38/><D38/><U116/><E110/><V20/><F68/><W74/><G74/><T67/><D67/><U106/><E116/><V3/><F135/><N who="1" m="51785" /><E106/><V85/><F77/><W88/><G88/><T12/><D41/><U89/><E82/><V121/><F121/><W34/><G118/><T114/><D114/><U71/><E71/><V4/><F3/><W115/><G115/><T120/><D120/><U47/><E61/><V31/><F30/><N who="3" m="19671" /><G34/><T69/><D69/><U15/><E17/><V79/><F79/><W40/><G40/><T28/><D78/><U45/><N who="1" m="11264" /><DORA hai="101" /><U83/><E83/><V7/><F7/><W60/><AGARI ba="0,0" hai="2,5,8,60,65,70,96,100,104,128,129" m="19671" machi="60" ten="30,4000,0" yaku="25,1,23,1,52,1" doraHai="52,101" who="3" fromWho="3" sc="230,-10,154,-20,204,-10,412,40" /><INIT seed="2,0,0,0,2,46" ten="220,134,194,452" oya="2" hai0="31,10,97,36,101,105,64,25,33,9,60,112,81" hai1="116,58,16,77,84,4,42,68,129,43,66,114,59" hai2="85,76,7,19,91,51,61,47,134,99,45,82,79" hai3="78,92,15,120,123,53,11,113,94,54,49,90,39"/><V8/><F134/><W56/><G39/><T5/><D36/><U70/><E116/><V80/><F19/><W96/><G113/><T75/><D112/><U132/><E114/><V57/><F99/><W34/><G34/><T87/><D5/><U28/><E132/><V122/><F122/><W32/><G32/><T17/><D17/><U71/><E28/><V65/><F47/><W118/><G118/><T95/><D75/><U1/><E129/><V107/><F107/><W125/><G125/><T30/><D95/><U48/><E4/><V27/><F27/><W93/><G78/><T133/><D31/><U100/><E100/><V6/><F8/><W86/><G53/><T119/><D119/><U117/><E1/><V73/><REACH who="2" step="1"/><F79/><REACH who="2" ten="220,134,184,452" step="2"/><W69/><G120/><T67/><D133/><U50/><E117/><V62/><F62/><W115/><G123/><T35/><D9/><U26/><E26/><V128/><F128/><W12/><G115/><T106/><D10/><U124/><E16/><V22/><F22/><W14/><G11/><T18/><D18/><U131/><E131/><V98/><F98/><W104/><G104/><T44/><D35/><U63/><E77/><V88/><F88/><W102/><G102/><T38/><D105/><U21/><E21/><V37/><F37/><W108/><G96/><T111/><D38/><U89/><E89/><V52/><AGARI ba="0,1" hai="6,7,45,51,52,57,61,65,73,76,80,82,85,91" machi="52" ten="20,12000,1" yaku="1,1,0,1,7,1,52,1,54,1,53,0" doraHai="46" doraHaiUra="135" who="2" fromWho="2" sc="220,-40,134,-40,184,130,452,-40" /><INIT seed="2,1,0,5,1,123" ten="180,94,314,412" oya="2" hai0="46,98,76,75,104,79,132,99,14,109,94,84,96" hai1="16,112,3,48,77,24,113,52,53,2,72,54,20" hai2="67,45,62,18,34,119,0,27,129,32,122,17,102" hai3="82,66,63,61,87,134,115,133,37,4,89,107,118"/><V58/><F119/><W73/><G118/><T116/><D46/><U130/><E130/><V110/><F122/><W70/><G115/><T100/><D14/><U38/><E38/><V21/><F129/><W11/><G37/><T124/><D116/><U105/><E105/><V1/><F102/><W33/><G33/><T22/><D22/><U36/><E36/><V117/><F117/><W42/><G42/><T97/><D124/><U39/><E39/><V126/><F126/><W6/><G107/><T23/><D23/><U55/><E77/><N who="0" m="29769" /><D132/><N who="3" m="50793" /><G73/><T59/><D59/><U44/><REACH who="1" step="1"/><E72/><REACH who="1" ten="180,84,314,412" step="2"/><V83/><F34/><W68/><G68/><T80/><D75/><U43/><E43/><V28/><F32/><W57/><G11/><T8/><D8/><U91/><E91/><V78/><F78/><W92/><G82/><T114/><D114/><AGARI ba="1,1" hai="2,3,16,20,24,44,48,52,53,54,55,112,113,114" machi="114" ten="40,12000,2" yaku="1,1,54,2,53,4" doraHai="123" doraHaiUra="50" who="1" fromWho="0" sc="180,-123,84,133,314,0,412,0" /><INIT seed="3,0,0,2,4,5" ten="57,217,314,412" oya="3" hai0="115,51,135,105,28,49,71,112,7,114,132,124,127" hai1="58,39,13,80,98,22,82,1,65,18,78,53,47" hai2="50,14,120,16,91,72,8,64,122,17,84,100,12" hai3="104,73,25,111,76,107,90,131,26,118,87,79,116"/><W20/><G131/><T38/><D105/><U24/><E1/><V75/><F100/><W29/><G111/><T48/><D28/><U85/><E98/><V70/><F50/><W113/><G113/><T99/><D99/><U15/><E39/><V133/><F133/><W134/><G134/><N who="0" m="51243" /><D7/><U121/><E121/><N who="2" m="46699" /><F64/><W102/><G102/><T32/><D32/><U94/><E94/><N who="2" m="54631" /><F70/><W52/><G73/><T33/><D33/><U68/><E68/><V21/><AGARI ba="0,0" hai="8,12,14,16,17,21,72,75" m="54631,46699" machi="21" ten="30,4000,0" yaku="13,1,52,1,54,1" doraHai="5" who="2" fromWho="2" sc="57,-10,217,-10,314,40,412,-20" /><INIT seed="4,0,0,4,2,20" ten="47,207,354,392" oya="0" hai0="26,94,0,49,52,70,76,89,36,115,4,116,79" hai1="14,77,93,25,38,133,114,71,34,90,66,104,56" hai2="17,100,11,37,106,119,63,105,122,57,45,53,88" hai3="91,109,98,87,75,51,64,108,40,95,121,30,107"/><T21/><D116/><U103/><E71/><V2/><F122/><W27/><G121/><T10/><D36/><U125/><E38/><V68/><F119/><W80/><G64/><T113/><D70/><U24/><E104/><V135/><F135/><W6/><G6/><T44/><D115/><U102/><E34/><V85/><F100/><N who="1" m="38441" /><E114/><V74/><F74/><W42/><G75/><T82/><D82/><U134/><E77/><V7/><F17/><W31/><G31/><T35/><D35/><U123/><E14/><V23/><F23/><N who="3" m="15743" /><G107/><T39/><D39/><U47/><E47/><V110/><F110/><W120/><G109/><T32/><D32/><U9/><E9/><V65/><F45/><W78/><G120/><T54/><D54/><U128/><E128/><V8/><F8/><W13/><G13/><N who="0" m="5319" /><D113/><U60/><E125/><V19/><F19/><W69/><G69/><T72/><D72/><U118/><E118/><V46/><F46/><N who="3" m="26055" /><G108/><T124/><D0/><U86/><E123/><V15/><F2/><W99/><G42/><T1/><D1/><U18/><E18/><V29/><F37/><W5/><G5/><T129/><D129/><U73/><E73/><V130/><F29/><W61/><G78/><T111/><D111/><U58/><E58/><V33/><F33/><W96/><G80/><T84/><D124/><U22/><E22/><V126/><F126/><W112/><G112/><T127/><D127/><U117/><E117/><V41/><F130/><W12/><G12/><T59/><D59/><U101/><N who="1" m="38449" /><U81/><DORA hai="48" /><E81/><N who="2" m="49199" /><F41/><W83/><G83/><RYUUKYOKU ba="0,0" sc="47,0,207,0,354,0,392,0" hai0="21,26,44,49,52,76,79,84,89,94" hai1="24,25,56,60,66,86,90,93,133,134" hai2="7,11,15,53,57,63,65,68,105,106" hai3="61,87,91,95,96,98,99" /><INIT seed="4,1,0,1,3,50" ten="47,207,354,392" oya="0" hai0="33,99,68,34,14,11,3,30,77,93,97,105,133" hai1="5,128,111,46,119,134,16,100,114,96,122,13,2" hai2="66,47,56,79,73,26,24,107,41,69,38,44,98" hai3="54,101,60,1,67,76,130,131,84,10,70,64,42"/><T37/><D37/><U22/><E119/><V21/><F47/><W135/><G135/><T19/><D68/><U7/><E111/><V27/><F69/><W8/><G42/><T48/><D77/><U103/><E122/><V12/><F73/><W82/><G101/><T94/><D105/><U59/><E134/><V31/><F79/><W88/><G67/><T129/><D133/><U0/><E103/><V78/><F78/><W18/><G18/><T124/><D3/><U36/><E128/><N who="3" m="49194" /><G1/><T74/><D74/><U112/><E59/><V85/><F85/><N who="3" m="48327" /><G54/><T40/><D124/><U62/><E0/><V25/><F98/><N who="0" m="37386" /><D34/><U71/><E2/><V57/><F107/><W23/><G23/><T65/><D33/><U132/><E132/><V80/><F80/><AGARI ba="1,0" hai="8,10,60,64,70,80,84,88" m="48327,49194" machi="80" ten="30,2000,0" yaku="19,1,54,1" doraHai="50" who="3" fromWho="2" sc="47,0,207,0,354,-23,392,23" /><INIT seed="5,0,0,0,5,78" ten="47,207,331,415" oya="1" hai0="17,110,56,15,30,134,126,125,47,64,82,107,117" hai1="102,0,97,116,14,72,37,89,91,29,95,96,120" hai2="69,115,100,74,105,10,121,63,77,43,86,112,45" hai3="26,7,122,16,19,81,48,135,108,24,114,109,31"/><U85/><E0/><V90/><F121/><W73/><G122/><T32/><D110/><U21/><E37/><V68/><F74/><W52/><G114/><N who="2" m="43561" /><F77/><W70/><G70/><T87/><D107/><U27/><E120/><V80/><F63/><W60/><G7/><T59/><D117/><U53/><E72/><V71/><F10/><W58/><G135/><T12/><D134/><U3/><E3/><V62/><F62/><W11/><G108/><T33/><D47/><U124/><E124/><N who="0" m="47721" /><D30/><U20/><E116/><V133/><F133/><W22/><G109/><T66/><D12/><U79/><E53/><V57/><F57/><N who="0" m="22090" /><D15/><U130/><E130/><V76/><F76/><W113/><G11/><T101/><D17/><N who="1" m="10295" /><E97/><N who="2" m="61583" /><F71/><W61/><G113/><T49/><D49/><AGARI ba="0,0" hai="43,45,49,68,69,80,86,90" m="61583,43561" machi="49" ten="30,3900,0" yaku="15,1,11,1,52,1" doraHai="78" who="2" fromWho="0" sc="47,-39,207,0,331,39,415,0" /><INIT seed="6,0,0,1,4,115" ten="8,207,370,415" oya="2" hai0="22,92,39,124,70,25,129,11,42,14,49,133,36" hai1="120,83,37,5,67,111,132,52,61,91,98,15,62" hai2="13,40,89,33,60,78,6,66,107,27,112,23,56" hai3="122,87,88,114,108,3,24,48,46,47,102,51,95"/><V99/><F112/><W19/><G114/><T106/><D106/><U57/><E111/><V53/><F33/><W100/><G3/><T77/><D70/><U34/><E34/><V21/><F40/><N who="3" m="24647" /><G108/><T1/><D1/><U16/><E37/><V73/><F73/><W97/><G122/><T9/><D9/><U7/><E132/><V69/><F78/><W81/><G24/><T12/><D14/><U29/><E29/><V94/><F107/><W20/><G20/><T75/><D133/><U85/><E98/><V10/><REACH who="2" step="1"/><F27/><REACH who="2" ten="8,207,360,415" step="2"/><W30/><G30/><T32/><D77/><U0/><E120/><V54/><F54/><N who="3" m="30079" /><G19/><T28/><D75/><U68/><REACH who="1" step="1"/><E0/><REACH who="1" ten="8,197,360,415" step="2"/><V113/><F113/><W96/><G96/><T90/><D32/><U17/><E17/><V118/><F118/><W2/><G2/><T55/><D28/><U38/><E38/><V105/><F105/><W26/><G26/><T72/><D36/><U109/><E109/><V65/><F65/><W8/><G97/><T121/><D39/><U123/><E123/><V134/><F134/><W4/><G102/><T82/><D25/><U116/><E116/><V41/><F41/><W130/><G100/><T126/><D42/><U45/><E45/><V76/><F76/><W59/><G87/><N who="0" m="52319" /><D121/><U58/><E58/><V64/><F64/><W79/><G59/><N who="0" m="33263" /><D72/><U101/><E101/><V50/><AGARI ba="0,2" hai="6,10,13,21,23,50,53,56,60,66,69,89,94,99" machi="50" ten="20,7800,0" yaku="1,1,0,1,7,1,53,1" doraHai="115" doraHaiUra="63" who="2" fromWho="2" sc="8,-26,197,-26,360,98,415,-26" owari="-18,-52.0,171,-23.0,458,56.0,389,19.0" /></mjloggm>