<mjloggm ver="2.3"><GO type="169" lobby="0"/><UN n0="%54%69%65%66%61" n1="%E5%8F%A4%E6%9C%AC" n2="%E7%B4%85%E8%89%B2%E3%81%BF%E3%81%8B%E3%82%93" n3="%E3%83%95%E3%83%84%E3%82%A6%E3%81%AE%E6%81%8B%E3%81%AE%E7%B5%90%E6%9C%AB" dan="16,16,16,17" rate="2059.78,2061.24,2134.68,2202.58" sx="M,M,M,M"/><TAIKYOKU oya="0"/><INIT seed="0,0,0,4,0,66" ten="250,250,250,250" oya="0" hai0="51,112,87,86,117,69,31,120,65,38,134,20,24" hai1="9,10,16,111,12,2,62,22,49,113,25,8,11" hai2="91,114,42,93,5,67,100,35,36,39,41,57,107" hai3="80,105,46,1,64,58,127,118,28,96,101,48,130"/><T32/><D112/><U55/><E113/><V60/><F114/><W70/><G118/><T34/><D117/><U15/><E111/><V68/><F5/><W85/><G1/><T27/><D120/><U88/><E2/><V44/><F35/><W92/><G127/><T37/><D34/><U83/><N who="1" m="2048" /><DORA hai="123" /><U17/><E62/><V54/><F100/><W14/><G130/><T135/><D51/><U59/><E17/><V73/><F73/><W94/><G14/><T82/><D65/><U33/><E33/><V77/><F77/><W75/><G58/><T116/><D69/><U128/><E128/><V40/><F107/><W109/><G75/><T47/><D116/><U52/><E55/><V99/><F39/><W23/><G109/><T121/><D121/><U7/><E7/><V45/><F45/><W131/><G131/><T53/><D53/><U90/><E90/><V0/><F0/><W89/><G23/><T43/><D37/><U21/><E22/><V30/><F30/><W124/><G28/><N who="0" m="17415" /><D82/><U63/><E49/><AGARI ba="0,0" hai="36,40,41,42,44,49,54,57,60,67,68,91,93,99" machi="49" ten="30,7700,0" yaku="7,1,24,2,52,1" doraHai="66,123" who="2" fromWho="1" sc="250,0,250,-77,250,77,250,0" /><INIT seed="1,0,0,4,5,80" ten="250,173,327,250" oya="1" hai0="44,16,45,40,72,66,76,86,131,122,96,36,64" hai1="58,61,29,101,93,21,108,77,103,43,111,120,109" hai2="90,48,83,75,92,3,91,125,95,67,15,2,110" hai3="133,25,37,116,17,26,117,59,1,24,19,35,97"/><U11/><E120/><V27/><F110/><N who="1" m="28161" /><U49/><DORA hai="68" /><E11/><V69/><F125/><W0/><G133/><T73/><D122/><U74/><E74/><V89/><F48/><W81/><G97/><T62/><D131/><U88/><E77/><V54/><F54/><W47/><G59/><T105/><D45/><N who="1" m="25791" /><E21/><V52/><F27/><W20/><G20/><T42/><D42/><U5/><E29/><V56/><F67/><W14/><G117/><T78/><D16/><U70/><E5/><V112/><F69/><W82/><G116/><T94/><D105/><U4/><E4/><V6/><F112/><W130/><G19/><T28/><D28/><U39/><E70/><V132/><F132/><W12/><G17/><T8/><D8/><U13/><E13/><V51/><F15/><W60/><G25/><T30/><D30/><U38/><E103/><V50/><F6/><W123/><G123/><T119/><D119/><U127/><E101/><V87/><F75/><W65/><G14/><T135/><D135/><U57/><E127/><V31/><F31/><W98/><G12/><T100/><D76/><U10/><E10/><V18/><F18/><W114/><G26/><T99/><D99/><N who="1" m="57767" /><E58/><V124/><F124/><W104/><G24/><T34/><D34/><U118/><E118/><V55/><F3/><W106/><G1/><T9/><D9/><U41/><E41/><V126/><F2/><W46/><G0/><T129/><D73/><U32/><E32/><V107/><F126/><W128/><G35/><T85/><D72/><U121/><E121/><V113/><F56/><RYUUKYOKU ba="0,0" sc="250,-10,173,30,327,-10,250,-10" hai1="38,39,57,61" /><INIT seed="1,1,0,1,4,125" ten="240,203,317,240" oya="1" hai0="54,81,36,79,105,69,99,22,102,40,93,100,61" hai1="52,89,26,82,59,24,1,17,44,96,85,76,124" hai2="133,5,80,116,72,78,132,38,111,73,4,112,98" hai3="12,41,19,75,74,135,15,13,10,117,65,109,68"/><U47/><E1/><V123/><F123/><W57/><G68/><T83/><D36/><U37/><E37/><V64/><F116/><W18/><G109/><T127/><D127/><U60/><E124/><V92/><F38/><W67/><G41/><T31/><D40/><U97/><E97/><V25/><F111/><W29/><G117/><T106/><D100/><U6/><E6/><V129/><F112/><W71/><G71/><T62/><D62/><U118/><E118/><V86/><F64/><W94/><G135/><N who="2" m="51785" /><F25/><N who="1" m="9833" /><E17/><V101/><F5/><W63/><G29/><T108/><D108/><U14/><E14/><V3/><F4/><W20/><G13/><T27/><D81/><U28/><E28/><V121/><F3/><W120/><G120/><T115/><D115/><U90/><E96/><V55/><F55/><W16/><G19/><T95/><D105/><U11/><E11/><V88/><F121/><W104/><G104/><T114/><D114/><U110/><E110/><V87/><F129/><W70/><G94/><AGARI ba="1,0" hai="72,73,78,80,86,87,88,92,94,98,101" m="51785" machi="94" ten="30,7700,0" yaku="20,1,34,2,54,1" doraHai="125" who="2" fromWho="3" sc="240,0,203,0,317,80,240,-80" /><INIT seed="2,0,0,4,4,128" ten="240,203,397,160" oya="2" hai0="18,85,47,124,6,87,39,49,24,15,28,30,25" hai1="121,3,77,40,14,31,21,43,9,33,16,117,135" hai2="80,116,81,97,56,38,76,126,127,74,66,114,71" hai3="7,61,93,46,2,103,60,0,58,4,115,13,63"/><V111/><F116/><W108/><G108/><T109/><D39/><U50/><E117/><V120/><F120/><W86/><G115/><T118/><D118/><U92/><E121/><V55/><F114/><W35/><G35/><T27/><D109/><U105/><E105/><V90/><F38/><W94/><G46/><T112/><D112/><U51/><E77/><V104/><F111/><W65/><G65/><T113/><D113/><U5/><E92/><V1/><F1/><W83/><G58/><T32/><D124/><N who="2" m="47658" /><F66/><W69/><G69/><T17/><D6/><U68/><E135/><V82/><F71/><W89/><G13/><T91/><D32/><U102/><E102/><N who="2" m="62543" /><F90/><W100/><G100/><T99/><D99/><U62/><E68/><V134/><F134/><W8/><REACH who="3" step="1"/><G103/><REACH who="3" ten="240,203,397,150" step="2"/><T57/><D57/><U34/><E34/><V95/><F56/><W26/><G26/><T19/><D15/><U52/><E62/><V75/><F55/><W67/><G67/><T10/><D10/><AGARI ba="0,1" hai="0,2,4,7,8,10,60,61,63,83,86,89,93,94" machi="10" ten="40,2600,0" yaku="1,1,9,1,53,0" doraHai="128" doraHaiUra="101" who="3" fromWho="0" sc="240,-26,203,0,397,0,150,36" /><INIT seed="3,0,0,1,3,67" ten="214,203,397,186" oya="3" hai0="52,89,48,54,112,124,113,21,94,80,96,10,11" hai1="50,132,26,119,62,91,122,128,83,42,53,61,35" hai2="106,120,98,93,87,2,102,123,69,43,5,12,49" hai3="129,56,101,73,36,85,6,60,107,75,77,22,23"/><W104/><G36/><T9/><D124/><U84/><E122/><N who="2" m="46635" /><F2/><W125/><G6/><T33/><D33/><U14/><E119/><V92/><F69/><W17/><G125/><T99/><D21/><U97/><E132/><V90/><F5/><W40/><G40/><T3/><D3/><U95/><E128/><V81/><F12/><W38/><G38/><T45/><D80/><U117/><E117/><V39/><F39/><W65/><G129/><T32/><D32/><U116/><E116/><V24/><F24/><W127/><G127/><T34/><D34/><U1/><E1/><V15/><F15/><W111/><G111/><T44/><REACH who="0" step="1"/><D99/><REACH who="0" ten="204,203,397,186" step="2"/><U41/><E35/><V70/><F81/><W68/><G23/><T13/><D13/><U105/><E14/><V115/><F115/><W110/><G22/><T114/><D114/><U4/><E26/><V29/><F29/><W37/><G110/><T0/><D0/><U108/><E108/><V72/><F72/><W74/><G74/><T82/><D82/><U51/><E83/><V18/><F18/><W57/><G17/><T59/><D59/><U7/><E97/><V30/><F30/><W134/><G75/><T86/><D86/><U46/><E84/><V66/><F87/><W28/><G73/><T27/><D27/><U19/><E19/><V63/><F90/><W8/><G28/><T130/><D130/><U118/><E91/><V79/><F79/><W25/><G77/><T16/><D16/><U126/><E118/><V88/><F88/><W100/><G85/><T55/><D55/><U133/><E126/><RYUUKYOKU ba="0,1" sc="204,15,203,-15,397,15,186,-15" hai0="9,10,11,44,45,48,52,54,89,94,96,112,113" hai2="43,49,63,66,70,92,93,98,102,106" /><INIT seed="4,1,1,3,0,26" ten="219,188,412,171" oya="0" hai0="107,48,97,122,6,17,1,108,87,32,91,38,84" hai1="93,50,129,95,99,11,34,31,71,20,55,78,8" hai2="118,10,30,98,114,56,43,59,51,19,124,109,80" hai3="112,85,79,54,65,100,3,41,126,35,15,110,120"/><T42/><D122/><U33/><E71/><V113/><F109/><W68/><G110/><T128/><D108/><U81/><E34/><V67/><F124/><W5/><G3/><T36/><D32/><U105/><E33/><V63/><F118/><W125/><G41/><T131/><D48/><U45/><E105/><V89/><F30/><W127/><G120/><T132/><D132/><U90/><E129/><N who="0" m="49737" /><D17/><U86/><E93/><V75/><F75/><W27/><G100/><N who="0" m="62863" /><D42/><U7/><E7/><V101/><F89/><W103/><G103/><T70/><D70/><U21/><E21/><V74/><F80/><W46/><G68/><T37/><D91/><U2/><E2/><V116/><F116/><W117/><G117/><T83/><D83/><U60/><E60/><V96/><F101/><W52/><G35/><T4/><D1/><U62/><E62/><V69/><F51/><W130/><G130/><T104/><D104/><U16/><REACH who="1" step="1"/><E31/><REACH who="1" ten="219,178,412,171" step="2"/><V39/><F63/><W76/><G126/><T0/><D0/><U92/><E92/><V57/><F69/><W73/><G127/><T133/><D133/><U23/><E23/><V66/><F10/><W9/><G9/><T13/><D4/><U102/><E102/><V134/><F134/><W47/><G5/><T44/><D6/><U22/><E22/><V53/><F113/><W61/><G112/><T72/><D13/><AGARI ba="1,2" hai="8,11,13,16,20,45,50,55,78,81,86,90,95,99" machi="13" ten="30,7700,0" yaku="1,1,7,1,8,1,54,1,53,0" doraHai="26" doraHaiUra="123" who="1" fromWho="0" sc="219,-80,178,100,412,0,171,0" /><INIT seed="5,0,0,4,4,30" ten="139,278,412,171" oya="1" hai0="38,121,7,102,49,97,6,133,33,104,123,75,105" hai1="54,31,118,51,66,125,56,96,126,67,32,72,0" hai2="53,55,52,63,115,103,91,46,34,1,22,77,14" hai3="112,71,89,87,37,134,24,85,15,60,88,65,116"/><U39/><E118/><V64/><F1/><W132/><G37/><T74/><D133/><N who="3" m="51305" /><G116/><T10/><D33/><U81/><E0/><V44/><F115/><W80/><G112/><T119/><D119/><U101/><E39/><V127/><F127/><N who="1" m="48649" /><E81/><V83/><F103/><W61/><G15/><T43/><D38/><U45/><E45/><V110/><F110/><W93/><G61/><T23/><D23/><U130/><E72/><V20/><F34/><W36/><G36/><T5/><D105/><N who="1" m="63655" /><E130/><V48/><F91/><W99/><G24/><AGARI ba="0,0" hai="24,31,32,51,54,56,66,67" m="63655,48649" machi="24" ten="30,2900,0" yaku="18,1,52,1" doraHai="30" who="1" fromWho="3" sc="139,0,278,29,412,0,171,-29" /><INIT seed="5,1,0,3,4,1" ten="139,307,412,142" oya="1" hai0="9,110,90,56,30,10,81,48,96,74,39,32,40" hai1="131,106,100,133,97,84,82,20,36,41,44,113,16" hai2="71,15,54,8,21,94,129,109,24,38,51,78,134" hai3="104,31,49,53,112,125,26,98,108,50,6,92,120"/><U89/><E113/><V37/><F109/><W28/><G108/><T95/><D110/><U117/><E133/><V67/><F134/><W52/><G120/><T7/><D39/><U22/><E131/><V43/><F78/><W68/><G104/><T35/><D30/><U5/><E117/><V58/><F129/><W18/><G68/><T57/><D57/><U11/><REACH who="1" step="1"/><E16/><REACH who="1" ten="139,297,412,142" step="2"/><V29/><F29/><W66/><G112/><T17/><D17/><U3/><AGARI ba="1,1" hai="3,5,11,20,22,36,41,44,82,84,89,97,100,106" machi="3" ten="20,12000,1" yaku="1,1,2,1,0,1,7,1,52,1,53,0" doraHai="1" doraHaiUra="88" who="1" fromWho="1" sc="139,-41,297,133,412,-41,142,-41" /><INIT seed="5,2,0,1,1,34" ten="98,430,371,101" oya="1" hai0="38,127,44,94,70,98,69,129,83,51,87,60,48" hai1="71,74,119,21,113,41,132,43,128,2,75,19,6" hai2="22,107,66,32,96,14,109,92,18,131,30,114,126" hai3="54,116,115,82,88,134,85,68,42,80,106,50,67"/><U3/><E119/><V55/><F109/><W12/><G106/><T40/><D127/><U103/><E71/><V28/><F126/><W57/><G116/><T10/><D129/><U97/><E6/><V91/><F131/><W133/><G115/><T17/><D10/><U31/><E31/><V77/><F114/><W123/><G123/><T64/><D17/><U33/><E33/><V86/><F66/><W39/><G12/><T4/><D4/><U13/><E128/><V26/><F30/><W99/><G99/><T5/><D5/><U47/><E113/><V117/><F117/><W124/><G80/><T8/><D8/><U59/><E59/><V81/><F55/><W9/><G9/><T100/><REACH who="0" step="1"/><D69/><REACH who="0" ten="88,430,371,101" step="2"/><U46/><E19/><V104/><AGARI ba="2,1" hai="14,18,22,26,28,32,77,81,86,91,92,96,104,107" machi="104" ten="30,1100,0" yaku="0,1" doraHai="34" who="2" fromWho="2" sc="88,-5,430,-7,371,27,101,-5" /><INIT seed="6,0,0,4,5,100" ten="83,423,398,96" oya="2" hai0="19,103,126,64,11,49,115,5,28,4,72,10,105" hai1="132,66,50,135,8,104,86,17,53,15,2,133,9" hai2="83,114,23,123,7,59,94,134,29,31,80,21,89" hai3="42,84,56,79,70,54,0,98,88,85,75,47,16"/><V74/><F123/><W119/><G119/><T69/><D72/><U95/><E66/><V71/><F71/><W36/><G0/><T27/><D115/><U43/><E43/><V99/><F114/><W60/><G70/><T12/><D126/><U116/><E116/><V22/><F134/><W97/><G84/><T120/><D120/><U48/><E104/><V20/><F74/><W113/><G113/><T81/><D49/><U121/><E121/><V107/><F107/><W26/><G79/><T55/><D55/><U46/><E50/><V73/><F73/><W130/><G75/><T24/><D81/><N who="2" m="31306" /><F7/><W78/><G78/><T128/><D128/><U52/><E53/><V101/><F101/><W68/><G68/><T30/><D103/><U82/><E95/><V129/><F129/><W131/><G131/><T124/><D69/><U125/><E125/><V90/><F90/><W91/><G130/><T6/><D105/><U127/><E127/><V57/><F23/><W41/><G91/><T118/><D64/><U37/><E37/><V106/><F106/><W45/><G88/><T122/><D122/><U67/><E2/><V102/><F102/><W110/><G36/><T92/><D92/><U38/><E67/><V93/><F93/><W117/><G117/><T32/><D124/><U40/><E38/><V33/><F33/><W65/><G65/><T96/><D118/><U51/><E135/><V34/><F34/><W58/><G42/><T77/><D77/><N who="1" m="46415" /><E8/><V87/><F99/><W3/><G98/><T18/><D96/><U63/><E63/><V39/><F39/><RYUUKYOKU ba="0,0" sc="83,-15,423,15,398,15,96,-15" hai1="9,15,17,40,46,48,51,52,132,133" hai2="20,21,22,29,31,57,59,87,89,94" /><INIT seed="6,1,0,0,2,51" ten="68,438,413,81" oya="2" hai0="59,0,29,35,134,87,125,46,56,91,119,97,77" hai1="21,39,113,45,102,55,54,24,94,14,103,90,48" hai2="42,26,38,68,112,108,117,18,65,96,135,62,44" hai3="31,114,130,12,28,105,120,83,118,41,6,104,131"/><V86/><F112/><W101/><G118/><T57/><D0/><U40/><E39/><V85/><F117/><W93/><G120/><T34/><D119/><U58/><E14/><V80/><F135/><W50/><G83/><T1/><D1/><U79/><E79/><V22/><F108/><W95/><G114/><T33/><D134/><U72/><E72/><V109/><F109/><W32/><G6/><T122/><D122/><U71/><E71/><V133/><F133/><W84/><G12/><T67/><D125/><U129/><E113/><V47/><F80/><W124/><G124/><T9/><D77/><U4/><E4/><V78/><F78/><W132/><G132/><T126/><D126/><U25/><E25/><V111/><F111/><W64/><G64/><T7/><D97/><N who="1" m="57559" /><E129/><V73/><F73/><W61/><G32/><T36/><D29/><N who="1" m="17551" /><E40/><V106/><F106/><W52/><G105/><T20/><D20/><U13/><E13/><V49/><REACH who="2" step="1"/><F96/><REACH who="2" ten="68,438,403,81" step="2"/><N who="3" m="59551" /><G104/><T89/><D35/><U115/><E115/><V19/><F19/><W74/><G74/><T110/><D33/><U2/><E2/><V3/><F3/><W23/><G131/><T127/><D34/><U98/><E98/><V53/><AGARI ba="1,1" hai="18,22,26,38,42,44,47,49,53,62,65,68,85,86" machi="53" ten="20,18000,2" yaku="1,1,0,1,7,1,52,1,53,2" doraHai="51" doraHaiUra="81" who="2" fromWho="2" sc="68,-61,438,-61,403,193,81,-61" /><INIT seed="6,2,0,1,3,32" ten="7,377,596,20" oya="2" hai0="70,69,82,125,80,16,9,18,22,60,24,99,116" hai1="42,12,48,34,112,76,64,71,39,7,68,110,50" hai2="49,127,94,45,98,95,53,36,93,30,85,54,78" hai3="3,79,111,123,52,83,117,135,2,47,118,56,119"/><V23/><F127/><W28/><G111/><T88/><D70/><U128/><E110/><V8/><F36/><W92/><G123/><T120/><D120/><U90/><E34/><V73/><F73/><W33/><G47/><T77/><D125/><U124/><E76/><V29/><F8/><W108/><G108/><T51/><D116/><U65/><E124/><V121/><F121/><W113/><G92/><N who="0" m="56711" /><D69/><U55/><E112/><V61/><F61/><W81/><G113/><T134/><D134/><U114/><E90/><V15/><F54/><W4/><G135/><T1/><D1/><U19/><E114/><V5/><F5/><W0/><G4/><T74/><D74/><U109/><E7/><V21/><F98/><W132/><G132/><T102/><D102/><U107/><E71/><V62/><F62/><W115/><G115/><T96/><D96/><U31/><E107/><V105/><F105/><W126/><G126/><T44/><D60/><U27/><E68/><V38/><F38/><W40/><G40/><N who="0" m="24967" /><D77/><U103/><E39/><V129/><F129/><W57/><G79/><T122/><D122/><U106/><E103/><V37/><F37/><W133/><G133/><T10/><D18/><U6/><E106/><V58/><F45/><W63/><REACH who="3" step="1"/><G56/><REACH who="3" ten="7,377,596,10" step="2"/><T86/><D86/><U100/><E109/><V89/><F78/><W131/><G131/><T20/><D20/><U13/><E128/><V35/><F35/><W72/><G72/><T130/><D130/><U17/><E6/><V97/><F23/><W59/><G59/><T43/><D43/><U101/><E42/><RYUUKYOKU ba="2,1" sc="7,15,377,-15,596,-15,10,15" hai0="9,10,16,22,24,80,82" hai3="0,2,3,28,33,52,57,63,81,83,117,118,119" /><INIT seed="7,3,1,5,1,109" ten="22,362,581,25" oya="3" hai0="30,100,93,52,34,35,15,5,89,131,125,36,92" hai1="114,22,14,68,55,29,17,98,86,41,1,78,102" hai2="16,113,31,32,23,132,20,87,43,83,27,11,48" hai3="85,0,91,90,103,134,50,88,76,69,135,13,61"/><W101/><G0/><T45/><D100/><N who="3" m="38473" /><G50/><N who="0" m="28751" /><D36/><U66/><E68/><V42/><F132/><N who="3" m="50731" /><G13/><T18/><D30/><U81/><E1/><V63/><F63/><W2/><G2/><T129/><D5/><U38/><E114/><V10/><F32/><N who="0" m="12330" /><D125/><U62/><E29/><V108/><F113/><W105/><G105/><T28/><D28/><U53/><E41/><N who="2" m="15371" /><F48/><W127/><G127/><T6/><D89/><U104/><E38/><V57/><F57/><W124/><G124/><T133/><D6/><U106/><E106/><V21/><F108/><W19/><G19/><T84/><D84/><U56/><AGARI ba="3,1" hai="14,17,22,53,55,56,62,66,78,81,86,98,102,104" machi="56" ten="20,1500,0" yaku="0,1,7,1" doraHai="109" who="1" fromWho="1" sc="22,-7,362,34,581,-7,25,-10" owari="15,-38.0,396,20.0,574,66.0,15,-48.0" /></mjloggm>