<mjloggm ver="2.3"><GO type="169" lobby="0"/><UN n0="%6D%75%63%68" n1="%E3%81%AF%E3%81%98%E3%82%81%E3%81%A3%E3%81%A1" n2="%E3%81%B8%E3%82%80%E3%81%B8%E3%82%80%EF%BC%92%E5%8F%B7" n3="%E8%88%9E%E8%8C%B8" dan="16,17,16,18" rate="2009.64,2225.46,2063.63,2193.86" sx="M,F,M,M"/><TAIKYOKU oya="0"/><INIT seed="0,0,0,2,0,126" ten="250,250,250,250" oya="0" hai0="105,132,120,22,10,32,98,8,66,17,14,27,20" hai1="53,89,59,123,131,97,78,93,87,16,37,127,108" hai2="70,0,80,116,61,43,52,23,82,102,33,128,113" hai3="1,103,90,42,121,135,109,117,40,129,101,122,74"/><T30/><D66/><U28/><E108/><V62/><F113/><W9/><G117/><T68/><D68/><U58/><E127/><V115/><F115/><W81/><G109/><T5/><D105/><U91/><E123/><V125/><F33/><W107/><G135/><T50/><D98/><U75/><E37/><V4/><F102/><W76/><G90/><T44/><D120/><U67/><E28/><V111/><F23/><W29/><G29/><T47/><D132/><U25/><E75/><V95/><F95/><W13/><G1/><T72/><D72/><U85/><E78/><V57/><F43/><W134/><G134/><T24/><D50/><U99/><E67/><V21/><F21/><W130/><G121/><T106/><D106/><U124/><E124/><V110/><F125/><W96/><G103/><T7/><REACH who="0" step="1"/><D22/><REACH who="0" ten="240,250,250,250" step="2"/><U86/><E97/><V15/><F70/><W104/><G107/><T34/><D34/><U83/><E99/><V88/><F111/><W112/><G112/><T31/><D31/><U114/><E114/><V56/><F110/><W35/><G35/><T12/><AGARI ba="0,1" hai="5,7,8,10,12,14,17,20,24,27,30,32,44,47" machi="12" ten="20,7800,0" yaku="1,1,0,1,7,1,9,1,53,0" doraHai="126" doraHaiUra="54" who="0" fromWho="0" sc="240,88,250,-26,250,-26,250,-26" /><INIT seed="0,1,0,4,3,120" ten="328,224,224,224" oya="0" hai0="55,115,73,37,40,109,58,7,105,94,15,93,102" hai1="122,77,39,50,64,131,18,86,106,41,48,62,45" hai2="34,31,25,6,108,101,43,2,33,11,110,44,65" hai3="38,98,95,16,54,74,19,76,69,96,57,23,97"/><T8/><D115/><U104/><E122/><V114/><F114/><W87/><G69/><T68/><D68/><U30/><E131/><V24/><F65/><W82/><G38/><T49/><D73/><U79/><E30/><N who="2" m="19655" /><F101/><W70/><G70/><T36/><D105/><U121/><E121/><V63/><F63/><W17/><G74/><T52/><D109/><N who="2" m="42090" /><F44/><W126/><G126/><T14/><D14/><U61/><E45/><V21/><F43/><W80/><G80/><T89/><D102/><U12/><E41/><V129/><F21/><W35/><G35/><T51/><D40/><U56/><E64/><V130/><AGARI ba="1,0" hai="2,6,11,25,31,34,129,130" m="42090,19655" machi="130" ten="30,12000,2" yaku="14,1,23,1,34,2,52,3" doraHai="120" who="2" fromWho="2" sc="328,-61,224,-31,224,123,224,-31" /><INIT seed="1,0,0,4,5,5" ten="267,193,347,193" oya="1" hai0="52,73,2,68,63,57,67,41,119,56,13,36,19" hai1="125,38,43,121,128,61,11,60,44,47,39,35,32" hai2="74,49,135,30,118,81,40,127,71,64,17,72,129" hai3="104,55,103,24,31,130,79,100,12,70,69,117,112"/><U132/><E121/><V91/><F118/><W101/><G112/><T124/><D73/><U37/><E11/><V62/><F127/><W97/><G130/><T10/><D119/><U82/><E128/><V120/><F120/><W122/><G122/><T87/><D124/><U8/><E125/><V126/><F30/><W76/><G117/><T102/><D102/><U84/><E132/><V108/><F17/><W4/><G55/><T50/><D2/><U65/><E8/><V29/><F29/><W109/><G101/><T133/><D133/><U95/><E95/><V134/><F81/><W0/><G103/><T33/><D33/><U98/><E98/><V26/><F126/><W93/><G0/><T22/><D87/><U88/><E61/><V115/><F62/><W99/><G79/><T3/><D3/><U86/><E86/><V27/><F115/><W105/><G76/><T90/><D90/><U46/><REACH who="1" step="1"/><E43/><REACH who="1" ten="267,183,347,193" step="2"/><V6/><F40/><W59/><G99/><T15/><D41/><U85/><E85/><V28/><F129/><W54/><G93/><T51/><D10/><U106/><E106/><V53/><F134/><W110/><G104/><T23/><D63/><U94/><E94/><V14/><F135/><W21/><G97/><T78/><D78/><U92/><E92/><V77/><F74/><W89/><G105/><T131/><D131/><U107/><E107/><V114/><F77/><W123/><G123/><T80/><D80/><U18/><E18/><V48/><F114/><W34/><G100/><T75/><D75/><U20/><E20/><V111/><F72/><RYUUKYOKU ba="0,1" sc="267,-10,183,30,347,-10,193,-10" hai1="32,35,37,38,39,44,46,47,60,65,82,84,88" /><INIT seed="1,1,1,1,2,5" ten="257,213,337,183" oya="1" hai0="93,128,133,89,58,79,69,64,19,66,6,13,17" hai1="68,77,18,28,81,60,122,121,86,39,3,37,2" hai2="7,49,110,50,16,12,80,44,100,108,8,102,30" hai3="26,101,131,87,40,117,134,59,38,116,42,36,132"/><U90/><E28/><V129/><F30/><W57/><G101/><N who="2" m="39017" /><F129/><W112/><G87/><T24/><D128/><U70/><E90/><V97/><F97/><W84/><G84/><T52/><D69/><U61/><E18/><V75/><F44/><W31/><G26/><T91/><D79/><U54/><E54/><V135/><F135/><W105/><G31/><T29/><D133/><N who="3" m="51305" /><G105/><T94/><D6/><U126/><E86/><V78/><F7/><W111/><G111/><AGARI ba="1,1" hai="8,12,16,49,50,75,78,80,108,110,111" m="39017" machi="111" ten="30,3900,0" yaku="14,1,52,1,54,1" doraHai="5" who="2" fromWho="3" sc="257,0,213,0,337,52,183,-42" /><INIT seed="2,0,0,4,0,54" ten="257,213,389,141" oya="2" hai0="3,33,32,129,10,92,87,43,25,105,103,29,126" hai1="97,39,121,0,37,74,27,119,36,135,109,49,75" hai2="112,123,8,125,99,31,130,7,91,58,20,55,1" hai3="47,88,115,131,70,127,122,40,114,86,68,94,108"/><V62/><F123/><W13/><G122/><T53/><D126/><U117/><E121/><V52/><F112/><N who="3" m="43051" /><G127/><T11/><D129/><U28/><E109/><V56/><F130/><W132/><G131/><T96/><D43/><U65/><E135/><V17/><F125/><W60/><G108/><T9/><D53/><U116/><E0/><V82/><F31/><W72/><G72/><T66/><D66/><U77/><E77/><V6/><F82/><W30/><G132/><T26/><D105/><U81/><E81/><V51/><F8/><W106/><G106/><T44/><D44/><U45/><E97/><V61/><F51/><W111/><G111/><T18/><D87/><U2/><E2/><V12/><F1/><W46/><G46/><T73/><D73/><U98/><E98/><V134/><F134/><W34/><G13/><T128/><D128/><U85/><E65/><V4/><F4/><W22/><G60/><T107/><D107/><U41/><REACH who="1" step="1"/><E85/><REACH who="1" ten="257,203,389,141" step="2"/><V113/><F113/><W102/><G102/><T80/><D3/><U15/><E15/><V64/><F64/><W63/><G70/><T48/><D80/><U78/><E78/><V59/><F99/><W120/><G68/><T35/><D96/><U90/><E90/><V50/><F91/><W133/><G133/><T118/><D92/><U16/><E16/><V83/><F83/><W38/><G120/><T24/><D18/><U67/><E67/><V42/><F6/><W95/><G95/><T124/><D124/><U89/><E89/><V71/><F7/><W57/><G94/><T19/><D19/><RYUUKYOKU ba="0,1" sc="257,-10,203,30,389,-10,141,-10" hai1="27,28,36,37,39,41,45,49,74,75,116,117,119" /><INIT seed="3,1,1,3,3,65" ten="247,233,379,131" oya="3" hai0="84,6,120,26,78,52,99,126,75,106,90,53,2" hai1="124,69,116,108,0,4,93,66,7,98,103,36,22" hai2="95,71,94,47,48,130,83,51,85,132,9,54,33" hai3="40,81,12,64,37,86,73,16,31,121,27,119,32"/><W89/><G119/><T39/><D120/><U129/><E108/><V57/><F130/><W50/><G121/><T131/><D131/><U17/><E129/><V110/><F110/><W125/><G125/><T3/><D126/><U42/><E124/><V80/><F71/><W117/><G117/><T122/><D122/><U105/><E116/><V10/><F33/><W58/><G73/><T8/><D26/><U25/><E0/><V123/><F132/><W134/><G134/><T88/><D2/><U68/><E66/><V79/><F83/><W21/><G37/><T104/><D104/><U62/><E62/><V30/><F30/><W11/><G64/><T128/><D128/><U56/><E56/><V114/><F114/><W29/><G29/><T45/><D99/><U49/><E36/><V28/><F28/><W111/><G111/><T46/><D106/><U24/><E105/><V67/><F123/><W87/><G87/><T76/><D76/><U61/><E61/><N who="2" m="38319" /><F48/><W19/><G19/><T127/><D127/><U55/><E42/><V135/><F135/><W35/><REACH who="3" step="1"/><G58/><REACH who="3" ten="247,233,379,121" step="2"/><T14/><D75/><U97/><E17/><V92/><AGARI ba="1,2" hai="9,10,47,51,54,79,80,85,92,94,95" m="38319" machi="92" ten="30,1100,0" yaku="8,1" doraHai="65" who="2" fromWho="2" sc="247,-4,233,-4,379,34,121,-6" /><INIT seed="4,0,0,0,2,32" ten="243,229,413,115" oya="0" hai0="103,117,102,46,4,34,85,112,92,68,95,128,64" hai1="15,22,26,79,98,89,123,118,19,33,9,107,135" hai2="87,36,7,28,104,115,70,67,111,127,20,116,1" hai3="16,119,38,73,114,63,10,65,72,11,66,35,99"/><T120/><D117/><U13/><E118/><V2/><F87/><W54/><G119/><T94/><D120/><U134/><E123/><V101/><F67/><W84/><G35/><T61/><D112/><U58/><E79/><V132/><F101/><W77/><G38/><T41/><D128/><U51/><E33/><V78/><F78/><W100/><G114/><T57/><D34/><U8/><E107/><V44/><F44/><W25/><G54/><T6/><D85/><U3/><E58/><V86/><F86/><W83/><G11/><N who="1" m="4170" /><E51/><V50/><F50/><W93/><G65/><T90/><D90/><U29/><E89/><V59/><F104/><W110/><G110/><T24/><D24/><U60/><E60/><V30/><F59/><W88/><G77/><T53/><D102/><U55/><E55/><V39/><F116/><W122/><G122/><T97/><D97/><U126/><E98/><V74/><F70/><W40/><G40/><T69/><D103/><U81/><E81/><V37/><F74/><W23/><REACH who="3" step="1"/><G10/><REACH who="3" ten="243,229,413,105" step="2"/><T130/><D69/><AGARI ba="0,1" hai="16,23,25,63,66,69,72,73,83,84,88,93,99,100" machi="69" ten="30,12000,2" yaku="1,1,2,1,7,1,54,2,53,1" doraHai="32" doraHaiUra="96" who="3" fromWho="0" sc="243,-120,229,0,413,0,105,130" /><INIT seed="5,0,0,5,5,74" ten="123,229,413,235" oya="1" hai0="33,51,80,41,86,102,96,47,68,108,117,75,15" hai1="14,101,93,38,72,12,70,100,27,114,119,56,115" hai2="45,105,60,76,88,134,109,4,79,61,9,59,23" hai3="43,30,107,26,69,91,106,58,64,126,29,78,71"/><U52/><E70/><V130/><F105/><W103/><G126/><T34/><D117/><U98/><E119/><V77/><F109/><W66/><G43/><T113/><D113/><N who="1" m="43019" /><E38/><V6/><F130/><W120/><G120/><T2/><D108/><U125/><E125/><V0/><F134/><W55/><G91/><T31/><D15/><N who="1" m="5675" /><E72/><V22/><F4/><W92/><G92/><T50/><D68/><U19/><E27/><V132/><F132/><W128/><G26/><T85/><D75/><U48/><E19/><V67/><F45/><W73/><G73/><T21/><D2/><U1/><E1/><V89/><F61/><W97/><G128/><T37/><D34/><U129/><E129/><V84/><REACH who="2" step="1"/><F88/><AGARI ba="0,0" hai="48,52,56,88,93,98,100,101" m="5675,43019" machi="88" ten="30,5800,0" yaku="15,1,54,2" doraHai="74" who="1" fromWho="2" sc="123,0,229,58,413,-58,235,0" /><INIT seed="5,1,0,2,5,15" ten="123,287,355,235" oya="1" hai0="133,90,20,11,48,131,91,107,135,59,54,134,24" hai1="7,78,49,35,74,58,8,60,82,57,122,47,106" hai2="117,108,80,51,6,9,18,123,102,73,68,93,70" hai3="19,130,44,23,55,28,43,129,88,120,52,116,76"/><U13/><E122/><V41/><F117/><W2/><G120/><T103/><D131/><N who="3" m="50185" /><G2/><T92/><D11/><U10/><E35/><V110/><F123/><W121/><G121/><T114/><D114/><U63/><E106/><V87/><F73/><W4/><G28/><T111/><D111/><U100/><E100/><V53/><F41/><W5/><G76/><T124/><D124/><U113/><E113/><V71/><F102/><W109/><G109/><T115/><D115/><U30/><E30/><V27/><F93/><W3/><G88/><N who="0" m="33835" /><D92/><U56/><REACH who="1" step="1"/><E10/><REACH who="1" ten="123,277,355,235" step="2"/><V22/><F108/><W95/><G116/><T62/><D103/><U119/><E119/><V34/><F110/><W96/><G95/><T26/><D107/><U86/><E86/><V128/><F34/><W61/><G96/><T83/><D83/><U79/><E79/><V39/><F128/><W99/><G99/><T98/><D98/><U40/><AGARI ba="1,1" hai="7,8,13,40,47,49,56,57,58,60,63,74,78,82" machi="40" ten="30,3000,0" yaku="1,1,0,1,53,0" doraHai="15" doraHaiUra="132" who="1" fromWho="1" sc="123,-11,277,43,355,-11,235,-11" /><INIT seed="5,2,0,2,0,14" ten="112,320,344,224" oya="1" hai0="33,34,110,53,98,87,59,130,118,94,105,20,19" hai1="4,109,68,39,40,102,83,81,70,120,77,119,17" hai2="67,32,30,21,8,99,48,103,5,26,131,65,92" hai3="121,72,46,114,6,28,57,100,123,44,63,93,88"/><U74/><E119/><V10/><F131/><W56/><G72/><T106/><D110/><U3/><E120/><V61/><F48/><W11/><G114/><T62/><D118/><U125/><E125/><V31/><F31/><W66/><G100/><T127/><D130/><U101/><E109/><V42/><F42/><W86/><G28/><T97/><D127/><U43/><E81/><V24/><F24/><W76/><G76/><T133/><D87/><U1/><E1/><V27/><F27/><W122/><REACH who="3" step="1"/><G57/><REACH who="3" ten="112,320,344,214" step="2"/><T7/><D133/><U107/><E102/><V126/><F30/><W29/><G29/><T78/><D78/><U90/><E101/><V117/><F103/><W13/><AGARI ba="2,1" hai="6,11,13,44,46,56,63,66,86,88,93,121,122,123" machi="13" ten="30,7900,0" yaku="1,1,0,1,54,1,53,1" doraHai="14" doraHaiUra="60" who="3" fromWho="3" sc="112,-22,320,-41,344,-22,214,95" /><INIT seed="6,0,0,0,1,38" ten="90,279,322,309" oya="2" hai0="68,93,92,101,77,34,80,125,43,50,76,79,5" hai1="37,78,4,119,59,33,100,10,27,7,132,11,88" hai2="65,102,55,99,110,123,81,54,97,67,131,1,127" hai3="94,18,84,52,9,121,105,74,0,85,13,23,124"/><V21/><F123/><W116/><G116/><T46/><D34/><U109/><E109/><V83/><F1/><W71/><G121/><T17/><D68/><U95/><E119/><V25/><F110/><W14/><G105/><T73/><D125/><U16/><E37/><V56/><F131/><W129/><G124/><T72/><D5/><N who="1" m="2123" /><E33/><V89/><F127/><W22/><G0/><T60/><D60/><U8/><E132/><V111/><F54/><W26/><G71/><T31/><D31/><U29/><E29/><V90/><F102/><W49/><G74/><T20/><D72/><U120/><E120/><V112/><F112/><W96/><G14/><T62/><D62/><U75/><E75/><V19/><F111/><W114/><G23/><T39/><D39/><U134/><E134/><V61/><F67/><W103/><G129/><T42/><D73/><U57/><E78/><V117/><F65/><W24/><G24/><N who="0" m="14351" /><D80/><U69/><E100/><V2/><F2/><W104/><G104/><T86/><D86/><N who="1" m="52631" /><E69/><V6/><F6/><N who="3" m="3255" /><G114/><T30/><D30/><U64/><E64/><V15/><F117/><W40/><G85/><T12/><D12/><U51/><E51/><V118/><F15/><W106/><G84/><T122/><D122/><U44/><E44/><V3/><F3/><W108/><G108/><T113/><D113/><U48/><E48/><V98/><F118/><W82/><G106/><T45/><D101/><U32/><E32/><V87/><F83/><W28/><G82/><T47/><D50/><U130/><E130/><V63/><F63/><W133/><G133/><RYUUKYOKU ba="0,0" sc="90,10,279,10,322,10,309,-30" hai0="42,43,45,46,47,76,77,79,92,93" hai1="8,10,11,16,27,57,59" hai2="19,21,25,55,56,61,81,87,89,90,97,98,99" /><INIT seed="6,1,0,2,2,120" ten="100,289,332,279" oya="2" hai0="103,15,18,6,133,68,20,116,126,31,95,71,67" hai1="29,92,44,41,61,76,60,124,109,5,102,16,63" hai2="70,2,110,81,43,13,28,47,105,56,57,88,53" hai3="17,77,111,10,32,72,14,64,119,4,79,27,128"/><V74/><F2/><W101/><G119/><T73/><D116/><U131/><E131/><V30/><F105/><W19/><G128/><T11/><D73/><U125/><E29/><V37/><F70/><W134/><G134/><T54/><D133/><U118/><E118/><V132/><F132/><W112/><G101/><T21/><D126/><N who="1" m="48747" /><E5/><V98/><F13/><W123/><G123/><T129/><D129/><U121/><E76/><V114/><F57/><W12/><G64/><T89/><D103/><U3/><E3/><V45/><F45/><W107/><G107/><T35/><D67/><U106/><E106/><V42/><F42/><W66/><G66/><T113/><D113/><U90/><E102/><V50/><F114/><W26/><G112/><T52/><D68/><U46/><E121/><V96/><F74/><W22/><G72/><T33/><D71/><U94/><E109/><V48/><F110/><W38/><G38/><T117/><D117/><U83/><E16/><V82/><F37/><W99/><G111/><T86/><D33/><U25/><E25/><V91/><F30/><W87/><G79/><T69/><D69/><U84/><E46/><V75/><F28/><W93/><G32/><T40/><D35/><U100/><E100/><V55/><F75/><W39/><G19/><T1/><REACH who="0" step="1"/><D40/><REACH who="0" ten="90,289,332,279" step="2"/><U23/><E41/><V122/><F43/><W97/><G39/><T58/><D58/><U135/><E135/><V62/><F56/><W65/><G65/><T49/><D49/><U108/><E108/><V59/><F59/><W36/><G36/><T85/><D85/><RYUUKYOKU ba="1,1" sc="90,30,289,-10,332,-10,279,-10" hai0="1,6,11,15,18,20,21,31,52,54,86,89,95" /><INIT seed="7,2,1,0,5,54" ten="120,279,322,269" oya="3" hai0="77,120,92,71,105,45,62,36,82,50,86,130,67" hai1="98,13,7,83,85,15,135,103,95,6,123,110,48" hai2="9,126,119,21,132,10,39,81,51,131,49,40,75" hai3="72,33,65,114,107,115,38,117,1,127,25,63,89"/><W80/><G117/><T102/><D120/><U35/><E110/><V69/><F119/><W111/><G38/><T34/><D34/><U96/><E35/><V58/><F69/><W57/><G127/><T22/><D130/><U23/><E123/><V100/><F131/><W43/><G1/><T47/><D105/><U12/><E135/><V112/><F132/><W46/><G107/><T84/><D36/><U133/><E133/><V32/><F32/><W64/><G111/><T88/><D102/><U60/><E98/><V37/><F112/><N who="3" m="43051" /><G89/><T8/><D50/><U56/><E48/><V16/><F100/><W128/><G128/><T59/><D71/><U73/><E23/><V101/><F101/><W93/><G93/><T106/><D106/><U26/><E26/><V19/><F39/><N who="3" m="21887" /><G80/><T27/><D8/><U30/><E30/><AGARI ba="2,1" hai="22,27,30,45,47,59,62,67,77,82,84,86,88,92" machi="30" ten="30,7700,0" yaku="7,1,8,1,52,1,54,1" doraHai="54" who="0" fromWho="1" sc="120,93,279,-83,322,0,269,0" owari="213,-19.0,196,-30.0,322,42.0,269,7.0" /></mjloggm>