<mjloggm ver="2.3"><GO type="225" lobby="0"/><UN n0="%E3%83%AD%E3%83%9C%E3%82%B3%E3%83%97" n1="%E3%81%A1%E3%82%83%E3%81%BE" n2="%E5%A4%A9%E3%83%8E%E5%B7%9D%E6%B2%99%E5%A4%9C" n3="%E3%82%AF%E3%82%A3%E3%82%A6" dan="16,16,16,16" rate="2113.84,2078.39,2197.52,2091.91" sx="M,M,F,M"/><TAIKYOKU oya="0"/><INIT seed="0,0,0,3,4,53" ten="250,250,250,250" oya="0" hai0="99,90,42,12,122,107,0,46,73,134,1,96,13" hai1="25,88,131,91,129,35,84,103,41,36,40,123,128" hai2="30,106,76,11,67,70,93,100,38,80,66,111,19" hai3="49,94,115,87,81,133,43,2,71,16,4,20,135"/><T29/><D122/><U47/><E123/><V108/><F38/><W28/><G115/><T116/><D116/><U24/><E103/><V109/><F106/><W74/><G71/><T68/><D73/><U22/><E40/><V65/><F30/><W83/><G74/><T60/><D29/><N who="1" m="19887" /><E84/><N who="2" m="48135" /><F70/><W78/><G28/><AGARI ba="0,0" hai="22,24,28,36,41,47,88,91,128,129,131" m="19887" machi="28" ten="30,2000,0" yaku="19,1,54,1" doraHai="53" who="1" fromWho="3" sc="250,0,250,20,250,0,250,-20" /><INIT seed="1,0,0,5,5,52" ten="250,270,250,230" oya="1" hai0="105,100,81,122,110,92,127,71,3,49,36,57,106" hai1="7,118,11,95,19,24,70,21,90,119,0,66,27" hai2="68,35,126,98,77,62,65,109,73,20,114,134,76" hai3="58,12,101,22,75,99,74,133,112,45,2,5,91"/><U48/><E70/><V38/><F38/><W94/><G112/><T131/><D71/><U61/><E27/><V44/><F35/><W4/><G133/><T89/><D36/><U54/><E61/><V117/><F117/><W6/><G2/><T96/><D3/><U108/><E66/><V125/><F134/><W87/><G45/><T102/><D110/><U120/><E120/><V40/><F109/><W128/><G128/><T60/><D131/><U33/><E33/><V30/><F114/><W84/><G75/><T97/><D122/><U86/><REACH who="1" step="1"/><E108/><REACH who="1" ten="250,260,250,230" step="2"/><V132/><F132/><W123/><G123/><T64/><D64/><U69/><E69/><V43/><F62/><W31/><G31/><T63/><D60/><U107/><E107/><V85/><F30/><W103/><G74/><T51/><D63/><U32/><E32/><V23/><F73/><W55/><G103/><T130/><D100/><U135/><E135/><V78/><F65/><W42/><G101/><T37/><D102/><U13/><E13/><V50/><F68/><W56/><G12/><T26/><D106/><U116/><E116/><V10/><F125/><W129/><G129/><T34/><D105/><U28/><E28/><V59/><F126/><W47/><G22/><T79/><D127/><U1/><E1/><V104/><F20/><W88/><G99/><T39/><D97/><U8/><E8/><V17/><F10/><W115/><G115/><T72/><D34/><U15/><E15/><V9/><F9/><W67/><G67/><T121/><D130/><U83/><E83/><V111/><F98/><RYUUKYOKU ba="0,1" sc="250,-10,260,30,250,-10,230,-10" hai1="0,7,11,19,21,24,48,54,86,90,95,118,119" /><INIT seed="1,1,1,4,2,133" ten="240,290,240,220" oya="1" hai0="118,56,70,109,125,132,24,8,48,65,97,71,31" hai1="30,101,82,131,29,114,25,68,111,67,20,59,66" hai2="95,86,117,124,119,3,19,61,79,4,28,38,14" hai3="23,55,69,83,96,2,36,32,45,116,74,47,108"/><U87/><E114/><V81/><F38/><W60/><G23/><T21/><D118/><U127/><E68/><V89/><F28/><W112/><G96/><T135/><D109/><U90/><E111/><V80/><F80/><W100/><G100/><T63/><D125/><U93/><E131/><V17/><F124/><W10/><G108/><T99/><D8/><U106/><E106/><V1/><F17/><W104/><G104/><T37/><D37/><U62/><E127/><V50/><F61/><W75/><G75/><T27/><D27/><U11/><E11/><V110/><F50/><W9/><G9/><T76/><D76/><U54/><REACH who="1" step="1"/><E29/><REACH who="1" ten="240,280,240,220" step="2"/><V78/><F110/><W53/><G10/><T130/><D130/><U92/><E92/><V0/><F4/><W105/><G69/><T44/><D71/><U26/><E26/><V5/><F5/><W52/><G112/><T16/><D70/><U57/><E57/><V40/><F117/><W7/><G105/><T91/><D31/><U113/><E113/><V129/><F119/><W18/><G7/><T120/><D24/><U46/><E46/><V42/><F129/><W12/><G116/><T39/><D44/><U122/><E122/><V22/><REACH who="2" step="1"/><F79/><REACH who="2" ten="240,280,230,220" step="2"/><W64/><G83/><T77/><D77/><U34/><E34/><V33/><F33/><W98/><G32/><T13/><D120/><U51/><E51/><V88/><F88/><W123/><G36/><T107/><D39/><U102/><E102/><V126/><F126/><W134/><G123/><T103/><D48/><U43/><E43/><V15/><F15/><RYUUKYOKU ba="1,3" sc="240,10,280,10,230,10,220,-30" hai0="13,16,21,56,63,65,91,97,99,103,107,132,135" hai1="20,25,30,54,59,62,66,67,82,87,90,93,101" hai2="0,1,3,14,19,22,40,42,78,81,86,89,95" /><INIT seed="1,2,3,2,1,125" ten="250,290,240,190" oya="1" hai0="130,68,56,129,111,57,121,47,123,8,43,66,116" hai1="60,58,20,127,28,67,93,22,40,100,21,102,107" hai2="24,33,51,19,81,78,83,74,113,69,7,110,97" hai3="10,133,14,46,79,82,89,112,109,63,31,11,13"/><U49/><E127/><V17/><F110/><W16/><G112/><T77/><D111/><U98/><E107/><V12/><F69/><W118/><G109/><T6/><D116/><U29/><REACH who="1" step="1"/><E100/><REACH who="1" ten="250,280,240,190" step="2"/><V85/><F113/><W71/><G118/><T5/><D123/><U95/><E95/><V131/><F83/><W18/><G133/><T64/><D121/><U30/><E30/><V54/><F81/><W73/><G31/><T103/><D103/><U34/><E34/><V2/><F33/><W128/><G128/><T37/><D130/><U1/><E1/><V135/><F2/><W86/><G46/><AGARI ba="2,4" hai="20,21,22,28,29,40,46,49,58,60,67,93,98,102" machi="46" ten="40,7700,0" yaku="1,1,8,1,53,1" doraHai="125" doraHaiUra="94" who="1" fromWho="3" sc="250,0,280,123,240,0,190,-83" /><INIT seed="1,3,0,2,0,97" ten="250,403,240,107" oya="1" hai0="14,0,43,12,5,132,114,119,93,71,107,2,28" hai1="116,69,31,124,4,20,23,54,9,29,126,16,63" hai2="118,26,18,3,49,32,45,112,89,85,42,92,39" hai3="75,30,101,117,76,36,62,46,59,128,120,1,83"/><U80/><E116/><V51/><F112/><W53/><G120/><T25/><D114/><U94/><E80/><V111/><F118/><W77/><G128/><T123/><D119/><U19/><E94/><V17/><F3/><W73/><G117/><T84/><D107/><U67/><E54/><V50/><REACH who="2" step="1"/><F111/><REACH who="2" ten="250,403,230,107" step="2"/><W37/><G1/><T13/><D2/><U7/><E124/><V44/><F44/><W70/><G46/><T66/><D0/><U22/><E126/><V38/><F38/><W130/><G37/><T109/><D109/><U33/><E33/><V100/><F100/><W96/><G36/><T134/><D123/><U90/><E29/><AGARI ba="3,1" hai="17,18,26,29,32,39,42,45,49,50,51,85,89,92" machi="29" ten="40,1300,0" yaku="1,1,53,0" doraHai="97" doraHaiUra="52" who="2" fromWho="1" sc="250,0,403,-22,230,32,107,0" /><INIT seed="2,0,0,3,0,134" ten="250,381,262,107" oya="2" hai0="98,48,3,109,80,102,10,111,14,110,2,9,88" hai1="123,30,74,78,68,45,35,103,63,46,130,31,64" hai2="67,69,124,15,36,34,18,100,24,49,99,71,120" hai3="33,0,17,47,112,40,132,21,83,90,22,85,51"/><V70/><F120/><W114/><G33/><T58/><D58/><U20/><E130/><V13/><F36/><W59/><G0/><T11/><D48/><U115/><E115/><V116/><F116/><W41/><G132/><T53/><D53/><U93/><E123/><V4/><F49/><W39/><G39/><T101/><D14/><U119/><E35/><V125/><F4/><W76/><G112/><T121/><D121/><U95/><E119/><V91/><F91/><W27/><G114/><T25/><D25/><U133/><E133/><V66/><F34/><W29/><G59/><T127/><D127/><N who="2" m="48714" /><F24/><W60/><G60/><T61/><D61/><U28/><E103/><N who="0" m="39433" /><D98/><U107/><E30/><V77/><F77/><W106/><G106/><T84/><AGARI ba="0,0" hai="2,3,9,10,11,80,84,88,109,110,111" m="39433" machi="84" ten="40,2700,0" yaku="14,1,54,1" doraHai="134" who="0" fromWho="0" sc="250,27,381,-7,262,-13,107,-7" /><INIT seed="3,0,0,1,4,91" ten="277,374,249,100" oya="3" hai0="62,21,82,106,23,41,131,72,130,33,121,125,6" hai1="98,135,12,9,128,45,3,56,83,32,99,51,29" hai2="24,96,70,40,61,73,117,10,115,46,17,71,127" hai3="26,132,11,105,28,66,109,87,54,65,53,76,101"/><W92/><G132/><T122/><D106/><U89/><E3/><V133/><F115/><W7/><G105/><T27/><D33/><U78/><E128/><N who="0" m="49193" /><D125/><U110/><E110/><V52/><F117/><W114/><G114/><T1/><D41/><U39/><E39/><V85/><F73/><W22/><G109/><T129/><D129/><U120/><E56/><V47/><F127/><W31/><G54/><T13/><D1/><U86/><E120/><V108/><F108/><W74/><G74/><T49/><D49/><U42/><E135/><V14/><F133/><W63/><G11/><T88/><D62/><U34/><E89/><V2/><F2/><W113/><G7/><T18/><D6/><N who="1" m="3127" /><E29/><V50/><F96/><AGARI ba="0,0" hai="32,34,42,45,51,78,83,86,96,98,99" m="3127" machi="96" ten="30,1000,0" yaku="25,1" doraHai="91" who="1" fromWho="2" sc="277,0,374,10,249,-10,100,0" owari="277,8.0,384,48.0,239,-16.0,100,-40.0" /></mjloggm>