<mjloggm ver="2.3"><GO type="185" lobby="0"/><UN n0="%E3%82%A2%E3%83%AA%E3%82%A2%E3%83%AA%E5%90%9B" n1="%E9%96%A2%E8%A5%BF%E9%9B%80%E5%A3%AB%E4%BC%9A" n2="%63%61%6C%63%2E" n3="" dan="16,16,19,0" rate="2246.27,2109.23,2401.59,1500.00" sx="M,M,M,C"/><TAIKYOKU oya="0"/><INIT seed="0,0,0,4,4,133" ten="350,350,350,0" oya="0" hai0="80,69,100,128,135,111,97,78,122,107,126,43,134" hai1="49,93,42,1,60,90,83,89,112,64,63,118,109" hai2="123,56,88,34,129,39,41,119,124,101,45,91,38" hai3=""/><T46/><N who="0" m="31264" /><T94/><D69/><U57/><E118/><V131/><N who="2" m="31520" /><V120/><N who="2" m="30752" /><V105/><F34/><T92/><D128/><N who="2" m="49226" /><F119/><T0/><D0/><U99/><E112/><V35/><F35/><T104/><D111/><U47/><E109/><V44/><F124/><T95/><D126/><U62/><E1/><V130/><F130/><T66/><D66/><U40/><E40/><V51/><F56/><T76/><D46/><U52/><E64/><V68/><F68/><T59/><D59/><U73/><E73/><V3/><F3/><T2/><D2/><U58/><E58/><V96/><F38/><T113/><D43/><AGARI ba="0,0" hai="39,41,43,44,45,51,88,91,96,101,105" m="49226,30752,31520" machi="43" ten="30,7700,0" yaku="19,1,52,2,54,1" doraHai="133" who="2" fromWho="0" sc="350,-77,350,0,350,77,0,0" /><INIT seed="1,0,0,5,2,122" ten="273,350,427,0" oya="1" hai0="97,103,119,77,38,118,100,76,66,86,70,84,91" hai1="106,127,134,81,112,75,34,46,44,90,131,92,41" hai2="54,60,80,89,62,126,68,36,129,124,65,111,37" hai3=""/><U52/><E34/><V99/><F129/><T0/><D0/><U82/><E106/><V133/><F133/><T94/><D38/><U125/><E112/><V96/><F80/><T115/><D66/><U32/><E32/><V85/><F85/><N who="0" m="32874" /><D70/><U88/><E134/><V101/><F89/><T104/><D115/><U116/><E116/><N who="0" m="44585" /><D104/><U93/><E75/><V2/><F65/><T59/><D59/><U35/><E35/><V53/><F68/><T42/><D42/><U123/><N who="1" m="31520" /><U33/><E33/><V67/><F67/><T79/><AGARI ba="0,0" hai="76,77,79,91,94,97,100,103" m="44585,32874" machi="79" ten="40,3900,0" yaku="12,1,34,2" doraHai="122" who="0" fromWho="0" sc="273,39,350,-26,427,-13,0,0" /><INIT seed="2,0,0,1,1,133" ten="312,324,414,0" oya="2" hai0="80,108,71,129,56,121,52,101,97,51,82,78,49" hai1="47,98,61,81,120,1,128,41,68,102,69,39,38" hai2="90,127,130,83,76,66,106,44,73,115,110,111,57" hai3=""/><V122/><N who="2" m="31264" /><V126/><F115/><T88/><N who="0" m="31008" /><T103/><D71/><U99/><N who="1" m="30752" /><U55/><E1/><V134/><F134/><T63/><D129/><U135/><E135/><V32/><F32/><T104/><D108/><N who="2" m="41514" /><F130/><T59/><D103/><U77/><E128/><V37/><F106/><T118/><D118/><U96/><E102/><V0/><F0/><T107/><D104/><U72/><E38/><V74/><F73/><T125/><D125/><N who="2" m="47626" /><F90/><T33/><D33/><U65/><E69/><V86/><F74/><T89/><D89/><U91/><E91/><V117/><F117/><T46/><D88/><U50/><E98/><V75/><F75/><T60/><D97/><U43/><E43/><V70/><F70/><T119/><D107/><U84/><E72/><V58/><F66/><T48/><D119/><U42/><E42/><AGARI ba="0,0" hai="37,42,44,57,58,76,83,86" m="47626,41514,31264" machi="42" ten="30,18000,2" yaku="14,1,10,1,18,1,52,4" doraHai="133" who="2" fromWho="1" sc="312,0,324,-180,414,180,0,0" /><INIT seed="2,1,0,2,3,133" ten="312,144,594,0" oya="2" hai0="93,1,67,132,84,35,123,76,98,3,63,55,72" hai1="70,108,135,110,2,116,68,45,107,38,47,114,43" hai2="130,64,120,48,112,89,81,90,95,87,100,131,75" hai3=""/><V59/><N who="2" m="30752" /><V101/><F112/><T52/><N who="0" m="31520" /><T129/><D35/><U121/><N who="1" m="31008" /><U60/><E2/><V62/><F48/><T85/><D72/><U56/><E107/><V126/><F126/><T115/><D132/><U96/><E135/><V42/><F42/><T82/><D115/><U117/><E96/><V77/><REACH who="2" step="1"/><F90/><REACH who="2" ten="312,144,584,0" step="2"/><T0/><D0/><U41/><E114/><V40/><F40/><T53/><D3/><U127/><E127/><V122/><N who="2" m="31264" /><V61/><F61/><T69/><D1/><U74/><E74/><V79/><F79/><T46/><D76/><U104/><E60/><V105/><F105/><T103/><D63/><U91/><E104/><V134/><F134/><T54/><D46/><U119/><E91/><V71/><F71/><N who="1" m="27177" /><E56/><V111/><F111/><T78/><D69/><U88/><E88/><V106/><F106/><T39/><D39/><AGARI ba="1,1" hai="38,39,41,43,45,47,108,110,116,117,119" m="27177,31008" machi="39" ten="40,8000,1" yaku="12,1,23,1,34,2,52,1" doraHai="133" who="1" fromWho="0" sc="312,-82,144,92,584,0,0,0" /><INIT seed="4,0,0,0,5,102" ten="230,236,584,0" oya="0" hai0="41,51,65,122,108,44,37,110,133,81,33,53,77" hai1="48,59,36,113,126,130,115,58,90,97,73,92,34" hai2="79,109,129,127,80,43,112,52,91,125,32,61,98" hai3=""/><T66/><N who="0" m="31264" /><T82/><D33/><U101/><E34/><V131/><F32/><T84/><D133/><U55/><E36/><V78/><F109/><N who="0" m="42090" /><D82/><U67/><E73/><V39/><F112/><N who="1" m="43081" /><E130/><N who="2" m="49675" /><F43/><T68/><D68/><U124/><E67/><V100/><F39/><T70/><D70/><U128/><E128/><V45/><F91/><T99/><D99/><U107/><E59/><AGARI ba="0,0" hai="37,41,44,51,53,59,65,66,77,81,84" m="42090,31264" machi="59" ten="30,2900,0" yaku="10,1,52,1" doraHai="102" who="0" fromWho="1" sc="230,29,236,-29,584,0,0,0" /><INIT seed="4,1,0,3,3,87" ten="259,207,584,0" oya="0" hai0="133,58,52,82,104,46,115,111,42,92,44,101,69" hai1="88,55,134,99,106,117,45,76,37,130,54,68,38" hai2="131,60,93,80,110,41,103,91,0,51,73,34,89" hai3=""/><T85/><D69/><U64/><E117/><V71/><F110/><T36/><D111/><U75/><E106/><V123/><N who="2" m="31520" /><V47/><F34/><T40/><D104/><U114/><E134/><V112/><F0/><T72/><D72/><U62/><E130/><V98/><F131/><T94/><D101/><U120/><N who="1" m="30752" /><U53/><E114/><V132/><F112/><T79/><D133/><U107/><E107/><V100/><F132/><T126/><D115/><U78/><E45/><V119/><F119/><T49/><REACH who="0" step="1"/><D126/><REACH who="0" ten="249,207,584,0" step="2"/><U61/><E75/><V97/><F73/><T127/><D127/><U63/><E68/><V118/><F118/><T113/><D113/><U81/><E64/><V86/><F71/><T32/><D32/><U102/><E102/><N who="2" m="38955" /><F60/><AGARI ba="1,1" hai="36,40,42,44,46,49,52,58,60,79,82,85,92,94" machi="60" ten="30,5800,0" yaku="1,1,7,1,54,1,53,0" doraHai="87" doraHaiUra="105" who="0" fromWho="2" sc="249,70,207,0,584,-60,0,0" /><INIT seed="4,2,0,5,2,68" ten="319,207,524,0" oya="0" hai0="33,80,119,123,44,122,95,101,75,52,48,111,120" hai1="77,121,117,70,112,49,104,89,2,106,43,51,66" hai2="103,88,93,60,79,46,132,81,99,94,126,74,40" hai3=""/><T39/><N who="0" m="30752" /><T55/><N who="0" m="31264" /><T130/><N who="0" m="31520" /><T87/><D33/><U115/><N who="1" m="31008" /><U64/><E2/><V42/><F126/><T113/><D119/><U107/><E117/><V58/><F132/><T110/><D113/><N who="1" m="43595" /><E70/><V61/><F58/><T53/><D39/><U90/><E77/><V78/><F78/><T109/><D130/><U69/><E69/><V71/><F71/><T83/><D75/><U133/><E133/><V98/><REACH who="2" step="1"/><F40/><REACH who="2" ten="319,207,514,0" step="2"/><T38/><D80/><U76/><E76/><V63/><F63/><T50/><D50/><AGARI ba="2,1" hai="42,46,50,60,61,74,79,81,88,93,94,98,99,103" machi="50" ten="30,7700,0" yaku="1,1,7,1,54,1,53,1" doraHai="68" doraHaiUra="85" who="2" fromWho="0" sc="319,-81,207,0,514,91,0,0" /><INIT seed="5,0,0,5,0,43" ten="238,207,605,0" oya="1" hai0="77,86,81,118,83,71,68,70,40,78,73,41,59" hai1="135,61,75,88,134,108,110,63,111,48,89,42,100" hai2="35,99,112,116,74,113,82,80,60,119,105,103,132" hai3=""/><U91/><E75/><V85/><F35/><T50/><REACH who="0" step="1"/><D118/><REACH who="0" ten="228,207,605,0" step="2"/><U65/><E100/><V102/><F116/><T36/><D36/><U120/><N who="1" m="30752" /><U76/><E76/><V131/><F119/><T3/><D3/><U94/><E94/><V2/><F2/><T38/><D38/><U0/><E0/><V92/><F92/><T101/><D101/><U55/><E42/><V90/><F102/><T114/><D114/><U49/><E65/><V84/><F112/><T44/><D44/><U52/><E135/><V39/><F113/><T117/><D117/><U107/><E107/><V64/><F132/><T104/><D104/><U67/><E134/><V109/><F39/><T124/><D124/><U127/><E127/><V129/><F105/><T97/><D97/><U32/><E32/><V62/><F99/><T122/><N who="0" m="31264" /><T34/><D34/><U123/><N who="1" m="31520" /><U128/><E128/><V125/><F125/><T79/><D79/><U93/><E93/><V72/><F103/><T54/><AGARI ba="0,1" hai="40,41,50,54,59,68,70,71,73,77,78,81,83,86" m="31264" machi="54" ten="40,6000,1" yaku="21,2,0,1,52,1,53,0" doraHai="43" doraHaiUra="115" who="0" fromWho="0" sc="228,70,207,-40,605,-20,0,0" /><INIT seed="6,0,0,4,2,34" ten="298,167,585,0" oya="2" hai0="53,85,50,101,67,94,47,88,111,62,106,2,41" hai1="127,121,123,0,79,120,116,70,108,122,66,87,134" hai2="73,65,86,35,83,118,77,117,104,39,102,64,68" hai3=""/><V72/><F39/><T90/><D111/><U114/><N who="1" m="30752" /><U1/><N who="1" m="31008" /><U107/><N who="1" m="31264" /><U103/><N who="1" m="31520" /><U91/><E108/><V57/><F68/><T54/><D2/><U97/><E134/><V51/><F65/><T95/><D101/><U58/><E127/><V115/><F115/><T69/><D106/><U60/><E114/><V59/><F117/><T42/><D42/><U135/><E135/><V92/><F86/><AGARI ba="0,0" hai="41,47,50,53,54,62,67,69,85,86,88,90,94,95" machi="86" ten="30,3900,0" yaku="7,1,9,1,54,1" doraHai="34" who="0" fromWho="2" sc="298,39,167,0,585,-39,0,0" owari="337,-6.0,167,-43.0,546,49.0,0,0.0" /></mjloggm>