<mjloggm ver="2.3"><GO type="169" lobby="0"/><UN n0="%E6%96%87%E5%9B%9B%E9%83%8E" n1="%77%61%77%61%33%30%33%30" n2="%69%6B%65%64%61%64%61" n3="%E3%82%8F%E3%81%9F%E3%81%B4%E3%82%93" dan="16,17,16,17" rate="2169.64,2186.67,2146.07,2235.76" sx="M,M,M,M"/><TAIKYOKU oya="0"/><INIT seed="0,0,0,1,3,98" ten="250,250,250,250" oya="0" hai0="6,58,94,57,3,51,43,50,22,95,32,123,47" hai1="76,44,52,64,45,88,85,96,48,21,34,68,132" hai2="27,111,131,100,120,62,73,10,105,97,70,89,81" hai3="77,4,126,2,108,11,78,92,38,12,29,26,5"/><T66/><D123/><U15/><E34/><V65/><F120/><W134/><G38/><T61/><D32/><U118/><E132/><V53/><F111/><W60/><G108/><T8/><REACH who="0" step="1"/><D22/><REACH who="0" ten="240,250,250,250" step="2"/><U39/><E118/><V71/><F131/><W36/><G134/><T129/><D129/><U99/><E21/><V83/><F71/><W40/><G126/><T72/><D72/><U42/><E76/><V74/><F74/><W55/><G78/><T17/><D17/><U28/><E28/><V19/><F19/><W69/><G77/><T127/><D127/><U93/><REACH who="1" step="1"/><E15/><REACH who="1" ten="240,240,250,250" step="2"/><V117/><F117/><W80/><G12/><T86/><D86/><U67/><E67/><V133/><F65/><W107/><G29/><T109/><D109/><U14/><E14/><V124/><F133/><W119/><G119/><T135/><D135/><U25/><E25/><V23/><F27/><W0/><G26/><T87/><D87/><U20/><E20/><V122/><F23/><W110/><G110/><T84/><D84/><U121/><E121/><V75/><F122/><W41/><G2/><T16/><D16/><U114/><E114/><V115/><F115/><W1/><G0/><T49/><D49/><U91/><E91/><V63/><F89/><W125/><G1/><T102/><D102/><U54/><E54/><AGARI ba="0,2" hai="3,6,8,43,47,50,51,54,57,58,61,66,94,95" machi="54" ten="40,2000,0" yaku="1,1,53,0" doraHai="98" doraHaiUra="18" who="0" fromWho="1" sc="240,40,240,-20,250,0,250,0" /><INIT seed="0,1,0,5,4,99" ten="280,220,250,250" oya="0" hai0="101,0,116,26,51,15,30,97,12,76,57,87,13" hai1="85,133,19,48,78,112,44,56,31,6,126,86,108" hai2="117,121,53,47,46,110,61,68,109,74,93,102,1" hai3="58,66,22,64,59,5,96,125,17,127,70,72,24"/><T50/><D116/><U18/><E112/><V7/><F74/><W132/><G72/><T60/><D0/><U75/><E75/><V81/><F81/><W10/><G132/><T49/><D76/><U55/><E133/><V20/><F20/><W82/><G82/><T84/><D26/><U3/><E108/><V79/><F79/><W23/><G96/><T4/><D30/><U69/><E69/><V67/><F121/><W134/><G134/><T28/><D28/><U92/><E126/><N who="3" m="48138" /><G23/><T80/><D80/><N who="1" m="47255" /><E6/><V32/><F32/><W41/><G41/><T118/><D4/><U106/><E3/><V34/><F34/><W54/><G70/><T120/><D120/><U129/><E106/><V100/><F93/><W63/><G59/><T135/><D135/><U88/><E31/><V16/><F117/><W27/><G27/><T130/><D118/><U8/><E8/><V29/><F29/><W131/><G131/><T115/><D130/><U65/><E129/><V94/><F94/><W104/><G104/><T2/><D2/><AGARI ba="1,0" hai="2,5,10,17,22,24,54,58,63,64,66" m="48138" machi="2" ten="30,1000,0" yaku="18,1" doraHai="99" who="3" fromWho="0" sc="280,-13,220,0,250,0,250,13" /><INIT seed="1,0,0,5,2,65" ten="267,220,250,263" oya="1" hai0="3,12,119,1,105,87,2,15,131,90,100,31,67" hai1="26,43,91,122,111,56,46,103,128,8,63,30,72" hai2="130,70,127,98,55,77,54,41,82,9,83,59,21" hai3="134,71,74,50,68,80,99,62,92,24,102,84,114"/><U75/><E122/><V0/><F130/><W42/><G114/><T64/><D119/><U112/><E112/><V116/><F116/><W58/><G74/><T60/><D31/><U104/><E128/><V117/><F117/><W32/><G134/><T23/><D131/><U19/><E111/><V16/><F127/><W85/><G85/><T66/><D60/><U121/><E121/><V124/><F124/><W40/><G24/><T39/><D39/><U86/><E103/><V94/><F41/><W88/><G32/><T38/><D38/><U108/><E104/><V10/><F70/><W101/><G101/><T47/><D47/><U135/><E108/><V27/><F55/><W20/><G20/><T49/><D49/><U81/><E135/><V115/><F0/><W118/><G118/><T22/><D100/><U34/><E19/><V73/><F83/><W7/><G7/><T89/><D105/><U11/><E72/><V129/><F115/><W97/><G97/><T29/><D29/><U96/><E96/><V107/><F107/><W25/><G25/><T132/><D132/><U76/><E76/><V123/><F123/><W53/><REACH who="3" step="1"/><G42/><REACH who="3" ten="267,220,250,253" step="2"/><T51/><D87/><U79/><E75/><V106/><F129/><W6/><G6/><T61/><D23/><U37/><REACH who="1" step="1"/><E79/><REACH who="1" ten="267,210,250,253" step="2"/><V126/><F126/><W4/><G4/><T33/><D90/><U17/><E17/><V14/><F106/><W113/><G113/><T48/><D89/><U125/><E125/><V57/><F73/><W13/><G13/><T120/><D15/><U36/><E36/><V133/><F133/><RYUUKYOKU ba="0,2" sc="267,-15,210,15,250,-15,253,15" hai1="8,11,26,30,34,37,43,46,56,63,81,86,91" hai3="40,50,53,58,62,68,71,80,84,88,92,99,102" /><INIT seed="1,1,2,5,4,59" ten="252,225,235,268" oya="1" hai0="39,107,112,35,114,106,10,58,12,108,54,133,36" hai1="85,34,14,0,73,66,82,30,45,29,123,21,76" hai2="60,83,27,2,64,87,50,43,32,122,56,63,68" hai3="55,116,94,70,111,117,121,119,62,25,33,1,7"/><U124/><E123/><V38/><F2/><W61/><G121/><T13/><D35/><U23/><E0/><V37/><F122/><W74/><G111/><T57/><D10/><U115/><E34/><V134/><F134/><W109/><G109/><T91/><D108/><U41/><E115/><V22/><F32/><W31/><G74/><T6/><D6/><U118/><E118/><V78/><F50/><W77/><G77/><T8/><D8/><U48/><E124/><V95/><F95/><W51/><G70/><T11/><D11/><U26/><E66/><V15/><F15/><W127/><G127/><T100/><D100/><U132/><E132/><V72/><F43/><W20/><G7/><T120/><D120/><U3/><E3/><V84/><F38/><W24/><G94/><T86/><D86/><U103/><E103/><V53/><REACH who="2" step="1"/><F37/><REACH who="2" ten="252,225,225,268" step="2"/><W98/><G1/><T5/><D133/><U16/><REACH who="1" step="1"/><E73/><REACH who="1" ten="252,215,225,268" step="2"/><V49/><F49/><W47/><REACH who="3" step="1"/><G98/><REACH who="3" ten="252,215,225,258" step="2"/><T75/><D75/><U113/><E113/><V110/><F110/><W40/><G40/><T89/><REACH who="0" step="1"/><D5/><REACH who="0" ten="242,215,225,258" step="2"/><RYUUKYOKU type="reach4" ba="1,6" sc="242,0,215,0,225,0,258,0" hai0="12,13,36,39,54,57,58,89,91,106,107,112,114" hai1="14,16,21,23,26,29,30,41,45,48,76,82,85" hai2="22,27,53,56,60,63,64,68,72,78,83,84,87" hai3="20,24,25,31,33,47,51,55,61,62,116,117,119" /><INIT seed="1,2,6,4,4,18" ten="242,215,225,258" oya="1" hai0="44,93,38,121,89,54,88,115,46,113,109,55,57" hai1="81,100,95,83,47,61,11,71,29,50,41,25,102" hai2="111,68,116,35,1,3,122,20,106,40,117,90,114" hai3="58,125,14,86,98,97,16,43,120,131,85,79,24"/><U49/><E49/><V26/><F40/><W72/><G120/><T124/><D121/><U15/><E71/><V36/><F90/><W7/><G72/><T22/><D109/><U51/><E61/><V119/><F20/><N who="3" m="13319" /><G125/><T107/><D107/><U103/><E51/><V52/><F52/><W19/><G131/><T76/><D76/><U96/><E81/><V2/><F26/><W10/><G43/><T9/><D124/><U62/><E62/><V73/><F1/><W123/><G123/><T77/><D77/><U28/><E83/><V6/><F6/><W92/><G79/><T128/><D128/><U130/><E130/><V108/><F2/><W45/><G45/><T84/><D9/><U63/><E63/><V127/><F117/><W104/><G104/><T75/><D75/><U0/><E0/><V110/><F119/><W27/><G58/><T135/><D38/><U132/><E132/><V37/><F37/><W56/><G56/><T94/><D135/><U134/><E134/><V67/><F67/><W105/><G105/><T12/><D57/><U118/><E118/><V70/><F111/><W23/><G98/><T82/><D82/><U48/><E48/><V66/><F66/><W126/><G126/><T34/><D34/><U59/><E59/><V13/><F110/><W21/><G21/><T32/><D32/><U53/><E41/><V101/><F101/><AGARI ba="2,6" hai="7,10,14,19,23,27,85,86,92,97,101" m="13319" machi="101" ten="30,7700,0" yaku="8,1,52,2,54,1" doraHai="18" who="3" fromWho="2" sc="242,0,215,0,225,-83,258,143" /><INIT seed="2,0,0,2,1,86" ten="242,215,142,401" oya="2" hai0="4,78,1,14,45,20,69,87,113,11,53,115,127" hai1="26,52,49,126,57,106,18,93,116,73,133,40,111" hai2="68,119,128,92,67,104,33,22,13,59,105,125,90" hai3="94,55,99,120,34,12,6,77,121,62,24,103,10"/><V64/><F119/><W84/><G34/><T2/><D69/><U50/><E106/><V63/><F33/><W31/><G62/><T28/><D127/><U30/><E116/><V39/><F39/><W79/><G55/><T8/><D45/><U131/><E73/><V3/><F3/><W5/><G5/><T117/><D53/><U51/><E126/><V96/><F125/><W37/><G37/><T75/><D75/><U108/><E18/><V118/><F118/><W42/><G42/><T60/><D60/><N who="1" m="35879" /><E131/><V82/><F128/><W85/><G120/><T47/><D117/><U61/><E61/><V43/><F43/><W21/><G121/><T124/><D124/><U48/><E93/><V56/><F67/><W71/><G71/><T129/><D129/><U15/><E15/><V95/><F82/><W17/><G17/><T130/><D130/><U81/><E81/><V107/><REACH who="2" step="1"/><F95/><REACH who="2" ten="242,215,132,401" step="2"/><W101/><G94/><T46/><D1/><U19/><E40/><V122/><F122/><W102/><G99/><T35/><D2/><U135/><E133/><V132/><F132/><W89/><G79/><T0/><D78/><U74/><E135/><V27/><F27/><W23/><G77/><T76/><D0/><U29/><E26/><V88/><F88/><W54/><G89/><T66/><D76/><U16/><E74/><V114/><F114/><W134/><G134/><T97/><D115/><U25/><N who="1" m="12288" /><DORA hai="109" /><U112/><E112/><V9/><F9/><W91/><G91/><T80/><D113/><U65/><E65/><V70/><F70/><W41/><G41/><RYUUKYOKU ba="0,1" sc="242,-10,215,-10,132,30,401,-10" hai2="13,22,56,59,63,64,68,90,92,96,104,105,107" /><INIT seed="2,1,1,0,4,4" ten="232,205,162,391" oya="2" hai0="88,87,17,35,36,47,116,98,48,28,41,22,53" hai1="73,84,7,134,52,59,128,1,118,66,63,24,135" hai2="19,126,30,25,120,67,104,106,54,14,125,43,57" hai3="89,10,122,60,105,40,113,93,5,132,86,81,12"/><V18/><F120/><W70/><G122/><T130/><D130/><U64/><E73/><V39/><F67/><W44/><G105/><T107/><D116/><U49/><E118/><V96/><F43/><W45/><G132/><N who="1" m="50730" /><E24/><V65/><F65/><W38/><G113/><T114/><D114/><U20/><E20/><V58/><F39/><W56/><G70/><T33/><D28/><U77/><E128/><V6/><F6/><W97/><G40/><T29/><D29/><U21/><E21/><V111/><F58/><W78/><G38/><T15/><D107/><U0/><E66/><AGARI ba="1,1" hai="5,10,12,44,45,56,60,66,78,81,86,89,93,97" machi="66" ten="30,3900,0" yaku="7,1,8,1,52,1" doraHai="4" who="3" fromWho="1" sc="232,0,205,-42,162,0,391,52" /><INIT seed="3,0,0,0,2,117" ten="232,163,162,443" oya="3" hai0="69,131,31,4,84,17,100,65,62,0,87,73,115" hai1="46,63,7,88,57,51,106,78,48,29,59,96,93" hai2="38,41,135,128,71,49,79,97,40,126,37,36,66" hai3="32,129,75,127,130,19,124,12,77,86,47,76,67"/><W3/><G3/><T113/><D73/><U111/><E111/><V114/><F79/><N who="3" m="30283" /><G75/><T25/><D17/><U61/><E106/><V123/><F97/><W107/><G32/><T24/><D100/><U6/><E29/><V133/><F114/><N who="0" m="43530" /><D131/><N who="3" m="50185" /><G86/><N who="0" m="32811" /><D31/><U81/><E78/><V60/><F128/><W13/><G67/><T35/><D35/><U80/><E46/><N who="2" m="25799" /><F126/><N who="3" m="48171" /><G19/><T52/><D52/><U11/><E11/><AGARI ba="0,0" hai="0,4,11,24,25,62,65,69" m="32811,43530" machi="11" ten="30,1000,0" yaku="11,1" doraHai="117" who="0" fromWho="1" sc="232,10,163,-10,162,0,443,0" /><INIT seed="4,0,0,4,3,15" ten="242,153,162,443" oya="0" hai0="21,68,132,56,78,29,58,95,40,26,27,2,98" hai1="110,16,106,37,25,61,59,42,69,39,54,17,51" hai2="119,129,70,102,118,1,3,62,71,125,20,109,10" hai3="9,34,96,133,100,67,111,8,63,117,130,121,14"/><T108/><D68/><U35/><E106/><V55/><F109/><W127/><G111/><T44/><D108/><U120/><E120/><V45/><F102/><W0/><G117/><T122/><D122/><U131/><E131/><V76/><F76/><W46/><G127/><T38/><D2/><U36/><E110/><V126/><F20/><W86/><G133/><T11/><D78/><U49/><E49/><V13/><F45/><W31/><G8/><T33/><D11/><U28/><REACH who="1" step="1"/><E42/><REACH who="1" ten="242,143,162,443" step="2"/><V93/><F129/><W57/><G130/><T115/><D132/><U88/><E88/><V90/><F119/><W103/><G121/><T97/><D115/><U83/><E83/><V134/><F118/><W65/><G103/><T116/><D116/><U135/><E135/><V72/><F134/><W104/><G100/><T30/><D98/><U124/><E124/><V80/><F80/><W6/><G96/><T79/><D79/><U99/><E99/><V50/><F50/><W4/><G104/><T41/><D40/><U112/><E112/><V101/><F101/><AGARI ba="0,1" hai="21,26,27,29,30,33,38,41,44,56,58,95,97,101" machi="101" ten="30,1500,0" yaku="7,1" doraHai="15" who="0" fromWho="2" sc="242,25,143,0,162,-15,443,0" /><INIT seed="4,1,0,3,5,116" ten="267,143,147,443" oya="0" hai0="85,50,95,84,97,117,45,54,37,61,100,81,66" hai1="122,69,60,21,109,94,23,13,53,51,119,112,91" hai2="44,9,34,124,28,103,106,16,130,110,86,113,99" hai3="73,40,2,20,57,125,63,134,135,65,75,128,8"/><T38/><D117/><U59/><E119/><V78/><F110/><W62/><G40/><T70/><REACH who="0" step="1"/><D85/><REACH who="0" ten="257,143,147,443" step="2"/><U25/><E109/><V27/><F86/><W108/><G75/><T3/><D3/><U18/><E112/><V22/><F113/><W92/><G73/><T52/><D52/><U107/><E107/><V88/><F106/><W46/><G108/><T35/><D35/><U83/><E122/><V10/><F34/><W118/><G118/><T67/><D67/><U98/><E69/><V96/><F96/><W32/><G65/><T90/><AGARI ba="1,1" hai="37,38,45,50,54,61,66,70,81,84,90,95,97,100" machi="90" ten="20,7800,0" yaku="1,1,0,1,7,1,53,1" doraHai="116" doraHaiUra="87" who="0" fromWho="0" sc="257,91,143,-27,147,-27,443,-27" /><INIT seed="4,2,0,0,1,61" ten="348,116,120,416" oya="0" hai0="34,56,16,22,13,101,25,41,17,110,111,99,108" hai1="123,47,95,102,128,71,121,53,72,126,75,36,84" hai2="106,117,63,66,82,6,132,59,100,94,29,15,28" hai3="88,105,30,76,35,14,74,90,69,68,18,133,20"/><T91/><D41/><U79/><E71/><V81/><F132/><W26/><G105/><T98/><D91/><U87/><E53/><V11/><F106/><W54/><G133/><T10/><D34/><U57/><E57/><V107/><F107/><W43/><G43/><T21/><D101/><U122/><E47/><V134/><F134/><W38/><G38/><T104/><D104/><U135/><E36/><V115/><F115/><W27/><G54/><T48/><D48/><U42/><E42/><V130/><F130/><W116/><G116/><T125/><D56/><U113/><E135/><V85/><F117/><W77/><G77/><T73/><D73/><N who="1" m="28235" /><E128/><V119/><F119/><W12/><G12/><T86/><D86/><N who="1" m="32811" /><E79/><N who="2" m="46271" /><F82/><W60/><G68/><T65/><D65/><U49/><E49/><V131/><F131/><W50/><G50/><T78/><D78/><U80/><E80/><V67/><F67/><W7/><G76/><T103/><D10/><U19/><E19/><V31/><F31/><W92/><G30/><T124/><REACH who="0" step="1"/><D103/><REACH who="0" ten="338,116,120,416" step="2"/><U4/><E102/><V114/><F114/><W40/><G35/><T83/><D83/><U96/><E113/><V118/><F118/><W37/><G40/><T52/><D52/><U39/><E39/><V58/><F58/><W64/><G37/><T46/><D46/><U5/><E123/><V32/><F32/><W8/><G74/><T62/><D62/><U70/><E70/><V89/><F100/><W0/><G90/><T33/><D33/><U55/><E122/><V9/><F9/><W3/><G88/><T120/><D120/><RYUUKYOKU ba="2,1" sc="338,15,116,-15,120,15,416,-15" hai0="13,16,17,21,22,25,98,99,108,110,111,124,125" hai2="6,11,15,28,29,59,63,66,89,94" /><INIT seed="4,3,1,2,4,119" ten="353,101,135,401" oya="0" hai0="43,36,60,27,34,114,63,69,131,106,64,39,51" hai1="118,81,7,134,30,76,41,103,10,20,47,37,102" hai2="121,58,90,105,135,49,107,54,101,12,31,15,65" hai3="74,16,94,92,98,22,78,96,79,132,129,130,35"/><T67/><D106/><U113/><E118/><V88/><F31/><W87/><G35/><T25/><D114/><U42/><E113/><V40/><F135/><W4/><G4/><T77/><D77/><N who="3" m="29193" /><G74/><T5/><D5/><U116/><E134/><V133/><F133/><W84/><G132/><T24/><D34/><U29/><E42/><V71/><F121/><W38/><G38/><T124/><D131/><N who="3" m="50185" /><G16/><T99/><D99/><N who="3" m="37929" /><G22/><T53/><D43/><U9/><E9/><V46/><F12/><W6/><G6/><T50/><D124/><U72/><E116/><V89/><F15/><W23/><G23/><T91/><D51/><U70/><E70/><V85/><F101/><W3/><G3/><T14/><D14/><U45/><E45/><V28/><F28/><W127/><G127/><T13/><D13/><U125/><E125/><V83/><F65/><W26/><G26/><T61/><D39/><U108/><E108/><V48/><REACH who="2" step="1"/><F71/><REACH who="2" ten="353,101,125,401" step="2"/><W123/><G123/><T82/><D69/><U21/><E30/><V52/><F52/><W1/><G1/><T56/><D36/><U100/><REACH who="1" step="1"/><E29/><REACH who="1" ten="353,91,125,401" step="2"/><V17/><F17/><W75/><G75/><T2/><D2/><AGARI ba="3,3" hai="2,7,10,20,21,37,41,47,72,76,81,100,102,103" machi="2" ten="40,8000,1" yaku="1,1,2,1,25,2,53,0" doraHai="119" doraHaiUra="44" who="1" fromWho="0" sc="353,-89,91,119,125,0,401,0" /><INIT seed="5,0,0,5,0,17" ten="264,210,125,401" oya="1" hai0="103,2,84,77,21,132,62,14,98,19,112,109,69" hai1="8,110,53,3,119,95,113,1,33,133,4,91,107" hai2="61,120,50,96,34,115,125,25,41,74,24,13,116" hai3="83,15,66,6,58,63,135,18,100,22,26,48,93"/><U55/><E119/><V57/><F120/><W85/><G135/><T65/><D109/><U39/><E133/><V72/><F116/><W35/><G35/><T27/><D132/><U94/><E107/><V47/><F125/><W40/><G40/><T108/><D108/><U28/><E110/><V127/><F127/><W106/><G106/><T123/><D2/><U76/><E39/><V12/><F115/><W36/><G36/><T71/><D112/><U38/><E38/><V129/><F129/><W97/><G48/><T131/><D131/><U45/><E76/><V118/><F118/><W37/><G37/><T90/><D77/><U99/><E113/><V51/><F96/><W102/><G102/><T70/><D123/><U124/><E124/><V87/><F87/><W80/><G85/><T78/><D78/><U54/><E3/><V32/><F57/><W89/><G89/><T5/><D5/><U16/><E28/><V10/><F10/><AGARI ba="0,0" hai="6,10,15,18,22,26,58,63,66,80,83,93,97,100" machi="10" ten="40,2600,0" yaku="8,1,52,1" doraHai="17" who="3" fromWho="2" sc="264,0,210,0,125,-26,401,26" /><INIT seed="6,0,0,1,3,75" ten="264,210,99,427" oya="2" hai0="46,133,100,53,124,48,94,6,38,55,32,39,111" hai1="0,5,71,30,99,104,87,105,54,35,12,77,122" hai2="112,73,51,23,106,92,95,125,10,45,96,40,89" hai3="127,60,117,118,123,43,68,15,25,31,21,80,63"/><V101/><F125/><W42/><G123/><T116/><D111/><U56/><E71/><V93/><F112/><W79/><G63/><T69/><D32/><U20/><E122/><V108/><F108/><W24/><G127/><T129/><D124/><U119/><E119/><V58/><F73/><W59/><G68/><T98/><D69/><U74/><E74/><V115/><F115/><W107/><G107/><T83/><D6/><U90/><E0/><V62/><F10/><W64/><G15/><T1/><D1/><U28/><E35/><V78/><F23/><W2/><G2/><T132/><D116/><U37/><E37/><V109/><F109/><W52/><G64/><T84/><D55/><U82/><E104/><V67/><REACH who="2" step="1"/><F78/><REACH who="2" ten="264,210,89,427" step="2"/><W34/><G117/><T16/><D133/><U81/><E20/><V61/><F61/><W3/><G118/><T9/><D132/><U11/><E77/><V135/><F135/><W86/><G3/><T88/><D129/><U113/><E113/><V76/><F76/><W102/><G21/><T103/><D9/><U50/><E30/><V47/><F47/><W72/><G72/><T44/><D44/><U26/><E28/><V33/><F33/><W4/><G31/><T19/><D46/><U29/><E29/><V7/><F7/><W110/><G4/><T97/><D19/><U22/><E22/><V91/><AGARI ba="0,1" hai="40,45,51,58,62,67,89,91,92,93,95,96,101,106" machi="91" ten="30,3000,0" yaku="1,1,0,1,53,0" doraHai="75" doraHaiUra="126" who="2" fromWho="2" sc="264,-10,210,-10,89,40,427,-10" /><INIT seed="6,1,0,5,1,114" ten="254,200,129,417" oya="2" hai0="68,80,51,129,94,85,63,98,2,65,97,72,86" hai1="110,121,75,74,40,5,26,79,130,37,125,14,16" hai2="59,9,61,6,35,95,13,90,115,42,0,56,99" hai3="105,24,89,120,126,116,62,67,122,3,70,92,87"/><V19/><F115/><W127/><G116/><T135/><D2/><U57/><E110/><V93/><F35/><W107/><G3/><T38/><D38/><U101/><E5/><V58/><F42/><W25/><G25/><T117/><D129/><U41/><E101/><V32/><F32/><W133/><G24/><T118/><D135/><U12/><E130/><V47/><F47/><W7/><G7/><T112/><D112/><U76/><E26/><V43/><F43/><W45/><G45/><T21/><D72/><U88/><E57/><V4/><F0/><W39/><G39/><T71/><D21/><U66/><E37/><V109/><F109/><W73/><G73/><T96/><D71/><U31/><E66/><V18/><F61/><W33/><G133/><T108/><D108/><U81/><E121/><N who="3" m="46698" /><G33/><T55/><D94/><U123/><E123/><V17/><F4/><W134/><G134/><T83/><D86/><U111/><E111/><V28/><REACH who="2" step="1"/><F93/><REACH who="2" ten="254,200,119,417" step="2"/><W53/><G62/><T1/><D1/><U69/><E40/><V52/><F52/><W11/><G53/><T106/><D55/><U49/><E41/><V30/><AGARI ba="1,1" hai="6,9,13,17,18,19,28,30,56,58,59,90,95,99" machi="30" ten="40,7800,0" yaku="1,1,0,1,8,1,53,0" doraHai="114" doraHaiUra="44" who="2" fromWho="2" sc="254,-27,200,-27,119,91,417,-27" /><INIT seed="6,2,0,1,4,40" ten="227,173,210,390" oya="2" hai0="122,53,82,51,118,7,100,42,121,107,132,22,135" hai1="104,77,105,115,103,28,11,50,106,36,10,114,131" hai2="56,4,84,123,19,30,24,52,113,111,69,3,62" hai3="71,38,99,81,120,20,49,133,98,2,129,14,94"/><V88/><F123/><W67/><G38/><T15/><D42/><U32/><E36/><V96/><F113/><N who="1" m="43017" /><E103/><V124/><F124/><W26/><G2/><T39/><D39/><U6/><E77/><V43/><F111/><W5/><G99/><N who="0" m="61855" /><D82/><U127/><E127/><V95/><F69/><W37/><G26/><T108/><D108/><U130/><E50/><V25/><F43/><W75/><G71/><T78/><D78/><U83/><E83/><V8/><F19/><W64/><G81/><T47/><D118/><U23/><E23/><V57/><F30/><W60/><G129/><N who="1" m="49162" /><E6/><V112/><F112/><W134/><G5/><T72/><D72/><U80/><E80/><V74/><F74/><W102/><G75/><T33/><D33/><U125/><E125/><V110/><F110/><W27/><G49/><T45/><D22/><U61/><E61/><V9/><F9/><N who="1" m="3081" /><E28/><V18/><F18/><W46/><G60/><T86/><D121/><U12/><E12/><V54/><F96/><W79/><G14/><T126/><D15/><U44/><E44/><V116/><F116/><W29/><G120/><T92/><D7/><U90/><E90/><V16/><F16/><W17/><G17/><T0/><D122/><U34/><AGARI ba="2,0" hai="32,34,104,105,106" m="3081,49162,43017" machi="34" ten="50,8000,1" yaku="28,2,15,1,19,1" doraHai="40" who="1" fromWho="1" sc="227,-22,173,86,210,-42,390,-22" /><INIT seed="7,0,0,1,4,133" ten="205,259,168,368" oya="3" hai0="61,10,135,124,36,84,95,82,59,1,44,19,64" hai1="96,92,20,111,78,8,117,49,75,5,63,127,83" hai2="2,60,65,67,16,115,119,35,12,112,38,21,102" hai3="118,122,105,98,103,134,33,13,39,23,15,14,131"/><W0/><G0/><T80/><D135/><U101/><E111/><V50/><F119/><W57/><G33/><T29/><D29/><U100/><E117/><V48/><F38/><W46/><G23/><T128/><D128/><U58/><E49/><V68/><F2/><W40/><G122/><T107/><D107/><U66/><E20/><V56/><F35/><W51/><G131/><T130/><D130/><U25/><E25/><V110/><F110/><W94/><G134/><T7/><D124/><U97/><E127/><V132/><F132/><W114/><G114/><T88/><REACH who="0" step="1"/><D19/><REACH who="0" ten="195,259,168,368" step="2"/><U30/><E30/><V120/><F120/><W17/><G17/><T85/><D85/><U55/><E66/><V99/><F67/><W71/><G105/><T74/><D74/><U104/><E104/><N who="2" m="63583" /><F68/><W69/><G118/><T77/><D77/><U4/><E4/><V34/><F34/><W37/><G69/><T91/><D91/><U76/><E76/><V113/><AGARI ba="0,1" hai="12,16,21,48,50,56,60,65,112,113,115" m="63583" machi="113" ten="30,2000,0" yaku="15,1,54,1" doraHai="133" who="2" fromWho="2" sc="195,-5,259,-5,168,30,368,-10" owari="190,-31.0,254,5.0,198,-20.0,358,46.0" /></mjloggm>