<mjloggm ver="2.3"><GO type="169" lobby="0"/><UN n0="%E7%89%A7%E5%A0%B4%E3%81%AE%E5%B0%91%E5%A5%B3" n1="%E8%B0%B7%E5%8F%A3%E3%81%93%E3%81%86%E3%81%B8%E3%81%84" n2="%E8%8D%92%E5%B7%9D%E5%95%93%E5%90%BE" n3="%E3%81%BF%E3%81%8B%E3%81%8B%E2%99%AA" dan="16,17,18,16" rate="2119.25,2215.12,2283.68,2153.08" sx="M,M,M,M"/><TAIKYOKU oya="0"/><INIT seed="0,0,0,4,2,33" ten="250,250,250,250" oya="0" hai0="65,122,113,101,134,88,67,70,84,46,125,9,124" hai1="119,86,37,18,135,44,62,105,52,68,114,96,94" hai2="69,10,32,34,59,57,131,89,118,92,22,12,53" hai3="35,132,2,40,49,99,54,97,27,25,108,15,21"/><T56/><D113/><U130/><E119/><V80/><F69/><W78/><G108/><T23/><D122/><U128/><E105/><V14/><F131/><N who="1" m="50217" /><E86/><V1/><F118/><W66/><G2/><T42/><D70/><U63/><E114/><V8/><F80/><W111/><G111/><T43/><D101/><U4/><E135/><V48/><F59/><W55/><G78/><T123/><D123/><U3/><E18/><V102/><F102/><W81/><G81/><T64/><D56/><U50/><E37/><V115/><F115/><W73/><G66/><T87/><D87/><U117/><E117/><V109/><F109/><W85/><G85/><T76/><D76/><U19/><E19/><V31/><F31/><W7/><G97/><T83/><D134/><U77/><E77/><V5/><F22/><W106/><G99/><T129/><D129/><U71/><E71/><V30/><F14/><W90/><G106/><T95/><D83/><U91/><E68/><V112/><F30/><W28/><G73/><T20/><D9/><AGARI ba="0,0" hai="3,4,9,44,50,52,62,63,91,94,96" m="50217" machi="9" ten="30,3900,0" yaku="19,1,52,1,54,1" doraHai="33" who="1" fromWho="0" sc="250,-39,250,39,250,0,250,0" /><INIT seed="1,0,0,4,5,54" ten="211,289,250,250" oya="1" hai0="115,30,17,4,50,44,118,1,120,82,119,124,59" hai1="53,63,93,64,51,74,107,68,129,131,46,55,103" hai2="38,110,123,10,84,34,33,15,67,76,45,5,80" hai3="91,41,114,19,112,60,87,12,73,127,49,125,89"/><U106/><E74/><V100/><F123/><W134/><G73/><T108/><D115/><U85/><E103/><V6/><F110/><W102/><G134/><T32/><D108/><U81/><E93/><V3/><F100/><W75/><G75/><T7/><D124/><N who="3" m="47689" /><G102/><T58/><D120/><U117/><E117/><V25/><F25/><W26/><G26/><T113/><D113/><U109/><E109/><V42/><F6/><N who="0" m="2090" /><D32/><U28/><E28/><V52/><F67/><W18/><G60/><T99/><D1/><U37/><E53/><V61/><REACH who="2" step="1"/><F3/><REACH who="2" ten="211,289,240,250" step="2"/><W9/><G112/><T31/><D119/><U71/><E64/><V104/><F104/><W86/><G114/><T65/><D65/><U122/><E122/><V135/><F135/><W121/><G121/><T2/><D2/><U8/><E107/><V39/><F39/><W47/><G19/><T95/><D118/><U97/><E37/><V133/><F133/><W22/><G22/><T128/><D17/><U23/><E23/><V111/><F111/><W36/><G36/><T21/><D21/><U13/><E106/><V40/><F40/><W29/><G29/><T98/><D30/><U77/><E129/><V92/><F92/><W62/><G18/><T105/><D128/><U78/><E131/><V70/><F70/><W0/><G0/><T48/><D31/><U83/><E71/><V35/><F35/><W57/><G9/><T94/><D105/><U72/><E68/><V79/><F79/><W66/><G12/><T88/><D95/><U126/><E126/><V96/><F96/><N who="0" m="36906" /><D94/><U56/><E8/><RYUUKYOKU ba="0,1" sc="211,-15,289,-15,240,15,250,15" hai2="5,10,15,33,34,38,42,45,52,61,76,80,84" hai3="41,47,49,57,62,66,86,87,89,91" /><INIT seed="2,1,1,2,4,25" ten="196,274,255,265" oya="2" hai0="7,135,118,103,85,32,101,74,53,114,129,122,88" hai1="3,67,68,77,8,120,19,100,86,62,99,50,106" hai2="107,73,33,112,6,15,38,46,93,60,104,40,42" hai3="36,65,89,0,41,28,18,127,115,5,17,83,128"/><V16/><F112/><W72/><G115/><T26/><D114/><U63/><E120/><V45/><F73/><W39/><G127/><T124/><D122/><U81/><E62/><V102/><F6/><W44/><G39/><T54/><D124/><U9/><E3/><V20/><F33/><W52/><G65/><T29/><D74/><U24/><E19/><V13/><F13/><W59/><G128/><T90/><D129/><U119/><E119/><V11/><F11/><N who="3" m="2471" /><G89/><T37/><D118/><U47/><REACH who="1" step="1"/><E24/><REACH who="1" ten="196,264,255,265" step="2"/><V43/><F60/><N who="3" m="35943" /><G28/><T79/><D29/><U66/><E66/><V131/><F131/><W96/><G96/><T121/><D121/><U98/><E98/><V132/><F132/><W130/><G130/><T23/><D26/><U31/><E31/><V105/><REACH who="2" step="1"/><F38/><REACH who="2" ten="196,264,245,265" step="2"/><W125/><G125/><T70/><D37/><U78/><E78/><AGARI ba="1,3" hai="17,18,36,41,44,72,78,83" m="35943,2471" machi="78" ten="30,2000,0" yaku="25,1,54,1" doraHai="25" who="3" fromWho="1" sc="196,0,264,-23,245,0,265,53" /><INIT seed="3,0,0,2,2,66" ten="196,241,245,318" oya="3" hai0="128,78,133,135,63,68,65,27,90,44,79,100,31" hai1="102,116,18,47,4,121,28,89,69,45,58,17,67" hai2="82,39,7,15,125,41,49,52,5,53,59,106,80" hai3="86,93,50,3,95,83,29,72,16,32,21,129,99"/><W97/><G3/><T62/><D128/><U1/><E121/><V37/><F106/><W81/><G129/><T2/><D2/><U13/><E1/><V42/><F125/><W104/><G32/><N who="0" m="20607" /><D90/><U6/><E102/><V108/><F108/><W57/><G29/><T43/><D63/><U105/><E105/><V9/><F5/><W54/><G104/><T124/><D100/><U22/><E116/><V10/><F10/><W25/><G72/><T127/><D79/><U19/><E58/><V123/><F123/><W96/><REACH who="3" step="1"/><G83/><REACH who="3" ten="196,241,245,308" step="2"/><T20/><D78/><AGARI ba="0,1" hai="16,21,25,50,54,57,78,81,86,93,95,96,97,99" machi="78" ten="40,12000,1" yaku="1,1,2,1,8,1,54,1,53,0" doraHai="66" doraHaiUra="103" who="3" fromWho="0" sc="196,-120,241,0,245,0,308,130" /><INIT seed="3,1,0,2,0,129" ten="76,241,245,438" oya="3" hai0="57,103,71,52,104,13,95,115,30,125,133,49,96" hai1="42,64,21,78,102,43,37,101,26,66,38,70,0" hai2="51,27,84,119,6,31,83,123,22,99,61,23,11" hai3="50,8,82,116,124,74,18,19,85,36,79,56,29"/><W111/><G116/><T55/><D125/><U110/><E78/><V69/><F119/><W63/><G36/><T105/><D115/><U106/><E21/><V45/><F123/><W15/><G111/><T10/><D71/><U20/><E20/><V75/><F75/><W41/><G124/><T107/><D30/><U121/><E70/><V67/><F99/><W53/><G74/><T5/><REACH who="0" step="1"/><D55/><REACH who="0" ten="66,241,245,438" step="2"/><U14/><E121/><V17/><F31/><W134/><G29/><T81/><D81/><U33/><E110/><V12/><F83/><W108/><G108/><T65/><D65/><U89/><E66/><V126/><F126/><W120/><G120/><T72/><D72/><U97/><E64/><V113/><F113/><W94/><G53/><T130/><D130/><U58/><E43/><V62/><F67/><W86/><G82/><T4/><D4/><U1/><E42/><V90/><F69/><W40/><G41/><T48/><D48/><U34/><E37/><V73/><F73/><W60/><G50/><T47/><D47/><U93/><E38/><V132/><F6/><W35/><G40/><T98/><D98/><U54/><E54/><V128/><F128/><W88/><G60/><T39/><D39/><U117/><E97/><V16/><F51/><W28/><G63/><T135/><AGARI ba="1,1" hai="5,10,13,49,52,57,95,96,103,104,105,107,133,135" machi="135" ten="40,12000,2" yaku="1,1,0,1,52,2,54,1,53,1" doraHai="129" doraHaiUra="46" who="0" fromWho="0" sc="66,133,241,-31,245,-31,438,-61" /><INIT seed="4,0,0,4,4,20" ten="199,210,214,377" oya="0" hai0="99,92,26,80,91,125,71,11,23,128,33,95,82" hai1="87,122,96,117,124,126,4,53,3,0,7,110,101" hai2="113,94,105,98,107,123,15,31,12,78,72,28,40" hai3="29,58,30,97,54,119,19,22,134,90,89,59,9"/><T66/><D128/><U86/><E117/><V116/><F113/><W74/><G119/><T81/><D125/><N who="1" m="48235" /><E53/><V64/><F116/><W83/><G134/><T5/><D33/><U14/><E14/><V133/><F123/><W18/><G74/><T62/><D95/><U16/><E122/><V10/><F133/><W38/><G38/><T13/><REACH who="0" step="1"/><D81/><REACH who="0" ten="189,210,214,377" step="2"/><U49/><E110/><V120/><F94/><W55/><G83/><T35/><D35/><U51/><E0/><V60/><F107/><W84/><G97/><T114/><D114/><U75/><E3/><V70/><F105/><W17/><G89/><T6/><D6/><U67/><E4/><V77/><F98/><W47/><G90/><T48/><D48/><U63/><E7/><V121/><F121/><W100/><G100/><T61/><D61/><U42/><E49/><V76/><F120/><W56/><G84/><T112/><D112/><U50/><E50/><V68/><F72/><W129/><G129/><T37/><D37/><U132/><E75/><V102/><F102/><W118/><G118/><T88/><D88/><U57/><E132/><V39/><F39/><W69/><G47/><T115/><D115/><U65/><E96/><V104/><F104/><W79/><G79/><T103/><D103/><U41/><E101/><V2/><F77/><W135/><G135/><T127/><D127/><U73/><E73/><V130/><F130/><W45/><G45/><T111/><D111/><U27/><E87/><V32/><F32/><W46/><G46/><T21/><D21/><N who="1" m="13735" /><E86/><V106/><F106/><W52/><G22/><RYUUKYOKU ba="0,1" sc="189,30,210,-10,214,-10,377,-10" hai0="5,11,13,23,26,62,66,71,80,82,91,92,99" /><INIT seed="4,1,1,1,4,20" ten="219,200,204,367" oya="0" hai0="30,102,112,27,28,109,65,29,21,121,13,94,81" hai1="70,60,24,72,119,106,3,124,4,104,61,37,45" hai2="69,85,84,108,113,34,39,66,98,77,130,115,49" hai3="17,36,53,127,87,51,101,46,10,40,23,2,5"/><T111/><D121/><U6/><E119/><V122/><F39/><W9/><G127/><T132/><D112/><U107/><E72/><V78/><F34/><W44/><G101/><T41/><D132/><U89/><E124/><V95/><F49/><W67/><G67/><T93/><D41/><U32/><E89/><V110/><F66/><W64/><G64/><T14/><D65/><N who="1" m="41255" /><E4/><V135/><F69/><W54/><G10/><T59/><D59/><U103/><E61/><V71/><F71/><W100/><G100/><T99/><D93/><U75/><E75/><V123/><F135/><W11/><G11/><T15/><REACH who="0" step="1"/><D81/><REACH who="0" ten="209,200,204,367" step="2"/><U48/><E106/><V134/><F134/><W50/><G40/><T62/><D62/><U128/><E107/><V8/><F95/><W47/><G36/><T22/><D22/><U57/><E57/><V55/><F8/><W38/><G38/><T12/><N who="0" m="3072" /><DORA hai="83" /><T31/><AGARI ba="1,2" hai="21,27,28,29,30,31,94,99,102,109,111" m="3072" machi="31" ten="50,12000,1" yaku="1,1,4,1,0,1,52,1,53,1" doraHai="20,83" doraHaiUra="42,18" who="0" fromWho="0" sc="209,143,200,-41,204,-41,367,-41" /><INIT seed="4,2,0,0,0,96" ten="352,159,163,326" oya="0" hai0="16,65,77,101,58,35,19,50,31,73,18,44,72" hai1="135,34,61,14,27,62,115,108,38,111,13,110,21" hai2="113,12,95,32,106,71,9,59,42,117,79,130,78" hai3="80,89,53,91,85,39,133,92,90,60,120,24,99"/><T66/><D31/><U84/><E38/><V52/><F106/><W121/><G39/><T26/><D26/><U127/><E34/><V11/><F71/><W118/><G24/><T54/><D35/><U8/><E127/><V45/><F32/><W128/><G53/><T116/><D116/><U129/><E129/><V131/><F113/><W70/><G60/><T94/><D77/><U102/><E135/><V49/><F117/><W134/><G70/><T63/><REACH who="0" step="1"/><D65/><REACH who="0" ten="342,159,163,326" step="2"/><U83/><E115/><V105/><F79/><N who="3" m="46239" /><G118/><T51/><D51/><U10/><E108/><V64/><F78/><W126/><G128/><T132/><D132/><N who="3" m="50793" /><G126/><T55/><D55/><U30/><E110/><V0/><F64/><W104/><G104/><T125/><D125/><U82/><E111/><V81/><F105/><W93/><G93/><T107/><D107/><U122/><E27/><V1/><F95/><W36/><G36/><T57/><D57/><U3/><E30/><V114/><F114/><W76/><G76/><T123/><D123/><AGARI ba="2,1" hai="89,90,91,92,99,120,121,123" m="50793,46239" machi="123" ten="30,7700,0" yaku="13,1,20,1,34,2" doraHai="96" who="3" fromWho="0" sc="342,-83,159,0,163,0,326,93" /><INIT seed="5,0,0,5,1,39" ten="259,159,163,419" oya="1" hai0="50,43,116,126,14,56,23,19,105,22,35,47,55" hai1="67,115,70,9,128,127,78,0,118,52,38,98,4" hai2="48,82,72,135,13,2,30,90,61,86,40,89,93" hai3="132,84,96,109,106,6,41,7,114,18,71,74,107"/><U94/><E118/><V32/><F2/><W63/><G74/><T66/><D35/><U36/><E78/><V3/><F3/><W104/><G109/><T26/><D126/><U15/><E127/><V65/><F135/><W34/><G34/><T83/><D105/><U77/><E77/><V25/><F13/><W92/><G132/><T131/><D131/><U42/><E128/><V100/><F100/><W11/><G114/><T12/><D116/><U24/><E115/><V31/><F31/><W53/><G84/><T69/><D83/><U73/><E73/><V54/><F54/><W37/><G18/><T8/><D12/><U95/><E24/><V97/><F72/><W124/><G124/><T111/><D111/><U10/><E52/><V125/><F125/><W110/><G7/><T28/><D22/><U21/><E21/><V103/><F90/><W1/><G110/><T17/><D69/><U112/><E112/><V45/><F61/><W49/><G92/><T87/><D87/><U108/><E108/><V91/><REACH who="2" step="1"/><F65/><REACH who="2" ten="259,159,153,419" step="2"/><W60/><G63/><N who="0" m="36255" /><D66/><U99/><E0/><V33/><F33/><W101/><G60/><T5/><AGARI ba="0,1" hai="5,8,14,17,19,23,26,28,43,47,50" m="36255" machi="5" ten="30,2000,0" yaku="8,1,52,1" doraHai="39" who="0" fromWho="0" sc="259,30,159,-10,153,-5,419,-5" /><INIT seed="6,0,0,4,2,4" ten="289,149,148,414" oya="2" hai0="135,107,102,61,32,11,13,75,90,96,43,70,93" hai1="69,14,99,91,98,94,130,119,25,48,82,85,52" hai2="9,74,92,6,134,33,50,127,89,44,31,100,124" hai3="66,122,8,88,53,58,121,132,37,1,116,51,27"/><V110/><F74/><W39/><G116/><T103/><D32/><U20/><E130/><V81/><F110/><W117/><G117/><T118/><D118/><U83/><E69/><V18/><F134/><W111/><G111/><T123/><D123/><U35/><E35/><V45/><F100/><W10/><G132/><T106/><D103/><U131/><E131/><V97/><F81/><N who="1" m="30729" /><E119/><V71/><F71/><W80/><G66/><T67/><D135/><U65/><E65/><V101/><F18/><W60/><G27/><T29/><D29/><N who="1" m="17575" /><E14/><V41/><F45/><AGARI ba="0,0" hai="45,48,52,85,91,94,98,99" m="17575,30729" machi="45" ten="30,2000,0" yaku="8,1,54,1" doraHai="4" who="1" fromWho="2" sc="289,0,149,20,148,-20,414,0" /><INIT seed="7,0,0,1,1,25" ten="289,169,128,414" oya="3" hai0="13,61,134,0,135,15,37,22,1,28,29,105,127" hai1="129,133,87,97,117,82,41,16,125,83,66,24,12" hai2="76,103,73,102,54,57,60,32,23,72,65,11,3" hai3="51,94,98,31,115,18,132,78,77,100,43,62,5"/><W47/><G115/><T30/><D37/><U126/><E117/><V34/><F23/><W8/><G132/><N who="0" m="50731" /><D105/><U116/><E133/><V67/><F3/><N who="0" m="1098" /><D127/><U130/><E24/><V85/><F11/><W84/><G62/><T59/><D22/><N who="1" m="11527" /><E116/><V108/><F108/><W39/><G39/><T104/><D104/><U38/><E66/><V36/><F36/><W75/><G75/><T68/><D68/><U70/><E70/><V4/><F4/><W58/><G58/><T131/><D131/><N who="1" m="50187" /><E82/><V106/><F85/><W124/><G124/><T90/><D90/><N who="1" m="51583" /><E97/><V111/><F111/><W114/><G47/><AGARI ba="0,0" hai="38,41,47,125,126" m="51583,50187,11527" machi="47" ten="30,2000,0" yaku="19,1,54,1" doraHai="25" who="1" fromWho="3" sc="289,0,169,20,128,0,414,-20" owari="289,9.0,189,-21.0,128,-37.0,394,49.0" /></mjloggm>