<mjloggm ver="2.3"><GO type="185" lobby="0"/><UN n0="%E5%A4%9A%E6%9E%97%E6%99%8B" n1="%E3%81%BE%E3%81%A4%E3%81%AE%E3%81%8F%E3%82%93" n2="%68%69%72%6F%6E%6E%32%30" n3="" dan="16,17,16,0" rate="2198.72,2258.25,2188.16,1500.00" sx="M,M,M,C"/><TAIKYOKU oya="0"/><INIT seed="0,0,0,3,5,115" ten="350,350,350,0" oya="0" hai0="69,33,1,43,135,73,108,56,46,3,84,112,81" hai1="50,127,116,58,90,41,79,62,123,71,95,99,101" hai2="36,68,122,32,121,120,125,39,132,67,118,109,54" hai3=""/><T85/><D33/><U92/><N who="1" m="31520" /><U74/><E127/><V48/><N who="2" m="30752" /><V66/><N who="2" m="31008" /><V2/><N who="2" m="31264" /><V42/><F2/><T51/><D69/><U89/><E116/><V45/><F32/><T0/><D112/><U130/><E130/><V88/><F125/><T57/><D135/><U113/><E113/><V129/><F132/><T106/><D106/><U55/><E74/><V35/><F35/><T110/><D73/><U105/><E79/><V52/><F129/><T83/><D81/><U64/><E41/><V91/><F118/><T114/><D114/><U61/><E61/><V126/><F126/><T80/><D83/><U60/><E60/><V70/><F109/><N who="0" m="42090" /><D84/><U40/><E40/><V97/><F97/><T76/><AGARI ba="0,0" hai="0,1,3,43,46,51,56,57,76,80,85" m="42090" machi="76" ten="40,2600,0" yaku="14,1,10,1" doraHai="115" who="0" fromWho="0" sc="350,26,350,-13,350,-13,0,0" /><INIT seed="0,1,0,3,1,62" ten="376,337,337,0" oya="0" hai0="105,135,88,73,134,33,111,119,71,123,79,70,127" hai1="118,55,114,94,77,61,126,3,41,49,102,84,81" hai2="113,51,99,32,1,72,92,121,101,40,124,2,76" hai3=""/><T43/><RYUUKYOKU type="yao9" ba="1,0" sc="376,0,337,0,337,0,0,0" hai0="33,43,70,71,73,79,88,105,111,119,123,127,134,135" /><INIT seed="0,2,0,0,4,42" ten="376,337,337,0" oya="0" hai0="135,68,70,104,59,103,130,39,113,60,96,112,85" hai1="115,120,90,83,66,80,0,38,37,109,107,76,51" hai2="129,131,93,44,133,111,99,52,119,78,40,92,116" hai3=""/><T94/><D135/><U69/><N who="1" m="30752" /><U71/><E0/><V2/><F2/><T118/><D118/><N who="2" m="45098" /><F111/><T61/><D130/><N who="2" m="49674" /><F78/><T65/><D39/><U3/><E115/><V125/><F125/><T75/><D75/><U100/><E3/><V121/><N who="2" m="31008" /><V126/><F126/><T73/><D73/><U127/><E76/><V124/><F133/><T128/><D128/><U41/><E109/><V58/><F99/><T101/><D68/><U54/><E71/><V89/><F89/><T81/><D103/><U67/><E90/><V98/><F98/><T106/><D113/><U97/><E97/><V33/><F33/><T47/><D112/><U91/><E91/><V95/><F124/><T53/><D47/><U55/><E127/><V79/><F79/><AGARI ba="2,0" hai="53,59,60,61,65,70,79,81,85,94,96,101,104,106" machi="79" ten="30,1500,0" yaku="7,1" doraHai="42" who="0" fromWho="2" sc="376,19,337,0,337,-19,0,0" /><INIT seed="0,3,0,3,5,117" ten="395,337,318,0" oya="0" hai0="96,92,81,69,104,38,57,120,122,33,119,105,37" hai1="93,75,47,132,52,63,65,114,88,59,95,46,62" hai2="80,87,78,103,67,41,113,85,109,121,98,83,112" hai3=""/><T58/><N who="0" m="30752" /><T131/><N who="0" m="31264" /><T48/><D33/><U53/><E75/><V106/><N who="2" m="31008" /><V134/><F41/><T99/><D119/><U42/><E132/><V97/><F67/><T72/><D69/><U130/><E130/><V94/><F134/><T74/><D131/><U129/><E129/><V108/><F94/><T123/><N who="0" m="31520" /><T44/><D81/><U102/><E114/><N who="2" m="44139" /><F98/><T34/><D34/><U90/><E102/><V116/><F116/><T56/><D37/><U100/><E100/><V55/><F55/><T50/><D38/><U79/><E79/><AGARI ba="3,0" hai="78,79,80,83,85,87,97,103,106,108,109" m="44139,31008" machi="79" ten="30,7700,0" yaku="34,2,52,2" doraHai="117" who="2" fromWho="1" sc="395,0,337,-83,318,83,0,0" /><INIT seed="1,0,0,5,4,43" ten="395,254,401,0" oya="1" hai0="71,1,97,89,42,0,101,116,135,103,104,84,128" hai1="3,86,92,130,77,105,72,93,36,48,78,53,123" hai2="112,63,64,113,134,124,85,83,131,51,117,87,114" hai3=""/><U98/><N who="1" m="31520" /><U70/><E3/><V121/><N who="2" m="31008" /><V65/><F117/><T79/><D71/><U61/><E130/><V100/><F131/><T75/><D128/><U37/><E105/><V46/><F124/><T40/><D116/><U57/><E72/><V99/><F134/><T60/><D135/><U80/><E77/><V82/><F82/><T102/><D60/><U122/><N who="1" m="31264" /><U33/><E33/><V81/><F81/><T109/><D109/><U126/><E126/><V120/><N who="2" m="30752" /><V95/><F63/><T44/><D40/><U38/><REACH who="1" step="1"/><E98/><REACH who="1" ten="395,244,401,0" step="2"/><V91/><F85/><T115/><D75/><U76/><E76/><V111/><F111/><T108/><D79/><U90/><E90/><V39/><F39/><T68/><D108/><U50/><E50/><V56/><F56/><T66/><D0/><U133/><E133/><V96/><F99/><T32/><D1/><U58/><E58/><V41/><AGARI ba="0,1" hai="41,46,51,64,65,83,87,91,95,96,100,112,113,114" m="30752,31008" machi="41" ten="30,6000,1" yaku="0,1,11,1,52,3" doraHai="43" who="2" fromWho="2" sc="395,-20,244,-40,401,70,0,0" /><INIT seed="2,0,0,5,1,64" ten="375,204,471,0" oya="2" hai0="43,104,35,84,68,65,123,74,81,97,71,130,54" hai1="59,114,124,51,67,105,50,132,122,116,52,79,119" hai2="75,46,72,120,47,118,37,61,135,99,125,0,1" hai3=""/><V55/><N who="2" m="30752" /><V102/><F118/><N who="1" m="45097" /><E105/><V34/><F135/><T96/><N who="0" m="31520" /><T86/><D35/><U98/><N who="1" m="31264" /><U85/><E98/><V45/><F125/><T106/><D130/><U44/><E79/><V48/><F34/><T63/><D71/><U93/><E85/><V127/><F127/><T57/><D43/><U109/><E93/><V112/><F112/><T32/><D32/><U133/><E124/><V92/><F61/><T88/><D74/><U69/><E114/><V36/><F75/><T134/><D134/><N who="1" m="51819" /><E109/><V77/><F77/><T60/><D106/><U62/><E51/><V89/><F72/><T70/><D104/><U53/><E53/><V103/><F55/><T58/><D97/><U90/><E90/><V108/><F48/><T91/><D96/><U80/><E80/><AGARI ba="0,0" hai="54,57,58,60,63,65,68,70,80,81,84,86,88,91" m="31520" machi="80" ten="30,12000,2" yaku="7,1,9,1,52,3,54,1" doraHai="64" who="0" fromWho="1" sc="375,120,204,-120,471,0,0,0" /><INIT seed="4,0,0,1,0,45" ten="495,84,471,0" oya="0" hai0="71,110,109,134,130,118,123,73,46,129,79,127,85" hai1="42,44,78,93,53,135,111,107,102,57,66,77,112" hai2="104,40,60,87,36,1,132,117,0,68,113,120,43" hai3=""/><T103/><N who="0" m="31520" /><T122/><N who="0" m="31264" /><T54/><D71/><U90/><E111/><N who="0" m="42505" /><D118/><U61/><E135/><V91/><N who="2" m="30752" /><V62/><F132/><T80/><D134/><U128/><E112/><V2/><F113/><T124/><D103/><U126/><E128/><N who="0" m="49257" /><D46/><U83/><E126/><N who="0" m="48169" /><D54/><U76/><E102/><V65/><F117/><T48/><D48/><U50/><E107/><V101/><F36/><T121/><N who="0" m="31008" /><T84/><AGARI ba="0,0" hai="73,79,80,84,85" m="31008,48169,49257,42505,31264,31520" machi="84" ten="40,16000,3" yaku="4,1,10,1,19,1,18,1,34,2,52,3" doraHai="45" who="0" fromWho="0" sc="495,160,84,-80,471,-80,0,0" /><INIT seed="4,1,0,0,1,39" ten="655,4,391,0" oya="0" hai0="135,113,56,61,34,54,67,125,88,110,50,127,108" hai1="49,100,128,116,65,51,133,89,3,74,119,70,82" hai2="47,73,102,85,33,52,72,36,129,101,83,42,130" hai3=""/><T106/><D34/><U87/><E3/><V32/><F32/><T115/><D106/><U55/><E128/><N who="2" m="49259" /><F33/><T107/><D107/><U1/><E1/><V76/><F73/><T91/><D88/><U2/><E2/><V98/><F72/><T58/><D91/><U124/><E124/><N who="0" m="47689" /><D135/><U131/><E131/><V96/><F96/><T48/><D50/><U120/><N who="1" m="30752" /><U53/><E133/><V109/><F109/><AGARI ba="1,0" hai="48,54,56,58,61,67,108,109,110,113,115" m="47689" machi="109" ten="30,11600,0" yaku="10,1,18,1,34,2" doraHai="39" who="0" fromWho="2" sc="655,118,4,0,391,-118,0,0" /><INIT seed="4,2,0,0,3,93" ten="773,4,273,0" oya="0" hai0="111,59,99,101,108,70,119,94,45,90,69,65,34" hai1="74,112,73,116,117,66,88,113,71,115,104,61,84" hai2="0,120,128,50,114,77,124,96,78,57,42,40,86" hai3=""/><T85/><D34/><U122/><N who="1" m="31264" /><U134/><E104/><V33/><N who="2" m="30752" /><V44/><F0/><T109/><D119/><N who="1" m="45643" /><E134/><V75/><F33/><T63/><REACH who="0" step="1"/><D45/><REACH who="0" ten="763,4,273,0" step="2"/><U97/><E97/><V43/><F96/><T132/><D132/><U123/><N who="1" m="31520" /><U106/><E106/><AGARI ba="2,1" hai="59,63,65,69,70,85,90,94,99,101,106,108,109,111" machi="106" ten="40,18000,2" yaku="1,1,10,1,52,1,53,3" doraHai="93" doraHaiUra="121" who="0" fromWho="1" sc="763,194,4,-184,273,0,0,0" owari="957,91.0,-180,-78.0,273,-13.0,0,0.0" /></mjloggm>