<mjloggm ver="2.3"><GO type="225" lobby="0"/><UN n0="%E3%83%AD%E3%83%9C%E3%82%B3%E3%83%97" n1="%E8%88%B9%E8%A6%8B%E7%B5%90%E8%A1%A3%E3%81%A1%E3%82%83%E3%82%93" n2="%E5%BE%80%E5%B9%B4%E3%81%AE%E3%82%B4%E3%83%AA%E3%83%A9" n3="%E3%83%96%E3%83%AB%E3%83%BC%E3%83%91%E3%83%B3%E3%83%80" dan="16,16,16,16" rate="2117.96,2128.02,2107.92,2020.85" sx="M,F,M,F"/><TAIKYOKU oya="0"/><INIT seed="0,0,0,3,1,8" ten="250,250,250,250" oya="0" hai0="134,27,95,132,56,116,15,131,124,78,122,43,25" hai1="109,106,135,67,88,2,100,42,48,111,83,92,18" hai2="3,98,82,85,75,65,68,72,101,4,105,125,57" hai3="71,54,46,19,121,63,59,69,113,11,7,97,103"/><T123/><BYE who="3" /><D116/><UN n3="%E3%83%96%E3%83%AB%E3%83%BC%E3%83%91%E3%83%B3%E3%83%80" /><U114/><E135/><N who="0" m="51753" /><D131/><U14/><E114/><V110/><F68/><W37/><G113/><T128/><D128/><U62/><E2/><V55/><F65/><W129/><G129/><T13/><D124/><U58/><E83/><V96/><F96/><W26/><G121/><N who="0" m="46091" /><D78/><U89/><E106/><V16/><F125/><W102/><G26/><N who="0" m="9739" /><D43/><U118/><E118/><V127/><F127/><W12/><G103/><T60/><D95/><U77/><E77/><V87/><F105/><W32/><G32/><T40/><D40/><U33/><E33/><V81/><F101/><W126/><G126/><T51/><D51/><U31/><E42/><V53/><F75/><W41/><REACH who="3" step="1"/><G7/><REACH who="3" ten="250,250,250,240" step="2"/><T64/><AGARI ba="0,1" hai="13,15,56,60,64" m="9739,46091,51753" machi="64" ten="40,7800,0" yaku="20,1,52,2" doraHai="8" who="0" fromWho="0" sc="250,88,250,-26,250,-26,240,-26" /><INIT seed="0,1,0,3,0,5" ten="338,224,224,214" oya="0" hai0="131,120,73,6,23,80,42,108,47,122,88,70,92" hai1="78,89,95,98,84,130,110,72,33,43,7,41,69" hai2="105,83,68,77,99,30,35,90,104,81,67,100,91" hai3="116,22,79,117,1,112,62,16,74,29,133,34,31"/><T20/><D70/><U114/><E33/><V124/><F124/><W61/><G112/><T28/><D131/><U49/><E69/><V2/><F2/><W13/><G1/><T113/><D113/><U75/><E114/><V76/><F35/><W46/><G133/><T63/><D63/><U102/><E110/><V39/><F39/><W58/><G46/><T132/><D132/><U9/><E130/><V106/><F30/><W3/><G3/><T64/><D64/><U126/><E126/><V134/><F67/><W118/><G34/><T4/><D108/><U127/><E127/><V12/><F12/><W119/><G62/><T52/><D73/><U115/><E115/><V11/><F11/><W125/><G125/><T24/><D80/><N who="2" m="30794" /><F68/><W101/><G101/><T128/><D128/><U25/><E25/><V121/><F121/><W38/><G38/><T60/><D122/><U97/><E78/><N who="2" m="30315" /><F134/><W8/><G79/><T51/><D120/><U17/><E75/><V50/><F50/><W107/><G74/><T10/><D23/><U56/><E72/><V96/><F100/><W54/><N who="3" m="29696" /><DORA hai="94" /><W40/><G40/><N who="1" m="15434" /><E7/><V14/><F14/><W48/><G48/><T123/><D123/><U103/><E102/><V66/><F66/><W18/><REACH who="3" step="1"/><G107/><REACH who="3" ten="338,224,224,204" step="2"/><T57/><REACH who="0" step="1"/><D10/><REACH who="0" ten="328,224,224,204" step="2"/><U32/><E32/><V65/><F65/><W53/><G53/><T36/><D36/><U129/><E129/><V111/><F111/><W45/><G45/><T37/><D37/><U135/><E135/><V93/><F93/><W26/><AGARI ba="1,2" hai="8,13,16,18,22,26,29,31,54,58,61" m="29696" machi="26" ten="60,8000,1" yaku="1,1,0,1,52,1,54,1,53,0" doraHai="5,94" doraHaiUra="0,82" who="3" fromWho="3" sc="328,-41,224,-21,224,-21,204,103" /><INIT seed="1,0,0,2,3,39" ten="287,203,203,307" oya="1" hai0="6,16,110,45,102,96,61,42,36,48,0,53,92" hai1="8,7,26,89,19,51,77,49,67,60,106,2,103" hai2="68,120,4,17,25,34,87,97,134,132,40,44,54" hai3="88,101,133,115,74,38,66,21,82,75,108,69,81"/><U122/><E122/><V72/><F72/><W46/><G115/><T50/><D110/><U127/><E127/><V47/><F68/><W100/><G108/><T99/><D0/><U70/><E77/><V37/><F120/><W116/><G116/><T58/><D6/><U112/><E112/><V85/><F4/><W30/><G133/><N who="2" m="51305" /><F97/><W15/><G69/><T62/><D62/><U35/><E89/><V43/><F54/><W131/><G66/><T93/><REACH who="0" step="1"/><D16/><REACH who="0" ten="277,203,203,307" step="2"/><U124/><E124/><V12/><F12/><W23/><G15/><T129/><D129/><U22/><REACH who="1" step="1"/><E35/><REACH who="1" ten="277,193,203,307" step="2"/><V18/><F34/><W63/><G131/><T73/><D73/><U91/><E91/><AGARI ba="0,2" hai="36,42,45,48,50,53,58,61,91,92,93,96,99,102" machi="91" ten="30,3900,0" yaku="1,1,7,1,52,1,53,0" doraHai="39" doraHaiUra="64" who="0" fromWho="1" sc="277,59,193,-39,203,0,307,0" /><INIT seed="2,0,0,2,3,48" ten="336,154,203,307" oya="2" hai0="122,80,111,118,9,86,60,94,21,125,64,42,49" hai1="11,123,127,128,131,76,8,95,81,92,114,1,126" hai2="50,32,15,40,124,41,55,20,112,93,35,57,74" hai3="107,47,36,17,73,5,129,10,105,3,25,103,52"/><V90/><F74/><W134/><G73/><T85/><D122/><U53/><E53/><V132/><F112/><W28/><G134/><T58/><D111/><U117/><E1/><V7/><F132/><W4/><G129/><N who="1" m="49738" /><E8/><V66/><F124/><N who="1" m="47657" /><E11/><V97/><F66/><W59/><G103/><T116/><D125/><U101/><E114/><V62/><F62/><W82/><G82/><T102/><D9/><U77/><E123/><V68/><F68/><W109/><G109/><T115/><D115/><U89/><E117/><V78/><F7/><W88/><G5/><T98/><D118/><U113/><E113/><V69/><F69/><W19/><G19/><T121/><D116/><U13/><E13/><V83/><F40/><W67/><G67/><T119/><D119/><U31/><E31/><V71/><F71/><W45/><G17/><T33/><D121/><U61/><E61/><V54/><F41/><W79/><G28/><T43/><D43/><U51/><E51/><V16/><F55/><W72/><G52/><T37/><D49/><U133/><E133/><V24/><F15/><W14/><G14/><T29/><D42/><U96/><E81/><V104/><F35/><W27/><G27/><T39/><D33/><U63/><E63/><V108/><F32/><W34/><G34/><T18/><D80/><U70/><E70/><V106/><F108/><W30/><G25/><T87/><D29/><U46/><E46/><V91/><F91/><W65/><G30/><T84/><N who="0" m="21504" /><DORA hai="6" /><T2/><D2/><U100/><E95/><V135/><F135/><W0/><G0/><RYUUKYOKU ba="0,0" sc="336,10,154,10,203,10,307,-30" hai0="18,21,37,39,58,60,64,94,98,102" hai1="76,77,89,92,96,100,101" hai2="16,20,24,50,54,57,78,83,90,93,97,104,106" /><INIT seed="2,1,0,5,2,104" ten="346,164,213,277" oya="2" hai0="43,19,129,21,57,60,87,1,47,82,134,2,7" hai1="41,33,67,12,9,3,49,113,13,26,14,0,29" hai2="46,103,69,6,42,77,92,16,39,34,117,130,18" hai3="122,123,105,100,70,102,86,116,56,85,8,53,52"/><V63/><F117/><W99/><G70/><T96/><D129/><U38/><E38/><V35/><F130/><W22/><G116/><T54/><D134/><U24/><E67/><V90/><F6/><W5/><G102/><T112/><D96/><U84/><E113/><V27/><F103/><W110/><G110/><T83/><D7/><U11/><E84/><V131/><F131/><W73/><G73/><T78/><D83/><U94/><E94/><V15/><F77/><W115/><G115/><T106/><D106/><U62/><E62/><V50/><F39/><W71/><G71/><T111/><D111/><U133/><E49/><V91/><F91/><W17/><G86/><T126/><D112/><U32/><E41/><V55/><F27/><W58/><G85/><T101/><D101/><U95/><E95/><V88/><F90/><W118/><G118/><T75/><D87/><U89/><E89/><V48/><F18/><W98/><G98/><T119/><D119/><U23/><E133/><V64/><F48/><W120/><G56/><T68/><D68/><U66/><E66/><V109/><F42/><W28/><G28/><T132/><D132/><U121/><E121/><V135/><F135/><W125/><G125/><T30/><D30/><N who="1" m="17695" /><E33/><V128/><F109/><W72/><G72/><T124/><D126/><U65/><E65/><V59/><F69/><W81/><G81/><T37/><D124/><U74/><E74/><V4/><F128/><W36/><G36/><T31/><D31/><U20/><E32/><V80/><F35/><W76/><G122/><T97/><D97/><RYUUKYOKU ba="1,0" sc="346,15,164,15,213,-15,277,-15" hai0="1,2,19,21,37,43,47,54,57,60,75,78,82" hai1="0,3,9,11,12,13,14,20,26,29" /><INIT seed="3,2,0,4,3,10" ten="361,179,198,262" oya="3" hai0="48,87,110,80,112,72,107,90,97,86,130,127,5" hai1="119,132,101,84,35,118,0,43,46,100,25,129,50" hai2="74,39,82,92,62,44,9,31,58,109,11,53,128" hai3="42,40,52,55,30,120,1,88,26,63,64,60,2"/><W102/><G120/><T28/><D110/><U51/><E0/><V116/><F109/><W108/><G108/><T114/><D130/><U134/><E129/><V33/><F128/><W14/><G102/><N who="1" m="39530" /><E84/><V85/><F116/><N who="1" m="44585" /><E51/><V98/><F74/><W75/><G75/><T89/><D127/><U17/><E17/><V96/><F33/><W16/><G2/><T71/><D71/><U36/><E36/><V20/><F39/><W4/><G4/><T32/><D5/><U111/><E111/><V83/><F44/><W81/><G1/><T106/><D72/><U56/><E56/><V78/><F83/><W104/><G104/><T105/><D97/><N who="2" m="37482" /><F92/><W3/><G3/><T66/><D66/><U47/><E47/><V95/><F95/><W24/><G30/><T29/><D48/><U121/><E121/><V77/><F77/><W115/><G115/><N who="0" m="44075" /><D32/><U76/><E76/><V135/><F135/><N who="1" m="51753" /><E35/><V22/><F22/><N who="3" m="11543" /><G63/><T67/><D67/><U12/><E12/><V79/><F79/><W41/><G64/><T122/><D122/><U34/><E34/><V99/><F99/><W113/><G113/><T73/><D73/><U45/><E45/><V49/><F62/><W61/><G61/><T13/><D13/><U125/><E25/><AGARI ba="2,0" hai="9,11,20,25,31,49,53,58,78,82,85" m="37482" machi="25" ten="30,1000,0" yaku="8,1" doraHai="10" who="2" fromWho="1" sc="361,0,179,-16,198,16,262,0" owari="361,47.0,163,-34.0,214,-19.0,262,6.0" /></mjloggm>