<mjloggm ver="2.3"><GO type="169" lobby="0"/><UN n0="%6F%63%69%6E%70%6F%70%6F" n1="%E3%81%B4%E3%81%AE%E3%81%93" n2="%69%6E%61%7A%6F" n3="%4D%73%75%7A%75%74%6F" dan="17,17,16,18" rate="2120.25,2242.17,2132.95,2221.37" sx="F,M,M,M"/><TAIKYOKU oya="0"/><INIT seed="0,0,0,3,4,91" ten="250,250,250,250" oya="0" hai0="64,74,106,98,101,80,134,44,121,57,61,133,125" hai1="18,99,89,14,123,135,24,65,103,93,20,46,113" hai2="100,70,11,60,33,49,43,124,88,19,73,87,47" hai3="118,2,40,31,86,48,102,83,94,27,108,15,9"/><T35/><D121/><U76/><E135/><N who="0" m="51721" /><D35/><U119/><E119/><V59/><F73/><W51/><G108/><T37/><D125/><U114/><E123/><V38/><F33/><W81/><G2/><T17/><D17/><U30/><E76/><V58/><F124/><W69/><G69/><T66/><D80/><U26/><E46/><V126/><F126/><W109/><G109/><T13/><D13/><U110/><E110/><V90/><F100/><W23/><G118/><T0/><D0/><U75/><E75/><V1/><F70/><W79/><G40/><N who="0" m="22543" /><D74/><U112/><E65/><AGARI ba="0,0" hai="57,61,64,65,66,98,101,106" m="22543,51721" machi="65" ten="30,1500,0" yaku="20,1" doraHai="91" who="0" fromWho="1" sc="250,15,250,-15,250,0,250,0" /><INIT seed="0,1,0,5,5,42" ten="265,235,250,250" oya="0" hai0="54,113,124,114,9,35,17,106,105,30,126,39,74" hai1="85,15,90,60,31,48,44,40,81,67,88,32,83" hai2="132,43,128,71,18,82,53,47,52,59,98,46,91" hai3="33,20,7,108,22,61,64,107,97,76,112,55,57"/><T130/><D74/><U51/><E32/><V5/><F71/><W134/><G112/><N who="0" m="43115" /><D39/><U131/><E31/><V62/><F43/><W27/><G108/><T56/><D30/><U1/><E1/><V26/><F128/><W66/><G134/><T19/><D35/><U89/><E131/><V11/><F132/><W38/><G38/><T12/><D17/><U129/><E129/><V14/><F53/><W78/><G7/><T120/><D120/><U117/><E117/><V6/><F82/><W135/><G135/><T4/><D19/><U84/><E15/><V123/><F123/><W69/><G66/><T75/><D75/><U50/><REACH who="1" step="1"/><E90/><REACH who="1" ten="265,225,250,250" step="2"/><V8/><F26/><W86/><G33/><T0/><D12/><U24/><E24/><V41/><F8/><W36/><G27/><T119/><D119/><U133/><E133/><V25/><F25/><W16/><G20/><T101/><D130/><U110/><E110/><V10/><F10/><W68/><G22/><T100/><D105/><U21/><E21/><V13/><F13/><W45/><G107/><T37/><D106/><U77/><E77/><V28/><F28/><W87/><G78/><T49/><D37/><U23/><E23/><V92/><F41/><W94/><G76/><T93/><D100/><U2/><E2/><V118/><F118/><W96/><G36/><T102/><D101/><U80/><E80/><V121/><F121/><W65/><G94/><T3/><D3/><U122/><E122/><V115/><F11/><W73/><G16/><T63/><D102/><U103/><E103/><V95/><F115/><RYUUKYOKU ba="1,1" sc="265,-10,225,30,250,-10,250,-10" hai1="40,44,48,50,51,60,67,81,83,84,85,88,89" /><INIT seed="1,2,1,3,1,9" ten="255,255,240,240" oya="1" hai0="127,73,19,85,59,49,116,75,84,0,106,110,79" hai1="119,33,1,120,56,67,78,46,69,55,72,15,13" hai2="50,71,66,95,90,12,21,97,101,81,63,14,58" hai3="28,68,3,7,130,38,132,99,98,27,105,83,131"/><U32/><E120/><V34/><F34/><W121/><G121/><T43/><D0/><U112/><E119/><V11/><F11/><N who="3" m="2559" /><G68/><T109/><D106/><U126/><E112/><V2/><F2/><W39/><G83/><N who="0" m="47231" /><D85/><U24/><E33/><V135/><F135/><W125/><G125/><T62/><D116/><U29/><E72/><V123/><F123/><W76/><G76/><T41/><D19/><U100/><E78/><V87/><F71/><W111/><G111/><N who="0" m="42507" /><D41/><U86/><E86/><V134/><F134/><W52/><G52/><N who="0" m="34151" /><D127/><U96/><E46/><AGARI ba="2,1" hai="43,46,49,73,75" m="34151,42507,47231" machi="46" ten="30,2000,0" yaku="14,1,54,1" doraHai="9" who="0" fromWho="1" sc="255,36,255,-26,240,0,240,0" /><INIT seed="2,0,0,2,0,19" ten="291,229,240,240" oya="2" hai0="1,24,106,95,87,45,5,38,65,75,41,73,4" hai1="133,118,25,15,55,77,80,56,16,51,64,62,50" hai2="81,114,134,52,132,97,44,70,100,115,128,107,10" hai3="74,36,22,46,59,40,11,103,82,89,27,6,68"/><V67/><F128/><W85/><G68/><T34/><D106/><U105/><E133/><N who="2" m="51307" /><F81/><W126/><G126/><T91/><D65/><U33/><E118/><V108/><F108/><W130/><G130/><T14/><D1/><U92/><E105/><V18/><F67/><W124/><G124/><T122/><D122/><U69/><E92/><V72/><F70/><W135/><G135/><T104/><D104/><U17/><E33/><V7/><F18/><W31/><G103/><T94/><D94/><U13/><E51/><N who="2" m="28775" /><F72/><W9/><G74/><T58/><D4/><U79/><E25/><V90/><F90/><W86/><G6/><T28/><D58/><U121/><E121/><V111/><F111/><W48/><G36/><T96/><D96/><U49/><E49/><V37/><F37/><W84/><G59/><T116/><D116/><U35/><E35/><V99/><F97/><W26/><G26/><T61/><D61/><U8/><E80/><V76/><F76/><W12/><G12/><AGARI ba="0,0" hai="7,10,12,99,100,107,114,115" m="28775,51307" machi="12" ten="30,2900,0" yaku="20,1,54,1" doraHai="19" who="2" fromWho="3" sc="291,0,229,0,240,29,240,-29" /><INIT seed="2,1,0,3,1,33" ten="291,229,269,211" oya="2" hai0="16,60,19,116,113,50,88,28,4,5,35,13,91" hai1="114,63,79,127,86,3,72,29,77,108,110,125,43" hai2="9,90,118,8,41,39,52,38,128,75,26,89,126" hai3="64,30,18,46,71,25,85,67,37,123,20,102,80"/><V22/><F118/><W121/><G102/><T96/><D113/><U2/><E63/><V130/><F75/><W76/><G67/><T131/><D131/><N who="2" m="50218" /><F126/><N who="1" m="48137" /><E72/><V122/><F122/><W97/><G97/><T103/><D35/><U0/><E114/><V68/><F68/><W135/><G135/><T93/><D28/><U111/><E29/><V98/><F9/><W10/><G64/><T48/><D60/><U11/><E11/><V55/><F8/><W104/><G104/><T81/><D116/><U24/><E24/><V7/><F7/><N who="0" m="2634" /><D13/><U132/><E132/><V133/><F133/><W61/><G61/><T56/><D81/><N who="1" m="47407" /><E43/><V92/><F90/><N who="0" m="34346" /><D48/><U134/><E134/><V40/><F41/><W6/><G71/><T129/><D129/><U99/><E99/><V15/><F15/><W69/><G69/><T83/><D83/><U58/><E58/><V49/><F40/><W51/><G37/><N who="2" m="13833" /><F49/><W23/><G23/><T34/><D34/><U17/><E79/><V105/><F105/><W95/><G95/><T66/><D66/><U44/><E17/><AGARI ba="1,0" hai="17,22,26,52,55,89,92,98" m="13833,50218" machi="17" ten="30,2900,0" yaku="19,1,54,1" doraHai="33" who="2" fromWho="1" sc="291,0,229,-32,269,32,211,0" /><INIT seed="2,2,0,4,2,16" ten="291,197,301,211" oya="2" hai0="64,39,19,52,96,86,130,82,45,46,122,43,132" hai1="121,101,36,74,114,1,32,49,17,134,119,57,104" hai2="90,83,133,14,126,4,25,9,103,48,53,50,79" hai3="98,135,28,37,63,54,20,29,35,113,75,33,120"/><V8/><F126/><W18/><G37/><T5/><D122/><U115/><RYUUKYOKU type="yao9" ba="2,0" sc="291,0,197,0,301,0,211,0" hai1="1,17,32,36,49,57,74,101,104,114,115,119,121,134" /><INIT seed="2,3,0,5,3,38" ten="291,197,301,211" oya="2" hai0="128,47,48,3,122,0,79,95,23,99,110,4,73" hai1="58,5,77,131,28,35,49,126,51,98,62,129,37" hai2="123,68,96,88,127,107,13,41,101,78,45,57,7" hai3="8,119,97,21,19,27,82,74,34,67,32,91,26"/><V30/><F68/><W60/><G119/><T9/><D122/><U31/><E98/><V42/><F123/><W113/><G113/><T70/><D70/><U94/><E94/><V59/><F78/><W36/><G36/><T86/><D110/><U24/><E77/><V80/><F30/><W83/><G74/><T40/><D128/><U17/><E5/><V125/><F45/><W135/><G135/><T69/><D69/><U124/><E37/><V52/><F59/><W25/><G34/><T87/><D0/><U133/><E17/><V43/><F13/><W14/><G32/><T121/><D121/><U2/><E31/><V53/><F7/><W102/><G8/><T11/><D11/><U1/><E49/><V39/><F39/><W112/><G91/><T104/><D104/><U63/><E51/><V75/><F75/><W44/><G44/><T50/><D50/><U117/><E62/><V54/><REACH who="2" step="1"/><F57/><REACH who="2" ten="291,197,291,211" step="2"/><N who="3" m="37263" /><G112/><T116/><D116/><U132/><E2/><V6/><F6/><W56/><G56/><T115/><D115/><U12/><E12/><V64/><F64/><W16/><G19/><T100/><REACH who="0" step="1"/><D23/><REACH who="0" ten="281,197,291,211" step="2"/><U109/><E1/><V22/><F22/><W65/><G21/><T118/><D118/><U103/><E117/><V66/><F66/><W92/><G65/><T71/><D71/><U84/><E63/><V33/><F33/><W111/><G27/><T114/><D114/><U18/><E24/><V89/><F89/><W120/><G26/><T10/><D10/><U106/><E35/><V81/><F81/><AGARI ba="3,2" hai="3,4,9,40,47,48,73,79,81,86,87,95,99,100" machi="81" ten="40,2600,0" yaku="1,1,52,1,53,0" doraHai="38" doraHaiUra="29" who="0" fromWho="2" sc="281,55,197,0,291,-35,211,0" /><INIT seed="3,0,0,3,1,113" ten="336,197,256,211" oya="3" hai0="130,66,103,99,24,88,87,22,132,129,133,119,38" hai1="114,29,83,97,71,2,37,58,44,101,53,85,64" hai2="59,125,9,134,72,98,60,31,45,19,131,33,63" hai3="42,108,94,41,115,61,67,10,34,26,30,124,49"/><W80/><G115/><T11/><D38/><U13/><E114/><V78/><F33/><W93/><G124/><T0/><D66/><U35/><E2/><V57/><F31/><W111/><G80/><N who="0" m="49255" /><D11/><U122/><E122/><V104/><F125/><W128/><G128/><N who="0" m="49259" /><D0/><U62/><E35/><V70/><F70/><W32/><G10/><T69/><D69/><U12/><E29/><V126/><F126/><W91/><G34/><T5/><D5/><U14/><E37/><V90/><F78/><W51/><G51/><T39/><D39/><U54/><E44/><V48/><F72/><W89/><G49/><T15/><D15/><U4/><E71/><V95/><F104/><W123/><G123/><T127/><D127/><U84/><E4/><V117/><F59/><N who="3" m="37311" /><G41/><T43/><D43/><U76/><REACH who="1" step="1"/><E85/><REACH who="1" ten="336,187,256,211" step="2"/><V55/><F131/><W112/><G112/><T47/><D47/><U28/><E28/><V74/><F74/><W109/><G42/><T52/><D132/><U105/><AGARI ba="0,1" hai="12,13,14,53,54,58,62,64,76,83,84,97,101,105" machi="105" ten="30,2000,0" yaku="1,1,0,1,53,0" doraHai="113" doraHaiUra="16" who="1" fromWho="1" sc="336,-5,187,30,256,-5,211,-10" /><INIT seed="4,0,0,2,1,122" ten="331,217,251,201" oya="0" hai0="48,58,95,104,49,127,6,113,86,66,131,130,43" hai1="33,75,12,15,22,2,3,44,0,20,16,120,28" hai2="64,14,89,78,27,61,68,92,26,134,34,63,46" hai3="82,41,93,60,24,106,36,21,98,81,100,79,103"/><T110/><D104/><U111/><E44/><V35/><F78/><W11/><G11/><T10/><D113/><U108/><E75/><V77/><F77/><W25/><G36/><T4/><D127/><U52/><E52/><V8/><F134/><W37/><G37/><T40/><D10/><U69/><E69/><V85/><F34/><W112/><G112/><T116/><D95/><U97/><E97/><V70/><F35/><W118/><G41/><T125/><D125/><U51/><E51/><V19/><F46/><W114/><G118/><T132/><D132/><U39/><E39/><V115/><F115/><W13/><G114/><T38/><D38/><U128/><E128/><V102/><F102/><W129/><G129/><T65/><D86/><U87/><E87/><V57/><F68/><W124/><G124/><T1/><D1/><U73/><E73/><V105/><F105/><W133/><G133/><T30/><D30/><U31/><E120/><V18/><REACH who="2" step="1"/><F19/><REACH who="2" ten="331,217,241,201" step="2"/><W7/><G103/><T71/><D71/><U56/><E56/><V109/><F109/><N who="1" m="42057" /><E33/><V54/><AGARI ba="0,1" hai="8,14,18,26,27,54,57,61,63,64,70,85,89,92" machi="54" ten="20,5200,0" yaku="1,1,0,1,7,1,53,1" doraHai="122" doraHaiUra="88" who="2" fromWho="2" sc="331,-26,217,-13,241,62,201,-13" /><INIT seed="5,0,0,5,5,112" ten="305,204,303,188" oya="1" hai0="18,130,108,92,6,48,74,63,68,69,60,128,35" hai1="99,87,120,117,101,76,83,13,107,10,11,46,129" hai2="16,14,71,135,114,59,2,127,34,25,98,26,67" hai3="43,131,72,53,125,132,66,31,49,65,116,93,119"/><U78/><E120/><V106/><F2/><W33/><G72/><T20/><D74/><U29/><E129/><N who="0" m="49769" /><D35/><U94/><E117/><N who="3" m="45130" /><G132/><T55/><D6/><U133/><E133/><V97/><F127/><W113/><G113/><T102/><D102/><U90/><E78/><V44/><F71/><N who="0" m="27210" /><D92/><U56/><E29/><V0/><F0/><W22/><G125/><T70/><N who="0" m="27218" /><T30/><DORA hai="12" /><D30/><U36/><E56/><V61/><F106/><W47/><G33/><T80/><D80/><U124/><E124/><V7/><F7/><W123/><G123/><T118/><D108/><U57/><E57/><V104/><F104/><W37/><G131/><T110/><D110/><U105/><E105/><V3/><F3/><W122/><G122/><T28/><D28/><U103/><E103/><V52/><F34/><W86/><G31/><T95/><D95/><U109/><E109/><V75/><F75/><W50/><G22/><T42/><D42/><U38/><E11/><N who="2" m="6239" /><F135/><W89/><G37/><T82/><D82/><U96/><E38/><V91/><F114/><W81/><G81/><T84/><D84/><U88/><E36/><V8/><F8/><W121/><G121/><T58/><D118/><U77/><REACH who="1" step="1"/><E46/><AGARI ba="0,0" hai="43,46,47,49,50,53,65,66,86,89,93" m="45130" machi="46" ten="30,7700,0" yaku="12,1,52,3" doraHai="112,12" who="3" fromWho="1" sc="305,0,204,-77,303,0,188,77" /><INIT seed="6,0,0,3,4,21" ten="305,127,303,265" oya="2" hai0="7,74,37,0,82,113,45,100,47,115,8,24,95" hai1="117,48,131,83,28,111,49,26,120,90,12,22,2" hai2="110,55,77,96,92,101,66,30,76,112,4,9,13" hai3="10,31,61,87,119,109,29,60,43,75,3,39,46"/><V36/><F36/><W71/><G109/><T1/><D1/><U5/><E117/><V97/><F112/><N who="0" m="43082" /><D24/><U63/><E131/><V59/><F66/><W65/><G75/><T40/><D47/><U104/><E111/><V64/><F64/><W25/><G119/><T127/><D127/><U79/><E120/><V107/><F110/><W102/><G31/><T80/><D74/><U133/><E133/><V15/><F15/><W132/><G132/><T135/><D135/><U70/><E104/><V17/><F4/><W67/><G102/><T85/><D85/><U116/><E116/><V56/><F30/><W121/><G121/><T124/><D124/><U68/><E2/><V53/><F59/><W129/><G129/><T130/><D130/><U16/><E90/><V93/><F107/><W44/><G44/><T11/><D8/><U126/><E5/><V20/><F9/><W103/><G103/><T42/><D42/><U78/><E126/><V125/><F125/><W51/><G87/><T19/><D19/><U35/><E78/><N who="2" m="30315" /><F56/><W41/><G10/><T50/><D37/><U62/><E70/><V52/><F55/><W6/><G6/><T99/><AGARI ba="0,0" hai="0,7,11,40,45,50,80,82,95,99,100" m="43082" machi="99" ten="30,1100,0" yaku="15,1" doraHai="21" who="0" fromWho="0" sc="305,11,127,-3,303,-5,265,-3" /><INIT seed="7,0,0,0,5,88" ten="316,124,298,262" oya="3" hai0="112,71,87,27,60,30,75,6,63,5,128,84,122" hai1="32,91,20,110,108,35,23,62,1,58,61,72,125" hai2="29,26,129,68,3,118,73,42,119,80,133,77,116" hai3="22,47,86,25,18,67,39,24,105,76,134,135,66"/><W11/><G105/><T31/><D122/><U59/><E91/><V124/><F68/><W13/><G25/><T102/><D75/><U46/><E46/><V132/><F124/><W103/><G103/><T36/><D36/><U111/><E1/><V19/><F19/><W121/><G121/><T90/><D102/><U113/><E72/><V57/><F57/><W130/><G130/><T109/><D109/><U45/><E45/><V127/><F127/><W107/><G107/><T52/><D71/><U101/><E101/><V83/><F83/><N who="3" m="47463" /><G39/><T126/><D126/><U98/><E98/><V48/><F129/><W95/><G47/><T17/><D84/><U56/><E125/><V64/><F64/><W85/><G85/><T123/><D112/><U41/><E113/><V12/><F12/><W16/><G95/><N who="0" m="54751" /><D60/><U70/><E70/><V120/><F120/><W21/><G11/><T40/><D40/><U54/><E54/><V94/><F94/><W131/><G131/><T89/><D89/><U93/><E93/><V50/><F3/><W114/><G114/><T65/><D65/><U82/><E41/><V115/><F115/><W100/><G100/><T4/><D128/><U44/><E44/><V7/><F7/><W106/><G106/><T117/><D117/><U51/><E82/><V10/><F10/><W69/><G69/><T97/><D97/><U37/><E37/><V2/><F2/><W78/><G78/><T0/><D0/><U74/><E74/><V49/><REACH who="2" step="1"/><F42/><REACH who="2" ten="316,124,288,262" step="2"/><W14/><G13/><T34/><D123/><U99/><E110/><V96/><F96/><RYUUKYOKU ba="0,1" sc="316,-15,124,-15,288,15,262,15" hai2="26,29,48,49,50,73,77,80,116,118,119,132,133" hai3="14,16,18,21,22,24,66,67,134,135" /><INIT seed="7,1,1,3,4,72" ten="301,109,303,277" oya="3" hai0="49,102,53,28,10,71,97,105,94,77,13,8,103" hai1="93,88,63,113,118,128,114,48,60,64,87,83,84" hai2="111,81,1,90,91,67,61,98,65,15,131,132,51" hai3="39,123,4,35,42,109,18,95,86,9,100,21,45"/><W52/><G123/><T40/><D71/><U74/><E48/><V82/><F111/><W38/><G35/><T117/><D117/><U22/><E74/><V76/><F1/><W101/><G109/><T6/><D77/><N who="1" m="46191" /><E118/><V99/><F131/><W7/><G39/><T116/><D116/><U104/><E104/><V68/><F132/><W25/><G52/><T129/><D129/><U57/><E128/><V59/><F67/><W43/><G43/><T134/><D134/><U122/><E122/><V119/><F119/><W56/><G56/><T23/><D40/><U19/><E113/><V34/><F34/><W125/><G125/><T32/><D32/><U20/><E114/><V26/><F26/><W31/><G4/><T37/><D8/><U50/><E19/><V17/><F51/><W106/><G106/><T133/><D105/><U80/><E80/><N who="2" m="30827" /><F76/><W124/><G124/><T85/><D85/><U46/><E63/><V29/><F29/><W30/><G101/><N who="0" m="60599" /><D37/><U79/><E79/><V135/><F68/><W130/><G130/><T120/><D133/><U11/><E11/><N who="2" m="6399" /><F135/><W69/><G69/><T16/><D28/><U110/><E110/><V112/><F112/><W115/><G115/><T62/><D62/><U55/><AGARI ba="1,1" hai="20,22,46,50,55,57,60,64,87,88,93" m="46191" machi="55" ten="30,4000,0" yaku="8,1,52,1,54,1" doraHai="72" who="1" fromWho="1" sc="301,-11,109,53,303,-11,277,-21" /><INIT seed="8,0,0,3,0,14" ten="290,162,292,256" oya="0" hai0="100,85,19,80,2,25,38,90,135,46,7,114,97" hai1="81,111,67,3,9,17,13,79,29,21,30,50,10" hai2="95,109,116,127,12,45,108,78,49,99,61,102,75" hai3="47,133,91,105,40,54,71,32,39,0,63,18,83"/><T117/><D114/><U24/><E111/><V65/><F127/><W55/><G105/><T119/><D2/><U34/><E67/><V77/><F75/><W11/><G32/><T20/><D7/><N who="1" m="1279" /><E50/><V92/><F116/><N who="0" m="44618" /><D135/><U60/><E60/><V125/><F125/><W69/><G133/><T26/><D26/><N who="1" m="18775" /><E81/><V88/><F108/><W112/><G112/><T121/><D121/><U6/><E79/><V107/><F107/><W87/><G0/><T103/><D97/><U131/><E131/><V110/><F12/><N who="3" m="7455" /><G71/><T115/><D115/><U52/><E52/><N who="3" m="20010" /><G39/><T28/><D28/><AGARI ba="0,0" hai="6,10,13,17,21,24,28,29" m="18775,1279" machi="28" ten="30,12000,2" yaku="35,5,52,1" doraHai="14" who="1" fromWho="0" sc="290,-120,162,120,292,0,256,0" /><INIT seed="9,0,0,5,2,55" ten="170,282,292,256" oya="1" hai0="77,41,52,30,16,127,104,98,34,118,126,49,71" hai1="132,20,44,6,123,14,13,5,61,10,80,72,103" hai2="94,108,120,111,73,101,63,54,60,68,0,15,36" hai3="84,26,102,93,23,91,129,58,33,1,67,70,12"/><U48/><E123/><V85/><F0/><W74/><G74/><T65/><D118/><U31/><E132/><V75/><F36/><W105/><G70/><T116/><D116/><U21/><E72/><V100/><F120/><W87/><G1/><T17/><D41/><U119/><E119/><V27/><F54/><W32/><G129/><T82/><D34/><U57/><E103/><V92/><F15/><N who="1" m="5641" /><E80/><V35/><F85/><W3/><G3/><T76/><D30/><U24/><E20/><V47/><F47/><W95/><G12/><T40/><D40/><N who="1" m="24583" /><E10/><V38/><F38/><W79/><G105/><T59/><D76/><U135/><E135/><V115/><F27/><W64/><G64/><AGARI ba="0,0" hai="5,6,21,24,31,57,61,64" m="24583,5641" machi="64" ten="30,2900,0" yaku="8,1,52,1" doraHai="55" who="1" fromWho="3" sc="170,0,282,29,292,0,256,-29" owari="170,-33.0,311,41.0,292,9.0,227,-17.0" /></mjloggm>