<mjloggm ver="2.3"><GO type="185" lobby="0"/><UN n0="%E3%81%B6%E3%82%8B%E3%81%AF%E3%81%A4" n1="%E9%AC%BC" n2="%E9%9B%80%E3%82%B0%E3%83%A9%E3%83%BC" n3="" dan="16,17,16,0" rate="2151.71,2279.93,2112.62,1500.00" sx="M,F,M,C"/><TAIKYOKU oya="0"/><INIT seed="0,0,0,0,0,41" ten="350,350,350,0" oya="0" hai0="49,76,105,126,50,99,134,64,133,47,37,135,63" hai1="38,32,62,100,40,97,102,67,43,73,66,113,61" hai2="77,57,55,53,79,72,111,103,109,94,96,89,46" hai3=""/><T54/><D76/><U121/><N who="1" m="31008" /><U85/><E113/><V124/><F124/><T108/><D126/><U68/><E32/><V91/><F53/><T131/><D131/><U115/><E115/><V39/><F89/><T110/><D105/><U35/><E35/><V34/><F34/><T132/><D132/><U44/><E85/><V48/><F91/><T130/><D130/><U95/><E73/><V60/><F39/><T112/><D99/><U58/><REACH who="1" step="1"/><E40/><REACH who="1" ten="350,340,350,0" step="2"/><V69/><F69/><T116/><D112/><U92/><E92/><V117/><F117/><T118/><D37/><U81/><E81/><V51/><F72/><T74/><D74/><U127/><E127/><V84/><F84/><T98/><D98/><U71/><E71/><V59/><F94/><T42/><D118/><U122/><N who="1" m="31264" /><U75/><E75/><V3/><F3/><T106/><D106/><U0/><E0/><V90/><F96/><T36/><D116/><U78/><E78/><V88/><F79/><T107/><D107/><U52/><E52/><V128/><F77/><T101/><D101/><AGARI ba="0,1" hai="38,43,44,58,61,62,66,67,68,95,97,100,101,102" m="31264,31008" machi="101" ten="30,8000,1" yaku="1,1,7,1,52,3,53,0" doraHai="41" doraHaiUra="45" who="1" fromWho="0" sc="350,-80,340,90,350,0,0,0" /><INIT seed="1,0,0,5,4,88" ten="270,430,350,0" oya="1" hai0="123,79,53,0,39,41,85,50,131,67,80,46,40" hai1="96,126,44,62,128,43,2,69,104,130,60,111,75" hai2="99,78,82,73,84,38,113,122,127,118,42,45,74" hai3=""/><U48/><E126/><V115/><N who="2" m="31264" /><V65/><F118/><T1/><N who="0" m="31520" /><T92/><D131/><U33/><E33/><V32/><F32/><T36/><D67/><U109/><E2/><V100/><F65/><T58/><REACH who="0" step="1"/><D92/><REACH who="0" ten="260,430,350,0" step="2"/><U116/><E116/><V91/><F127/><T101/><D101/><U102/><E128/><V119/><F119/><T120/><N who="0" m="30752" /><T105/><D105/><U103/><E103/><V54/><F54/><T133/><D133/><U68/><E130/><V135/><F135/><T94/><D94/><U49/><E75/><V47/><F47/><AGARI ba="0,1" hai="0,1,36,39,40,41,46,47,50,53,58,79,80,85" m="30752,31520" machi="47" ten="40,8000,1" yaku="1,1,9,1,52,2,53,0" doraHai="88" doraHaiUra="86" who="0" fromWho="2" sc="260,90,430,0,350,-80,0,0" /><INIT seed="2,0,0,0,1,125" ten="350,430,270,0" oya="2" hai0="124,121,46,102,55,120,122,62,91,67,79,2,81" hai1="116,107,114,50,36,72,44,77,58,101,52,1,37" hai2="111,119,42,51,92,97,99,85,88,82,53,108,123" hai3=""/><V129/><N who="2" m="31520" /><V64/><F119/><T32/><N who="0" m="30752" /><T68/><N who="0" m="31008" /><T0/><N who="0" m="31264" /><T43/><D32/><U80/><E116/><V3/><F3/><T54/><D102/><U86/><E114/><V34/><F34/><T49/><D124/><U73/><E1/><V71/><F42/><T94/><D54/><U45/><E107/><V59/><F99/><T127/><D127/><U112/><E101/><V118/><F118/><T33/><D33/><U131/><E112/><V35/><F35/><T110/><D110/><N who="2" m="42026" /><F64/><T90/><D90/><U39/><E73/><V60/><F71/><T98/><REACH who="0" step="1"/><D43/><REACH who="0" ten="340,430,270,0" step="2"/><U106/><E106/><V40/><F40/><T109/><D109/><U89/><E89/><V104/><F104/><T96/><D96/><U75/><E75/><AGARI ba="0,1" hai="0,2,46,49,55,62,67,68,75,79,81,91,94,98" m="31264,31008,30752" machi="75" ten="30,12000,2" yaku="1,1,7,1,52,3,53,1" doraHai="125" doraHaiUra="93" who="0" fromWho="1" sc="340,130,430,-120,270,0,0,0" /><INIT seed="4,0,0,2,1,125" ten="470,310,270,0" oya="0" hai0="40,122,67,53,130,98,2,112,72,62,133,65,36" hai1="44,74,79,124,123,64,117,104,83,92,88,93,49" hai2="47,120,116,85,42,46,94,54,58,63,75,114,3" hai3=""/><T37/><D2/><U89/><N who="1" m="31520" /><U51/><E124/><V52/><N who="2" m="30752" /><V90/><F75/><T129/><N who="0" m="31264" /><T35/><D35/><U1/><E1/><V97/><F3/><T95/><D72/><U127/><E127/><V84/><F116/><T43/><D112/><U119/><E64/><N who="0" m="24649" /><D133/><U128/><E104/><V115/><F54/><T56/><D95/><U45/><E74/><V134/><F134/><T106/><D98/><U109/><E83/><V131/><F131/><N who="0" m="50186" /><D106/><U100/><E128/><V102/><F85/><T76/><D76/><U107/><E107/><V38/><REACH who="2" step="1"/><F47/><REACH who="2" ten="470,310,260,0" step="2"/><T34/><D34/><U81/><E44/><V41/><F41/><AGARI ba="0,1" hai="36,37,40,41,43,53,56,62" m="50186,24649,31264" machi="41" ten="30,18000,2" yaku="19,1,34,2,52,4" doraHai="125" who="0" fromWho="2" sc="470,190,310,0,260,-180,0,0" /><INIT seed="4,1,0,3,2,94" ten="660,310,80,0" oya="0" hai0="110,112,34,80,46,32,52,123,51,63,107,98,38" hai1="133,79,91,39,81,85,89,72,120,77,100,60,118" hai2="129,59,54,109,102,84,108,75,115,68,134,69,122" hai3=""/><T65/><N who="0" m="31520" /><T121/><N who="0" m="31008" /><T36/><D112/><U40/><N who="1" m="30752" /><U82/><E118/><V113/><N who="2" m="31264" /><V95/><F75/><T74/><D110/><N who="2" m="42602" /><F84/><T1/><D1/><U131/><E39/><V66/><F95/><T104/><D80/><U64/><E40/><V45/><F102/><T2/><D2/><U116/><E116/><V106/><F106/><T83/><D83/><U97/><E131/><V43/><F129/><T101/><D74/><U78/><E133/><V35/><F35/><T126/><D107/><U93/><E78/><V42/><F134/><T132/><D132/><U86/><REACH who="1" step="1"/><E72/><REACH who="1" ten="660,300,80,0" step="2"/><V103/><F103/><T130/><D130/><U0/><E0/><V37/><F42/><T57/><D32/><U55/><E55/><V114/><F66/><T117/><D117/><U125/><E125/><V111/><N who="2" m="42610" /><V61/><AGARI ba="1,1" hai="37,43,45,54,59,61,68,69,113,114,115" m="42610,31264" machi="61" ten="50,6000,1" yaku="4,1,15,1,34,2,52,1" doraHai="94" who="2" fromWho="2" sc="660,-41,300,-21,80,72,0,0" /><INIT seed="5,0,0,3,2,47" ten="619,279,152,0" oya="1" hai0="101,102,122,70,113,64,96,114,129,93,92,74,75" hai1="1,103,91,115,95,34,49,71,111,39,35,51,69" hai2="53,116,97,65,130,82,120,43,48,33,62,131,132" hai3=""/><U88/><E39/><V66/><N who="2" m="30752" /><V110/><F33/><T133/><N who="0" m="31264" /><T119/><D70/><U80/><E103/><N who="0" m="39433" /><D64/><U73/><E115/><N who="0" m="44041" /><D129/><N who="2" m="49162" /><F110/><T118/><D133/><U55/><E55/><V78/><F97/><T94/><D96/><U89/><E111/><V112/><F116/><AGARI ba="0,0" hai="74,75,92,93,94,116,118,119" m="44041,39433,31264" machi="116" ten="40,12000,2" yaku="28,2,12,1,15,1,34,2,52,1" doraHai="47" who="0" fromWho="2" sc="619,120,279,0,152,-120,0,0" /><INIT seed="6,0,0,0,5,113" ten="739,279,32,0" oya="2" hai0="90,51,36,44,65,97,57,41,91,60,127,105,38" hai1="89,85,87,48,59,2,107,79,81,108,61,109,53" hai2="33,83,125,67,98,46,80,68,47,135,104,114,84" hai3=""/><V132/><F33/><T122/><N who="0" m="31264" /><T93/><D127/><U106/><E2/><V115/><F125/><T110/><D110/><U39/><E39/><V49/><F68/><T1/><D1/><U70/><E109/><V103/><F67/><T40/><D40/><U131/><E131/><V92/><F104/><T75/><D75/><U88/><E108/><V74/><F74/><T3/><D3/><U37/><E37/><V101/><F101/><T55/><D105/><U95/><E89/><V77/><F83/><T66/><D36/><U100/><E100/><V116/><F116/><T43/><D43/><U129/><E129/><V35/><F35/><T120/><N who="0" m="30752" /><T119/><D119/><U118/><E118/><V130/><F130/><T71/><D66/><U52/><E70/><V64/><F64/><T102/><AGARI ba="0,0" hai="38,41,44,51,55,57,60,65,71,90,91,93,97,102" m="30752,31264" machi="102" ten="20,9000,2" yaku="0,1,7,1,24,2,52,2" doraHai="113" who="0" fromWho="0" sc="739,90,279,-30,32,-60,0,0" owari="829,78.0,249,-15.0,-28,-63.0,0,0.0" /></mjloggm>