<mjloggm ver="2.3"><GO type="169" lobby="0"/><UN n0="%31%74%61" n1="%E3%81%9F%E3%81%A1%E3%83%90%E3%83%8A%E3%83%8A%40" n2="%E3%83%8F%E3%82%BF%E3%83%A2%E3%83%88%E3%83%92%E3%83%AD" n3="%6B%5F%6D%5F%62" dan="17,17,17,16" rate="2172.69,2178.26,2139.80,2152.82" sx="M,M,M,M"/><TAIKYOKU oya="0"/><INIT seed="0,0,0,3,5,29" ten="250,250,250,250" oya="0" hai0="11,76,126,46,121,94,44,113,115,47,17,42,58" hai1="20,49,112,32,0,59,64,55,27,5,19,132,53" hai2="57,109,26,134,43,16,100,96,89,128,97,133,24" hai3="51,23,120,18,31,3,56,50,61,15,2,7,91"/><T130/><D121/><U122/><E122/><V106/><F128/><W37/><G120/><T34/><D130/><U69/><E132/><V70/><F70/><W74/><G37/><T62/><D76/><U66/><E69/><V40/><F109/><W131/><G131/><T83/><D83/><U118/><E118/><V110/><F110/><W92/><G74/><T129/><D129/><U84/><E112/><V87/><F97/><W73/><G73/><T36/><D34/><U98/><E32/><V107/><F107/><W28/><G3/><T114/><D94/><U54/><E0/><V101/><F101/><W6/><G28/><T45/><D11/><U78/><E5/><N who="3" m="1546" /><G31/><T86/><D86/><U82/><E98/><V1/><F26/><W123/><G123/><T93/><D93/><U104/><E104/><V95/><F57/><W41/><G41/><T10/><D10/><U135/><E135/><N who="2" m="51723" /><F1/><W71/><G71/><T125/><D17/><U88/><E78/><V124/><F124/><W81/><G81/><T116/><D116/><U105/><E105/><V111/><F111/><W30/><G30/><T75/><D75/><U21/><E21/><AGARI ba="0,0" hai="16,21,24,40,43,87,89,95,96,100,106" m="51723" machi="21" ten="30,2000,0" yaku="20,1,54,1" doraHai="29" who="2" fromWho="1" sc="250,0,250,-20,250,20,250,0" /><INIT seed="1,0,0,1,5,76" ten="250,230,270,250" oya="1" hai0="0,36,125,97,61,25,63,57,126,29,54,107,1" hai1="40,56,127,34,128,7,16,73,94,132,114,26,100" hai2="24,131,68,15,43,65,9,129,110,33,69,31,13" hai3="11,12,20,135,60,37,47,91,17,80,41,67,93"/><U90/><E114/><V19/><F43/><W106/><G135/><T52/><D36/><U78/><E127/><N who="0" m="48649" /><D97/><U42/><E128/><N who="2" m="49227" /><F110/><W86/><G106/><T113/><D113/><U38/><E132/><V105/><F105/><W70/><REACH who="3" step="1"/><G11/><REACH who="3" ten="250,230,270,240" step="2"/><T109/><D107/><U79/><E38/><V96/><F65/><W95/><AGARI ba="0,1" hai="12,17,20,37,41,47,60,67,70,80,86,91,93,95" machi="95" ten="30,8000,1" yaku="1,1,2,1,0,1,52,1,53,1" doraHai="76" doraHaiUra="59" who="3" fromWho="3" sc="250,-20,230,-40,270,-20,240,90" /><INIT seed="2,0,0,3,3,105" ten="230,190,250,330" oya="2" hai0="107,124,42,115,99,58,86,76,48,17,92,68,120" hai1="15,125,118,104,72,103,69,64,109,121,77,23,10" hai2="134,45,67,100,34,73,60,110,59,39,129,20,30" hai3="1,89,65,84,31,128,127,56,29,78,55,4,27"/><V37/><F59/><W131/><G127/><T19/><D115/><U0/><E118/><V25/><F20/><W130/><G78/><T106/><D120/><U82/><E125/><V79/><F45/><W116/><G116/><T62/><D124/><U133/><E121/><V66/><F66/><W49/><G65/><T94/><D68/><U5/><E109/><V7/><F7/><W90/><G90/><N who="0" m="53335" /><D76/><U101/><E133/><V80/><F129/><W36/><G36/><T18/><D107/><U32/><E104/><V54/><F54/><W96/><G96/><T16/><D106/><U111/><E111/><V51/><F51/><W38/><G38/><N who="2" m="14345" /><F100/><W53/><G53/><N who="0" m="34127" /><D19/><U123/><E123/><V91/><F91/><W24/><G4/><T114/><D114/><U93/><E32/><V6/><F6/><W135/><G1/><T47/><D18/><U22/><E0/><V14/><F134/><W132/><G132/><T26/><D26/><N who="3" m="9769" /><G135/><T87/><D87/><U102/><REACH who="1" step="1"/><E93/><AGARI ba="0,0" hai="29,31,49,55,56,84,89,93,128,130,131" m="9769" machi="93" ten="30,1000,0" yaku="19,1" doraHai="105" who="3" fromWho="1" sc="230,0,190,-10,250,0,330,10" /><INIT seed="3,0,0,1,5,79" ten="230,180,250,340" oya="3" hai0="71,12,125,78,53,46,13,21,110,59,107,33,3" hai1="18,121,116,66,134,72,98,64,62,60,87,44,75" hai2="76,103,11,47,93,119,68,108,8,106,70,97,127" hai3="48,77,117,112,7,2,29,45,85,124,114,73,95"/><W133/><G117/><T1/><D71/><U20/><E121/><V118/><F127/><W111/><G124/><T24/><D107/><U30/><E116/><V100/><F108/><W55/><G133/><T84/><D125/><U19/><E134/><V109/><F109/><W32/><G111/><T120/><D120/><U14/><E30/><V83/><F70/><W56/><G73/><T51/><D33/><U17/><E98/><V61/><F100/><W128/><G128/><T126/><D126/><U69/><E44/><V16/><F11/><W130/><G130/><T132/><D132/><U65/><E87/><V28/><F47/><W41/><G7/><T49/><D110/><U91/><E91/><V74/><F28/><W9/><G9/><T4/><D3/><U38/><E38/><V54/><F106/><W88/><G77/><T131/><D131/><U39/><E39/><V0/><F54/><W22/><G22/><T86/><D1/><U90/><E90/><V80/><F80/><W102/><G2/><T15/><D78/><U58/><E65/><V113/><F113/><W6/><G6/><T104/><D104/><U27/><REACH who="1" step="1"/><E18/><REACH who="1" ten="230,170,250,340" step="2"/><V50/><F16/><W115/><G115/><T96/><D96/><U40/><E40/><V129/><F129/><W99/><G29/><N who="0" m="17551" /><D4/><U94/><E94/><V105/><F105/><N who="3" m="63711" /><G32/><T123/><D123/><U25/><E25/><V81/><F93/><W23/><G114/><T57/><D46/><U92/><E92/><V31/><F31/><W122/><G122/><T34/><D34/><U63/><E63/><V82/><F61/><RYUUKYOKU ba="0,1" sc="230,15,170,15,250,-15,340,-15" hai0="12,13,15,49,51,53,57,59,84,86" hai1="14,17,19,20,27,58,60,62,64,66,69,72,75" /><INIT seed="4,1,1,2,2,21" ten="245,185,235,325" oya="0" hai0="55,82,91,60,134,64,125,110,86,79,83,73,61" hai1="11,40,99,101,106,41,48,25,100,89,5,6,52" hai2="26,8,76,42,84,109,129,20,85,120,71,127,93" hai3="47,36,23,115,39,104,124,126,95,87,78,128,113"/><T22/><D125/><N who="3" m="48233" /><G104/><T43/><D134/><U29/><E89/><V112/><F109/><W75/><G128/><T45/><D110/><U72/><E72/><V98/><F71/><W123/><G123/><T12/><D55/><U56/><E100/><V90/><F120/><W24/><G75/><T14/><D22/><U34/><REACH who="1" step="1"/><E5/><REACH who="1" ten="245,175,235,325" step="2"/><V132/><F127/><W51/><G78/><T13/><REACH who="0" step="1"/><D64/><REACH who="0" ten="235,175,235,325" step="2"/><U111/><E111/><V53/><F129/><W131/><G131/><T59/><D59/><U16/><E16/><N who="2" m="12551" /><F132/><W67/><G67/><T121/><D121/><U9/><E9/><V15/><F112/><W63/><G115/><T122/><D122/><U38/><E38/><AGARI ba="1,3" hai="12,13,14,38,43,45,60,61,73,79,82,83,86,91" machi="38" ten="40,12000,1" yaku="1,1,53,3" doraHai="21" doraHaiUra="10" who="0" fromWho="1" sc="235,153,175,-123,235,0,325,0" /><INIT seed="4,2,0,1,5,7" ten="388,52,235,325" oya="0" hai0="87,8,75,48,81,70,63,111,4,9,1,112,3" hai1="79,102,37,35,32,25,121,101,125,45,95,89,132" hai2="52,124,13,34,76,84,88,97,57,113,110,135,78" hai3="130,59,115,50,71,36,67,30,31,103,129,68,19"/><T119/><D119/><U106/><E121/><V10/><F110/><W122/><G122/><T41/><D111/><U51/><E37/><V105/><F34/><W100/><G36/><T44/><D112/><U116/><E116/><V66/><F113/><W21/><G115/><T114/><D114/><U86/><E125/><V15/><F124/><W39/><G39/><T42/><D75/><U58/><E132/><V65/><F135/><W98/><G50/><T5/><D42/><U22/><E58/><V0/><F0/><W126/><G59/><T74/><D74/><U11/><E79/><N who="2" m="30251" /><F105/><W118/><G118/><T14/><D14/><U127/><E127/><V55/><F97/><W40/><G40/><T60/><D70/><U26/><E106/><V83/><F15/><W69/><G67/><N who="2" m="25609" /><F57/><W96/><G96/><T43/><D41/><U33/><E26/><V109/><F109/><W107/><G100/><T24/><D24/><U29/><REACH who="1" step="1"/><E11/><REACH who="1" ten="388,42,235,325" step="2"/><V53/><F55/><AGARI ba="2,1" hai="22,25,29,32,33,35,45,51,55,86,89,95,101,102" machi="55" ten="40,5200,0" yaku="1,1,2,1,53,1" doraHai="7" doraHaiUra="17" who="1" fromWho="2" sc="388,0,42,68,235,-58,325,0" /><INIT seed="5,0,0,3,0,64" ten="388,110,177,325" oya="1" hai0="80,36,109,106,135,119,33,59,74,91,29,103,22" hai1="75,6,105,27,23,58,65,108,55,31,112,131,35" hai2="53,100,70,45,66,88,93,133,96,85,73,14,126" hai3="111,28,32,118,3,13,30,83,25,87,62,63,61"/><U84/><E75/><V78/><F133/><W130/><G111/><T123/><D103/><U40/><E105/><V115/><F126/><W107/><G130/><T94/><D80/><U122/><E122/><V37/><F115/><W21/><G118/><T17/><D91/><U110/><E112/><V41/><F53/><W0/><G107/><T86/><D94/><U99/><E131/><V117/><F117/><W68/><G68/><T90/><D90/><U38/><E99/><V16/><F78/><W113/><G113/><T92/><D92/><U81/><E65/><V19/><F73/><W26/><REACH who="3" step="1"/><G13/><REACH who="3" ten="388,110,177,315" step="2"/><T82/><D106/><U116/><E116/><V77/><F14/><W95/><G95/><T47/><D109/><U44/><E110/><V49/><F100/><W129/><G129/><T114/><D114/><U121/><E108/><V71/><F37/><W46/><G46/><T51/><D47/><U9/><E121/><V134/><F134/><W11/><G11/><T1/><D36/><U97/><E97/><V98/><F98/><W34/><G34/><T48/><D33/><U15/><E35/><V72/><F96/><W57/><G57/><T12/><D135/><U39/><E39/><V20/><F20/><W69/><G69/><T54/><D119/><U89/><E58/><V18/><REACH who="2" step="1"/><F66/><REACH who="2" ten="388,110,167,315" step="2"/><W125/><G125/><T2/><D22/><U60/><REACH who="1" step="1"/><E55/><REACH who="1" ten="388,100,167,315" step="2"/><V79/><F79/><AGARI ba="0,3" hai="0,3,21,25,26,28,30,32,61,62,63,79,83,87" machi="79" ten="40,1300,0" yaku="1,1,53,0" doraHai="64" doraHaiUra="120" who="3" fromWho="2" sc="388,0,100,0,167,-13,315,43" /><INIT seed="6,0,0,1,0,130" ten="388,100,154,358" oya="2" hai0="85,55,4,118,113,46,49,114,29,73,7,68,104" hai1="134,21,14,82,30,129,17,62,67,28,112,102,60" hai2="91,72,36,99,75,11,58,78,24,41,69,79,51" hai3="109,10,89,54,98,63,20,25,116,103,53,108,37"/><V124/><F69/><W22/><G116/><T43/><D73/><U38/><E129/><V88/><F36/><W26/><G37/><T45/><D118/><U19/><E38/><V15/><F124/><W105/><G10/><T76/><D104/><U106/><E112/><N who="0" m="43113" /><D68/><U39/><E39/><V59/><F72/><W1/><G1/><T47/><D29/><U84/><E106/><V110/><F110/><W50/><G89/><N who="2" m="34377" /><F75/><W13/><G13/><T132/><D132/><U86/><E102/><V48/><F99/><W44/><G63/><T52/><D43/><U18/><E134/><V122/><F122/><W133/><G133/><T31/><D31/><U65/><E19/><V107/><F107/><W57/><G108/><T123/><D123/><U61/><E61/><V12/><F24/><N who="3" m="9323" /><G109/><T96/><D96/><U119/><E14/><N who="2" m="5163" /><F11/><W128/><G128/><T131/><D131/><U80/><REACH who="1" step="1"/><E119/><REACH who="1" ten="388,90,154,358" step="2"/><V6/><F6/><W71/><G105/><T111/><D111/><U115/><E115/><V42/><F51/><N who="3" m="30943" /><G71/><T126/><D49/><U64/><E64/><V5/><F5/><W81/><G103/><T70/><D7/><U95/><E95/><V23/><F48/><W33/><G98/><T120/><D4/><U83/><E83/><V0/><F0/><W8/><G81/><T34/><D120/><U117/><E117/><V32/><F32/><W97/><G97/><T127/><D127/><U77/><E77/><V9/><F9/><W56/><G33/><T100/><D34/><U2/><E2/><V92/><F92/><W87/><G8/><T135/><D126/><RYUUKYOKU ba="0,1" sc="388,-10,90,30,154,-10,358,-10" hai1="17,18,21,28,30,60,62,65,67,80,82,84,86" /><INIT seed="7,1,1,0,0,54" ten="378,120,144,348" oya="3" hai0="11,104,107,73,130,128,6,28,84,31,60,124,17" hai1="32,58,83,9,102,64,92,116,101,79,75,4,27" hai2="135,119,59,120,29,96,78,22,44,24,2,117,85" hai3="14,90,69,1,7,121,16,37,21,122,100,66,80"/><W105/><G37/><T109/><D109/><U30/><E116/><V91/><F2/><W48/><G69/><T86/><D73/><U55/><E64/><V112/><F120/><W129/><G129/><N who="0" m="49771" /><D17/><U76/><E92/><N who="2" m="56351" /><F112/><W18/><G1/><N who="0" m="463" /><D124/><U3/><REACH who="1" step="1"/><E79/><REACH who="1" ten="378,110,144,348" step="2"/><V43/><F119/><W63/><G121/><T8/><D107/><U33/><E33/><V42/><F117/><W26/><G122/><T50/><D104/><U103/><E103/><V70/><F135/><W77/><G100/><T13/><D31/><U81/><E81/><N who="2" m="47287" /><F70/><W40/><G105/><T97/><D28/><U36/><E36/><V0/><F0/><W110/><G110/><T131/><D131/><U113/><E113/><V115/><F115/><W49/><G77/><T68/><D68/><U82/><E82/><V95/><F95/><W41/><G80/><T19/><D97/><U111/><E111/><V133/><F133/><W56/><G90/><T125/><D125/><U65/><E65/><V46/><F59/><W23/><G7/><T72/><D72/><U88/><E88/><V15/><F15/><W98/><G98/><T53/><D13/><U99/><E99/><V12/><F12/><W127/><G127/><T52/><D86/><U118/><E118/><V87/><F87/><W67/><G67/><T108/><D84/><U38/><E38/><V34/><F34/><W47/><G47/><AGARI ba="1,2" hai="22,24,29,42,43,44,46,47" m="47287,56351" machi="47" ten="30,1000,0" yaku="8,1" doraHai="54" who="2" fromWho="3" sc="378,0,110,0,144,33,348,-13" owari="378,47.0,110,-39.0,177,-22.0,335,14.0" /></mjloggm>