<mjloggm ver="2.3"><GO type="169" lobby="0"/><UN n0="%48%2E%4D%65%74%61%6C" n1="%E3%82%AA%E3%83%AA%E5%A7%AB%E5%A5%B3%E5%AD%90" n2="%31%74%61" n3="%6B%5F%6D%5F%62" dan="16,16,17,16" rate="2026.46,2071.28,2166.99,2159.08" sx="M,F,M,M"/><TAIKYOKU oya="0"/><INIT seed="0,0,0,0,0,131" ten="250,250,250,250" oya="0" hai0="45,123,114,117,111,86,67,57,107,105,101,33,50" hai1="104,134,17,87,47,7,110,135,5,19,49,66,8" hai2="106,102,81,14,88,93,25,79,122,42,10,37,56" hai3="40,46,41,97,30,121,94,64,124,43,36,38,65"/><T51/><D114/><U75/><E110/><V24/><F122/><W34/><G121/><T99/><D33/><U28/><E75/><V22/><F56/><W95/><G124/><T27/><D117/><U74/><E74/><V26/><F106/><W73/><G73/><T82/><D123/><U72/><E72/><V2/><F102/><W16/><G94/><T44/><D111/><U69/><E104/><V116/><F116/><W118/><G118/><T119/><D107/><U92/><E28/><V12/><F2/><W77/><G77/><T83/><D119/><U109/><E109/><V1/><F1/><W100/><G16/><N who="1" m="6218" /><E66/><V13/><F37/><W70/><G70/><T4/><D4/><U89/><E8/><V6/><F42/><W3/><G3/><T126/><D27/><N who="2" m="10314" /><F79/><W23/><G34/><T130/><D126/><U68/><E68/><V18/><F81/><W84/><G40/><T71/><D71/><U115/><E115/><V96/><AGARI ba="0,0" hai="6,10,12,13,14,18,22,26,88,93,96" m="10314" machi="96" ten="30,2000,0" yaku="8,1,54,1" doraHai="131" who="2" fromWho="2" sc="250,-10,250,-5,250,20,250,-5" /><INIT seed="1,0,0,2,5,64" ten="240,245,270,245" oya="1" hai0="80,31,44,73,108,71,19,97,89,55,81,94,77" hai1="78,49,72,85,100,38,102,117,129,34,24,92,66" hai2="98,83,127,75,130,119,9,103,6,40,46,96,88" hai3="132,12,134,36,5,33,52,4,45,105,111,27,95"/><U60/><E129/><V10/><F119/><W20/><G111/><T23/><D108/><U125/><E125/><V59/><F127/><W48/><G105/><T110/><D110/><U54/><E38/><V87/><F130/><W93/><G36/><T114/><D114/><U118/><E72/><V112/><F112/><W122/><G33/><T51/><D31/><U11/><E11/><V26/><F75/><W90/><G122/><T35/><D35/><U131/><E131/><V42/><F26/><W13/><G93/><T135/><D135/><N who="3" m="51753" /><G12/><T0/><D0/><U101/><E118/><V18/><F18/><N who="3" m="10319" /><G27/><T109/><D81/><U56/><E117/><V120/><F120/><W3/><G3/><T2/><D2/><U22/><E34/><V62/><F6/><W106/><G106/><T124/><D109/><U79/><E92/><N who="2" m="58823" /><F96/><AGARI ba="0,0" hai="4,5,45,48,52,90,95,96" m="10319,51753" machi="96" ten="30,2000,0" yaku="20,1,54,1" doraHai="64" who="3" fromWho="2" sc="240,0,245,0,270,-20,245,20" /><INIT seed="2,0,0,1,1,78" ten="240,245,250,265" oya="2" hai0="5,61,56,2,132,25,14,42,92,28,120,39,51" hai1="22,81,4,70,134,121,26,108,65,57,79,94,93" hai2="111,58,68,126,115,129,118,20,119,17,101,131,125" hai3="6,0,84,24,1,99,90,47,95,112,66,109,104"/><V82/><F68/><W124/><G109/><T100/><D120/><U38/><E108/><V27/><F111/><W15/><G124/><N who="2" m="47721" /><F101/><W18/><G112/><T91/><D132/><U77/><E134/><V127/><N who="2" m="47729" /><V48/><DORA hai="23" /><F115/><W50/><G66/><T41/><D2/><U60/><E121/><V11/><F82/><W106/><G106/><T52/><D39/><U110/><E38/><V117/><F11/><W29/><G6/><T30/><D30/><U10/><E110/><V12/><F12/><W102/><G18/><T103/><D61/><U97/><E70/><V53/><AGARI ba="0,0" hai="17,20,27,48,53,58,117,118,119,129,131" m="47729" machi="53" ten="50,4800,0" yaku="18,1,52,1" doraHai="78,23" who="2" fromWho="2" sc="240,-16,245,-16,250,48,265,-16" /><INIT seed="2,1,0,3,0,130" ten="224,229,298,249" oya="2" hai0="103,82,59,65,83,118,75,129,121,55,89,29,23" hai1="54,2,113,53,68,108,91,85,79,101,72,46,128" hai2="92,110,63,43,80,17,50,106,5,107,88,62,105" hai3="3,76,100,117,51,44,135,39,36,84,22,41,21"/><V32/><F32/><W34/><G117/><T70/><D121/><U37/><E108/><V99/><F110/><W26/><G34/><T30/><D129/><U131/><E113/><V56/><F5/><W66/><G3/><T90/><D103/><U134/><E2/><V132/><F132/><W111/><G111/><T104/><D104/><U122/><E68/><V87/><F17/><W78/><G66/><T93/><D65/><U27/><E101/><V114/><F114/><W61/><G61/><T74/><D70/><U25/><E85/><V60/><F50/><W116/><G100/><T94/><D59/><U33/><E33/><V64/><REACH who="2" step="1"/><F43/><REACH who="2" ten="224,229,288,249" step="2"/><W123/><G135/><T120/><D120/><U13/><E122/><V4/><F4/><W16/><G123/><T7/><D7/><U58/><E134/><V112/><F112/><W48/><G48/><T81/><D118/><U11/><E131/><V57/><F57/><W19/><G116/><T14/><D30/><U124/><E58/><V67/><F67/><W40/><G40/><T97/><D29/><U52/><E128/><V10/><F10/><W109/><G109/><T69/><D69/><U24/><E11/><V31/><F31/><W1/><G1/><T119/><D119/><U20/><E20/><V28/><F28/><W98/><G51/><T12/><D23/><U102/><E53/><V18/><F18/><W35/><G19/><T15/><D55/><U71/><E52/><V8/><F8/><W77/><G21/><T38/><D38/><U127/><E37/><V45/><F45/><W0/><G39/><RYUUKYOKU ba="1,1" sc="224,15,229,-15,288,15,249,-15" hai0="12,14,15,74,75,81,82,83,89,90,93,94,97" hai2="56,60,62,63,64,80,87,88,92,99,105,106,107" /><INIT seed="2,2,1,2,2,20" ten="239,214,303,234" oya="2" hai0="128,23,61,33,37,129,78,80,86,126,52,122,41" hai1="119,36,97,2,6,114,135,5,58,59,38,17,47" hai2="15,127,84,131,73,10,70,14,134,51,81,50,76" hai3="88,85,67,105,48,44,62,82,103,29,118,57,56"/><V31/><F70/><W79/><G118/><T91/><D33/><U123/><E135/><V107/><F134/><W89/><G57/><T22/><D122/><U46/><E114/><V100/><F131/><N who="0" m="50250" /><D126/><U43/><E17/><V96/><F127/><W112/><G112/><T87/><D41/><U9/><E119/><V42/><F31/><W72/><G72/><T133/><D37/><U75/><E75/><V34/><F34/><W3/><G3/><T11/><D11/><U130/><E130/><V106/><F106/><W121/><G121/><T16/><D133/><U115/><E115/><V120/><F120/><W116/><G116/><T26/><D23/><U53/><E123/><V109/><F109/><W65/><G65/><T64/><D52/><U40/><E53/><V32/><F32/><W21/><G48/><T102/><D102/><U83/><E83/><V4/><F73/><W45/><G103/><T30/><D30/><U101/><REACH who="1" step="1"/><E5/><REACH who="1" ten="239,204,303,234" step="2"/><V124/><F124/><W12/><G29/><T35/><D35/><U66/><E66/><V49/><REACH who="2" step="1"/><F42/><REACH who="2" ten="239,204,293,234" step="2"/><W111/><G111/><T0/><D64/><U7/><E7/><V125/><F125/><W117/><G117/><T104/><D104/><AGARI ba="2,3" hai="2,6,9,36,38,40,43,46,47,58,59,97,101,104" machi="104" ten="30,3900,0" yaku="1,1,7,1,9,1,53,0" doraHai="20" doraHaiUra="28" who="1" fromWho="0" sc="239,-45,204,75,293,0,234,0" /><INIT seed="3,0,0,1,2,7" ten="194,279,293,234" oya="3" hai0="91,67,52,92,97,10,45,135,121,131,89,64,1" hai1="35,55,94,129,40,95,69,60,112,12,14,8,132" hai2="65,99,50,25,101,123,84,77,63,54,118,32,61" hai3="111,19,119,36,87,98,106,103,26,44,34,5,116"/><W113/><G113/><T16/><D121/><U2/><E129/><V102/><F118/><W49/><G36/><T4/><D131/><U76/><E132/><V48/><F123/><W83/><G111/><T24/><D135/><U39/><E35/><V78/><F32/><W15/><G34/><T107/><D107/><U122/><E112/><V124/><F25/><W11/><G26/><T114/><D114/><U41/><E122/><V30/><F30/><W57/><G57/><T56/><D45/><U117/><E117/><V115/><F115/><W100/><G100/><T37/><D91/><U58/><E69/><V27/><F27/><W33/><G33/><T23/><REACH who="0" step="1"/><D37/><REACH who="0" ten="184,279,293,234" step="2"/><U85/><E39/><V80/><F102/><W72/><G119/><T108/><D108/><U93/><E76/><V38/><F38/><W128/><G116/><T105/><D105/><U125/><E125/><V31/><F101/><W134/><G128/><T126/><D126/><U127/><E127/><V70/><F78/><W28/><G134/><T86/><D86/><U47/><E85/><V18/><F84/><W0/><G72/><T21/><D21/><U6/><E47/><V29/><F77/><W73/><G73/><T3/><D3/><U42/><AGARI ba="0,1" hai="2,6,8,12,14,40,41,42,55,58,60,93,94,95" machi="42" ten="30,2000,0" yaku="0,1,52,1" doraHai="7" who="1" fromWho="1" sc="184,-5,279,30,293,-5,234,-10" /><INIT seed="4,0,0,5,1,35" ten="179,309,288,224" oya="0" hai0="107,39,62,135,127,6,130,82,129,123,41,34,108" hai1="126,23,121,122,134,32,97,48,59,96,53,98,132" hai2="2,109,80,100,7,128,22,19,75,125,101,63,15" hai3="13,102,8,55,72,68,69,42,5,89,106,61,91"/><T70/><RYUUKYOKU type="yao9" ba="0,0" sc="179,0,309,0,288,0,224,0" hai0="6,34,39,41,62,70,82,107,108,123,127,129,130,135" /><INIT seed="4,1,0,2,2,45" ten="179,309,288,224" oya="0" hai0="135,109,100,28,131,95,129,0,76,3,32,35,114" hai1="26,87,30,49,41,1,9,43,2,61,102,133,34" hai2="77,4,104,116,6,84,94,122,53,132,17,134,98" hai3="66,23,29,86,51,18,74,27,55,22,112,24,97"/><T93/><D114/><U124/><E124/><V80/><F122/><W125/><G112/><T44/><D76/><U115/><E115/><V63/><F104/><W60/><G125/><T5/><D135/><N who="2" m="51754" /><F116/><W72/><G97/><T105/><D105/><U113/><E133/><V11/><F17/><W111/><G111/><T128/><D109/><U31/><E113/><V52/><F63/><W36/><G36/><T40/><D5/><N who="2" m="2154" /><F11/><W25/><G25/><N who="0" m="18447" /><D35/><U107/><E34/><V110/><F110/><W59/><REACH who="3" step="1"/><G86/><REACH who="3" ten="179,309,288,214" step="2"/><T50/><D100/><AGARI ba="1,1" hai="52,53,77,80,84,94,98,100" m="2154,51754" machi="100" ten="30,2000,0" yaku="20,1,54,1" doraHai="45" who="2" fromWho="0" sc="179,-23,309,0,288,33,214,0" /><INIT seed="5,0,0,0,2,47" ten="156,309,321,214" oya="1" hai0="35,104,58,53,113,15,19,85,80,94,77,32,97" hai1="99,31,1,106,93,116,117,65,7,111,74,107,29" hai2="118,82,108,129,75,0,119,34,79,78,109,4,83" hai3="25,61,49,132,38,43,130,21,90,12,45,120,115"/><U105/><E74/><N who="2" m="43351" /><F34/><W63/><G120/><T95/><D113/><U73/><E73/><V71/><F71/><W23/><G130/><T22/><D104/><U46/><E111/><N who="2" m="42571" /><F129/><W84/><G132/><T20/><D95/><U26/><E65/><V59/><F59/><W42/><G115/><T3/><D3/><U134/><E134/><V92/><F92/><W124/><G124/><T41/><D41/><U11/><E46/><V103/><F103/><W128/><G128/><T36/><D36/><U87/><E87/><V17/><F17/><N who="3" m="10407" /><G38/><T131/><D20/><U127/><E127/><V126/><F126/><W102/><G102/><T88/><REACH who="0" step="1"/><D131/><REACH who="0" ten="146,309,321,214" step="2"/><U30/><E107/><V33/><F33/><W2/><G42/><T68/><D68/><U89/><E106/><V100/><F100/><W96/><G2/><T52/><D52/><U70/><E70/><V56/><F0/><W112/><G112/><T66/><D66/><U110/><E105/><V64/><F64/><W37/><G37/><T91/><D91/><U121/><E110/><V135/><F135/><W86/><G96/><T13/><D13/><U123/><E26/><V48/><F79/><W81/><G25/><T98/><D98/><U16/><E99/><V14/><F14/><W18/><G23/><T44/><D44/><U9/><E93/><V72/><F83/><W8/><G81/><T114/><D114/><U24/><E89/><V51/><F119/><N who="1" m="45641" /><E24/><V6/><F118/><W50/><G90/><T40/><D40/><U27/><E27/><V76/><F76/><W122/><G43/><T133/><D133/><RYUUKYOKU ba="0,1" sc="146,15,309,15,321,-15,214,-15" hai0="15,19,22,32,35,53,58,77,80,85,88,94,97" hai1="1,7,9,11,16,29,30,31,121,123" /><INIT seed="5,1,1,3,3,28" ten="161,324,306,199" oya="1" hai0="94,73,128,51,5,108,67,72,7,110,105,59,78" hai1="23,112,8,68,62,132,63,109,0,79,85,3,30" hai2="43,13,65,2,122,42,87,119,29,10,26,92,39" hai3="77,18,126,131,98,111,107,121,82,89,45,36,46"/><U57/><E112/><V14/><F119/><W61/><G111/><T49/><D105/><U19/><E132/><V100/><F122/><W44/><G121/><T135/><D67/><U4/><E109/><V129/><F129/><W55/><G126/><T33/><D94/><U95/><E30/><V38/><F2/><W60/><G131/><T115/><D128/><U25/><E68/><V81/><F65/><W27/><G36/><T124/><D59/><U32/><E32/><V66/><F66/><W96/><G107/><T80/><D78/><U35/><E35/><V103/><F39/><W6/><G6/><T130/><D130/><U54/><E63/><V91/><F38/><W64/><G64/><T75/><D75/><U104/><E104/><V83/><F14/><W48/><G89/><T34/><D115/><U16/><E19/><N who="2" m="8631" /><F83/><W12/><G27/><T114/><D114/><U40/><E40/><N who="2" m="15403" /><F81/><W76/><G61/><T127/><REACH who="0" step="1"/><D80/><REACH who="0" ten="151,324,306,199" step="2"/><U9/><E95/><V58/><F58/><N who="3" m="33127" /><G60/><T24/><D24/><U84/><E79/><N who="3" m="30282" /><G82/><T20/><D20/><AGARI ba="1,2" hai="20,26,29,87,91,92,100,103" m="15403,8631" machi="20" ten="30,1000,0" yaku="8,1" doraHai="28" who="2" fromWho="0" sc="151,-13,324,0,306,33,199,0" /><AGARI ba="1,0" hai="12,18,20,44,45,46,96,98" m="30282,33127" machi="20" ten="30,1000,0" yaku="8,1" doraHai="28" who="3" fromWho="0" sc="138,-10,324,0,339,0,199,10" /><INIT seed="6,0,0,0,4,6" ten="128,324,339,209" oya="2" hai0="103,95,67,20,10,41,39,58,117,101,16,56,24" hai1="88,122,61,35,97,4,25,60,124,9,121,71,28" hai2="32,33,47,51,99,91,116,86,23,81,130,27,55" hai3="38,112,133,18,134,84,59,15,34,13,115,45,108"/><V123/><F116/><W12/><G108/><T69/><D117/><U19/><E19/><V57/><F123/><N who="1" m="47113" /><E124/><V66/><F130/><W52/><G34/><T65/><D39/><U114/><E114/><N who="3" m="43562" /><G84/><T70/><D41/><U131/><E131/><V7/><F7/><W119/><G119/><T75/><D75/><U77/><E77/><V78/><F99/><W11/><G45/><T44/><D44/><U63/><E71/><V37/><F37/><W106/><G106/><T127/><D70/><U46/><E46/><V80/><F66/><N who="0" m="25098" /><D127/><U49/><E49/><V96/><F47/><W83/><G83/><T64/><D69/><U90/><E97/><V43/><F43/><W76/><G76/><T21/><N who="0" m="25106" /><T36/><DORA hai="50" /><D36/><U102/><E102/><N who="0" m="38921" /><D95/><U5/><E5/><V29/><F96/><W68/><G68/><T92/><D92/><U87/><E87/><AGARI ba="0,0" hai="23,27,29,32,33,51,55,57,78,80,81,86,87,91" machi="87" ten="30,2900,0" yaku="7,1,52,1" doraHai="6,50" who="2" fromWho="1" sc="128,0,324,-29,339,29,209,0" /><INIT seed="6,1,0,5,0,2" ten="128,295,368,209" oya="2" hai0="51,102,103,11,14,122,73,66,123,31,124,81,40" hai1="104,60,24,83,72,95,94,79,113,64,30,1,82" hai2="110,108,49,127,80,9,70,21,12,46,59,10,62" hai3="129,134,78,16,28,45,114,18,20,89,88,121,105"/><V63/><F127/><W101/><G121/><T86/><D124/><U130/><E130/><V50/><F70/><W8/><G129/><T119/><D73/><U0/><E113/><V15/><F80/><W131/><G131/><T41/><D119/><U75/><E104/><V55/><F21/><W132/><G114/><T13/><D123/><U69/><E1/><V106/><F106/><W42/><G78/><T116/><D116/><U77/><REACH who="1" step="1"/><E0/><REACH who="1" ten="128,285,368,209" step="2"/><V125/><F125/><W115/><G115/><T33/><D122/><U71/><E71/><V4/><F110/><W35/><G105/><T48/><D33/><AGARI ba="1,1" hai="24,30,33,60,64,69,72,75,77,79,82,83,94,95" machi="33" ten="30,3900,0" yaku="1,1,7,1,9,1,53,0" doraHai="2" doraHaiUra="133" who="1" fromWho="0" sc="128,-42,285,52,368,0,209,0" /><INIT seed="7,0,0,5,3,12" ten="86,337,368,209" oya="3" hai0="51,44,71,96,133,20,108,115,93,49,134,87,117" hai1="68,102,27,60,99,123,47,91,110,132,39,130,41" hai2="59,83,82,74,32,67,120,116,58,46,119,64,129" hai3="78,95,7,107,94,55,77,100,61,86,106,118,3"/><W112/><G112/><T65/><D117/><U22/><E110/><V125/><F32/><W92/><G118/><T128/><D108/><U113/><E113/><V105/><F105/><W6/><G3/><T90/><D115/><U19/><E130/><V85/><F129/><W42/><G42/><T122/><D128/><U76/><E132/><V24/><F24/><W29/><G29/><T111/><D111/><U73/><E123/><V30/><F30/><W0/><G0/><T50/><D122/><U84/><E76/><V80/><F120/><W63/><G86/><T28/><D71/><U25/><E73/><V101/><F74/><W124/><G55/><T103/><D65/><N who="2" m="25162" /><F119/><W98/><G124/><T72/><D72/><U31/><E60/><V53/><F116/><W109/><G109/><T36/><D36/><U35/><E68/><V104/><F104/><W70/><G106/><T62/><D62/><U9/><E9/><V69/><F69/><W121/><G70/><T14/><D28/><U4/><E4/><V45/><F125/><W43/><G121/><T15/><D15/><U16/><E19/><V66/><F85/><W88/><G63/><T17/><D134/><U127/><E127/><V57/><F66/><W21/><G61/><T2/><D2/><U38/><E38/><V18/><F53/><W37/><G37/><T10/><D133/><U52/><E52/><V34/><F34/><W97/><G43/><T40/><REACH who="0" step="1"/><D20/><REACH who="0" ten="76,337,368,209" step="2"/><U56/><E39/><V79/><F46/><W33/><G21/><T81/><AGARI ba="0,1" hai="10,14,17,40,44,49,50,51,81,87,90,93,96,103" machi="81" ten="20,12000,2" yaku="1,1,2,1,0,1,7,1,8,1,52,1,53,0" doraHai="12" doraHaiUra="114" who="0" fromWho="0" sc="76,130,337,-30,368,-30,209,-60" owari="206,-19.0,307,11.0,338,43.0,149,-35.0" /></mjloggm>