<mjloggm ver="2.3"><GO type="169" lobby="0"/><UN n0="%E3%83%97%E3%83%AC%E3%82%B9%E3%83%97" n1="%67%75%73%68" n2="%E9%B4%A8%E8%91%B1%E5%A4%AA%E9%83%8E" n3="%E3%82%AD%E3%83%B3%E3%82%B0%E3%81%82%E3%81%A4%E3%81%97" dan="17,16,17,17" rate="2142.97,2133.25,2179.09,2188.46" sx="M,M,M,M"/><TAIKYOKU oya="0"/><INIT seed="0,0,0,5,0,114" ten="250,250,250,250" oya="0" hai0="62,133,98,87,128,26,74,49,134,50,99,51,25" hai1="75,9,46,115,10,63,89,6,82,64,127,44,30" hai2="92,93,66,59,32,121,47,48,88,5,37,132,112" hai3="42,45,11,54,111,68,34,96,124,1,4,52,102"/><T23/><D74/><U12/><E115/><V117/><F32/><W122/><G34/><T53/><D128/><U14/><E127/><V86/><F121/><W31/><G31/><T100/><D87/><U119/><E119/><V118/><F112/><W85/><G68/><T35/><D35/><U20/><E75/><V67/><F5/><W84/><G111/><T101/><D62/><U33/><E33/><V21/><F37/><W77/><G124/><T0/><D0/><U80/><E20/><V76/><F76/><W71/><G71/><T130/><D53/><U73/><E30/><V126/><F132/><N who="0" m="50794" /><D130/><U13/><E73/><V90/><F21/><W105/><G122/><T29/><D26/><U78/><E78/><V109/><F109/><W28/><G28/><T65/><D65/><U107/><E107/><V24/><F24/><W43/><G43/><T95/><D51/><U2/><E9/><V58/><F126/><W55/><REACH who="3" step="1"/><G77/><REACH who="3" ten="250,250,250,240" step="2"/><T36/><D36/><AGARI ba="0,1" hai="1,4,11,36,42,45,52,54,55,84,85,96,102,105" machi="36" ten="40,5200,0" yaku="1,1,2,1,54,1,53,0" doraHai="114" doraHaiUra="123" who="3" fromWho="0" sc="250,-52,250,0,250,0,240,62" /><INIT seed="1,0,0,3,4,75" ten="198,250,250,302" oya="1" hai0="84,21,90,46,134,54,51,103,68,36,71,129,25" hai1="26,27,69,63,130,35,20,112,113,131,24,89,44" hai2="37,125,116,42,111,16,127,132,66,78,77,65,50" hai3="88,133,80,81,33,73,124,108,100,123,109,4,118"/><U14/><E44/><N who="2" m="25879" /><F37/><W1/><G33/><T82/><D129/><N who="1" m="49163" /><E89/><V91/><F116/><W79/><G4/><T10/><D134/><U104/><E104/><V85/><F132/><W126/><G1/><T39/><D103/><U56/><E69/><V106/><F106/><W98/><G133/><T76/><D68/><U64/><E35/><V22/><F111/><N who="3" m="42571" /><G123/><T41/><D71/><U52/><E64/><N who="2" m="24683" /><F127/><N who="3" m="48683" /><G118/><T115/><D115/><N who="1" m="44107" /><E14/><N who="2" m="9495" /><F125/><W94/><G81/><AGARI ba="0,0" hai="77,78,81,85,91" m="9495,24683,25879" machi="81" ten="30,7700,0" yaku="8,1,52,2,54,1" doraHai="75" who="2" fromWho="3" sc="198,0,250,0,250,77,302,-77" /><INIT seed="2,0,0,2,1,72" ten="198,250,327,225" oya="2" hai0="132,71,23,125,5,116,134,39,81,28,85,91,33" hai1="31,89,100,64,1,80,29,69,119,129,49,34,24" hai2="93,70,51,67,66,57,35,47,86,107,8,12,22" hai3="108,7,122,48,90,87,4,109,60,127,46,20,13"/><V128/><F107/><W113/><G122/><T59/><D71/><U131/><E1/><V96/><F35/><W104/><G104/><T45/><D125/><U56/><E119/><V63/><F128/><N who="1" m="49225" /><E100/><V65/><F22/><W62/><G127/><T44/><D33/><U105/><E105/><V117/><F86/><W54/><G113/><T37/><D116/><U130/><E31/><V36/><F36/><W126/><G126/><T14/><D59/><U0/><E0/><V133/><F133/><N who="0" m="51306" /><D45/><U21/><N who="1" m="49233" /><U84/><DORA hai="43" /><E34/><V78/><F78/><W9/><G4/><T6/><D37/><U124/><E124/><V102/><F70/><W73/><G73/><T25/><D14/><U40/><E69/><V53/><F117/><W2/><G2/><T18/><D28/><U110/><E110/><N who="3" m="42602" /><G20/><T77/><D91/><U121/><E121/><V74/><F74/><W17/><G7/><AGARI ba="0,0" hai="7,8,12,47,51,53,57,63,65,66,67,93,96,102" machi="7" ten="30,5800,0" yaku="7,1,8,1,52,1" doraHai="72,43" who="2" fromWho="3" sc="198,0,250,0,327,58,225,-58" /><INIT seed="2,1,0,4,1,55" ten="198,250,385,167" oya="2" hai0="70,88,73,111,80,76,126,117,29,1,0,22,39" hai1="113,56,46,125,7,11,98,13,44,54,127,120,110" hai2="100,121,58,131,41,64,112,18,123,20,42,60,86" hai3="124,5,90,96,25,9,115,93,6,77,36,57,97"/><V8/><F112/><W128/><G36/><T19/><D111/><U79/><E113/><V101/><F131/><W48/><G128/><T132/><D126/><N who="1" m="48139" /><E110/><V106/><F8/><W75/><G124/><T72/><D70/><U74/><E120/><V14/><F106/><W103/><G115/><T122/><D122/><U85/><E74/><V43/><F121/><W129/><G129/><T130/><D130/><U119/><E98/><V2/><F2/><W51/><G77/><T59/><D132/><U15/><E15/><V34/><F34/><W135/><G75/><T49/><D39/><U21/><E21/><V82/><REACH who="2" step="1"/><F123/><REACH who="2" ten="198,250,375,167" step="2"/><W62/><G135/><T35/><D35/><U50/><E119/><V4/><F4/><W65/><G5/><T67/><D117/><U116/><E116/><V68/><F68/><W92/><REACH who="3" step="1"/><G25/><REACH who="3" ten="198,250,375,157" step="2"/><T45/><D1/><AGARI ba="1,2" hai="1,6,9,48,51,57,62,65,90,92,93,96,97,103" machi="1" ten="30,7700,0" yaku="1,1,2,1,7,1,52,1,53,0" doraHai="55" doraHaiUra="10" who="3" fromWho="0" sc="198,-80,250,0,375,0,157,100" /><INIT seed="3,0,0,2,4,34" ten="118,250,375,257" oya="3" hai0="29,115,47,90,104,128,88,73,117,53,9,19,95" hai1="122,91,32,45,33,72,102,62,127,30,23,56,39" hai2="8,22,121,0,74,83,105,81,82,21,71,31,68" hai3="42,92,125,124,41,106,27,114,16,97,70,80,75"/><W108/><G114/><T57/><D117/><U52/><E122/><V133/><F105/><W67/><G106/><T111/><D104/><U89/><E127/><N who="3" m="48714" /><G70/><T44/><D128/><U94/><E72/><V5/><F74/><W25/><G67/><T18/><D111/><U38/><E102/><V77/><F77/><N who="3" m="44095" /><G108/><T37/><D73/><U4/><E23/><V40/><F121/><W46/><G16/><N who="0" m="6187" /><D37/><U1/><E91/><N who="0" m="34857" /><D9/><U43/><E30/><V12/><F71/><W13/><G13/><T63/><D115/><U60/><E38/><V134/><F68/><W11/><G11/><T100/><D29/><U120/><E120/><V131/><F12/><W119/><G119/><T14/><D14/><U36/><E36/><V69/><F69/><W49/><G41/><T61/><D61/><U126/><E126/><V86/><F40/><W76/><G76/><T54/><D53/><U84/><REACH who="1" step="1"/><E62/><REACH who="1" ten="118,240,375,257" step="2"/><V118/><F118/><W85/><G85/><T101/><D101/><AGARI ba="0,1" hai="25,27,42,46,49,92,97,101" m="44095,48714" machi="101" ten="30,1500,0" yaku="18,1" doraHai="34" who="3" fromWho="0" sc="118,-15,240,0,375,0,257,25" /><INIT seed="3,1,0,5,0,135" ten="103,240,375,282" oya="3" hai0="128,28,107,97,34,6,23,12,22,117,92,2,64" hai1="31,105,120,98,61,119,50,35,83,81,45,7,66" hai2="53,100,86,88,73,25,36,3,68,79,78,130,134" hai3="91,43,49,109,114,103,62,76,57,121,132,54,30"/><W14/><G114/><T87/><D117/><U93/><E7/><V10/><F68/><W69/><G121/><T116/><D116/><U82/><E120/><V127/><F36/><W108/><G103/><T18/><D128/><U71/><E119/><V1/><F130/><W55/><G76/><T48/><D107/><U47/><E105/><V37/><F37/><W39/><G30/><T67/><D87/><U77/><E77/><V65/><F100/><W52/><G132/><T44/><D34/><U70/><E70/><V112/><F65/><N who="3" m="41143" /><G91/><T0/><D0/><U51/><E31/><V123/><F134/><W24/><G24/><T124/><D6/><U89/><E35/><V5/><F3/><W113/><G14/><T102/><D2/><U56/><E71/><V95/><F25/><W21/><G21/><T58/><D58/><U72/><E72/><V110/><F112/><W90/><G90/><T41/><D28/><U106/><E106/><V133/><F123/><W33/><G33/><T46/><D23/><U118/><E118/><V40/><F79/><W59/><G113/><T17/><D17/><U125/><E125/><V32/><F127/><W122/><G122/><T42/><REACH who="0" step="1"/><D124/><REACH who="0" ten="93,240,375,282" step="2"/><U4/><E4/><V129/><F133/><W13/><G59/><T99/><D99/><U131/><E131/><V15/><F129/><W63/><G57/><T94/><D94/><U111/><E111/><V60/><F1/><W20/><G109/><T75/><D75/><U96/><E98/><V27/><F110/><W26/><G108/><T115/><D115/><U11/><E11/><RYUUKYOKU ba="1,1" sc="93,15,240,15,375,-15,282,-15" hai0="12,18,22,41,42,44,46,48,64,67,92,97,102" hai1="45,47,50,51,56,61,66,81,82,83,89,93,96" /><INIT seed="4,2,1,3,4,61" ten="108,255,360,267" oya="0" hai0="120,47,1,103,70,33,18,100,45,127,0,104,58" hai1="15,90,5,48,6,59,92,81,12,11,22,46,99" hai2="84,37,129,121,41,49,123,74,73,108,21,112,56" hai3="35,115,71,64,30,109,20,44,102,60,19,62,66"/><T88/><D120/><U91/><E59/><V133/><F108/><W17/><G109/><T32/><D70/><U43/><E22/><V3/><F3/><N who="0" m="1098" /><D18/><U26/><E26/><V77/><F37/><W52/><G35/><N who="0" m="13387" /><D58/><U39/><E39/><V135/><F84/><W13/><G102/><N who="0" m="38955" /><D104/><U97/><E81/><V65/><F56/><W113/><G19/><T89/><D127/><U76/><E76/><V4/><F77/><W126/><G126/><T55/><D55/><U72/><E72/><V96/><F21/><W75/><G75/><T24/><D24/><U105/><E105/><V7/><F73/><W23/><G23/><T16/><D16/><U93/><E15/><V128/><F74/><W53/><G30/><T82/><D82/><U79/><E79/><V67/><F96/><W94/><G94/><T86/><D86/><U40/><REACH who="1" step="1"/><E5/><REACH who="1" ten="108,245,360,267" step="2"/><V80/><F80/><W116/><G116/><T27/><D27/><U14/><E14/><V8/><F4/><W9/><G20/><T69/><D69/><U107/><E107/><V125/><F7/><W95/><G95/><T68/><D68/><U114/><E114/><N who="3" m="43530" /><G44/><AGARI ba="2,2" hai="44,45,47,88,89" m="38955,13387,1098" machi="44" ten="40,7700,0" yaku="28,2,54,1" doraHai="61" who="0" fromWho="3" sc="108,103,245,0,360,0,267,-83" /><INIT seed="4,3,0,5,3,118" ten="211,245,360,184" oya="0" hai0="38,40,134,24,97,29,30,102,88,20,3,10,0" hai1="54,25,90,22,82,130,91,66,71,98,35,77,132" hai2="53,80,95,112,46,96,122,123,14,9,37,84,15" hai3="31,92,58,87,43,69,110,4,75,100,8,17,125"/><T81/><D134/><U60/><E130/><V33/><F33/><W12/><G110/><T128/><D128/><U64/><E132/><V48/><F15/><W73/><G69/><T74/><D30/><U129/><E129/><V47/><F46/><W21/><G125/><T79/><D10/><U44/><E35/><V32/><F37/><W65/><G43/><T94/><REACH who="0" step="1"/><D102/><REACH who="0" ten="201,245,360,184" step="2"/><U121/><E121/><V103/><F112/><W116/><G31/><T39/><D39/><U7/><E7/><V56/><F32/><W55/><G116/><T131/><D131/><U115/><E115/><V133/><F133/><W57/><G100/><T28/><D28/><U42/><E22/><V16/><F47/><AGARI ba="3,1" hai="0,3,20,24,29,38,40,47,74,79,81,88,94,97" machi="47" ten="40,3900,0" yaku="1,1,54,1,53,0" doraHai="118" doraHaiUra="45" who="0" fromWho="2" sc="201,58,245,0,360,-48,184,0" /><INIT seed="4,4,0,1,2,55" ten="259,245,312,184" oya="0" hai0="62,109,45,57,96,27,13,99,87,92,68,44,114" hai1="111,54,8,22,83,60,40,131,34,51,36,129,37" hai2="15,14,82,90,85,104,48,52,50,134,61,35,84" hai3="6,42,23,94,135,30,101,12,125,132,71,58,81"/><T46/><D68/><U69/><E34/><V79/><F35/><W100/><G71/><T17/><D114/><U65/><E22/><V76/><F104/><W2/><G2/><T93/><D109/><U127/><E83/><V39/><F39/><N who="1" m="14921" /><E8/><V113/><F113/><W133/><G125/><T64/><D27/><U112/><E112/><V107/><F107/><W70/><G70/><T43/><D87/><U130/><E111/><V116/><F116/><W98/><G42/><T73/><D73/><U91/><E91/><V5/><F134/><W66/><G81/><T47/><D93/><U67/><E67/><V122/><F122/><W56/><G66/><T115/><D115/><U49/><E127/><V110/><F110/><W128/><G128/><T123/><D123/><U77/><E77/><V21/><F15/><W88/><G30/><T11/><REACH who="0" step="1"/><D92/><REACH who="0" ten="249,245,312,184" step="2"/><U19/><E131/><V117/><F84/><W108/><G108/><T28/><D28/><U25/><E25/><V119/><F119/><W106/><G106/><T9/><D9/><U95/><E95/><V80/><F117/><W102/><G23/><T24/><D24/><U103/><E130/><V1/><F79/><W38/><G38/><AGARI ba="4,1" hai="11,13,17,38,43,44,45,46,47,57,62,64,96,99" machi="38" ten="40,7700,0" yaku="1,1,52,1,53,1" doraHai="55" doraHaiUra="63" who="0" fromWho="3" sc="249,99,245,0,312,0,184,-89" /><INIT seed="4,5,0,5,4,3" ten="348,245,312,95" oya="0" hai0="74,40,103,17,10,16,88,107,85,134,129,132,111" hai1="23,117,26,104,78,80,112,131,64,118,109,113,68" hai2="24,21,31,25,19,75,82,127,57,119,15,27,115" hai3="130,65,91,38,30,105,72,59,83,89,28,95,29"/><T35/><D74/><U45/><E104/><V46/><F119/><N who="1" m="45577" /><E45/><V41/><F127/><W93/><G105/><T52/><D40/><U47/><E47/><V18/><F18/><N who="0" m="7274" /><D129/><U102/><E64/><V97/><F97/><W32/><G130/><T60/><D35/><U0/><E68/><V87/><F57/><W73/><G38/><T76/><D76/><U123/><E131/><V1/><F1/><W121/><G121/><T66/><D10/><U4/><E102/><V9/><F75/><W44/><G32/><T12/><D12/><U14/><E80/><V2/><F2/><W86/><G44/><T69/><D111/><U81/><E0/><V33/><F33/><W84/><REACH who="3" step="1"/><G83/><REACH who="3" ten="348,245,312,85" step="2"/><T51/><D107/><U55/><E123/><V37/><F115/><W125/><G125/><T6/><D132/><U98/><E113/><V96/><F96/><W120/><G120/><T92/><D134/><U77/><E112/><V49/><F37/><W7/><G7/><T133/><D6/><U71/><E81/><V128/><F128/><W94/><G94/><T8/><D133/><U114/><E114/><V135/><F135/><W50/><G50/><T56/><D103/><U99/><E4/><V22/><F21/><W101/><G101/><T126/><D126/><U124/><E23/><V42/><F41/><W70/><G70/><T43/><D8/><U110/><E71/><V79/><AGARI ba="5,1" hai="9,15,19,22,24,25,27,31,42,46,49,79,82,87" machi="79" ten="20,2700,0" yaku="0,1,7,1,8,1" doraHai="3" who="2" fromWho="2" sc="348,-18,245,-12,312,52,85,-12" /><INIT seed="5,0,0,2,2,50" ten="330,233,364,73" oya="1" hai0="83,76,109,37,129,125,16,134,55,47,96,99,81" hai1="64,15,86,101,24,59,3,10,69,128,113,12,121" hai2="30,105,58,43,46,0,52,114,118,119,6,38,61" hai3="67,25,117,82,57,1,4,65,19,103,80,124,89"/><U60/><E121/><V56/><F105/><W97/><G124/><T2/><D109/><U123/><E123/><V54/><F30/><W130/><G130/><T68/><D2/><U112/><E128/><V87/><F6/><W132/><G132/><T127/><D129/><U17/><E101/><V72/><F72/><W62/><G117/><N who="2" m="44553" /><F87/><W70/><G4/><T27/><D68/><U34/><E86/><V135/><F0/><W79/><G1/><T102/><D134/><U133/><E133/><V78/><F78/><W63/><G89/><T71/><D71/><U93/><E93/><V44/><F44/><W92/><G79/><T35/><D35/><U120/><E120/><V75/><F75/><W110/><G110/><T21/><D37/><U29/><E3/><V107/><F107/><W122/><G122/><T88/><D81/><U84/><E84/><V45/><F45/><W100/><G100/><T20/><D20/><U73/><E73/><V9/><F9/><W22/><REACH who="3" step="1"/><G19/><REACH who="3" ten="330,233,364,63" step="2"/><T98/><D102/><U90/><E90/><V7/><F7/><W95/><G95/><T5/><D5/><U126/><E126/><V85/><F135/><W26/><G26/><T36/><D76/><U74/><E74/><V108/><F108/><W53/><G53/><T40/><D55/><U32/><E12/><V91/><F91/><W94/><G94/><T111/><D111/><U77/><E77/><V11/><F54/><W39/><G39/><T33/><D83/><U49/><E34/><V106/><F38/><W23/><G23/><T18/><D33/><U14/><E15/><RYUUKYOKU ba="0,1" sc="330,-15,233,15,364,-15,63,15" hai1="10,14,17,24,29,32,49,59,60,64,69,112,113" hai3="22,25,57,62,63,65,67,70,80,82,92,97,103" /><INIT seed="5,1,1,5,4,9" ten="315,248,349,78" oya="1" hai0="53,12,54,57,4,61,32,114,39,26,71,126,23" hai1="30,36,95,59,68,63,73,121,27,20,101,112,66" hai2="93,21,100,97,122,89,134,111,0,84,91,52,113" hai3="46,133,25,37,13,10,7,5,55,90,8,29,75"/><U56/><E121/><V19/><F0/><W2/><G75/><T118/><D118/><U86/><E73/><V1/><F1/><W115/><G115/><T28/><D39/><U15/><E36/><V98/><F122/><W106/><G106/><T3/><D126/><U102/><E112/><V131/><F131/><W116/><G133/><T92/><D71/><U125/><E125/><V43/><F43/><W31/><G116/><T18/><D92/><U83/><E68/><V99/><F134/><W33/><G90/><T67/><REACH who="0" step="1"/><D114/><REACH who="0" ten="305,248,349,78" step="2"/><U16/><E95/><V60/><F113/><W72/><G37/><T51/><D51/><U119/><E119/><V128/><F128/><W35/><G72/><T80/><D80/><U129/><E129/><V88/><F111/><W81/><G81/><T85/><D85/><U47/><E47/><V44/><F84/><W107/><G107/><T103/><D103/><U87/><E59/><N who="2" m="34919" /><F44/><W38/><G38/><T108/><D108/><U78/><REACH who="1" step="1"/><E87/><REACH who="1" ten="305,238,349,78" step="2"/><V6/><F6/><W124/><G124/><T45/><D45/><U50/><E50/><V40/><F40/><W104/><G104/><T34/><D34/><AGARI ba="1,3" hai="15,16,20,27,30,34,56,63,66,78,83,86,101,102" machi="34" ten="30,12000,1" yaku="1,1,7,1,52,1,54,1,53,1" doraHai="9" doraHaiUra="11" who="1" fromWho="0" sc="305,-123,238,153,349,0,78,0" /><INIT seed="5,2,0,3,3,18" ten="182,391,349,78" oya="1" hai0="24,93,89,106,100,54,43,5,125,133,96,36,51" hai1="99,130,2,101,65,121,90,87,20,74,44,107,14" hai2="26,120,78,40,62,8,126,39,38,111,92,27,123" hai3="132,97,48,31,69,25,19,109,112,9,30,59,110"/><U83/><E121/><V127/><F78/><W135/><G69/><T12/><D133/><N who="3" m="51273" /><G59/><T72/><D72/><U15/><E2/><V115/><F111/><N who="3" m="42507" /><G48/><T42/><D125/><N who="2" m="47626" /><F40/><W118/><G97/><T91/><D36/><N who="2" m="13866" /><F92/><W16/><G112/><T53/><D54/><U122/><E122/><N who="2" m="46635" /><F115/><W22/><G118/><T28/><D91/><U13/><E74/><V35/><F35/><W11/><G19/><T88/><D89/><U47/><E65/><V63/><F63/><W46/><G46/><T34/><D106/><U73/><E73/><V56/><F8/><AGARI ba="2,0" hai="8,9,11,16,22,25,30,31" m="42507,51273" machi="8" ten="30,8000,1" yaku="20,1,34,2,52,1,54,1" doraHai="18" who="3" fromWho="2" sc="182,0,391,0,349,-86,78,86" /><INIT seed="6,0,0,3,5,20" ten="182,391,263,164" oya="2" hai0="109,114,99,93,123,130,45,69,81,66,74,37,6" hai1="53,97,3,50,17,112,75,55,115,70,33,80,118" hai2="61,121,117,126,23,96,73,35,71,31,132,83,86" hai3="87,41,128,44,82,63,60,2,129,110,27,26,47"/><V13/><F73/><W84/><G110/><T15/><D123/><U98/><E118/><V9/><F121/><W64/><G2/><T54/><D109/><U101/><E3/><V12/><F35/><W46/><G41/><T72/><D114/><N who="1" m="43563" /><E70/><V100/><F117/><W52/><G52/><N who="1" m="20042" /><E33/><V88/><F126/><W131/><G63/><T119/><D119/><U39/><E39/><V34/><F34/><W58/><REACH who="3" step="1"/><G87/><REACH who="3" ten="182,391,263,154" step="2"/><T90/><D72/><U133/><E75/><V102/><F61/><W107/><G107/><T125/><D125/><U92/><E133/><V68/><F132/><W65/><G65/><T105/><D105/><U120/><E120/><V38/><F86/><W18/><G18/><T113/><D113/><U0/><E0/><V25/><F38/><W42/><G42/><T89/><D37/><U122/><E122/><V59/><F96/><W95/><G95/><T36/><D36/><U57/><E98/><V1/><F1/><W108/><G108/><T30/><D74/><U111/><E111/><V127/><F127/><W4/><G4/><T67/><D67/><U24/><E17/><V78/><F83/><W104/><G104/><T91/><D81/><U56/><E80/><V16/><F16/><W48/><G48/><N who="0" m="28943" /><D66/><U14/><E50/><V103/><F31/><W8/><G8/><N who="0" m="4503" /><D30/><U5/><E57/><V28/><F59/><W21/><G21/><T135/><D69/><U19/><E56/><V51/><F9/><W7/><G7/><T94/><D135/><U49/><E49/><V85/><F51/><W79/><AGARI ba="0,1" hai="26,27,44,46,47,58,60,64,79,82,84,128,129,131" machi="79" ten="40,8000,1" yaku="1,1,0,1,19,1,52,2,53,0" doraHai="20" doraHaiUra="106" who="3" fromWho="3" sc="182,-20,391,-20,263,-40,154,90" /><INIT seed="7,0,0,4,3,127" ten="162,371,223,244" oya="3" hai0="0,113,50,76,2,9,106,95,47,114,135,6,126" hai1="84,71,109,90,54,33,80,48,72,5,55,134,27" hai2="121,44,26,49,38,18,1,70,74,87,101,7,73" hai3="32,94,129,64,102,59,63,124,10,66,60,103,52"/><W110/><G32/><T3/><D106/><U4/><E109/><V57/><F70/><W46/><G124/><T45/><D126/><U104/><E134/><V34/><F38/><W14/><G110/><T24/><D95/><U100/><E71/><V53/><F101/><W39/><G129/><T118/><D118/><U17/><E72/><V107/><F107/><W88/><G39/><T69/><D69/><U115/><E115/><N who="0" m="44041" /><D76/><U43/><E43/><V75/><F121/><W91/><G91/><T21/><D50/><U41/><E41/><V81/><F7/><N who="3" m="3423" /><G46/><T51/><D51/><U31/><E55/><V68/><F1/><N who="0" m="618" /><D47/><U20/><E100/><N who="3" m="38442" /><G63/><T40/><D40/><U16/><E104/><V123/><F68/><W15/><G15/><T125/><D45/><N who="1" m="27919" /><E33/><V28/><F18/><AGARI ba="0,0" hai="4,5,16,17,18,20,27,31,80,84,90" m="27919" machi="18" ten="30,2000,0" yaku="8,1,54,1" doraHai="127" who="1" fromWho="2" sc="162,0,371,20,223,-20,244,0" owari="162,-34.0,391,50.0,203,-20.0,244,4.0" /></mjloggm>