<mjloggm ver="2.3"><GO type="169" lobby="0"/><UN n0="%E3%82%A4%E3%82%AB%E3%81%AB%E3%82%82%E6%9D%B1%E5%8C%97" n1="%E3%82%82%E3%81%BF%E3%81%95%E3%81%92" n2="%59%61%6E%67%6E%75%6D" n3="%E4%BE%8D" dan="16,16,16,18" rate="2097.42,2112.15,2164.64,2218.25" sx="M,M,M,M"/><TAIKYOKU oya="0"/><INIT seed="0,0,0,2,1,85" ten="250,250,250,250" oya="0" hai0="28,93,106,131,1,30,109,31,56,74,119,32,81" hai1="23,65,73,126,46,41,79,50,68,52,18,107,13" hai2="44,103,34,121,118,5,61,36,123,80,26,120,33" hai3="86,62,124,100,57,113,78,42,24,82,91,69,83"/><T17/><D119/><U49/><E126/><V70/><F118/><W7/><G113/><T51/><D106/><U94/><E107/><V59/><F70/><W20/><G124/><T58/><D1/><U129/><E129/><V95/><F5/><W130/><G130/><T16/><D131/><U108/><E108/><V47/><F80/><W127/><G127/><T104/><D104/><U12/><E79/><V114/><F114/><W84/><G69/><T14/><D32/><U117/><E73/><V67/><F36/><W92/><G7/><T63/><D109/><U111/><E111/><V2/><F2/><W19/><G42/><T60/><D81/><U53/><E117/><V66/><F67/><W25/><G100/><T8/><D74/><U76/><E76/><V97/><F34/><W10/><G10/><T90/><D17/><U48/><E12/><V9/><F9/><W102/><G102/><T29/><N who="0" m="7168" /><DORA hai="125" /><T98/><REACH who="0" step="1"/><D51/><REACH who="0" ten="240,250,250,250" step="2"/><U15/><E48/><V3/><F3/><W43/><G83/><T37/><D37/><U134/><E50/><V122/><F123/><W22/><G43/><T54/><D54/><U71/><E52/><V88/><F33/><W99/><G82/><T89/><D89/><U45/><E53/><V75/><F75/><W0/><G0/><T77/><D77/><U6/><E49/><V116/><F116/><W128/><G128/><T27/><D27/><U11/><E41/><V96/><F26/><W87/><G78/><T132/><D132/><U110/><E134/><V112/><F112/><W35/><G25/><T39/><D39/><RYUUKYOKU ba="0,1" sc="240,15,250,-15,250,15,250,-15" hai0="8,14,16,56,58,60,63,90,93,98" hai2="44,47,59,61,66,88,95,96,97,103,120,121,122" /><INIT seed="0,1,1,2,1,94" ten="255,235,265,235" oya="0" hai0="70,72,10,117,68,87,53,57,44,36,28,112,13" hai1="124,84,102,27,132,18,41,93,32,25,50,62,111" hai2="17,76,79,6,3,74,20,77,107,134,35,23,90" hai3="113,114,69,40,131,47,103,30,67,9,98,51,92"/><T45/><D117/><U55/><E111/><V120/><F120/><W88/><G131/><T24/><D112/><U123/><E132/><V22/><F35/><W2/><G30/><T135/><D72/><U7/><E124/><V38/><F38/><W133/><G133/><T66/><D135/><U97/><E7/><V63/><F134/><W85/><G67/><T108/><D108/><U37/><E37/><V16/><F74/><W59/><G69/><T12/><D12/><U58/><E32/><V82/><F107/><W39/><G59/><T34/><D87/><U31/><E31/><V110/><F110/><W91/><G39/><T43/><D45/><U95/><E18/><V52/><F6/><W100/><G2/><T54/><D54/><U96/><E84/><N who="2" m="50455" /><F3/><W116/><G116/><T60/><REACH who="0" step="1"/><D66/><REACH who="0" ten="245,235,265,235" step="2"/><N who="1" m="39255" /><E123/><V48/><F63/><W81/><REACH who="3" step="1"/><G9/><REACH who="3" ten="245,235,265,225" step="2"/><T21/><D21/><U56/><E41/><V29/><F29/><W128/><G128/><T105/><D105/><U109/><E109/><V71/><F71/><W33/><G33/><T64/><D64/><U101/><AGARI ba="1,3" hai="25,27,50,55,56,93,95,96,97,101,102" m="39255" machi="101" ten="30,4000,0" yaku="8,1,52,2" doraHai="94" who="1" fromWho="1" sc="245,-21,235,73,265,-11,225,-11" /><INIT seed="1,0,0,0,0,14" ten="224,308,254,214" oya="1" hai0="11,52,104,96,116,48,1,69,29,130,120,94,89" hai1="46,73,53,78,70,37,63,17,105,3,108,38,28" hai2="75,123,132,106,67,31,111,100,115,0,23,13,83" hai3="124,45,22,133,119,39,68,92,49,77,103,71,85"/><U128/><E3/><V36/><F100/><W84/><G39/><T55/><D116/><U26/><E105/><V118/><F83/><W97/><G119/><T20/><D69/><U126/><E126/><V30/><F13/><W127/><G133/><T81/><D130/><U86/><E73/><V19/><F23/><W80/><G85/><T18/><D120/><U47/><E78/><V114/><F19/><W74/><G74/><T62/><D62/><U109/><E86/><V42/><F30/><W9/><G22/><T122/><D122/><U34/><E128/><V50/><F31/><W24/><G24/><T66/><D66/><N who="1" m="41311" /><E17/><V98/><F50/><W82/><G82/><T110/><D29/><U40/><E53/><V41/><F98/><W113/><G113/><T8/><D55/><U117/><E117/><V87/><F67/><W91/><G77/><T129/><D129/><U25/><E26/><V51/><F51/><W79/><G127/><T90/><D104/><U61/><E61/><V32/><F41/><AGARI ba="0,0" hai="25,28,34,37,38,40,41,46,47,108,109" m="41311" machi="41" ten="30,1500,0" yaku="23,1" doraHai="14" who="1" fromWho="2" sc="224,0,308,15,254,-15,214,0" /><INIT seed="1,1,0,5,3,81" ten="224,323,239,214" oya="1" hai0="84,113,128,65,125,116,100,114,0,111,103,78,6" hai1="77,49,28,121,44,42,120,15,109,31,95,101,83" hai2="91,86,24,133,53,3,30,70,93,56,39,72,132" hai3="87,21,25,129,18,13,60,106,17,127,67,79,62"/><U58/><E109/><V89/><F70/><W36/><G129/><T104/><D65/><U61/><E15/><V115/><F39/><W37/><G127/><T32/><D32/><U94/><E120/><V131/><F3/><W64/><G106/><T69/><D69/><U11/><E11/><V55/><F131/><W52/><G37/><T130/><D6/><U29/><E101/><V47/><F72/><W71/><G36/><T57/><D57/><U74/><REACH who="1" step="1"/><E121/><REACH who="1" ten="224,313,239,214" step="2"/><V117/><F117/><W126/><G126/><T46/><D103/><U123/><E123/><V4/><F115/><W2/><G2/><T124/><D100/><U76/><E76/><V19/><F91/><W26/><G13/><T7/><D78/><U5/><E5/><V75/><F4/><W27/><G79/><T59/><D7/><U119/><E119/><V112/><F112/><W63/><G71/><T99/><D0/><U96/><E96/><V102/><F89/><W85/><G21/><T54/><D116/><U90/><E90/><V33/><F102/><W66/><REACH who="3" step="1"/><G52/><AGARI ba="1,1" hai="28,29,31,42,44,49,52,58,61,74,77,83,94,95" machi="52" ten="40,12000,1" yaku="1,1,54,1,53,2" doraHai="81" doraHaiUra="88" who="1" fromWho="3" sc="224,0,313,133,239,0,214,-123" /><INIT seed="1,2,0,5,5,116" ten="224,446,239,91" oya="1" hai0="111,106,42,100,2,112,59,37,32,22,13,69,109" hai1="86,66,43,15,41,28,98,35,49,110,99,135,103" hai2="117,90,120,51,21,125,84,23,24,114,119,3,71" hai3="61,134,19,94,36,31,5,104,58,39,46,34,133"/><U7/><E135/><V126/><F71/><W47/><G104/><T88/><D69/><U50/><E35/><V26/><F3/><W93/><G5/><T85/><D32/><U95/><E110/><V77/><F77/><W74/><G34/><T33/><D33/><U60/><E28/><V57/><F114/><W127/><G31/><T40/><D37/><U10/><E86/><V102/><F102/><W53/><G74/><T123/><D2/><U9/><E9/><V68/><F68/><W76/><G76/><T54/><D100/><U6/><E6/><V87/><F51/><N who="1" m="19465" /><E99/><V62/><F57/><AGARI ba="2,0" hai="7,10,15,41,43,57,60,66,95,98,103" m="19465" machi="57" ten="30,1500,0" yaku="8,1" doraHai="116" who="1" fromWho="2" sc="224,0,446,21,239,-21,91,0" /><INIT seed="1,3,0,2,1,5" ten="224,467,218,91" oya="1" hai0="93,87,73,63,77,70,33,80,42,131,21,52,132" hai1="72,1,38,6,49,28,90,44,61,134,2,104,86" hai2="31,50,36,69,26,58,22,45,19,8,91,46,11" hai3="25,92,99,79,124,14,15,105,96,123,109,133,89"/><U76/><E104/><V88/><F69/><W3/><G123/><T0/><D33/><U115/><E115/><V20/><F36/><W64/><G109/><T4/><D131/><U125/><E134/><V82/><F58/><W107/><G133/><T13/><D132/><U74/><E125/><V116/><F116/><W65/><G3/><T59/><D42/><U114/><E114/><V75/><F46/><W23/><G79/><T7/><D0/><U108/><E108/><V68/><F68/><W71/><G124/><T100/><D70/><U95/><E1/><V127/><F75/><W43/><G43/><T135/><D135/><U102/><E102/><V121/><F121/><W103/><G107/><T30/><D73/><U34/><E76/><V83/><F127/><W101/><G89/><N who="2" m="34377" /><F83/><W35/><G35/><T94/><D94/><U47/><E61/><V106/><F82/><W111/><G111/><T119/><D119/><U40/><E28/><V17/><F106/><W130/><G130/><T53/><D53/><U24/><E34/><V10/><F22/><W81/><G81/><T29/><D4/><U18/><E6/><V84/><F84/><W78/><G78/><T118/><D21/><N who="1" m="13367" /><E2/><V85/><F85/><W117/><G117/><T122/><D118/><U16/><E74/><V9/><N who="2" m="2048" /><DORA hai="128" /><V110/><F110/><W57/><G71/><T66/><D122/><U55/><E72/><V41/><AGARI ba="3,0" hai="17,19,20,26,31,41,45,50" m="2048,34377" machi="41" ten="40,12000,2" yaku="8,1,52,4,54,1" doraHai="5,128" who="2" fromWho="2" sc="224,-33,467,-63,218,129,91,-33" /><INIT seed="2,0,0,4,1,129" ten="191,404,347,58" oya="2" hai0="116,6,17,124,135,59,90,54,102,100,45,50,43" hai1="26,77,23,56,83,123,119,3,19,96,76,97,25" hai2="21,51,2,62,73,134,67,38,105,28,18,87,32" hai3="114,42,5,78,12,74,24,81,68,58,63,11,15"/><V91/><F38/><W13/><G114/><T103/><D124/><U117/><E123/><V107/><F2/><W60/><G68/><T109/><D109/><U39/><E3/><V65/><F73/><W9/><G42/><T131/><D116/><U8/><E39/><V4/><F4/><W93/><G24/><T44/><D131/><U110/><E110/><V35/><F67/><W125/><G125/><T72/><D72/><U106/><E8/><V130/><F130/><W79/><G79/><T36/><D6/><U111/><E111/><V86/><F86/><W75/><G75/><T85/><D17/><U112/><E112/><V57/><F51/><W14/><G93/><T52/><D54/><U94/><E106/><V47/><F47/><W33/><G33/><T88/><D45/><U27/><E56/><V22/><F35/><W37/><G37/><T89/><REACH who="0" step="1"/><D135/><REACH who="0" ten="181,404,347,58" step="2"/><U120/><E19/><V98/><F134/><W49/><G11/><T70/><D70/><U115/><E119/><V113/><F113/><W7/><G7/><T10/><D10/><U127/><E117/><V118/><F118/><W41/><G41/><T133/><D133/><U34/><E127/><V121/><F121/><W99/><G9/><T101/><N who="0" m="25600" /><DORA hai="66" /><T48/><D48/><U128/><E128/><V80/><F18/><W46/><G5/><T64/><D64/><U95/><E115/><V30/><F105/><W104/><N who="3" m="3072" /><DORA hai="92" /><W29/><G46/><T55/><D55/><U40/><E120/><V16/><F107/><W82/><G49/><T71/><D71/><U108/><E108/><RYUUKYOKU ba="0,1" sc="181,30,404,-10,347,-10,58,-10" hai0="36,43,44,50,52,59,85,88,89,90" /><INIT seed="3,1,1,0,5,109" ten="211,394,337,48" oya="3" hai0="31,39,9,122,110,4,101,51,55,114,73,87,115" hai1="6,18,75,52,10,117,14,78,67,25,82,80,96" hai2="71,93,127,27,113,54,97,131,36,35,2,68,3" hai3="76,41,5,20,56,65,116,69,79,134,7,49,58"/><W62/><G116/><T85/><D110/><U28/><E117/><V91/><F113/><N who="0" m="43018" /><D122/><U21/><E67/><V98/><F36/><W133/><G20/><T105/><D39/><U11/><E96/><V92/><F131/><W19/><G19/><T129/><D129/><U107/><E107/><V112/><F127/><W22/><G22/><T124/><D73/><U40/><E40/><V84/><F3/><W72/><G5/><T108/><D108/><U61/><E78/><N who="3" m="29738" /><G7/><T128/><D128/><U135/><E75/><V63/><F2/><W26/><G26/><T48/><D124/><U15/><E135/><N who="3" m="51722" /><G72/><T120/><D120/><U59/><AGARI ba="1,1" hai="6,10,11,14,15,18,21,25,28,52,59,61,80,82" machi="59" ten="30,4000,0" yaku="0,1,8,1,54,1" doraHai="109" who="1" fromWho="1" sc="211,-11,394,53,337,-11,48,-21" /><INIT seed="4,0,0,0,3,113" ten="200,447,326,27" oya="0" hai0="57,86,14,18,133,72,44,34,98,105,101,81,32" hai1="19,118,84,132,78,22,38,87,123,90,65,17,106" hai2="8,85,46,124,48,23,121,37,80,9,119,5,70" hai3="63,107,52,77,55,59,109,110,128,103,111,66,42"/><T28/><D133/><U122/><E38/><V89/><F121/><W27/><G128/><T117/><D117/><U60/><E132/><V114/><F114/><W104/><G77/><T6/><D6/><U115/><E106/><V93/><F70/><W91/><G42/><T2/><D2/><U92/><E115/><V10/><F124/><W71/><G91/><T129/><D129/><U21/><E118/><V62/><F37/><W11/><G11/><T135/><D135/><U134/><E134/><V96/><F62/><W79/><G79/><T39/><D28/><U69/><E84/><V30/><F119/><W94/><G55/><T41/><D57/><U43/><E43/><V53/><F23/><W127/><G127/><T88/><REACH who="0" step="1"/><D72/><REACH who="0" ten="190,447,326,27" step="2"/><U0/><E0/><V126/><F30/><W36/><G36/><T15/><D15/><U116/><E116/><V7/><F126/><W35/><G35/><T56/><D56/><U45/><E123/><V20/><F20/><AGARI ba="0,1" hai="14,18,20,32,34,39,41,44,81,86,88,98,101,105" machi="20" ten="30,5800,0" yaku="1,1,7,1,54,1,53,0" doraHai="113" doraHaiUra="74" who="0" fromWho="2" sc="190,68,447,0,326,-58,27,0" /><INIT seed="4,1,0,1,3,87" ten="258,447,268,27" oya="0" hai0="39,74,46,48,54,100,128,78,125,1,43,104,86" hai1="71,116,106,122,72,66,5,113,3,69,33,42,68" hai2="55,60,58,4,7,21,61,96,70,129,22,51,131" hai3="108,35,119,11,23,99,59,120,9,80,134,12,85"/><T88/><D1/><U57/><E33/><V19/><F22/><W110/><G119/><T32/><D32/><U45/><E5/><V47/><F70/><W107/><G35/><T28/><D28/><U0/><E106/><V101/><F61/><W26/><G134/><T91/><D128/><N who="2" m="49226" /><F96/><W25/><G120/><T30/><D125/><U133/><E72/><V37/><F37/><W117/><G117/><T121/><D121/><U6/><E6/><V95/><F95/><W105/><G59/><T92/><D30/><U16/><E116/><V20/><F20/><W14/><G85/><T90/><D78/><U10/><E122/><V123/><F101/><W8/><G80/><T89/><D74/><U97/><E97/><V44/><F44/><W13/><G99/><T31/><D31/><U29/><E29/><V15/><F123/><W73/><G73/><T62/><D62/><U53/><E66/><AGARI ba="1,0" hai="4,7,15,19,21,47,51,55,58,60,66" m="49226" machi="66" ten="30,1000,0" yaku="19,1" doraHai="87" who="2" fromWho="1" sc="258,0,447,-13,268,13,27,0" /><INIT seed="5,0,0,0,5,24" ten="258,434,281,27" oya="1" hai0="130,57,99,14,72,79,47,69,107,101,109,126,134" hai1="122,81,51,12,70,121,94,2,114,75,110,95,123" hai2="83,68,25,84,133,10,118,45,11,61,116,132,50" hai3="93,60,129,108,8,100,39,88,124,37,58,63,20"/><U33/><E2/><V3/><F68/><W9/><G108/><T105/><D109/><U62/><E110/><V26/><F61/><W91/><G129/><T7/><D130/><U22/><E33/><V73/><F73/><W4/><G124/><T5/><D107/><U41/><E114/><V67/><F67/><W1/><G63/><T59/><D69/><U66/><E41/><V92/><F92/><W48/><G48/><T117/><D117/><U135/><E135/><N who="2" m="51787" /><F118/><W35/><G35/><T119/><D126/><U87/><E75/><V34/><F34/><W36/><G20/><T104/><D104/><U0/><E0/><V76/><F116/><W49/><G49/><T13/><D119/><U128/><E51/><V85/><F84/><W55/><REACH who="3" step="1"/><G8/><REACH who="3" ten="258,434,281,17" step="2"/><N who="2" m="3113" /><F3/><W125/><G125/><T86/><D134/><U106/><E128/><V77/><F77/><W42/><G42/><AGARI ba="0,1" hai="25,26,42,45,50,76,83,85" m="3113,51787" machi="42" ten="30,1000,0" yaku="20,1" doraHai="24" who="2" fromWho="3" sc="258,0,434,0,281,20,17,-10" /><INIT seed="6,0,0,2,1,99" ten="258,434,301,7" oya="2" hai0="62,42,7,35,51,124,105,118,90,114,8,21,47" hai1="37,104,81,69,11,76,120,85,13,84,113,121,80" hai2="29,67,34,70,0,40,117,106,22,130,59,1,78" hai3="31,41,94,82,64,96,33,3,15,2,19,55,88"/><V89/><F117/><W107/><G41/><T43/><D118/><U83/><E69/><V4/><F130/><W23/><G64/><T86/><D35/><U60/><E60/><V92/><F106/><W119/><G119/><T14/><D114/><U79/><E37/><V111/><F70/><W28/><G107/><T48/><D124/><U133/><E104/><V74/><F34/><W16/><G33/><T63/><D105/><U58/><E58/><V93/><F92/><W134/><G2/><T126/><D126/><U97/><E113/><V65/><F40/><W112/><G3/><T131/><D131/><U9/><E97/><V26/><F111/><W108/><G108/><T36/><D21/><U38/><E38/><V77/><F0/><W6/><G6/><T32/><D32/><U56/><E56/><V49/><F74/><W44/><G112/><T12/><D12/><U18/><E133/><V127/><F4/><W61/><G134/><T24/><D24/><U45/><E45/><V50/><F1/><W95/><G82/><T68/><D68/><U102/><E9/><V5/><F5/><W116/><G116/><T17/><D7/><U39/><E39/><V135/><F127/><W52/><G19/><T10/><D10/><U73/><E73/><V72/><F72/><W20/><G20/><T125/><D125/><U53/><E11/><V109/><F109/><W132/><G132/><T57/><D36/><U87/><E80/><V123/><F135/><W128/><G128/><T46/><D57/><U91/><E81/><AGARI ba="0,0" hai="8,14,17,42,43,46,47,48,51,62,63,81,86,90" machi="81" ten="30,3900,0" yaku="7,1,9,1,8,1" doraHai="99" who="0" fromWho="1" sc="258,39,434,-39,301,0,7,0" /><INIT seed="7,0,0,2,4,66" ten="297,395,301,7" oya="3" hai0="95,92,75,23,134,86,69,2,10,85,54,76,1" hai1="112,84,96,67,51,90,79,118,57,126,73,42,131" hai2="83,111,36,105,130,38,17,68,41,6,119,74,39" hai3="59,80,78,53,124,108,65,82,135,97,127,133,15"/><W32/><G32/><T7/><D2/><U31/><E112/><V117/><F111/><W26/><G26/><T62/><D75/><U25/><E126/><N who="3" m="48170" /><G15/><T49/><D134/><N who="3" m="51209" /><G108/><T106/><D106/><U88/><E73/><V29/><F105/><W128/><G65/><T94/><D76/><U93/><E79/><V109/><F6/><W40/><G40/><T27/><D62/><U61/><E118/><V30/><F41/><W98/><G59/><T122/><D69/><U115/><E115/><V33/><F33/><W56/><G56/><T77/><D77/><U87/><E42/><V11/><F117/><W19/><G19/><T21/><D21/><U28/><E28/><V71/><F109/><W100/><G53/><T89/><D122/><U81/><E31/><V121/><F121/><W13/><G13/><T132/><D132/><U64/><E25/><V24/><F30/><W0/><G0/><T101/><D23/><U47/><E64/><V4/><F4/><W58/><G58/><N who="0" m="33103" /><D27/><U9/><E67/><V70/><F29/><W44/><G44/><T110/><D110/><U120/><E47/><V63/><F63/><W37/><G37/><T3/><D3/><U46/><E46/><V116/><F24/><W103/><G128/><T104/><D1/><U52/><E131/><V99/><F130/><W12/><G12/><T55/><D55/><U114/><E52/><V14/><F119/><W34/><G34/><T16/><D16/><U123/><E57/><V20/><F116/><W8/><G8/><T35/><D10/><U107/><E9/><V72/><F11/><RYUUKYOKU ba="0,0" sc="297,0,395,0,301,0,7,0" owari="297,-10.0,395,49.0,301,10.0,7,-49.0" /></mjloggm>