<mjloggm ver="2.3"><GO type="225" lobby="0"/><UN n0="%E3%81%AF%E3%82%88%E3%81%8A%E3%81%98%E3%81%95%E3%82%93" n1="%E9%9F%93%E8%A1%9B%E9%9D%92" n2="%E6%9D%8F%E6%9D%8F%E3%81%AE%E6%9C%80%E5%BC%B1%E5%BC%9F%E5%AD%90" n3="%E7%B6%BE%E9%87%8E%E7%8F%AA%E5%AD%90" dan="17,16,17,17" rate="2092.98,2201.04,2119.80,2220.32" sx="M,F,F,F"/><TAIKYOKU oya="0"/><INIT seed="0,0,0,0,5,32" ten="250,250,250,250" oya="0" hai0="31,3,9,60,89,0,4,34,23,19,58,85,68" hai1="105,82,111,6,53,119,14,70,16,51,12,130,84" hai2="36,79,61,10,55,95,73,11,124,59,46,28,45" hai3="134,35,135,87,94,128,8,115,1,7,44,71,50"/><T133/><D133/><N who="3" m="50697" /><G115/><T29/><D68/><U74/><E119/><V64/><F124/><W107/><G107/><T100/><D100/><U131/><E70/><V98/><F28/><W109/><G71/><T114/><D34/><U108/><E74/><V99/><F73/><W129/><G35/><T69/><D69/><U112/><E105/><V92/><F79/><W76/><G109/><N who="1" m="42058" /><E6/><V121/><F121/><W26/><G26/><T117/><D114/><U104/><E104/><V49/><F36/><W88/><G76/><T78/><D78/><N who="1" m="46167" /><E112/><V67/><F67/><W43/><AGARI ba="0,0" hai="1,7,8,43,44,50,87,88,94,128,129" m="50697" machi="43" ten="30,4000,0" yaku="20,1,52,1,54,1" doraHai="32" who="3" fromWho="3" sc="250,-20,250,-10,250,-10,250,40" /><INIT seed="1,0,0,0,1,64" ten="230,240,240,290" oya="1" hai0="42,11,19,77,5,41,100,15,106,118,16,61,105" hai1="99,17,29,63,123,73,22,62,33,59,112,121,102" hai2="116,46,85,3,71,4,8,89,66,133,90,68,78" hai3="108,114,10,113,55,81,23,14,88,82,58,37,6"/><U34/><E112/><V30/><F116/><W74/><G37/><T1/><D118/><U103/><E73/><V129/><F129/><W126/><G126/><T104/><D100/><U13/><E103/><V130/><F130/><W72/><G108/><T132/><D132/><U27/><E34/><V24/><F133/><W57/><G23/><T32/><D32/><U54/><REACH who="1" step="1"/><E62/><REACH who="1" ten="230,230,240,290" step="2"/><V101/><F101/><W135/><G74/><T91/><D61/><U76/><E76/><V0/><F78/><W109/><G72/><T51/><D77/><U65/><E65/><V20/><F66/><W75/><G75/><T49/><D91/><U18/><E18/><V25/><F89/><W47/><G114/><T2/><D19/><U31/><E31/><V43/><F0/><W96/><G113/><T110/><D110/><U56/><E56/><N who="3" m="21610" /><G135/><T40/><REACH who="0" step="1"/><D1/><REACH who="0" ten="220,230,240,290" step="2"/><U122/><E122/><V60/><F60/><W86/><G109/><T50/><D50/><U83/><E83/><V38/><F24/><W84/><G82/><AGARI ba="0,2" hai="3,4,8,20,25,30,38,43,46,68,71,82,85,90" machi="82" ten="30,3900,0" yaku="7,1,52,2" doraHai="64" who="2" fromWho="3" sc="220,0,230,0,240,59,290,-39" /><INIT seed="2,0,0,3,2,64" ten="220,230,299,251" oya="2" hai0="22,14,76,106,9,30,25,103,62,115,26,128,51" hai1="104,120,98,19,37,68,38,135,49,53,94,43,107" hai2="47,131,63,36,75,11,97,44,111,117,130,2,29" hai3="46,133,56,45,7,85,129,5,65,102,123,87,24"/><V31/><F117/><W125/><G123/><T13/><D128/><N who="2" m="49194" /><F75/><W122/><G122/><T48/><D115/><U15/><E120/><V100/><F111/><W33/><G129/><T126/><D126/><U10/><E135/><V40/><F44/><W79/><G102/><T90/><D76/><U1/><E1/><V73/><F73/><W70/><G56/><T121/><D121/><U95/><E95/><N who="2" m="58431" /><F63/><W12/><G46/><T3/><D62/><U127/><E127/><V72/><F72/><W20/><G45/><T4/><D103/><U134/><E43/><V92/><F92/><W50/><G125/><T82/><D106/><U6/><E104/><V59/><F59/><W89/><G50/><T16/><D51/><U71/><E107/><V42/><F40/><W0/><G87/><T110/><D110/><U108/><E108/><V109/><F109/><W74/><G85/><T80/><D48/><U41/><E134/><V96/><F96/><W52/><G74/><T55/><D55/><U54/><E41/><V112/><F112/><W114/><G52/><T39/><D39/><U116/><E54/><V27/><F27/><W105/><G24/><T77/><D26/><U21/><E116/><V93/><F93/><W132/><G105/><T8/><D82/><U124/><E124/><V78/><F78/><W32/><G133/><T61/><D61/><U113/><E113/><V18/><F18/><N who="3" m="10311" /><G114/><T81/><D77/><U69/><E53/><V101/><F101/><W99/><G79/><T91/><D3/><N who="1" m="351" /><E49/><V57/><F57/><W17/><G132/><T118/><D118/><RYUUKYOKU ba="0,0" sc="220,10,230,10,299,10,251,-30" hai0="4,8,9,13,14,16,22,25,30,80,81,90,91" hai1="15,19,21,37,38,68,69,71,94,98" hai2="2,11,29,31,36,42,47" /><INIT seed="2,1,0,0,0,119" ten="230,240,309,221" oya="2" hai0="83,31,123,17,105,40,60,127,130,93,78,42,117" hai1="116,67,28,5,43,97,72,10,75,131,85,36,80" hai2="90,121,8,61,132,134,91,122,58,0,46,126,27" hai3="41,59,3,2,106,16,35,125,81,94,95,48,87"/><V69/><F69/><W92/><G106/><T68/><D105/><U24/><E116/><V55/><F126/><W62/><G35/><T47/><D117/><U26/><E67/><V11/><F27/><W33/><G33/><T86/><D127/><U52/><E131/><V38/><F38/><W1/><G125/><T112/><D112/><U70/><E70/><V32/><F32/><W19/><G48/><T14/><D130/><U64/><E64/><V49/><F91/><W103/><G41/><T128/><D128/><U66/><E66/><N who="2" m="39223" /><F90/><W54/><REACH who="3" step="1"/><G103/><REACH who="3" ten="230,240,309,211" step="2"/><T71/><D42/><U56/><E43/><V13/><F49/><W34/><G34/><T84/><D40/><U111/><E36/><V100/><F100/><W129/><G129/><T25/><D47/><U76/><E111/><V65/><F46/><W23/><G23/><T124/><D124/><U102/><E102/><V44/><F44/><W79/><AGARI ba="1,1" hai="1,2,3,16,19,54,59,62,79,81,87,92,94,95" machi="79" ten="40,5200,0" yaku="1,1,0,1,54,1,53,0" doraHai="119" doraHaiUra="115" who="3" fromWho="3" sc="230,-14,240,-14,309,-27,211,65" /><INIT seed="3,0,0,0,4,127" ten="216,226,282,276" oya="3" hai0="124,25,105,74,135,16,133,81,8,78,119,17,20" hai1="71,86,66,103,102,23,12,14,62,115,40,1,11" hai2="113,84,29,97,9,85,125,72,126,68,18,130,49" hai3="55,89,54,30,60,6,53,31,91,117,43,2,5"/><W44/><G117/><T83/><D119/><U123/><E115/><V111/><F72/><W10/><G60/><T70/><D124/><N who="2" m="47722" /><F113/><W45/><G2/><T59/><D70/><U110/><E1/><V120/><F68/><W61/><G61/><T47/><D105/><U63/><E63/><V36/><F36/><W50/><G10/><T38/><D59/><U79/><E110/><V34/><F111/><W128/><G128/><T106/><D106/><U42/><E123/><V13/><F130/><W118/><G118/><T67/><D67/><U116/><E116/><V100/><F49/><W95/><G45/><T27/><D83/><U57/><E71/><V87/><F29/><N who="3" m="10763" /><G91/><T15/><REACH who="0" step="1"/><D27/><REACH who="0" ten="206,226,282,276" step="2"/><U65/><E65/><V28/><F120/><W80/><G80/><T122/><D122/><U33/><E66/><V64/><F64/><W104/><G104/><T41/><AGARI ba="0,1" hai="8,15,16,17,20,25,38,41,47,74,78,81,133,135" machi="41" ten="30,4000,0" yaku="1,1,0,1,54,1,53,0" doraHai="127" doraHaiUra="46" who="0" fromWho="0" sc="206,50,226,-10,282,-10,276,-20" /><INIT seed="4,0,0,4,0,25" ten="256,216,272,256" oya="0" hai0="85,27,108,57,43,63,122,115,31,15,106,66,109" hai1="34,53,69,99,64,51,114,44,86,123,67,60,119" hai2="72,19,29,2,49,97,8,90,134,35,9,23,71" hai3="21,42,82,32,17,20,22,56,33,105,37,135,46"/><T87/><D122/><U94/><E123/><V112/><F72/><W68/><G68/><T4/><D106/><U78/><E119/><V84/><F71/><W95/><G105/><T131/><D43/><U102/><E114/><V75/><F75/><W61/><G135/><T73/><D73/><U79/><E67/><V62/><F134/><W81/><G17/><T107/><D107/><U132/><E132/><V124/><F124/><W113/><G113/><T120/><D120/><U55/><E34/><V59/><F2/><W12/><G12/><T5/><D115/><U110/><E110/><N who="0" m="42601" /><D131/><U52/><REACH who="1" step="1"/><E86/><REACH who="1" ten="256,206,272,256" step="2"/><N who="0" m="32777" /><D15/><U41/><AGARI ba="0,1" hai="41,44,51,52,53,55,60,64,69,78,79,94,99,102" machi="41" ten="30,4000,0" yaku="1,1,0,1,54,1,53,0" doraHai="25" doraHaiUra="111" who="1" fromWho="1" sc="256,-20,206,50,272,-10,256,-10" /><INIT seed="5,0,0,0,4,20" ten="236,256,262,246" oya="1" hai0="62,68,124,52,111,74,1,22,98,131,118,69,108" hai1="29,40,37,94,82,112,73,47,71,120,119,125,80" hai2="32,72,88,0,61,115,75,117,96,30,58,97,105" hai3="12,42,34,8,87,126,50,21,90,57,13,10,128"/><U110/><E119/><V102/><F117/><W64/><G34/><T89/><D118/><U63/><E120/><V127/><F0/><W17/><G128/><T91/><D1/><U55/><E112/><V85/><F115/><W101/><G101/><T6/><D74/><U3/><E125/><V129/><F127/><W15/><G126/><T76/><D124/><U123/><E123/><V116/><F116/><W134/><G134/><T79/><D6/><U93/><E110/><V35/><F97/><W51/><G64/><T107/><D131/><U95/><E73/><V77/><F129/><W103/><G103/><T114/><D114/><U78/><E3/><V48/><F48/><N who="3" m="18475" /><G57/><T26/><D107/><U38/><E38/><V84/><F84/><W113/><G42/><T18/><D69/><U104/><E78/><N who="0" m="29737" /><D91/><U49/><E104/><V24/><F77/><W56/><G56/><N who="0" m="35079" /><D68/><U54/><E37/><V14/><F32/><W122/><G122/><T33/><D33/><U66/><E66/><V28/><F75/><W59/><G59/><T60/><D60/><U86/><E71/><V81/><F72/><W83/><G113/><T67/><D67/><U106/><E106/><V65/><F14/><AGARI ba="0,0" hai="8,10,12,13,14,15,17,21,83,87,90" m="18475" machi="14" ten="30,1000,0" yaku="8,1" doraHai="20" who="3" fromWho="2" sc="236,0,256,0,262,-10,246,10" /><INIT seed="6,0,0,4,1,49" ten="236,256,252,256" oya="2" hai0="86,133,62,79,4,29,82,69,41,13,135,91,57" hai1="83,96,45,98,46,63,53,0,16,60,78,72,27" hai2="15,39,48,130,80,42,24,5,109,119,107,14,17" hai3="37,122,106,129,10,101,103,74,32,43,117,104,93"/><V88/><F39/><W120/><G32/><T33/><D69/><U134/><E0/><V66/><F119/><W28/><G10/><T84/><D41/><U40/><E134/><N who="0" m="51209" /><D33/><U3/><E3/><V31/><F107/><W47/><G28/><T8/><D29/><U9/><E60/><V113/><F113/><W131/><G117/><T50/><D50/><U19/><E19/><V12/><F130/><N who="3" m="49675" /><G74/><N who="0" m="43383" /><D91/><U20/><E9/><V89/><F66/><AGARI ba="0,0" hai="4,8,13,57,62,66,84,86" m="43383,51209" machi="66" ten="30,1000,0" yaku="20,1" doraHai="49" who="0" fromWho="2" sc="236,10,256,0,252,-10,256,0" /><INIT seed="7,0,0,2,5,55" ten="246,256,242,256" oya="3" hai0="108,61,117,71,52,112,56,105,42,111,98,33,72" hai1="69,103,77,3,40,83,124,12,30,84,127,97,36" hai2="116,5,76,41,90,126,24,133,75,38,39,8,131" hai3="128,125,13,100,47,113,123,68,11,7,94,31,23"/><W66/><G123/><T120/><D72/><U96/><E3/><N who="2" m="63" /><F116/><W46/><G113/><T18/><D120/><U53/><E69/><V73/><F90/><W25/><G128/><T67/><D117/><U119/><E119/><V106/><F131/><W109/><G125/><N who="1" m="48202" /><E30/><V89/><F89/><W99/><REACH who="3" step="1"/><G109/><REACH who="3" ten="246,256,242,246" step="2"/><T115/><D111/><U95/><E36/><V26/><F126/><W45/><G45/><T74/><D108/><U0/><E0/><V130/><F130/><W129/><G129/><T122/><D122/><U114/><E114/><V134/><F38/><W44/><G44/><T65/><D115/><U88/><E40/><V1/><F1/><W64/><G64/><T81/><D67/><U101/><E53/><V4/><F4/><W121/><G121/><T22/><D42/><U49/><E12/><V29/><F41/><W58/><G58/><T78/><D112/><U85/><E49/><V19/><F39/><W35/><G35/><T87/><D33/><U50/><E50/><V27/><F134/><W93/><G93/><T63/><D105/><N who="1" m="63655" /><E85/><V20/><F133/><W16/><G16/><T28/><D87/><U32/><E32/><N who="2" m="20519" /><F106/><W43/><G43/><T92/><D18/><U104/><E104/><V70/><F70/><W2/><G2/><T34/><D34/><U17/><E17/><V107/><F107/><W62/><AGARI ba="0,1" hai="7,11,13,23,25,31,46,47,62,66,68,94,99,100" machi="62" ten="30,3000,0" yaku="1,1,0,1,53,0" doraHai="55" doraHaiUra="132" who="3" fromWho="3" sc="246,-10,256,-10,242,-10,246,40" /><INIT seed="7,1,0,1,3,78" ten="236,246,232,286" oya="3" hai0="24,62,34,100,125,126,60,106,72,14,55,21,18" hai1="26,74,77,30,65,121,63,123,110,67,98,0,114" hai2="88,49,10,104,44,42,76,5,73,8,68,108,61" hai3="113,89,75,111,93,38,101,15,58,19,40,87,102"/><W69/><G69/><T48/><D72/><U37/><E110/><V85/><F104/><W57/><G111/><T119/><D119/><U9/><E114/><V135/><F108/><W97/><G75/><T28/><D100/><U59/><E37/><V53/><F135/><W35/><G35/><T71/><D106/><U29/><E29/><V95/><F73/><W128/><G128/><T84/><D84/><U122/><E98/><V25/><F76/><W39/><G39/><T79/><D79/><U105/><E105/><V32/><F68/><W7/><G7/><T27/><D27/><U83/><E9/><V3/><F8/><N who="3" m="6631" /><G40/><T45/><REACH who="0" step="1"/><D71/><REACH who="0" ten="226,246,232,286" step="2"/><U43/><E121/><V132/><F132/><W134/><G87/><T86/><D86/><U117/><E123/><V115/><F115/><W92/><G101/><T2/><D2/><U6/><E122/><V66/><F25/><W56/><G102/><T22/><D22/><U47/><E117/><V12/><F3/><W107/><G107/><T36/><D36/><N who="1" m="21991" /><E26/><V127/><F32/><W31/><G38/><T94/><D94/><U46/><E30/><V116/><F116/><W17/><G113/><T13/><D13/><U109/><E109/><V64/><F127/><AGARI ba="1,1" hai="14,18,21,24,28,34,45,48,55,60,62,125,126,127" machi="127" ten="40,2600,0" yaku="1,1,18,1,53,0" doraHai="78" doraHaiUra="131" who="0" fromWho="2" sc="226,39,246,0,232,-29,286,0" owari="265,7.0,246,-15.0,203,-30.0,286,38.0" /></mjloggm>