<mjloggm ver="2.3"><GO type="185" lobby="0"/><UN n0="%EF%BC%AA%EF%BD%95%EF%BD%87%EF%BD%8F" n1="%54%61%6B%61%52%6F%6E" n2="%E9%AC%BC" n3="" dan="16,17,17,0" rate="2223.33,2190.02,2272.90,1500.00" sx="M,M,F,C"/><TAIKYOKU oya="0"/><INIT seed="0,0,0,3,4,105" ten="350,350,350,0" oya="0" hai0="94,46,104,49,126,122,111,35,59,134,112,45,108" hai1="72,40,91,97,70,102,115,50,110,78,66,84,63" hai2="107,76,117,87,123,86,132,39,41,79,90,58,43" hai3=""/><T85/><N who="0" m="31264" /><T47/><D35/><U83/><E110/><N who="0" m="42025" /><D112/><U37/><E37/><V116/><N who="2" m="31520" /><V68/><F68/><T57/><D104/><U120/><N who="1" m="30752" /><U61/><E115/><V38/><F107/><T98/><D85/><U52/><E40/><V129/><F58/><N who="0" m="22026" /><D134/><U74/><E63/><V81/><F132/><T119/><D119/><U101/><E78/><V118/><F76/><T3/><D3/><U114/><E114/><V95/><F129/><T113/><D113/><U73/><REACH who="1" step="1"/><E97/><REACH who="1" ten="350,340,350,0" step="2"/><V77/><F77/><T53/><D126/><U100/><E100/><AGARI ba="0,1" hai="45,46,47,49,53,94,98,100" m="22026,42025,31264" machi="100" ten="30,5800,0" yaku="14,1,10,1,52,1" doraHai="105" who="0" fromWho="1" sc="350,68,340,-58,350,0,0,0" /><INIT seed="0,1,0,4,0,106" ten="418,282,350,0" oya="0" hai0="74,130,84,3,76,75,70,62,32,40,108,36,94" hai1="83,55,123,92,102,78,114,135,63,132,112,107,90" hai2="37,79,93,66,128,48,95,34,97,99,101,72,71" hai3=""/><T39/><D32/><U51/><N who="1" m="31520" /><U45/><E102/><V133/><F37/><T91/><D3/><U110/><E107/><V117/><F34/><T38/><D130/><U103/><E103/><V105/><F128/><T33/><D33/><U35/><E110/><V58/><F133/><N who="1" m="51273" /><E63/><V49/><F117/><T53/><D108/><U120/><N who="1" m="30752" /><U85/><E35/><V43/><F71/><T100/><D100/><U104/><E104/><V68/><F68/><T81/><D40/><U67/><E67/><V0/><F0/><T98/><REACH who="0" step="1"/><D53/><REACH who="0" ten="408,282,350,0" step="2"/><U64/><E64/><AGARI ba="1,1" hai="36,38,39,62,64,70,74,75,76,81,84,91,94,98" machi="64" ten="40,12000,1" yaku="1,1,2,1,52,2,53,0" doraHai="106" doraHaiUra="122" who="0" fromWho="1" sc="408,132,282,-122,350,0,0,0" /><INIT seed="0,2,0,0,0,76" ten="540,160,350,0" oya="0" hai0="62,90,63,122,53,0,1,129,72,118,101,34,97" hai1="107,32,55,126,83,123,59,73,70,111,99,100,47" hai2="75,135,92,78,133,132,3,117,45,103,86,49,109" hai3=""/><T81/><N who="0" m="31264" /><T119/><D34/><U104/><N who="1" m="31520" /><U58/><E32/><V87/><F3/><T46/><D129/><U41/><E70/><V98/><F109/><T65/><D46/><U91/><E111/><V64/><F64/><T125/><D125/><U51/><E126/><V71/><F71/><T36/><D36/><U134/><E134/><V130/><F130/><T56/><D119/><U40/><E59/><V121/><N who="2" m="31008" /><V128/><F128/><T50/><D118/><U113/><E113/><V124/><F117/><T69/><D63/><U96/><E41/><V61/><F61/><T88/><D90/><U93/><E73/><V120/><N who="2" m="30752" /><V54/><F124/><T106/><REACH who="0" step="1"/><D72/><REACH who="0" ten="530,160,350,0" step="2"/><U35/><E35/><V112/><F112/><T79/><D79/><U57/><E40/><V95/><F75/><T110/><D110/><U44/><E47/><V82/><F86/><AGARI ba="2,1" hai="0,1,50,53,56,62,65,69,81,86,88,97,101,106" m="31264" machi="86" ten="40,12000,1" yaku="1,1,52,2,54,1,53,0" doraHai="76" doraHaiUra="108" who="0" fromWho="2" sc="530,134,160,0,350,-124,0,0" /><INIT seed="0,3,0,3,0,86" ten="664,160,226,0" oya="0" hai0="81,3,37,41,45,43,72,125,130,33,58,68,117" hai1="74,118,99,39,116,132,70,42,62,119,49,126,75" hai2="46,85,59,131,83,106,98,52,89,47,104,102,108" hai3=""/><T1/><D33/><U82/><E132/><V92/><F131/><T34/><D34/><U94/><E126/><V91/><F108/><T95/><D68/><U35/><E35/><V120/><N who="2" m="30752" /><V44/><REACH who="2" step="1"/><F102/><REACH who="2" ten="664,160,216,0" step="2"/><T61/><D130/><U0/><E118/><V124/><F124/><T48/><D117/><U69/><E119/><V73/><F73/><T110/><D125/><U78/><E75/><V122/><N who="2" m="31264" /><V80/><F80/><T113/><D110/><U76/><E116/><V66/><F66/><T129/><D129/><U96/><E82/><V112/><F112/><T56/><D113/><U123/><N who="1" m="31520" /><U84/><E74/><V63/><AGARI ba="3,1" hai="44,46,47,52,59,63,83,85,89,91,92,98,104,106" m="31264,30752" machi="63" ten="30,9000,2" yaku="1,1,0,1,52,4,54,1,53,0" doraHai="86" doraHaiUra="114" who="2" fromWho="2" sc="664,-63,160,-33,216,106,0,0" /><INIT seed="1,0,0,0,1,111" ten="601,127,322,0" oya="1" hai0="80,68,82,83,113,109,133,106,100,62,94,72,122" hai1="58,45,63,128,65,88,40,105,70,127,55,57,130" hai2="101,44,132,102,50,123,103,78,91,52,114,3,85" hai3=""/><U86/><E105/><V56/><N who="2" m="31520" /><V33/><F132/><T107/><N who="0" m="31264" /><T118/><D68/><U92/><E127/><V38/><F33/><T1/><D62/><U93/><E93/><V117/><F117/><T110/><D1/><U77/><E77/><V89/><F3/><T76/><D118/><U87/><E87/><V43/><F114/><T74/><D113/><U104/><E104/><N who="0" m="39977" /><D133/><U95/><E95/><V48/><F38/><T47/><D47/><U129/><REACH who="1" step="1"/><E55/><REACH who="1" ten="601,117,322,0" step="2"/><V60/><F78/><T34/><D34/><U115/><E115/><V134/><F134/><T112/><D112/><U69/><E69/><V81/><F89/><T99/><D76/><U71/><E71/><V59/><F102/><T61/><D72/><U0/><E0/><V32/><F32/><T108/><D74/><U51/><AGARI ba="0,1" hai="40,45,51,57,58,63,65,70,86,88,92,128,129,130" machi="51" ten="30,7800,0" yaku="1,1,0,1,19,1,54,1,53,0" doraHai="111" doraHaiUra="2" who="1" fromWho="1" sc="601,-39,117,88,322,-39,0,0" /><INIT seed="1,1,0,0,1,86" ten="562,205,283,0" oya="1" hai0="44,41,119,48,67,77,105,39,91,93,112,34,45" hai1="80,127,49,69,84,60,81,68,58,40,64,132,95" hai2="133,103,54,99,113,128,65,37,106,121,55,118,98" hai3=""/><U92/><E132/><V96/><N who="2" m="31008" /><V122/><N who="2" m="31264" /><V76/><F118/><T36/><D34/><U79/><E127/><V100/><F133/><T123/><N who="0" m="31520" /><T85/><D119/><U38/><E69/><V108/><F37/><T97/><D112/><U94/><E68/><V61/><F128/><T110/><D110/><U120/><N who="1" m="30752" /><U82/><E38/><V114/><F76/><T2/><D2/><U129/><E129/><V131/><F108/><T117/><D117/><U62/><REACH who="1" step="1"/><E60/><REACH who="1" ten="562,195,283,0" step="2"/><V0/><F131/><T125/><D39/><U101/><E101/><V109/><F109/><T111/><D111/><U1/><E1/><V32/><F0/><T89/><D125/><U104/><E104/><V115/><F32/><T50/><D105/><U87/><E87/><V66/><F61/><T126/><D126/><U35/><E35/><V78/><F106/><T3/><D3/><U116/><E116/><V63/><F63/><T107/><D107/><U57/><E57/><V51/><F103/><T43/><D36/><U47/><AGARI ba="1,1" hai="40,47,49,58,62,64,79,80,81,82,84,92,94,95" m="30752" machi="47" ten="30,8000,1" yaku="1,1,0,1,8,1,52,1,53,1" doraHai="86" doraHaiUra="42" who="1" fromWho="1" sc="562,-41,195,92,283,-41,0,0" /><INIT seed="1,2,0,3,3,41" ten="521,287,242,0" oya="1" hai0="112,39,49,89,97,3,0,95,129,109,134,118,96" hai1="132,62,99,44,102,59,84,73,37,133,121,113,131" hai2="65,101,98,48,91,54,108,88,61,116,77,72,74" hai3=""/><U47/><N who="1" m="31008" /><U117/><E73/><V64/><F116/><T128/><D39/><U115/><E117/><V100/><F108/><T105/><D118/><U93/><E131/><N who="0" m="50249" /><D109/><U103/><E103/><V71/><F65/><T90/><D112/><U51/><E84/><V123/><N who="2" m="31520" /><V1/><F1/><T60/><D134/><N who="1" m="51819" /><E37/><V78/><F101/><T135/><D135/><U111/><E111/><V119/><F119/><T70/><D49/><U104/><E104/><V36/><F36/><T92/><D105/><U86/><E86/><V32/><F74/><T46/><D46/><N who="1" m="17451" /><E51/><V83/><F100/><T107/><D107/><U2/><E2/><V42/><F48/><T57/><D0/><U130/><E130/><V110/><F110/><T43/><D3/><U52/><AGARI ba="2,0" hai="52,59,62,93,99,102,113,115" m="17451,51819,31008" machi="52" ten="30,12000,2" yaku="20,1,52,4,54,1" doraHai="41" who="1" fromWho="1" sc="521,-62,287,124,242,-62,0,0" /><INIT seed="1,3,0,5,3,77" ten="459,411,180,0" oya="1" hai0="126,68,84,38,104,3,59,92,121,111,1,48,36" hai1="41,123,54,0,124,133,127,76,37,74,97,120,100" hai2="89,56,32,71,47,115,81,91,40,114,98,45,50" hai3=""/><U129/><N who="1" m="30752" /><U69/><N who="1" m="31520" /><U39/><E0/><V61/><F32/><T63/><N who="0" m="31008" /><T122/><N who="0" m="31264" /><T82/><D104/><U58/><E69/><V75/><F71/><T90/><D111/><U132/><E76/><V60/><F98/><T99/><D126/><N who="1" m="48171" /><E74/><V96/><F96/><T52/><D68/><U57/><E57/><V79/><F45/><T119/><D119/><U62/><E129/><V43/><F43/><T109/><D109/><U103/><E103/><V112/><REACH who="2" step="1"/><F61/><REACH who="2" ten="459,411,170,0" step="2"/><T49/><D63/><U70/><E70/><V110/><F110/><T94/><D3/><U86/><E41/><V131/><F131/><T65/><D1/><U134/><E86/><V51/><F51/><T34/><D48/><U64/><E37/><V93/><F93/><T108/><D92/><U33/><E39/><V67/><AGARI ba="3,1" hai="40,47,50,56,60,67,75,79,81,89,91,112,114,115" machi="67" ten="30,6000,1" yaku="1,1,0,1,11,1,52,1,53,1" doraHai="77" doraHaiUra="46" who="2" fromWho="2" sc="459,-23,411,-43,170,76,0,0" /><INIT seed="2,0,0,1,0,78" ten="436,368,246,0" oya="2" hai0="110,116,58,66,120,2,106,43,122,68,85,70,94" hai1="93,95,62,59,44,115,60,81,127,133,91,104,64" hai2="42,105,55,87,131,0,71,35,67,124,79,90,82" hai3=""/><V128/><F0/><T41/><N who="0" m="30752" /><T38/><N who="0" m="31264" /><T132/><D106/><U129/><E104/><V40/><F35/><T75/><D2/><U99/><E115/><V123/><N who="2" m="31520" /><V111/><F105/><T113/><D75/><U1/><E129/><N who="2" m="49739" /><F124/><T112/><D116/><U65/><E133/><V72/><F111/><T63/><D110/><U52/><E127/><V53/><F67/><T98/><D85/><U109/><E109/><V86/><F71/><N who="0" m="27178" /><D38/><U121/><N who="1" m="31008" /><U73/><E1/><V103/><F103/><T76/><D76/><U69/><E73/><V107/><F107/><T39/><D39/><U118/><E118/><V54/><F87/><T77/><D132/><U33/><E33/><V96/><F96/><T101/><D77/><U119/><E119/><V49/><F49/><T97/><D97/><U45/><E65/><V84/><F84/><T32/><D32/><U135/><E135/><V88/><F90/><T3/><D3/><U100/><E100/><V74/><F74/><T51/><D51/><U114/><E99/><V80/><AGARI ba="0,0" hai="40,42,53,54,55,72,79,80,82,86,88" m="49739,31520" machi="80" ten="40,8000,1" yaku="19,1,52,3,54,1" doraHai="78" who="2" fromWho="2" sc="436,-40,368,-40,246,80,0,0" /><INIT seed="2,1,0,4,3,55" ten="396,328,326,0" oya="2" hai0="1,0,93,43,75,83,80,115,89,84,113,123,49" hai1="111,58,64,109,78,72,130,53,97,98,131,76,120" hai2="119,95,45,91,134,63,52,129,101,79,86,103,36" hai3=""/><V62/><F119/><T66/><N who="0" m="31520" /><T100/><D66/><U110/><N who="1" m="30752" /><U122/><N who="1" m="31264" /><U99/><E64/><V41/><F134/><T46/><D100/><U70/><E70/><V44/><F129/><N who="1" m="49161" /><E72/><V106/><F79/><T124/><D124/><U35/><E35/><V116/><F116/><T128/><D128/><U37/><E37/><V54/><F106/><T38/><D38/><U33/><E33/><V118/><F118/><T40/><D40/><U125/><E125/><V61/><REACH who="2" step="1"/><F54/><REACH who="2" ten="396,328,316,0" step="2"/><T102/><D0/><U107/><E107/><V67/><F67/><T88/><D1/><U68/><E68/><V59/><F59/><T126/><D126/><U90/><E90/><V32/><F32/><T77/><REACH who="0" step="1"/><D102/><REACH who="0" ten="386,328,316,0" step="2"/><U39/><E39/><V105/><F105/><T74/><D74/><U42/><E42/><V133/><F133/><T114/><D114/><U34/><E34/><V132/><F132/><T56/><D56/><U87/><E58/><V127/><F127/><T50/><D50/><AGARI ba="1,2" hai="36,41,44,45,50,52,61,62,63,86,91,95,101,103" machi="50" ten="40,12000,1" yaku="1,1,54,1,53,2" doraHai="55" doraHaiUra="96" who="2" fromWho="0" sc="386,-122,328,0,316,142,0,0" /><INIT seed="2,2,0,1,5,121" ten="264,328,458,0" oya="2" hai0="117,129,93,95,72,127,62,68,44,109,39,107,59" hai1="40,76,108,120,101,118,128,133,86,2,48,91,57" hai2="61,34,125,77,82,73,75,92,55,103,52,97,70" hai3=""/><V110/><F125/><T84/><D72/><U0/><N who="1" m="30752" /><U66/><E118/><V119/><F75/><T47/><D107/><U126/><E76/><V87/><F34/><T124/><D117/><U32/><E101/><V38/><F38/><T63/><D129/><U58/><E128/><V114/><F114/><T50/><D84/><U78/><E78/><V43/><F43/><T88/><D68/><U36/><E126/><N who="0" m="48169" /><D109/><U106/><E106/><V85/><F119/><T116/><D116/><U100/><E108/><V96/><F110/><T90/><D39/><U83/><E36/><V105/><F87/><T56/><D95/><U49/><E32/><V71/><F73/><T130/><D130/><U74/><E74/><V64/><F71/><T3/><D3/><U111/><E111/><V42/><F42/><T46/><D50/><U53/><E49/><V122/><N who="2" m="31264" /><V80/><F80/><T51/><D51/><U60/><E0/><V102/><AGARI ba="2,0" hai="52,55,61,64,70,77,82,85,92,96,97,102,103,105" m="31264" machi="102" ten="20,5200,0" yaku="0,1,7,1,52,1,54,1" doraHai="121" who="2" fromWho="2" sc="264,-28,328,-28,458,56,0,0" /><INIT seed="2,3,0,2,0,122" ten="236,300,514,0" oya="2" hai0="37,114,110,126,135,91,36,44,99,70,38,85,39" hai1="63,120,100,3,98,62,78,43,111,134,87,133,42" hai2="56,89,131,102,108,61,129,55,125,59,92,0,73" hai3=""/><V33/><F33/><T95/><D70/><U1/><N who="1" m="30752" /><U57/><E111/><V74/><F0/><T127/><D110/><U69/><E69/><V132/><F108/><T58/><D135/><N who="1" m="51723" /><E78/><V48/><F102/><T75/><D75/><U119/><E87/><V86/><F132/><T128/><D128/><N who="2" m="49226" /><F125/><T80/><D114/><U2/><E119/><V109/><F109/><T68/><D68/><U117/><E117/><V47/><F59/><T35/><D35/><U121/><N who="1" m="31008" /><U96/><E63/><V103/><F103/><T64/><N who="0" m="9216" /><DORA hai="41" /><T90/><REACH who="0" step="1"/><D44/><REACH who="0" ten="226,300,514,0" step="2"/><U84/><E1/><V116/><F116/><T60/><AGARI ba="3,1" hai="58,60,64,80,85,90,91,95,99,126,127" m="9216" machi="60" ten="60,6000,1" yaku="1,1,2,1,0,1,53,2" doraHai="122,41" doraHaiUra="77,93" who="0" fromWho="0" sc="226,76,300,-23,514,-43,0,0" /><INIT seed="4,0,0,0,1,48" ten="302,277,471,0" oya="0" hai0="75,110,123,86,93,112,42,111,32,107,34,103,133" hai1="44,95,77,117,87,76,47,88,50,40,41,63,84" hai2="104,109,132,81,73,102,118,54,124,129,52,98,3" hai3=""/><T37/><N who="0" m="31520" /><T2/><D75/><U97/><E117/><V127/><F109/><N who="0" m="41482" /><D112/><U62/><E77/><V82/><F118/><T0/><D86/><U92/><E76/><V74/><F129/><T33/><D93/><U115/><E115/><V83/><F132/><T113/><D113/><U70/><E70/><V91/><F91/><T60/><D60/><U116/><E116/><V61/><F61/><T134/><D42/><U72/><E72/><N who="2" m="27755" /><F3/><N who="0" m="1066" /><D37/><U79/><E79/><V106/><F106/><T119/><D119/><U39/><REACH who="1" step="1"/><E87/><REACH who="1" ten="302,267,471,0" step="2"/><V125/><AGARI ba="0,1" hai="52,54,81,82,83,98,102,104,124,125,127" m="27755" machi="125" ten="40,6000,1" yaku="18,1,52,2,54,1" doraHai="48" who="2" fromWho="2" sc="302,-40,267,-20,471,70,0,0" /><INIT seed="5,0,0,0,0,120" ten="262,247,541,0" oya="1" hai0="35,133,72,41,125,119,88,85,62,44,117,63,32" hai1="121,128,126,54,127,115,0,52,55,113,118,95,59" hai2="34,84,51,73,114,124,2,105,132,71,81,76,111" hai3=""/><U50/><N who="1" m="31008" /><U98/><E0/><V39/><F51/><T45/><D72/><U99/><E118/><N who="0" m="45065" /><D133/><U78/><E78/><V93/><F71/><T68/><D125/><N who="1" m="47627" /><E128/><V53/><F39/><T56/><D68/><U82/><E82/><V104/><F34/><N who="0" m="12842" /><D45/><U130/><E130/><V108/><F2/><T97/><D97/><N who="1" m="36875" /><E95/><V57/><F132/><T61/><D56/><U135/><E135/><V37/><F124/><T122/><N who="0" m="31264" /><T92/><D61/><U40/><E40/><V86/><F93/><T46/><D46/><U43/><E43/><V112/><F81/><T70/><D70/><U36/><E36/><AGARI ba="0,0" hai="36,41,44,62,63,85,88,92" m="31264,12842,45065" machi="36" ten="30,3900,0" yaku="12,1,52,1,54,1" doraHai="120" who="0" fromWho="1" sc="262,39,247,-39,541,0,0,0" /><INIT seed="6,0,0,2,3,47" ten="301,208,541,0" oya="2" hai0="46,32,62,122,56,76,84,73,93,92,91,115,2" hai1="113,106,102,96,74,69,100,61,64,54,65,58,112" hai2="38,119,82,66,130,105,118,110,44,117,43,99,120" hai3=""/><V33/><F82/><T59/><N who="0" m="31264" /><T57/><D32/><U101/><E74/><V41/><F66/><T40/><D2/><U53/><E65/><V1/><F1/><T36/><D115/><U87/><E87/><V116/><F43/><T34/><D34/><U75/><E75/><V51/><F33/><T109/><D109/><U129/><E129/><V114/><F130/><T49/><D36/><U108/><E108/><V95/><F38/><T103/><D76/><U104/><E54/><V126/><F105/><T132/><D132/><U68/><E68/><V128/><F128/><T80/><D73/><U121/><N who="1" m="31008" /><U55/><E55/><V83/><F126/><T63/><D80/><U0/><E0/><V50/><F83/><T88/><D103/><U71/><E71/><V3/><F3/><T35/><D35/><U111/><E111/><V79/><F110/><T98/><AGARI ba="0,0" hai="40,46,49,56,57,59,62,63,84,88,91,92,93,98" m="31264" machi="98" ten="30,6000,1" yaku="0,1,8,1,52,2,54,1" doraHai="47" who="0" fromWho="0" sc="301,60,208,-20,541,-40,0,0" owari="361,-4.0,188,-41.0,501,45.0,0,0.0" /></mjloggm>