<mjloggm ver="2.3"><GO type="225" lobby="0"/><UN n0="%E5%A4%A9%E3%83%8E%E5%B7%9D%E6%B2%99%E5%A4%9C" n1="%E8%88%B9%E8%A6%8B%E7%B5%90%E8%A1%A3%E3%81%A1%E3%82%83%E3%82%93" n2="%E3%81%8D%E3%82%82" n3="%E3%81%8B%E3%82%8A%E3%82%93%E3%81%95%E3%82%93" dan="16,16,16,18" rate="2203.75,2117.77,2110.87,2195.19" sx="F,F,M,M"/><TAIKYOKU oya="0"/><INIT seed="0,0,0,1,2,8" ten="250,250,250,250" oya="0" hai0="33,32,97,63,127,105,101,68,52,35,94,62,95" hai1="81,25,96,134,31,61,27,88,47,89,7,11,130" hai2="65,54,135,108,91,75,42,49,26,72,133,121,10" hai3="85,55,18,66,45,122,116,83,104,44,46,109,70"/><T43/><D127/><U48/><E134/><V1/><F108/><W60/><G116/><T19/><D43/><U86/><E130/><V73/><F121/><W14/><G104/><T106/><D95/><U132/><E132/><V21/><F65/><W100/><G100/><T16/><D63/><U3/><E61/><V87/><F42/><W103/><G103/><T111/><D111/><U37/><E37/><V69/><F69/><W82/><G109/><T74/><D74/><U76/><E96/><V113/><F113/><W90/><G122/><T9/><D68/><U77/><E77/><V112/><F112/><W34/><G34/><T39/><D39/><U24/><REACH who="1" step="1"/><E31/><REACH who="1" ten="250,240,250,250" step="2"/><V2/><F133/><W22/><REACH who="3" step="1"/><G83/><REACH who="3" ten="250,240,250,240" step="2"/><T125/><D125/><U71/><E71/><V124/><F135/><W110/><G110/><T102/><D106/><U13/><E13/><V57/><F124/><W98/><G98/><T23/><D105/><U118/><E118/><V126/><F126/><W12/><G12/><T56/><D101/><U119/><E119/><V123/><F123/><W0/><G0/><T79/><D102/><U53/><AGARI ba="0,2" hai="3,7,11,24,25,27,47,48,53,76,81,86,88,89" machi="53" ten="30,4000,0" yaku="1,1,0,1,54,1,53,0" doraHai="8" doraHaiUra="92" who="1" fromWho="1" sc="250,-20,240,60,250,-10,240,-10" /><INIT seed="1,0,0,5,0,24" ten="230,300,240,230" oya="1" hai0="26,14,33,107,43,73,134,102,36,76,32,79,135" hai1="81,37,68,5,122,65,95,53,89,105,85,87,101" hai2="2,58,90,18,104,97,28,46,62,128,61,130,7" hai3="66,113,57,111,74,120,49,20,56,125,0,17,55"/><U83/><E122/><V71/><F28/><W80/><G113/><T86/><D86/><U72/><E37/><V27/><F46/><W54/><G120/><T117/><D117/><U127/><E68/><V123/><F123/><W6/><G111/><T60/><D60/><U92/><E65/><V39/><F39/><W88/><G66/><T93/><D93/><U109/><E53/><V119/><F119/><W114/><G114/><T121/><D121/><U50/><E50/><V112/><F112/><W77/><G125/><T126/><D14/><U13/><E13/><V116/><F116/><W75/><G6/><T48/><D48/><U91/><E5/><V51/><F51/><W9/><G9/><T22/><D102/><U4/><E4/><V47/><F47/><W8/><G8/><T1/><D107/><U44/><E44/><V29/><F18/><W96/><G0/><T64/><D64/><U129/><E129/><N who="2" m="49771" /><F71/><W31/><G31/><N who="0" m="17879" /><D1/><U19/><E19/><V40/><F62/><N who="3" m="36119" /><G74/><T99/><D73/><U12/><E12/><V67/><F40/><W103/><G17/><T106/><D43/><U16/><E16/><V100/><F90/><W38/><G38/><T82/><D36/><U110/><E127/><V15/><F2/><W21/><G88/><T3/><D3/><U69/><E69/><V63/><F7/><W131/><G131/><T132/><D126/><U34/><E34/><N who="2" m="20799" /><F15/><W41/><G41/><T78/><D33/><U70/><E70/><V11/><F11/><W118/><G118/><T30/><D32/><U115/><E115/><V133/><F63/><RYUUKYOKU ba="0,0" sc="230,-15,300,-15,240,15,230,15" hai2="58,61,67,97,100,104,133" hai3="20,21,49,55,57,75,77,80,96,103" /><INIT seed="2,1,0,3,1,107" ten="215,285,255,245" oya="2" hai0="48,30,57,123,69,74,44,89,22,106,104,81,6" hai1="33,62,53,1,2,83,135,38,111,102,66,127,71" hai2="75,27,60,40,114,21,10,59,92,64,93,129,25" hai3="14,52,15,118,36,11,43,12,3,90,126,29,134"/><V47/><F129/><W98/><G118/><T18/><D69/><U133/><E111/><V46/><F114/><W132/><G126/><T117/><D123/><U63/><E127/><V108/><F108/><W76/><G29/><T77/><D117/><U72/><E38/><V32/><F75/><W99/><G90/><T24/><D6/><U100/><E33/><V20/><F32/><W51/><G76/><T73/><D57/><N who="1" m="35119" /><E83/><V96/><F10/><W50/><G36/><T19/><D89/><U5/><E72/><V113/><F113/><W110/><G110/><T45/><D45/><U94/><E94/><V41/><F47/><N who="3" m="25983" /><G3/><N who="1" m="1034" /><E5/><V13/><F13/><W122/><G122/><T105/><REACH who="0" step="1"/><D73/><REACH who="0" ten="205,285,255,245" step="2"/><U26/><E71/><V28/><F46/><N who="3" m="27767" /><G11/><T0/><D0/><U103/><E135/><AGARI ba="1,1" hai="12,14,15,98,99,132,134,135" m="27767,25983" machi="135" ten="30,2000,0" yaku="20,1,54,1" doraHai="107" who="3" fromWho="1" sc="205,0,285,-23,255,0,245,33" /><INIT seed="3,0,0,0,4,67" ten="205,262,255,278" oya="3" hai0="130,45,133,74,7,99,37,27,17,9,21,24,60" hai1="114,65,78,29,52,18,25,84,71,58,16,63,22" hai2="13,2,28,86,0,128,82,30,44,118,125,59,127" hai3="117,121,85,38,116,76,19,94,77,103,5,91,53"/><W120/><G19/><T35/><D74/><U64/><E114/><V56/><F118/><N who="3" m="45675" /><G5/><T36/><D130/><U12/><E71/><V51/><F128/><W88/><G76/><T1/><D133/><U101/><E101/><V57/><F13/><W3/><G3/><T112/><D112/><U43/><E43/><V15/><F15/><W14/><G14/><T83/><D83/><N who="1" m="47223" /><E29/><V119/><F119/><W131/><G131/><T108/><D108/><U8/><AGARI ba="0,0" hai="8,12,16,18,22,25,52,58,63,64,65" m="47223" machi="8" ten="30,4000,0" yaku="8,1,54,2" doraHai="67" who="1" fromWho="1" sc="205,-10,262,40,255,-10,278,-20" owari="195,-30.0,302,39.0,245,-15.0,258,6.0" /></mjloggm>