<mjloggm ver="2.3"><GO type="169" lobby="0"/><UN n0="%E3%83%89%E3%83%A9%EF%BC%91%EF%BC%92%EF%BC%90%EF%BC%85" n1="%6B%6B%6B%73%73%36%36%36" n2="%64%61%6E%6E%63%68%69" n3="%E5%A4%A7%E6%A5%A0%E5%85%AC" dan="17,16,17,16" rate="2246.97,2077.47,2165.41,2166.94" sx="M,M,M,M"/><TAIKYOKU oya="0"/><INIT seed="0,0,0,5,3,9" ten="250,250,250,250" oya="0" hai0="21,1,56,95,75,116,30,86,115,55,96,101,50" hai1="76,83,53,38,120,28,105,13,130,60,87,77,107" hai2="68,34,90,97,52,81,132,47,113,66,39,82,15" hai3="103,108,121,12,129,65,98,10,58,18,99,35,128"/><T93/><D75/><U46/><E120/><V7/><F34/><W64/><G108/><T119/><D115/><U94/><E130/><V17/><F113/><W11/><G121/><T4/><D1/><U117/><E117/><V44/><F68/><W124/><G35/><T135/><D135/><U45/><E77/><V14/><F66/><W16/><G124/><T110/><D4/><U63/><E38/><V112/><F112/><W0/><G0/><T36/><D36/><U3/><E3/><V20/><F39/><W79/><G79/><T70/><D70/><U2/><E2/><V74/><F74/><W62/><G65/><T49/><D110/><U134/><E134/><V19/><F7/><W33/><G33/><T5/><D5/><U41/><E41/><V78/><F78/><W42/><G42/><T88/><REACH who="0" step="1"/><D50/><REACH who="0" ten="240,250,250,250" step="2"/><U31/><E63/><V43/><F132/><W25/><G128/><T133/><D133/><U111/><E60/><V72/><F72/><W71/><G129/><T37/><D37/><U59/><E111/><V40/><F43/><W32/><G71/><T106/><D106/><U122/><E107/><V127/><F40/><W104/><G104/><T61/><D61/><U27/><E105/><V73/><F73/><W109/><G109/><T26/><AGARI ba="0,1" hai="21,26,30,49,55,56,86,88,93,95,96,101,116,119" machi="26" ten="30,11700,0" yaku="1,1,0,1,54,1,53,1" doraHai="9" doraHaiUra="24" who="0" fromWho="0" sc="240,127,250,-39,250,-39,250,-39" /><INIT seed="0,1,0,3,4,99" ten="367,211,211,211" oya="0" hai0="109,74,26,49,53,8,86,78,12,7,104,63,45" hai1="21,94,98,46,51,15,119,42,133,47,20,31,107" hai2="69,135,124,36,18,3,103,115,75,87,66,37,91" hai3="22,127,120,30,72,95,105,0,32,50,116,48,76"/><T19/><D74/><U114/><E133/><V40/><F75/><W2/><G95/><T59/><D109/><U123/><E119/><V106/><F115/><W132/><G22/><T11/><D104/><U131/><E131/><V61/><F135/><W84/><G84/><T117/><D117/><U62/><E123/><V85/><F3/><W65/><G65/><T60/><D26/><U71/><E114/><V134/><F134/><W122/><G76/><T68/><D68/><U111/><E107/><V80/><F124/><W6/><G30/><T130/><D130/><U58/><E71/><V16/><F40/><W90/><G90/><T29/><D29/><U108/><E46/><V77/><F106/><W92/><G92/><T129/><D129/><U128/><E128/><V25/><F103/><W34/><G105/><T102/><D102/><N who="1" m="60759" /><E31/><V52/><F52/><W55/><G55/><T24/><D24/><U96/><E96/><V43/><F43/><W27/><G27/><T89/><D78/><U1/><E1/><V4/><F4/><W33/><G33/><T57/><D45/><U56/><E58/><V126/><F126/><W125/><G132/><T101/><D101/><U118/><E118/><V112/><F112/><W110/><G116/><T44/><D44/><U70/><E70/><V13/><F25/><W17/><G72/><T54/><D86/><U79/><E79/><V113/><F113/><W73/><G73/><T9/><D89/><U121/><E121/><V10/><F18/><W14/><G125/><T28/><D19/><N who="1" m="10367" /><E21/><V82/><AGARI ba="1,0" hai="10,13,16,36,37,61,66,69,77,80,82,85,87,91" machi="82" ten="20,2700,0" yaku="0,1,7,1,54,1" doraHai="99" who="2" fromWho="2" sc="367,-14,211,-8,211,30,211,-8" /><INIT seed="1,0,0,5,2,1" ten="353,203,241,203" oya="1" hai0="52,12,38,66,37,23,87,10,94,124,40,15,63" hai1="8,135,86,79,130,26,85,74,92,112,81,67,33" hai2="119,44,25,36,21,116,45,9,78,19,6,123,127" hai3="41,50,98,69,93,104,59,115,4,97,113,51,65"/><U31/><E112/><V89/><F123/><W110/><G110/><T43/><D124/><U53/><E130/><V88/><F127/><W49/><G69/><T27/><D38/><U118/><E118/><V7/><F78/><W2/><G41/><T117/><D117/><U42/><E135/><V95/><F116/><W121/><G121/><T3/><D3/><U132/><E132/><V114/><F114/><W48/><G104/><T111/><D111/><U90/><E67/><V122/><F122/><W131/><G131/><T133/><D37/><U54/><E42/><V106/><F106/><W29/><G29/><T134/><D43/><U102/><E102/><V68/><F68/><W125/><G125/><T84/><D40/><U99/><REACH who="1" step="1"/><E8/><REACH who="1" ten="353,193,241,203" step="2"/><V11/><F119/><W105/><G113/><T107/><D10/><U5/><E5/><N who="2" m="1547" /><F36/><W28/><G115/><T18/><D134/><U57/><E57/><V103/><F11/><W0/><G105/><T76/><D133/><U108/><E108/><V61/><F9/><W91/><G59/><T71/><D66/><U73/><E73/><V60/><F45/><W100/><G65/><T34/><D71/><U32/><E32/><V109/><F44/><W16/><G100/><T64/><D64/><U55/><AGARI ba="0,1" hai="26,31,33,53,54,55,74,79,81,85,86,90,92,99" machi="55" ten="30,6000,0" yaku="1,1,0,1,53,1" doraHai="1" doraHaiUra="77" who="1" fromWho="1" sc="353,-20,193,70,241,-20,203,-20" /><INIT seed="1,1,0,4,2,109" ten="333,263,221,183" oya="1" hai0="46,9,118,84,128,107,54,39,127,15,57,11,64" hai1="52,32,40,90,8,85,108,30,7,67,51,22,125" hai2="44,76,95,72,13,1,68,132,10,25,79,87,16" hai3="88,19,117,42,14,80,135,93,75,83,110,98,122"/><U123/><E123/><V77/><F68/><W116/><G122/><T2/><D107/><U4/><E125/><V115/><F72/><W121/><G121/><T129/><D127/><U97/><E32/><V43/><F132/><W131/><G110/><T21/><D64/><U96/><E67/><V34/><F115/><W126/><G126/><T36/><D118/><N who="3" m="45673" /><G42/><T103/><D103/><U53/><E40/><V61/><F61/><W62/><G62/><T74/><D74/><U66/><E66/><V17/><F1/><W47/><G47/><T130/><D84/><U102/><E108/><V12/><F34/><W113/><G135/><T70/><D70/><U3/><E4/><V55/><F25/><W5/><G5/><N who="0" m="1207" /><D21/><U35/><E35/><V28/><F28/><W114/><G131/><T105/><D105/><U106/><E51/><N who="2" m="29159" /><F43/><W134/><G134/><T59/><D46/><U78/><E22/><N who="2" m="11527" /><F95/><W6/><G6/><N who="0" m="3575" /><D59/><U41/><E41/><V65/><F65/><W18/><G75/><T86/><D86/><AGARI ba="1,0" hai="10,13,17,76,77,79,86,87" m="11527,29159" machi="86" ten="30,2000,0" yaku="8,1,54,1" doraHai="109" who="2" fromWho="0" sc="333,-23,263,0,221,23,183,0" /><INIT seed="2,0,0,3,4,120" ten="310,263,244,183" oya="2" hai0="90,112,123,125,68,37,76,82,55,24,22,111,104" hai1="95,54,51,28,20,3,83,117,38,79,44,77,30" hai2="78,121,52,109,18,59,34,64,124,56,49,58,119" hai3="75,57,9,15,62,61,19,118,85,129,46,133,100"/><V87/><F119/><W45/><G75/><T94/><D104/><U74/><E117/><V80/><F121/><W106/><G118/><T48/><D68/><U113/><E3/><V101/><F34/><W16/><G129/><T122/><D37/><U33/><E33/><V71/><F124/><W70/><G133/><T41/><D41/><U26/><E113/><V128/><F128/><W81/><G70/><T0/><D0/><U10/><E10/><V43/><F43/><W97/><G19/><T115/><D125/><U40/><E79/><V8/><F101/><W35/><G35/><T17/><D90/><U91/><E28/><V12/><REACH who="2" step="1"/><F109/><REACH who="2" ten="310,263,234,183" step="2"/><W92/><G106/><T60/><D111/><U23/><E40/><V13/><F13/><W108/><G108/><T135/><D123/><U67/><E38/><V42/><F42/><W69/><G69/><T126/><D126/><U132/><E132/><V110/><F110/><W1/><G1/><T31/><D135/><U29/><E26/><V27/><F27/><W103/><G103/><T11/><D122/><U7/><E67/><V39/><F39/><W50/><G50/><T131/><D131/><U5/><E54/><V4/><F4/><W130/><G130/><T96/><D55/><U102/><E51/><V63/><AGARI ba="0,1" hai="8,12,18,49,52,56,58,59,63,64,71,78,80,87" machi="63" ten="30,6000,0" yaku="1,1,0,1,54,1,53,0" doraHai="120" doraHaiUra="134" who="2" fromWho="2" sc="310,-20,263,-20,234,70,183,-20" /><INIT seed="2,1,0,5,5,128" ten="290,243,304,163" oya="2" hai0="109,65,70,1,31,85,126,87,63,64,92,29,34" hai1="50,76,95,13,45,56,135,53,103,30,38,88,77" hai2="14,2,121,9,107,26,47,18,69,129,17,96,81" hai3="98,7,33,102,82,22,79,6,117,44,49,127,83"/><V130/><F121/><W93/><G33/><T71/><D1/><U39/><E103/><V125/><F69/><W111/><G111/><T105/><D105/><U86/><E135/><V16/><F125/><W134/><G127/><T120/><D126/><U28/><E38/><V36/><F2/><W113/><G117/><T54/><D54/><U78/><E39/><V124/><F124/><W100/><G113/><T75/><D75/><U5/><E45/><V35/><F107/><W3/><G102/><T67/><D109/><U114/><E114/><V61/><F96/><W0/><G134/><T20/><D34/><U59/><REACH who="1" step="1"/><E56/><REACH who="1" ten="290,233,304,163" step="2"/><V123/><F47/><W55/><G0/><T131/><D70/><U8/><AGARI ba="1,1" hai="5,8,13,28,30,50,53,59,76,77,78,86,88,95" machi="8" ten="30,12000,2" yaku="1,1,2,1,0,1,8,1,54,1,53,1" doraHai="128" doraHaiUra="84" who="1" fromWho="1" sc="290,-31,233,133,304,-61,163,-31" /><INIT seed="3,0,0,3,2,55" ten="259,366,243,132" oya="3" hai0="114,128,112,117,18,107,22,98,58,10,56,113,75" hai1="9,71,30,119,103,49,95,35,108,85,61,26,87" hai2="130,13,40,131,39,0,51,125,105,132,42,110,3" hai3="124,67,66,90,32,94,37,81,63,36,82,72,116"/><W111/><G116/><T100/><D117/><U65/><E108/><V27/><F105/><W6/><G111/><T92/><D75/><U93/><E119/><V54/><F110/><W134/><G124/><T5/><D128/><N who="2" m="49194" /><F125/><W68/><G134/><T47/><D47/><U109/><E109/><V21/><F13/><W96/><G32/><T120/><D120/><U106/><E9/><V15/><F15/><W122/><G122/><T23/><D107/><U33/><E35/><V115/><F115/><W34/><G34/><T62/><D18/><U80/><E49/><V2/><F39/><W38/><G72/><T77/><D77/><U70/><E70/><V118/><F132/><W123/><G123/><T41/><D41/><U46/><E46/><N who="2" m="28023" /><F118/><W11/><REACH who="3" step="1"/><G67/><REACH who="3" ten="259,366,243,122" step="2"/><T104/><D114/><U78/><E85/><V76/><F76/><W19/><G19/><AGARI ba="0,1" hai="0,2,3,19,21,27,40,42" m="28023,49194" machi="19" ten="40,1300,0" yaku="19,1" doraHai="55" who="2" fromWho="3" sc="259,0,366,0,243,23,122,-13" /><INIT seed="4,0,0,2,0,72" ten="259,366,266,109" oya="0" hai0="63,43,51,48,15,37,77,118,105,128,78,2,131" hai1="13,132,3,92,50,125,64,41,112,28,47,55,113" hai2="53,100,106,103,126,66,59,129,54,57,85,34,91" hai3="102,119,101,27,73,124,5,24,115,127,36,61,69"/><T32/><D2/><U1/><E132/><V6/><F34/><W7/><G73/><T10/><D32/><U79/><E125/><V130/><F126/><W86/><G86/><T109/><D105/><U120/><E120/><V70/><F70/><W133/><G61/><T38/><D118/><U12/><E28/><V29/><F29/><W68/><G36/><N who="0" m="13931" /><D63/><U104/><E64/><V31/><F31/><W82/><G82/><T81/><D81/><U117/><E104/><V114/><F66/><W93/><G93/><T88/><D88/><U30/><E30/><V62/><F6/><W11/><G11/><T71/><D71/><U20/><E41/><V16/><F106/><W75/><G75/><T49/><D43/><U56/><E3/><V40/><F40/><W97/><G97/><T9/><D109/><U87/><E1/><V135/><F85/><W4/><G4/><T122/><D122/><U116/><E116/><V74/><F91/><W110/><G119/><T17/><D10/><U44/><E117/><V96/><F96/><W90/><G90/><T134/><D134/><U121/><E121/><V67/><F74/><W52/><G133/><T89/><D89/><U8/><E8/><V45/><F67/><W95/><G95/><T25/><D25/><U35/><E92/><V108/><F62/><W26/><G26/><T39/><N who="0" m="13939" /><T111/><DORA hai="14" /><D111/><U99/><E35/><V107/><F107/><W21/><G21/><T83/><D83/><U0/><E20/><V94/><F135/><W18/><G110/><T123/><D123/><U84/><E0/><RYUUKYOKU ba="0,0" sc="259,30,366,-10,266,-10,109,-10" hai0="9,15,17,48,49,51,77,78,128,131" /><INIT seed="4,1,0,0,2,117" ten="289,356,256,99" oya="0" hai0="83,14,97,73,119,28,10,69,96,111,35,75,84" hai1="127,105,65,9,87,89,103,98,102,15,99,78,48" hai2="58,31,64,81,32,12,133,95,126,134,49,43,3" hai3="108,115,77,17,122,92,26,45,55,38,91,121,50"/><T109/><D69/><U71/><E127/><V70/><F126/><W5/><G108/><N who="0" m="41547" /><D119/><U57/><E78/><V53/><F3/><W40/><G115/><T63/><D63/><U93/><E71/><V56/><F70/><W125/><G125/><T23/><D35/><U66/><E48/><V90/><F81/><W59/><G77/><N who="0" m="46191" /><D28/><U79/><E79/><V22/><F43/><W41/><G41/><T2/><D23/><U118/><E57/><V112/><F112/><W62/><G5/><N who="0" m="3407" /><D2/><U113/><E113/><V104/><F32/><W61/><G61/><T60/><D60/><U21/><E21/><V120/><F64/><W13/><G38/><T36/><D36/><U72/><E72/><AGARI ba="1,0" hai="72,73,75,96,97" m="3407,46191,41547" machi="72" ten="30,1500,0" yaku="10,1" doraHai="117" who="0" fromWho="1" sc="289,18,356,-18,256,0,99,0" /><INIT seed="4,2,0,4,3,27" ten="307,338,256,99" oya="0" hai0="129,84,28,94,97,11,135,46,7,70,74,1,115" hai1="29,128,132,134,79,112,113,24,85,88,95,105,67" hai2="17,4,23,36,114,116,87,130,6,126,89,13,45" hai3="18,125,100,104,37,26,30,15,63,54,117,103,42"/><T47/><D70/><U98/><E67/><V121/><F121/><W55/><G117/><T124/><D74/><U10/><E128/><V40/><F130/><W68/><G125/><T69/><D69/><U77/><E10/><V102/><F126/><W0/><G0/><T8/><D124/><U14/><E14/><V49/><F116/><W25/><G25/><T96/><D129/><U118/><E118/><V56/><F114/><N who="1" m="44137" /><E105/><V57/><F102/><W43/><G43/><T81/><D115/><U123/><E123/><V61/><F36/><W107/><G42/><T5/><D135/><N who="1" m="51755" /><E98/><V131/><F131/><W52/><G37/><T16/><D97/><U35/><AGARI ba="2,0" hai="24,29,35,77,79,85,88,95" m="51755,44137" machi="35" ten="30,8000,1" yaku="15,1,11,1,20,1,52,1,54,1" doraHai="27" who="1" fromWho="1" sc="307,-42,338,86,256,-22,99,-22" /><INIT seed="5,0,0,2,2,132" ten="265,424,234,77" oya="1" hai0="3,100,69,47,115,130,27,65,32,83,4,121,77" hai1="107,37,57,106,102,58,6,73,114,42,84,96,52" hai2="91,98,16,128,94,8,1,118,105,92,43,10,53" hai3="123,55,49,35,111,89,122,45,74,126,72,59,131"/><U116/><E73/><V44/><F118/><W51/><G35/><T19/><D19/><U124/><E116/><V0/><F128/><W41/><G74/><N who="0" m="43447" /><D47/><U33/><E33/><V97/><F105/><W75/><G72/><T129/><D100/><U93/><E114/><V81/><F81/><W71/><G75/><T40/><D40/><U135/><E135/><V87/><F53/><W101/><G89/><T64/><D115/><U25/><E58/><V103/><F87/><W30/><G30/><N who="0" m="19551" /><D121/><U28/><E6/><V86/><F86/><W104/><G104/><T7/><D65/><U133/><E133/><V63/><F63/><W15/><G15/><T5/><D64/><U9/><E9/><V22/><F1/><W95/><G95/><T11/><D69/><U119/><E42/><V2/><F2/><W56/><G101/><T113/><D113/><U125/><E37/><V21/><F0/><W110/><G71/><T48/><D48/><N who="1" m="30855" /><E84/><V134/><F22/><W78/><G78/><T79/><D79/><U85/><E85/><V68/><F68/><W67/><G131/><AGARI ba="0,0" hai="3,4,5,7,11,129,130,131" m="19551,43447" machi="131" ten="30,1000,0" yaku="19,1" doraHai="132" who="0" fromWho="3" sc="265,10,424,0,234,0,77,-10" /><INIT seed="6,0,0,5,1,8" ten="275,424,234,67" oya="2" hai0="75,117,106,99,101,67,12,53,49,98,58,85,123" hai1="35,61,104,81,119,88,9,91,78,65,92,74,44" hai2="24,41,80,110,114,82,84,43,4,134,109,97,103" hai3="113,40,2,26,121,33,5,63,96,108,100,70,50"/><V66/><F114/><W102/><G102/><T21/><D75/><U17/><E35/><V93/><F134/><W115/><G121/><T86/><D123/><U48/><E104/><V10/><F66/><W122/><G122/><T112/><D112/><N who="3" m="43081" /><G108/><N who="2" m="41577" /><F24/><W133/><G133/><T131/><D131/><U27/><E27/><V77/><F82/><W3/><G5/><T79/><D79/><U39/><E119/><V54/><F54/><W90/><G90/><T89/><D67/><U130/><E130/><V69/><F69/><W116/><G116/><T83/><D117/><U51/><E65/><V30/><F30/><N who="3" m="19671" /><G50/><T13/><D86/><U111/><E111/><V135/><F135/><W0/><G40/><T22/><D99/><U73/><E81/><V87/><F87/><W59/><G70/><T29/><D29/><U118/><E74/><V45/><F45/><W60/><G59/><T1/><D1/><AGARI ba="0,0" hai="1,4,10,41,43,77,80,84,93,97,103" m="41577" machi="1" ten="30,1500,0" yaku="10,1" doraHai="8" who="2" fromWho="0" sc="275,-15,424,0,234,15,67,0" /><INIT seed="6,1,0,4,4,128" ten="260,424,249,67" oya="2" hai0="45,64,28,118,101,79,122,134,91,56,104,130,77" hai1="83,123,85,37,66,30,131,10,97,74,112,80,75" hai2="11,72,69,60,55,3,39,99,48,33,65,27,19" hai3="121,12,71,110,0,111,38,114,124,21,81,6,107"/><V113/><F113/><W50/><G50/><T93/><D28/><U35/><E37/><V95/><F72/><W133/><G81/><T22/><D22/><U41/><E41/><V47/><F33/><W96/><G96/><T14/><D14/><U87/><E30/><V23/><F3/><W29/><G21/><T129/><D45/><U49/><E35/><V98/><F11/><W17/><G17/><T119/><D56/><U120/><E131/><N who="0" m="50185" /><D64/><U8/><E97/><V61/><F61/><W76/><G12/><T88/><D122/><N who="1" m="46635" /><E112/><V86/><F86/><W51/><G29/><T4/><D4/><U116/><E116/><N who="0" m="44585" /><D134/><U57/><E87/><V62/><F62/><W20/><G20/><T67/><D67/><U34/><E83/><V42/><REACH who="2" step="1"/><F95/><REACH who="2" ten="260,424,239,67" step="2"/><W82/><G114/><T16/><D104/><U125/><E34/><V103/><F103/><W32/><G107/><T40/><D101/><U117/><E117/><V126/><F126/><W94/><G32/><T109/><D109/><U59/><E125/><V25/><F25/><W68/><G124/><T127/><D127/><U78/><E8/><V108/><F108/><W31/><G111/><T13/><D79/><U132/><E10/><V44/><AGARI ba="1,1" hai="19,23,27,39,42,44,47,48,55,60,65,69,98,99" machi="44" ten="20,7800,0" yaku="1,1,0,1,7,1,53,1" doraHai="128" doraHaiUra="46" who="2" fromWho="2" sc="260,-27,424,-27,239,91,67,-27" /><INIT seed="6,2,0,5,3,87" ten="233,397,330,40" oya="2" hai0="86,120,38,80,82,36,121,8,25,116,64,98,113" hai1="122,75,17,53,102,71,115,62,10,68,40,11,24" hai2="109,93,56,35,84,88,94,9,69,4,30,45,55" hai3="67,49,124,99,110,34,106,76,33,78,97,46,79"/><V91/><F69/><W22/><G110/><T123/><D113/><U59/><E75/><V127/><F109/><W42/><G124/><T65/><D116/><U18/><E40/><V118/><F118/><W5/><G33/><T43/><D25/><U20/><E115/><V27/><F127/><W125/><G34/><T89/><D8/><U105/><E122/><V19/><F19/><W31/><G125/><T114/><D114/><U3/><E11/><V13/><F45/><W21/><G106/><T103/><D82/><U117/><E117/><V134/><F134/><W129/><G129/><T74/><D74/><U1/><E1/><V100/><F100/><W73/><G73/><T6/><D6/><U81/><E81/><V39/><F39/><W54/><G67/><T130/><D130/><U126/><E126/><V44/><F44/><W50/><G5/><T51/><D51/><U23/><E102/><V66/><F66/><W16/><G22/><T111/><D111/><U119/><E105/><V85/><F56/><N who="3" m="32855" /><G31/><T112/><D112/><U107/><E107/><V52/><AGARI ba="2,0" hai="4,9,13,27,30,35,52,55,84,85,88,91,93,94" machi="52" ten="30,18000,2" yaku="0,1,9,1,52,2,54,2" doraHai="87" who="2" fromWho="2" sc="233,-62,397,-62,330,186,40,-62" owari="171,-23.0,335,14.0,516,61.0,-22,-52.0" /></mjloggm>