<mjloggm ver="2.3"><GO type="185" lobby="0"/><UN n0="%72%61%73%62%65%72%72%79" n1="%E3%81%9F%E3%82%93%E3%82%86%E3%81%86" n2="%E9%96%A2%E8%A5%BF%E9%9B%80%E5%A3%AB%E4%BC%9A" n3="" dan="17,16,16,0" rate="2284.98,2241.39,2103.95,1500.00" sx="F,F,M,C"/><TAIKYOKU oya="0"/><INIT seed="0,0,0,5,2,47" ten="350,350,350,0" oya="0" hai0="122,65,0,130,2,37,43,68,44,83,72,67,82" hai1="118,69,41,36,134,135,106,74,100,93,3,123,78" hai2="81,53,116,73,108,101,52,115,84,75,40,120,79" hai3=""/><T117/><N who="0" m="31264" /><T61/><D117/><U95/><N who="1" m="31520" /><U99/><E3/><V97/><N who="2" m="30752" /><V42/><F115/><T59/><D130/><U39/><E69/><V89/><F108/><T127/><D127/><U124/><E118/><V132/><F132/><N who="1" m="50729" /><E124/><V32/><F32/><T54/><D67/><U111/><E111/><V58/><F116/><T85/><D72/><U133/><N who="1" m="50737" /><U128/><DORA hai="33" /><E128/><V94/><F53/><T71/><D83/><U125/><E125/><V64/><F64/><T126/><D126/><U91/><E41/><V70/><F70/><T98/><D98/><U80/><E95/><V63/><REACH who="2" step="1"/><F75/><REACH who="2" ten="350,350,340,0" step="2"/><T103/><D71/><U62/><E62/><V113/><F113/><T51/><REACH who="0" step="1"/><D103/><REACH who="0" ten="340,350,340,0" step="2"/><U109/><E109/><V48/><F48/><T92/><D92/><AGARI ba="0,2" hai="40,42,52,58,63,73,79,81,84,89,92,94,97,101" m="30752" machi="92" ten="30,8000,1" yaku="1,1,7,1,52,1,54,1,53,1" doraHai="47,33" doraHaiUra="60,96" who="2" fromWho="0" sc="340,-80,350,0,340,100,0,0" /><INIT seed="1,0,0,4,0,33" ten="260,350,440,0" oya="1" hai0="132,111,48,91,118,71,0,44,106,86,97,68,121" hai1="89,57,123,66,52,34,135,43,130,94,41,116,87" hai2="49,1,82,74,103,122,70,61,55,109,92,133,75" hai3=""/><U104/><N who="1" m="31520" /><U114/><E34/><V81/><N who="2" m="31264" /><V115/><F109/><T85/><N who="0" m="31008" /><T98/><D111/><U112/><E116/><V90/><F133/><T113/><D113/><U93/><E104/><V120/><N who="2" m="30752" /><V72/><F115/><T63/><D132/><U73/><E135/><V78/><F103/><T80/><D118/><U76/><E130/><V2/><F61/><T107/><D0/><U60/><E112/><V39/><F39/><T50/><D63/><U37/><E114/><V62/><F62/><T99/><D86/><U36/><E36/><V58/><F70/><T96/><D50/><U69/><E93/><V105/><F105/><T46/><D46/><U64/><E64/><V129/><F129/><T32/><D32/><U40/><E76/><V124/><F124/><T45/><D45/><U101/><E101/><V3/><REACH who="2" step="1"/><F78/><REACH who="2" ten="260,350,430,0" step="2"/><T42/><D107/><U117/><E117/><V110/><F110/><T67/><D106/><U56/><E37/><V119/><F119/><T102/><D102/><U83/><E69/><V54/><F54/><T128/><D128/><U95/><E52/><V88/><F88/><T79/><D71/><U131/><E131/><V126/><F126/><T77/><D68/><RYUUKYOKU ba="0,1" sc="260,-10,350,-10,430,20,0,0" hai2="1,2,3,49,55,58,72,74,75,81,82,90,92" /><INIT seed="2,1,1,1,4,78" ten="250,340,450,0" oya="2" hai0="58,84,40,1,127,70,61,57,54,96,99,113,69" hai1="50,66,48,33,129,49,119,39,90,0,62,126,100" hai2="123,46,47,63,122,121,73,104,114,120,106,51,115" hai3=""/><V109/><N who="2" m="30752" /><V131/><N who="2" m="31008" /><V132/><N who="2" m="31264" /><V36/><N who="2" m="31520" /><V55/><F73/><T76/><D1/><U88/><E0/><V37/><F132/><T91/><D127/><U64/><E33/><V89/><F131/><T97/><D113/><U74/><E39/><V32/><F32/><T112/><D112/><U118/><E100/><V77/><F109/><T3/><D3/><U80/><E126/><V133/><F133/><T43/><D76/><U116/><E129/><V95/><F77/><T124/><D124/><U117/><N who="1" m="29696" /><DORA hai="2" /><U92/><E74/><V82/><F63/><T94/><D58/><U75/><E75/><V125/><F125/><T34/><D34/><U128/><E128/><V60/><F60/><T79/><D79/><U93/><E62/><V105/><F37/><T85/><REACH who="0" step="1"/><D84/><REACH who="0" ten="240,340,450,0" step="2"/><U102/><E102/><V98/><F115/><T81/><D81/><U38/><E80/><V103/><F114/><T111/><D111/><U67/><E38/><V130/><F130/><T56/><D56/><U135/><E135/><V68/><F82/><T87/><D87/><U35/><E35/><V72/><F72/><T108/><D108/><U42/><E42/><AGARI ba="1,2" hai="40,42,43,54,57,61,69,70,85,91,94,96,97,99" machi="42" ten="40,2600,0" yaku="1,1,53,1" doraHai="78,2" doraHaiUra="52,101" who="0" fromWho="1" sc="240,48,340,-28,450,0,0,0" /><INIT seed="4,0,0,4,2,124" ten="288,312,450,0" oya="0" hai0="113,134,78,32,58,81,98,80,131,94,133,117,59" hai1="105,39,128,70,93,40,76,61,112,86,3,91,135" hai2="99,73,89,56,127,106,37,46,82,34,62,101,83" hai3=""/><T75/><D32/><U122/><N who="1" m="31264" /><U125/><E3/><V107/><F34/><T97/><D117/><U102/><E125/><V74/><F127/><T33/><D33/><U2/><E2/><V63/><F37/><T90/><D113/><U52/><E112/><V44/><F89/><T77/><D131/><U65/><E135/><N who="0" m="51721" /><D98/><U51/><E128/><V41/><F41/><T48/><D48/><U123/><N who="1" m="31520" /><U67/><E67/><V0/><F0/><T68/><D68/><U116/><E116/><V55/><F63/><T36/><D36/><U110/><E110/><V60/><F60/><T87/><AGARI ba="0,0" hai="58,59,75,77,78,80,81,87,90,94,97" m="51721" machi="87" ten="30,1000,0" yaku="20,1" doraHai="124" who="0" fromWho="0" sc="288,10,312,-5,450,-5,0,0" /><INIT seed="4,1,0,4,0,88" ten="298,307,445,0" oya="0" hai0="112,63,1,60,92,113,130,84,101,72,83,73,40" hai1="115,135,96,108,65,109,3,69,49,36,100,119,55" hai2="44,134,107,42,91,99,132,43,35,74,66,124,78" hai3=""/><T46/><D1/><U47/><E3/><V33/><F124/><T79/><D130/><U85/><E119/><V114/><F114/><N who="0" m="44138" /><D101/><U64/><E115/><V104/><F66/><T106/><D106/><U53/><E135/><N who="2" m="51755" /><F74/><N who="0" m="28778" /><D92/><U127/><E127/><V32/><F78/><T121/><N who="0" m="31008" /><T86/><D86/><U105/><E85/><V110/><F110/><T51/><AGARI ba="1,0" hai="40,46,51,60,63,79,83,84" m="31008,28778,44138" machi="51" ten="30,2000,0" yaku="15,1,52,1" doraHai="88" who="0" fromWho="0" sc="298,22,307,-11,445,-11,0,0" /><INIT seed="4,2,0,3,5,0" ten="320,296,434,0" oya="0" hai0="37,46,79,106,48,41,93,71,116,103,74,88,70" hai1="127,135,51,105,34,62,82,111,125,44,2,80,107" hai2="35,50,131,38,76,81,77,134,114,75,96,39,109" hai3=""/><T33/><D116/><U95/><E2/><V1/><F109/><T129/><D129/><U60/><E111/><V84/><F1/><T119/><D119/><U85/><E95/><V45/><F134/><T122/><N who="0" m="31264" /><T100/><D33/><U53/><E135/><V121/><N who="2" m="31008" /><V123/><N who="2" m="31520" /><V55/><F131/><T72/><D106/><U89/><E105/><V128/><F128/><T86/><D37/><U104/><E104/><V59/><F114/><T78/><D74/><U54/><E107/><V58/><F35/><T87/><D72/><U68/><E34/><V113/><F113/><T124/><D124/><N who="1" m="47691" /><E68/><V91/><F76/><T97/><D71/><U99/><E99/><V56/><REACH who="2" step="1"/><F96/><REACH who="2" ten="320,296,424,0" step="2"/><T3/><D3/><U69/><E69/><V102/><F102/><N who="0" m="38954" /><D70/><U118/><E118/><V49/><F49/><T52/><D41/><U94/><E62/><V61/><F61/><T90/><D97/><U132/><E132/><V67/><F67/><T92/><AGARI ba="2,1" hai="46,48,52,78,79,86,87,88,90,92,93" m="38954,31264" machi="92" ten="30,7800,0" yaku="8,1,52,1,54,2" doraHai="0" who="0" fromWho="0" sc="320,92,296,-41,424,-41,0,0" /><INIT seed="4,3,0,3,1,38" ten="412,255,383,0" oya="0" hai0="61,96,106,64,73,76,74,62,94,98,40,72,57" hai1="113,80,132,89,43,111,32,56,3,88,70,69,49" hai2="41,75,59,50,119,67,86,93,34,104,121,91,46" hai3=""/><T102/><D62/><U99/><E3/><V126/><N who="2" m="31008" /><V35/><F75/><T36/><D36/><U37/><E32/><V0/><F0/><T117/><D117/><U115/><E111/><V97/><F126/><T1/><D1/><U42/><E132/><V71/><F119/><T77/><REACH who="0" step="1"/><D40/><REACH who="0" ten="402,255,383,0" step="2"/><N who="1" m="15403" /><E37/><V90/><F34/><T134/><D134/><U110/><E110/><V85/><F35/><T123/><N who="0" m="31520" /><T108/><D108/><U127/><E127/><V39/><F39/><T87/><D87/><U125/><E125/><V105/><F71/><N who="1" m="27145" /><E99/><V63/><REACH who="2" step="1"/><F97/><REACH who="2" ten="402,255,373,0" step="2"/><T133/><D133/><U52/><E80/><AGARI ba="3,2" hai="41,46,50,59,63,67,80,85,86,90,91,93,104,105" m="31008" machi="80" ten="30,8000,1" yaku="1,1,2,1,7,1,52,2,53,0" doraHai="38" doraHaiUra="122" who="2" fromWho="1" sc="402,0,255,-86,373,106,0,0" /><INIT seed="5,0,0,0,1,134" ten="402,169,479,0" oya="1" hai0="59,114,120,32,104,79,67,72,119,113,123,92,91" hai1="63,89,127,56,69,39,36,3,57,94,55,58,61" hai2="85,74,71,111,105,45,65,43,54,47,75,128,50" hai3=""/><U40/><E3/><V51/><F105/><T97/><N who="0" m="30752" /><T110/><N who="0" m="31520" /><T125/><D110/><U81/><E81/><V96/><F111/><T101/><D32/><U109/><E109/><V95/><F128/><T35/><D35/><U73/><E73/><V77/><F65/><T66/><D119/><U87/><E127/><V90/><F71/><T103/><D103/><U133/><E133/><V1/><F1/><T80/><D125/><U76/><E76/><V41/><F54/><T116/><D116/><U122/><N who="1" m="31264" /><U88/><E89/><V53/><F53/><T98/><REACH who="0" step="1"/><D59/><REACH who="0" ten="392,169,479,0" step="2"/><U108/><E108/><V0/><F0/><T99/><D99/><U129/><E129/><V107/><F107/><T82/><D82/><AGARI ba="0,1" hai="41,43,45,47,50,51,74,75,77,82,85,90,95,96" machi="82" ten="40,1300,0" yaku="9,1" doraHai="134" who="2" fromWho="0" sc="392,-13,169,0,479,23,0,0" /><INIT seed="6,0,0,1,5,44" ten="379,169,502,0" oya="2" hai0="100,56,89,77,124,50,66,70,3,43,104,113,94" hai1="123,64,32,40,125,119,127,35,61,0,65,33,106" hai2="118,74,107,57,39,126,53,115,69,99,48,60,63" hai3=""/><V42/><F74/><T122/><N who="0" m="31264" /><T84/><D3/><U91/><N who="1" m="31520" /><U68/><E91/><V52/><F118/><T59/><D124/><U117/><E0/><V98/><F115/><T85/><D70/><U116/><E68/><V131/><F131/><T47/><D66/><U73/><E73/><V102/><F126/><T79/><D113/><U135/><E135/><V121/><N who="2" m="31008" /><V41/><F99/><T110/><D110/><U132/><E132/><V67/><F39/><T111/><D111/><U55/><E40/><V75/><F75/><T45/><D104/><U54/><E106/><V37/><F37/><T92/><D100/><U97/><E97/><V129/><F129/><T34/><D34/><U109/><E109/><V51/><F63/><T128/><D128/><U36/><E36/><V76/><F76/><T120/><N who="0" m="30752" /><T114/><D114/><U105/><E105/><V46/><AGARI ba="0,0" hai="41,42,46,48,51,52,53,57,60,67,69,98,102,107" m="31008" machi="46" ten="20,12000,2" yaku="0,1,7,1,52,3,54,1" doraHai="44" who="2" fromWho="2" sc="379,-60,169,-60,502,120,0,0" owari="319,-8.0,109,-49.0,622,57.0,0,0.0" /></mjloggm>