<mjloggm ver="2.3"><GO type="185" lobby="0"/><UN n0="%64%72%65%67%73" n1="%E3%81%9F%E3%82%93%E3%82%86%E3%81%86" n2="%E9%96%A2%E8%A5%BF%E9%9B%80%E5%A3%AB%E4%BC%9A" n3="" dan="17,16,16,0" rate="2238.05,2235.24,2110.49,1500.00" sx="M,F,M,C"/><TAIKYOKU oya="0"/><INIT seed="0,0,0,1,2,46" ten="350,350,350,0" oya="0" hai0="133,90,45,70,72,40,131,124,44,116,87,39,106" hai1="57,112,91,86,81,58,62,77,35,43,37,105,118" hai2="128,2,129,134,55,97,59,34,33,101,88,0,126" hai3=""/><T130/><D116/><U61/><E35/><V64/><F64/><T48/><D72/><U121/><N who="1" m="31008" /><U49/><E118/><V71/><F71/><T122/><N who="0" m="31264" /><T98/><D124/><U94/><E105/><V66/><F66/><T75/><D75/><U32/><E32/><V67/><F67/><T41/><D70/><U79/><E112/><V107/><F134/><T123/><N who="0" m="31520" /><T74/><D74/><U125/><E125/><V117/><F117/><T102/><REACH who="0" step="1"/><D133/><REACH who="0" ten="340,350,350,0" step="2"/><U51/><E77/><V114/><F126/><T50/><D50/><N who="1" m="18955" /><E37/><V104/><F33/><T120/><N who="0" m="30752" /><T99/><D99/><U42/><E61/><V1/><F34/><T95/><AGARI ba="0,1" hai="39,40,41,44,45,48,87,90,95,98,102,106,130,131" m="30752,31520,31264" machi="95" ten="30,12000,2" yaku="1,1,0,1,52,4,53,1" doraHai="46" doraHaiUra="85" who="0" fromWho="0" sc="340,130,350,-60,350,-60,0,0" /><INIT seed="0,1,0,5,5,41" ten="470,290,290,0" oya="0" hai0="135,3,39,80,69,61,48,55,71,119,112,87,106" hai1="117,84,127,52,72,57,100,98,113,91,123,58,35" hai2="105,95,90,116,60,63,68,1,86,110,125,82,65" hai3=""/><T70/><D3/><U94/><N who="1" m="31520" /><U34/><E117/><V62/><F1/><T102/><D119/><U126/><E72/><V114/><F114/><T42/><D112/><U47/><E113/><V104/><F110/><T44/><D135/><U97/><E97/><V56/><F125/><N who="1" m="47625" /><E35/><V79/><F116/><T108/><D108/><U99/><E99/><V88/><F90/><T83/><D106/><U0/><E0/><V2/><F2/><T124/><D102/><U76/><E76/><V107/><REACH who="2" step="1"/><F68/><REACH who="2" ten="470,290,280,0" step="2"/><T50/><D124/><U118/><E118/><V38/><F38/><T111/><D111/><U93/><E34/><V53/><F53/><T103/><D103/><U132/><E132/><V51/><F51/><AGARI ba="1,1" hai="47,51,52,57,58,84,91,93,94,98,100" m="47625,31520" machi="51" ten="30,7700,0" yaku="18,1,52,2,54,1" doraHai="41" who="1" fromWho="2" sc="470,0,290,89,280,-79,0,0" /><INIT seed="1,0,0,1,1,121" ten="470,379,201,0" oya="1" hai0="114,1,84,66,110,47,111,69,89,60,108,131,99" hai1="105,64,73,50,94,115,96,132,59,98,37,62,41" hai2="34,65,103,61,116,40,48,70,134,56,122,88,43" hai3=""/><U125/><E73/><V101/><N who="2" m="31264" /><V107/><F34/><T133/><D1/><U86/><E115/><V85/><F116/><T75/><D114/><U45/><E125/><V104/><F134/><T46/><D75/><U74/><E74/><V79/><F79/><T68/><D133/><U52/><E132/><V109/><F109/><T78/><D131/><U127/><E127/><V95/><F107/><T87/><D69/><U123/><N who="1" m="31520" /><U71/><E105/><V36/><F104/><T63/><D63/><U97/><REACH who="1" step="1"/><E86/><REACH who="1" ten="470,369,201,0" step="2"/><N who="0" m="32809" /><D78/><U124/><E124/><V80/><F80/><T100/><D89/><AGARI ba="0,1" hai="37,41,45,50,52,59,62,64,71,89,94,96,97,98" m="31520" machi="89" ten="30,18000,2" yaku="1,1,7,1,24,2,52,1,54,1,53,0" doraHai="121" doraHaiUra="0" who="1" fromWho="0" sc="470,-180,369,190,201,0,0,0" /><INIT seed="1,1,0,2,5,58" ten="290,559,201,0" oya="1" hai0="45,51,35,46,85,34,50,86,84,81,111,102,113" hai1="89,65,135,56,122,44,68,88,62,127,47,78,3" hai2="114,109,43,126,55,71,67,69,124,76,121,123,94" hai3=""/><U93/><N who="1" m="31264" /><U133/><E3/><V66/><N who="2" m="31008" /><V98/><N who="2" m="31520" /><V54/><F109/><T70/><D113/><U52/><E78/><V106/><F106/><T110/><D70/><U117/><E117/><V2/><F2/><T39/><D39/><U32/><E32/><V101/><F43/><T129/><D102/><U63/><E127/><N who="2" m="48683" /><F114/><T40/><D81/><U60/><E89/><V95/><F76/><T128/><D86/><U74/><E74/><V92/><F69/><T100/><D100/><U130/><E130/><V49/><F55/><T120/><N who="0" m="30752" /><T91/><D91/><U41/><E41/><AGARI ba="1,0" hai="34,35,40,41,45,46,50,51,84,85,110,111,128,129" m="30752" machi="41" ten="25,3200,0" yaku="22,2,52,1" doraHai="58" who="0" fromWho="1" sc="290,34,559,-34,201,0,0,0" /><INIT seed="2,0,0,1,5,118" ten="324,525,201,0" oya="2" hai0="66,104,84,83,106,96,90,57,55,52,81,47,105" hai1="58,114,116,122,33,65,113,80,63,107,37,71,130" hai2="98,89,2,54,128,35,77,121,39,134,64,36,87" hai3=""/><V94/><N who="2" m="31008" /><V51/><F35/><T43/><D96/><U97/><N who="1" m="31264" /><U78/><E33/><V85/><F2/><T120/><N who="0" m="30752" /><T42/><D66/><U44/><E116/><V41/><F134/><T0/><D0/><U127/><E127/><V70/><F128/><T62/><D55/><U53/><E130/><V60/><F77/><T108/><D108/><U40/><E97/><V50/><F50/><T59/><D59/><U125/><E107/><V38/><REACH who="2" step="1"/><F41/><REACH who="2" ten="324,525,191,0" step="2"/><T109/><D109/><U75/><E125/><V74/><F74/><T76/><REACH who="0" step="1"/><D47/><AGARI ba="0,1" hai="36,38,39,47,51,54,60,64,70,85,87,89,94,98" m="31008" machi="47" ten="40,7700,0" yaku="1,1,52,2,53,0" doraHai="118" doraHaiUra="102" who="2" fromWho="0" sc="324,-77,525,0,191,87,0,0" /><INIT seed="2,1,0,4,3,84" ten="247,525,278,0" oya="2" hai0="105,57,0,51,111,68,103,77,130,109,55,72,110" hai1="123,90,104,58,52,117,47,115,126,74,116,50,79" hai2="97,89,91,70,80,87,35,108,83,122,99,63,54" hai3=""/><V129/><N who="2" m="31264" /><V132/><F35/><T2/><D130/><U56/><N who="1" m="31520" /><U62/><E104/><V100/><F129/><T59/><D68/><U65/><E115/><V34/><F34/><T94/><D105/><U75/><E126/><V120/><N who="2" m="30752" /><V134/><F108/><T32/><D32/><U48/><E79/><V37/><F37/><T71/><D71/><U66/><E66/><V114/><F114/><T96/><D72/><U43/><E90/><V1/><F1/><N who="0" m="618" /><D77/><U107/><E107/><V42/><F42/><T95/><D95/><U98/><E98/><V93/><F99/><T73/><D73/><U124/><E124/><V40/><F40/><T3/><N who="0" m="626" /><T92/><DORA hai="53" /><D92/><U86/><E86/><V64/><F54/><T81/><D81/><U118/><AGARI ba="1,0" hai="43,47,48,50,52,56,58,62,65,74,75,116,117,118" m="31520" machi="118" ten="30,9000,2" yaku="0,1,12,1,52,3,54,1" doraHai="84,53" who="1" fromWho="1" sc="247,-31,525,92,278,-61,0,0" /><INIT seed="4,0,0,1,3,76" ten="216,617,217,0" oya="0" hai0="126,48,39,102,131,79,103,89,65,42,99,33,80" hai1="37,81,134,75,52,59,3,93,58,95,127,122,45" hai2="100,54,94,34,38,117,36,44,119,0,98,107,110" hai3=""/><T91/><D33/><U66/><N who="1" m="31264" /><U78/><E3/><V123/><N who="2" m="31520" /><V135/><F34/><T63/><D39/><U96/><E127/><V129/><F110/><T57/><D126/><U133/><E66/><V77/><F0/><T41/><D131/><U47/><E59/><V56/><F129/><T121/><N who="0" m="31008" /><T90/><D48/><U101/><E93/><V32/><F32/><T50/><D50/><U108/><E108/><V97/><F77/><T64/><D64/><U1/><E1/><V111/><F135/><N who="1" m="51721" /><E37/><V61/><F111/><T85/><REACH who="0" step="1"/><D103/><REACH who="0" ten="206,617,217,0" step="2"/><U112/><E112/><V40/><REACH who="2" step="1"/><F36/><REACH who="2" ten="206,617,207,0" step="2"/><T46/><D46/><U74/><E47/><V88/><AGARI ba="0,2" hai="38,40,44,54,56,61,88,94,97,98,100,107,117,119" m="31520" machi="88" ten="30,6000,1" yaku="1,1,2,1,0,1,52,1,54,1,53,0" doraHai="76" doraHaiUra="2" who="2" fromWho="2" sc="206,-40,617,-20,207,80,0,0" /><INIT seed="5,0,0,5,3,116" ten="166,597,287,0" oya="1" hai0="66,39,107,89,49,127,44,33,75,2,128,102,113" hai1="84,48,133,86,99,100,97,108,88,115,91,124,35" hai2="58,131,80,79,62,130,114,103,57,34,119,101,63" hai3=""/><U3/><E3/><V95/><F34/><T40/><D2/><U1/><E1/><V38/><F38/><T55/><D33/><U46/><E35/><V42/><F42/><T52/><D113/><U72/><E72/><V129/><F119/><T65/><D75/><U96/><E108/><V47/><F47/><T92/><D127/><U67/><E67/><V43/><F43/><T134/><D128/><U70/><E70/><V98/><F103/><T125/><D125/><U45/><E45/><V104/><F104/><T51/><D134/><U53/><E133/><V68/><F114/><T85/><D39/><U105/><E115/><V50/><F68/><T126/><D126/><U36/><E36/><V64/><F50/><T74/><D74/><U73/><E73/><V77/><REACH who="2" step="1"/><F80/><REACH who="2" ten="166,597,277,0" step="2"/><T37/><D37/><U61/><E124/><V110/><F110/><T118/><D118/><U32/><E32/><V117/><F117/><T41/><D41/><U81/><E61/><V111/><F111/><T59/><REACH who="0" step="1"/><D40/><REACH who="0" ten="156,597,277,0" step="2"/><U54/><E105/><V109/><F109/><T76/><D76/><U112/><E112/><V60/><F60/><T87/><D87/><U122/><E86/><V71/><F71/><T82/><D82/><U83/><E84/><RYUUKYOKU ba="0,2" sc="156,10,597,-20,277,10,0,0" hai0="44,49,51,52,55,59,65,66,85,89,92,102,107" hai2="57,58,62,63,64,77,79,95,98,101,129,130,131" /><INIT seed="6,1,2,1,4,78" ten="166,577,287,0" oya="2" hai0="2,38,71,59,98,74,124,134,122,89,128,109,86" hai1="123,93,52,48,115,127,62,85,47,106,87,50,96" hai2="53,104,39,94,45,32,69,75,56,129,102,79,108" hai3=""/><V131/><F32/><T46/><RYUUKYOKU type="yao9" ba="1,2" sc="166,0,577,0,287,0,0,0" hai0="2,38,46,59,71,74,86,89,98,109,122,124,128,134" /><INIT seed="6,2,2,0,1,103" ten="166,577,287,0" oya="2" hai0="104,38,95,57,98,72,125,44,90,81,67,121,63" hai1="75,108,68,37,116,62,135,109,82,39,86,99,61" hai2="84,33,56,132,96,107,0,49,71,46,35,83,123" hai3=""/><V114/><N who="2" m="31520" /><V53/><F0/><T93/><N who="0" m="31008" /><T66/><D125/><U34/><E75/><V2/><F2/><T79/><D67/><U117/><E34/><V64/><F132/><T91/><D38/><U43/><E99/><V45/><F114/><T60/><D63/><U41/><E86/><V129/><F129/><T100/><D44/><U118/><E82/><V112/><F112/><T59/><D93/><U94/><E94/><V32/><F71/><T51/><D51/><U126/><E126/><V119/><F119/><T89/><REACH who="0" step="1"/><D59/><REACH who="0" ten="156,577,287,0" step="2"/><U50/><E135/><V101/><REACH who="2" step="1"/><F64/><REACH who="2" ten="156,577,277,0" step="2"/><T130/><D130/><U47/><E68/><V88/><AGARI ba="2,4" hai="32,33,35,45,46,49,53,56,83,84,88,96,101,107" m="31520" machi="88" ten="30,12000,2" yaku="1,1,2,1,0,1,52,2,54,1,53,1" doraHai="103" doraHaiUra="52" who="2" fromWho="2" sc="156,-62,577,-62,277,164,0,0" /><INIT seed="6,3,0,2,2,114" ten="94,515,441,0" oya="2" hai0="47,34,101,110,112,94,66,96,111,126,57,48,89" hai1="90,113,115,131,105,117,91,45,33,88,37,62,79" hai2="53,133,134,104,38,93,52,74,0,32,60,65,54" hai3=""/><V118/><F32/><T2/><D34/><U46/><E33/><V129/><F0/><T95/><D47/><N who="1" m="17931" /><E37/><V99/><F38/><T56/><D112/><N who="1" m="43083" /><E117/><V86/><F74/><T67/><D126/><U116/><E116/><V50/><F104/><T51/><D2/><U92/><E105/><V3/><F3/><T43/><D96/><U55/><E79/><V63/><F129/><T128/><D89/><U1/><E1/><V73/><F73/><T77/><D77/><U85/><E131/><V76/><F118/><T120/><N who="0" m="30752" /><T49/><D128/><U109/><E109/><V68/><F60/><T59/><D43/><U84/><E92/><V71/><F71/><T130/><D101/><U36/><E36/><V103/><F76/><T121/><N who="0" m="31008" /><T72/><D72/><U98/><E98/><V83/><F83/><T106/><D106/><U135/><E135/><N who="2" m="51723" /><F86/><T42/><D42/><U78/><E78/><V108/><F108/><T97/><D97/><U125/><E125/><V124/><F124/><T100/><D100/><U58/><AGARI ba="3,0" hai="55,58,62,84,85,88,90,91" m="43083,17931" machi="58" ten="40,2000,0" yaku="15,1,54,1" doraHai="114" who="1" fromWho="1" sc="94,-10,515,26,441,-16,0,0" owari="84,-52.0,541,49.0,425,3.0,0,0.0" /></mjloggm>