<mjloggm ver="2.3"><GO type="185" lobby="0"/><UN n0="%E9%AC%BC" n1="%E3%82%B3%E3%82%B3%E3%82%A2%E3%81%AF%E4%BF%BA%E3%81%AE%E5%AB%81" n2="%EF%BC%AA%EF%BD%95%EF%BD%87%EF%BD%8F" n3="" dan="17,17,16,0" rate="2279.06,2242.96,2217.18,1500.00" sx="F,F,M,C"/><TAIKYOKU oya="0"/><INIT seed="0,0,0,5,2,135" ten="350,350,350,0" oya="0" hai0="34,128,103,75,91,54,33,116,70,87,72,118,58" hai1="109,88,35,124,67,68,40,47,127,61,105,130,38" hai2="44,0,111,56,48,99,41,123,86,113,36,2,83" hai3=""/><T51/><D128/><U74/><E35/><V114/><N who="2" m="31520" /><V90/><F111/><T132/><D70/><U43/><E109/><V94/><F114/><T79/><D132/><U53/><E130/><V110/><F110/><T122/><N who="0" m="31264" /><T50/><D103/><U104/><E74/><V107/><F107/><T71/><D71/><U115/><E115/><V45/><F56/><T101/><D101/><U1/><E1/><V78/><REACH who="2" step="1"/><F113/><REACH who="2" ten="350,350,340,0" step="2"/><T102/><D58/><U42/><E105/><V98/><F98/><T3/><D3/><U134/><E104/><V76/><F76/><T80/><D79/><U65/><E134/><V92/><F92/><T129/><D129/><U46/><E68/><V119/><F119/><T85/><D116/><U73/><E46/><V93/><F93/><T62/><D118/><U63/><E47/><V60/><F60/><T69/><D62/><U96/><E61/><V66/><F66/><T125/><D69/><U117/><E117/><V37/><F37/><T108/><D108/><U52/><E38/><V89/><F89/><T39/><D91/><U59/><E67/><V131/><F131/><T55/><D39/><U82/><E96/><V106/><F106/><T81/><D102/><U112/><E112/><RYUUKYOKU ba="0,1" sc="350,10,350,-20,340,10,0,0" hai0="33,34,50,51,54,55,72,75,80,81,85,87,125" hai2="0,2,36,41,44,45,48,78,83,86,90,94,99" /><INIT seed="0,1,1,0,1,70" ten="360,330,350,0" oya="0" hai0="3,129,105,86,71,119,88,84,32,100,49,41,44" hai1="65,72,135,57,87,97,33,109,50,42,81,101,63" hai2="122,89,55,56,62,61,92,66,73,90,93,114,52" hai3=""/><T103/><D119/><U64/><E109/><V51/><N who="2" m="31264" /><V78/><F114/><T58/><D32/><U1/><E1/><V68/><F73/><T2/><D129/><U130/><E130/><V35/><F78/><T131/><D131/><U74/><E135/><V108/><F108/><T116/><D71/><U96/><E33/><V54/><F35/><T53/><D116/><U106/><E65/><V43/><F43/><T36/><D86/><U77/><E42/><V47/><REACH who="2" step="1"/><F55/><REACH who="2" ten="360,330,340,0" step="2"/><T76/><D76/><U102/><REACH who="1" step="1"/><E50/><REACH who="1" ten="360,320,340,0" step="2"/><V83/><F83/><T94/><D2/><U110/><E110/><V112/><F112/><T59/><D3/><U132/><E132/><V60/><F60/><T82/><D82/><U126/><E126/><V80/><F80/><T113/><D113/><U120/><N who="1" m="30752" /><U133/><E133/><V124/><F124/><T118/><D118/><U98/><E98/><V115/><F115/><T104/><D49/><U45/><E45/><V99/><F99/><T37/><D44/><U123/><N who="1" m="31520" /><U111/><E111/><V117/><F117/><T107/><D41/><U127/><E127/><V128/><F128/><T125/><D125/><U34/><E34/><V91/><AGARI ba="1,3" hai="47,51,52,54,56,61,62,66,68,89,90,91,92,93" m="31264" machi="91" ten="30,6000,1" yaku="1,1,0,1,52,1,54,1,53,1" doraHai="70" doraHaiUra="40" who="2" fromWho="2" sc="360,-41,320,-21,340,92,0,0" /><INIT seed="1,0,0,5,1,63" ten="319,299,432,0" oya="1" hai0="89,123,56,113,2,115,97,75,121,38,96,101,129" hai1="108,73,107,126,88,62,85,103,109,64,47,105,92" hai2="3,33,78,79,51,116,125,102,66,81,117,54,91" hai3=""/><U49/><E73/><V90/><F3/><T132/><N who="0" m="31008" /><T34/><N who="0" m="31520" /><T71/><D71/><U112/><E112/><V94/><F33/><T80/><D34/><U46/><E126/><V57/><F125/><T32/><D32/><U41/><E46/><V1/><F1/><T68/><D68/><U82/><E103/><V99/><F79/><T128/><D38/><U55/><E41/><V120/><N who="2" m="30752" /><V69/><F116/><T133/><D56/><U70/><REACH who="1" step="1"/><E92/><REACH who="1" ten="319,289,432,0" step="2"/><V130/><F117/><T76/><D2/><U111/><AGARI ba="0,1" hai="47,49,55,62,64,70,82,85,88,105,107,108,109,111" machi="111" ten="30,16000,3" yaku="1,1,2,1,0,1,14,1,10,1,52,1,54,1,53,1" doraHai="63" doraHaiUra="45" who="1" fromWho="1" sc="319,-80,289,170,432,-80,0,0" /><INIT seed="1,1,0,2,4,104" ten="239,459,352,0" oya="1" hai0="0,36,41,127,101,97,50,3,89,117,115,134,55" hai1="125,103,81,84,71,57,92,60,49,82,95,61,38" hai2="120,73,72,53,110,90,94,111,98,77,85,58,105" hai3=""/><U129/><E129/><V69/><N who="2" m="30752" /><V116/><F69/><T96/><D115/><U118/><E118/><V112/><F116/><T66/><D117/><U106/><E125/><V74/><F112/><T75/><D127/><U87/><E38/><V46/><F46/><T47/><D134/><U67/><E106/><V93/><F105/><T102/><D66/><U109/><E49/><V59/><F77/><T34/><D34/><U35/><E35/><V1/><F1/><T88/><D75/><U39/><E39/><V100/><REACH who="2" step="1"/><F53/><REACH who="2" ten="239,459,342,0" step="2"/><T99/><D0/><U113/><E113/><V70/><F70/><T44/><REACH who="0" step="1"/><D3/><REACH who="0" ten="229,459,342,0" step="2"/><U80/><E67/><V126/><F126/><T83/><D83/><U33/><E81/><V76/><F76/><T62/><D62/><U40/><E80/><V56/><AGARI ba="1,2" hai="56,58,59,72,73,74,85,90,93,94,98,100,110,111" m="30752" machi="56" ten="40,12000,3" yaku="1,1,0,1,52,4,53,2" doraHai="104" doraHaiUra="123" who="2" fromWho="2" sc="229,-41,459,-81,342,142,0,0" /><INIT seed="2,0,0,5,3,75" ten="188,378,484,0" oya="2" hai0="101,54,135,111,105,107,115,93,60,82,81,50,88" hai1="83,86,110,48,134,78,125,63,77,67,119,133,71" hai2="3,52,99,104,51,123,65,36,62,124,102,64,72" hai3=""/><V57/><N who="2" m="31520" /><V126/><F3/><T41/><D115/><U120/><N who="1" m="30752" /><U131/><E110/><V46/><F72/><T49/><D111/><U79/><E125/><V109/><F109/><T34/><D34/><U76/><E131/><V85/><F36/><T94/><D135/><N who="1" m="51723" /><E48/><V33/><F33/><T73/><D60/><U106/><E106/><V92/><F85/><T116/><D116/><AGARI ba="0,0" hai="63,67,71,76,77,78,79,83,86,116,119" m="51723,30752" machi="116" ten="40,12000,2" yaku="20,1,52,5" doraHai="75" who="1" fromWho="0" sc="188,-120,378,120,484,0,0,0" /><INIT seed="4,0,0,2,5,77" ten="68,498,484,0" oya="0" hai0="59,104,84,71,125,111,92,32,40,94,121,123,61" hai1="75,76,113,74,54,91,55,115,35,45,97,109,62" hai2="36,51,78,60,66,128,1,43,34,33,129,85,47" hai3=""/><T117/><N who="0" m="31008" /><T124/><N who="0" m="31520" /><T93/><D32/><U106/><E109/><V105/><F1/><T103/><D111/><U67/><E35/><V88/><F78/><T90/><D117/><U46/><E91/><V110/><F105/><T99/><D71/><U2/><E2/><V82/><F36/><T102/><D40/><U101/><E45/><V126/><F110/><T86/><D86/><U122/><N who="1" m="31264" /><U79/><E79/><V81/><F81/><T58/><D58/><U133/><E133/><V72/><F72/><T80/><REACH who="0" step="1"/><D103/><REACH who="0" ten="58,498,484,0" step="2"/><U53/><E46/><V131/><F126/><T41/><D41/><U42/><E42/><V37/><F37/><T49/><D49/><U118/><E118/><V73/><F73/><T89/><D89/><U38/><E38/><V56/><AGARI ba="0,1" hai="33,34,43,47,51,56,60,66,82,85,88,128,129,131" machi="56" ten="30,5900,0" yaku="0,1,19,1,52,1,54,1" doraHai="77" who="2" fromWho="2" sc="58,-39,498,-20,484,69,0,0" /><INIT seed="5,0,0,4,4,126" ten="19,478,553,0" oya="1" hai0="52,103,82,36,64,39,61,116,49,127,81,107,91" hai1="50,87,45,51,79,99,63,113,41,89,112,120,59" hai2="78,132,1,69,109,110,90,75,73,92,62,44,97" hai3=""/><U104/><N who="1" m="30752" /><U3/><E3/><V43/><F1/><T125/><D103/><U77/><E51/><V46/><F132/><T133/><D107/><U84/><E84/><V135/><F135/><T38/><D133/><U124/><E124/><N who="0" m="47689" /><D91/><U128/><E128/><V57/><F69/><T68/><D116/><U33/><E33/><V2/><F46/><AGARI ba="0,0" hai="36,38,39,46,49,52,61,64,68,81,82" m="47689" machi="46" ten="40,2600,0" yaku="18,1,54,1" doraHai="126" who="0" fromWho="2" sc="19,26,478,0,553,-26,0,0" /><INIT seed="6,0,0,3,2,123" ten="45,478,527,0" oya="2" hai0="79,72,100,33,99,126,53,114,98,49,3,125,106" hai1="94,112,119,70,105,87,118,115,89,61,1,130,59" hai2="103,51,62,66,117,73,74,65,32,50,108,34,111" hai3=""/><V77/><F103/><T36/><D49/><N who="2" m="18442" /><F66/><T132/><D53/><U134/><E1/><V48/><F48/><T93/><D98/><U82/><E70/><V133/><F77/><T39/><D93/><U129/><E105/><V96/><F96/><T85/><D85/><U43/><E43/><V95/><F95/><T92/><D92/><U78/><E134/><V113/><F133/><T57/><D57/><U107/><E107/><V55/><F55/><T135/><D99/><U46/><E46/><V54/><F54/><T104/><D100/><U122/><N who="1" m="31264" /><U75/><E59/><V131/><F117/><N who="1" m="44553" /><E61/><V47/><F47/><T83/><D79/><U60/><E60/><V86/><F32/><T110/><D83/><U121/><N who="1" m="31008" /><U0/><E0/><V69/><F34/><T116/><D106/><U91/><E91/><V35/><F62/><T76/><D76/><U40/><E40/><V37/><F69/><T88/><D88/><U109/><E109/><V124/><F35/><T56/><D56/><U97/><E97/><V102/><F111/><T63/><D63/><U84/><E84/><V42/><F108/><T68/><D135/><U80/><E82/><V101/><F42/><T128/><D39/><U52/><E52/><RYUUKYOKU ba="0,0" sc="45,10,478,10,527,-20,0,0" hai0="3,33,36,68,72,104,110,114,116,125,126,128,132" hai1="75,78,80,87,89,94,112,115,129,130" owari="55,-54.0,488,9.0,507,45.0,0,0.0" /></mjloggm>