<mjloggm ver="2.3"><GO type="169" lobby="0"/><UN n0="%E3%82%AD%E3%83%B3%E3%82%B0%E3%81%82%E3%81%A4%E3%81%97" n1="%E3%82%AB%E3%83%A1%E3%83%83%E3%82%AF%E3%82%B9" n2="%E5%A4%A7%E8%B3%A2%E8%89%AF%E5%B8%AB" n3="%E9%B4%A8%E8%91%B1%E5%A4%AA%E9%83%8E" dan="17,16,16,17" rate="2190.33,2144.34,2052.29,2177.00" sx="M,M,M,M"/><TAIKYOKU oya="0"/><BYE who="0" /><BYE who="3" /><UN n0="%E3%82%AD%E3%83%B3%E3%82%B0%E3%81%82%E3%81%A4%E3%81%97" /><INIT seed="0,0,0,4,0,42" ten="250,250,250,250" oya="0" hai0="64,65,120,94,89,1,117,95,121,77,30,112,98" hai1="39,132,108,31,23,110,41,52,25,46,129,122,74" hai2="114,47,62,88,133,86,53,97,69,125,8,24,100" hai3="59,118,16,82,93,75,13,27,48,92,56,14,91"/><T105/><D105/><UN n3="%E9%B4%A8%E8%91%B1%E5%A4%AA%E9%83%8E" /><U76/><BYE who="0" /><E122/><UN n0="%E3%82%AD%E3%83%B3%E3%82%B0%E3%81%82%E3%81%A4%E3%81%97" /><V87/><F114/><W20/><G20/><T85/><BYE who="3" /><D85/><BYE who="0" /><UN n0="%E3%82%AD%E3%83%B3%E3%82%B0%E3%81%82%E3%81%A4%E3%81%97" /><UN n3="%E9%B4%A8%E8%91%B1%E5%A4%AA%E9%83%8E" /><U131/><E76/><V38/><F133/><W45/><G45/><T50/><BYE who="3" /><D50/><BYE who="0" /><UN n0="%E3%82%AD%E3%83%B3%E3%82%B0%E3%81%82%E3%81%A4%E3%81%97" /><UN n3="%E9%B4%A8%E8%91%B1%E5%A4%AA%E9%83%8E" /><U115/><E74/><V68/><F125/><W61/><G61/><T57/><BYE who="3" /><D57/><UN n3="%E9%B4%A8%E8%91%B1%E5%A4%AA%E9%83%8E" /><U71/><BYE who="0" /><E71/><V60/><F38/><W107/><G107/><T12/><D12/><U44/><BYE who="3" /><E132/><V49/><F69/><W15/><G15/><T34/><D34/><U58/><E115/><V128/><F128/><N who="1" m="49225" /><E46/><V135/><F135/><W29/><G29/><T81/><D81/><U101/><E101/><V19/><F68/><W104/><G104/><T80/><D80/><U22/><E22/><N who="2" m="13407" /><F8/><W54/><G54/><T26/><D26/><U6/><E6/><V55/><F100/><W35/><G35/><T111/><D111/><U11/><E11/><V5/><F5/><W37/><G37/><T84/><D84/><N who="2" m="32298" /><F55/><W124/><G124/><T126/><D126/><U109/><E109/><V0/><F0/><W9/><G9/><T79/><D79/><U32/><E32/><V83/><F83/><W17/><G17/><T43/><D43/><U51/><AGARI ba="0,0" hai="23,25,31,39,41,44,51,52,58,108,110" m="49225" machi="51" ten="30,4000,0" yaku="19,1,52,1,54,1" doraHai="42" who="1" fromWho="1" sc="250,-20,250,40,250,-10,250,-10" /><INIT seed="1,0,0,2,1,118" ten="230,290,240,240" oya="1" hai0="101,43,124,95,77,39,48,6,55,68,38,119,103" hai1="1,89,70,114,62,9,126,106,45,90,47,117,25" hai2="14,104,115,64,132,93,57,75,51,7,42,20,99" hai3="59,97,125,111,61,15,113,110,11,54,109,134,91"/><U46/><E114/><V123/><F115/><W65/><G65/><T23/><D23/><U133/><E117/><V122/><F104/><W58/><G58/><T80/><D80/><U79/><E106/><V50/><F75/><W85/><G85/><T66/><D66/><U121/><E133/><V21/><F132/><W8/><G8/><T82/><D82/><U49/><E126/><V10/><F42/><W88/><G88/><T102/><D102/><U71/><E79/><V116/><F116/><W31/><G31/><T34/><D34/><U29/><E49/><V13/><F64/><W5/><G5/><T73/><D73/><U130/><E130/><V18/><F21/><W96/><G96/><T3/><D3/><U112/><E112/><V56/><F51/><W131/><G131/><T16/><D16/><U67/><E70/><V63/><F50/><W108/><G108/><T83/><D83/><U37/><E37/><V52/><F57/><W12/><G12/><T76/><D76/><U135/><E135/><V107/><F107/><W86/><G86/><T28/><D28/><U87/><E87/><V41/><F41/><W98/><G98/><T74/><D74/><U44/><N who="1" m="11264" /><DORA hai="40" /><U94/><E94/><V92/><F92/><W32/><G32/><T17/><D17/><U2/><E121/><V69/><REACH who="2" step="1"/><F69/><REACH who="2" ten="230,290,230,240" step="2"/><W33/><G33/><T27/><D27/><U22/><REACH who="1" step="1"/><E9/><REACH who="1" ten="230,280,230,240" step="2"/><V35/><F35/><W19/><G19/><T100/><D100/><AGARI ba="0,2" hai="7,10,13,14,18,20,52,56,63,93,99,100,122,123" machi="100" ten="30,12000,2" yaku="1,1,7,1,52,2,54,1,53,1" doraHai="118,40" doraHaiUra="53,84" who="2" fromWho="0" sc="230,-120,280,0,230,140,240,0" /><INIT seed="2,0,0,2,1,38" ten="110,280,370,240" oya="2" hai0="109,120,57,102,61,108,31,101,59,9,82,62,74" hai1="26,133,37,103,89,30,33,34,91,81,6,22,3" hai2="107,121,63,129,54,27,70,4,1,39,17,122,69" hai3="56,50,130,21,7,85,20,93,126,80,72,29,88"/><V55/><F107/><W67/><G67/><T42/><D42/><U113/><E113/><V43/><F27/><W79/><G79/><T115/><D115/><U65/><E133/><V97/><F17/><W90/><G90/><T46/><D46/><U36/><E103/><V110/><F97/><W28/><G28/><T123/><D123/><N who="2" m="47114" /><F4/><W84/><G84/><T23/><D23/><U51/><E65/><N who="2" m="41151" /><F1/><W18/><G18/><T114/><D114/><U100/><E100/><V104/><F104/><W49/><G49/><T25/><D25/><U48/><E6/><V2/><F2/><W116/><G116/><T128/><D128/><U134/><E3/><V58/><F129/><W16/><G16/><T125/><D125/><U76/><E22/><V119/><F119/><W71/><G71/><T10/><D10/><U95/><E33/><V19/><F19/><W45/><G45/><T111/><D111/><U87/><E89/><V53/><F110/><W64/><G64/><T47/><D47/><U118/><E118/><V60/><F70/><W8/><G8/><T135/><D135/><U98/><E26/><V44/><AGARI ba="0,0" hai="39,43,44,53,54,55,58,60" m="41151,47114" machi="44" ten="30,6000,0" yaku="34,2,52,1" doraHai="38" who="2" fromWho="2" sc="110,-20,280,-20,370,60,240,-20" /><INIT seed="2,1,0,4,1,20" ten="90,260,430,220" oya="2" hai0="48,123,18,81,92,72,89,3,31,133,95,111,22" hai1="97,108,100,71,127,132,69,28,104,45,38,19,60" hai2="120,26,85,75,91,7,55,5,0,15,66,11,109" hai3="80,13,30,4,65,105,59,21,33,121,42,79,128"/><V54/><F75/><W116/><G116/><T57/><D57/><U122/><E108/><V64/><F120/><W12/><G12/><T110/><D110/><U49/><E132/><V40/><F109/><W98/><G98/><T70/><D70/><U118/><E118/><V88/><F40/><W24/><G24/><T34/><D34/><U131/><E122/><V94/><F0/><W134/><G134/><T135/><D135/><U68/><E131/><V14/><F5/><W32/><G32/><T43/><D43/><U35/><E127/><V10/><F10/><W61/><G61/><T129/><D129/><U67/><E19/><V78/><F78/><W83/><G83/><T130/><D130/><U87/><E87/><V53/><F15/><W84/><G84/><T86/><D86/><U36/><E36/><V27/><F91/><W126/><G126/><T6/><D6/><U41/><REACH who="1" step="1"/><E49/><REACH who="1" ten="90,250,430,220" step="2"/><V93/><F93/><W50/><G50/><T47/><D47/><U16/><E16/><V119/><F119/><W2/><G2/><T101/><D101/><U113/><E113/><V82/><F94/><W76/><G76/><T73/><D73/><U74/><E74/><V90/><F90/><W117/><G117/><T52/><D52/><U46/><E46/><V58/><F58/><W23/><G23/><T51/><D51/><U29/><E29/><V103/><F103/><W1/><G1/><T37/><D37/><U62/><E62/><V44/><F44/><W25/><G25/><AGARI ba="1,1" hai="25,28,35,38,41,45,60,67,68,69,71,97,100,104" machi="25" ten="40,12000,2" yaku="1,1,25,2,33,3,52,1,53,0" doraHai="20" doraHaiUra="9" who="1" fromWho="3" sc="90,0,250,133,430,0,220,-123" /><AGARI ba="1,0" hai="7,11,14,25,26,27,53,54,55,64,66,82,85,88" machi="25" ten="40,12000,1" yaku="8,1,52,3,54,1" doraHai="20" who="2" fromWho="3" sc="90,0,383,0,430,120,97,-120" owari="90,-31.0,383,18.0,550,65.0,-23,-52.0" /></mjloggm>