<mjloggm ver="2.3"><GO type="185" lobby="0"/><UN n0="%E9%96%A2%E8%A5%BF%E9%9B%80%E5%A3%AB%E4%BC%9A" n1="%E3%82%A2%E3%83%AA%E3%82%A2%E3%83%AA%E5%90%9B" n2="%E3%81%BF%E3%82%83%E3%83%BC%E3%81%B6%E3%82%8C%E3%81%84%E3%81%8F" n3="" dan="16,16,16,0" rate="2108.86,2240.56,2195.44,1500.00" sx="M,M,M,C"/><TAIKYOKU oya="0"/><INIT seed="0,0,0,1,4,110" ten="350,350,350,0" oya="0" hai0="0,104,127,65,124,63,71,88,76,84,2,87,1" hai1="53,67,37,36,74,103,43,50,41,119,72,62,51" hai2="70,117,73,58,92,95,91,46,134,118,33,39,45" hai3=""/><T60/><D104/><U98/><E119/><N who="2" m="45579" /><F33/><T64/><D76/><U59/><E72/><V44/><F70/><T116/><D87/><U86/><E86/><V108/><F108/><T105/><D105/><U114/><E74/><V123/><N who="2" m="31520" /><V133/><F73/><T96/><D96/><U107/><E114/><V126/><F126/><T97/><D97/><U38/><REACH who="1" step="1"/><E51/><REACH who="1" ten="350,340,350,0" step="2"/><V99/><F39/><T111/><D116/><U100/><E100/><V47/><F134/><T125/><D111/><U132/><E132/><V42/><F133/><T75/><D75/><U94/><E94/><V49/><F95/><T34/><D34/><U55/><E55/><V77/><F77/><T52/><D52/><U90/><E90/><V57/><AGARI ba="0,1" hai="42,44,45,46,47,49,57,58,91,92,99" m="31520,45579" machi="57" ten="40,2000,0" yaku="12,1,52,1" doraHai="110" who="2" fromWho="2" sc="350,-13,340,-7,350,30,0,0" /><INIT seed="1,0,0,4,5,72" ten="337,333,380,0" oya="1" hai0="48,92,120,83,119,32,133,101,0,87,75,91,76" hai1="100,39,110,68,3,116,60,40,85,52,96,128,50" hai2="109,86,94,73,104,64,113,82,35,102,115,74,99" hai3=""/><U123/><N who="1" m="31520" /><U33/><E3/><V97/><F35/><T57/><N who="0" m="30752" /><T46/><D32/><U118/><E33/><V58/><F64/><T45/><D0/><U89/><E128/><V127/><F58/><T111/><D111/><U42/><E110/><V132/><F109/><T134/><D119/><U117/><E39/><V62/><F62/><T121/><N who="0" m="31008" /><T114/><D114/><N who="2" m="43530" /><F127/><T80/><D57/><U44/><E68/><V69/><F132/><N who="0" m="50794" /><D48/><U79/><E60/><V107/><F69/><T105/><D105/><N who="2" m="40522" /><F97/><AGARI ba="0,0" hai="45,46,75,76,80,83,87,91,92,97,101" m="50794,31008,30752" machi="97" ten="30,7700,0" yaku="20,1,52,3" doraHai="72" who="0" fromWho="2" sc="337,77,333,0,380,-77,0,0" /><INIT seed="2,0,0,4,1,99" ten="414,333,303,0" oya="2" hai0="129,135,58,96,40,74,46,56,107,49,115,81,59" hai1="86,88,85,39,98,41,95,2,76,60,130,106,0" hai2="43,48,108,54,125,72,90,34,70,73,87,97,67" hai3=""/><V127/><F34/><T62/><D135/><U124/><E130/><V84/><F43/><T109/><D129/><U122/><N who="1" m="31264" /><U38/><E124/><N who="2" m="47691" /><F108/><T91/><D109/><U75/><E75/><N who="2" m="28747" /><F67/><T134/><D134/><U103/><E60/><V117/><F70/><T94/><D115/><U133/><E133/><V92/><F117/><T112/><D112/><U32/><E32/><V53/><F53/><T37/><D37/><U128/><E128/><V47/><AGARI ba="0,0" hai="47,48,54,84,87,90,92,97" m="28747,47691" machi="47" ten="30,1000,0" yaku="18,1" doraHai="99" who="2" fromWho="2" sc="414,-5,333,-5,303,10,0,0" /><INIT seed="2,1,0,4,5,65" ten="409,328,313,0" oya="2" hai0="82,38,128,121,131,36,100,85,55,42,76,48,96" hai1="32,90,124,79,33,134,101,51,39,44,87,59,102" hai2="58,53,122,67,46,81,1,133,34,73,104,66,47" hai3=""/><V88/><N who="2" m="31264" /><V127/><F34/><T95/><N who="0" m="31008" /><T98/><D42/><U93/><E134/><V119/><F119/><T40/><D40/><U84/><E124/><V43/><F1/><T107/><D131/><U117/><E117/><V112/><F112/><T37/><D128/><U123/><N who="1" m="31520" /><U74/><E74/><V75/><F127/><T83/><D83/><U116/><E116/><V125/><F125/><T89/><REACH who="0" step="1"/><D36/><REACH who="0" ten="399,328,313,0" step="2"/><U132/><E32/><V130/><F130/><T78/><D78/><U2/><E33/><V99/><F43/><T35/><D35/><U50/><E39/><V57/><F81/><T118/><D118/><U126/><E126/><V129/><F129/><T105/><D105/><U114/><E79/><V106/><F133/><T110/><D110/><U72/><E132/><V91/><F53/><T70/><D70/><U49/><E93/><V86/><F99/><T56/><AGARI ba="1,1" hai="37,38,48,55,56,76,82,85,89,95,96,98,100,107" m="31008" machi="56" ten="20,3900,0" yaku="1,1,0,1,7,1,52,1,53,0" doraHai="65" doraHaiUra="111" who="0" fromWho="0" sc="399,51,328,-14,313,-27,0,0" /><INIT seed="4,0,0,1,1,32" ten="450,314,286,0" oya="0" hai0="119,88,42,71,128,124,43,85,111,45,59,54,114" hai1="72,103,50,116,132,95,34,118,98,62,48,60,90" hai2="121,41,108,80,47,97,57,39,122,3,81,53,51" hai3=""/><T69/><D119/><U109/><E34/><V75/><N who="2" m="31008" /><V84/><N who="2" m="31264" /><V99/><F108/><T117/><D117/><U89/><E109/><V46/><F3/><T134/><D111/><U33/><E33/><V82/><F75/><T86/><D134/><U102/><E72/><V115/><F115/><T64/><D128/><U83/><E132/><V38/><F84/><T112/><D124/><U74/><E74/><V106/><F106/><T110/><D86/><U58/><E83/><V73/><F73/><T135/><D135/><U0/><E58/><V40/><AGARI ba="0,0" hai="38,39,40,41,46,47,51,53,57,80,81,82,97,99" m="31264,31008" machi="40" ten="30,5900,0" yaku="0,1,9,1,52,2" doraHai="32" who="2" fromWho="2" sc="450,-39,314,-20,286,59,0,0" /><INIT seed="5,0,0,3,5,103" ten="411,294,345,0" oya="1" hai0="2,122,40,59,77,107,34,46,67,73,51,88,38" hai1="86,76,135,133,62,118,130,75,53,125,57,112,121" hai2="97,32,60,41,70,106,113,124,55,64,36,119,102" hai3=""/><U123/><N who="1" m="31008" /><U50/><N who="1" m="31520" /><U94/><E118/><V61/><F119/><T127/><N who="0" m="31264" /><T131/><D34/><U79/><E112/><V33/><F113/><T47/><D2/><U126/><E75/><V58/><REACH who="2" step="1"/><F124/><REACH who="2" ten="411,294,335,0" step="2"/><N who="1" m="47721" /><E130/><V110/><F110/><T72/><D127/><U56/><E135/><V92/><F92/><T74/><D131/><U93/><E133/><V1/><F1/><T42/><D77/><N who="1" m="29771" /><E86/><V100/><F100/><T117/><D117/><U63/><E63/><V48/><F48/><T81/><D67/><AGARI ba="0,1" hai="50,53,56,57,62,67,93,94" m="29771,47721,31520,31008" machi="67" ten="30,5800,0" yaku="18,1,52,2" doraHai="103" who="1" fromWho="0" sc="411,-58,294,68,335,0,0,0" /><INIT seed="5,1,0,3,5,122" ten="353,362,335,0" oya="1" hai0="125,135,82,50,133,101,88,73,65,64,40,78,45" hai1="94,39,59,109,104,126,121,46,74,33,103,60,85" hai2="32,3,92,90,43,118,54,112,77,48,105,35,70" hai3=""/><U83/><N who="1" m="31008" /><U58/><E33/><V129/><F118/><T62/><D101/><U96/><E126/><V107/><F3/><T87/><D125/><U120/><N who="1" m="30752" /><U34/><E34/><V84/><F129/><T91/><D65/><U57/><E109/><V93/><F112/><T131/><D131/><U44/><E74/><V116/><F116/><T130/><D130/><U0/><E0/><V115/><F115/><T89/><REACH who="0" step="1"/><D73/><REACH who="0" ten="343,362,335,0" step="2"/><U119/><E119/><V68/><F32/><T37/><D37/><U102/><E39/><V76/><F35/><T111/><D111/><U38/><E38/><V49/><F107/><T79/><D79/><U41/><E102/><V106/><F105/><T99/><D99/><U100/><E100/><V61/><F106/><T97/><D97/><U2/><E104/><V113/><F113/><T52/><D52/><U47/><E2/><V75/><F75/><T72/><D72/><U108/><E108/><V114/><F114/><T42/><D42/><U124/><E124/><V81/><F70/><AGARI ba="1,1" hai="40,45,50,62,64,70,78,82,87,88,89,91,133,135" machi="70" ten="40,2600,0" yaku="1,1,54,1,53,0" doraHai="122" doraHaiUra="53" who="0" fromWho="2" sc="343,38,362,0,335,-28,0,0" /><INIT seed="6,0,0,3,1,119" ten="381,362,307,0" oya="2" hai0="133,59,70,81,84,55,49,111,99,75,131,0,112" hai1="120,63,108,40,102,38,60,41,45,116,104,92,35" hai2="123,56,118,83,114,2,121,88,82,95,58,64,128" hai3=""/><V33/><N who="2" m="31008" /><V80/><N who="2" m="31520" /><V1/><F118/><T122/><N who="0" m="31264" /><T129/><D0/><U77/><N who="1" m="30752" /><U47/><E35/><V90/><F33/><T130/><D111/><U66/><E116/><V48/><F114/><T127/><D127/><U65/><E104/><V69/><F128/><T109/><D109/><U113/><E113/><V76/><F76/><T100/><D70/><U74/><E108/><V34/><F34/><T44/><D133/><U57/><E74/><V37/><F37/><T107/><D75/><U54/><E77/><V50/><F69/><T89/><D112/><U51/><E102/><V36/><F36/><T43/><D43/><U117/><E117/><V3/><F64/><N who="1" m="24681" /><E92/><V68/><F68/><T91/><D89/><N who="2" m="34410" /><F95/><T71/><D71/><U125/><E125/><V135/><F135/><T126/><D126/><U72/><E72/><V96/><F96/><T53/><D53/><U110/><E110/><V52/><F52/><T32/><D32/><U62/><AGARI ba="0,0" hai="38,40,41,45,47,51,54,57,60,62,63" m="24681,30752" machi="62" ten="30,9000,2" yaku="35,5,52,2" doraHai="119" who="1" fromWho="1" sc="381,-30,362,90,307,-60,0,0" owari="351,-5.0,452,40.0,247,-35.0,0,0.0" /></mjloggm>