<mjloggm ver="2.3"><GO type="225" lobby="0"/><UN n0="%E6%9D%8F%E6%9D%8F%E3%81%AE%E6%9C%80%E5%BC%B1%E5%BC%9F%E5%AD%90" n1="%E3%83%96%E3%83%AB%E3%83%BC%E3%83%91%E3%83%B3%E3%83%80" n2="%E3%82%AD%E3%83%A0%E3%82%AB%E3%83%83%E3%83%95%E3%82%A1%E3%83%B3" n3="%E3%83%A2%E3%82%B0%E3%83%9E%E3%83%AA%E3%83%A2" dan="17,16,16,16" rate="2125.94,2018.46,2097.64,2141.74" sx="F,F,M,M"/><TAIKYOKU oya="0"/><INIT seed="0,0,0,4,0,54" ten="250,250,250,250" oya="0" hai0="128,96,80,61,132,113,60,55,78,25,121,34,47" hai1="58,42,18,65,53,133,123,38,14,41,130,57,104" hai2="99,52,5,125,109,6,75,69,28,48,134,135,63" hai3="89,51,71,84,16,120,32,50,77,98,46,83,73"/><T119/><D121/><U68/><E104/><V116/><F75/><W126/><G120/><T90/><D119/><U105/><E123/><V101/><F109/><W31/><G126/><T45/><D113/><U24/><E105/><V82/><F82/><W85/><G71/><T117/><D117/><U114/><E114/><V76/><F76/><W27/><G98/><T0/><D0/><U44/><E130/><V110/><F28/><W100/><G100/><T37/><D128/><U103/><E103/><V49/><F110/><W26/><G89/><T33/><D132/><N who="2" m="50730" /><F116/><W111/><G111/><T88/><D37/><U102/><E102/><V17/><F17/><W30/><G50/><N who="2" m="19561" /><F125/><W39/><G39/><T10/><D10/><U22/><E133/><V122/><F122/><W7/><G7/><T118/><D118/><U70/><E41/><V1/><F1/><W127/><G127/><T19/><D19/><U62/><E24/><V40/><F40/><W67/><G16/><T131/><D131/><U12/><E12/><V66/><F52/><W36/><G67/><T4/><D55/><U112/><E112/><V94/><AGARI ba="0,0" hai="5,6,63,66,69,94,99,101" m="19561,50730" machi="94" ten="30,1100,0" yaku="20,1" doraHai="54" who="2" fromWho="2" sc="250,-5,250,-3,250,11,250,-3" /><INIT seed="1,0,0,1,1,8" ten="245,247,261,247" oya="1" hai0="33,47,60,114,131,14,10,89,133,125,98,44,108" hai1="102,111,87,112,86,119,6,135,115,41,45,92,77" hai2="21,103,95,32,69,62,19,121,88,4,22,71,67" hai3="90,104,30,130,55,27,91,83,23,76,99,123,58"/><U94/><E6/><V82/><F32/><W100/><G130/><T64/><D131/><U0/><E0/><V96/><F121/><W51/><REACH who="3" step="1"/><G123/><REACH who="3" ten="245,247,261,237" step="2"/><T118/><D114/><U13/><E115/><V1/><F71/><W105/><G105/><T54/><D118/><U68/><E112/><V56/><F69/><W134/><G134/><T3/><D133/><U20/><E68/><V5/><F1/><W106/><G106/><T40/><D3/><U110/><E135/><V113/><F113/><W52/><G52/><T85/><D54/><U36/><E119/><V128/><F128/><W80/><G80/><T17/><D64/><U66/><E66/><V38/><F38/><W126/><G126/><T18/><D125/><U109/><E94/><V129/><F129/><W9/><G9/><T117/><D10/><U124/><E124/><V53/><F67/><W49/><G49/><T65/><D65/><U116/><E116/><V24/><F22/><W120/><G120/><T35/><D117/><U132/><E132/><V12/><F24/><W63/><G63/><T59/><D33/><U61/><E61/><V25/><F25/><W48/><G48/><T73/><D35/><U107/><E107/><V57/><F57/><W28/><G28/><T84/><D59/><U11/><E20/><V16/><F19/><W81/><G81/><T26/><D60/><U93/><E36/><V101/><F82/><W42/><G42/><T50/><D40/><U15/><E41/><V7/><AGARI ba="0,1" hai="4,5,7,12,16,21,53,56,62,88,95,96,101,103" machi="7" ten="30,8000,1" yaku="0,1,8,1,52,1,54,2" doraHai="8" who="2" fromWho="2" sc="245,-20,247,-40,261,90,237,-20" /><INIT seed="2,0,0,4,3,0" ten="225,207,351,217" oya="2" hai0="98,8,28,30,110,83,61,1,14,37,33,125,93" hai1="49,91,56,55,66,118,17,106,111,2,58,82,4" hai2="35,39,36,72,78,5,114,10,94,62,15,38,103" hai3="130,65,68,95,81,107,31,126,73,116,32,63,69"/><V20/><F35/><W27/><G116/><T92/><D110/><U99/><E118/><V128/><F114/><W67/><G126/><T24/><D125/><U122/><E111/><V102/><F128/><W29/><G130/><T44/><D1/><U97/><E122/><V74/><F62/><W25/><G107/><T88/><D28/><U47/><E106/><V12/><F78/><W85/><G95/><T11/><D61/><N who="1" m="38199" /><E2/><V42/><F42/><W41/><G41/><T129/><D129/><U45/><E17/><V119/><F119/><W53/><G53/><T34/><D34/><U6/><E82/><V54/><F54/><W71/><G73/><T90/><D83/><U105/><E105/><V59/><F59/><W135/><G67/><T76/><D76/><U22/><E22/><V57/><F57/><W19/><G19/><T70/><D70/><U96/><E91/><V50/><F50/><W101/><G135/><T131/><D131/><U121/><E121/><V133/><F133/><W113/><G101/><T124/><D124/><U7/><AGARI ba="0,0" hai="4,6,7,45,47,49,55,56,96,97,99" m="38199" machi="7" ten="30,7900,0" yaku="8,1,52,3" doraHai="0" who="1" fromWho="1" sc="225,-20,207,79,351,-39,217,-20" /><INIT seed="3,0,0,1,2,129" ten="205,286,312,197" oya="3" hai0="81,98,117,115,2,11,10,58,27,35,62,1,41" hai1="24,32,57,122,40,36,48,71,61,130,3,37,69" hai2="84,120,78,94,73,13,107,104,127,110,21,8,79" hai3="109,131,17,114,51,50,7,49,12,88,0,25,83"/><W26/><G114/><T93/><D117/><U54/><E3/><V113/><F113/><W30/><G131/><T28/><D115/><U86/><E86/><V80/><F120/><W119/><G119/><T14/><D10/><U89/><E89/><V38/><F38/><N who="1" m="14953" /><E24/><N who="3" m="9322" /><G109/><T106/><D41/><U70/><E32/><V111/><F127/><W34/><G34/><T112/><D81/><U18/><E18/><N who="2" m="8487" /><F21/><N who="3" m="11431" /><G0/><T74/><D74/><U45/><E130/><V9/><F9/><W118/><G118/><T55/><D106/><U102/><E102/><V53/><F53/><W108/><G108/><N who="2" m="41513" /><F79/><W101/><G101/><T96/><D112/><U116/><E116/><V100/><F84/><N who="3" m="50207" /><G7/><T52/><D1/><U15/><E15/><V22/><F22/><W90/><G90/><T20/><D2/><U132/><E122/><V67/><F67/><W105/><G105/><T42/><D35/><U82/><E82/><V56/><F56/><W23/><G23/><T60/><D58/><U125/><E125/><V135/><F100/><W92/><G92/><T128/><D93/><U47/><E47/><V87/><F94/><W6/><G6/><N who="0" m="3447" /><D128/><U66/><E66/><V99/><F107/><W19/><G19/><T76/><D76/><U77/><E77/><V91/><F73/><W5/><G5/><T39/><D98/><U29/><E29/><AGARI ba="0,0" hai="29,30,49,50,51" m="50207,11431,9322" machi="29" ten="30,2900,0" yaku="8,1,54,1" doraHai="129" who="3" fromWho="1" sc="205,0,286,-29,312,0,197,29" /><INIT seed="3,1,0,3,3,23" ten="205,257,312,226" oya="3" hai0="53,122,22,17,11,4,21,91,3,118,81,42,77" hai1="52,66,49,61,89,34,99,115,90,69,44,68,86" hai2="103,95,13,12,117,65,54,30,67,88,82,39,121" hai3="56,132,80,2,27,46,106,31,87,20,127,71,36"/><W79/><G71/><T32/><D122/><U6/><E115/><V102/><F39/><W131/><G106/><T108/><D118/><U78/><E34/><V55/><F30/><W10/><G127/><T25/><D108/><U101/><E6/><V93/><F82/><W128/><G132/><T83/><D32/><U41/><E69/><V123/><F88/><W111/><G111/><T29/><D42/><U60/><E78/><V38/><F38/><W119/><G119/><AGARI ba="1,0" hai="12,13,54,55,65,67,93,95,102,103,117,119,121,123" machi="119" ten="25,1600,0" yaku="22,2" doraHai="23" who="2" fromWho="3" sc="205,0,257,0,312,19,226,-19" owari="205,-29.0,257,6.0,331,42.0,207,-19.0" /></mjloggm>