<mjloggm ver="2.3"><GO type="169" lobby="0"/><UN n0="%52%45%49%4E%E6%A3%AE%E4%B9%85%E4%BF%9D%50" n1="%77%72%77%72%77%72%77%72" n2="%E3%81%96%E3%82%8A%E3%81%8C%E3%81%AB%E3%81%8F%E3%82%93" n3="%E7%94%9F%E3%81%97%E3%82%89%E3%81%99" dan="16,17,17,16" rate="2118.16,2178.58,2206.10,2078.80" sx="M,M,M,M"/><TAIKYOKU oya="0"/><INIT seed="0,0,0,3,2,10" ten="250,250,250,250" oya="0" hai0="87,58,7,46,60,120,125,135,11,93,62,75,44" hai1="65,86,85,114,81,51,130,32,64,0,122,79,132" hai2="4,73,98,74,61,77,134,127,3,13,9,89,107" hai3="71,108,8,123,47,34,109,67,106,105,16,57,43"/><T49/><D75/><U113/><E122/><V31/><F134/><W116/><G116/><T39/><D120/><U68/><E0/><V100/><F127/><W129/><G34/><T96/><D135/><U21/><E32/><V50/><F77/><W78/><G71/><T15/><D87/><U70/><E130/><V69/><F89/><W40/><G78/><T110/><D110/><N who="3" m="42601" /><G129/><T103/><D125/><U88/><E51/><V54/><F31/><W131/><G131/><T124/><D124/><U112/><E21/><V72/><F3/><W19/><G43/><T101/><D101/><U63/><E132/><V28/><F28/><W90/><G90/><T91/><D103/><U17/><E17/><N who="3" m="6730" /><G8/><T55/><D39/><U82/><REACH who="1" step="1"/><E65/><REACH who="1" ten="250,240,250,250" step="2"/><V126/><F126/><W104/><G123/><T22/><D22/><U20/><E20/><V76/><F61/><AGARI ba="0,1" hai="7,11,15,44,46,49,55,58,60,61,62,91,93,96" machi="61" ten="40,3900,0" yaku="8,1,52,1" doraHai="10" who="0" fromWho="2" sc="250,49,240,0,250,-39,250,0" /><INIT seed="0,1,0,2,0,53" ten="299,240,211,250" oya="0" hai0="10,54,131,76,12,96,110,127,80,25,70,16,71" hai1="55,22,129,18,45,5,14,66,75,57,24,20,133" hai2="7,116,74,59,125,13,46,47,64,114,65,51,102" hai3="56,82,105,98,72,122,135,8,52,115,90,78,1"/><T6/><D131/><U91/><E129/><V15/><F74/><W95/><G135/><T109/><D127/><U77/><E133/><V30/><F114/><W112/><G122/><T40/><D40/><U123/><E123/><V67/><F125/><W81/><G81/><T103/><D54/><U94/><E66/><V19/><F116/><W126/><G126/><T97/><D97/><U48/><E77/><V17/><F7/><W23/><G23/><N who="0" m="13543" /><D80/><U38/><E75/><V32/><F102/><W29/><G29/><T73/><D76/><U11/><E22/><V36/><F30/><W35/><G35/><T79/><D79/><U83/><E83/><V26/><F26/><W62/><REACH who="3" step="1"/><G105/><REACH who="3" ten="299,240,211,240" step="2"/><N who="0" m="63719" /><D73/><U27/><E38/><V69/><F32/><W120/><G120/><T41/><D41/><U119/><E119/><V39/><F39/><W113/><G113/><T33/><D33/><U106/><E106/><V3/><F36/><W93/><G93/><T60/><D60/><U42/><E42/><V134/><F134/><W68/><G68/><T58/><D58/><U84/><E45/><V118/><F69/><W0/><G0/><AGARI ba="1,1" hai="0,5,11,14,18,20,24,27,48,55,57,84,91,94" machi="0" ten="30,7700,0" yaku="7,1,25,2,52,1" doraHai="53" who="1" fromWho="3" sc="299,0,240,90,211,0,240,-80" /><INIT seed="1,0,0,5,3,99" ten="299,330,211,160" oya="1" hai0="131,23,45,102,18,73,55,5,62,24,80,49,89" hai1="120,109,14,61,112,34,52,36,97,90,74,82,4" hai2="111,98,103,101,13,78,42,75,133,54,26,3,21" hai3="124,125,17,56,27,104,115,93,8,130,96,29,43"/><U79/><E120/><V46/><F111/><W25/><G104/><T100/><D131/><U132/><E112/><V71/><F3/><W123/><G123/><T86/><D73/><U91/><E34/><V114/><F133/><W40/><G115/><T134/><D134/><U44/><E109/><V48/><F114/><W6/><G17/><T57/><REACH who="0" step="1"/><D5/><REACH who="0" ten="289,330,211,160" step="2"/><U65/><E4/><V126/><F126/><W51/><G130/><T39/><D39/><U77/><E36/><V67/><F75/><W117/><G125/><T92/><D92/><U105/><E74/><V95/><F78/><W63/><G93/><T72/><D72/><U68/><E105/><V107/><F107/><W110/><G6/><T30/><D30/><U0/><E79/><V76/><F76/><W135/><G124/><T32/><D32/><U38/><E77/><V118/><F118/><W20/><G117/><T60/><D60/><U85/><E38/><V84/><F95/><W69/><G63/><T15/><D15/><U66/><E14/><V81/><F13/><W10/><G135/><T22/><D22/><U7/><E132/><V9/><F21/><W37/><G20/><T128/><D128/><U28/><E28/><V122/><F122/><W116/><G29/><T2/><D2/><U87/><E7/><V31/><F31/><W83/><G116/><T19/><D19/><U106/><E0/><V12/><F12/><W59/><G110/><T94/><D94/><U70/><E106/><V50/><F26/><W113/><G27/><T58/><D58/><U88/><E61/><V119/><F119/><RYUUKYOKU ba="0,1" sc="289,30,330,-10,211,-10,160,-10" hai0="18,23,24,45,49,55,57,62,80,86,89,100,102" /><INIT seed="2,1,1,1,1,61" ten="319,320,201,150" oya="2" hai0="98,45,83,43,124,4,49,129,114,21,115,12,135" hai1="67,53,74,24,52,47,39,10,96,121,16,91,73" hai2="127,119,93,35,128,103,97,28,92,118,23,0,76" hai3="1,40,106,99,123,54,126,79,77,59,31,94,85"/><V110/><F35/><W117/><G117/><T44/><D129/><U57/><E121/><V51/><F0/><W38/><G1/><T107/><D124/><U88/><E39/><V7/><F7/><W50/><G123/><T25/><D135/><U108/><E108/><V80/><F128/><W131/><G131/><T20/><D20/><N who="1" m="13319" /><E10/><V122/><F122/><W30/><G106/><T95/><D107/><U111/><E111/><V68/><F68/><W13/><G40/><T86/><D44/><U32/><E32/><V37/><F37/><W71/><G71/><T125/><D125/><U55/><E73/><V17/><F110/><W36/><G36/><T72/><D72/><U66/><E74/><V100/><F28/><N who="3" m="10795" /><G38/><T69/><D69/><U33/><E47/><V41/><F127/><W81/><G13/><T65/><D65/><N who="1" m="24587" /><E33/><V132/><F132/><W116/><G116/><T101/><D25/><U19/><E19/><V82/><F17/><W102/><G126/><T26/><D26/><U84/><E96/><V8/><F8/><W109/><G109/><T63/><D114/><U22/><E22/><V89/><F23/><W120/><G120/><T6/><D115/><U34/><E34/><V3/><F3/><W130/><G130/><T62/><D21/><U29/><E29/><V75/><F119/><W56/><G56/><T70/><D70/><U105/><E105/><V87/><F118/><W11/><G11/><N who="0" m="4199" /><D6/><U113/><E113/><V78/><F97/><W104/><G104/><T46/><D46/><U15/><E15/><V2/><F2/><W58/><G58/><RYUUKYOKU ba="1,1" sc="319,15,320,-15,201,-15,150,15" hai0="43,45,49,62,63,83,86,95,98,101" hai3="50,54,59,77,79,81,85,94,99,102" /><INIT seed="3,2,1,2,5,110" ten="334,305,186,165" oya="3" hai0="43,72,17,2,74,93,57,3,80,66,16,11,69" hai1="91,37,75,15,58,36,25,127,92,64,134,31,46" hai2="23,116,118,63,30,34,120,13,129,113,41,84,59" hai3="95,54,42,103,21,99,107,105,50,104,133,67,44"/><W48/><G133/><T121/><D69/><U62/><E75/><V45/><F129/><W35/><G35/><T100/><D121/><U22/><E127/><V7/><F120/><W0/><G0/><T112/><D112/><U73/><E73/><V82/><F113/><W39/><G67/><T5/><D3/><U111/><E111/><V65/><F34/><W79/><G79/><T108/><D108/><U88/><E91/><V89/><F30/><W14/><G14/><T126/><D43/><U123/><E134/><V109/><F109/><W130/><G130/><T29/><D29/><U122/><E37/><V70/><F70/><W52/><G21/><T135/><D135/><U51/><E36/><V68/><F68/><W9/><G9/><T77/><D74/><U132/><E15/><V55/><F65/><W33/><G33/><T10/><D126/><U40/><REACH who="1" step="1"/><E132/><REACH who="1" ten="334,295,186,165" step="2"/><V81/><F118/><W115/><G115/><T85/><D72/><U8/><E8/><V114/><F116/><W87/><G87/><AGARI ba="2,2" hai="22,25,31,40,46,51,58,62,64,87,88,92,122,123" machi="87" ten="30,7700,0" yaku="1,1,7,1,54,1,53,1" doraHai="110" doraHaiUra="27" who="1" fromWho="3" sc="334,0,295,103,186,0,165,-83" /><INIT seed="4,0,0,4,5,132" ten="334,398,186,82" oya="0" hai0="63,96,21,76,85,43,122,52,66,72,131,89,94" hai1="111,100,82,39,56,101,91,65,118,134,86,80,50" hai2="0,40,67,41,1,17,123,19,102,15,2,34,3" hai3="117,32,4,133,78,84,59,73,110,92,31,108,93"/><T33/><D122/><U42/><E111/><V45/><N who="2" m="0" /><DORA hai="83" /><V61/><F123/><W48/><G4/><T22/><D33/><U26/><E39/><V30/><F102/><W119/><G32/><T44/><D131/><U68/><E68/><V64/><F34/><W116/><G31/><T75/><D72/><U51/><E118/><V70/><F30/><W49/><G133/><T115/><D75/><U23/><E134/><V103/><F103/><W53/><G73/><T129/><D129/><U104/><E104/><V55/><F67/><W125/><G125/><T35/><D115/><U47/><E82/><V81/><F81/><W105/><G105/><T10/><D35/><U12/><E12/><V106/><F106/><W14/><G14/><T88/><D76/><U74/><E74/><V71/><F71/><W20/><G20/><T113/><D10/><U90/><E90/><V8/><REACH who="2" step="1"/><F19/><REACH who="2" ten="334,398,176,82" step="2"/><W13/><G108/><T11/><D66/><U120/><E120/><V99/><F99/><W7/><G110/><T9/><D113/><U28/><E65/><V97/><F97/><W16/><G7/><T38/><D9/><U6/><E6/><V130/><F130/><W60/><G78/><T57/><D11/><U24/><E100/><V121/><F121/><W58/><G93/><AGARI ba="0,1" hai="21,22,38,43,44,52,57,63,85,88,89,93,94,96" machi="93" ten="30,11600,0" yaku="7,1,52,1,54,2" doraHai="132,83" who="0" fromWho="3" sc="334,126,398,0,176,0,82,-116" owari="460,55.0,398,20.0,176,-22.0,-34,-53.0" /></mjloggm>