<mjloggm ver="2.3"><GO type="185" lobby="0"/><UN n0="%70%6F%6E%5F%6B%61%73%75" n1="%E3%82%A2%E3%83%AA%E3%82%A2%E3%83%AA%E5%90%9B" n2="%E5%BD%A9%E3%83%B6%E4%BA%AD" n3="" dan="16,16,16,0" rate="2172.66,2246.31,2141.03,1500.00" sx="M,M,M,C"/><TAIKYOKU oya="0"/><INIT seed="0,0,0,3,0,104" ten="350,350,350,0" oya="0" hai0="37,75,43,87,52,74,99,100,105,76,91,50,47" hai1="62,2,51,135,125,121,88,108,93,92,59,107,67" hai2="38,134,113,78,103,127,34,96,117,102,57,80,42" hai3=""/><T40/><D76/><U72/><N who="1" m="31008" /><U66/><E2/><V44/><F34/><T101/><D100/><U83/><E125/><V126/><F113/><T95/><D43/><U60/><E107/><V53/><F134/><T68/><D68/><U133/><E108/><V116/><F102/><T54/><D54/><U132/><E51/><V124/><F53/><T39/><D39/><U32/><E32/><V119/><F57/><AGARI ba="0,0" hai="37,40,47,50,52,57,74,75,87,91,95,99,101,105" machi="57" ten="30,11600,0" yaku="7,1,52,2,54,1" doraHai="104" who="0" fromWho="2" sc="350,116,350,0,350,-116,0,0" /><INIT seed="0,1,0,0,4,110" ten="466,350,234,0" oya="0" hai0="54,84,80,67,49,85,83,99,33,81,111,82,0" hai1="94,73,57,89,124,116,55,91,72,59,53,42,79" hai2="108,103,51,34,1,121,78,58,126,3,93,40,123" hai3=""/><T129/><D0/><U74/><E116/><V105/><N who="2" m="31008" /><V76/><N who="2" m="31520" /><V32/><F105/><T43/><D33/><U41/><E79/><V101/><F58/><T106/><D111/><U50/><E124/><V46/><F108/><T125/><D125/><U135/><E135/><V56/><F126/><T70/><D43/><U112/><E112/><V52/><F34/><T2/><D2/><U64/><E64/><V107/><F32/><T63/><D129/><U104/><E104/><V60/><F1/><T120/><N who="0" m="30752" /><T102/><N who="0" m="20480" /><DORA hai="90" /><T45/><AGARI ba="1,0" hai="45,49,54,63,67,70,84,85,99,102,106" m="20480,30752" machi="45" ten="40,5200,0" yaku="4,1,0,1,52,1" doraHai="110,90" who="0" fromWho="0" sc="466,54,350,-27,234,-27,0,0" /><INIT seed="0,2,0,5,3,123" ten="520,323,207,0" oya="0" hai0="73,124,32,2,56,122,49,64,98,69,45,77,82" hai1="78,105,61,57,66,59,116,72,103,111,83,117,81" hai2="47,52,127,106,92,113,34,74,50,35,70,102,60" hai3=""/><T100/><N who="0" m="31264" /><T55/><D2/><U51/><E111/><V121/><N who="2" m="31008" /><V120/><N who="2" m="30752" /><V110/><F113/><T1/><D1/><U115/><E115/><V107/><F127/><T132/><D124/><U112/><E112/><V58/><F70/><T37/><D32/><U84/><E103/><V108/><F74/><T90/><D132/><U42/><E105/><N who="2" m="39947" /><F102/><T130/><D100/><U91/><E42/><V101/><F92/><T38/><D69/><U80/><E51/><V95/><F95/><T43/><D64/><U33/><E33/><V0/><F101/><T89/><D98/><U48/><E48/><V53/><F0/><T88/><REACH who="0" step="1"/><D130/><REACH who="0" ten="510,323,207,0" step="2"/><U54/><E117/><V135/><F135/><T94/><D94/><U131/><E116/><V85/><F85/><T109/><D109/><AGARI ba="2,1" hai="34,35,47,50,52,53,58,60,108,109,110" m="39947,30752,31008" machi="109" ten="30,12000,2" yaku="14,1,52,5,54,1" doraHai="123" who="2" fromWho="0" sc="510,-124,323,0,207,134,0,0" /><INIT seed="1,0,0,2,4,104" ten="386,323,341,0" oya="1" hai0="77,73,113,46,43,38,71,103,127,91,34,36,133" hai1="107,100,67,115,2,41,70,123,84,82,75,44,94" hai2="1,83,128,130,72,126,86,79,78,97,112,98,95" hai3=""/><U96/><N who="1" m="31520" /><U85/><E2/><V63/><F1/><T117/><D113/><U47/><E115/><V93/><F63/><T64/><D34/><U76/><E67/><V132/><F112/><T81/><D133/><U124/><E70/><V87/><F132/><T45/><D127/><U116/><E116/><V0/><F0/><T134/><D134/><U39/><E124/><V118/><F118/><T74/><D103/><U42/><REACH who="1" step="1"/><E107/><REACH who="1" ten="386,313,341,0" step="2"/><V102/><F126/><T60/><D117/><U32/><E32/><V120/><N who="2" m="30752" /><V131/><REACH who="2" step="1"/><F78/><REACH who="2" ten="386,313,331,0" step="2"/><T119/><D119/><U35/><E35/><V125/><F125/><T89/><D77/><U65/><E65/><V114/><F114/><T135/><D135/><U106/><E106/><V48/><F48/><AGARI ba="0,2" hai="39,41,42,44,47,48,75,76,82,84,85,94,96,100" m="31520" machi="48" ten="30,11600,0" yaku="1,1,7,1,52,2,53,0" doraHai="104" doraHaiUra="121" who="1" fromWho="2" sc="386,0,313,136,331,-116,0,0" /><INIT seed="1,1,0,5,1,131" ten="386,449,215,0" oya="1" hai0="109,66,130,120,72,69,3,93,107,97,82,38,88" hai1="95,118,89,51,92,62,96,98,83,87,33,65,52" hai2="1,115,85,119,34,73,108,74,68,53,90,50,134" hai3=""/><U43/><E33/><V41/><F1/><T129/><N who="0" m="30752" /><T100/><D3/><U48/><E43/><V127/><F119/><T47/><D109/><U2/><E2/><V35/><F68/><T106/><D38/><U55/><E118/><V81/><F115/><T102/><D47/><U64/><E64/><V78/><F127/><T91/><D66/><U76/><E51/><V132/><F73/><T54/><D54/><U67/><E48/><V49/><F41/><T117/><D69/><U32/><E32/><N who="2" m="12331" /><F53/><T40/><D40/><U59/><REACH who="1" step="1"/><E55/><REACH who="1" ten="386,439,215,0" step="2"/><V56/><F56/><T84/><D117/><U63/><E63/><V44/><F44/><T71/><D71/><U37/><E37/><V128/><F128/><T60/><D60/><U133/><E133/><N who="2" m="51307" /><F108/><T45/><D45/><U113/><E113/><V86/><F74/><T135/><D135/><U105/><E105/><V61/><F61/><T123/><D130/><U116/><E116/><V124/><F124/><T99/><D129/><U42/><E42/><V94/><AGARI ba="1,1" hai="49,50,78,81,85,86,90,94" m="51307,12331" machi="94" ten="30,5900,0" yaku="20,1,52,3" doraHai="131" who="2" fromWho="2" sc="386,-21,439,-40,215,71,0,0" /><INIT seed="2,0,0,4,1,81" ten="365,399,286,0" oya="2" hai0="104,72,125,48,57,84,49,79,70,85,129,47,44" hai1="35,71,52,118,36,92,0,68,37,110,3,97,53" hai2="90,60,41,114,32,74,73,64,130,78,34,40,43" hai3=""/><V120/><N who="2" m="30752" /><V127/><F114/><T107/><D70/><U59/><E35/><V51/><F130/><T102/><D129/><U109/><E118/><V62/><F127/><T135/><D125/><U61/><E71/><V38/><F38/><T39/><D135/><U122/><N who="1" m="31264" /><U101/><E68/><V119/><F119/><T100/><D39/><U80/><E80/><V63/><F78/><T66/><D79/><U46/><E37/><V45/><F90/><T69/><D69/><U75/><E75/><V50/><F64/><T134/><D57/><U86/><E86/><V124/><F124/><T123/><N who="0" m="31520" /><T99/><D72/><U113/><E113/><V121/><N who="2" m="31008" /><V55/><F74/><T76/><D76/><U65/><E36/><V98/><F98/><T132/><D99/><U42/><E42/><V88/><F88/><T2/><D66/><U96/><E97/><V128/><F73/><T117/><D117/><U111/><REACH who="1" step="1"/><E46/><REACH who="1" ten="365,389,286,0" step="2"/><V83/><F128/><T1/><AGARI ba="0,1" hai="1,2,44,47,48,49,84,85,100,102,104,107,132,134" m="31520" machi="1" ten="25,9000,2" yaku="0,1,22,2,52,3" doraHai="81" who="0" fromWho="0" sc="365,100,389,-30,286,-60,0,0" /><INIT seed="4,0,0,5,0,79" ten="465,359,226,0" oya="0" hai0="134,81,86,111,100,120,44,36,1,63,73,82,65" hai1="126,107,102,70,74,35,80,50,113,60,94,90,114" hai2="2,92,46,110,112,34,96,58,39,33,76,47,59" hai3=""/><T57/><N who="0" m="30752" /><T108/><D1/><U124/><E35/><V69/><F69/><T75/><D134/><U40/><E107/><V45/><F39/><T130/><D130/><U116/><E116/><V51/><F2/><T101/><D36/><U37/><E37/><V53/><F110/><N who="0" m="42026" /><D44/><U91/><E102/><N who="0" m="39529" /><D81/><U128/><E128/><V67/><F33/><T88/><AGARI ba="0,0" hai="57,63,65,73,75,82,86,88" m="39529,42026,30752" machi="88" ten="30,7800,0" yaku="10,1,52,2,54,1" doraHai="79" who="0" fromWho="0" sc="465,78,359,-39,226,-39,0,0" /><INIT seed="4,1,0,5,2,49" ten="543,320,187,0" oya="0" hai0="129,69,44,89,119,45,33,73,130,82,40,112,98" hai1="81,54,46,113,91,43,42,35,71,96,41,75,70" hai2="109,51,122,125,58,74,110,94,64,39,92,87,128" hai3=""/><T3/><D33/><U123/><N who="1" m="31520" /><U79/><E35/><V47/><N who="2" m="31264" /><V135/><F74/><T32/><D119/><U117/><E117/><V116/><F116/><T37/><D3/><U95/><E113/><V2/><F2/><T104/><D112/><U111/><E111/><V105/><F105/><T65/><D32/><U127/><E127/><V59/><F125/><T61/><D45/><U124/><E124/><V48/><F39/><T68/><D68/><U93/><E46/><V132/><F87/><T57/><D89/><U115/><E115/><V103/><F103/><T126/><D126/><U53/><REACH who="1" step="1"/><E95/><REACH who="1" ten="543,310,187,0" step="2"/><V121/><N who="2" m="31008" /><V102/><F47/><T52/><D104/><U101/><E101/><V84/><F102/><T56/><D44/><U62/><E62/><V133/><F94/><T97/><D61/><U78/><E78/><V85/><F92/><T66/><D37/><U86/><E86/><V36/><F36/><T63/><D63/><U67/><E67/><V72/><F64/><T99/><D65/><U114/><E114/><V120/><N who="2" m="30752" /><V77/><F77/><T118/><D66/><U100/><E100/><V134/><F133/><T0/><D118/><U76/><E76/><V1/><F134/><RYUUKYOKU ba="1,1" sc="543,-10,310,20,187,-10,0,0" hai1="41,42,43,53,54,70,71,75,79,81,91,93,96" /><INIT seed="5,2,1,5,1,88" ten="533,330,177,0" oya="1" hai0="71,86,34,94,45,83,1,110,118,63,127,108,66" hai1="0,73,79,82,130,78,123,109,47,62,115,122,97" hai2="120,49,113,114,128,33,37,72,56,80,95,61,38" hai3=""/><U84/><N who="1" m="31264" /><U2/><N who="1" m="31520" /><U107/><E109/><V91/><N who="2" m="30752" /><V134/><F33/><T74/><D34/><U40/><E130/><V65/><F128/><T87/><D1/><U93/><E115/><N who="2" m="44043" /><F134/><T44/><D74/><U36/><E107/><V100/><F100/><T52/><D118/><U103/><REACH who="1" step="1"/><E62/><REACH who="1" ten="533,320,177,0" step="2"/><V129/><F129/><T124/><D110/><U50/><E50/><V75/><F49/><T55/><D108/><U92/><E92/><V125/><F125/><T133/><D94/><U101/><E101/><V59/><F37/><T39/><D39/><U121/><N who="1" m="31008" /><U102/><E102/><V54/><F38/><T43/><D127/><U104/><E104/><V77/><F80/><AGARI ba="2,2" hai="0,2,36,40,47,73,78,79,80,82,84,93,97,103" m="31008,31520,31264" machi="80" ten="40,12000,1" yaku="1,1,52,4,53,0" doraHai="88" doraHaiUra="111" who="1" fromWho="2" sc="533,0,320,144,177,-124,0,0" /><INIT seed="5,3,0,0,4,60" ten="533,464,53,0" oya="1" hai0="98,79,96,89,127,100,88,114,75,68,132,92,55" hai1="113,65,34,78,124,122,115,101,120,81,111,69,94" hai2="95,129,105,107,99,125,97,130,87,45,0,106,70" hai3=""/><U112/><N who="1" m="30752" /><U64/><N who="1" m="31264" /><U71/><E34/><V48/><F70/><N who="1" m="26633" /><E111/><V77/><F0/><T58/><D68/><U102/><E124/><V82/><F125/><T119/><D127/><U80/><E80/><V43/><REACH who="2" step="1"/><F99/><REACH who="2" ten="533,464,43,0" step="2"/><T56/><D98/><U84/><E94/><V108/><F108/><T74/><D92/><U123/><N who="1" m="31520" /><U1/><E1/><V83/><F83/><T85/><D96/><U76/><E76/><V54/><F54/><T72/><D55/><U90/><E78/><V131/><F131/><T62/><D79/><U118/><E118/><V104/><N who="2" m="26624" /><DORA hai="50" /><V46/><F46/><T52/><D52/><U51/><E51/><V67/><F67/><AGARI ba="3,1" hai="64,65,67,81,84,90,101,102,112,113,115" m="31520,26633,31264,30752" machi="67" ten="40,18000,2" yaku="15,1,52,6" doraHai="60,50" who="1" fromWho="2" sc="533,0,464,196,43,-186,0,0" owari="533,13.0,660,61.0,-143,-74.0,0,0.0" /></mjloggm>