<mjloggm ver="2.3"><GO type="169" lobby="0"/><UN n0="%E5%8D%97%E5%B8%9D%E5%8D%97%E6%B5%A6" n1="%E2%80%A0%E7%99%BD%E5%85%8E%E2%80%A0" n2="%E6%84%9B%E5%86%85%E9%87%8C%E8%8F%9C" n3="%E3%83%AD%E3%83%83%E3%82%BD" dan="16,16,18,17" rate="2093.87,2153.44,2170.74,2154.82" sx="F,M,F,F"/><TAIKYOKU oya="0"/><INIT seed="0,0,0,3,1,134" ten="250,250,250,250" oya="0" hai0="44,107,126,115,69,33,61,89,68,86,37,3,8" hai1="32,109,58,122,53,106,119,52,35,51,94,100,120" hai2="14,29,129,9,118,92,110,77,49,88,0,67,22" hai3="74,45,108,25,2,7,46,105,17,91,95,38,20"/><T36/><D107/><U87/><E119/><V98/><F118/><W112/><G112/><T104/><D104/><U24/><E109/><V47/><F110/><W78/><G108/><T5/><D33/><U90/><E106/><V31/><F129/><W10/><G105/><T101/><D101/><U27/><E100/><V81/><F0/><W26/><G38/><T50/><D115/><U43/><E43/><V39/><F67/><W56/><G78/><T1/><D1/><U132/><E132/><V63/><F63/><W64/><G74/><T54/><D126/><U11/><E11/><V12/><F39/><W48/><G26/><T131/><D131/><U60/><E27/><V72/><F22/><W66/><G56/><T125/><D125/><U30/><REACH who="1" step="1"/><E32/><REACH who="1" ten="250,240,250,250" step="2"/><V76/><F14/><W42/><REACH who="3" step="1"/><G46/><AGARI ba="0,1" hai="24,30,35,46,51,52,53,58,60,87,90,94,120,122" machi="46" ten="30,7700,0" yaku="1,1,2,1,7,1,54,1,53,0" doraHai="134" doraHaiUra="96" who="1" fromWho="3" sc="250,0,240,87,250,0,250,-77" /><INIT seed="1,0,0,5,4,101" ten="250,327,250,173" oya="1" hai0="41,134,21,2,18,110,93,61,118,122,66,38,33" hai1="60,102,52,40,48,92,69,104,11,72,64,3,130" hai2="24,97,85,58,16,1,73,82,53,63,96,10,55" hai3="65,39,75,124,76,108,98,114,42,27,89,31,100"/><U29/><E130/><V45/><F73/><W116/><G114/><T84/><D118/><U30/><E72/><V49/><F1/><W71/><G89/><T23/><D110/><U79/><E79/><V50/><F63/><N who="3" m="40383" /><G108/><T34/><D2/><U111/><E92/><V105/><F105/><N who="3" m="63639" /><G124/><T103/><D134/><U44/><E111/><V26/><F26/><W17/><G17/><T99/><D122/><U62/><E3/><V5/><F5/><W132/><G132/><T95/><D23/><U68/><E11/><V77/><REACH who="2" step="1"/><F24/><REACH who="2" ten="250,327,240,173" step="2"/><W120/><G120/><T117/><D117/><U86/><E29/><V9/><F9/><W123/><G123/><T106/><D106/><U19/><E30/><V46/><F46/><W8/><G8/><T35/><D61/><U22/><E22/><V119/><F119/><W112/><G116/><T6/><D6/><U25/><E25/><V36/><F36/><W54/><G112/><T113/><D18/><U12/><E19/><V128/><F128/><W37/><G27/><T127/><D127/><U70/><E62/><V4/><F4/><W28/><G28/><T115/><D113/><U47/><E60/><V59/><F59/><W51/><G31/><T87/><D115/><U107/><E64/><V90/><F90/><W121/><G121/><T32/><N who="0" m="8192" /><DORA hai="135" /><T15/><D15/><AGARI ba="0,1" hai="10,15,16,45,49,50,53,55,58,77,82,85,96,97" machi="15" ten="40,8000,1" yaku="1,1,8,1,54,1,53,2" doraHai="101,135" doraHaiUra="94,133" who="2" fromWho="0" sc="250,-80,327,0,240,90,173,0" /><INIT seed="2,0,0,3,2,68" ten="170,327,330,173" oya="2" hai0="1,79,73,122,70,41,63,91,11,127,51,133,34" hai1="95,72,25,38,115,44,102,13,20,101,56,45,37" hai2="94,50,8,111,53,28,4,110,17,2,103,30,23" hai3="128,16,52,135,74,119,35,97,98,81,120,64,39"/><V105/><F105/><W124/><G119/><T58/><D122/><U43/><E115/><V129/><F103/><W77/><G120/><T61/><D127/><U96/><E72/><V123/><F94/><W46/><G35/><T106/><D106/><U112/><E112/><V84/><F84/><W113/><G113/><T33/><D70/><U85/><E13/><V65/><F65/><W0/><G124/><T42/><D133/><U89/><E56/><V32/><F123/><W59/><G64/><T93/><D79/><U21/><E102/><V90/><F90/><W83/><G135/><T57/><D73/><U27/><E27/><N who="2" m="14831" /><F32/><W121/><G121/><T88/><D1/><U54/><E25/><V92/><F92/><W19/><G128/><T134/><D93/><U82/><E54/><V104/><F104/><W86/><G0/><T5/><D134/><U76/><E101/><V75/><F75/><W29/><G29/><T131/><D131/><U31/><E31/><V126/><F126/><W26/><G26/><T55/><D51/><U10/><E89/><V125/><F125/><W100/><G100/><T40/><D5/><U60/><E95/><V80/><F80/><W107/><G107/><T22/><D11/><U117/><E10/><V99/><F99/><N who="3" m="37899" /><G83/><T47/><D47/><U116/><E96/><V66/><F129/><W14/><G86/><T62/><D55/><U9/><E116/><V108/><F66/><W3/><G3/><T130/><D130/><U78/><E82/><V87/><F87/><W118/><G118/><T48/><D91/><U7/><E117/><RYUUKYOKU ba="0,0" sc="170,-10,327,-10,330,30,173,-10" hai2="2,4,8,28,30,50,53,108,110,111" /><INIT seed="2,1,0,5,0,131" ten="160,317,360,163" oya="2" hai0="80,82,125,130,28,128,44,41,51,89,40,56,47" hai1="4,94,61,96,76,107,14,99,120,72,27,101,50" hai2="52,35,36,46,91,24,78,26,54,6,29,34,122" hai3="55,73,74,60,20,93,22,3,90,42,132,134,62"/><V86/><F122/><W38/><G3/><T121/><D121/><U75/><E120/><V126/><F126/><W103/><G103/><T108/><D108/><U18/><E76/><V65/><F78/><W113/><G113/><T88/><D28/><U43/><E61/><N who="3" m="23658" /><G55/><T59/><REACH who="0" step="1"/><D51/><REACH who="0" ten="150,317,360,163" step="2"/><U19/><E50/><V9/><F29/><W84/><G38/><T5/><D5/><U92/><E4/><V117/><F36/><W104/><G42/><T106/><D106/><U12/><E107/><V127/><F6/><W63/><G104/><T37/><D37/><U71/><E43/><V31/><F31/><W1/><G1/><T11/><D11/><U129/><E19/><V15/><F9/><W124/><G124/><AGARI ba="1,1" hai="40,41,44,47,56,59,80,82,88,89,124,125,128,130" machi="124" ten="25,6400,0" yaku="1,1,22,2,54,1,53,0" doraHai="131" doraHaiUra="81" who="0" fromWho="3" sc="150,77,317,0,360,0,163,-67" /><INIT seed="3,0,0,2,0,133" ten="227,317,360,96" oya="3" hai0="17,45,101,112,57,25,32,52,56,131,129,121,119" hai1="7,37,88,85,124,83,54,69,97,96,0,122,135" hai2="13,61,118,87,95,81,106,73,51,23,50,58,105" hai3="12,90,116,74,26,48,103,53,42,67,16,94,99"/><W2/><G116/><T92/><D119/><U18/><E122/><V66/><F118/><W89/><G2/><T5/><D121/><U78/><E69/><V20/><F106/><W40/><G74/><T22/><D5/><U71/><E71/><V126/><F105/><W84/><G67/><T1/><D1/><U72/><E135/><V3/><F95/><W70/><G26/><T8/><D8/><U111/><E37/><V10/><F73/><W75/><G75/><T9/><D9/><U117/><E7/><V27/><F23/><W91/><G70/><T55/><D32/><U68/><E68/><V62/><F62/><W65/><G65/><T115/><D45/><U47/><E18/><V38/><F38/><W6/><G6/><T31/><D31/><U63/><E0/><V77/><F3/><W19/><G84/><T33/><D33/><U127/><E111/><V104/><F104/><W82/><G82/><T34/><D34/><U108/><E108/><V36/><F36/><W113/><G113/><N who="0" m="43595" /><D92/><U79/><E47/><V132/><F132/><W114/><G114/><T21/><D101/><U64/><E64/><V125/><F81/><W98/><G98/><N who="1" m="37994" /><E72/><V44/><F87/><W59/><REACH who="3" step="1"/><G19/><REACH who="3" ten="227,317,360,86" step="2"/><T11/><D25/><U123/><E117/><V14/><F27/><W109/><G109/><T100/><D17/><U60/><E123/><V24/><F24/><W4/><G4/><T29/><D29/><U43/><E85/><V93/><F66/><W134/><G134/><T107/><D100/><U46/><E83/><V30/><F30/><W130/><G130/><RYUUKYOKU ba="0,1" sc="227,-10,317,-10,360,-10,86,30" hai3="12,16,40,42,48,53,59,89,90,91,94,99,103" /><INIT seed="3,1,1,3,0,81" ten="217,307,350,116" oya="3" hai0="30,106,21,100,99,109,58,105,56,126,1,44,134" hai1="101,91,97,52,90,53,0,111,89,107,84,122,116" hai2="20,118,66,85,27,80,128,10,57,12,47,113,120" hai3="49,76,65,17,67,36,110,79,16,32,73,135,94"/><W37/><G32/><T71/><D126/><U59/><E122/><V48/><F113/><W31/><G31/><T54/><D134/><U42/><E111/><V119/><F128/><W15/><G73/><T7/><D71/><U61/><E116/><V88/><F120/><W72/><G72/><T114/><D109/><U83/><E0/><V93/><F57/><W51/><G110/><T123/><D123/><U125/><E125/><V129/><F66/><W43/><G43/><T33/><D105/><U4/><E4/><V130/><F93/><W26/><G94/><T46/><D33/><U127/><E127/><V69/><F69/><W117/><G15/><T87/><D56/><U96/><E42/><V29/><F130/><W50/><G50/><T2/><D114/><U28/><E28/><V38/><F38/><W82/><G82/><T108/><D108/><U75/><E75/><V13/><F13/><W124/><G124/><T45/><D87/><U8/><E8/><V74/><F74/><W68/><G68/><T60/><D7/><U133/><E133/><V78/><F78/><W86/><G86/><T98/><D98/><U77/><REACH who="1" step="1"/><E96/><REACH who="1" ten="217,297,350,116" step="2"/><V34/><F129/><W63/><G135/><T18/><REACH who="0" step="1"/><D30/><REACH who="0" ten="207,297,350,116" step="2"/><U62/><E62/><V102/><F34/><W25/><REACH who="3" step="1"/><G63/><REACH who="3" ten="207,297,350,106" step="2"/><T9/><D9/><U35/><E35/><V115/><F115/><W5/><G5/><T121/><D121/><U132/><E132/><V14/><F10/><W41/><G41/><T22/><D22/><U24/><E24/><AGARI ba="1,4" hai="1,2,18,21,24,44,45,46,54,58,60,99,100,106" machi="24" ten="40,1300,0" yaku="1,1,53,0" doraHai="81" doraHaiUra="70" who="0" fromWho="1" sc="207,56,297,-16,350,0,106,0" /><INIT seed="4,0,0,4,3,64" ten="263,281,350,106" oya="0" hai0="61,20,11,15,38,10,67,32,122,71,49,34,113" hai1="105,68,8,31,117,66,70,39,52,100,25,4,118" hai2="98,0,23,45,120,88,1,83,48,5,110,79,30" hai3="132,3,103,14,50,51,13,93,127,46,60,101,82"/><T106/><D122/><U80/><E39/><V53/><F110/><W18/><G3/><T76/><D38/><U59/><E80/><V43/><F120/><W73/><G132/><T9/><D113/><U115/><E115/><V33/><F33/><W85/><G73/><T72/><D106/><U22/><E100/><V56/><F5/><W128/><G128/><T125/><D125/><U21/><E21/><V97/><F30/><W74/><G74/><T90/><D49/><U24/><E24/><V109/><F23/><W133/><G133/><T65/><D65/><U19/><E31/><V12/><F12/><W107/><G14/><T89/><D76/><U112/><E105/><V77/><F97/><W62/><G50/><T35/><REACH who="0" step="1"/><D72/><REACH who="0" ten="253,281,350,106" step="2"/><U126/><E112/><V75/><F79/><N who="3" m="46303" /><G107/><T58/><D58/><U36/><E36/><V63/><F109/><W114/><G114/><T84/><D84/><U16/><E126/><V91/><F98/><N who="3" m="59599" /><G127/><T69/><D69/><U86/><E70/><V111/><F111/><W108/><G108/><T54/><D54/><U29/><E86/><V6/><F53/><N who="3" m="29943" /><G62/><T95/><D95/><U124/><E124/><V94/><F56/><W87/><G87/><T26/><D26/><U44/><E66/><V2/><F63/><W81/><G60/><T129/><D129/><U102/><E59/><V104/><F104/><W92/><G81/><T7/><D7/><U130/><E130/><V99/><F6/><W134/><G134/><T17/><AGARI ba="0,1" hai="9,10,11,15,17,20,32,34,35,61,67,71,89,90" machi="17" ten="40,7800,0" yaku="1,1,0,1,52,1,53,0" doraHai="64" doraHaiUra="40" who="0" fromWho="0" sc="253,88,281,-26,350,-26,106,-26" /><INIT seed="4,1,0,2,0,51" ten="341,255,324,80" oya="0" hai0="13,10,132,114,22,101,5,87,66,59,116,39,20" hai1="91,69,28,96,70,112,86,11,118,63,94,85,131" hai2="9,89,62,107,34,26,104,127,61,42,108,128,6" hai3="37,121,12,24,67,65,0,100,82,16,48,54,102"/><T83/><D116/><U81/><E118/><V71/><F108/><W117/><G117/><T29/><D132/><U49/><E131/><V40/><F34/><W43/><G0/><T80/><D39/><U76/><E112/><V99/><F26/><W84/><G121/><T21/><D114/><U55/><E28/><V95/><F128/><W97/><G24/><T53/><D101/><U27/><E27/><V79/><F79/><W123/><G43/><T1/><D66/><U36/><E36/><V115/><F127/><W14/><G14/><T35/><D1/><U78/><E63/><V45/><F62/><W119/><G37/><T52/><D59/><U130/><E11/><V57/><F71/><W120/><G119/><T90/><REACH who="0" step="1"/><D83/><REACH who="0" ten="331,255,324,80" step="2"/><U111/><E130/><V18/><F57/><W50/><G123/><T33/><D33/><U23/><E70/><V113/><F113/><W126/><G120/><T19/><D19/><U68/><E69/><V17/><F17/><W88/><G102/><T2/><D2/><U74/><E68/><V92/><F18/><W75/><G126/><T15/><D15/><U135/><E135/><V41/><F115/><W47/><G75/><T4/><D4/><U77/><E74/><V60/><F6/><W32/><G32/><T38/><D38/><U3/><E3/><V31/><F104/><W129/><G129/><T134/><D134/><U44/><E81/><V125/><F107/><N who="3" m="63887" /><G50/><T58/><D58/><U105/><E105/><V73/><F125/><W109/><G109/><T106/><D106/><U30/><E111/><V133/><F73/><RYUUKYOKU ba="1,1" sc="331,10,255,10,324,-30,80,10" hai0="5,10,13,20,21,22,29,35,52,53,80,87,90" hai1="23,30,44,49,55,76,77,78,85,86,91,94,96" hai3="12,16,47,48,54,65,67,82,84,88" /><INIT seed="4,2,1,5,3,39" ten="341,265,294,90" oya="0" hai0="86,53,57,24,116,67,73,89,112,0,100,61,83" hai1="131,104,16,63,36,3,99,21,75,43,98,134,35" hai2="106,107,12,84,119,96,4,126,80,115,5,97,18" hai3="58,87,7,123,44,28,72,22,105,71,64,129,25"/><T111/><D116/><U33/><E75/><V102/><F119/><W132/><G72/><T108/><D0/><U122/><E122/><V17/><F115/><W30/><G123/><T60/><D112/><U92/><E3/><V127/><F97/><W51/><G71/><T1/><D1/><U31/><E131/><V65/><F65/><W50/><G105/><T90/><D73/><U46/><E134/><V34/><F34/><W55/><G132/><T113/><D100/><U130/><E130/><V23/><F17/><W94/><G7/><T121/><D121/><U76/><E76/><N who="2" m="46087" /><F107/><W41/><G129/><T20/><D90/><U52/><E31/><V62/><F62/><W74/><G74/><T81/><D113/><U19/><E19/><V133/><F133/><W2/><G2/><T125/><D125/><AGARI ba="2,1" hai="4,5,12,18,23,96,102,106,125,126,127" m="46087" machi="125" ten="30,1000,0" yaku="18,1" doraHai="39" who="2" fromWho="0" sc="341,-16,265,0,294,26,90,0" /><INIT seed="5,0,0,1,1,47" ten="325,265,320,90" oya="1" hai0="29,46,85,119,30,14,73,56,84,42,122,62,79" hai1="114,4,94,16,68,18,17,8,34,12,19,9,93" hai2="97,78,49,57,102,95,59,33,82,39,20,90,87" hai3="77,103,15,66,81,60,96,58,120,86,23,67,109"/><U43/><E114/><V63/><F33/><W32/><G109/><T133/><D122/><U2/><E68/><V36/><F20/><W53/><G32/><T135/><D119/><U11/><E43/><V41/><F39/><W13/><G120/><T115/><D14/><N who="1" m="7263" /><E94/><V89/><F36/><W64/><REACH who="3" step="1"/><G23/><REACH who="3" ten="325,265,320,80" step="2"/><T125/><D125/><U7/><E93/><AGARI ba="0,1" hai="13,15,53,58,60,64,66,67,77,81,86,93,96,103" machi="93" ten="40,5200,0" yaku="1,1,2,1,8,1,53,0" doraHai="47" doraHaiUra="69" who="3" fromWho="1" sc="325,0,265,-52,320,0,80,62" /><INIT seed="6,0,0,3,4,30" ten="325,213,320,142" oya="2" hai0="12,90,79,113,14,49,88,26,39,62,100,15,76" hai1="117,130,23,77,17,95,18,102,35,7,29,122,114" hai2="96,25,135,33,50,80,112,110,133,42,91,94,45" hai3="118,24,68,84,111,20,93,1,106,11,64,60,85"/><V31/><F112/><W66/><G106/><T92/><D39/><U128/><E117/><V103/><F110/><W6/><G111/><T43/><D113/><U120/><E114/><V74/><F74/><W99/><G118/><T52/><D26/><N who="1" m="18871" /><E77/><N who="0" m="29769" /><D62/><U107/><E107/><V19/><F19/><N who="1" m="7177" /><E95/><V59/><F59/><W51/><G66/><T115/><D115/><U37/><E37/><V28/><F28/><W98/><G98/><N who="0" m="59463" /><D43/><U63/><E63/><V104/><REACH who="2" step="1"/><F80/><REACH who="2" ten="325,213,310,142" step="2"/><W61/><G68/><T70/><D70/><U108/><E108/><V97/><AGARI ba="0,1" hai="25,31,33,42,45,50,91,94,96,97,103,104,133,135" machi="97" ten="30,12000,1" yaku="1,1,2,1,0,1,52,1,53,1" doraHai="30" doraHaiUra="89" who="2" fromWho="2" sc="325,-40,213,-40,310,130,142,-40" /><INIT seed="6,1,0,3,5,57" ten="285,173,440,102" oya="2" hai0="44,29,49,51,106,4,64,26,39,96,101,32,74" hai1="18,79,112,91,108,12,43,59,48,71,6,2,83" hai2="80,9,33,5,17,118,55,72,58,16,65,116,97" hai3="84,76,35,0,42,99,111,37,88,45,81,129,56"/><V86/><F72/><W90/><G111/><T93/><D74/><U69/><E108/><V125/><F33/><W133/><G133/><T134/><D134/><U20/><E112/><V104/><F65/><W14/><G129/><T23/><D4/><U22/><E91/><V113/><F113/><W10/><G0/><T27/><D64/><U110/><E110/><V89/><F125/><W36/><G36/><T82/><D106/><U53/><E43/><V54/><F54/><W63/><G35/><T52/><D82/><U3/><E3/><V132/><F132/><W70/><G70/><T127/><D39/><U8/><E22/><V19/><F97/><W85/><G99/><T92/><D127/><U67/><E67/><V115/><F104/><W87/><G87/><AGARI ba="1,0" hai="2,6,8,12,18,20,48,53,59,69,71,79,83,87" machi="87" ten="30,1000,0" yaku="7,1" doraHai="57" who="1" fromWho="3" sc="285,0,173,13,440,0,102,-13" /><INIT seed="7,0,0,4,2,27" ten="285,186,440,89" oya="3" hai0="28,26,129,21,18,83,13,60,88,25,78,74,55" hai1="123,95,132,119,110,130,5,76,66,24,77,32,16" hai2="79,68,131,31,48,58,29,73,101,134,125,85,107" hai3="53,11,90,120,50,89,15,62,12,114,57,117,113"/><W0/><G0/><T19/><D129/><U128/><E110/><V81/><F68/><W54/><G117/><T10/><D60/><U9/><E123/><V82/><F134/><W98/><G120/><T67/><D67/><U61/><E132/><V133/><F125/><W72/><G72/><T87/><D55/><U22/><E32/><V52/><F131/><N who="1" m="50217" /><E95/><V91/><F133/><W38/><G38/><T34/><D74/><U47/><E47/><V20/><F20/><W3/><G3/><T118/><D118/><U99/><E99/><V94/><F82/><W100/><G114/><T46/><D46/><U43/><E43/><V33/><F33/><W1/><G1/><T8/><D8/><U92/><E92/><V111/><F111/><W122/><G122/><T80/><D78/><U17/><E17/><V103/><F103/><W126/><G126/><T6/><D19/><U59/><E119/><V2/><F2/><AGARI ba="0,0" hai="2,5,9,16,22,24,59,61,66,76,77" m="50217" machi="2" ten="30,2000,0" yaku="19,1,54,1" doraHai="27" who="1" fromWho="2" sc="285,0,186,20,440,-20,89,0" owari="285,9.0,206,-19.0,420,51.0,89,-41.0" /></mjloggm>