<mjloggm ver="2.3"><GO type="169" lobby="0"/><UN n0="%E7%94%9F%E7%B2%8B%E3%81%AE%E7%85%BD%E3%83%A9%E3%83%BC%E2%99%AA" n1="%E3%81%A6%E3%82%93%E3%81%BD%E3%81%84%E3%82%93%E3%81%A8" n2="%E3%81%9F%E3%81%91%E3%81%AB%E3%81%8D" n3="%E3%81%A4%E3%82%89%E3%81%84%E3%80%82" dan="16,16,17,16" rate="2053.92,2210.72,2171.91,2096.57" sx="M,F,F,M"/><TAIKYOKU oya="0"/><INIT seed="0,0,0,3,2,24" ten="250,250,250,250" oya="0" hai0="109,98,44,68,102,61,132,131,104,114,62,88,26" hai1="118,59,39,101,126,0,34,14,64,50,83,75,82" hai2="43,35,100,121,124,115,21,57,110,28,56,112,45" hai3="27,70,16,48,119,52,36,106,32,77,94,42,3"/><T69/><D114/><U93/><E0/><V103/><F121/><W33/><G106/><T9/><D131/><U91/><E39/><V73/><F35/><W6/><G70/><T40/><D132/><U108/><E34/><V87/><F73/><W15/><G77/><T81/><D9/><U54/><E75/><V80/><F110/><W37/><G42/><T30/><D109/><U31/><E118/><V67/><F124/><W19/><G119/><T120/><D120/><U135/><E126/><V20/><F87/><W55/><G94/><T85/><D68/><U47/><E101/><V63/><F80/><N who="1" m="30761" /><E14/><V89/><F89/><W78/><G78/><T122/><D69/><U5/><E5/><V53/><F53/><W127/><G127/><T60/><D122/><U105/><E105/><V134/><F134/><W107/><G107/><T66/><D66/><U99/><E135/><V12/><F12/><W133/><G133/><T1/><D1/><U10/><E10/><V49/><F21/><W65/><G65/><T92/><D104/><U130/><E130/><V2/><F2/><W123/><G123/><T29/><REACH who="0" step="1"/><D26/><REACH who="0" ten="240,250,250,250" step="2"/><U25/><E108/><V111/><F111/><W125/><G125/><T96/><D96/><U84/><E99/><V51/><F115/><W129/><G129/><T46/><D46/><U74/><E64/><V71/><F112/><W116/><G3/><T11/><D11/><U95/><E47/><V72/><F71/><W13/><G27/><T58/><D58/><U76/><E59/><N who="2" m="22603" /><F67/><W7/><G116/><T90/><D90/><N who="1" m="53447" /><E25/><N who="2" m="16423" /><F45/><W97/><G97/><RYUUKYOKU ba="0,1" sc="240,15,250,-15,250,-15,250,15" hai0="29,30,40,44,60,61,62,81,85,88,92,98,102" hai3="6,7,13,15,16,19,32,33,36,37,48,52,55" /><INIT seed="0,1,1,1,3,71" ten="255,235,235,265" oya="0" hai0="126,86,88,29,53,110,120,2,105,95,121,78,8" hai1="111,51,65,81,0,85,26,127,99,28,23,115,91" hai2="17,102,75,132,16,52,106,84,24,96,64,7,31" hai3="112,44,134,90,4,123,22,6,19,11,60,80,15"/><T61/><D105/><U55/><E111/><V58/><F75/><W41/><G112/><T104/><D104/><U20/><E127/><V92/><F64/><W70/><G134/><T49/><D126/><U54/><E0/><V46/><F46/><W12/><G123/><T21/><D110/><U10/><E115/><V72/><F72/><W74/><G70/><T109/><D109/><U45/><E65/><V32/><F132/><W25/><G60/><T122/><D61/><U47/><E10/><V69/><F69/><W14/><G4/><T107/><D107/><U93/><E23/><V33/><F33/><W3/><G90/><T68/><D68/><U63/><E63/><V1/><F7/><W67/><G67/><T103/><D103/><U101/><REACH who="1" step="1"/><E47/><REACH who="1" ten="255,225,235,265" step="2"/><V116/><F1/><W128/><G3/><T30/><D21/><U119/><E119/><V36/><F116/><W57/><G57/><N who="0" m="32943" /><D2/><U42/><AGARI ba="1,2" hai="20,26,28,42,45,51,54,55,81,85,91,93,99,101" machi="42" ten="20,5200,0" yaku="1,1,0,1,7,1,8,1,53,0" doraHai="71" doraHaiUra="66" who="1" fromWho="1" sc="255,-27,225,75,235,-14,265,-14" /><INIT seed="1,0,0,5,3,24" ten="228,300,221,251" oya="1" hai0="51,90,36,55,105,87,0,135,69,30,14,49,78" hai1="29,26,104,86,58,50,13,54,33,117,82,23,64" hai2="44,106,127,118,120,91,4,52,39,17,124,75,93" hai3="95,11,108,76,89,20,125,83,3,70,6,45,8"/><U97/><E117/><V61/><F118/><W77/><G70/><T121/><D0/><U48/><E64/><V67/><F106/><W32/><G32/><T96/><D36/><U28/><E104/><V16/><F120/><W128/><G108/><T12/><D121/><U37/><E37/><V101/><F101/><W110/><G110/><T103/><D69/><U81/><E97/><V94/><F75/><W34/><G34/><T133/><D78/><U10/><E48/><N who="0" m="18505" /><D55/><U15/><E86/><V100/><F4/><W107/><G107/><T25/><D90/><U134/><E134/><N who="0" m="51209" /><D87/><U7/><REACH who="1" step="1"/><E15/><REACH who="1" ten="228,290,221,251" step="2"/><V122/><F122/><W42/><G3/><T60/><D60/><U119/><E119/><V109/><F109/><W1/><G1/><T99/><D96/><U22/><E22/><AGARI ba="0,1" hai="12,14,22,25,30,99,103,105" m="51209,18505" machi="22" ten="30,2000,0" yaku="20,1,52,1" doraHai="24" who="0" fromWho="1" sc="228,30,290,-20,221,0,251,0" /><INIT seed="2,0,0,4,3,45" ten="258,270,221,251" oya="2" hai0="3,96,46,111,9,102,127,130,69,112,30,20,22" hai1="23,49,65,17,126,6,76,68,57,27,110,29,124" hai2="74,48,12,122,13,117,56,41,82,70,128,53,98" hai3="63,64,36,59,37,94,88,47,101,86,72,61,89"/><V40/><F117/><W31/><G72/><T80/><D112/><U44/><E6/><V60/><F122/><W52/><G101/><T14/><D111/><U87/><E68/><V55/><F128/><W135/><G135/><T66/><D130/><U7/><E7/><V51/><F98/><W71/><G31/><T24/><D3/><U73/><E73/><V119/><F119/><W97/><REACH who="3" step="1"/><G47/><REACH who="3" ten="258,270,221,241" step="2"/><T125/><D46/><U106/><E29/><V85/><F74/><W38/><G38/><T4/><D125/><U10/><E124/><V99/><F70/><W120/><G120/><T118/><D127/><U116/><E126/><V11/><F99/><W5/><G5/><T121/><D121/><U54/><E116/><V107/><F107/><W35/><G35/><T133/><D133/><U78/><E106/><V81/><F56/><W113/><G113/><T91/><D102/><U108/><E110/><V134/><F134/><W50/><G50/><T83/><D30/><U16/><E108/><V2/><F60/><W26/><G26/><T109/><D24/><U123/><E123/><V75/><F75/><W21/><G21/><T39/><D22/><U77/><E57/><V0/><F85/><W103/><G103/><T42/><D109/><U84/><E65/><V105/><F105/><W131/><G131/><T32/><D66/><U19/><E84/><V43/><F43/><W58/><G58/><T8/><D118/><U1/><E87/><V62/><F62/><W93/><AGARI ba="0,1" hai="36,37,52,59,61,63,64,71,86,88,89,93,94,97" machi="93" ten="20,8000,1" yaku="1,1,0,1,7,1,54,2,53,0" doraHai="45" doraHaiUra="100" who="3" fromWho="3" sc="258,-20,270,-20,221,-40,241,90" /><INIT seed="3,0,0,2,2,80" ten="238,250,181,331" oya="3" hai0="8,122,47,41,62,89,16,32,0,40,114,51,95" hai1="79,23,88,81,10,60,106,90,123,46,92,21,130" hai2="127,49,1,112,20,94,6,2,73,66,84,67,100" hai3="72,63,33,43,14,91,76,116,64,117,27,56,83"/><W102/><G43/><T44/><D32/><U69/><E123/><V119/><F73/><W70/><G14/><T110/><D110/><U24/><E106/><V48/><F119/><W7/><G7/><T135/><D135/><U52/><E130/><V134/><F134/><W118/><G91/><T131/><D114/><U126/><E126/><V104/><F104/><W120/><G56/><T4/><D131/><U59/><E69/><V111/><F111/><W31/><REACH who="3" step="1"/><G102/><REACH who="3" ten="238,250,181,321" step="2"/><T50/><D122/><AGARI ba="0,1" hai="27,31,33,63,64,70,72,76,83,116,117,118,120,122" machi="122" ten="40,12000,1" yaku="1,1,2,1,23,2,53,0" doraHai="80" doraHaiUra="125" who="3" fromWho="0" sc="238,-120,250,0,181,0,321,130" /><INIT seed="3,1,0,4,5,84" ten="118,250,181,451" oya="3" hai0="99,8,100,25,12,133,135,101,20,134,60,59,4" hai1="124,97,52,92,113,58,123,37,26,5,40,81,46" hai2="38,24,87,118,9,71,89,83,39,29,122,86,114" hai3="41,65,110,112,27,54,43,30,76,0,56,11,111"/><W42/><G112/><T126/><D126/><U69/><E123/><V125/><F114/><W130/><G130/><T115/><D115/><U13/><E124/><V95/><F118/><W90/><G76/><T74/><D74/><U28/><E69/><V61/><F122/><W119/><G65/><T23/><D25/><U48/><E81/><V104/><F104/><W2/><G11/><T129/><D129/><U70/><E70/><V45/><F125/><W103/><G103/><T32/><D32/><U35/><E113/><V94/><F9/><W57/><G57/><T7/><D4/><U22/><E5/><V88/><F83/><W3/><G90/><T75/><D75/><U55/><E55/><V49/><F61/><W116/><G119/><T107/><REACH who="0" step="1"/><D100/><REACH who="0" ten="108,250,181,451" step="2"/><U77/><E35/><V106/><F71/><W128/><G116/><T17/><D17/><U117/><E117/><V66/><F66/><AGARI ba="1,1" hai="7,8,12,20,23,59,60,66,99,101,107,133,134,135" machi="66" ten="40,2600,0" yaku="1,1,20,1,53,0" doraHai="84" doraHaiUra="51" who="0" fromWho="2" sc="108,39,250,0,181,-29,451,0" /><INIT seed="4,0,0,1,5,47" ten="147,250,152,451" oya="0" hai0="59,31,115,2,67,90,87,6,25,75,88,111,112" hai1="41,34,73,107,45,37,100,30,106,127,126,95,22" hai2="46,9,108,64,86,40,49,12,124,14,52,65,93" hai3="62,0,11,5,58,20,121,70,66,50,125,4,35"/><T32/><D75/><U82/><E22/><V8/><F108/><W113/><G35/><T119/><D119/><U89/><E30/><V80/><F124/><N who="1" m="47657" /><E34/><V85/><F93/><W94/><G125/><T92/><D111/><U134/><E134/><V96/><F96/><W109/><G109/><T105/><D105/><U74/><E100/><V131/><F131/><W16/><G113/><T39/><D39/><U71/><E71/><V135/><F135/><W117/><G117/><T13/><D2/><U130/><E130/><V128/><F128/><W104/><G104/><N who="1" m="39978" /><E82/><V53/><F40/><W101/><G121/><T103/><D103/><U56/><E56/><V77/><F85/><AGARI ba="0,0" hai="37,41,45,73,74,85,89,95" m="39978,47657" machi="85" ten="30,1000,0" yaku="18,1" doraHai="47" who="1" fromWho="2" sc="147,0,250,10,152,-10,451,0" /><INIT seed="5,0,0,3,2,89" ten="147,260,142,451" oya="1" hai0="0,11,112,76,51,31,20,61,109,8,135,78,82" hai1="55,120,91,115,52,100,122,101,118,49,27,87,15" hai2="81,108,23,83,10,104,80,40,69,19,77,75,86" hai3="24,107,97,62,128,44,56,123,43,94,29,71,90"/><U37/><E118/><V98/><F69/><W70/><G123/><T2/><D109/><U106/><E37/><V68/><F68/><W21/><G107/><T126/><D61/><U102/><E106/><V12/><F108/><W67/><REACH who="3" step="1"/><G128/><REACH who="3" ten="147,260,142,441" step="2"/><T59/><D112/><U33/><E115/><V129/><F129/><W5/><G5/><T132/><D126/><U35/><E120/><V99/><F104/><W116/><G116/><T18/><D135/><U63/><E122/><V133/><F133/><W38/><AGARI ba="0,1" hai="21,24,29,38,43,44,56,62,67,70,71,90,94,97" machi="38" ten="20,8000,1" yaku="1,1,0,1,7,1,52,1,53,1" doraHai="89" doraHaiUra="53" who="3" fromWho="3" sc="147,-20,260,-40,142,-20,441,90" /><INIT seed="6,0,0,1,5,32" ten="127,220,122,531" oya="2" hai0="112,117,39,76,89,91,111,116,105,132,102,58,67" hai1="34,57,66,21,0,12,36,109,29,100,61,85,4" hai2="25,50,7,48,78,130,99,88,123,80,129,56,77" hai3="104,87,95,84,135,96,79,22,30,45,70,107,75"/><V13/><F123/><W115/><G70/><T133/><D39/><U125/><E109/><V127/><F127/><W1/><G1/><T103/><D58/><U40/><E85/><N who="2" m="50215" /><F25/><W126/><G126/><T120/><D67/><U110/><E110/><V27/><F27/><W10/><G10/><T122/><D111/><U3/><E34/><V23/><F99/><W51/><G75/><T124/><D124/><U92/><E36/><V68/><F68/><W90/><G115/><T69/><D69/><U98/><E40/><V94/><F94/><W64/><G64/><T72/><D72/><U131/><E125/><V114/><F114/><W97/><G135/><T113/><D76/><N who="2" m="29290" /><F56/><W49/><G97/><T82/><D82/><U74/><E74/><V17/><F7/><W11/><G96/><T9/><D9/><U53/><E98/><V52/><F52/><W134/><G11/><T54/><D54/><U26/><E53/><V63/><F63/><W81/><G134/><T28/><D28/><U71/><E71/><V24/><F24/><N who="3" m="16663" /><G45/><T106/><AGARI ba="0,0" hai="89,91,102,103,105,106,112,113,116,117,120,122,132,133" machi="106" ten="25,12000,2" yaku="0,1,22,2,34,3" doraHai="32" who="0" fromWho="0" sc="127,120,220,-30,122,-60,531,-30" /><INIT seed="7,0,0,0,1,89" ten="247,190,62,501" oya="3" hai0="63,107,80,43,77,95,10,65,135,88,134,112,13" hai1="71,94,122,101,25,98,2,96,44,52,87,58,51" hai2="37,57,70,30,42,7,1,62,12,18,4,34,102" hai3="39,17,46,111,22,91,40,68,99,121,75,3,119"/><W76/><G68/><T5/><D43/><U108/><E122/><V20/><F70/><W93/><G3/><T47/><D47/><U78/><E108/><V72/><F72/><W79/><G75/><T56/><D107/><U74/><E2/><V86/><F102/><W41/><G41/><T110/><D110/><U45/><E71/><V55/><F37/><W130/><G130/><T105/><D105/><U14/><E25/><V36/><F36/><W19/><G19/><T15/><D15/><U104/><E14/><V123/><F123/><W97/><G119/><T24/><D24/><U6/><E6/><V49/><F42/><W81/><G99/><N who="0" m="57831" /><D80/><U27/><E27/><V90/><F1/><W21/><G81/><T67/><D112/><U129/><E129/><V92/><F34/><W29/><G46/><T84/><D84/><U82/><E74/><V128/><F128/><W38/><G40/><T126/><D126/><U118/><E118/><V50/><F50/><W103/><G121/><T117/><D117/><U66/><E66/><V131/><F131/><W69/><G69/><T116/><D116/><U11/><E11/><V26/><REACH who="2" step="1"/><F62/><REACH who="2" ten="247,190,52,501" step="2"/><W132/><G39/><T85/><D63/><U32/><E32/><V31/><F31/><W73/><G38/><T114/><D114/><U28/><E28/><V48/><F48/><W109/><G73/><T124/><D124/><U23/><E51/><V106/><F106/><W64/><G111/><T8/><D135/><U54/><E104/><V113/><F113/><W100/><G109/><T33/><D134/><U125/><E125/><RYUUKYOKU ba="0,1" sc="247,-10,190,-10,52,30,501,-10" hai2="4,7,12,18,20,26,30,49,55,57,86,90,92" owari="237,4.0,180,-22.0,82,-42.0,501,60.0" /></mjloggm>