<mjloggm ver="2.3"><GO type="169" lobby="0"/><UN n0="%E3%81%BE%E3%81%93%E3%81%A8%E3%81%95%E3%82%93" n1="%62%6F%79%61%74%65%74%75" n2="%E3%81%B5%E3%81%96%E3%81%91%E3%82%8B%E3%83%9F%EF%BC%81" n3="%4C%69%53%41" dan="16,16,17,16" rate="2113.50,2110.90,2107.08,2188.57" sx="M,M,M,F"/><TAIKYOKU oya="0"/><INIT seed="0,0,0,4,2,37" ten="250,250,250,250" oya="0" hai0="70,108,99,128,104,48,122,85,23,64,50,94,88" hai1="118,35,8,14,74,65,0,58,83,130,79,135,80" hai2="127,92,93,60,67,110,121,54,125,32,98,12,68" hai3="132,43,119,134,76,117,18,7,28,90,112,84,2"/><T95/><D122/><U89/><E118/><V126/><F121/><W87/><G28/><T91/><D128/><U15/><E130/><V101/><F110/><W38/><G18/><T24/><D108/><U20/><E35/><V103/><F32/><W46/><G112/><T25/><D104/><U97/><E135/><N who="3" m="51754" /><G76/><T19/><D70/><U52/><E65/><V123/><F123/><W9/><G87/><T17/><D64/><U77/><E20/><AGARI ba="0,0" hai="17,19,20,23,24,25,48,50,85,88,91,94,95,99" machi="20" ten="40,7700,0" yaku="9,1,8,1,54,1" doraHai="37" who="0" fromWho="1" sc="250,77,250,-77,250,0,250,0" /><INIT seed="0,1,0,2,0,36" ten="327,173,250,250" oya="0" hai0="97,52,34,121,69,82,68,114,116,61,56,79,15" hai1="19,55,73,64,94,105,14,1,35,62,128,127,24" hai2="104,92,132,110,39,74,72,98,130,11,135,46,59" hai3="10,100,78,18,28,22,93,45,50,66,123,113,7"/><T25/><D114/><U125/><E73/><V71/><F110/><W118/><G118/><T77/><D116/><U67/><E1/><V131/><F71/><W23/><G113/><T58/><D121/><U96/><E128/><N who="2" m="49195" /><F59/><W84/><G66/><T21/><D34/><U86/><E105/><V29/><F29/><W99/><G28/><T43/><D97/><U103/><E86/><V20/><F20/><W8/><G123/><T27/><D77/><U115/><E115/><V57/><F57/><W51/><G51/><T80/><D80/><U2/><E2/><V41/><F11/><W70/><G70/><T133/><D15/><U109/><E109/><V117/><F117/><W89/><G78/><T107/><D107/><U124/><E35/><V30/><F30/><W5/><G10/><T87/><D27/><U65/><E24/><V91/><F104/><W111/><G111/><T102/><D102/><U33/><E33/><V0/><F0/><W60/><G60/><T6/><D6/><N who="3" m="2057" /><G18/><T81/><D68/><U17/><E14/><V75/><AGARI ba="1,0" hai="39,41,46,72,74,75,91,92,98,132,135" m="49195" machi="75" ten="40,2700,0" yaku="19,1,52,1" doraHai="36" who="2" fromWho="2" sc="327,-14,173,-8,250,30,250,-8" /><INIT seed="1,0,0,4,4,42" ten="313,165,280,242" oya="1" hai0="63,108,27,2,129,17,33,34,130,59,16,124,22" hai1="51,66,77,31,76,54,117,46,29,75,73,95,70" hai2="61,32,71,92,112,120,11,81,68,118,106,111,113" hai3="60,99,125,38,93,53,62,41,127,116,82,72,121"/><U12/><E117/><V97/><F118/><W100/><G116/><T26/><D63/><U56/><E70/><V1/><F111/><W57/><G121/><T64/><D59/><U101/><E75/><V133/><F120/><W52/><G60/><T25/><D64/><U50/><E73/><V19/><F133/><W0/><G0/><T3/><D108/><U67/><E67/><V79/><F32/><N who="0" m="12394" /><D124/><N who="3" m="47689" /><G53/><T132/><D132/><U87/><E12/><V13/><F1/><N who="0" m="10" /><D17/><U107/><E107/><V21/><F106/><W4/><G4/><T96/><D96/><N who="1" m="59551" /><E66/><V28/><F71/><W14/><G14/><AGARI ba="0,0" hai="14,16,22,25,26,27,129,130" m="10,12394" machi="14" ten="40,5200,0" yaku="34,2,54,1" doraHai="42" who="0" fromWho="3" sc="313,52,165,0,280,0,242,-52" /><INIT seed="2,0,0,2,2,101" ten="365,165,280,190" oya="2" hai0="71,79,56,126,6,95,78,77,117,37,67,86,112" hai1="61,35,45,88,82,53,40,5,12,96,44,18,39" hai2="9,15,28,33,3,55,66,64,81,106,29,80,1" hai3="135,23,52,91,36,73,120,59,10,92,104,21,116"/><V122/><F55/><W125/><G120/><T14/><D112/><U70/><E35/><V65/><F122/><W115/><G116/><T89/><D117/><U109/><E109/><V129/><F129/><W48/><G115/><T85/><D37/><U133/><E133/><V121/><F121/><W46/><G135/><T63/><D126/><U20/><E5/><V24/><F29/><W74/><G125/><T103/><D103/><U34/><E34/><V13/><F106/><W98/><G104/><T17/><D6/><U102/><E70/><V50/><F50/><W83/><G10/><N who="0" m="6359" /><D71/><U114/><E114/><V94/><F94/><W100/><G74/><T93/><D93/><U124/><E124/><V75/><F13/><W47/><G73/><T31/><D31/><U60/><E45/><N who="3" m="16906" /><G36/><T2/><D2/><U130/><E130/><V19/><REACH who="2" step="1"/><F75/><REACH who="2" ten="365,165,270,190" step="2"/><W99/><G92/><T131/><D131/><U11/><E39/><V132/><F132/><W41/><G48/><T97/><AGARI ba="0,1" hai="56,63,67,77,78,79,85,86,89,95,97" m="6359" machi="97" ten="30,1100,0" yaku="8,1" doraHai="101" who="0" fromWho="0" sc="365,21,165,-3,270,-5,190,-3" /><INIT seed="3,0,0,1,0,78" ten="386,162,265,187" oya="3" hai0="6,99,110,44,134,9,109,33,60,82,7,23,17" hai1="50,69,115,121,88,89,57,111,26,97,46,12,70" hai2="103,52,104,10,120,85,122,3,75,36,32,123,2" hai3="5,81,34,31,95,47,131,77,91,83,100,93,59"/><W51/><G131/><T4/><D60/><U67/><E115/><V133/><F75/><W24/><G5/><N who="0" m="2155" /><D44/><U42/><E121/><V92/><F10/><W94/><G59/><T84/><D99/><U8/><E111/><N who="0" m="42505" /><D84/><U37/><E26/><V54/><F32/><W102/><G91/><T28/><D82/><U1/><E1/><N who="2" m="11" /><F133/><W25/><G25/><N who="0" m="18575" /><D134/><U87/><E70/><V96/><F36/><W124/><G124/><T71/><D71/><U130/><E69/><V72/><F72/><W66/><G66/><T113/><D113/><U62/><E37/><V114/><F114/><W35/><G35/><T117/><D117/><U132/><E132/><V45/><F45/><W105/><G77/><T125/><D125/><U65/><E65/><V128/><F128/><W11/><G11/><T49/><D49/><U27/><E130/><V86/><F86/><W19/><G105/><T76/><D76/><U39/><E39/><V127/><F127/><W56/><G56/><T90/><D90/><AGARI ba="0,0" hai="52,54,85,90,92,96,103,104,120,122,123" m="11" machi="90" ten="40,2600,0" yaku="13,1,54,1" doraHai="78" who="2" fromWho="0" sc="386,-26,162,0,265,26,187,0" /><INIT seed="4,0,0,0,5,12" ten="360,162,291,187" oya="0" hai0="97,103,30,106,79,107,118,37,110,54,31,101,25" hai1="26,16,47,94,41,104,98,127,45,67,63,19,61" hai2="91,2,8,89,87,115,126,36,51,124,108,125,70" hai3="9,59,55,123,57,44,114,100,134,81,132,46,0"/><T71/><D118/><U14/><E127/><V113/><F108/><W1/><G100/><T5/><D110/><U130/><E104/><V7/><F36/><W3/><G81/><T52/><D37/><U120/><E130/><V131/><F131/><W27/><G114/><N who="2" m="43529" /><F70/><W18/><G123/><T39/><D39/><U23/><E120/><V10/><F87/><W128/><G128/><T13/><D79/><U40/><E47/><N who="3" m="17962" /><G55/><T83/><D83/><U105/><E105/><V28/><F51/><W64/><G64/><T102/><D71/><U86/><E86/><V116/><F116/><W122/><G122/><T60/><D101/><N who="1" m="60631" /><E67/><V42/><F42/><N who="1" m="16489" /><E45/><V135/><F135/><N who="3" m="51755" /><G9/><AGARI ba="0,0" hai="9,14,16,19,23,26,61,63" m="16489,60631" machi="9" ten="30,7700,0" yaku="8,1,52,2,54,1" doraHai="12" who="1" fromWho="3" sc="360,0,162,77,291,0,187,-77" /><INIT seed="5,0,0,3,4,9" ten="360,239,291,110" oya="1" hai0="63,40,2,104,131,21,36,124,134,83,78,27,28" hai1="24,46,6,14,61,8,56,57,45,4,11,85,3" hai2="86,96,44,19,84,110,33,130,5,118,38,67,39" hai3="76,132,116,125,51,31,113,112,91,43,10,20,30"/><U129/><E129/><V127/><F110/><W22/><G76/><T97/><D131/><U42/><E24/><V54/><F130/><W68/><G68/><T99/><D2/><U109/><E109/><V52/><F33/><W82/><G82/><T7/><D7/><U74/><E74/><V81/><F118/><W64/><G64/><T87/><D134/><U41/><E85/><V122/><F122/><W88/><G10/><T105/><D105/><U106/><E106/><V123/><F123/><W35/><G51/><T15/><D104/><U126/><E126/><V115/><F5/><W77/><G77/><T60/><D40/><U93/><E93/><V32/><F32/><W13/><G35/><T102/><D36/><U50/><REACH who="1" step="1"/><E61/><REACH who="1" ten="360,229,291,110" step="2"/><V121/><F86/><W0/><G125/><T73/><D73/><U55/><E55/><V26/><F54/><W119/><G43/><T107/><D124/><U37/><AGARI ba="0,1" hai="3,4,6,8,11,14,37,41,42,45,46,50,56,57" machi="37" ten="20,12000,1" yaku="1,1,0,1,7,1,52,1,53,1" doraHai="9" doraHaiUra="47" who="1" fromWho="1" sc="360,-40,229,130,291,-40,110,-40" /><INIT seed="5,1,0,0,3,33" ten="320,359,251,70" oya="1" hai0="64,27,129,32,36,55,85,49,17,124,98,3,25" hai1="4,35,34,95,24,97,121,125,88,93,58,37,65" hai2="5,80,127,46,30,68,115,16,91,109,10,18,62" hai3="119,66,100,120,8,89,22,86,71,7,90,114,111"/><U0/><E121/><V19/><F109/><W50/><G120/><T15/><D36/><U28/><E37/><V31/><F127/><W96/><G111/><T2/><D124/><U118/><E118/><V101/><F101/><W106/><G119/><T43/><D43/><U117/><E117/><V78/><F91/><W130/><G130/><T132/><D129/><U84/><E125/><V74/><F115/><W104/><G114/><T76/><D64/><U94/><E35/><V26/><F46/><W105/><G22/><T29/><D27/><U131/><E131/><V21/><F31/><W54/><G66/><T102/><D85/><U40/><E40/><V9/><F9/><W47/><G71/><T1/><D76/><U72/><E72/><V38/><F38/><W56/><G47/><T42/><D42/><U73/><E73/><V61/><REACH who="2" step="1"/><F68/><REACH who="2" ten="320,359,241,70" step="2"/><W69/><G69/><T13/><D132/><U12/><E88/><V70/><F70/><W41/><G89/><T39/><D39/><U108/><E108/><V81/><F81/><W6/><G41/><T134/><D134/><U116/><E116/><V63/><F63/><W67/><G100/><T45/><REACH who="0" step="1"/><D17/><REACH who="0" ten="310,359,241,70" step="2"/><U11/><E28/><V60/><F60/><W77/><G77/><T107/><AGARI ba="1,2" hai="1,2,3,13,15,25,29,32,45,49,55,98,102,107" machi="107" ten="30,12000,2" yaku="1,1,2,1,0,1,52,3,53,0" doraHai="33" doraHaiUra="123" who="0" fromWho="0" sc="310,143,359,-61,241,-31,70,-31" /><INIT seed="6,0,0,2,5,135" ten="453,298,210,39" oya="2" hai0="128,77,133,96,100,38,101,61,125,71,78,52,105" hai1="75,28,8,103,79,4,43,70,6,9,66,37,60" hai2="132,85,36,22,0,92,63,64,126,16,111,112,20" hai3="62,106,46,69,40,115,117,65,86,94,127,44,98"/><V50/><F36/><W33/><G117/><T2/><D125/><U18/><E18/><V55/><F0/><W82/><G33/><T84/><D128/><U107/><E9/><V34/><F34/><W30/><G106/><T83/><D2/><U41/><E41/><V123/><F112/><W39/><G30/><T90/><D38/><U31/><E6/><V87/><F123/><W42/><G115/><T24/><D133/><U27/><E103/><V119/><F119/><W110/><G110/><T23/><D100/><U21/><E107/><V51/><F132/><W97/><G94/><T58/><D71/><U80/><E21/><V122/><F122/><W13/><G13/><T17/><AGARI ba="0,0" hai="17,23,24,52,58,61,77,78,83,84,90,96,101,105" machi="17" ten="20,2700,0" yaku="0,1,7,1,54,1" doraHai="135" who="0" fromWho="0" sc="453,27,298,-7,210,-13,39,-7" /><INIT seed="7,0,0,5,1,118" ten="480,291,197,32" oya="3" hai0="126,131,89,76,30,93,6,123,114,4,40,60,24" hai1="63,71,99,68,31,32,86,9,64,101,7,48,129" hai2="3,19,127,120,105,111,102,41,132,90,95,65,43" hai3="96,14,2,73,61,69,52,113,91,18,130,115,82"/><W46/><G2/><T133/><D123/><U106/><E129/><V107/><F3/><W74/><G130/><T35/><D131/><U20/><E86/><V119/><F111/><W62/><G69/><T56/><D133/><U98/><E20/><V100/><F119/><W87/><G96/><T33/><D33/><U5/><E71/><V103/><F65/><W38/><G38/><T121/><D121/><U109/><E109/><V94/><F120/><W134/><G134/><T53/><D126/><U104/><E9/><V44/><F132/><W10/><G62/><T85/><D114/><N who="3" m="43529" /><G61/><T8/><D40/><U12/><E48/><AGARI ba="0,0" hai="10,14,18,46,48,52,73,74,82,87,91" m="43529" machi="48" ten="30,5800,0" yaku="25,1,15,1,54,1" doraHai="118" who="3" fromWho="1" sc="480,0,291,-58,197,0,32,58" /><INIT seed="7,1,0,3,1,66" ten="480,233,197,90" oya="3" hai0="64,18,99,37,38,17,127,102,36,73,0,42,30" hai1="70,123,100,5,48,105,28,47,15,129,86,128,62" hai2="61,76,68,130,19,21,108,32,85,22,131,14,92" hai3="54,69,13,117,10,90,80,109,41,116,118,120,2"/><W77/><G120/><T6/><D73/><U31/><E123/><V119/><F108/><W40/><G109/><T114/><D127/><U134/><E134/><V59/><F32/><W132/><G132/><T50/><D30/><U29/><E86/><V8/><F119/><W87/><G2/><T20/><D64/><N who="1" m="41239" /><E100/><V26/><F68/><W65/><G54/><T103/><D50/><U60/><E60/><V25/><F130/><N who="1" m="50281" /><E105/><V58/><F131/><W95/><G65/><T16/><D114/><U81/><E81/><N who="2" m="47271" /><F92/><W55/><G55/><T3/><D42/><N who="1" m="24695" /><E15/><V44/><F44/><W4/><REACH who="3" step="1"/><G69/><REACH who="3" ten="480,233,197,80" step="2"/><T122/><D3/><U24/><E5/><N who="2" m="3343" /><F61/><W121/><G121/><T97/><D6/><U93/><E93/><V7/><F7/><W23/><G23/><AGARI ba="1,1" hai="23,24,28,29,31" m="24695,50281,41239" machi="23" ten="30,2000,0" yaku="19,1,52,1" doraHai="66" who="1" fromWho="3" sc="480,0,233,33,197,0,80,-23" owari="480,57.0,266,7.0,197,-20.0,57,-44.0" /></mjloggm>