<mjloggm ver="2.3"><GO type="169" lobby="0"/><UN n0="%73%75%7A%75%6D%65%E3%81%AE%E6%B6%99" n1="%E3%82%AD%E3%83%B3%E3%82%B0%E3%81%82%E3%81%A4%E3%81%97" n2="%E2%98%85%E6%9C%88%E7%A5%9E%E2%98%85%EF%BC%A0%4D%4A" n3="%E3%81%8D%E3%81%BF%E3%81%A9%E3%82%8A%E3%82%93" dan="16,17,18,17" rate="2044.45,2193.68,2231.31,2170.86" sx="M,M,M,F"/><TAIKYOKU oya="0"/><INIT seed="0,0,0,3,4,50" ten="250,250,250,250" oya="0" hai0="104,129,28,42,41,43,2,95,93,99,116,47,30" hai1="67,128,80,107,8,40,37,87,78,94,46,117,70" hai2="52,115,92,61,10,112,111,82,101,60,103,88,134" hai3="65,84,119,96,26,1,86,114,127,77,91,34,131"/><T16/><D116/><U55/><E117/><V7/><F111/><W97/><G1/><T64/><D129/><U54/><E107/><V105/><F134/><W76/><G34/><T102/><D2/><U98/><E128/><V72/><F105/><W17/><G65/><T69/><D69/><U29/><E29/><V118/><F118/><W108/><G26/><T32/><D64/><U122/><E122/><V9/><F72/><W44/><G17/><T6/><D6/><U110/><E110/><V121/><F121/><W124/><G44/><T36/><D28/><U5/><E67/><V11/><F7/><W120/><G119/><T132/><D132/><U38/><E38/><V81/><F112/><W4/><G4/><T56/><D30/><U20/><E20/><V100/><F115/><W75/><G108/><T125/><D125/><U106/><E106/><V15/><F15/><W45/><G45/><T53/><D32/><U24/><E24/><V35/><F35/><W90/><G114/><T123/><D123/><U39/><E39/><V13/><F13/><W22/><G22/><T66/><D66/><U68/><E68/><V19/><F19/><W74/><G120/><T25/><D25/><U59/><E59/><N who="2" m="34919" /><F61/><W0/><G0/><T33/><D33/><U58/><E58/><V85/><AGARI ba="0,0" hai="9,10,11,81,82,85,88,92,100,101,103" m="34919" machi="85" ten="30,7900,0" yaku="8,1,52,1,54,2" doraHai="50" who="2" fromWho="2" sc="250,-39,250,-20,250,79,250,-20" /><INIT seed="1,0,0,3,4,14" ten="211,230,329,230" oya="1" hai0="105,13,74,90,9,113,123,27,42,1,114,115,78" hai1="111,80,20,57,109,45,16,52,33,61,48,37,34" hai2="99,29,54,65,7,11,47,108,119,126,134,128,69" hai3="46,102,36,0,132,91,35,84,31,51,88,71,32"/><U68/><E37/><V30/><F119/><W8/><G132/><T17/><D105/><U129/><E68/><V10/><F134/><W133/><G133/><T24/><D42/><U4/><E4/><V5/><F108/><N who="1" m="41545" /><E80/><V82/><F128/><W2/><G102/><T72/><D78/><U92/><E92/><V93/><F126/><W120/><G71/><T86/><D1/><U55/><E129/><V83/><F65/><W64/><G64/><T50/><D123/><U28/><E28/><V66/><F66/><W39/><G120/><T96/><D96/><U131/><E131/><V110/><F69/><W75/><G75/><T49/><D72/><U107/><E107/><V19/><F19/><W106/><G106/><T67/><D74/><U59/><E45/><V117/><F117/><W63/><G39/><T135/><D135/><U23/><E23/><V85/><F5/><W101/><G36/><T26/><REACH who="0" step="1"/><D67/><REACH who="0" ten="201,230,329,230" step="2"/><U121/><E121/><V43/><F110/><W53/><G0/><T62/><D62/><U44/><E44/><V100/><F43/><W18/><G63/><T40/><D40/><U125/><E125/><V116/><F47/><W112/><G2/><T94/><AGARI ba="0,1" hai="9,13,17,24,26,27,49,50,86,90,94,113,114,115" machi="94" ten="40,5200,0" yaku="1,1,0,1,52,1,53,0" doraHai="14" doraHaiUra="98" who="0" fromWho="0" sc="201,62,230,-26,329,-13,230,-13" /><INIT seed="2,0,0,2,3,57" ten="263,204,316,217" oya="2" hai0="96,103,22,21,109,130,31,82,110,30,123,126,106" hai1="120,104,95,84,62,98,97,19,13,111,125,12,128" hai2="88,85,102,132,2,29,18,116,43,87,63,47,69" hai3="38,99,39,59,74,77,133,105,28,60,107,5,81"/><V121/><F121/><W44/><G133/><T35/><D123/><U93/><E120/><V80/><F2/><W9/><G28/><T11/><D126/><U54/><E104/><V4/><F4/><W92/><G39/><T8/><D82/><U37/><E37/><V129/><F116/><W49/><G38/><T6/><D96/><U61/><E111/><V42/><F132/><W115/><G115/><T114/><D103/><N who="1" m="60847" /><E128/><V67/><F129/><W71/><G71/><T33/><D106/><U113/><E125/><V26/><F102/><W55/><G92/><T86/><D86/><U23/><E84/><V1/><F1/><W40/><REACH who="3" step="1"/><G99/><REACH who="3" ten="263,204,316,207" step="2"/><T15/><D114/><U14/><E113/><V78/><F18/><W17/><G17/><T100/><D130/><U16/><E54/><V101/><F101/><W48/><G48/><T45/><D100/><N who="1" m="60511" /><E19/><V56/><F69/><W119/><G119/><T124/><D124/><U118/><E118/><V89/><F85/><W75/><G75/><T27/><D31/><U117/><E117/><V122/><F122/><W131/><G131/><T3/><D33/><U34/><E34/><V25/><F29/><W68/><G68/><T108/><D45/><U94/><E94/><V46/><F43/><W7/><G7/><AGARI ba="0,1" hai="3,6,7,8,11,15,21,22,27,30,35,108,109,110" machi="7" ten="40,8000,1" yaku="14,1,34,3" doraHai="57" who="0" fromWho="3" sc="263,90,204,0,316,0,207,-80" /><INIT seed="3,0,0,5,2,17" ten="353,204,316,127" oya="3" hai0="86,131,87,60,49,55,4,0,31,116,35,11,70" hai1="43,32,14,45,8,54,89,34,27,67,24,76,100" hai2="23,78,71,29,75,93,25,109,40,15,30,19,20" hai3="63,79,53,12,114,6,28,105,42,84,85,64,103"/><W69/><G114/><T1/><D116/><U68/><E100/><V58/><F71/><W91/><G79/><T96/><D131/><U56/><E76/><V65/><F109/><W99/><G42/><T33/><D0/><U128/><E128/><V119/><F119/><W88/><G28/><T82/><D96/><U41/><E68/><V132/><F132/><W44/><G6/><T7/><D7/><U72/><E67/><V16/><F40/><W59/><G12/><T129/><D129/><U98/><E72/><V51/><F93/><W124/><G124/><T74/><D74/><U112/><E32/><V61/><REACH who="2" step="1"/><F51/><REACH who="2" ten="353,204,306,127" step="2"/><W46/><G69/><T83/><D49/><U94/><E43/><V111/><F111/><W81/><G64/><T121/><D70/><U47/><E112/><V107/><F107/><W22/><REACH who="3" step="1"/><G22/><REACH who="3" ten="353,204,306,117" step="2"/><T13/><D33/><U92/><E34/><V38/><F38/><W123/><G123/><T36/><D121/><U110/><E41/><V18/><F18/><W50/><G50/><T113/><D36/><U80/><E110/><V95/><F95/><AGARI ba="0,2" hai="44,46,53,59,63,81,84,85,88,91,95,99,103,105" machi="95" ten="30,5800,0" yaku="1,1,7,1,54,1,53,0" doraHai="17" doraHaiUra="26" who="3" fromWho="2" sc="353,0,204,0,306,-58,117,78" /><INIT seed="3,1,0,1,3,24" ten="353,204,248,195" oya="3" hai0="47,26,19,130,72,41,100,126,80,33,83,5,58" hai1="95,56,92,110,105,109,97,60,13,118,48,22,85" hai2="25,96,43,15,121,6,116,46,87,55,4,127,2" hai3="90,71,34,36,103,45,98,133,107,120,7,129,68"/><W35/><G120/><T39/><D126/><U123/><E123/><V134/><F121/><W75/><G90/><T1/><D130/><U27/><E118/><V17/><F116/><W115/><G115/><T29/><D100/><U37/><E37/><V119/><F119/><W57/><G57/><T14/><D58/><U102/><E13/><V23/><F134/><W86/><G86/><T31/><D31/><U70/><E48/><V81/><F2/><W0/><G133/><T50/><D50/><U114/><E70/><N who="3" m="26666" /><G75/><T40/><D40/><U18/><E114/><V125/><F55/><W42/><G129/><T135/><D135/><U93/><REACH who="1" step="1"/><E85/><REACH who="1" ten="353,194,248,195" step="2"/><V16/><F127/><W49/><G49/><T8/><REACH who="0" step="1"/><D72/><REACH who="0" ten="343,194,248,195" step="2"/><U65/><AGARI ba="1,2" hai="18,22,27,56,60,65,92,93,95,97,102,105,109,110" machi="65" ten="30,4000,0" yaku="1,1,2,1,0,1,53,0" doraHai="24" doraHaiUra="64" who="1" fromWho="1" sc="343,-11,194,63,248,-11,195,-21" /><INIT seed="4,0,0,1,5,11" ten="332,257,237,174" oya="0" hai0="50,87,51,30,85,69,52,101,64,3,18,107,74" hai1="135,96,71,33,115,26,90,15,54,122,89,104,57" hai2="108,102,91,44,121,34,103,42,117,13,40,99,49" hai3="97,17,116,10,43,123,22,7,111,133,70,68,114"/><T118/><D118/><U21/><E122/><V77/><F108/><W127/><G111/><T45/><D74/><U106/><E71/><V95/><F121/><W6/><G43/><T130/><D130/><U110/><E33/><V55/><F34/><W28/><G70/><T37/><D3/><U4/><E110/><V63/><F117/><W112/><G68/><T1/><D1/><U124/><E124/><V88/><F77/><W125/><G97/><T59/><D30/><U84/><E135/><V60/><F91/><W129/><G116/><T27/><D107/><U131/><E131/><V12/><F42/><W14/><G129/><T82/><D101/><N who="2" m="38410" /><F60/><W67/><G67/><T78/><D37/><U41/><E41/><V94/><F95/><W80/><G80/><T61/><D27/><U105/><E90/><V48/><F63/><W32/><G133/><T65/><D65/><U73/><E73/><V86/><F99/><W36/><G36/><T16/><D85/><U8/><E96/><V5/><F5/><N who="3" m="1547" /><G32/><T53/><AGARI ba="0,0" hai="16,18,45,50,51,52,53,59,61,64,69,78,82,87" machi="53" ten="20,7800,0" yaku="0,1,7,1,54,2" doraHai="11" who="0" fromWho="0" sc="332,78,257,-26,237,-26,174,-26" /><INIT seed="4,1,0,3,4,70" ten="410,231,211,148" oya="0" hai0="114,16,74,18,87,101,0,118,38,30,66,8,84" hai1="89,124,35,63,99,7,107,15,71,104,61,82,135" hai2="62,127,73,33,92,120,58,4,93,6,44,133,50" hai3="113,72,132,26,85,10,17,130,34,60,78,52,37"/><T27/><D118/><U40/><E35/><V49/><F33/><W41/><G113/><T102/><D74/><U75/><E40/><V14/><F73/><W32/><G132/><T128/><D128/><U90/><E7/><V115/><F120/><W76/><G72/><T56/><D38/><U65/><E15/><V39/><F39/><W117/><G117/><T68/><D68/><U55/><E124/><V109/><F109/><W46/><G130/><T80/><D84/><U105/><E135/><V96/><F115/><W3/><G34/><T12/><D0/><U21/><E21/><V11/><F127/><W13/><G3/><T112/><D112/><U110/><E99/><V45/><F4/><W111/><G85/><T43/><D43/><U123/><E110/><V59/><F133/><W116/><G116/><T22/><D18/><U29/><E29/><V24/><F24/><W94/><G94/><T106/><D106/><U36/><E36/><V77/><F77/><W79/><G111/><T19/><D19/><U108/><E123/><V57/><F62/><W67/><G67/><T83/><D83/><U134/><E134/><V9/><F9/><W2/><G2/><T103/><D103/><U125/><E125/><V100/><REACH who="2" step="1"/><F93/><REACH who="2" ten="410,231,201,148" step="2"/><W25/><G32/><T119/><D114/><U47/><E108/><V131/><F131/><W95/><G95/><T20/><D8/><U69/><E63/><V86/><F86/><W121/><G121/><T122/><D122/><U91/><E75/><V54/><F54/><W28/><G28/><T5/><D5/><U51/><E82/><RYUUKYOKU ba="1,1" sc="410,-30,231,10,201,10,148,10" hai1="47,51,55,61,65,69,71,89,90,91,104,105,107" hai2="6,11,14,44,45,49,50,57,58,59,92,96,100" hai3="10,13,17,25,26,37,41,46,52,60,76,78,79" /><INIT seed="5,2,1,2,0,95" ten="380,241,211,158" oya="1" hai0="135,70,25,27,117,44,75,121,45,106,79,92,104" hai1="82,13,74,90,114,42,1,41,7,102,10,26,112" hai2="39,83,125,2,120,22,107,76,68,126,65,48,28" hai3="38,96,105,64,35,87,29,85,55,127,53,30,118"/><U108/><E108/><V129/><F2/><W123/><G38/><T134/><D117/><U78/><E102/><V89/><F39/><W0/><G0/><T5/><D70/><U71/><E71/><V133/><F120/><W19/><G127/><T6/><D92/><U18/><E26/><V100/><F129/><W51/><G64/><T113/><D113/><N who="1" m="43627" /><E90/><V98/><F133/><W34/><G19/><T81/><D121/><U60/><E60/><V91/><F48/><W24/><G123/><T36/><D36/><U57/><E57/><V130/><F130/><W21/><G118/><T43/><D43/><U73/><E73/><V46/><F46/><W31/><G55/><T131/><D131/><U103/><E103/><V111/><F111/><W69/><G69/><T52/><D81/><U67/><E67/><V49/><F65/><W110/><G110/><T9/><D75/><U12/><E1/><V62/><F68/><W14/><G35/><T128/><D128/><U32/><E32/><V11/><F62/><W58/><G34/><T33/><D33/><U77/><E77/><V101/><F101/><W66/><G66/><T97/><D79/><U99/><E99/><V115/><F76/><W61/><G61/><T72/><D97/><U15/><E15/><V8/><F115/><W94/><G14/><T20/><D72/><U109/><E109/><V47/><F100/><N who="3" m="60439" /><G105/><T63/><D63/><U86/><E74/><V37/><F107/><W116/><G116/><T84/><D104/><U54/><E54/><V17/><F125/><W119/><G119/><T40/><D106/><RYUUKYOKU ba="2,1" sc="380,-15,241,15,211,-15,158,15" hai1="7,10,12,13,18,41,42,78,82,86" hai3="21,24,29,30,31,51,53,58,85,87" /><INIT seed="5,3,1,4,3,114" ten="365,256,196,173" oya="1" hai0="95,113,89,17,59,15,19,1,106,74,0,35,121" hai1="3,18,68,131,126,46,94,110,75,4,132,33,127" hai2="20,118,112,54,63,38,23,42,82,13,12,78,69" hai3="120,47,9,135,31,34,16,41,134,123,60,27,98"/><U52/><E68/><V28/><F118/><W55/><G60/><T66/><D113/><U101/><E75/><V100/><F112/><W122/><G55/><T7/><D106/><U102/><E33/><V10/><F100/><W128/><G98/><T24/><D74/><U129/><E110/><V119/><F119/><W90/><G90/><T76/><D76/><U49/><E132/><N who="3" m="50730" /><G47/><T91/><D7/><U85/><E18/><N who="2" m="10319" /><F38/><W83/><G41/><T37/><D19/><U93/><E4/><V8/><F42/><W39/><G83/><T105/><D89/><N who="1" m="53423" /><E3/><V77/><F69/><W40/><G40/><T117/><D117/><U79/><E79/><N who="2" m="30219" /><F82/><W104/><G39/><T72/><D72/><U64/><E64/><V29/><F54/><W87/><G87/><T86/><D37/><U99/><E102/><V88/><F88/><W48/><G104/><T92/><D105/><U14/><E14/><V96/><F63/><W44/><G123/><T130/><D121/><U111/><E111/><V116/><F96/><W70/><G70/><T80/><D0/><U133/><E133/><V53/><F53/><N who="3" m="29831" /><G128/><AGARI ba="3,1" hai="46,49,52,94,99,101,126,127,128,129,131" m="53423" machi="128" ten="30,2900,0" yaku="19,1,54,1" doraHai="114" who="1" fromWho="3" sc="365,0,256,48,196,0,173,-38" /><INIT seed="5,4,0,2,2,28" ten="365,304,196,135" oya="1" hai0="62,80,94,40,48,71,132,8,118,89,32,44,7" hai1="101,34,53,4,113,50,38,16,47,6,65,2,51" hai2="82,84,96,77,27,15,52,97,112,88,29,11,58" hai3="78,60,109,61,85,72,123,37,56,25,21,108,119"/><U86/><E113/><V20/><F77/><W30/><G37/><T3/><D132/><U134/><E134/><V91/><F91/><W13/><G123/><T39/><D118/><U133/><E133/><V49/><F112/><W104/><G104/><T66/><D80/><U125/><E34/><V129/><F129/><W105/><G105/><T10/><D10/><U45/><E38/><V36/><F36/><W111/><G119/><T1/><D39/><U22/><E2/><V90/><F90/><W128/><G72/><T12/><D32/><U76/><E65/><V83/><F82/><W19/><G128/><T68/><D68/><U135/><E135/><V110/><F110/><W115/><G115/><T35/><D35/><U24/><E125/><V17/><AGARI ba="4,0" hai="11,15,17,20,27,29,49,52,58,83,84,88,96,97" machi="17" ten="20,8000,1" yaku="0,1,7,1,8,1,54,2" doraHai="28" who="2" fromWho="2" sc="365,-24,304,-44,196,92,135,-24" /><INIT seed="6,0,0,0,1,126" ten="341,260,288,111" oya="2" hai0="60,0,85,33,106,70,71,86,82,90,62,79,92" hai1="81,16,5,13,61,130,31,119,125,101,107,8,132" hai2="89,49,51,102,32,40,46,103,11,3,26,113,120" hai3="76,84,72,42,35,59,22,50,121,129,7,66,17"/><V65/><F120/><W52/><G121/><T48/><D0/><U21/><E119/><V23/><F32/><W96/><G35/><T88/><D33/><U18/><E125/><V100/><F113/><W29/><G29/><T108/><D108/><U131/><E132/><V115/><F115/><W44/><G72/><T97/><D106/><U104/><E81/><V95/><F65/><W56/><G7/><T114/><D114/><U133/><E133/><V117/><F117/><W93/><G66/><T34/><D34/><U105/><E61/><V37/><F11/><W116/><G116/><T15/><D70/><U10/><E101/><V75/><F3/><W99/><G129/><N who="1" m="49162" /><E10/><V87/><REACH who="2" step="1"/><F75/><REACH who="2" ten="341,260,278,111" step="2"/><W69/><G69/><T27/><D71/><U55/><E55/><V1/><F1/><W80/><G42/><T57/><D62/><U83/><E83/><V30/><AGARI ba="0,1" hai="23,26,30,37,40,46,49,51,87,89,95,100,102,103" machi="30" ten="30,3000,0" yaku="1,1,0,1,53,0" doraHai="126" doraHaiUra="4" who="2" fromWho="2" sc="341,-10,260,-10,278,40,111,-10" /><INIT seed="6,1,0,4,0,114" ten="331,250,318,101" oya="2" hai0="17,100,131,19,90,96,66,73,76,25,24,132,22" hai1="82,56,55,53,125,127,92,28,80,86,102,33,27" hai2="123,112,48,130,74,135,10,84,12,117,115,20,42" hai3="44,35,122,50,85,8,133,111,93,134,34,97,113"/><V37/><F74/><W63/><G111/><T36/><D36/><U51/><E102/><V129/><F37/><W26/><G122/><T71/><D131/><N who="2" m="50186" /><F123/><W1/><G63/><T57/><D132/><N who="3" m="50793" /><G85/><T39/><D39/><U3/><E3/><V65/><F135/><W95/><G95/><T40/><D40/><U4/><E4/><V41/><F65/><W58/><G58/><T18/><D71/><U68/><E68/><V88/><F117/><W52/><G26/><T126/><D126/><N who="1" m="48139" /><E55/><V23/><F41/><W38/><G38/><T98/><D90/><AGARI ba="1,0" hai="27,28,33,51,53,56,80,82,86,90,92" m="48139" machi="90" ten="30,1000,0" yaku="18,1" doraHai="114" who="1" fromWho="0" sc="331,-13,250,13,318,0,101,0" /><INIT seed="7,0,0,1,2,42" ten="318,263,318,101" oya="3" hai0="104,70,65,9,63,19,120,113,119,23,64,7,106" hai1="17,33,97,115,22,114,30,34,13,26,41,76,59" hai2="78,132,29,128,84,99,25,79,50,10,117,32,118" hai3="116,108,31,87,35,45,47,18,53,123,110,130,86"/><W80/><G116/><T95/><D119/><U127/><E76/><V39/><F39/><W125/><G130/><T12/><D120/><U4/><E97/><V112/><F128/><W124/><G123/><T43/><D65/><U105/><E105/><V72/><F72/><W83/><G18/><T94/><D113/><N who="1" m="43019" /><E59/><V11/><F112/><W68/><G68/><T52/><D43/><U27/><E41/><V51/><F132/><W93/><G53/><T49/><D104/><U73/><E73/><V54/><F99/><W5/><G93/><T15/><D106/><U40/><E40/><V85/><F54/><W67/><G5/><T121/><D121/><U37/><E37/><V44/><F25/><W38/><G38/><T133/><D133/><U46/><E46/><AGARI ba="0,0" hai="7,9,12,15,19,23,46,49,52,63,64,70,94,95" machi="46" ten="30,3900,0" yaku="7,1,52,1,54,1" doraHai="42" who="0" fromWho="1" sc="318,39,263,-39,318,0,101,0" owari="357,46.0,224,-18.0,318,12.0,101,-40.0" /></mjloggm>