<mjloggm ver="2.3"><GO type="169" lobby="0"/><UN n0="%E3%82%84%E3%81%BE%E3%81%8C%E3%82%89%E3%83%BC" n1="%E3%81%A1%E3%82%83%E3%82%8B%E5%AD%90" n2="%E3%81%BE%E3%81%8F%E3%81%A9%E3%81%AA%E3%82%8B%E3%81%AA%E3%82%8B%E3%81%A9" n3="%E5%AB%8C%E7%85%99%E5%A4%96%E7%A7%91%E5%8C%BB" dan="17,17,16,17" rate="2179.83,2249.12,2132.15,2145.37" sx="M,M,M,M"/><TAIKYOKU oya="0"/><INIT seed="0,0,0,1,2,14" ten="250,250,250,250" oya="0" hai0="116,98,22,103,97,115,20,50,32,78,51,58,45" hai1="5,19,131,90,118,76,99,100,49,129,95,70,106" hai2="71,47,82,7,54,77,28,127,74,9,6,89,1" hai3="56,69,15,35,91,59,37,27,101,43,16,123,122"/><T85/><D115/><U17/><E70/><V117/><F71/><W134/><G69/><T110/><D32/><U67/><E67/><V113/><F113/><W38/><G101/><T109/><D116/><U46/><E118/><V52/><F117/><W80/><G134/><T79/><D58/><U104/><E5/><V42/><F127/><W40/><G35/><T31/><D85/><U53/><E76/><N who="0" m="29225" /><D31/><U119/><E119/><V92/><F28/><W105/><G105/><T34/><D34/><U30/><E30/><V25/><F7/><W26/><G80/><T120/><D120/><U48/><E48/><N who="0" m="18473" /><D103/><U10/><E10/><V84/><F25/><W102/><G102/><T124/><D45/><U93/><E106/><V29/><F29/><W60/><G60/><T39/><D39/><AGARI ba="0,0" hai="1,6,9,39,42,47,52,54,74,77,82,84,89,92" machi="39" ten="30,7700,0" yaku="7,1,25,2,54,1" doraHai="14" who="2" fromWho="0" sc="250,-77,250,0,250,77,250,0" /><INIT seed="1,0,0,0,0,31" ten="173,250,327,250" oya="1" hai0="75,47,12,105,88,115,134,79,116,117,78,40,59" hai1="5,91,71,112,128,119,85,106,74,23,77,66,27" hai2="45,124,2,130,35,6,67,92,60,107,118,68,9" hai3="48,26,46,101,84,53,24,104,97,19,25,96,39"/><U127/><E112/><V38/><F118/><W120/><G120/><T1/><D115/><U100/><E119/><V95/><F107/><W43/><G97/><T14/><D1/><U125/><E128/><V121/><F121/><W123/><G123/><T34/><D59/><U86/><E5/><V58/><F130/><W102/><G102/><T0/><D0/><U132/><E132/><V80/><F124/><N who="1" m="47689" /><E100/><V13/><F35/><W82/><G19/><T56/><D56/><U29/><E106/><V99/><F80/><W36/><REACH who="3" step="1"/><G43/><REACH who="3" ten="173,250,327,240" step="2"/><T20/><D116/><U18/><E18/><V4/><F99/><W50/><G50/><T64/><D40/><U113/><E113/><V111/><F4/><W70/><G70/><T110/><D117/><U57/><E71/><V94/><F68/><W98/><G98/><T41/><D41/><U126/><E126/><V3/><F6/><W17/><G17/><T54/><D134/><U37/><E37/><V133/><F38/><W69/><G69/><T90/><D105/><U81/><E91/><AGARI ba="0,1" hai="24,25,26,36,39,46,48,53,82,84,91,96,101,104" machi="91" ten="40,2600,0" yaku="1,1,53,1" doraHai="31" doraHaiUra="42" who="3" fromWho="1" sc="173,0,250,-26,327,0,240,36" /><INIT seed="2,0,0,4,0,17" ten="173,224,327,276" oya="2" hai0="29,43,88,77,24,124,81,54,25,55,22,122,23" hai1="100,33,94,133,96,119,68,126,60,67,34,73,91" hai2="59,116,130,62,26,107,89,46,93,32,80,90,103" hai3="51,70,38,39,112,117,20,114,99,0,37,44,75"/><V1/><F116/><W9/><G75/><T66/><D122/><U83/><E119/><V79/><F130/><W53/><G117/><T19/><D124/><U52/><E126/><V21/><F32/><W113/><G70/><T98/><D66/><U85/><E133/><V27/><F1/><W31/><G99/><T110/><D110/><U134/><E134/><V2/><F2/><W49/><G49/><T13/><D43/><U104/><REACH who="1" step="1"/><E52/><REACH who="1" ten="173,214,327,276" step="2"/><V28/><F27/><N who="3" m="16871" /><G0/><T64/><D64/><U3/><E3/><V58/><F46/><N who="3" m="27895" /><G9/><T42/><D42/><AGARI ba="0,1" hai="37,38,39,42,44,112,113,114" m="27895,16871" machi="42" ten="30,2000,0" yaku="11,1,52,1" doraHai="17" who="3" fromWho="0" sc="173,-20,214,0,327,0,276,30" /><INIT seed="3,0,0,3,0,52" ten="153,214,327,306" oya="3" hai0="3,21,16,44,4,113,54,58,49,93,94,125,36" hai1="50,8,87,26,2,47,0,80,20,77,110,120,103" hai2="84,106,127,134,69,60,56,102,62,5,57,116,88" hai3="65,105,46,92,61,97,99,35,123,83,7,15,14"/><W98/><G35/><T28/><D125/><U117/><E120/><V119/><F127/><W10/><G123/><T91/><D113/><U38/><E110/><V41/><F134/><W59/><G105/><T32/><D32/><U67/><E117/><V128/><F128/><W68/><G68/><T81/><D28/><U18/><E38/><V29/><F69/><W73/><G15/><T39/><D4/><U131/><E131/><V17/><F106/><W135/><G135/><T25/><D3/><U78/><E103/><V70/><F102/><W129/><G129/><T89/><D81/><U27/><E27/><V53/><F70/><W96/><G46/><T133/><D133/><U115/><E115/><V95/><F41/><W79/><REACH who="3" step="1"/><G99/><REACH who="3" ten="153,214,327,296" step="2"/><T51/><D44/><U1/><E1/><V37/><F119/><W9/><G9/><T122/><D122/><U71/><E8/><V121/><F116/><W19/><G19/><T118/><D118/><U11/><E11/><V13/><F121/><W126/><G126/><T101/><D49/><U30/><E18/><V12/><F17/><W132/><G132/><T75/><D39/><U64/><E2/><V63/><F37/><W6/><G6/><T124/><D36/><U24/><E0/><V100/><F5/><W66/><G66/><N who="1" m="25130" /><E71/><V114/><F114/><W55/><G55/><T23/><D124/><U86/><E26/><V74/><F53/><W90/><AGARI ba="0,1" hai="7,10,14,59,61,65,73,79,83,90,92,96,97,98" machi="90" ten="20,7800,0" yaku="1,1,0,1,7,1,52,1,53,0" doraHai="52" doraHaiUra="82" who="3" fromWho="3" sc="153,-26,214,-26,327,-26,296,88" /><INIT seed="3,1,0,1,1,52" ten="127,188,301,384" oya="3" hai0="84,78,31,39,41,7,109,63,132,133,80,11,131" hai1="53,59,4,120,92,105,28,13,129,36,50,90,114" hai2="19,69,67,107,42,75,46,72,86,15,35,103,95" hai3="55,87,3,62,126,113,79,100,26,116,122,85,110"/><W101/><G113/><T18/><D109/><U119/><E114/><V71/><F35/><W56/><G3/><T40/><D31/><U27/><E120/><V23/><F107/><W102/><G122/><T20/><D131/><U134/><E129/><V77/><F103/><W115/><G115/><T70/><D39/><U17/><E134/><N who="0" m="51817" /><D63/><U118/><E105/><V9/><F71/><W88/><G116/><N who="1" m="44586" /><E4/><V45/><F69/><W123/><G110/><T1/><D70/><U64/><E64/><V29/><F67/><W2/><G2/><T98/><D98/><N who="1" m="57623" /><E36/><V21/><F75/><W117/><G123/><T94/><D94/><U58/><E17/><V68/><F19/><W93/><G117/><T22/><D22/><N who="1" m="15479" /><E13/><AGARI ba="1,0" hai="1,7,11,13,18,20,40,41,78,80,84" m="51817" machi="13" ten="30,1000,0" yaku="20,1" doraHai="52" who="0" fromWho="1" sc="127,13,188,-13,301,0,384,0" /><INIT seed="4,0,0,2,2,32" ten="140,175,301,384" oya="0" hai0="17,20,39,117,113,45,58,26,99,89,80,40,48" hai1="4,121,114,112,134,44,50,47,23,119,93,71,24" hai2="43,14,92,124,0,118,72,78,128,35,15,22,38" hai3="86,27,10,125,12,97,62,132,61,53,30,120,54"/><T68/><D117/><U108/><E119/><V98/><F118/><W90/><G132/><T94/><D113/><N who="1" m="43627" /><E108/><V34/><F38/><W109/><G109/><T2/><D68/><U73/><E134/><V79/><F43/><W51/><G97/><T7/><D80/><U105/><E105/><V42/><F42/><W122/><G125/><T67/><D67/><U131/><E131/><V28/><F72/><W13/><G13/><T9/><REACH who="0" step="1"/><D58/><REACH who="0" ten="130,175,301,384" step="2"/><U75/><E71/><V55/><F128/><W135/><G135/><T66/><D66/><U8/><E121/><V115/><F124/><W5/><G122/><T64/><D64/><U88/><E75/><V87/><F115/><W1/><G120/><T101/><D101/><U57/><E57/><V116/><F116/><W63/><G1/><T31/><D31/><N who="1" m="17823" /><E73/><V70/><F70/><W19/><G30/><T84/><D84/><N who="1" m="52359" /><E50/><AGARI ba="0,1" hai="2,7,9,17,20,26,39,40,45,48,50,89,94,99" machi="50" ten="40,3900,0" yaku="1,1,52,1,53,0" doraHai="32" doraHaiUra="130" who="0" fromWho="1" sc="130,49,175,-39,301,0,384,0" /><INIT seed="4,1,0,3,4,117" ten="179,136,301,384" oya="0" hai0="7,46,18,19,31,89,91,99,65,133,123,111,103" hai1="132,112,109,79,2,30,80,88,135,82,34,94,47" hai2="48,28,67,3,60,97,32,22,40,54,124,92,63" hai3="25,101,51,0,41,4,90,64,16,120,77,130,114"/><T113/><D113/><U35/><E109/><V1/><F32/><W95/><G114/><T102/><D111/><U37/><E112/><V83/><F40/><W85/><G130/><T75/><D133/><N who="1" m="51275" /><E2/><V13/><F124/><W100/><G64/><T98/><D75/><N who="1" m="43135" /><E82/><V11/><F83/><W71/><G120/><T58/><D31/><U6/><E6/><V105/><F105/><W96/><G71/><T119/><D7/><U128/><E128/><V8/><F1/><W27/><G4/><T121/><D65/><U43/><E30/><V73/><F73/><W115/><G0/><T72/><D72/><U57/><E57/><N who="2" m="37359" /><F3/><W93/><G77/><T118/><D46/><U14/><E14/><V49/><F13/><W26/><G115/><T24/><D24/><U62/><E62/><V36/><F60/><W17/><G101/><T127/><REACH who="0" step="1"/><D58/><REACH who="0" ten="169,136,301,384" step="2"/><U66/><E66/><V55/><F28/><W39/><G39/><T70/><D70/><U129/><E129/><V33/><F36/><W74/><G74/><T15/><D15/><U21/><E21/><V53/><F22/><W107/><G27/><T12/><D12/><U56/><E56/><V125/><F125/><AGARI ba="1,1" hai="18,19,89,91,98,99,102,103,118,119,121,123,125,127" machi="125" ten="25,12000,1" yaku="1,1,22,2,52,2,53,0" doraHai="117" doraHaiUra="106" who="0" fromWho="2" sc="169,133,136,0,301,-123,384,0" /><INIT seed="4,2,0,1,0,131" ten="302,136,178,384" oya="0" hai0="126,76,2,120,59,5,49,21,29,40,114,39,33" hai1="133,84,121,45,97,67,26,128,16,47,60,19,117" hai2="100,1,125,106,69,66,9,98,91,116,62,34,90" hai3="35,27,38,12,132,108,41,28,78,85,36,50,112"/><T129/><D39/><U37/><E128/><V24/><F116/><W89/><G108/><T99/><D33/><U31/><E121/><V53/><F125/><W81/><G132/><T96/><D129/><U88/><E133/><V124/><F124/><W65/><G112/><T22/><D120/><U51/><E37/><V32/><F53/><W8/><G65/><T48/><D126/><U83/><E97/><V25/><F25/><W75/><G50/><T57/><D76/><U7/><E7/><N who="2" m="1263" /><F34/><W13/><G13/><T3/><D5/><U72/><E72/><V87/><F87/><W95/><G41/><T73/><D40/><U30/><E117/><V102/><F102/><W54/><G54/><T82/><D82/><U94/><E94/><V52/><F52/><W42/><G42/><T134/><D29/><AGARI ba="2,0" hai="24,29,32,62,66,69,90,91,98,100,106" m="1263" machi="29" ten="30,1000,0" yaku="25,1" doraHai="131" who="2" fromWho="0" sc="302,-16,136,0,178,16,384,0" /><INIT seed="5,0,0,5,2,129" ten="286,136,194,384" oya="1" hai0="85,84,118,90,91,15,96,99,128,116,61,38,10" hai1="30,120,29,40,43,2,79,127,82,134,17,0,51" hai2="46,73,9,110,123,109,53,52,117,49,27,16,50" hai3="35,106,130,21,41,72,54,86,11,28,44,67,119"/><U13/><E120/><V98/><F123/><W20/><G72/><T114/><D128/><U14/><E127/><V8/><F117/><W24/><G106/><T5/><D38/><U1/><E51/><V88/><F73/><W93/><G130/><T62/><D114/><U45/><E45/><N who="2" m="27695" /><F110/><W124/><G119/><T18/><D5/><U83/><E17/><V4/><F109/><W34/><G67/><T48/><D48/><U103/><E103/><V22/><F4/><W37/><G54/><T57/><D57/><U68/><E68/><V121/><F121/><W131/><G131/><T6/><D6/><U7/><E7/><V100/><F100/><W23/><G11/><T60/><D116/><U69/><E69/><V65/><F65/><W42/><G42/><N who="1" m="15914" /><E79/><V94/><AGARI ba="0,0" hai="8,9,16,22,27,46,50,53,88,94,98" m="27695" machi="94" ten="30,7900,0" yaku="8,1,54,3" doraHai="129" who="2" fromWho="2" sc="286,-20,136,-39,194,79,384,-20" /><INIT seed="6,0,0,4,3,101" ten="266,97,273,364" oya="2" hai0="24,97,48,69,32,20,14,16,125,13,10,95,132" hai1="92,45,118,50,71,63,90,56,42,70,44,23,21" hai2="81,124,6,127,107,83,68,51,18,82,0,49,109" hai3="77,38,98,64,112,104,57,62,93,89,8,135,76"/><V119/><F119/><W54/><G38/><T40/><D69/><N who="1" m="26123" /><E23/><V79/><F68/><W35/><G104/><T134/><D125/><N who="2" m="48202" /><F79/><W78/><G35/><T59/><D32/><U103/><E103/><V80/><F109/><W26/><G135/><N who="0" m="51755" /><D10/><U2/><E2/><V113/><F113/><W9/><G112/><T75/><D75/><U133/><E133/><V60/><F60/><W53/><G26/><T27/><D27/><U121/><E21/><V130/><F130/><W73/><G73/><T15/><D40/><N who="1" m="24839" /><E90/><V117/><F117/><W31/><G31/><T85/><D85/><U43/><E118/><V105/><N who="2" m="20480" /><DORA hai="37" /><V4/><F18/><W111/><G111/><T110/><D110/><U66/><E92/><V22/><F22/><W65/><G9/><T41/><D95/><U131/><E131/><V61/><F61/><N who="3" m="36015" /><G8/><T25/><D97/><U102/><E102/><V67/><F0/><W5/><G5/><N who="2" m="2153" /><F67/><W108/><G108/><T128/><D128/><U39/><E43/><V19/><F19/><W96/><G65/><T106/><D41/><U126/><E126/><V1/><F1/><W87/><G64/><T29/><D29/><U58/><E121/><V99/><F99/><W55/><G98/><T7/><D7/><U74/><E74/><V34/><F34/><W33/><G33/><T11/><D11/><U114/><E114/><V84/><F84/><W17/><G96/><T28/><D28/><U36/><E36/><V123/><F123/><W52/><G17/><T100/><D24/><U120/><E120/><V129/><F129/><W122/><G122/><RYUUKYOKU ba="0,0" sc="266,-30,97,10,273,10,364,10" hai1="39,42,45,56,58,63,66" hai2="49,51,105,107" hai3="52,54,55,62,76,77,78,87,89,93" /><INIT seed="6,1,0,5,5,37" ten="236,107,283,374" oya="2" hai0="118,44,78,68,58,70,62,52,94,110,35,25,22" hai1="73,82,125,76,87,45,15,128,19,26,2,124,131" hai2="21,95,93,51,83,77,91,63,32,84,103,133,134" hai3="108,57,66,96,99,28,34,88,123,48,117,98,113"/><V0/><F32/><W64/><G117/><T38/><D110/><U101/><E2/><V30/><F0/><W8/><G108/><T107/><D107/><U3/><E3/><V14/><F63/><W135/><G123/><T69/><D35/><U16/><E101/><V18/><F30/><W61/><G66/><T6/><D118/><U100/><E100/><V116/><F116/><W55/><G135/><T40/><D6/><U72/><E26/><V130/><F130/><N who="1" m="49705" /><E45/><V36/><F36/><W59/><G113/><T47/><D94/><U97/><E97/><V129/><F129/><W12/><G28/><T89/><D89/><U39/><E39/><V102/><F95/><N who="3" m="56423" /><G34/><T10/><D78/><U92/><E92/><V121/><F103/><W46/><G46/><T120/><D120/><U43/><E43/><V111/><F121/><W104/><G104/><T80/><D44/><U56/><E56/><V50/><F102/><W115/><G115/><T23/><D80/><U126/><E19/><AGARI ba="1,0" hai="8,12,19,48,55,57,59,61,64,98,99" m="56423" machi="19" ten="30,2000,0" yaku="8,1,54,1" doraHai="37" who="3" fromWho="1" sc="236,0,107,-23,283,0,374,23" /><INIT seed="7,0,0,0,4,132" ten="236,84,283,397" oya="3" hai0="50,58,112,29,72,76,48,135,120,18,73,114,69" hai1="20,79,45,30,78,36,91,44,134,84,111,28,66" hai2="57,2,61,32,27,9,74,107,0,34,71,49,59" hai3="47,96,21,92,26,101,105,25,42,41,97,122,68"/><W75/><G75/><T1/><D120/><U86/><E134/><V128/><F74/><N who="0" m="28778" /><D69/><U104/><E104/><V129/><F107/><W115/><G68/><T19/><D29/><U7/><E111/><V123/><F123/><W14/><G122/><T85/><D1/><N who="2" m="618" /><F9/><W39/><G42/><T83/><D135/><U93/><E36/><V89/><F89/><W4/><G115/><N who="0" m="44075" /><D58/><N who="2" m="22026" /><F49/><AGARI ba="0,0" hai="18,19,48,49,50,76,83,85" m="44075,28778" machi="49" ten="30,2000,0" yaku="15,1,11,1" doraHai="132" who="0" fromWho="2" sc="236,20,84,0,283,-20,397,0" owari="256,-14.0,84,-42.0,263,6.0,397,50.0" /></mjloggm>