<mjloggm ver="2.3"><GO type="169" lobby="0"/><UN n0="%E3%81%B2%E3%81%A3%E3%81%93%E3%82%8D%32%36" n1="%31%74%61" n2="%E3%82%82%E3%83%BC%E3%82%8A%E3%83%BC" n3="%73%61%6C%61%6D%61%6E" dan="16,17,16,16" rate="2100.26,2179.65,2181.12,2113.37" sx="M,M,M,M"/><TAIKYOKU oya="0"/><INIT seed="0,0,0,5,1,132" ten="250,250,250,250" oya="0" hai0="14,16,90,60,4,80,13,19,85,31,78,130,97" hai1="42,9,99,25,86,22,66,115,47,126,27,51,40" hai2="74,29,26,35,71,128,135,127,72,43,39,113,102" hai3="118,6,77,125,10,62,50,67,24,20,108,15,83"/><T5/><D130/><U8/><E115/><V98/><F113/><W34/><G108/><T119/><D119/><U116/><E116/><V93/><F128/><W44/><G118/><T54/><D31/><U56/><E126/><V65/><F135/><W82/><G34/><T131/><D131/><U36/><E36/><V94/><F94/><W52/><G77/><T100/><D78/><U73/><E73/><V76/><F93/><W96/><G96/><T2/><D2/><U38/><E38/><V101/><F101/><W107/><G107/><T53/><D60/><N who="1" m="38151" /><E99/><V17/><F17/><N who="0" m="6730" /><D97/><U0/><E0/><V105/><F127/><W1/><G1/><T69/><D69/><U59/><E42/><V70/><F76/><W109/><G109/><T87/><D100/><U45/><E45/><N who="2" m="23807" /><F71/><W11/><G11/><N who="1" m="4170" /><E22/><V3/><F3/><W48/><G48/><T104/><D104/><U91/><E59/><V32/><F35/><W120/><G120/><T121/><D121/><U55/><E40/><V89/><F89/><W64/><G125/><T30/><D30/><U95/><AGARI ba="0,0" hai="25,27,47,51,55,86,91,95" m="4170,38151" machi="95" ten="30,1100,0" yaku="8,1" doraHai="132" who="1" fromWho="1" sc="250,-5,250,11,250,-3,250,-3" /><INIT seed="1,0,0,2,1,62" ten="245,261,247,247" oya="1" hai0="48,127,6,81,58,80,90,64,85,106,16,122,99" hai1="45,20,119,26,105,66,100,4,65,11,7,123,73" hai2="134,44,36,117,54,30,41,13,104,87,92,25,12" hai3="103,91,35,113,129,9,27,76,83,132,88,49,77"/><U130/><E119/><V57/><F104/><W59/><G113/><T111/><D111/><U96/><E123/><V74/><F74/><W78/><G129/><T24/><D127/><U2/><E130/><V120/><F134/><W61/><G132/><T47/><D6/><U79/><E7/><V67/><F120/><W52/><G103/><T31/><D31/><U84/><E73/><V72/><F72/><W51/><G35/><T3/><D3/><U75/><E75/><V15/><F117/><W82/><G27/><T8/><D99/><U28/><REACH who="1" step="1"/><E45/><REACH who="1" ten="245,251,247,247" step="2"/><V115/><F115/><W34/><G34/><T43/><D122/><U102/><E102/><V86/><F92/><W18/><G18/><T17/><D106/><U1/><E1/><V107/><F107/><W101/><G101/><T60/><D17/><U56/><E56/><V22/><F87/><W97/><G97/><T98/><D98/><U70/><E70/><V38/><F86/><W109/><G109/><T14/><D24/><U46/><E46/><V112/><F112/><W10/><G82/><AGARI ba="0,1" hai="8,14,16,43,47,48,58,60,64,80,81,82,85,90" machi="82" ten="30,7700,0" yaku="7,1,8,1,52,1,54,1" doraHai="62" who="0" fromWho="3" sc="245,87,251,0,247,0,247,-77" /><AGARI ba="0,0" hai="2,4,11,20,26,28,65,66,79,82,84,96,100,105" machi="82" ten="40,7700,0" yaku="1,1,52,2,53,0" doraHai="62" doraHaiUra="118" who="1" fromWho="3" sc="332,0,251,77,247,0,170,-77" /><INIT seed="1,1,0,0,4,117" ten="332,328,247,93" oya="1" hai0="12,35,91,115,59,58,25,62,102,20,38,135,3" hai1="89,0,48,81,53,11,133,94,120,7,128,40,26" hai2="19,17,93,16,78,18,114,109,72,36,60,1,57" hai3="41,130,97,24,96,56,30,74,75,37,10,125,98"/><U99/><E128/><V46/><F109/><W6/><G130/><T22/><D38/><U43/><E133/><V105/><F105/><W87/><G125/><T70/><D3/><U79/><E120/><V132/><F132/><W33/><G87/><T95/><D102/><U124/><E26/><V8/><F114/><W63/><G41/><T86/><D35/><U126/><E126/><V122/><F93/><W92/><G92/><T71/><D59/><U49/><E49/><V123/><F57/><W14/><REACH who="3" step="1"/><G37/><REACH who="3" ten="332,328,247,83" step="2"/><T42/><D42/><U21/><E124/><V50/><F36/><W110/><G110/><T51/><D95/><U111/><E111/><V134/><F134/><W66/><AGARI ba="1,1" hai="6,10,14,24,30,33,56,63,66,74,75,96,97,98" machi="66" ten="30,2000,0" yaku="1,1,0,1,53,0" doraHai="117" doraHaiUra="15" who="3" fromWho="3" sc="332,-6,328,-11,247,-6,83,33" /><INIT seed="2,0,0,0,1,104" ten="326,317,241,116" oya="2" hai0="9,52,113,35,22,130,100,47,109,88,86,60,25" hai1="21,101,18,28,10,64,66,31,19,26,11,7,96" hai2="131,17,106,1,39,38,95,16,127,110,32,82,85" hai3="44,62,132,12,107,78,53,20,37,5,36,45,48"/><V70/><F106/><W27/><G132/><T72/><D113/><U115/><E115/><V69/><F1/><W6/><G107/><T15/><D72/><U76/><E76/><V63/><F32/><W123/><G123/><T105/><D35/><U13/><E28/><V87/><F127/><W91/><G62/><T84/><D84/><U114/><E114/><V75/><F63/><W58/><G91/><T119/><D119/><U54/><E54/><V34/><F34/><W33/><G33/><T24/><D22/><U61/><E11/><V8/><F8/><W77/><G37/><T125/><D125/><U30/><E30/><V14/><F95/><W97/><G97/><T118/><D118/><U126/><E126/><V42/><F42/><W94/><G94/><T2/><D2/><U102/><E64/><V93/><F93/><W65/><G36/><T134/><D134/><U0/><E96/><V90/><F90/><W116/><G116/><T49/><D60/><U124/><E124/><V56/><F56/><W120/><G120/><T81/><D130/><U50/><E50/><V133/><F133/><W59/><G65/><T46/><D46/><N who="3" m="18025" /><G59/><T99/><D109/><U43/><E43/><V103/><F110/><W121/><G121/><T89/><D89/><U67/><E67/><V4/><F131/><W29/><G5/><AGARI ba="0,0" hai="5,9,15,24,25,47,49,52,81,86,88,99,100,105" machi="5" ten="30,3900,0" yaku="7,1,54,2" doraHai="104" who="0" fromWho="3" sc="326,39,317,0,241,0,116,-39" /><INIT seed="3,0,0,3,3,120" ten="365,317,241,77" oya="3" hai0="117,22,37,119,17,9,131,92,15,71,20,45,82" hai1="26,23,116,101,35,108,70,47,53,109,46,58,93" hai2="5,85,123,112,34,96,94,21,57,6,59,80,28" hai3="61,2,36,49,104,113,29,12,110,27,132,134,33"/><W111/><G36/><T62/><D131/><U32/><E70/><V51/><F34/><W75/><G113/><T84/><D92/><U133/><E133/><N who="3" m="51306" /><G2/><T99/><D99/><N who="1" m="59631" /><E116/><V105/><F105/><W121/><G121/><T122/><D22/><U97/><E97/><V115/><F112/><W89/><G104/><T40/><D122/><U50/><E32/><V31/><F115/><W88/><G75/><T76/><D62/><U8/><E8/><V106/><F106/><W129/><G129/><T95/><D71/><U18/><E35/><V25/><F31/><W83/><G61/><T68/><D95/><U67/><E67/><V63/><F51/><W130/><G130/><T41/><D68/><U11/><E11/><V10/><F123/><W87/><G12/><T54/><D54/><U3/><E3/><V125/><F10/><W66/><G66/><T56/><D41/><U126/><E126/><V81/><F125/><W14/><G14/><T72/><D56/><U43/><E43/><V78/><F59/><W44/><G89/><T135/><D135/><U1/><E1/><V100/><REACH who="2" step="1"/><F81/><REACH who="2" ten="365,317,231,77" step="2"/><W16/><G16/><T103/><D17/><U24/><E26/><V124/><F124/><W86/><G86/><T79/><D84/><U0/><E0/><V38/><F38/><W19/><G19/><T90/><D37/><U64/><E64/><AGARI ba="0,1" hai="5,6,21,25,28,57,63,64,78,80,85,94,96,100" machi="64" ten="30,12000,2" yaku="1,1,7,1,25,2,8,1,53,1" doraHai="120" doraHaiUra="91" who="2" fromWho="1" sc="365,0,317,-120,231,130,77,0" /><INIT seed="4,0,0,2,0,44" ten="365,197,361,77" oya="0" hai0="133,12,21,31,131,52,18,134,73,23,111,105,81" hai1="36,28,130,122,86,26,56,15,109,118,57,33,53" hai2="84,61,106,6,40,124,96,32,64,45,47,114,129" hai3="107,87,48,5,19,116,115,69,113,42,104,46,14"/><T103/><D105/><U80/><E109/><V3/><F124/><W128/><G116/><T66/><D66/><U93/><E118/><V92/><F129/><W50/><G128/><T20/><D103/><U17/><E130/><V97/><F32/><W72/><G72/><T8/><D131/><U71/><E71/><V123/><F47/><N who="3" m="25719" /><G5/><T58/><D31/><U101/><E36/><V110/><F97/><W94/><G69/><T88/><D111/><U41/><E41/><V43/><F92/><W30/><G30/><T39/><D39/><U11/><E122/><V7/><F84/><W108/><G108/><T119/><D119/><U51/><E93/><V90/><F90/><W76/><G76/><T63/><REACH who="0" step="1"/><D73/><REACH who="0" ten="355,197,361,77" step="2"/><U121/><E101/><V79/><F64/><W77/><G104/><T59/><D59/><U22/><E121/><V34/><F106/><W117/><G107/><T75/><D75/><U126/><E126/><V70/><F70/><W24/><G117/><T99/><D99/><U132/><E132/><V16/><F96/><W37/><G37/><T9/><D9/><U10/><E56/><V91/><F110/><W98/><G98/><T0/><D0/><U74/><E74/><V62/><F3/><W89/><G87/><AGARI ba="0,1" hai="8,12,18,20,21,23,52,58,63,81,87,88,133,134" machi="87" ten="40,7700,0" yaku="1,1,54,2,53,0" doraHai="44" doraHaiUra="2" who="0" fromWho="3" sc="355,87,197,0,361,0,77,-77" /><INIT seed="4,1,0,3,0,131" ten="442,197,361,0" oya="0" hai0="4,125,80,132,26,36,64,16,13,59,87,62,0" hai1="90,25,53,55,127,44,31,56,20,33,41,85,72" hai2="42,19,37,113,114,104,7,17,121,84,74,5,6" hai3="94,126,54,123,95,21,91,98,122,129,52,47,118"/><T110/><D110/><U86/><E72/><V49/><F74/><W128/><G118/><T39/><D125/><U67/><E127/><V107/><F37/><W28/><G126/><T14/><D0/><U109/><E109/><V2/><F2/><W116/><G116/><T82/><D82/><U12/><E86/><V119/><F119/><W61/><G94/><T100/><D100/><U106/><E106/><N who="2" m="40491" /><F84/><W130/><G47/><T48/><D48/><N who="1" m="26639" /><E33/><V83/><F49/><W135/><G135/><T63/><D132/><U99/><E99/><V70/><F42/><W102/><G102/><T22/><D63/><N who="1" m="38375" /><E12/><V105/><F70/><W103/><G103/><T3/><D3/><U60/><E60/><V15/><F15/><W79/><G79/><T35/><D35/><U10/><E10/><V115/><N who="2" m="40499" /><V68/><DORA hai="78" /><F68/><W89/><G89/><N who="0" m="51431" /><D36/><U81/><AGARI ba="1,0" hai="20,25,31,53,55,81,85,90" m="38375,26639" machi="81" ten="30,2000,0" yaku="8,1,52,1" doraHai="131,78" who="1" fromWho="1" sc="442,-11,197,23,361,-6,0,-6" owari="431,53.0,220,-18.0,355,16.0,-6,-51.0" /></mjloggm>