<mjloggm ver="2.3"><GO type="225" lobby="0"/><UN n0="%E8%A8%88%E7%AE%97%E6%A9%9F%E8%87%AA%E7%84%B6" n1="%E3%81%AF%E3%82%88%E3%81%8A%E3%81%98%E3%81%95%E3%82%93" n2="%E7%AB%8B%E7%9B%B4%E5%A5%BD%E6%A3%92%40%E5%BF%98" n3="%6B%79%6F%6E%6B%6F%31%31" dan="17,17,17,17" rate="2275.22,2112.26,2218.55,2206.22" sx="M,M,M,M"/><TAIKYOKU oya="0"/><INIT seed="0,0,0,4,2,48" ten="250,250,250,250" oya="0" hai0="24,126,60,52,109,105,4,80,44,16,35,90,2" hai1="39,41,104,62,64,123,10,34,0,32,26,74,27" hai2="134,124,40,37,127,91,122,96,19,113,103,92,53" hai3="128,131,111,132,85,43,107,110,22,7,47,115,69"/><T1/><D105/><U99/><E123/><V45/><F122/><W82/><G69/><T6/><D126/><U17/><E74/><V93/><F113/><W87/><G115/><T28/><D109/><N who="3" m="41481" /><G107/><T117/><D117/><U73/><E73/><V14/><F134/><W46/><G7/><T68/><D68/><U88/><E41/><V76/><F76/><W83/><G22/><N who="0" m="13383" /><D35/><U125/><E39/><V108/><F108/><W78/><G132/><T29/><D1/><U101/><E125/><N who="2" m="48203" /><F53/><W9/><G9/><T59/><D2/><U72/><E72/><V33/><F33/><W3/><G3/><T89/><D44/><N who="3" m="16937" /><G43/><T130/><D130/><N who="3" m="49705" /><G78/><T65/><D65/><U61/><E64/><V8/><F91/><N who="0" m="34826" /><D80/><AGARI ba="0,0" hai="80,82,83,85,87" m="49705,16937,41481" machi="80" ten="40,8000,1" yaku="28,2,14,1,19,1" doraHai="48" who="3" fromWho="0" sc="250,-80,250,0,250,0,250,80" /><INIT seed="1,0,0,0,1,101" ten="170,250,250,330" oya="1" hai0="42,108,1,78,117,113,11,82,56,100,54,18,125" hai1="89,29,84,130,121,97,81,7,85,5,8,131,77" hai2="123,75,91,71,6,17,115,30,99,67,88,37,114" hai3="28,112,90,118,16,49,93,63,45,124,76,79,58"/><U46/><E121/><V0/><F123/><W104/><G112/><N who="2" m="43049" /><F75/><W134/><G104/><T25/><D113/><U44/><E29/><V33/><F37/><W102/><G102/><T22/><D117/><U12/><E5/><V35/><F17/><W55/><G28/><T70/><D70/><U109/><E109/><V3/><F99/><W31/><G31/><T111/><D125/><U32/><E32/><N who="2" m="12363" /><F30/><W14/><G134/><T27/><D100/><U135/><E135/><V39/><F39/><W53/><G124/><T96/><D96/><U4/><E4/><V94/><F94/><W98/><REACH who="3" step="1"/><G118/><REACH who="3" ten="170,250,250,320" step="2"/><T62/><D111/><U51/><E131/><V65/><F71/><W2/><G2/><N who="2" m="553" /><F6/><W106/><G106/><T23/><D108/><U9/><E130/><V120/><F120/><W110/><G110/><T74/><D1/><U38/><E7/><V68/><F68/><W132/><G132/><T107/><D107/><U15/><E38/><V69/><F69/><W87/><G87/><T57/><D74/><U36/><E36/><V80/><F80/><W92/><G92/><T43/><D82/><U127/><E127/><V105/><F105/><W119/><G119/><T21/><D18/><U41/><E97/><V20/><F20/><AGARI ba="0,1" hai="14,16,20,45,49,53,55,58,63,76,79,90,93,98" machi="20" ten="30,8000,1" yaku="1,1,7,1,8,1,54,1,53,1" doraHai="101" doraHaiUra="47" who="3" fromWho="2" sc="170,0,250,0,250,-80,320,90" /><INIT seed="2,0,0,3,0,3" ten="170,250,170,410" oya="2" hai0="96,131,92,62,14,107,1,19,133,36,77,80,54" hai1="35,46,75,6,58,27,29,48,103,30,7,83,121" hai2="100,24,64,132,65,117,93,28,43,90,51,50,73" hai3="119,113,31,15,18,39,91,105,44,17,9,2,60"/><V81/><F117/><W55/><G105/><T123/><D123/><U110/><E121/><V98/><F132/><W5/><G119/><T115/><D115/><U109/><E30/><V134/><F134/><W108/><G108/><N who="1" m="41578" /><E103/><V26/><F26/><W13/><G2/><T21/><D133/><U33/><E58/><V129/><F129/><W118/><G39/><T66/><D36/><U82/><E35/><V112/><F112/><W76/><G31/><T122/><D122/><U23/><E33/><V47/><F51/><W34/><G76/><T25/><D1/><U85/><E75/><V56/><F56/><W102/><G102/><T49/><D107/><U99/><E99/><V127/><F127/><W114/><G34/><T41/><D131/><U86/><E86/><V40/><F40/><W104/><G104/><T128/><D41/><N who="1" m="24655" /><E83/><V59/><F59/><W37/><G118/><T89/><D128/><U38/><E38/><V87/><REACH who="2" step="1"/><F73/><REACH who="2" ten="170,250,160,410" step="2"/><W10/><G114/><T126/><D126/><U45/><E45/><V11/><F11/><W61/><G113/><T52/><D49/><U12/><E12/><V32/><AGARI ba="0,1" hai="24,28,32,43,47,50,64,65,81,87,90,93,98,100" machi="32" ten="20,7800,0" yaku="1,1,0,1,7,1,53,1" doraHai="3" doraHaiUra="20" who="2" fromWho="2" sc="170,-26,250,-26,160,88,410,-26" /><INIT seed="2,1,0,5,2,40" ten="144,224,248,384" oya="2" hai0="99,114,25,94,111,68,96,46,63,5,59,15,90" hai1="104,116,18,60,24,6,122,106,14,118,70,7,62" hai2="109,20,9,100,19,71,120,113,56,79,91,77,88" hai3="127,98,93,21,23,105,115,72,121,76,48,87,97"/><V53/><F71/><W35/><G35/><T110/><D114/><U107/><E24/><V125/><F113/><W92/><G72/><T66/><D68/><U32/><E32/><V16/><F120/><W133/><G105/><T102/><D5/><U13/><E70/><V61/><F125/><W65/><G65/><T12/><D25/><U82/><E82/><V26/><F100/><W129/><G129/><T27/><D27/><U1/><E18/><V29/><F109/><W101/><G133/><T131/><D131/><U50/><E50/><V51/><F29/><W11/><G11/><T84/><D99/><U119/><E1/><V124/><F124/><W41/><G121/><T52/><D111/><U81/><E81/><V30/><F77/><W54/><G41/><T67/><D110/><U39/><E39/><V0/><F79/><W80/><G127/><T117/><D117/><U8/><E122/><V38/><F38/><W28/><G28/><T135/><D135/><U74/><E74/><V112/><F112/><W95/><G115/><T73/><D73/><U108/><E108/><V42/><F0/><W89/><G95/><N who="0" m="58655" /><D67/><U22/><E22/><V34/><F34/><W49/><G49/><AGARI ba="1,0" hai="12,15,46,49,52,59,63,66,84,90,94" m="58655" machi="49" ten="30,3900,0" yaku="8,1,52,1,54,1" doraHai="40" who="0" fromWho="3" sc="144,42,224,0,248,0,384,-42" /><INIT seed="3,0,0,3,0,70" ten="186,224,248,342" oya="3" hai0="63,41,86,98,73,49,122,103,96,21,1,99,67" hai1="135,100,27,12,108,31,56,35,7,40,92,81,82" hai2="134,44,110,111,116,90,107,126,36,106,8,124,38" hai3="83,68,120,66,30,121,91,123,69,95,114,45,89"/><W119/><G114/><T47/><D73/><U132/><E108/><N who="2" m="41515" /><F90/><W129/><G119/><T85/><D122/><U78/><E40/><V64/><F44/><W105/><G105/><N who="2" m="39945" /><F64/><W22/><G45/><T29/><D1/><U48/><E48/><V17/><F134/><N who="1" m="51241" /><E56/><V10/><F17/><W60/><G68/><T14/><D103/><U102/><E92/><V4/><F116/><W39/><G89/><T20/><D29/><U72/><E82/><V46/><F46/><W42/><G83/><T113/><D113/><U79/><E78/><V131/><F131/><W53/><G129/><T77/><D77/><U58/><E58/><V61/><F61/><W133/><G133/><T57/><REACH who="0" step="1"/><D14/><REACH who="0" ten="176,224,248,342" step="2"/><U101/><E101/><V97/><F126/><W65/><G30/><T109/><D109/><U16/><E7/><V32/><F124/><W117/><G123/><T34/><D34/><U26/><E26/><V28/><F4/><W112/><G112/><T11/><D11/><AGARI ba="0,1" hai="11,12,16,27,31,35,72,79,81,100,102" m="51241" machi="11" ten="30,2000,0" yaku="20,1,54,1" doraHai="70" who="1" fromWho="0" sc="176,-20,224,30,248,0,342,0" owari="156,-34.0,254,5.0,248,-15.0,342,44.0" /></mjloggm>