<mjloggm ver="2.3"><GO type="169" lobby="0"/><UN n0="%E3%82%82%E3%82%8A%E3%81%96%E3%81%AD" n1="%E3%81%AF%E3%81%BF%E3%82%82%E3%82%93" n2="%6B%75%72%6F%35%35%36%36" n3="%75%34%6B%61%6D%6F%31%30" dan="16,18,16,16" rate="2157.01,2153.18,2088.27,2080.55" sx="M,M,M,M"/><TAIKYOKU oya="0"/><INIT seed="0,0,0,3,0,115" ten="250,250,250,250" oya="0" hai0="129,80,108,21,5,83,20,10,63,43,11,110,37" hai1="14,117,42,124,61,93,39,16,88,49,18,22,53" hai2="15,28,17,12,68,135,97,133,4,24,95,0,33" hai3="70,118,66,46,105,84,90,8,19,130,38,86,73"/><T67/><D129/><U78/><E124/><V112/><F68/><W89/><G73/><T75/><D43/><U99/><E117/><V29/><F112/><W59/><G70/><T121/><D121/><U6/><E39/><V74/><F74/><W126/><G105/><T65/><D37/><U111/><E111/><N who="0" m="42537" /><D20/><N who="1" m="11287" /><E78/><V27/><F95/><W106/><G106/><T2/><D10/><U47/><E6/><V119/><F97/><W92/><G8/><T32/><D32/><U87/><E61/><V54/><F54/><W132/><G38/><T55/><D21/><U56/><E99/><V98/><F98/><W34/><G34/><T58/><D75/><U62/><E22/><N who="2" m="11559" /><F119/><W51/><G118/><T131/><D131/><U109/><E109/><V35/><F15/><W120/><G120/><T134/><D134/><N who="2" m="51210" /><F4/><W57/><G130/><T36/><D36/><U85/><E85/><V82/><F82/><AGARI ba="0,0" hai="2,5,11,55,58,63,65,67,80,82,83" m="42537" machi="82" ten="30,2900,0" yaku="14,1,10,1" doraHai="115" who="0" fromWho="2" sc="250,29,250,0,250,-29,250,0" /><INIT seed="0,1,0,3,2,107" ten="279,250,221,250" oya="0" hai0="95,83,26,28,66,134,124,41,48,46,34,122,70" hai1="62,114,11,108,115,22,75,104,61,2,92,117,71" hai2="16,8,27,58,0,29,119,36,37,64,101,100,127" hai3="50,31,87,54,6,38,7,135,25,5,129,51,40"/><T30/><D122/><U130/><E61/><V103/><F127/><W24/><G135/><T56/><D124/><U106/><E22/><V19/><F119/><W79/><G129/><T47/><D134/><U98/><E11/><V125/><F125/><W111/><G111/><T15/><D30/><U77/><E62/><V85/><F36/><W49/><G38/><T99/><D70/><U3/><E71/><V68/><F37/><W59/><G40/><T14/><D66/><U86/><E3/><V102/><F68/><W69/><G69/><T53/><D83/><N who="1" m="45503" /><E2/><V42/><F0/><W78/><G87/><T32/><D32/><U90/><E108/><V60/><F42/><W65/><G65/><T23/><D34/><U33/><E33/><V121/><F121/><W94/><G94/><T91/><REACH who="0" step="1"/><D47/><REACH who="0" ten="269,250,221,250" step="2"/><U123/><E123/><V1/><F29/><W93/><G31/><T116/><D116/><U55/><E117/><V118/><F118/><W13/><G59/><T4/><D4/><U52/><E130/><V113/><F64/><W44/><G44/><T84/><D84/><U39/><E86/><V45/><F85/><W73/><G6/><T74/><D74/><U67/><E67/><V132/><F45/><W80/><G5/><T20/><D20/><U72/><E72/><V82/><F132/><W131/><G131/><T81/><D81/><U133/><E133/><V88/><F82/><W120/><G120/><T97/><D97/><U96/><E98/><V76/><F58/><W43/><G73/><T21/><D21/><U17/><E96/><V57/><F57/><RYUUKYOKU ba="1,1" sc="269,30,250,-10,221,-10,250,-10" hai0="14,15,23,26,28,41,46,48,53,56,91,95,99" /><INIT seed="0,2,1,3,3,107" ten="299,240,211,240" oya="0" hai0="22,55,13,86,109,83,31,76,114,1,42,48,33" hai1="98,117,72,124,36,122,79,129,126,29,116,14,77" hai2="21,53,71,111,63,115,2,84,108,60,131,57,99" hai3="134,40,26,69,87,121,130,27,89,45,4,120,82"/><T15/><D114/><U44/><E29/><V35/><F115/><W56/><G69/><T64/><D1/><U11/><E122/><N who="3" m="47210" /><G130/><T9/><D109/><N who="2" m="42058" /><F131/><W41/><G134/><T46/><D64/><U28/><E28/><V65/><F35/><W96/><G4/><T100/><D100/><U85/><E129/><V54/><F2/><W5/><G5/><T92/><D92/><U70/><E70/><V75/><F75/><W8/><G8/><T10/><D33/><U61/><E72/><V135/><F135/><W32/><G32/><T118/><D118/><U68/><E117/><V49/><F99/><W94/><G56/><T88/><D76/><U50/><E79/><V0/><F84/><W110/><G41/><T95/><D42/><U62/><E77/><V34/><F21/><W102/><G110/><T7/><D83/><U101/><E116/><V104/><F104/><W43/><G43/><T113/><D113/><U91/><E98/><V125/><F0/><W52/><G52/><T123/><D123/><U80/><E80/><V106/><F106/><W128/><G128/><T17/><REACH who="0" step="1"/><D31/><REACH who="0" ten="289,240,211,240" step="2"/><U97/><E101/><V23/><F34/><W105/><G105/><T81/><D81/><U16/><E91/><V93/><F93/><W103/><G103/><T73/><D73/><U51/><E97/><V132/><F132/><W78/><G102/><T6/><D6/><U47/><E85/><V25/><F65/><W90/><G78/><T20/><AGARI ba="2,2" hai="7,9,10,13,15,17,20,22,46,48,55,86,88,95" machi="20" ten="30,11700,0" yaku="1,1,0,1,8,1,54,1,53,0" doraHai="107" doraHaiUra="119" who="0" fromWho="0" sc="289,143,240,-41,211,-41,240,-41" /><INIT seed="0,3,0,4,1,54" ten="432,199,170,199" oya="0" hai0="127,120,59,81,24,64,73,66,5,23,98,45,62" hai1="39,28,134,52,40,22,131,51,34,63,128,20,36" hai2="129,50,68,124,9,60,94,72,29,46,2,116,8" hai3="93,49,133,95,76,123,78,82,100,112,69,61,113"/><T27/><D120/><U87/><E134/><V11/><F72/><W111/><G133/><T115/><D115/><U4/><E34/><V101/><F2/><W53/><G123/><T118/><D118/><U86/><E4/><V1/><F1/><W84/><G111/><T16/><D127/><U30/><E63/><V71/><F124/><W17/><G78/><T70/><D5/><U92/><E40/><V47/><F129/><W26/><G69/><T44/><D98/><U67/><E92/><V119/><F29/><W25/><G61/><T7/><D7/><U56/><E67/><V80/><F80/><W65/><G65/><T88/><D73/><U79/><E79/><V35/><F35/><W41/><G41/><T12/><D66/><U58/><E51/><V91/><F101/><W55/><G55/><AGARI ba="3,0" hai="20,22,28,30,36,39,52,55,56,58,86,87,128,131" machi="55" ten="25,8000,1" yaku="22,2,52,2,54,1" doraHai="54" who="1" fromWho="3" sc="432,0,199,89,170,0,199,-89" /><INIT seed="1,0,0,4,5,34" ten="432,288,170,110" oya="1" hai0="13,129,17,70,29,104,23,53,10,117,118,98,69" hai1="11,2,59,28,124,96,51,116,54,75,109,84,6" hai2="47,33,67,76,95,130,62,24,43,97,60,44,25" hai3="106,77,37,89,52,15,72,121,90,79,27,30,45"/><U4/><E116/><V64/><F130/><W74/><G121/><T86/><D129/><U91/><E75/><V5/><F76/><W36/><G106/><T73/><D73/><U93/><E124/><V16/><F5/><W55/><G15/><T35/><D69/><U48/><E109/><V78/><F78/><W22/><G22/><T58/><D70/><U46/><E28/><V7/><F7/><W19/><G19/><T127/><D127/><U39/><E6/><V50/><F33/><W119/><G27/><T80/><D35/><U41/><REACH who="1" step="1"/><E84/><REACH who="1" ten="432,278,170,110" step="2"/><V103/><F16/><W92/><G30/><T82/><D117/><U120/><E120/><V128/><F128/><W101/><G119/><T57/><D118/><U61/><AGARI ba="0,1" hai="2,4,11,39,41,46,48,51,54,59,61,91,93,96" machi="61" ten="20,7800,0" yaku="1,1,0,1,7,1,52,1,53,0" doraHai="34" doraHaiUra="132" who="1" fromWho="1" sc="432,-26,278,88,170,-26,110,-26" /><INIT seed="1,1,0,4,3,27" ten="406,366,144,84" oya="1" hai0="12,119,48,82,97,31,58,75,7,59,52,92,44" hai1="135,22,53,45,105,130,47,106,41,98,116,86,80" hai2="93,23,83,46,129,60,121,49,42,112,56,103,13" hai3="16,39,117,85,1,100,10,90,34,70,122,109,91"/><U40/><E116/><V113/><F121/><W66/><G122/><T14/><D119/><U68/><E68/><V127/><F129/><W79/><G117/><T126/><D126/><U95/><E130/><V33/><F33/><W4/><G39/><T63/><D31/><U94/><E135/><V89/><F127/><W78/><G109/><T81/><D59/><U24/><E53/><V0/><F0/><W54/><G100/><T29/><D29/><N who="1" m="17559" /><E106/><V76/><F103/><W32/><G54/><T17/><D7/><U64/><E105/><V124/><F124/><W111/><G66/><T96/><D75/><U110/><E64/><V87/><F23/><W5/><G70/><T118/><D118/><U131/><E110/><V15/><F113/><W8/><G111/><T102/><D97/><U28/><E28/><V73/><F112/><W26/><G26/><T72/><D72/><U9/><E9/><V57/><F57/><W101/><G85/><T84/><D84/><U120/><E120/><V69/><F69/><W88/><G91/><T104/><D104/><U21/><E21/><V37/><REACH who="2" step="1"/><F37/><REACH who="2" ten="406,366,134,84" step="2"/><W132/><G1/><T30/><D58/><U125/><E125/><V71/><F71/><W36/><G101/><T99/><D102/><U18/><E131/><V74/><F74/><W133/><REACH who="3" step="1"/><G36/><REACH who="3" ten="406,366,134,74" step="2"/><T19/><D63/><U35/><E35/><V108/><F108/><W62/><G62/><T134/><D48/><U67/><E67/><AGARI ba="1,2" hai="13,15,42,46,49,56,60,67,73,76,83,87,89,93" machi="67" ten="30,2000,0" yaku="1,1,7,1,53,0" doraHai="27" doraHaiUra="51" who="2" fromWho="1" sc="406,0,366,-23,134,43,74,0" /><INIT seed="2,0,0,5,5,116" ten="406,343,177,74" oya="2" hai0="73,11,46,58,7,81,106,53,27,61,39,80,84" hai1="121,37,18,15,127,100,22,62,119,8,82,92,109" hai2="49,10,105,47,104,102,56,128,20,69,107,70,125" hai3="130,75,118,63,24,23,67,36,40,60,114,120,99"/><V14/><F128/><W51/><G118/><T90/><D106/><U0/><E119/><V77/><F125/><W117/><G117/><T94/><D73/><U48/><E37/><V26/><F102/><W13/><G36/><T34/><D34/><U2/><E127/><V134/><F134/><W122/><G130/><T59/><D59/><U124/><E109/><V33/><F33/><W43/><G75/><T54/><D27/><U71/><E82/><V16/><F77/><W112/><G13/><T28/><D28/><U74/><E74/><V44/><F56/><W129/><G129/><T72/><D72/><U64/><E124/><V115/><F115/><N who="3" m="44075" /><G99/><T17/><D17/><U97/><E121/><N who="3" m="46698" /><G51/><T135/><D135/><U78/><E78/><V87/><F87/><W83/><G83/><T5/><D39/><U93/><E48/><V45/><REACH who="2" step="1"/><F49/><REACH who="2" ten="406,343,167,74" step="2"/><W3/><G3/><T110/><D84/><U21/><E2/><V123/><F123/><W55/><G55/><T68/><D54/><U79/><E0/><V41/><F41/><N who="3" m="15947" /><G67/><T126/><D53/><U19/><E64/><V108/><F108/><W76/><G76/><T66/><D110/><U133/><E79/><V6/><AGARI ba="0,1" hai="6,10,14,16,20,26,44,45,47,69,70,104,105,107" machi="6" ten="40,18000,2" yaku="1,1,0,1,54,1,53,3" doraHai="116" doraHaiUra="42" who="2" fromWho="2" sc="406,-60,343,-60,167,190,74,-60" /><INIT seed="2,1,0,4,5,129" ten="346,283,357,14" oya="2" hai0="101,100,44,17,118,135,14,95,32,25,19,106,74" hai1="130,46,116,51,48,0,38,133,55,107,62,77,63" hai2="91,72,102,27,28,42,67,73,71,4,13,114,22" hai3="70,126,3,60,31,113,47,61,57,90,99,7,23"/><V52/><F114/><W29/><G113/><T103/><D106/><U83/><E0/><V15/><F72/><W11/><G126/><T35/><D74/><U105/><E116/><V39/><F73/><W21/><G47/><T122/><D122/><U54/><E130/><V68/><F102/><W89/><G70/><T59/><D118/><U30/><E38/><V78/><F78/><W36/><G36/><T50/><D59/><U37/><E37/><V119/><F119/><W34/><G34/><T115/><D115/><U24/><E133/><V9/><F39/><W12/><G3/><T66/><D66/><U132/><E132/><V104/><F104/><W131/><G131/><T127/><D127/><U43/><E43/><V8/><F42/><W98/><G57/><T20/><D95/><U92/><E92/><V1/><F91/><W123/><G12/><T58/><D58/><U18/><E18/><V82/><F82/><W80/><G80/><T117/><D135/><U5/><E5/><V81/><F81/><W96/><G96/><T16/><D117/><U75/><E107/><V109/><F109/><W121/><REACH who="3" step="1"/><G11/><REACH who="3" ten="346,283,357,4" step="2"/><T97/><D97/><U85/><E83/><V53/><F1/><W69/><G69/><T94/><D94/><U88/><E105/><V41/><F41/><W33/><G33/><N who="0" m="12875" /><D14/><U111/><E46/><V86/><F71/><W125/><G125/><T124/><D124/><U6/><E75/><V134/><F134/><W112/><G112/><T64/><D64/><U79/><E79/><V76/><F67/><W87/><G87/><T120/><D120/><RYUUKYOKU ba="1,1" sc="346,15,283,-15,357,-15,4,15" hai0="16,17,19,20,25,44,50,100,101,103" hai3="7,21,23,29,31,60,61,89,90,98,99,121,123" /><INIT seed="3,2,1,4,1,99" ten="361,268,342,19" oya="3" hai0="58,39,98,14,119,32,91,73,112,121,128,92,75" hai1="61,77,20,123,88,30,26,106,114,115,117,11,7" hai2="55,46,116,103,90,18,60,89,27,5,84,100,134" hai3="9,34,45,0,47,80,87,42,64,69,10,126,105"/><W120/><G34/><T53/><D39/><U62/><E123/><V4/><F116/><W21/><G120/><T50/><D121/><U22/><E117/><V1/><F1/><W93/><G105/><T36/><D119/><U83/><E106/><V79/><F134/><W51/><G126/><T110/><D110/><U40/><E40/><V109/><F109/><W24/><G69/><T130/><D36/><U95/><E22/><N who="2" m="13783" /><F79/><W15/><G64/><T129/><D112/><U48/><E48/><N who="2" m="29079" /><F60/><W52/><G0/><T124/><D124/><U111/><E111/><V68/><F68/><W35/><G35/><T41/><D41/><U28/><E28/><V23/><F23/><W82/><G9/><T102/><D32/><U107/><E107/><V16/><F16/><W19/><G24/><T44/><D44/><U76/><E115/><V59/><F59/><N who="3" m="33183" /><G10/><T132/><D132/><U49/><E114/><V96/><F96/><W13/><G13/><T74/><REACH who="0" step="1"/><D14/><REACH who="0" ten="351,268,342,19" step="2"/><U86/><E26/><V70/><F70/><W118/><G118/><T131/><D131/><U37/><E37/><V17/><F17/><W54/><G54/><T78/><D78/><U25/><E77/><V108/><F108/><W6/><G6/><N who="2" m="2665" /><F84/><W12/><G12/><T71/><D71/><U135/><E86/><V101/><AGARI ba="2,2" hai="89,90,100,101,103" m="2665,29079,13783" machi="101" ten="30,7900,0" yaku="8,1,52,3" doraHai="99" who="2" fromWho="2" sc="351,-22,268,-22,342,105,19,-41" owari="329,13.0,246,-15.0,447,54.0,-22,-52.0" /></mjloggm>