<mjloggm ver="2.3"><GO type="225" lobby="0"/><UN n0="%E5%B7%A5%E8%97%A4%E6%96%B0%E4%B8%80" n1="%E3%83%B4%E3%83%A0%EF%BC%99%E3%81%A6" n2="%E6%97%A5%E6%9B%9C%E6%97%A5%E3%82%88%E3%82%8A%E3%81%AE%E4%BD%BF%E8%80%85" n3="%E3%82%A4%E3%83%8A%E3%82%BA%E3%83%9E%E8%91%AC%E5%84%80" dan="16,17,16,17" rate="2098.02,2220.22,2175.37,2237.69" sx="M,M,M,F"/><TAIKYOKU oya="0"/><INIT seed="0,0,0,1,1,1" ten="250,250,250,250" oya="0" hai0="102,17,107,98,27,86,4,120,119,114,46,25,104" hai1="18,20,61,99,55,50,24,33,28,73,131,59,52" hai2="85,77,118,36,67,9,2,75,62,121,89,49,14" hai3="71,93,3,78,82,117,48,101,100,43,115,22,13"/><T16/><D114/><U70/><E131/><V47/><F121/><W97/><G3/><T96/><D120/><U35/><E73/><V122/><F122/><W124/><G124/><T34/><D119/><U80/><E80/><V95/><F118/><W54/><G71/><T123/><D123/><U133/><E133/><V41/><F2/><W84/><G115/><T126/><D126/><U109/><E109/><V90/><F75/><W125/><G125/><T79/><D46/><U65/><E99/><V44/><F44/><N who="3" m="27911" /><G43/><T94/><D4/><U74/><E74/><V42/><F42/><W31/><G117/><T26/><D34/><U127/><E127/><V58/><F36/><W10/><G31/><T40/><D40/><U39/><E39/><V111/><F111/><W38/><G38/><T45/><D45/><U0/><E0/><V21/><F21/><W112/><G22/><T134/><D134/><U7/><E7/><N who="2" m="3391" /><F95/><W105/><G105/><T32/><D32/><U132/><E132/><V92/><F92/><W66/><G112/><T56/><D56/><U8/><E8/><V108/><F108/><W15/><G10/><T87/><D107/><U106/><E106/><V135/><F135/><W110/><G110/><T128/><D128/><U91/><E33/><V23/><F23/><W29/><G93/><T19/><REACH who="0" step="1"/><D79/><REACH who="0" ten="240,250,250,250" step="2"/><U88/><E55/><V130/><F130/><W30/><G78/><T81/><D81/><AGARI ba="0,1" hai="41,47,49,58,62,67,77,81,85,89,90" m="3391" machi="81" ten="30,3900,0" yaku="25,1,8,1,52,1" doraHai="1" who="2" fromWho="0" sc="240,-39,250,0,250,49,250,0" /><INIT seed="1,0,0,1,3,56" ten="201,250,299,250" oya="1" hai0="102,103,0,107,65,26,55,78,10,40,101,90,53" hai1="92,105,17,84,96,91,62,126,60,82,75,114,110" hai2="50,42,67,120,104,127,97,117,86,9,57,47,125" hai3="63,73,112,37,98,81,2,74,16,45,6,3,109"/><U1/><E114/><V36/><F117/><W52/><G112/><T43/><D78/><N who="1" m="44383" /><E1/><V20/><F120/><W64/><G109/><T35/><D107/><U123/><E123/><V11/><F20/><W131/><G131/><T124/><D124/><N who="2" m="47690" /><F86/><W61/><G98/><T135/><D135/><U15/><E126/><V54/><F67/><W118/><G118/><T34/><D65/><U94/><E94/><V18/><F18/><W70/><G16/><T30/><D34/><U71/><E71/><V76/><F76/><W83/><G37/><T31/><D31/><U41/><E41/><V19/><F19/><W133/><G133/><T38/><D90/><U27/><E27/><V68/><F68/><W111/><G111/><T23/><D35/><U106/><E106/><V72/><F72/><W44/><G70/><T129/><D129/><U80/><E80/><V88/><F104/><W25/><G64/><T12/><D0/><U48/><E48/><V85/><F97/><W69/><G69/><T115/><D115/><U132/><E132/><V95/><AGARI ba="0,0" hai="9,11,36,42,47,50,54,57,85,88,95" m="47690" machi="95" ten="30,2000,0" yaku="18,1,54,1" doraHai="56" who="2" fromWho="2" sc="201,-5,250,-10,299,20,250,-5" /><INIT seed="2,0,0,1,0,27" ten="196,240,319,245" oya="2" hai0="92,55,2,97,48,26,28,64,31,21,41,77,67" hai1="65,32,76,121,129,66,10,89,96,87,68,88,60" hai2="128,119,30,90,45,130,78,46,101,1,51,93,99" hai3="105,4,5,110,54,79,22,61,85,58,120,81,3"/><V118/><F1/><W83/><G110/><T9/><D41/><U84/><E32/><V126/><F126/><W108/><G108/><T131/><D131/><N who="2" m="50218" /><F78/><W44/><G105/><T135/><D135/><U134/><E129/><V33/><F101/><W70/><G70/><T80/><D9/><U124/><E124/><V94/><F94/><W12/><G3/><T52/><D2/><U36/><E36/><V14/><F14/><W53/><G120/><T95/><D31/><U37/><E37/><V133/><F133/><W122/><G122/><T111/><D111/><U103/><E121/><V112/><F112/><W91/><G22/><T50/><D80/><U34/><E34/><V132/><F132/><W18/><G18/><T49/><D77/><U115/><E76/><V23/><F23/><W43/><G12/><T17/><D17/><U109/><E115/><V116/><F51/><N who="3" m="27039" /><G4/><T16/><D16/><U15/><E109/><V117/><F117/><W20/><G20/><T40/><D40/><U24/><E134/><V114/><F114/><W69/><G5/><T98/><D92/><U74/><E15/><V86/><F99/><N who="0" m="37898" /><D95/><U19/><E96/><V38/><F38/><W63/><G83/><T75/><D75/><U113/><E113/><V7/><F7/><W29/><G79/><T107/><D107/><U0/><E74/><V125/><F125/><W6/><G6/><T25/><D25/><AGARI ba="0,0" hai="25,30,33,45,46,86,90,93,116,118,119" m="50218" machi="25" ten="40,3900,0" yaku="19,1,52,1" doraHai="27" who="2" fromWho="0" sc="196,-39,240,0,319,39,245,0" /><INIT seed="2,1,0,0,3,45" ten="157,240,358,245" oya="2" hai0="110,4,106,25,130,1,115,64,105,101,47,86,90" hai1="111,46,75,23,104,8,89,71,70,41,123,67,92" hai2="57,5,14,78,95,114,77,36,44,66,6,11,28" hai3="27,65,116,9,3,50,56,94,83,29,40,118,58"/><V81/><F114/><W127/><G127/><T84/><D110/><U126/><E104/><V63/><F28/><W43/><G94/><T61/><D130/><U121/><E75/><V20/><F36/><W18/><G83/><T2/><D115/><U26/><E8/><V87/><F20/><W124/><G124/><T85/><D90/><U31/><E111/><V60/><F44/><W48/><G3/><T93/><D25/><U54/><E54/><V33/><F33/><W99/><G99/><T119/><D119/><U79/><E79/><V51/><F95/><W134/><G134/><T30/><D30/><U74/><E74/><V132/><F132/><W52/><G118/><T69/><D47/><U80/><E80/><V112/><F112/><W37/><G37/><T12/><D12/><U76/><E76/><V100/><F100/><W122/><G122/><T96/><REACH who="0" step="1"/><D4/><REACH who="0" ten="147,240,358,245" step="2"/><U72/><E126/><V73/><F6/><W39/><G27/><T82/><D82/><U103/><E121/><V53/><F78/><W10/><G29/><T113/><D113/><U135/><E123/><V133/><F133/><W22/><G116/><T24/><D24/><U21/><E135/><V88/><F77/><W16/><G22/><T68/><D68/><U17/><E70/><V129/><F73/><W49/><G9/><T35/><D35/><U102/><E72/><V107/><F129/><W117/><G10/><T55/><D55/><U131/><E131/><V108/><F108/><W98/><G52/><T38/><D38/><U7/><E31/><V42/><F81/><W128/><G117/><RYUUKYOKU ba="1,1" sc="147,30,240,-10,358,-10,245,-10" hai0="1,2,61,64,69,84,85,86,93,96,101,105,106" /><INIT seed="3,2,1,3,1,97" ten="177,230,348,235" oya="3" hai0="13,102,81,32,11,23,49,112,7,3,120,100,99" hai1="8,25,29,15,109,38,33,58,87,124,5,70,118" hai2="16,12,113,116,76,71,52,21,2,74,132,104,75" hai3="31,20,121,95,119,28,69,94,85,86,36,30,117"/><W39/><G20/><T82/><D120/><U126/><E70/><V110/><F113/><W61/><G61/><T40/><D32/><U125/><E109/><V122/><F116/><W62/><G62/><T18/><D112/><U10/><E118/><N who="3" m="45066" /><G69/><T135/><D135/><U22/><E38/><N who="3" m="14378" /><G121/><T72/><D72/><U131/><E131/><V4/><F21/><W73/><G73/><T53/><D40/><U101/><E58/><V68/><F68/><W129/><G129/><T128/><D128/><U114/><E114/><V123/><F110/><W55/><G55/><T46/><REACH who="0" step="1"/><D100/><REACH who="0" ten="167,230,348,235" step="2"/><U66/><E101/><V79/><F75/><W108/><G108/><T56/><D56/><U84/><E33/><V91/><F74/><W77/><G77/><T107/><AGARI ba="2,2" hai="3,7,11,13,18,23,46,49,53,81,82,99,102,107" machi="107" ten="20,8000,1" yaku="1,1,0,1,7,1,52,1,53,1" doraHai="97" doraHaiUra="14" who="0" fromWho="0" sc="167,106,230,-22,348,-22,235,-42" owari="273,7.0,208,-19.0,326,43.0,193,-31.0" /></mjloggm>