<mjloggm ver="2.3"><GO type="169" lobby="0"/><UN n0="%E7%99%BD%E9%AB%AA%E9%AC%BC" n1="%E7%B4%A0%E6%8C%AF%E3%82%8A%E7%8C%AB" n2="%E3%81%8F%E3%81%85%E3%81%A1%E3%82%83%E3%82%93%EF%BC%A0%50%45" n3="%7A%6B%75%72%74" dan="17,17,16,17" rate="2184.07,2157.99,2184.87,2224.26" sx="M,M,M,M"/><TAIKYOKU oya="0"/><INIT seed="0,0,0,3,5,74" ten="250,250,250,250" oya="0" hai0="44,113,55,40,88,117,97,105,7,29,132,58,135" hai1="67,60,76,54,18,130,71,2,66,33,51,47,107" hai2="68,82,101,59,10,5,134,64,103,115,28,129,34" hai3="125,52,106,108,6,98,62,75,89,91,87,84,31"/><T85/><D117/><U20/><E107/><V122/><F115/><W50/><G108/><T86/><D29/><U79/><E33/><V48/><F122/><W41/><G125/><T30/><D30/><U112/><E130/><V37/><F129/><W104/><G75/><T43/><D113/><U8/><E112/><V124/><F134/><N who="0" m="51242" /><D7/><U116/><E116/><V49/><F37/><W36/><G31/><T69/><D69/><U42/><E67/><V102/><F68/><W110/><G110/><T26/><D26/><U24/><E2/><V27/><F124/><W78/><G6/><T53/><D43/><U56/><REACH who="1" step="1"/><E8/><REACH who="1" ten="250,240,250,250" step="2"/><V11/><F10/><W127/><G127/><T109/><D109/><U126/><E126/><V46/><F11/><W25/><G106/><T111/><D111/><U73/><E73/><V22/><F34/><W72/><G72/><T80/><D105/><U133/><E133/><V14/><F64/><W16/><G104/><T17/><D97/><U4/><E4/><V23/><F5/><W1/><G1/><T3/><D3/><U100/><E100/><V15/><F102/><W131/><G131/><T70/><D86/><U63/><AGARI ba="0,1" hai="18,20,24,42,47,51,54,56,60,63,66,71,76,79" machi="63" ten="20,8000,1" yaku="1,1,0,1,7,1,52,2,53,0" doraHai="74" doraHaiUra="81" who="1" fromWho="1" sc="250,-40,240,90,250,-20,250,-20" /><INIT seed="1,0,0,2,5,133" ten="210,330,230,230" oya="1" hai0="35,128,129,125,5,0,41,120,113,38,19,104,110" hai1="114,4,50,10,69,83,115,118,121,43,88,99,54" hai2="31,67,58,94,33,6,21,84,79,40,100,130,123" hai3="116,64,23,12,105,102,91,76,127,103,78,77,2"/><U39/><E118/><V95/><F33/><W134/><G2/><T126/><D19/><U89/><E69/><V55/><F123/><W65/><G134/><T18/><D18/><U11/><E121/><V85/><F130/><N who="0" m="50282" /><D120/><U97/><E43/><V8/><F40/><W73/><G116/><T82/><D35/><U108/><E39/><V22/><F67/><W32/><G32/><T42/><D113/><U119/><E119/><V93/><F100/><W74/><G23/><T36/><D104/><U16/><E108/><V98/><F98/><W37/><G12/><T135/><D42/><U25/><E115/><V131/><F131/><W45/><G45/><N who="0" m="23719" /><D38/><U49/><E114/><V20/><F31/><W124/><G37/><T66/><D135/><U52/><E83/><V90/><F79/><W96/><G91/><N who="1" m="34890" /><E4/><V70/><F90/><W86/><G86/><T13/><D13/><N who="1" m="7223" /><E11/><V47/><F70/><W44/><G44/><T117/><D117/><U80/><E80/><V109/><F109/><W1/><G1/><T68/><D82/><U14/><E14/><V107/><F107/><W106/><G78/><T61/><D110/><U75/><E25/><V56/><F6/><W29/><G96/><T53/><D53/><N who="1" m="20587" /><E75/><V34/><F8/><AGARI ba="0,0" hai="0,5,8,61,66,68,125,126" m="23719,50282" machi="8" ten="30,7700,0" yaku="19,1,23,1,52,2" doraHai="133" who="0" fromWho="2" sc="210,77,330,0,230,-77,230,0" /><INIT seed="2,0,0,1,5,100" ten="287,330,153,230" oya="2" hai0="49,19,67,80,88,26,41,96,119,90,114,4,46" hai1="118,34,28,112,83,116,55,117,7,111,91,29,99" hai2="79,5,64,33,87,63,75,71,61,31,2,98,101" hai3="121,18,82,36,9,92,21,95,45,78,57,52,40"/><V86/><F63/><W22/><G121/><T38/><D119/><U125/><E112/><V127/><F127/><W43/><G43/><T65/><D114/><U39/><E39/><V97/><F2/><W122/><G9/><T128/><D128/><U104/><E7/><V72/><F5/><W51/><G122/><T56/><D4/><U13/><E13/><V20/><F20/><W124/><G124/><T103/><D38/><U66/><E66/><V6/><F6/><W25/><REACH who="3" step="1"/><G22/><REACH who="3" ten="287,330,153,220" step="2"/><T16/><D41/><U17/><E125/><V10/><F10/><W77/><G77/><T12/><D67/><U48/><E118/><V1/><F1/><W30/><G30/><T102/><D65/><U59/><E29/><V8/><F8/><W27/><G27/><T58/><D26/><U107/><E28/><V62/><F79/><W130/><G130/><T81/><D12/><U47/><E117/><V123/><F123/><W11/><G11/><T115/><D115/><U69/><E116/><V134/><F31/><W74/><AGARI ba="0,1" hai="18,21,25,36,40,45,51,52,57,74,78,82,92,95" machi="74" ten="20,8000,1" yaku="1,1,0,1,7,1,54,1,53,1" doraHai="100" doraHaiUra="50" who="3" fromWho="3" sc="287,-20,330,-20,153,-40,220,90" /><INIT seed="3,0,0,1,5,58" ten="267,310,113,310" oya="3" hai0="94,77,2,71,8,63,4,108,132,36,117,111,5" hai1="90,41,112,27,135,43,45,21,6,89,119,25,35" hai2="88,127,131,115,76,75,106,32,133,95,62,81,96" hai3="38,107,114,128,91,31,13,67,79,56,124,97,24"/><W53/><G114/><T87/><D117/><U50/><E135/><V84/><F32/><W109/><G38/><T118/><D118/><U121/><E121/><V14/><F115/><W65/><G128/><T39/><D4/><U130/><E130/><V61/><F131/><W3/><G3/><T22/><D22/><U34/><E119/><V52/><F133/><W26/><G124/><T83/><D94/><U113/><E6/><V18/><F127/><W47/><G47/><T40/><D132/><U126/><E126/><V85/><F85/><W0/><G0/><T116/><D116/><U29/><E50/><V23/><REACH who="2" step="1"/><F52/><REACH who="2" ten="267,310,103,310" step="2"/><W11/><G53/><T99/><D87/><U57/><E35/><V123/><F123/><W30/><G109/><T98/><D111/><U105/><E34/><V86/><F86/><W17/><G79/><T72/><D108/><U70/><E113/><V69/><F69/><W10/><G107/><T42/><D42/><U51/><E43/><V37/><F37/><W16/><G56/><T101/><D39/><U92/><E70/><V110/><F110/><W55/><G55/><T129/><D129/><U120/><E105/><V74/><F74/><W122/><G122/><T59/><D71/><U93/><E57/><V46/><F46/><W100/><G97/><T134/><D134/><U73/><E73/><V64/><F64/><W125/><G125/><T104/><D98/><N who="1" m="57615" /><E120/><V82/><F82/><W80/><G80/><T12/><D40/><U44/><E112/><V66/><F66/><W103/><G67/><N who="0" m="39423" /><D36/><U15/><E41/><V54/><F54/><RYUUKYOKU ba="0,1" sc="267,15,310,-15,103,15,310,-15" hai0="2,5,8,12,72,77,83,99,101,104" hai2="14,18,23,61,62,75,76,81,84,88,95,96,106" /><INIT seed="4,1,1,2,5,50" ten="282,295,118,295" oya="0" hai0="126,4,7,19,5,0,119,75,88,71,114,67,101" hai1="113,29,51,123,1,111,68,55,49,76,106,120,96" hai2="28,86,57,41,26,124,52,62,42,74,40,84,6" hai3="66,31,104,132,47,116,117,98,63,20,133,83,127"/><T48/><D75/><U53/><E1/><V108/><F108/><W34/><G127/><T94/><D119/><U3/><E3/><V59/><F74/><W38/><G83/><T118/><D118/><U131/><E76/><V43/><N who="2" m="10240" /><DORA hai="64" /><V82/><F124/><W18/><G47/><T17/><D126/><U2/><E2/><V61/><F6/><W60/><G38/><T129/><D0/><U77/><E77/><V12/><F12/><W16/><G60/><T10/><D101/><U109/><E96/><V69/><F69/><W87/><G87/><T27/><D129/><U121/><E29/><V81/><F86/><W46/><G46/><T14/><D114/><U37/><E106/><V115/><F115/><W95/><G104/><T103/><D103/><U24/><E24/><V107/><F107/><W45/><G45/><T90/><D48/><N who="1" m="18507" /><E113/><V135/><F135/><W91/><G34/><T89/><D67/><U11/><E11/><V36/><F36/><W23/><G31/><T65/><D19/><N who="3" m="7209" /><G117/><T58/><D27/><U13/><E13/><V15/><F15/><W110/><G110/><N who="1" m="41994" /><E37/><V56/><F84/><W99/><G99/><T122/><D94/><U8/><E8/><V44/><F82/><W93/><G93/><T85/><D85/><U112/><E112/><V134/><F81/><W97/><G97/><T35/><D35/><U79/><E79/><V73/><F73/><W30/><G116/><T32/><D32/><U100/><E100/><V130/><F130/><W39/><G39/><T25/><D25/><U125/><E125/><V92/><F92/><RYUUKYOKU ba="1,1" sc="282,0,295,0,118,0,295,0" /><INIT seed="5,2,1,2,5,113" ten="282,295,118,295" oya="1" hai0="102,100,134,35,44,43,32,85,95,4,116,112,72" hai1="7,110,111,117,22,1,103,128,99,60,131,70,31" hai2="51,63,126,6,122,16,84,2,120,92,87,48,129" hai3="59,97,23,14,13,66,25,10,80,21,3,68,107"/><U133/><E133/><V52/><F129/><N who="1" m="49737" /><E7/><V65/><F126/><W26/><G68/><T105/><D72/><U123/><E1/><V55/><F2/><W5/><G80/><T38/><D134/><U89/><E89/><V118/><F118/><W12/><G66/><T79/><D105/><U11/><E11/><V74/><F74/><W96/><G59/><T71/><D116/><U124/><E117/><V58/><F6/><W64/><G64/><T40/><D4/><U81/><E81/><V82/><F120/><W77/><G77/><T29/><D29/><U135/><E135/><V125/><F125/><W9/><G107/><T20/><D32/><U8/><E8/><V93/><F122/><W106/><G106/><T39/><D35/><U109/><E124/><V101/><F101/><W78/><G78/><T24/><D79/><U62/><E70/><V94/><F84/><W76/><G76/><T46/><D71/><U36/><E36/><V28/><F28/><N who="3" m="17455" /><G97/><T67/><D102/><U91/><E91/><N who="2" m="51703" /><F48/><W88/><G88/><T54/><D100/><U75/><E75/><V53/><F51/><W115/><G96/><T61/><D85/><U30/><E123/><V130/><F130/><W45/><G45/><T34/><D95/><N who="2" m="24322" /><V41/><DORA hai="50" /><F41/><W114/><G10/><T47/><D38/><U17/><E99/><V57/><F57/><W98/><G98/><T37/><D37/><U119/><E119/><V83/><F83/><W86/><G86/><T33/><D39/><U15/><E103/><V27/><F65/><W108/><G108/><T69/><D67/><RYUUKYOKU ba="2,1" sc="282,-30,295,10,118,10,295,10" hai1="15,17,22,30,31,60,62,109,110,111" hai2="16,27,52,53,55,58,63" hai3="3,5,9,12,13,14,23,26,114,115" /><INIT seed="5,3,1,4,4,35" ten="252,305,128,305" oya="1" hai0="26,41,66,96,117,109,115,74,39,107,25,126,75" hai1="8,73,83,102,28,11,0,76,128,53,23,1,5" hai2="89,68,131,24,51,48,70,127,118,103,84,111,22" hai3="98,124,61,58,9,114,6,100,14,46,56,49,43"/><U79/><E128/><V99/><F111/><W125/><G114/><T52/><D117/><U59/><E102/><V31/><F118/><W94/><REACH who="3" step="1"/><G61/><REACH who="3" ten="252,305,128,295" step="2"/><T37/><D115/><U85/><E73/><V78/><F131/><W134/><G134/><T93/><D75/><U50/><E76/><V121/><F121/><W45/><G45/><T2/><D74/><U110/><E110/><V81/><F127/><AGARI ba="3,2" hai="6,9,14,43,46,49,56,58,94,98,100,124,125,127" machi="127" ten="40,8000,1" yaku="1,1,18,1,53,3" doraHai="35" doraHaiUra="135" who="3" fromWho="2" sc="252,0,305,0,128,-89,295,109" /><INIT seed="6,0,0,2,0,56" ten="252,305,39,404" oya="2" hai0="10,94,99,132,63,34,82,51,11,115,28,121,61" hai1="62,57,3,23,31,102,69,107,112,129,93,133,95" hai2="13,74,1,96,91,134,43,20,68,78,41,0,101" hai3="33,79,124,44,113,24,17,25,117,52,81,111,87"/><V59/><F68/><W15/><G111/><T72/><D121/><U67/><E3/><V19/><F134/><W35/><G117/><T53/><D132/><U65/><E112/><V55/><F74/><W97/><G124/><T108/><D108/><U7/><E129/><V127/><F127/><W85/><G113/><T60/><D115/><U83/><E7/><V98/><F78/><W92/><G87/><T109/><D109/><U70/><E95/><V18/><F1/><W14/><G14/><T110/><D110/><U2/><E2/><V105/><F0/><W77/><G77/><T9/><D72/><U86/><E107/><V123/><F123/><W50/><G35/><T54/><D82/><U64/><E70/><V104/><F18/><W119/><G33/><T116/><D116/><U48/><E48/><V58/><F59/><W106/><G106/><T42/><D28/><U46/><E46/><V38/><F38/><W16/><G17/><T45/><D34/><U122/><E69/><V130/><F130/><W71/><G119/><T29/><D29/><U40/><E40/><V8/><F8/><N who="3" m="6247" /><G71/><T90/><AGARI ba="0,0" hai="9,10,11,42,45,51,53,54,60,61,63,90,94,99" machi="90" ten="30,8000,1" yaku="0,1,8,1,52,3" doraHai="56" who="0" fromWho="0" sc="252,80,305,-20,39,-40,404,-20" owari="332,13.0,285,-11.0,-1,-50.0,384,48.0" /></mjloggm>