<mjloggm ver="2.3"><GO type="185" lobby="0"/><UN n0="%E7%B6%BE%E7%80%AC%E7%A9%82%E4%B9%83%E9%A6%99" n1="%E5%BF%AB%E9%81%A9" n2="%77%61%6B%75%74%69%6E" n3="" dan="17,17,17,0" rate="2297.78,2294.25,2225.68,1500.00" sx="F,M,F,C"/><TAIKYOKU oya="0"/><INIT seed="0,0,0,5,3,127" ten="350,350,350,0" oya="0" hai0="40,39,57,78,81,54,72,90,124,60,116,94,115" hai1="66,56,103,2,42,98,130,102,41,79,0,80,33" hai2="111,74,133,118,44,126,114,96,99,51,125,132,58" hai3=""/><T76/><D116/><U93/><E33/><V128/><F74/><T35/><D124/><N who="2" m="47722" /><F114/><T71/><D115/><U134/><E134/><N who="2" m="51819" /><F111/><T61/><D35/><U131/><E66/><V87/><F118/><T100/><D100/><U97/><E56/><V101/><F58/><T82/><D71/><U70/><E70/><V112/><F112/><T43/><D39/><U109/><E109/><V121/><N who="2" m="31008" /><V53/><F128/><N who="1" m="49193" /><E2/><V105/><F99/><T123/><N who="0" m="31520" /><T95/><D60/><U73/><E0/><V50/><F87/><T106/><D61/><U46/><E46/><V63/><F63/><T85/><D57/><U119/><E119/><V38/><F51/><T107/><D72/><U49/><E49/><V45/><F45/><T120/><D120/><U84/><E73/><V75/><F75/><T65/><D65/><U36/><E36/><AGARI ba="0,0" hai="36,38,44,50,53,96,101,105" m="31008,51819,47722" machi="36" ten="30,3900,0" yaku="18,1,20,1,52,1" doraHai="127" who="2" fromWho="1" sc="350,0,350,-39,350,39,0,0" /><INIT seed="1,0,0,5,1,92" ten="350,311,389,0" oya="1" hai0="54,119,55,124,37,133,69,123,83,62,64,107,73" hai1="60,56,117,52,45,116,96,70,131,61,36,114,135" hai2="44,42,105,51,109,90,102,38,49,34,118,101,127" hai3=""/><U58/><E114/><V2/><F2/><T85/><N who="0" m="31520" /><T71/><D124/><U99/><E135/><V81/><F34/><T33/><D133/><U82/><E70/><V126/><F118/><T95/><D33/><U40/><E131/><V115/><F115/><T43/><D107/><U84/><E116/><V41/><F109/><T80/><D119/><U128/><E128/><V63/><F63/><T35/><D71/><U75/><E75/><V103/><F105/><T88/><D35/><U72/><E72/><V1/><F1/><T111/><D111/><U0/><E0/><V50/><F42/><T39/><D83/><U67/><REACH who="1" step="1"/><E117/><REACH who="1" ten="350,301,389,0" step="2"/><V93/><REACH who="2" step="1"/><F81/><REACH who="2" ten="350,301,379,0" step="2"/><T134/><D134/><U108/><E108/><V100/><N who="2" m="25600" /><DORA hai="65" /><V77/><F77/><AGARI ba="0,2" hai="36,40,45,52,56,58,60,61,67,77,82,84,96,99" machi="77" ten="30,12000,1" yaku="1,1,7,1,52,2,54,1,53,0" doraHai="92,65" doraHaiUra="121,32" who="1" fromWho="2" sc="350,0,301,140,379,-120,0,0" /><INIT seed="1,1,0,4,5,117" ten="350,441,259,0" oya="1" hai0="78,66,60,120,96,95,123,53,72,108,36,2,135" hai1="115,90,130,58,65,97,105,85,52,122,104,3,110" hai2="49,86,59,133,41,109,102,38,68,70,56,57,126" hai3=""/><U71/><N who="1" m="31264" /><U35/><E3/><V113/><F109/><T92/><N who="0" m="30752" /><T93/><N who="0" m="31520" /><T88/><D2/><U82/><E115/><V46/><F113/><T74/><D108/><U48/><E110/><V76/><F102/><T79/><D135/><U33/><E130/><V32/><F32/><T125/><D36/><U47/><E71/><N who="2" m="27179" /><F86/><T34/><D34/><U111/><E111/><V121/><N who="2" m="31008" /><V1/><F76/><T87/><D53/><U37/><E105/><V84/><F84/><T94/><D125/><U116/><E116/><V100/><F100/><T128/><D128/><U127/><E127/><V51/><F1/><T101/><D60/><U67/><E35/><V106/><F106/><T131/><D66/><U103/><REACH who="1" step="1"/><E33/><REACH who="1" ten="350,431,259,0" step="2"/><V45/><F126/><T119/><D119/><U39/><E39/><V83/><F83/><T89/><D131/><U42/><AGARI ba="1,1" hai="37,42,47,48,52,58,65,67,82,85,90,97,103,104" m="31264" machi="42" ten="30,12000,2" yaku="1,1,0,1,52,2,54,1,53,1" doraHai="117" doraHaiUra="81" who="1" fromWho="1" sc="350,-61,431,132,259,-61,0,0" /><INIT seed="1,2,0,4,1,78" ten="289,563,198,0" oya="1" hai0="94,117,110,72,122,97,44,80,95,57,48,126,62" hai1="59,88,133,105,33,70,50,114,73,99,102,54,108" hai2="96,131,90,51,134,125,128,123,129,100,130,120,113" hai3=""/><U89/><E114/><V63/><N who="2" m="30752" /><V76/><N who="2" m="31520" /><V41/><N who="2" m="32768" /><DORA hai="83" /><V81/><F113/><T56/><N who="0" m="31264" /><T77/><D110/><U36/><E108/><V47/><F134/><T112/><D112/><U34/><E133/><V127/><F90/><T86/><D126/><N who="2" m="48138" /><F63/><T3/><D3/><U64/><E89/><V135/><F135/><T75/><D117/><U67/><E88/><V42/><F42/><T66/><D62/><U101/><E34/><V103/><F96/><T55/><D97/><U40/><E99/><V106/><F106/><T87/><D94/><U118/><E40/><V53/><F41/><T39/><D95/><U32/><E105/><V45/><F45/><T132/><D132/><U38/><E118/><V52/><F53/><T85/><D66/><U98/><E98/><V69/><F69/><T0/><D0/><U124/><E124/><V104/><F104/><T107/><D107/><U91/><E70/><V74/><AGARI ba="2,0" hai="47,51,52,74,76,81,100,103" m="48138,32768,31520,30752" machi="74" ten="60,9000,2" yaku="19,1,18,1,52,3,54,1" doraHai="78,83" who="2" fromWho="2" sc="289,-32,563,-62,198,94,0,0" /><INIT seed="2,0,0,3,1,129" ten="257,501,292,0" oya="2" hai0="76,69,3,75,91,93,39,79,43,80,96,123,133" hai1="113,57,52,58,54,114,66,119,115,0,132,116,92" hai2="70,106,73,77,37,100,87,64,126,135,102,51,121" hai3=""/><V105/><N who="2" m="31008" /><V63/><F37/><T108/><N who="0" m="31520" /><T32/><D108/><U110/><E0/><V61/><F73/><T72/><D3/><U53/><E110/><V103/><F126/><T44/><D69/><U38/><E92/><V127/><F127/><T36/><D32/><U56/><E132/><V35/><F35/><T48/><REACH who="0" step="1"/><D133/><REACH who="0" ten="247,501,292,0" step="2"/><U95/><E66/><V83/><F135/><T94/><D94/><U59/><E95/><V71/><F51/><T97/><D97/><U99/><E99/><V90/><F77/><T86/><D86/><U109/><E109/><V55/><REACH who="2" step="1"/><F70/><REACH who="2" ten="247,501,282,0" step="2"/><T124/><D124/><U101/><E38/><V130/><F130/><T78/><D78/><U50/><E101/><V46/><F46/><T47/><D47/><U68/><E68/><V1/><F1/><T118/><D118/><AGARI ba="0,2" hai="50,52,53,54,56,57,58,59,113,114,115,116,118,119" machi="118" ten="50,8000,1" yaku="12,1,34,3,54,1" doraHai="129" who="1" fromWho="0" sc="247,-80,501,100,282,0,0,0" /><INIT seed="4,0,0,3,1,109" ten="167,601,282,0" oya="0" hai0="43,72,62,115,70,34,2,46,0,38,110,60,92" hai1="40,88,97,54,59,131,98,36,76,129,1,89,128" hai2="82,65,84,104,66,74,45,111,73,135,75,64,50" hai3=""/><T122/><N who="0" m="31264" /><T85/><D34/><U44/><E1/><V124/><F111/><T41/><D72/><U126/><E76/><V134/><F124/><T132/><D110/><U101/><E126/><V112/><F104/><T51/><D132/><N who="2" m="50730" /><F112/><T37/><D115/><U3/><E3/><V80/><F84/><T63/><D70/><U121/><N who="1" m="31008" /><U67/><E67/><V83/><F65/><T47/><REACH who="0" step="1"/><D51/><REACH who="0" ten="157,601,282,0" step="2"/><U117/><E129/><V77/><F77/><T95/><D95/><U93/><E128/><V90/><F90/><AGARI ba="0,1" hai="0,2,37,38,41,43,46,47,60,62,63,85,90,92" m="31264" machi="90" ten="40,7700,0" yaku="1,1,9,1,52,1,53,0" doraHai="109" doraHaiUra="96" who="0" fromWho="2" sc="157,87,601,0,282,-77,0,0" /><INIT seed="4,1,0,5,1,35" ten="244,601,205,0" oya="0" hai0="131,81,50,86,32,72,60,66,104,65,64,67,80" hai1="124,74,90,114,57,82,71,87,116,98,109,92,84" hai2="75,63,45,36,46,58,132,40,59,120,44,38,33" hai3=""/><T55/><D32/><U128/><E71/><V122/><N who="2" m="30752" /><V47/><N who="2" m="31264" /><V2/><F33/><T126/><D131/><U39/><E39/><N who="2" m="14891" /><F75/><T78/><D126/><U52/><E114/><V133/><F2/><T85/><D104/><U1/><E116/><V3/><F3/><T117/><D117/><U41/><E41/><V89/><F89/><T83/><D72/><U76/><E109/><V130/><F130/><T68/><REACH who="0" step="1"/><D78/><REACH who="0" ten="234,601,205,0" step="2"/><U49/><E128/><V111/><F111/><T51/><D51/><U43/><E124/><V42/><N who="2" m="11264" /><DORA hai="79" /><V54/><F59/><AGARI ba="1,1" hai="50,55,59,60,64,65,66,67,68,80,81,83,85,86" machi="59" ten="40,12000,1" yaku="1,1,52,3,53,0" doraHai="35,79" doraHaiUra="113,119" who="0" fromWho="2" sc="234,132,601,0,205,-122,0,0" /><INIT seed="4,2,0,0,4,98" ten="366,601,83,0" oya="0" hai0="82,86,123,131,126,107,127,36,78,53,116,97,109" hai1="44,130,95,119,46,40,0,112,33,101,84,115,69" hai2="54,88,104,122,47,79,132,72,71,35,128,106,117" hai3=""/><T43/><N who="0" m="31520" /><T50/><D116/><U105/><E0/><V66/><N who="2" m="31264" /><V62/><F35/><T73/><D131/><U68/><E33/><V67/><F117/><T90/><D43/><U87/><E130/><V55/><F128/><T41/><D41/><U49/><E119/><V113/><F113/><N who="1" m="43593" /><E46/><V96/><F132/><T57/><D36/><U124/><E124/><V76/><F66/><T77/><D109/><U37/><E49/><V94/><F55/><T93/><REACH who="0" step="1"/><D78/><REACH who="0" ten="356,601,83,0" step="2"/><U120/><N who="1" m="30752" /><U65/><E40/><V3/><F3/><T42/><D42/><U45/><E37/><V61/><F72/><T134/><D134/><U63/><E69/><V92/><F76/><T121/><N who="0" m="31008" /><T89/><D89/><U111/><E111/><V102/><F79/><T81/><D81/><U103/><E68/><V75/><F75/><T39/><D39/><U108/><E108/><V135/><F135/><T125/><D125/><U56/><E103/><AGARI ba="2,1" hai="50,53,57,73,77,82,86,90,93,97,103,107,126,127" m="31008,31520" machi="103" ten="40,18000,2" yaku="1,1,24,2,52,3,53,0" doraHai="98" doraHaiUra="129" who="0" fromWho="1" sc="356,194,601,-184,83,0,0,0" /><INIT seed="4,3,0,3,1,86" ten="550,417,83,0" oya="0" hai0="39,126,67,40,109,79,116,66,90,88,61,101,91" hai1="42,118,75,51,100,119,74,115,128,32,54,68,69" hai2="131,62,135,47,65,120,130,63,35,57,102,34,43" hai3=""/><T41/><D116/><U107/><E32/><V1/><N who="2" m="30752" /><V2/><F135/><T122/><N who="0" m="31264" /><T53/><D126/><U104/><E42/><V132/><F132/><T125/><D125/><U45/><E128/><V59/><F102/><T60/><D109/><U134/><E134/><V64/><F43/><N who="0" m="16458" /><D39/><U127/><E127/><V108/><REACH who="2" step="1"/><F47/><REACH who="2" ten="550,417,73,0" step="2"/><T113/><D101/><U87/><E100/><V77/><F77/><T121/><N who="0" m="31008" /><T82/><D113/><U73/><E115/><V92/><F92/><T80/><D79/><U33/><E118/><V38/><F38/><T84/><D82/><U44/><E119/><V93/><F93/><T55/><D80/><U50/><E44/><V98/><F98/><T124/><D124/><U133/><E45/><V103/><F103/><T70/><D84/><U37/><E37/><V95/><F95/><T48/><D70/><U78/><E69/><V72/><F72/><T112/><D112/><U85/><E75/><V117/><F117/><T81/><D81/><U52/><E68/><V89/><F89/><T123/><D90/><U110/><E133/><V3/><F3/><T94/><D91/><U0/><E78/><V106/><F106/><T114/><N who="0" m="31520" /><T76/><D114/><RYUUKYOKU ba="3,1" sc="550,-10,417,-10,73,20,0,0" hai2="1,2,34,35,57,59,62,63,64,65,108,130,131" /><INIT seed="5,4,1,4,0,34" ten="540,407,93,0" oya="1" hai0="118,127,2,125,52,128,36,134,92,119,37,83,69" hai1="77,107,68,124,38,100,98,64,87,33,93,41,48" hai2="66,53,82,67,75,129,115,56,45,65,135,116,81" hai3=""/><U76/><E33/><V32/><F32/><T50/><D134/><U59/><E124/><N who="0" m="47689" /><D2/><U104/><E68/><V88/><F116/><N who="0" m="44586" /><D128/><U78/><E38/><V47/><F129/><T46/><D92/><U106/><E41/><V62/><F135/><T80/><D69/><U126/><E126/><V101/><F115/><T132/><D132/><U131/><E131/><V121/><N who="2" m="31008" /><V95/><F101/><T3/><D3/><U97/><E64/><V90/><F90/><T102/><D102/><U73/><E48/><V74/><F74/><T120/><N who="0" m="30752" /><T54/><D54/><U72/><E59/><V35/><F35/><T49/><D49/><U123/><N who="1" m="31520" /><U51/><E51/><V110/><F110/><T130/><D130/><U89/><E98/><V0/><F0/><T108/><D108/><U114/><E114/><V55/><F75/><AGARI ba="4,1" hai="72,73,75,76,77,78,87,89,93,97,100,104,106,107" m="31520" machi="75" ten="40,18000,2" yaku="35,6,52,1" doraHai="34" who="1" fromWho="2" sc="540,0,407,198,93,-188,0,0" owari="540,14.0,605,56.0,-95,-70.0,0,0.0" /></mjloggm>