<mjloggm ver="2.3"><GO type="169" lobby="0"/><UN n0="%E3%82%86%E3%81%86%E3%81%95%E3%81%8F%EF%BD%90" n1="%E6%9C%A8%E5%8E%9F%E8%B1%AA%E4%B8%80" n2="%E9%BA%BB%E9%9B%80%E5%95%86%E4%BA%BA%E3%81%8F%E3%82%93%E2%99%AA" n3="%E3%81%8B%E3%81%A5%E3%81%8D%EF%BC%B8%EF%BC%A9" dan="16,17,17,16" rate="2067.56,2199.08,2190.66,2122.40" sx="M,M,M,M"/><TAIKYOKU oya="0"/><INIT seed="0,0,0,1,4,49" ten="250,250,250,250" oya="0" hai0="33,82,125,128,19,28,106,29,32,115,31,85,50" hai1="27,80,114,68,110,21,5,98,59,97,121,126,130" hai2="13,2,8,7,15,17,70,96,63,120,84,123,93" hai3="0,87,4,44,51,78,135,11,26,30,124,47,117"/><T69/><D115/><U108/><E68/><V86/><F123/><W77/><G117/><T83/><D128/><U40/><E121/><V62/><F120/><W127/><G135/><T64/><D125/><N who="3" m="48201" /><G87/><N who="2" m="33321" /><F70/><W67/><G67/><T23/><D106/><U53/><E126/><V105/><F105/><W129/><G129/><T91/><D82/><U134/><E130/><V41/><F41/><N who="3" m="24975" /><G47/><T92/><D83/><U34/><E40/><V99/><F2/><W71/><G71/><T103/><D103/><U38/><E38/><V119/><F99/><W60/><G60/><T57/><D69/><U54/><E134/><V25/><F25/><W131/><G131/><T100/><D100/><U61/><E114/><V109/><F119/><W3/><G3/><T45/><D64/><N who="1" m="38975" /><E34/><AGARI ba="0,0" hai="0,4,11,26,30,34,77,78" m="24975,48201" machi="34" ten="30,1000,0" yaku="18,1" doraHai="49" who="3" fromWho="1" sc="250,0,250,-10,250,0,250,10" /><INIT seed="1,0,0,1,1,7" ten="250,240,250,260" oya="1" hai0="32,52,124,86,114,76,111,67,30,93,72,18,71" hai1="68,126,64,11,129,88,20,44,90,110,45,116,47" hai2="25,102,127,50,104,40,56,16,1,133,53,131,89" hai3="120,128,115,35,83,13,98,92,21,3,113,29,34"/><U41/><E116/><V119/><F127/><W63/><G120/><T9/><D114/><U107/><E107/><V27/><F131/><W97/><G128/><T59/><D124/><U46/><E126/><V87/><F133/><W10/><G83/><T106/><D106/><U26/><E129/><V66/><F1/><W118/><G118/><T123/><D111/><U112/><E112/><V14/><F119/><W33/><G63/><T78/><D123/><U101/><E101/><V79/><F79/><W122/><G122/><T94/><D72/><U38/><E110/><V117/><F66/><W74/><G74/><T24/><D71/><U80/><E80/><V61/><F102/><W6/><G97/><T51/><D67/><U84/><E84/><V65/><F40/><W132/><G132/><T54/><D54/><U99/><E99/><V81/><F104/><W108/><G108/><T77/><REACH who="0" step="1"/><D86/><REACH who="0" ten="240,240,250,260" step="2"/><U23/><E64/><V37/><F117/><W70/><G70/><T125/><D125/><U62/><E68/><V103/><F103/><W134/><G134/><T19/><D19/><U109/><E109/><V96/><F96/><W69/><G69/><T100/><D100/><U28/><E41/><V57/><REACH who="2" step="1"/><F37/><REACH who="2" ten="240,240,240,260" step="2"/><W2/><G113/><T91/><D91/><U95/><E38/><V42/><F42/><W105/><G105/><T4/><D4/><U75/><E90/><V49/><F49/><W85/><G115/><T73/><D73/><U0/><E75/><V17/><F17/><W121/><G98/><T58/><D58/><U48/><E48/><V31/><F31/><RYUUKYOKU ba="0,2" sc="240,15,240,-15,240,15,260,-15" hai0="9,18,24,30,32,51,52,59,76,77,78,93,94" hai2="14,16,25,27,50,53,56,57,61,65,81,87,89" /><INIT seed="2,1,2,3,0,90" ten="255,225,255,245" oya="2" hai0="100,123,133,122,42,18,87,104,51,93,94,96,21" hai1="8,86,84,106,31,27,14,69,23,132,25,48,97" hai2="24,62,38,128,126,43,99,50,20,55,108,54,47" hai3="15,70,57,130,124,29,34,83,110,95,135,85,35"/><V19/><F126/><W6/><G70/><T0/><D0/><U72/><E72/><V9/><F128/><W73/><G110/><T39/><D39/><U66/><E132/><V127/><F127/><W49/><G73/><T1/><D1/><U121/><E121/><V78/><F78/><W5/><G124/><T109/><D109/><U64/><E69/><V36/><F108/><W89/><G135/><T107/><D133/><U74/><E74/><V16/><F62/><W46/><G130/><T81/><D51/><U37/><E37/><V65/><F65/><W120/><G120/><N who="0" m="46123" /><D21/><U7/><E27/><V68/><F68/><W52/><G29/><T111/><D18/><U12/><E12/><N who="2" m="7183" /><F36/><W61/><G83/><T116/><D42/><U22/><E22/><V56/><F38/><W4/><REACH who="3" step="1"/><G15/><REACH who="3" ten="255,225,255,235" step="2"/><T76/><D111/><U91/><E14/><V10/><F10/><W112/><G112/><T80/><D116/><U117/><E8/><V53/><F56/><W88/><G88/><N who="0" m="53407" /><D81/><U79/><E117/><V92/><F43/><AGARI ba="1,3" hai="4,5,6,34,35,43,46,49,52,57,61,85,89,95" machi="43" ten="40,5200,0" yaku="1,1,52,1,54,1,53,0" doraHai="90" doraHaiUra="77" who="3" fromWho="2" sc="255,0,225,0,255,-55,235,85" /><INIT seed="3,0,0,0,0,38" ten="255,225,200,320" oya="3" hai0="39,49,112,47,2,95,10,71,130,86,82,30,124" hai1="75,114,37,32,48,89,128,35,70,9,92,98,25" hai2="78,0,118,110,8,115,99,72,64,83,96,127,108" hai3="33,87,31,58,104,106,66,76,67,46,80,134,133"/><W77/><G77/><T69/><D124/><U19/><E114/><V65/><F115/><W28/><G33/><T42/><D112/><U105/><E37/><V101/><F118/><W26/><G58/><T97/><D130/><U1/><E70/><V88/><F127/><W18/><G18/><T94/><D94/><U56/><E75/><V34/><F34/><W68/><G46/><T24/><D10/><U44/><E105/><V120/><F120/><W117/><G117/><T79/><D2/><U116/><E128/><V107/><F0/><W20/><G31/><T73/><D73/><U14/><E116/><V29/><F29/><W123/><G123/><T21/><REACH who="0" step="1"/><D39/><REACH who="0" ten="245,225,200,320" step="2"/><U57/><E1/><V3/><F8/><W7/><G104/><T50/><D50/><U93/><E92/><N who="2" m="56327" /><F3/><W122/><G106/><T16/><D16/><N who="1" m="8271" /><E32/><V131/><F131/><W62/><G122/><T4/><D4/><U5/><E5/><V90/><F65/><W74/><G7/><T121/><D121/><U40/><E35/><V91/><F64/><W45/><G67/><T55/><D55/><U22/><AGARI ba="0,1" hai="19,22,25,40,44,48,56,57,89,93,98" m="8271" machi="22" ten="30,4000,0" yaku="8,1,52,1,54,1" doraHai="38" who="1" fromWho="1" sc="245,-10,225,50,200,-10,320,-20" /><INIT seed="4,0,0,2,3,110" ten="235,275,190,300" oya="0" hai0="80,33,89,13,102,76,104,20,48,49,64,99,106" hai1="47,113,58,31,75,41,23,117,81,77,2,132,105" hai2="111,97,118,0,86,78,46,22,112,27,40,59,94" hai3="124,26,68,73,42,91,38,15,11,39,129,53,100"/><T14/><D33/><U67/><E117/><V114/><F111/><W43/><G68/><T4/><D106/><U10/><E105/><V30/><F0/><W16/><G73/><T115/><D115/><N who="2" m="44074" /><F59/><W119/><G119/><T101/><D101/><U95/><E132/><V29/><F118/><W83/><G124/><T127/><D127/><U19/><E31/><N who="2" m="17911" /><F86/><N who="3" m="50655" /><G129/><T21/><D89/><U134/><E58/><V69/><F78/><W8/><G39/><T107/><D107/><U72/><E77/><V133/><F69/><W37/><G37/><T116/><D116/><U51/><E2/><V44/><F133/><W135/><G135/><T54/><D64/><U17/><E67/><V120/><F120/><W108/><G108/><T34/><D34/><U131/><E134/><V85/><F85/><W3/><G38/><T36/><D36/><U57/><E57/><V128/><F128/><W121/><G121/><T98/><D98/><U92/><E131/><V84/><F84/><W56/><G3/><T126/><D126/><U130/><E130/><V35/><F40/><N who="3" m="15403" /><G26/><T122/><D122/><U79/><E79/><V88/><F35/><W9/><G100/><T5/><D76/><U123/><E123/><V90/><F90/><W28/><G28/><AGARI ba="0,0" hai="28,29,30,44,46,88,94,97" m="17911,44074" machi="28" ten="30,8000,1" yaku="15,1,52,3,54,1" doraHai="110" who="2" fromWho="3" sc="235,0,275,0,190,80,300,-80" /><INIT seed="5,0,0,1,1,128" ten="235,275,270,220" oya="1" hai0="55,62,102,20,12,41,126,97,104,35,29,42,14" hai1="113,0,16,131,93,48,108,77,98,116,53,103,19" hai2="99,78,40,1,26,33,68,8,80,47,118,95,61" hai3="18,46,71,7,59,84,23,88,13,92,125,120,63"/><U65/><E116/><V32/><F118/><W2/><G71/><T121/><D126/><U3/><E113/><V58/><F68/><W87/><G125/><T127/><D127/><U57/><E131/><V45/><F45/><W11/><G46/><T117/><D117/><U100/><E108/><V64/><F26/><W69/><G69/><T75/><D75/><U112/><E112/><V81/><F81/><W135/><G135/><T15/><D35/><U106/><E77/><V110/><F110/><W73/><G73/><T52/><D121/><U51/><E65/><V89/><F8/><W50/><G50/><T6/><D6/><U34/><E34/><V9/><F9/><W39/><G39/><T54/><REACH who="0" step="1"/><D62/><REACH who="0" ten="225,275,270,220" step="2"/><U70/><E3/><V86/><REACH who="2" step="1"/><F1/><REACH who="2" ten="225,275,260,220" step="2"/><W114/><G120/><T132/><D132/><U49/><E0/><V22/><F22/><W90/><G114/><T82/><D82/><U44/><E44/><V119/><F119/><W5/><G2/><T122/><D122/><U72/><E72/><V4/><F4/><W130/><G130/><T79/><D79/><U66/><E70/><V43/><F43/><W107/><G23/><T67/><D67/><U123/><E66/><V129/><F129/><W25/><G7/><T134/><D134/><U38/><E123/><V10/><F10/><W28/><G5/><T83/><D83/><U96/><REACH who="1" step="1"/><E38/><AGARI ba="0,2" hai="32,33,38,40,47,58,61,64,78,80,86,89,95,99" machi="38" ten="30,2000,0" yaku="1,1,7,1,53,0" doraHai="128" doraHaiUra="27" who="2" fromWho="1" sc="225,0,275,-20,260,40,220,0" /><INIT seed="6,0,0,1,0,49" ten="225,255,300,220" oya="2" hai0="34,26,42,15,76,5,36,44,4,134,54,30,50" hai1="95,92,111,19,99,35,67,27,41,104,133,57,23" hai2="125,116,46,93,118,56,55,114,47,40,20,107,121" hai3="21,77,14,78,127,59,29,22,74,81,16,97,33"/><V69/><F107/><W82/><G127/><T128/><D134/><U89/><E111/><V113/><F69/><W85/><G33/><T109/><D109/><U28/><E133/><V103/><F20/><W12/><G97/><T38/><D128/><U45/><E104/><V129/><F93/><W123/><G123/><T6/><D76/><U119/><E119/><N who="2" m="45611" /><F103/><W43/><G43/><T64/><D64/><U122/><E122/><V11/><F11/><W37/><G37/><T87/><D87/><U65/><E57/><V131/><F47/><W98/><G98/><T17/><REACH who="0" step="1"/><D42/><REACH who="0" ten="215,255,300,220" step="2"/><U84/><E67/><V48/><F121/><W51/><G29/><T135/><D135/><U31/><E65/><V100/><F125/><W73/><G85/><T66/><D66/><U62/><E31/><V24/><F131/><W18/><G59/><T91/><D91/><U96/><E84/><V39/><F56/><W88/><G51/><T80/><D80/><U117/><E117/><V32/><F48/><W71/><G71/><T75/><D75/><U53/><E41/><V61/><F40/><W83/><G83/><T124/><D124/><U52/><E28/><V68/><F68/><W126/><G126/><T112/><D112/><U79/><E79/><V90/><F114/><W13/><G88/><T2/><D2/><U108/><E108/><V60/><F113/><W115/><G115/><T7/><N who="0" m="1024" /><DORA hai="58" /><T94/><D94/><U132/><E132/><V70/><F129/><W3/><G3/><T8/><AGARI ba="0,1" hai="8,15,17,26,30,34,36,38,44,50,54" m="1024" machi="8" ten="40,8000,1" yaku="1,1,0,1,52,1,53,1" doraHai="49,58" doraHaiUra="25,72" who="0" fromWho="0" sc="215,90,255,-20,300,-40,220,-20" /><INIT seed="7,0,0,5,2,115" ten="305,235,260,200" oya="3" hai0="51,25,30,96,103,110,66,94,121,69,88,70,95" hai1="125,101,98,36,11,50,55,37,27,135,77,130,68" hai2="91,117,52,124,122,84,120,60,34,63,76,82,35" hai3="81,38,107,116,118,109,92,2,39,71,129,49,99"/><W75/><G2/><T62/><D110/><U6/><E68/><V131/><F131/><W83/><G129/><T10/><D121/><N who="2" m="46698" /><F124/><W41/><G109/><T64/><D51/><U33/><E130/><V87/><F117/><N who="3" m="45163" /><G49/><T80/><D80/><U19/><E125/><V16/><F16/><W48/><G48/><T106/><D10/><U12/><E77/><V20/><F20/><W15/><G15/><T18/><D18/><U7/><E7/><V134/><F134/><W128/><G128/><T46/><D46/><U56/><E135/><V0/><F0/><W58/><G58/><T133/><D133/><U61/><E50/><V85/><F91/><W65/><G92/><T79/><D79/><U14/><E14/><V24/><F24/><W44/><G83/><T93/><D66/><U21/><E33/><N who="2" m="12299" /><F52/><W4/><G4/><T43/><D43/><U123/><E123/><V32/><N who="2" m="12307" /><V5/><DORA hai="29" /><F5/><W74/><G39/><T132/><D132/><U89/><E89/><V114/><F114/><W8/><G8/><T1/><D1/><U59/><E36/><V28/><F28/><W57/><G81/><T9/><D9/><U47/><E37/><V97/><F97/><W22/><G22/><T86/><D70/><U72/><E98/><V3/><F3/><W13/><G13/><T119/><D119/><U104/><E12/><V127/><F127/><W78/><G78/><T31/><D31/><U105/><E21/><AGARI ba="0,0" hai="21,25,30,62,64,69,86,88,93,94,95,96,103,106" machi="21" ten="30,2000,0" yaku="7,1,54,1" doraHai="115,29" who="0" fromWho="1" sc="305,20,235,-20,260,0,200,0" owari="325,42.0,215,-18.0,260,6.0,200,-30.0" /></mjloggm>