<mjloggm ver="2.3"><GO type="185" lobby="0"/><UN n0="%74%69%65%66%62%6C%61%75" n1="%E7%81%AB%E6%98%9F%E3%81%AE%E7%8A%AC" n2="%E5%BF%AB%E9%81%A9" n3="" dan="16,16,17,0" rate="2159.89,2196.58,2288.93,1500.00" sx="M,M,M,C"/><TAIKYOKU oya="0"/><INIT seed="0,0,0,2,3,94" ten="350,350,350,0" oya="0" hai0="101,32,78,60,99,36,133,65,119,88,39,54,53" hai1="86,73,112,61,102,135,42,87,80,104,70,69,51" hai2="79,50,95,68,132,105,46,93,91,47,59,33,108" hai3=""/><T111/><D32/><U98/><E112/><V71/><F33/><T58/><D119/><U3/><E3/><V44/><F105/><T110/><D78/><U130/><E135/><V109/><F132/><T103/><D133/><U106/><E130/><V117/><F93/><T55/><D101/><U127/><E127/><V107/><F107/><T81/><D81/><U37/><E106/><V57/><F79/><T125/><D88/><U124/><E124/><V89/><F50/><T100/><D100/><U34/><E34/><V121/><N who="2" m="31008" /><V122/><N who="2" m="31264" /><V85/><F117/><T129/><D125/><U45/><E51/><V41/><F41/><T63/><D129/><U96/><E73/><V116/><F116/><T0/><D0/><U56/><E98/><V114/><F114/><T92/><REACH who="0" step="1"/><D63/><REACH who="0" ten="340,350,350,0" step="2"/><U62/><E62/><V72/><F91/><T77/><D77/><U66/><E87/><V128/><F128/><T118/><D118/><U40/><E86/><V131/><F131/><T113/><D113/><U67/><E80/><V83/><F83/><T82/><D82/><U64/><E102/><V76/><F76/><T75/><D75/><U35/><E35/><V49/><F72/><T38/><AGARI ba="0,1" hai="36,38,39,53,54,55,58,60,65,92,99,103,110,111" machi="38" ten="40,5200,0" yaku="1,1,0,1,52,1,53,0" doraHai="94" doraHaiUra="134" who="0" fromWho="0" sc="340,62,350,-26,350,-26,0,0" /><INIT seed="0,1,0,4,2,39" ten="402,324,324,0" oya="0" hai0="109,34,114,94,119,112,81,47,91,132,92,110,75" hai1="93,46,53,87,124,104,67,90,33,120,74,35,61" hai2="135,64,71,111,122,62,69,0,43,79,55,105,70" hai3=""/><T72/><D34/><U40/><N who="1" m="30752" /><U51/><E124/><V107/><N who="2" m="31264" /><V118/><F0/><T60/><D119/><U73/><E104/><V2/><F2/><T36/><D132/><U56/><E74/><V100/><F135/><T42/><D92/><U101/><E73/><V128/><F71/><T125/><D125/><U58/><REACH who="1" step="1"/><E101/><REACH who="1" ten="402,314,324,0" step="2"/><V52/><F100/><T68/><D75/><U48/><AGARI ba="1,1" hai="33,35,40,46,48,51,53,56,58,61,67,87,90,93" m="30752" machi="48" ten="20,9000,2" yaku="1,1,2,1,0,1,7,1,52,2,53,0" doraHai="39" doraHaiUra="66" who="1" fromWho="1" sc="402,-61,314,102,324,-31,0,0" /><INIT seed="1,0,0,3,5,129" ten="341,416,293,0" oya="1" hai0="76,74,73,112,110,108,70,135,122,102,41,47,2" hai1="89,81,83,36,40,68,45,37,50,130,127,78,93" hai2="104,97,95,48,120,57,59,101,35,126,107,66,49" hai3=""/><U88/><E130/><V79/><N who="2" m="30752" /><V94/><F35/><T34/><N who="0" m="31264" /><T133/><D34/><U75/><E127/><V77/><F126/><T56/><D70/><U46/><E68/><V51/><F66/><T85/><D112/><U52/><E83/><V121/><N who="2" m="31008" /><V106/><REACH who="2" step="1"/><F95/><REACH who="2" ten="341,416,283,0" step="2"/><T65/><D2/><U100/><REACH who="1" step="1"/><E36/><REACH who="1" ten="341,406,283,0" step="2"/><V98/><F98/><AGARI ba="0,2" hai="37,40,45,46,50,52,75,78,81,88,89,93,98,100" machi="98" ten="40,18000,2" yaku="1,1,2,1,54,2,53,2" doraHai="129" doraHaiUra="42" who="1" fromWho="2" sc="341,0,406,200,283,-180,0,0" /><INIT seed="1,1,0,0,5,96" ten="341,606,103,0" oya="1" hai0="3,69,110,33,71,84,42,40,38,132,89,124,88" hai1="45,82,80,61,94,53,41,1,50,81,83,77,64" hai2="134,113,46,101,65,68,57,99,98,39,59,63,129" hai3=""/><U52/><E1/><V90/><F134/><T108/><D3/><U34/><E34/><V107/><F129/><T106/><D33/><U62/><E94/><V111/><F113/><T74/><D132/><U76/><E62/><V91/><F111/><N who="0" m="42538" /><D74/><U2/><E2/><V127/><F127/><T75/><D75/><U54/><N who="1" m="20992" /><DORA hai="95" /><U78/><REACH who="1" step="1"/><E41/><REACH who="1" ten="341,596,103,0" step="2"/><V56/><REACH who="2" step="1"/><F98/><REACH who="2" ten="341,596,93,0" step="2"/><T37/><D124/><U86/><E86/><V97/><F97/><T125/><D84/><U44/><E44/><V87/><F87/><T93/><D125/><U36/><E36/><V102/><F102/><T43/><D37/><U66/><E66/><V73/><F73/><T119/><D38/><U48/><E48/><V128/><F128/><T122/><D40/><AGARI ba="1,2" hai="39,40,46,56,57,59,63,65,68,90,91,99,101,107" machi="40" ten="40,5200,0" yaku="1,1,52,2,53,0" doraHai="96,95" doraHaiUra="109,114" who="2" fromWho="0" sc="341,-54,596,0,93,74,0,0" /><INIT seed="2,0,0,2,1,54" ten="287,596,167,0" oya="2" hai0="71,117,118,108,74,134,101,97,89,58,33,100,130" hai1="43,42,104,80,92,109,88,131,133,132,75,94,40" hai2="48,39,68,67,77,2,113,52,35,63,73,120,50" hai3=""/><V66/><N who="2" m="30752" /><V64/><F35/><T83/><D33/><U112/><E112/><V84/><F2/><T44/><D71/><U55/><E109/><V116/><F113/><T76/><D108/><U127/><E104/><V124/><F116/><T107/><D130/><U98/><E131/><V115/><F115/><T78/><D134/><N who="1" m="51819" /><E127/><V95/><F124/><T102/><D76/><U69/><E69/><V47/><F39/><T59/><D44/><U41/><N who="1" m="10752" /><DORA hai="93" /><U86/><E75/><V65/><F50/><T0/><D0/><U111/><E111/><V32/><F32/><T121/><N who="0" m="31008" /><T125/><D125/><U60/><E98/><V105/><F105/><T61/><D117/><U57/><AGARI ba="0,0" hai="55,57,60,80,86,88,92,94" m="10752,51819" machi="57" ten="50,4800,0" yaku="20,1,52,1,54,1" doraHai="54,93" who="1" fromWho="1" sc="287,-16,596,48,167,-32,0,0" /><INIT seed="4,0,0,1,1,67" ten="271,644,135,0" oya="0" hai0="107,125,105,81,55,104,56,84,93,113,49,51,103" hai1="124,40,126,76,90,41,135,86,134,108,77,57,34" hai2="101,68,46,70,32,127,54,132,91,92,58,42,79" hai3=""/><T52/><D113/><U62/><E34/><V88/><F32/><T112/><D112/><U129/><E108/><V96/><F79/><T69/><D125/><N who="1" m="48235" /><E77/><V116/><F127/><T106/><D69/><U123/><N who="1" m="31520" /><U133/><E76/><V1/><F1/><T59/><D93/><U102/><E102/><V120/><N who="2" m="30752" /><V95/><F116/><T115/><D115/><U98/><E98/><V114/><F114/><T109/><D109/><U89/><E129/><V0/><F0/><T37/><D37/><U99/><E99/><V82/><F82/><T71/><D71/><U122/><N who="1" m="31264" /><U78/><E78/><V85/><F101/><T97/><D84/><U53/><E90/><V66/><F66/><T94/><N who="0" m="26624" /><DORA hai="45" /><T64/><REACH who="0" step="1"/><D64/><REACH who="0" ten="261,644,135,0" step="2"/><U73/><E73/><V44/><F85/><T60/><D60/><U100/><E100/><V63/><F63/><T35/><D35/><U47/><E86/><V72/><F95/><T131/><D131/><U43/><E89/><V130/><F91/><T110/><D110/><U50/><AGARI ba="0,1" hai="40,41,43,47,50,53,57,62,133,134,135" m="31264,31520,48235" machi="50" ten="40,9000,2" yaku="20,1,18,1,34,2,52,3" doraHai="67,45" who="1" fromWho="1" sc="261,-60,644,100,135,-30,0,0" /><INIT seed="5,0,0,1,0,64" ten="201,744,105,0" oya="1" hai0="111,109,132,119,82,35,77,117,2,127,78,53,70" hai1="43,55,62,134,97,87,96,41,86,112,133,1,48" hai2="100,91,115,63,47,44,89,57,73,129,106,72,101" hai3=""/><U37/><E1/><V45/><F129/><T116/><D2/><U114/><E37/><V85/><F106/><T50/><D35/><U131/><E131/><V130/><F130/><T69/><D132/><N who="1" m="50795" /><E62/><V93/><F73/><T99/><D99/><N who="1" m="37963" /><E55/><V84/><F72/><T66/><D66/><U123/><N who="1" m="31520" /><U110/><E110/><N who="0" m="41993" /><D127/><U102/><E102/><V67/><REACH who="2" step="1"/><F115/><REACH who="2" ten="201,744,95,0" step="2"/><N who="1" m="44073" /><E48/><V94/><AGARI ba="0,1" hai="44,45,47,57,63,67,84,85,89,91,93,94,100,101" machi="94" ten="30,5900,0" yaku="1,1,0,1,9,1,8,1,53,0" doraHai="64" doraHaiUra="120" who="2" fromWho="2" sc="201,-20,744,-39,95,69,0,0" /><INIT seed="6,0,0,0,2,56" ten="181,705,164,0" oya="2" hai0="70,113,100,115,33,111,123,55,89,54,80,36,43" hai1="49,37,45,122,85,91,118,39,53,63,109,57,73" hai2="125,93,90,2,88,121,128,97,103,82,42,119,75" hai3=""/><V114/><N who="2" m="31008" /><V108/><F2/><T92/><N who="0" m="31520" /><T32/><D70/><U0/><N who="1" m="31264" /><U41/><E73/><V83/><F42/><T105/><D111/><U116/><E109/><V76/><F108/><T96/><D80/><U61/><E0/><V51/><F119/><N who="1" m="45609" /><E37/><V95/><F128/><T72/><D72/><U132/><E132/><V65/><F125/><T79/><D79/><U52/><E53/><N who="0" m="19977" /><D43/><U3/><E3/><V78/><F65/><T66/><D66/><U50/><E39/><V135/><F135/><T102/><D36/><U107/><E107/><V81/><F51/><T129/><D129/><U48/><E48/><V47/><F47/><T58/><D32/><U46/><E45/><V35/><F35/><T60/><D33/><U131/><E131/><V84/><F114/><N who="0" m="43530" /><D105/><U62/><E49/><V1/><F1/><T126/><D126/><U101/><E101/><N who="0" m="39017" /><D60/><U44/><E44/><V133/><F133/><T134/><D134/><U130/><E130/><V34/><F34/><T110/><D110/><U67/><E67/><V87/><REACH who="2" step="1"/><F76/><REACH who="2" ten="181,705,154,0" step="2"/><T112/><D112/><U64/><E64/><V94/><AGARI ba="0,1" hai="75,78,81,82,83,84,87,88,90,93,94,95,97,103" m="31008" machi="94" ten="20,32000,5" yaku="1,1,2,1,0,1,7,1,9,1,35,6,52,1,54,1,53,1" doraHai="56" doraHaiUra="106" who="2" fromWho="2" sc="181,-160,705,-160,154,330,0,0" /><INIT seed="6,1,0,3,5,59" ten="21,545,484,0" oya="2" hai0="53,54,46,51,45,126,135,90,41,118,80,87,79" hai1="92,39,43,64,73,122,81,55,97,102,82,3,33" hai2="75,32,129,63,76,68,101,133,36,110,116,89,47" hai3=""/><V106/><RYUUKYOKU type="yao9" ba="1,0" sc="21,0,545,0,484,0,0,0" hai2="32,36,47,63,68,75,76,89,101,106,110,116,129,133" /><INIT seed="6,2,0,5,2,123" ten="21,545,484,0" oya="2" hai0="86,109,115,52,132,35,48,134,124,40,120,65,130" hai1="70,57,68,83,71,45,56,76,75,62,117,121,127" hai2="53,102,37,81,107,39,50,112,66,129,88,126,106" hai3=""/><V113/><F129/><T80/><D35/><U116/><N who="1" m="31008" /><U79/><E127/><V99/><F126/><T41/><D124/><U59/><E62/><V125/><F125/><T122/><D130/><U103/><E103/><V93/><F66/><T58/><D115/><N who="2" m="44106" /><F81/><T2/><D2/><U34/><E34/><V110/><F110/><T3/><D3/><U85/><E45/><V1/><F1/><T61/><N who="0" m="30752" /><T55/><N who="0" m="31264" /><T87/><D109/><U97/><E97/><V72/><F72/><T44/><D86/><U96/><E96/><V133/><F133/><T73/><D73/><U32/><E32/><V51/><F51/><T128/><D128/><U118/><E75/><V100/><F102/><T91/><D87/><U60/><E60/><V101/><F101/><T0/><D0/><U98/><BYE who="0" /><E98/><V94/><F94/><T119/><D119/><U114/><E114/><V108/><F108/><T63/><D63/><U105/><E105/><N who="2" m="39947" /><F100/><T49/><D49/><U111/><E111/><V78/><F78/><AGARI ba="2,0" hai="56,57,59,68,70,71,76,78,79,83,85,116,117,118" m="31008" machi="78" ten="60,8000,1" yaku="29,2,12,1,52,1" doraHai="123" who="1" fromWho="2" sc="21,0,545,84,484,-84,0,0" owari="21,-58.0,629,58.0,400,0.0,0,0.0" /></mjloggm>