<mjloggm ver="2.3"><GO type="169" lobby="0"/><UN n0="%E8%8C%B6%E8%89%B2%E3%81%AE%E3%82%A2%E3%83%AC" n1="%E9%81%8A%E8%B5%B0" n2="%E6%9D%91%E6%9D%BE%E3%80%90%E6%9C%AC%E7%89%A9%E3%80%91" n3="%E5%B0%8F%E6%B1%A0%E7%BE%8E%E6%B3%A2%E2%8A%BF" dan="17,16,16,16" rate="2174.87,2181.32,2122.02,2119.26" sx="M,M,M,F"/><TAIKYOKU oya="0"/><INIT seed="0,0,0,5,0,51" ten="250,250,250,250" oya="0" hai0="66,31,44,40,65,116,20,53,76,43,32,79,11" hai1="56,97,36,8,82,88,67,75,125,45,26,100,73" hai2="89,90,39,78,41,17,95,4,58,135,80,21,29" hai3="84,111,119,46,6,64,28,9,132,37,115,54,121"/><T102/><D116/><U68/><E125/><V91/><F135/><W23/><G119/><T57/><D32/><U24/><E68/><V127/><F127/><W101/><G115/><T112/><D112/><U98/><E8/><V18/><F4/><W70/><G101/><T77/><D102/><U61/><E73/><V15/><F39/><W0/><G111/><T62/><D11/><U87/><E75/><V47/><F47/><W123/><G84/><T48/><REACH who="0" step="1"/><D40/><REACH who="0" ten="240,250,250,250" step="2"/><U2/><E2/><V52/><F41/><W35/><G35/><T122/><D122/><U38/><E98/><V81/><F29/><W108/><G28/><T42/><D42/><U19/><E97/><V118/><F118/><W7/><G9/><T134/><D134/><U59/><E100/><V92/><F18/><W33/><G33/><T13/><D13/><U63/><E19/><V1/><F1/><W114/><G132/><T10/><D10/><U50/><E24/><AGARI ba="0,1" hai="20,24,31,43,44,48,53,57,62,65,66,76,77,79" machi="24" ten="40,7700,0" yaku="1,1,8,1,52,1,53,0" doraHai="51" doraHaiUra="14" who="0" fromWho="1" sc="240,87,250,-77,250,0,250,0" /><INIT seed="0,1,0,3,2,118" ten="327,173,250,250" oya="0" hai0="112,105,98,72,50,123,40,108,54,120,1,71,48" hai1="35,26,77,47,92,121,116,66,111,100,21,97,44" hai2="59,88,18,33,119,7,68,104,13,64,62,11,99" hai3="115,25,113,12,132,110,82,133,34,87,91,128,93"/><T90/><D112/><U60/><E116/><V125/><F119/><W85/><G12/><T102/><D72/><U63/><E111/><V74/><F74/><W95/><G34/><T130/><D71/><U129/><E129/><V83/><F33/><W84/><G25/><T39/><D130/><U51/><E35/><V117/><F117/><W5/><G5/><T32/><D1/><U20/><E121/><V75/><F125/><W46/><G128/><T103/><D39/><U81/><E21/><V65/><F104/><W9/><G9/><T86/><D108/><U29/><E51/><V126/><F126/><W107/><G107/><T78/><D78/><U134/><E134/><N who="3" m="51818" /><G46/><T28/><D102/><U73/><REACH who="1" step="1"/><E60/><REACH who="1" ten="327,163,250,250" step="2"/><V0/><F75/><W56/><G110/><T114/><D114/><U135/><E135/><V106/><F106/><W94/><G115/><T2/><D48/><U45/><E45/><V70/><F70/><AGARI ba="1,1" hai="20,26,29,44,47,63,66,70,73,77,81,92,97,100" machi="70" ten="30,3900,0" yaku="1,1,7,1,53,1" doraHai="118" doraHaiUra="24" who="1" fromWho="2" sc="327,0,163,52,250,-42,250,0" /><INIT seed="1,0,0,1,0,35" ten="327,215,208,250" oya="1" hai0="63,67,75,56,20,48,34,81,78,72,77,24,112" hai1="43,42,10,3,19,44,37,109,33,6,124,68,91" hai2="123,98,74,92,14,27,128,103,122,95,70,31,15" hai3="115,89,129,105,18,86,121,21,62,119,66,113,1"/><U36/><E124/><V101/><F74/><W57/><G121/><T16/><D112/><U32/><E19/><V87/><F70/><W130/><G105/><T51/><REACH who="0" step="1"/><D34/><REACH who="0" ten="317,215,208,250" step="2"/><U79/><E109/><V65/><F128/><W50/><G115/><T59/><D59/><U93/><E68/><V60/><F122/><W7/><G113/><T38/><D38/><U52/><E37/><V107/><F123/><W117/><G117/><T5/><D5/><U97/><E42/><V110/><F110/><W28/><G119/><T58/><D58/><U82/><REACH who="1" step="1"/><E52/><REACH who="1" ten="317,205,208,250" step="2"/><V83/><F60/><W125/><G62/><T45/><D45/><U120/><E120/><V106/><F65/><W41/><G66/><T11/><D11/><U4/><E4/><V9/><F9/><W26/><G7/><T118/><D118/><U71/><E71/><V131/><F131/><W49/><G130/><T47/><D47/><U135/><E135/><V104/><F31/><W134/><G134/><T100/><D100/><U99/><E99/><V69/><F69/><W88/><G129/><T23/><D23/><U73/><AGARI ba="0,2" hai="3,6,10,32,33,36,43,44,73,79,82,91,93,97" machi="73" ten="20,18000,2" yaku="1,1,0,1,7,1,25,2,52,1,53,0" doraHai="35" doraHaiUra="54" who="1" fromWho="1" sc="317,-60,205,200,208,-60,250,-60" /><INIT seed="1,1,0,1,1,132" ten="257,405,148,190" oya="1" hai0="85,64,38,96,77,124,51,81,47,94,58,3,78" hai1="73,46,27,25,134,111,33,7,104,115,65,117,129" hai2="95,92,135,74,60,128,50,75,66,63,119,19,118" hai3="45,84,91,93,28,26,82,103,53,1,133,32,40"/><U109/><E117/><V37/><F37/><W83/><G133/><T114/><D114/><U2/><E115/><V24/><F135/><W41/><G1/><T116/><D116/><U5/><E134/><V14/><F24/><W121/><G121/><T106/><D3/><U34/><E104/><V107/><F107/><W59/><G103/><T29/><D29/><U43/><E73/><V44/><F128/><W16/><G41/><T56/><D106/><U122/><E122/><V112/><F112/><W98/><G98/><T90/><D38/><U126/><E126/><V35/><F35/><N who="1" m="13321" /><E65/><V105/><F105/><W123/><G123/><T99/><D78/><U22/><E129/><V67/><F14/><W12/><G45/><T130/><D99/><U125/><E125/><V31/><F44/><W17/><G40/><T15/><D64/><U36/><E2/><V54/><F50/><W20/><REACH who="3" step="1"/><G17/><REACH who="3" ten="257,405,148,180" step="2"/><T30/><D130/><U13/><E5/><V61/><F19/><W110/><G110/><N who="1" m="41994" /><E7/><V100/><F119/><W113/><G113/><T10/><D124/><U101/><E101/><V72/><F118/><W131/><G131/><T57/><D30/><U0/><E0/><V69/><F100/><W87/><G87/><T52/><D47/><U42/><E42/><V4/><F31/><W62/><AGARI ba="1,1" hai="12,16,20,26,28,32,53,59,62,82,83,84,91,93" machi="62" ten="20,8000,1" yaku="1,1,0,1,7,1,54,1,53,1" doraHai="132" doraHaiUra="80" who="3" fromWho="3" sc="257,-21,405,-41,148,-21,180,93" /><INIT seed="2,0,0,5,3,14" ten="236,364,127,273" oya="2" hai0="17,131,85,74,82,123,122,1,19,9,10,11,65" hai1="87,132,117,44,111,2,121,96,27,114,127,58,47" hai2="124,57,128,86,18,73,6,24,54,70,40,4,68" hai3="52,77,126,104,64,32,95,30,92,99,21,81,34"/><V36/><F73/><W26/><G64/><T90/><D1/><U51/><E117/><V61/><F124/><W72/><G126/><T107/><D107/><U23/><E2/><V60/><F128/><W83/><G104/><T129/><D65/><U7/><E127/><V41/><F86/><W49/><G83/><T110/><D74/><U76/><E121/><N who="0" m="46089" /><D110/><U89/><E114/><V120/><F120/><W8/><G8/><T102/><D102/><U103/><E111/><V25/><F54/><W39/><G39/><T100/><D100/><U59/><E76/><V88/><F57/><W98/><G95/><T29/><D29/><U3/><E3/><V134/><F36/><W53/><G53/><T130/><AGARI ba="0,0" hai="9,10,11,17,19,82,85,90,129,130,131" m="46089" machi="130" ten="40,5200,0" yaku="19,1,52,2" doraHai="14" who="0" fromWho="0" sc="236,52,364,-13,127,-26,273,-13" /><INIT seed="3,0,0,3,5,93" ten="288,351,101,260" oya="3" hai0="42,68,29,104,109,28,67,87,129,7,86,130,71" hai1="41,110,69,49,18,120,4,53,12,54,32,106,21" hai2="16,79,125,38,85,113,101,82,105,31,84,100,73" hai3="91,117,51,121,14,62,114,111,99,119,96,72,95"/><W22/><G114/><T77/><D109/><U123/><E110/><V0/><F38/><W118/><G111/><T65/><D42/><U60/><E106/><V134/><F0/><W70/><G121/><T55/><D7/><U127/><E32/><V63/><F31/><W108/><G108/><T20/><D55/><U26/><E127/><V128/><F113/><W88/><G72/><T61/><D20/><U50/><E41/><V133/><F63/><W83/><G51/><T40/><D40/><U8/><E69/><V43/><F43/><W81/><G14/><T25/><D77/><U33/><E33/><V3/><F3/><W58/><G70/><T34/><D104/><U76/><E60/><V47/><F16/><W97/><G22/><T126/><D61/><U23/><E76/><V13/><F47/><W74/><G74/><T11/><D34/><U52/><REACH who="1" step="1"/><E23/><REACH who="1" ten="288,341,101,260" step="2"/><V2/><F125/><W102/><G62/><T57/><D126/><U36/><E36/><V19/><F133/><W103/><G58/><T116/><D71/><U39/><E39/><V45/><F134/><W132/><G132/><T35/><D35/><U89/><E89/><N who="3" m="34378" /><G95/><T30/><D68/><U59/><E59/><V131/><F105/><W75/><G75/><T9/><D57/><U44/><E44/><V112/><F73/><W24/><G24/><T122/><D25/><U37/><E37/><V5/><F112/><W48/><G48/><AGARI ba="0,1" hai="4,8,12,18,21,26,48,49,50,52,53,54,120,123" machi="48" ten="40,2600,0" yaku="1,1,54,1,53,0" doraHai="93" doraHaiUra="115" who="1" fromWho="3" sc="288,0,341,36,101,0,260,-26" /><INIT seed="4,0,0,5,1,45" ten="288,377,101,234" oya="0" hai0="77,117,43,103,36,113,133,115,82,53,48,27,28" hai1="57,110,69,109,20,1,7,5,42,128,129,37,123" hai2="89,70,61,135,25,22,56,0,14,96,55,47,75" hai3="91,118,4,130,38,39,40,119,64,104,51,108,62"/><T131/><D117/><U34/><E123/><V13/><F75/><W90/><G104/><T68/><D68/><U59/><E34/><V94/><F0/><W16/><G4/><N who="1" m="1610" /><E1/><V84/><F70/><W6/><G6/><T11/><D103/><U49/><E37/><V112/><F135/><W126/><G108/><N who="1" m="41578" /><E69/><V23/><F112/><N who="0" m="43082" /><D11/><U80/><E80/><V98/><F23/><W30/><G30/><T73/><D133/><U66/><E66/><V12/><REACH who="2" step="1"/><F47/><REACH who="2" ten="288,377,91,234" step="2"/><W87/><G119/><T60/><D131/><U125/><E20/><V78/><F78/><W86/><G130/><T116/><D116/><U79/><E79/><V95/><F95/><W15/><G118/><T32/><D73/><U100/><E129/><V124/><F124/><W2/><G2/><T134/><D77/><U71/><E128/><V101/><F101/><W19/><G126/><T50/><D134/><U3/><E71/><V41/><F41/><W127/><G40/><T31/><D82/><U24/><E3/><V9/><F9/><W26/><G127/><T18/><D31/><AGARI ba="0,1" hai="12,13,14,22,25,31,55,56,61,84,89,94,96,98" machi="31" ten="40,5200,0" yaku="1,1,8,1,53,1" doraHai="45" doraHaiUra="17" who="2" fromWho="0" sc="288,-52,377,0,91,62,234,0" /><INIT seed="5,0,0,4,1,34" ten="236,377,153,234" oya="1" hai0="100,57,37,46,3,128,92,63,51,114,95,129,7" hai1="84,41,42,61,13,119,25,123,85,134,82,72,29" hai2="14,60,49,113,21,91,130,9,2,44,73,88,1" hai3="132,18,31,56,101,66,115,39,112,109,40,26,135"/><U22/><E123/><V111/><F111/><W74/><G74/><T118/><D118/><U125/><E119/><V93/><F73/><W107/><G107/><T8/><D114/><N who="3" m="43561" /><G101/><T50/><D37/><U81/><E134/><N who="3" m="51242" /><G18/><T30/><D30/><U76/><E125/><V59/><F113/><W102/><G102/><T65/><D51/><U79/><E72/><V116/><F116/><W70/><G56/><T87/><D100/><U23/><E61/><V126/><F126/><W20/><G109/><T121/><D121/><U106/><E106/><V80/><F21/><W16/><G31/><T75/><D75/><U99/><E99/><V5/><F130/><N who="0" m="50282" /><D87/><U103/><E103/><V55/><F80/><W77/><G77/><T90/><D90/><U122/><E122/><V58/><F91/><W68/><G66/><T10/><D10/><U117/><E117/><V45/><F59/><W52/><G52/><AGARI ba="0,0" hai="3,7,8,46,50,52,57,63,65,92,95" m="50282" machi="52" ten="30,3900,0" yaku="19,1,52,1,54,1" doraHai="34" who="0" fromWho="3" sc="236,39,377,0,153,0,234,-39" /><INIT seed="6,0,0,4,3,55" ten="275,377,153,195" oya="2" hai0="97,8,103,105,96,134,66,104,84,100,54,113,45" hai1="95,132,2,16,43,111,125,1,98,29,20,3,126" hai2="26,122,77,44,52,36,88,118,109,127,114,78,56" hai3="61,112,124,23,40,32,131,50,58,28,21,14,35"/><V6/><F122/><W91/><G131/><T25/><D113/><U49/><E111/><V108/><F118/><W128/><G112/><T117/><D117/><U116/><E116/><V31/><F114/><W73/><G73/><T17/><D134/><U22/><E132/><V41/><F127/><N who="1" m="48649" /><E29/><V123/><F6/><W47/><G128/><T72/><D72/><U87/><E87/><V7/><F7/><W99/><G23/><T71/><D84/><U13/><E22/><V129/><F129/><W115/><G124/><T102/><D102/><N who="1" m="60767" /><E49/><N who="2" m="30735" /><F123/><W69/><G69/><T93/><D104/><U85/><E85/><V12/><F12/><W119/><G14/><T37/><D71/><U51/><E51/><V46/><F46/><W30/><G50/><T39/><D45/><U94/><E94/><V121/><F121/><W57/><G47/><T15/><D39/><U80/><E80/><V90/><F78/><W59/><G119/><T60/><D37/><U120/><E120/><V10/><F10/><W42/><G115/><T83/><D83/><U86/><E86/><V9/><F9/><W67/><G40/><AGARI ba="0,0" hai="1,2,3,13,16,20,40,43" m="60767,48649" machi="40" ten="40,2600,0" yaku="18,1,54,1" doraHai="55" who="1" fromWho="3" sc="275,0,377,26,153,0,195,-26" /><INIT seed="7,0,0,1,1,24" ten="275,403,153,169" oya="3" hai0="95,107,27,42,126,8,28,75,120,121,30,127,129" hai1="5,134,115,56,29,70,89,125,124,43,100,14,96" hai2="26,94,45,103,55,97,80,54,16,18,106,105,69" hai3="109,48,33,111,38,74,22,113,52,53,7,44,66"/><W67/><G33/><T15/><D107/><U11/><E70/><V10/><F69/><W77/><G7/><T83/><D129/><U114/><E134/><V128/><F128/><W123/><G123/><T61/><D42/><U104/><E89/><V20/><F105/><W64/><G74/><T17/><D61/><U9/><E43/><V3/><F3/><W12/><G77/><T122/><D95/><U68/><E68/><V78/><F106/><W59/><G12/><T82/><D30/><U79/><E79/><V93/><F93/><W0/><G0/><T25/><D25/><U19/><E29/><V2/><F45/><W49/><G22/><N who="0" m="15479" /><D75/><U65/><E65/><V135/><F135/><W132/><G132/><T36/><D36/><U119/><E119/><V90/><F103/><W41/><G113/><N who="1" m="43018" /><E56/><AGARI ba="0,0" hai="38,41,44,48,49,52,53,56,59,64,66,67,109,111" machi="56" ten="40,12000,1" yaku="9,1,34,3,54,1" doraHai="24" who="3" fromWho="1" sc="275,0,403,-120,153,0,169,120" /><INIT seed="7,1,0,4,1,56" ten="275,283,153,289" oya="3" hai0="78,32,90,99,128,63,54,80,3,16,104,44,11" hai1="81,94,33,82,121,114,126,41,4,107,10,134,106" hai2="7,124,8,95,39,88,112,120,111,24,42,30,116" hai3="46,6,67,18,101,129,9,70,21,29,127,2,102"/><W86/><G70/><T79/><D32/><U64/><E121/><V131/><F116/><W98/><G67/><T77/><D128/><U48/><E33/><V65/><F111/><W17/><G102/><T96/><D104/><U12/><E114/><V62/><F131/><W75/><G75/><T118/><D3/><U15/><E134/><V73/><F124/><W57/><G129/><T31/><D31/><U28/><E28/><V0/><F112/><W66/><G46/><T93/><D118/><U91/><E126/><V84/><F73/><W125/><G86/><T14/><D96/><U85/><E106/><V100/><F120/><W5/><G5/><T40/><D40/><U58/><E107/><V60/><F65/><W19/><G29/><T61/><D80/><U45/><E15/><V92/><F42/><W123/><G21/><T47/><D47/><U1/><E1/><V36/><F36/><W76/><G76/><T105/><D105/><U59/><E59/><V119/><F39/><W89/><G101/><T69/><D69/><U26/><E26/><V71/><F71/><W113/><G113/><T103/><D103/><U87/><E87/><V20/><REACH who="2" step="1"/><F119/><REACH who="2" ten="275,283,143,289" step="2"/><W108/><G123/><T115/><D115/><U43/><E43/><V72/><F72/><W53/><G108/><T52/><D54/><N who="1" m="32071" /><E64/><V50/><F50/><AGARI ba="1,1" hai="11,14,16,44,50,52,61,63,77,78,79,90,93,99" machi="50" ten="40,8000,1" yaku="8,1,52,2,54,2" doraHai="56" who="0" fromWho="2" sc="275,93,283,0,143,-83,289,0" /><AGARI ba="1,0" hai="4,10,12,41,45,50,81,82,85,91,94" m="32071" machi="50" ten="30,1000,0" yaku="8,1" doraHai="56" who="1" fromWho="2" sc="368,0,283,10,60,-10,289,0" owari="368,47.0,293,9.0,50,-45.0,289,-11.0" /></mjloggm>