<mjloggm ver="2.3"><GO type="169" lobby="0"/><UN n0="%6D%73%E3%82%80%E3%83%BC%E3%81%95%E3%82%93" n1="%E3%81%8F%E3%81%85%E3%81%A1%E3%82%83%E3%82%93%EF%BC%A0%50%45" n2="%E9%A6%AC%E6%9D%89%E5%AF%A7%E9%A6%99" n3="%E8%88%AC%E5%8D%93%E6%B0%91%E3%81%AE%E6%9C%9D%E3%81%AF%E6%97%A9%E3%81%84" dan="18,16,17,17" rate="2238.30,2178.89,2262.55,2243.32" sx="M,M,F,M"/><TAIKYOKU oya="0"/><INIT seed="0,0,0,5,5,114" ten="250,250,250,250" oya="0" hai0="135,90,34,25,73,62,67,72,43,52,64,55,125" hai1="16,79,9,49,29,66,33,134,53,111,116,98,70" hai2="117,102,57,78,44,63,17,24,107,82,41,110,127" hai3="3,95,122,4,40,61,126,121,113,1,30,99,39"/><T6/><D125/><U130/><E111/><V97/><F110/><W42/><G113/><T85/><D135/><U124/><E134/><V20/><F127/><W108/><G108/><T59/><D43/><U2/><E124/><V84/><F57/><W115/><G115/><T87/><D6/><U81/><E130/><V7/><F7/><W96/><G126/><T65/><D55/><U35/><E116/><V83/><F83/><W88/><G30/><T54/><D54/><U103/><E29/><V12/><F63/><W109/><G109/><T133/><D133/><U31/><E31/><V15/><REACH who="2" step="1"/><F117/><REACH who="2" ten="250,250,240,250" step="2"/><W37/><G4/><T69/><D69/><U19/><E70/><V77/><F77/><W128/><G61/><T8/><D62/><U118/><E118/><V94/><F94/><W119/><G119/><T18/><D59/><U14/><E66/><V45/><F45/><W27/><G95/><T48/><D65/><U0/><E0/><V80/><F80/><W76/><G76/><T132/><D64/><U105/><E2/><V120/><F120/><W22/><G3/><T10/><D67/><U68/><E68/><V92/><F92/><W86/><G1/><T71/><D71/><U91/><E35/><V56/><F56/><W100/><G121/><T60/><D60/><U75/><E33/><V123/><F123/><W28/><G122/><T51/><D132/><U5/><REACH who="1" step="1"/><E91/><REACH who="1" ten="250,240,240,250" step="2"/><V21/><F21/><W58/><G88/><T50/><D90/><U36/><E36/><AGARI ba="0,2" hai="12,15,17,20,24,36,41,44,78,82,84,97,102,107" machi="36" ten="30,2000,0" yaku="1,1,7,1,53,0" doraHai="114" doraHaiUra="26" who="2" fromWho="1" sc="250,0,240,-20,240,40,250,0" /><INIT seed="1,0,0,1,4,75" ten="250,220,280,250" oya="1" hai0="64,128,20,125,17,65,11,127,2,94,106,31,76" hai1="19,118,54,105,7,42,16,45,68,85,117,33,22" hai2="95,24,115,98,96,59,112,116,10,88,14,119,26" hai3="120,81,70,78,57,86,43,122,46,3,5,23,108"/><U51/><E105/><V49/><F49/><W66/><G108/><T28/><D106/><U13/><E33/><V15/><F59/><W109/><G109/><T56/><D128/><U27/><E68/><V67/><F67/><W25/><G70/><T82/><D94/><U123/><E123/><V55/><F55/><W9/><G57/><T101/><D101/><U73/><E73/><V18/><F15/><W79/><G66/><N who="0" m="25707" /><D11/><U39/><E7/><V41/><F41/><W40/><G40/><T111/><D2/><U37/><E85/><V12/><F12/><W135/><G135/><T121/><D56/><U30/><E19/><V126/><F126/><N who="0" m="48138" /><D121/><U35/><REACH who="1" step="1"/><E37/><REACH who="1" ten="250,210,280,250" step="2"/><V60/><F119/><W38/><G120/><T34/><D34/><U110/><E110/><V32/><F116/><W93/><G122/><T6/><D6/><U100/><E100/><V132/><F32/><W134/><G134/><T58/><D111/><U131/><E131/><V48/><F132/><W103/><G103/><T113/><D17/><U107/><E107/><V47/><F18/><W84/><G84/><T124/><D124/><U130/><E130/><V69/><F69/><W63/><G38/><T52/><D31/><U0/><E0/><V129/><F129/><W50/><G3/><T80/><D28/><U104/><E104/><V8/><F115/><W4/><G4/><T36/><D113/><U89/><E89/><V62/><F112/><W29/><G29/><T97/><D36/><U21/><E21/><V102/><F102/><W87/><G5/><T92/><D20/><U133/><E133/><RYUUKYOKU ba="0,1" sc="250,-10,210,30,280,-10,250,-10" hai1="13,16,22,27,30,35,39,42,45,51,54,117,118" /><INIT seed="1,1,1,4,0,2" ten="240,240,270,240" oya="1" hai0="135,92,72,128,28,118,13,55,90,61,132,93,87" hai1="82,48,53,101,100,94,83,120,109,123,131,117,111" hai2="1,32,15,127,63,105,88,58,85,52,11,126,91" hai3="75,10,44,27,34,115,16,29,107,78,65,0,121"/><U98/><E53/><V59/><F32/><W119/><G107/><T54/><D118/><U56/><E56/><V99/><F1/><W35/><G65/><T50/><D72/><U37/><E48/><V20/><F20/><N who="3" m="13703" /><G44/><T104/><D104/><U57/><E57/><V122/><F122/><N who="1" m="46633" /><E37/><V17/><F59/><W134/><G78/><T18/><D61/><U95/><E117/><V67/><F67/><W133/><G75/><T46/><D28/><U47/><E47/><V3/><F3/><W81/><G81/><N who="1" m="30730" /><E131/><V97/><F85/><W64/><G64/><T86/><D55/><U124/><E124/><N who="2" m="47659" /><F99/><AGARI ba="1,1" hai="94,95,98,99,100,101,109,111" m="30730,46633" machi="99" ten="40,3900,0" yaku="34,2" doraHai="2" who="1" fromWho="2" sc="240,0,240,52,270,-42,240,0" /><INIT seed="1,2,0,3,2,111" ten="240,292,228,240" oya="1" hai0="90,98,43,134,86,128,119,51,79,84,16,27,13" hai1="40,38,91,125,126,116,74,30,77,110,57,5,6" hai2="75,130,81,106,67,7,8,64,73,131,56,59,4" hai3="82,39,35,118,14,107,120,62,88,92,21,109,85"/><U48/><E116/><V76/><F8/><W112/><G120/><T18/><D134/><U63/><E38/><V3/><F106/><W37/><G35/><T87/><D119/><U2/><E2/><V123/><F123/><W133/><G109/><T53/><D128/><U94/><E30/><V60/><F3/><W34/><G34/><T52/><D79/><U124/><E63/><V28/><F28/><W66/><G107/><T61/><D27/><U17/><E110/><V15/><F15/><W9/><G133/><T46/><D61/><U93/><E17/><N who="0" m="6761" /><D13/><U58/><E74/><V102/><F60/><W104/><G104/><T55/><D98/><U132/><E77/><V50/><F76/><W31/><G118/><T24/><D24/><U42/><E132/><V108/><F108/><W115/><G21/><T23/><D23/><U122/><E122/><V0/><F0/><W45/><G31/><T83/><AGARI ba="2,0" hai="43,46,51,52,53,55,83,84,86,87,90" m="6761" machi="83" ten="30,4000,0" yaku="8,1,54,2" doraHai="111" who="0" fromWho="0" sc="240,46,292,-22,228,-12,240,-12" /><INIT seed="2,0,0,4,4,24" ten="286,270,216,228" oya="2" hai0="26,120,86,124,42,110,8,1,128,62,28,94,46" hai1="50,100,7,21,23,90,41,93,63,33,82,123,39" hai2="99,19,132,64,122,98,54,18,80,2,72,5,119" hai3="133,17,9,78,52,3,81,43,69,84,60,108,12"/><V115/><F115/><W107/><G107/><T13/><D120/><U71/><E33/><V112/><F119/><W6/><G108/><T68/><D110/><U95/><E123/><V121/><F112/><W109/><G109/><T118/><D128/><U105/><E39/><V14/><F64/><W104/><G104/><T79/><D1/><U16/><E7/><V91/><F2/><W106/><G106/><T102/><D124/><U59/><E71/><V74/><F5/><W15/><G133/><T20/><D68/><U58/><E105/><V89/><F14/><W116/><G116/><T56/><D79/><U0/><E21/><V10/><F54/><W101/><G101/><T66/><D118/><U83/><E0/><V75/><F75/><W31/><G43/><T125/><D125/><U55/><E100/><V35/><F35/><W70/><G3/><T51/><D86/><U47/><E58/><V4/><F4/><W45/><G31/><T135/><D135/><U53/><E41/><V96/><F96/><W44/><G44/><T88/><D102/><U27/><E93/><V131/><F132/><W11/><G45/><T92/><D88/><U126/><E126/><V30/><F80/><W85/><G85/><AGARI ba="0,0" hai="16,23,27,47,50,53,55,59,63,82,83,85,90,95" machi="85" ten="30,3900,0" yaku="7,1,8,1,54,1" doraHai="24" who="1" fromWho="3" sc="286,0,270,39,216,0,228,-39" /><INIT seed="3,0,0,4,0,78" ten="286,309,216,189" oya="3" hai0="99,28,8,39,22,7,105,111,95,20,24,69,130" hai1="11,123,29,81,54,37,14,0,134,43,113,52,61" hai2="121,70,127,51,88,15,116,10,45,86,83,93,108" hai3="38,126,90,133,106,19,66,110,118,112,2,75,124"/><W31/><RYUUKYOKU type="yao9" ba="0,0" sc="286,0,309,0,216,0,189,0" hai3="2,19,31,38,66,75,90,106,110,112,118,124,126,133" /><INIT seed="3,1,0,2,5,94" ten="286,309,216,189" oya="3" hai0="124,63,89,70,45,101,66,12,40,96,83,17,68" hai1="43,3,48,21,109,61,7,125,77,6,29,127,15" hai2="117,23,128,47,54,2,64,88,38,1,36,134,31" hai3="11,90,107,132,108,4,99,44,72,46,100,102,118"/><W33/><G118/><T119/><D119/><U39/><E39/><V82/><F117/><W19/><G72/><T18/><D124/><N who="1" m="47691" /><E77/><V53/><F134/><W14/><G132/><T62/><D89/><U57/><E3/><V79/><F128/><W10/><G33/><T34/><D34/><U27/><E109/><V80/><F64/><W50/><G108/><T114/><D83/><U115/><E115/><V95/><F31/><W65/><G65/><T55/><D70/><U135/><E15/><V106/><F106/><W129/><G129/><T92/><D114/><U41/><E135/><V104/><F104/><W131/><G131/><T37/><REACH who="0" step="1"/><D12/><REACH who="0" ten="276,309,216,189" step="2"/><U69/><E69/><V105/><F82/><W91/><G100/><T113/><D113/><U130/><E130/><V78/><F80/><W13/><REACH who="3" step="1"/><G46/><REACH who="3" ten="276,309,216,179" step="2"/><T9/><D9/><U110/><E110/><V8/><F47/><W56/><G56/><AGARI ba="1,2" hai="17,18,37,40,45,55,56,62,63,66,68,92,96,101" machi="56" ten="40,2600,0" yaku="1,1,52,1,53,0" doraHai="94" doraHaiUra="126" who="0" fromWho="3" sc="276,49,309,0,216,0,179,-29" /><INIT seed="4,0,0,1,0,28" ten="325,309,216,150" oya="0" hai0="21,99,116,50,89,51,75,133,119,4,40,13,33" hai1="72,46,127,42,88,104,86,61,108,31,135,20,118" hai2="60,27,43,22,34,96,36,58,115,93,44,47,6" hai3="54,126,134,67,19,131,70,128,87,3,10,94,102"/><T9/><D75/><U74/><E118/><V12/><F115/><W17/><G126/><T11/><D133/><U8/><E127/><V121/><F121/><W83/><G134/><T64/><D64/><U2/><E135/><V125/><F125/><W114/><G114/><T85/><D99/><U98/><E108/><V26/><F47/><W80/><G54/><T38/><D38/><U5/><E61/><V30/><F6/><W32/><G67/><T122/><D122/><U57/><E57/><V130/><F12/><W79/><G70/><T71/><D33/><U84/><E84/><V37/><F130/><W48/><G48/><T49/><D71/><U52/><E42/><V24/><F36/><W55/><G55/><T81/><D21/><U112/><E112/><V117/><F22/><W68/><G68/><T25/><D25/><N who="1" m="16807" /><E104/><V100/><REACH who="2" step="1"/><F117/><REACH who="2" ten="325,309,206,150" step="2"/><W59/><G128/><T82/><D9/><U92/><E46/><V132/><F132/><W73/><G131/><T7/><D7/><U97/><E74/><V1/><F1/><W120/><G3/><T109/><D40/><U53/><E72/><V15/><F15/><W29/><G10/><T105/><D116/><U78/><E2/><V62/><F62/><W101/><G120/><T16/><D119/><U76/><E5/><V66/><AGARI ba="0,1" hai="24,26,27,30,34,37,43,44,58,60,66,93,96,100" machi="66" ten="20,8000,1" yaku="1,1,0,1,7,1,52,1,53,1" doraHai="28" doraHaiUra="63" who="2" fromWho="2" sc="325,-40,309,-20,206,90,150,-20" /><INIT seed="5,0,0,2,3,91" ten="285,289,296,130" oya="1" hai0="55,21,84,43,31,102,86,25,30,65,9,11,132" hai1="121,100,74,92,128,27,73,108,122,64,70,94,8" hai2="124,49,113,88,19,40,32,58,114,125,51,112,119" hai3="47,111,89,37,45,5,62,85,80,41,23,1,98"/><U12/><E108/><V28/><F119/><W44/><G111/><T118/><D118/><U129/><E27/><N who="2" m="18463" /><F40/><W10/><G23/><T131/><D132/><U78/><E70/><V115/><F115/><W26/><G26/><T22/><D131/><N who="1" m="50251" /><E64/><V14/><F58/><W107/><G107/><T3/><D43/><U83/><E74/><V110/><F110/><W95/><REACH who="3" step="1"/><G62/><REACH who="3" ten="285,289,296,120" step="2"/><T81/><D21/><U76/><E76/><AGARI ba="0,1" hai="1,5,10,37,41,44,45,47,76,80,85,89,95,98" machi="76" ten="30,7700,0" yaku="1,1,2,1,7,1,52,1,53,0" doraHai="91" doraHaiUra="67" who="3" fromWho="1" sc="285,0,289,-77,296,0,120,87" /><INIT seed="6,0,0,2,1,96" ten="285,212,296,207" oya="2" hai0="3,90,103,125,114,41,132,99,118,112,16,33,47" hai1="18,51,22,127,44,52,111,91,21,26,121,5,97" hai2="1,128,20,54,62,31,119,6,72,113,40,23,59" hai3="50,13,89,14,19,49,67,53,74,55,0,24,129"/><V60/><F119/><W64/><G0/><T85/><D125/><U83/><E121/><V58/><F113/><N who="0" m="43626" /><D33/><U82/><E111/><V131/><F72/><W115/><G115/><T56/><D3/><U133/><E133/><V8/><F40/><W116/><G116/><T17/><D56/><U65/><E127/><V98/><F98/><W7/><G74/><T68/><D68/><U100/><E5/><V10/><F10/><N who="3" m="4319" /><G89/><T102/><D102/><U57/><E21/><V42/><F42/><W101/><G24/><T15/><D15/><U32/><E91/><V87/><F87/><W86/><G86/><T106/><D132/><U46/><E32/><V135/><F135/><W79/><G79/><T130/><D130/><N who="2" m="49706" /><F31/><W45/><G101/><T37/><D118/><U105/><REACH who="1" step="1"/><E65/><AGARI ba="0,0" hai="1,6,8,20,23,54,58,59,60,62,65" m="49706" machi="65" ten="30,1500,0" yaku="19,1" doraHai="96" who="2" fromWho="1" sc="285,0,212,-15,296,15,207,0" /><INIT seed="6,1,0,0,2,47" ten="285,197,311,207" oya="2" hai0="97,73,118,39,109,116,52,133,24,21,132,92,72" hai1="79,122,70,62,59,58,78,74,23,54,37,104,95" hai2="7,2,5,105,134,94,84,126,46,120,42,55,93" hai3="43,14,121,13,0,124,33,101,30,123,18,77,135"/><V6/><F120/><W88/><G101/><T32/><D39/><U90/><E104/><V8/><F126/><W130/><G77/><N who="1" m="29194" /><E74/><N who="0" m="28777" /><D32/><U49/><E37/><V110/><F105/><W127/><G43/><T108/><D21/><U87/><E122/><V19/><F2/><W103/><G103/><N who="0" m="60839" /><D52/><N who="1" m="34119" /><E70/><V67/><F67/><W107/><G107/><T60/><D24/><U75/><E75/><V65/><F55/><W16/><G0/><T41/><D60/><U3/><E3/><V102/><F6/><W61/><G61/><T85/><D41/><U51/><E23/><V86/><F5/><W57/><G33/><T45/><D45/><U76/><N who="1" m="29202" /><U15/><DORA hai="129" /><E15/><V113/><F46/><W66/><G14/><T31/><D31/><U89/><E90/><V71/><F71/><W11/><G88/><T50/><D109/><U91/><E91/><V40/><F110/><W125/><G30/><T29/><D29/><U4/><E4/><V44/><F7/><W35/><G35/><T112/><D108/><U119/><E119/><V128/><F128/><W69/><G130/><T22/><D22/><U117/><E117/><V114/><F42/><W9/><G69/><T63/><D116/><U28/><E28/><V96/><F40/><W48/><G123/><T82/><D118/><U115/><E115/><V111/><F114/><W53/><G121/><T68/><D112/><U80/><E80/><V131/><F113/><W10/><G13/><T36/><D68/><U25/><E25/><V99/><F111/><W64/><G124/><T100/><D36/><U27/><E27/><RYUUKYOKU ba="1,0" sc="285,-10,197,30,311,-10,207,-10" hai1="49,51,54,59,87,89,95" /><INIT seed="7,2,0,4,4,16" ten="275,227,301,197" oya="3" hai0="113,43,123,86,67,72,8,129,9,31,108,133,87" hai1="128,78,121,107,54,103,99,41,10,5,59,53,130" hai2="20,49,92,15,122,131,34,68,58,84,22,36,124" hai3="135,4,23,25,82,110,51,3,75,96,18,97,35"/><W46/><G135/><T14/><D123/><U126/><E121/><V117/><F117/><W57/><G110/><T11/><D108/><U47/><E126/><V125/><F131/><N who="1" m="50217" /><E78/><V29/><F36/><W44/><G35/><T93/><D72/><U12/><E59/><V77/><F68/><W61/><G75/><T19/><D133/><U45/><E45/><V7/><F122/><W30/><G82/><T114/><D129/><U94/><E107/><V132/><F132/><W2/><G4/><T56/><D31/><U33/><E33/><V105/><F105/><W42/><G30/><T0/><D43/><U55/><E53/><N who="2" m="32047" /><F7/><W89/><G46/><T64/><D0/><U70/><E70/><V40/><F40/><W91/><G97/><T101/><D56/><U119/><E119/><V63/><F63/><W6/><G6/><T112/><D64/><U32/><E32/><V109/><F109/><W104/><G104/><T39/><D67/><U111/><E111/><V73/><F73/><W95/><G91/><T27/><D39/><AGARI ba="2,0" hai="5,10,12,39,41,47,54,55,94,99,103" m="50217" machi="39" ten="30,1000,0" yaku="19,1" doraHai="16" who="1" fromWho="0" sc="275,-16,227,16,301,0,197,0" owari="259,6.0,243,-16.0,301,40.0,197,-30.0" /></mjloggm>