<mjloggm ver="2.3"><GO type="185" lobby="0"/><UN n0="%E3%83%86%E3%82%A4%E3%83%A9%E3%83%BC%E3%83%92%E3%83%AB" n1="%E7%B6%BE%E7%80%AC%E7%A9%82%E4%B9%83%E9%A6%99" n2="%E6%A2%B6%E9%9A%86%E8%87%A3" n3="" dan="16,17,17,0" rate="2175.03,2297.66,2242.05,1500.00" sx="F,F,M,C"/><TAIKYOKU oya="0"/><INIT seed="0,0,0,1,3,129" ten="350,350,350,0" oya="0" hai0="116,80,46,63,113,94,127,84,61,67,126,134,97" hai1="65,96,132,58,72,35,64,115,71,112,41,128,108" hai2="2,73,76,62,48,68,59,39,49,55,79,98,3" hai3=""/><T100/><D116/><U110/><E35/><V38/><F98/><T125/><D113/><U52/><E72/><V1/><F68/><T32/><D32/><U56/><E96/><V91/><F73/><T53/><D134/><U124/><E128/><V78/><REACH who="2" step="1"/><F91/><REACH who="2" ten="350,350,340,0" step="2"/><T60/><D67/><U54/><E71/><V86/><F86/><T114/><D114/><U69/><E69/><V0/><N who="2" m="0" /><DORA hai="51" /><V85/><F85/><T120/><N who="0" m="30752" /><T43/><D84/><U133/><REACH who="1" step="1"/><E124/><REACH who="1" ten="350,340,340,0" step="2"/><V92/><F92/><T95/><D95/><U33/><E33/><V66/><F66/><T36/><REACH who="0" step="1"/><D80/><REACH who="0" ten="340,340,340,0" step="2"/><U45/><E45/><V130/><F130/><T90/><D90/><U109/><E109/><V103/><F103/><T107/><D107/><U83/><E83/><V102/><F102/><T123/><N who="0" m="31520" /><T101/><D101/><U121/><N who="1" m="31008" /><U93/><E93/><V89/><F89/><T106/><D106/><U34/><E34/><V50/><AGARI ba="0,3" hai="38,39,48,49,50,55,59,62,76,78,79" m="0" machi="50" ten="70,6000,1" yaku="1,1,0,1,29,2,52,1,53,0" doraHai="129,51" doraHaiUra="111,117" who="2" fromWho="2" sc="340,-40,340,-20,340,90,0,0" /><INIT seed="1,0,0,1,2,42" ten="300,320,430,0" oya="1" hai0="53,64,80,52,65,128,83,74,104,89,94,87,96" hai1="61,98,110,88,95,133,124,78,132,47,109,57,40" hai2="105,66,56,103,37,122,130,39,134,102,69,34,121" hai3=""/><U49/><E124/><V62/><N who="2" m="31008" /><V93/><N who="2" m="31264" /><V59/><F34/><T1/><D1/><U81/><E57/><V72/><F105/><T35/><D35/><U114/><E61/><V91/><F72/><T116/><D116/><U3/><E114/><V50/><F130/><T107/><D128/><U68/><E68/><V123/><N who="2" m="31520" /><V97/><F134/><N who="1" m="51817" /><E3/><V120/><N who="2" m="30752" /><V79/><F79/><T125/><D125/><U46/><E46/><V60/><F69/><T33/><D33/><U41/><E41/><V51/><F37/><T129/><D129/><U82/><E82/><V43/><F39/><T86/><D74/><AGARI ba="0,0" hai="40,47,49,74,78,81,88,95,98,109,110" m="51817" machi="74" ten="30,5800,0" yaku="20,1,52,1,54,1" doraHai="42" who="1" fromWho="0" sc="300,-58,320,58,430,0,0,0" /><INIT seed="1,1,0,0,1,123" ten="242,378,430,0" oya="1" hai0="103,51,113,111,89,48,120,37,33,36,101,35,71" hai1="79,58,92,77,72,38,3,124,45,118,68,93,74" hai2="117,98,121,131,122,119,109,84,107,126,39,134,106" hai3=""/><U133/><E68/><V116/><N who="2" m="31008" /><V105/><N who="2" m="31264" /><V94/><F39/><T52/><N who="0" m="30752" /><T85/><D71/><U128/><E118/><V65/><F109/><T53/><D113/><U90/><E3/><V62/><F131/><T61/><D61/><U69/><E69/><V42/><F42/><T60/><D60/><U125/><E58/><V80/><F126/><T43/><D43/><U112/><E45/><V96/><F134/><T32/><D89/><U2/><E2/><V57/><REACH who="2" step="1"/><F94/><REACH who="2" ten="242,378,420,0" step="2"/><T95/><D32/><U76/><E38/><V82/><F82/><T59/><D95/><U40/><E40/><V1/><F1/><T50/><D50/><U78/><E128/><V115/><F115/><T66/><D35/><U73/><E112/><V88/><AGARI ba="1,1" hai="57,62,65,80,84,88,96,98,105,106,107,116,117,119" m="31264,31008" machi="88" ten="40,6000,1" yaku="1,1,0,1,52,2,54,1,53,0" doraHai="123" doraHaiUra="99" who="2" fromWho="2" sc="242,-21,378,-41,420,72,0,0" /><INIT seed="2,0,0,0,2,34" ten="221,337,492,0" oya="2" hai0="69,52,49,103,75,110,78,118,94,92,106,88,61" hai1="132,1,134,46,66,119,2,42,45,64,108,124,60" hai2="96,51,47,122,56,107,89,82,126,58,111,93,68" hai3=""/><V32/><N who="2" m="31264" /><V99/><F32/><T67/><D118/><U87/><E119/><V83/><F68/><T62/><D106/><U121/><N who="1" m="31008" /><U53/><E108/><V48/><F126/><T43/><D110/><U97/><E124/><V59/><F111/><T54/><D43/><U72/><E72/><V39/><F107/><T40/><D40/><U91/><E97/><V100/><F39/><T85/><D75/><U3/><E53/><V79/><F47/><T71/><D78/><U38/><E46/><V104/><REACH who="2" step="1"/><F83/><REACH who="2" ten="221,337,482,0" step="2"/><T129/><D69/><U128/><E45/><V50/><F50/><T112/><D71/><U84/><E38/><V86/><AGARI ba="0,1" hai="48,51,56,58,59,79,82,86,89,93,96,99,100,104" m="31264" machi="86" ten="30,4000,0" yaku="1,1,0,1,52,1,53,0" doraHai="34" doraHaiUra="135" who="2" fromWho="2" sc="221,-20,337,-20,482,50,0,0" /><INIT seed="2,1,0,2,3,79" ten="201,317,532,0" oya="2" hai0="128,37,71,90,55,77,115,121,125,75,107,84,109" hai1="93,60,72,40,67,64,99,38,65,122,134,132,70" hai2="32,54,104,131,2,59,92,89,112,83,117,49,80" hai3=""/><V106/><F112/><T103/><RYUUKYOKU type="yao9" ba="1,0" sc="201,0,317,0,532,0,0,0" hai0="37,55,71,75,77,84,90,103,107,109,115,121,125,128" /><INIT seed="2,2,0,5,0,76" ten="201,317,532,0" oya="2" hai0="123,65,41,42,32,120,129,1,34,60,133,93,39" hai1="124,85,109,71,43,80,126,110,74,89,56,36,116" hai2="64,35,91,104,92,59,0,125,135,127,95,118,50" hai3=""/><V58/><F118/><T62/><N who="0" m="30752" /><T72/><N who="0" m="31520" /><T99/><D1/><U119/><E71/><V83/><F0/><T38/><D72/><U107/><E56/><V130/><F35/><T2/><D2/><U101/><E43/><V97/><F104/><T67/><D93/><U70/><E70/><V121/><N who="2" m="31008" /><V69/><F130/><T108/><D99/><U45/><E45/><V57/><F135/><T114/><D114/><U117/><E36/><V68/><F92/><T88/><D108/><N who="1" m="41579" /><E74/><V103/><F50/><T102/><D102/><U61/><E61/><V111/><F111/><T37/><D37/><U48/><E48/><V96/><F103/><T90/><REACH who="0" step="1"/><D133/><REACH who="0" ten="191,317,532,0" step="2"/><U131/><E131/><AGARI ba="2,1" hai="32,34,38,39,41,42,60,62,65,67,88,90,129,131" m="31520,30752" machi="131" ten="25,12000,2" yaku="1,1,2,1,22,2,52,2,54,1,53,0" doraHai="76" doraHaiUra="33" who="0" fromWho="1" sc="191,134,317,-124,532,0,0,0" /><INIT seed="4,0,0,1,5,113" ten="325,193,532,0" oya="0" hai0="74,71,90,128,130,44,110,95,61,39,42,123,120" hai1="0,92,59,68,72,121,50,43,114,36,38,84,89" hai2="41,100,132,48,112,111,126,101,135,56,129,99,119" hai3=""/><T49/><N who="0" m="30752" /><T98/><N who="0" m="31520" /><T94/><D74/><U97/><N who="1" m="31008" /><U2/><E72/><V76/><F111/><T64/><D110/><U58/><E68/><V80/><F112/><T33/><D33/><U32/><E114/><V115/><F115/><T134/><D134/><U85/><E32/><V73/><F129/><N who="0" m="49770" /><D95/><U52/><E59/><V133/><F126/><T3/><D3/><U60/><E60/><V51/><F119/><T88/><D90/><U78/><E78/><V102/><F41/><T34/><D34/><U63/><E43/><V75/><F75/><T46/><D46/><U66/><E0/><V91/><F56/><T87/><D98/><U122/><N who="1" m="31264" /><U104/><E2/><V1/><F1/><T124/><D124/><U55/><E97/><V62/><F99/><T105/><D105/><U109/><E104/><V57/><F91/><T35/><D35/><U81/><E109/><V82/><F80/><T69/><D71/><U86/><E81/><V53/><AGARI ba="0,0" hai="48,51,53,57,62,73,76,82,100,101,102,132,133,135" machi="53" ten="40,2000,0" yaku="0,1,20,1" doraHai="113" who="2" fromWho="2" sc="325,-13,193,-7,532,20,0,0" /><INIT seed="5,0,0,2,1,3" ten="312,186,552,0" oya="1" hai0="66,50,71,54,124,115,128,121,1,42,110,60,114" hai1="134,51,76,72,89,84,105,88,41,39,64,91,96" hai2="56,100,104,61,99,35,83,59,32,131,69,78,108" hai3=""/><U109/><E134/><V49/><F108/><T43/><N who="0" m="31008" /><T40/><D1/><U73/><E109/><V2/><F2/><T97/><D110/><U70/><E39/><V68/><F131/><T37/><D97/><U79/><E64/><V135/><F135/><T103/><D103/><U120/><N who="1" m="30752" /><U122/><N who="1" m="31264" /><U102/><E70/><V130/><F69/><T53/><D54/><U118/><E118/><V36/><F36/><T82/><D82/><U34/><E34/><V98/><F99/><T46/><D128/><U80/><E51/><V106/><F104/><T132/><D132/><U117/><E41/><N who="0" m="15977" /><D124/><U57/><E57/><AGARI ba="0,0" hai="37,43,46,50,53,57,60,66,71,114,115" m="15977,31008" machi="57" ten="30,7700,0" yaku="24,1,34,2,52,1" doraHai="3" who="0" fromWho="1" sc="312,77,186,-77,552,0,0,0" /><INIT seed="6,0,0,4,4,77" ten="389,109,552,0" oya="2" hai0="36,69,108,40,62,57,33,116,35,97,50,44,82" hai1="73,93,92,117,128,87,133,125,85,48,52,111,67" hai2="90,60,115,49,71,53,51,132,122,102,126,91,124" hai3=""/><V106/><N who="2" m="31264" /><V131/><F115/><T38/><D116/><U32/><E67/><V129/><F132/><T104/><D108/><U109/><E48/><V45/><F102/><T89/><D104/><U123/><E52/><V37/><F106/><T105/><D105/><U118/><N who="1" m="31520" /><U55/><E55/><V63/><F37/><T58/><D97/><U34/><E73/><V59/><F71/><T114/><D114/><U3/><E3/><V95/><F91/><T46/><D69/><U78/><E34/><V0/><F51/><T86/><D57/><U134/><E32/><V75/><F75/><T47/><D47/><U113/><E78/><V81/><F0/><T119/><D119/><U41/><E41/><V79/><F63/><T88/><D89/><U135/><E113/><V74/><F59/><T42/><REACH who="0" step="1"/><D50/><REACH who="0" ten="379,109,552,0" step="2"/><U61/><E61/><V84/><F60/><T127/><D127/><AGARI ba="0,1" hai="45,49,53,74,79,81,84,90,95,124,126,127,129,131" m="31264" machi="127" ten="40,7700,0" yaku="18,1,52,2" doraHai="77" who="2" fromWho="0" sc="379,-77,109,0,552,87,0,0" owari="302,-10.0,109,-49.0,639,59.0,0,0.0" /></mjloggm>