<mjloggm ver="2.3"><GO type="185" lobby="0"/><UN n0="%E3%82%86%E3%81%8D%E3%81%86%E3%81%95%E3%81%8E%E2%98%86" n1="%E7%81%AB%E6%98%9F%E3%81%AE%E7%8A%AC" n2="%E5%BF%AB%E9%81%A9" n3="" dan="16,16,17,0" rate="2181.00,2202.68,2288.57,1500.00" sx="F,M,M,C"/><TAIKYOKU oya="0"/><INIT seed="0,0,0,4,1,118" ten="350,350,350,0" oya="0" hai0="60,134,42,68,57,61,40,58,35,66,105,112,1" hai1="115,44,114,131,126,3,87,32,124,73,37,135,101" hai2="70,62,78,88,99,107,67,43,38,76,93,121,54" hai3=""/><T109/><D1/><U53/><E3/><V71/><N who="2" m="31008" /><V98/><F70/><T102/><D35/><U74/><E32/><V0/><F0/><T104/><D112/><N who="1" m="43051" /><E37/><V128/><F128/><T106/><D134/><U39/><E135/><V80/><F54/><T51/><D109/><U55/><E131/><V63/><F62/><T119/><D119/><U113/><E101/><V127/><F127/><N who="1" m="48681" /><E87/><V81/><F107/><T50/><D102/><U56/><N who="1" m="43059" /><U72/><DORA hai="86" /><E56/><V103/><F98/><T83/><D68/><U90/><E90/><V59/><F71/><T92/><D57/><U133/><E133/><V65/><F67/><T122/><N who="0" m="31264" /><T85/><D60/><U75/><N who="1" m="18944" /><DORA hai="45" /><U52/><E39/><V132/><F132/><T110/><D58/><U47/><AGARI ba="0,0" hai="44,47,52,53,55" m="18944,48681,43059" machi="47" ten="80,6000,1" yaku="28,2,11,1,18,1,54,1" doraHai="118,86,45" who="1" fromWho="1" sc="350,-40,350,60,350,-20,0,0" /><INIT seed="1,0,0,1,2,34" ten="310,410,330,0" oya="1" hai0="55,97,85,128,99,122,77,116,65,41,3,134,112" hai1="71,54,96,35,53,1,127,129,76,132,43,117,74" hai2="113,101,114,36,103,51,110,48,63,125,115,82,52" hai3=""/><U39/><RYUUKYOKU type="yao9" ba="0,0" sc="310,0,410,0,330,0,0,0" hai1="1,35,39,43,53,54,71,74,76,96,117,127,129,132" /><INIT seed="1,1,0,4,1,97" ten="310,410,330,0" oya="1" hai0="126,116,65,125,44,118,132,104,98,40,1,3,101" hai1="123,0,74,133,102,45,81,87,33,43,110,39,70" hai2="34,114,76,58,96,73,109,2,57,37,69,103,100" hai3=""/><U79/><N who="1" m="31520" /><U80/><E0/><V112/><F2/><N who="0" m="522" /><D65/><U129/><E33/><V71/><F37/><T68/><D68/><U90/><E133/><V120/><N who="2" m="30752" /><V50/><F34/><T36/><D132/><U41/><E129/><V54/><F109/><T135/><D135/><U92/><E70/><N who="2" m="26635" /><F96/><T105/><D105/><U93/><E110/><V124/><F58/><T108/><D108/><U35/><E35/><V88/><F88/><T82/><D82/><U122/><N who="1" m="31264" /><U61/><E43/><V38/><F38/><T128/><D128/><U83/><E61/><V84/><F84/><T62/><D62/><U46/><E46/><V59/><F57/><T64/><D64/><U52/><REACH who="1" step="1"/><E52/><REACH who="1" ten="310,400,330,0" step="2"/><V127/><F54/><T53/><D53/><U67/><E67/><V63/><F63/><T91/><D44/><U49/><E49/><V77/><F50/><T42/><D40/><U48/><E48/><V85/><F59/><T111/><D42/><U66/><E66/><V94/><F124/><N who="0" m="47722" /><D111/><U60/><E60/><V130/><F127/><T47/><D47/><U131/><E131/><V99/><F130/><T121/><N who="0" m="31008" /><T107/><D36/><U51/><E51/><V55/><F55/><T113/><D116/><RYUUKYOKU ba="1,1" sc="310,-10,400,20,330,-10,0,0" hai1="39,41,45,74,79,80,81,83,87,90,92,93,102" /><INIT seed="1,2,1,2,1,119" ten="300,420,320,0" oya="1" hai0="53,0,45,67,69,105,124,94,80,102,54,117,104" hai1="111,38,44,71,59,60,126,47,62,65,120,128,125" hai2="91,50,112,115,79,56,121,101,97,99,98,39,66" hai3=""/><U37/><N who="1" m="30752" /><U93/><E93/><V134/><N who="2" m="31008" /><V49/><F39/><N who="1" m="14857" /><E128/><V83/><F134/><T3/><D117/><U2/><E2/><V77/><F50/><T58/><D124/><N who="1" m="47723" /><E111/><V68/><F68/><T132/><D69/><U70/><E70/><V127/><F127/><T48/><D67/><AGARI ba="2,1" hai="44,47,59,60,62,65,67,71" m="47723,14857,30752" machi="67" ten="30,12000,1" yaku="18,1,34,2,52,2" doraHai="119" who="1" fromWho="0" sc="300,-124,420,134,320,0,0,0" /><INIT seed="1,3,0,5,3,39" ten="176,554,320,0" oya="1" hai0="97,109,38,56,32,94,110,86,45,54,1,72,63" hai1="37,131,132,55,85,115,0,93,3,116,133,81,68" hai2="117,126,79,135,102,88,84,77,101,124,100,33,48" hai3=""/><U71/><E116/><V90/><F33/><T121/><N who="0" m="31008" /><T46/><D32/><U98/><E115/><V53/><F117/><T106/><D1/><N who="1" m="587" /><E37/><V104/><F135/><N who="1" m="51785" /><E131/><V107/><F53/><T69/><D72/><U134/><N who="1" m="51793" /><U113/><DORA hai="125" /><E113/><V50/><F100/><T42/><D45/><U49/><E81/><V70/><F84/><T99/><D86/><U83/><E93/><V66/><F70/><T51/><D94/><U34/><E98/><N who="0" m="37385" /><D106/><U76/><E34/><V60/><REACH who="2" step="1"/><F60/><REACH who="2" ten="176,554,310,0" step="2"/><T65/><AGARI ba="3,1" hai="38,42,46,51,54,56,63,65,69,109,110" m="37385,31008" machi="65" ten="30,3000,0" yaku="24,1,52,2" doraHai="39,125" who="0" fromWho="0" sc="176,46,554,-23,310,-13,0,0" /><INIT seed="2,0,0,1,4,107" ten="222,531,297,0" oya="2" hai0="32,81,72,112,0,63,102,128,44,100,1,73,50" hai1="118,129,115,114,65,41,42,104,97,69,74,76,46" hai2="57,54,53,80,37,34,105,94,134,77,126,60,106" hai3=""/><V82/><F34/><T101/><D32/><U71/><E129/><V79/><F37/><T2/><D128/><U127/><E118/><V61/><F126/><T132/><D132/><U78/><E127/><V45/><F94/><T70/><D112/><U86/><E86/><V109/><F109/><T33/><D33/><U49/><E65/><V38/><F38/><T91/><D63/><U56/><E56/><V96/><F96/><T62/><D62/><U135/><E97/><V87/><F134/><T66/><D66/><U84/><E135/><V133/><F133/><T119/><D70/><U117/><E69/><V121/><N who="2" m="31008" /><V131/><F131/><T113/><D113/><U111/><E111/><V125/><F125/><T120/><N who="0" m="30752" /><T3/><D119/><U40/><E117/><V123/><N who="2" m="31520" /><V58/><F45/><T122/><N who="0" m="31264" /><T47/><D47/><U110/><E46/><V67/><F67/><T89/><N who="0" m="0" /><DORA hai="130" /><T103/><N who="0" m="25600" /><DORA hai="48" /><T90/><REACH who="0" step="1"/><D81/><REACH who="0" ten="212,531,297,0" step="2"/><U92/><E114/><V39/><REACH who="2" step="1"/><F39/><REACH who="2" ten="212,531,287,0" step="2"/><T36/><D36/><U55/><E115/><V88/><F88/><T75/><D75/><AGARI ba="0,2" hai="53,54,57,58,60,61,75,77,79,80,82,87,105,106" m="31520,31008" machi="75" ten="30,24000,3" yaku="1,1,7,1,9,1,52,5,53,2" doraHai="107,130,48" doraHaiUra="116,98,85" who="2" fromWho="0" sc="212,-240,531,0,287,260,0,0" owari="-28,-63.0,531,13.0,547,50.0,0,0.0" /></mjloggm>