<mjloggm ver="2.3"><GO type="225" lobby="0"/><UN n0="%E3%81%BF%E3%81%BF%E3%81%9A" n1="%E3%83%94%E3%82%B3%E3%83%9E%E3%82%B9%E3%83%86%E3%82%A3%E3%83%95" n2="%E3%81%8A%E3%81%84%E3%81%AE%E3%82%8A" n3="%E3%82%A2%E3%83%A4%E3%82%BB" dan="16,17,16,16" rate="2200.48,2186.35,2121.62,2188.99" sx="M,M,M,M"/><TAIKYOKU oya="0"/><BYE who="0" /><INIT seed="0,0,0,5,1,90" ten="250,250,250,250" oya="0" hai0="16,2,125,47,4,135,92,12,57,24,68,117,21" hai1="49,114,99,127,71,48,17,78,67,52,116,82,120" hai2="106,102,129,30,9,113,79,134,42,5,108,89,15" hai3="36,70,56,10,38,72,61,128,7,62,130,31,43"/><T115/><D115/><U111/><E111/><V121/><BYE who="1" /><F113/><UN n0="%E3%81%BF%E3%81%BF%E3%81%9A" /><UN n1="%E3%83%94%E3%82%B3%E3%83%9E%E3%82%B9%E3%83%86%E3%82%A3%E3%83%95" /><W126/><G72/><T83/><D83/><U44/><BYE who="0" /><E44/><UN n0="%E3%81%BF%E3%81%BF%E3%81%9A" /><V91/><BYE who="1" /><BYE who="0" /><F121/><UN n1="%E3%83%94%E3%82%B3%E3%83%9E%E3%82%B9%E3%83%86%E3%82%A3%E3%83%95" /><W51/><G126/><T124/><D124/><U95/><E114/><V66/><F108/><W123/><G123/><T110/><D110/><U37/><E37/><UN n0="%E3%81%BF%E3%81%BF%E3%81%9A" /><V22/><F134/><W131/><G31/><T8/><D68/><U20/><E127/><V0/><F129/><W94/><G94/><T53/><D125/><U45/><E120/><V29/><F66/><N who="3" m="41295" /><G10/><T103/><D117/><U60/><E116/><V28/><F42/><W86/><G86/><T26/><D135/><U105/><E49/><V73/><F73/><W101/><G101/><T19/><D47/><U133/><E105/><V3/><F79/><W112/><G7/><T64/><D64/><U74/><E133/><V18/><REACH who="2" step="1"/><F3/><REACH who="2" ten="250,250,240,250" step="2"/><W75/><G75/><T39/><D39/><N who="3" m="14889" /><G112/><T98/><REACH who="0" step="1"/><D19/><REACH who="0" ten="240,250,240,250" step="2"/><U54/><E17/><V34/><F34/><W84/><G84/><T27/><D27/><U11/><E74/><V63/><F63/><AGARI ba="0,2" hai="2,4,8,12,16,21,24,26,53,57,63,92,98,103" machi="63" ten="30,12000,1" yaku="1,1,7,1,52,1,54,1,53,1" doraHai="90" doraHaiUra="59" who="0" fromWho="2" sc="240,140,250,0,240,-120,250,0" /><INIT seed="0,1,0,1,4,21" ten="380,250,120,250" oya="0" hai0="29,121,9,81,55,104,38,4,102,65,91,43,68" hai1="62,41,67,40,13,66,92,16,0,56,59,74,134" hai2="90,105,130,119,110,60,31,116,98,97,77,30,44" hai3="17,12,128,115,131,117,75,24,26,107,35,51,72"/><T76/><D121/><U2/><E74/><N who="3" m="28202" /><G35/><T18/><D18/><U88/><E134/><V6/><F6/><W96/><G117/><N who="2" m="45129" /><F44/><W94/><G107/><T114/><D91/><U95/><E0/><V8/><F8/><W84/><G84/><T47/><D114/><U25/><E2/><V46/><F46/><W7/><G7/><T27/><D55/><N who="1" m="34079" /><E95/><N who="2" m="56567" /><F60/><W58/><G51/><T36/><D36/><U52/><E25/><N who="3" m="9834" /><G58/><T79/><D68/><U64/><E59/><V83/><F31/><W106/><G106/><T71/><D104/><U5/><E5/><V111/><F30/><W122/><G115/><T126/><D4/><U32/><E32/><V133/><F133/><W1/><G1/><T125/><D29/><U15/><E52/><V53/><F53/><W89/><G122/><T86/><D71/><U14/><E16/><V108/><F130/><N who="3" m="49707" /><G17/><T113/><D113/><U63/><E63/><V127/><F127/><W19/><G19/><T33/><D125/><U28/><E28/><V50/><F50/><W39/><G12/><N who="1" m="3074" /><U78/><DORA hai="57" /><E78/><V20/><F20/><W3/><G3/><T124/><D79/><U132/><E132/><V101/><F110/><W80/><G80/><T70/><D124/><U73/><E73/><AGARI ba="1,0" hai="73,77,83,98,101,105,108,111" m="56567,45129" machi="73" ten="30,3900,0" yaku="12,1,34,2" doraHai="21,57" who="2" fromWho="1" sc="380,0,250,-42,120,42,250,0" /><INIT seed="1,0,0,2,1,133" ten="380,208,162,250" oya="1" hai0="114,49,53,89,66,115,19,4,129,79,63,131,104" hai1="134,61,58,91,26,95,124,81,100,45,60,43,54" hai2="109,103,85,116,74,83,56,2,23,34,107,127,84" hai3="28,22,73,48,120,118,105,113,41,68,3,99,67"/><U108/><E134/><V29/><F2/><W77/><G113/><T0/><D104/><U96/><E108/><V42/><F116/><W80/><G120/><T62/><D79/><U86/><E26/><V27/><F74/><W101/><G3/><T11/><D19/><U7/><E7/><V64/><F109/><W130/><G118/><T15/><D0/><U14/><E14/><V117/><F117/><W126/><G130/><N who="0" m="49675" /><D89/><U30/><E30/><V70/><F42/><W132/><G132/><T78/><D78/><U10/><E10/><V75/><F56/><W33/><G22/><T50/><D63/><U51/><REACH who="1" step="1"/><E124/><REACH who="1" ten="380,198,162,250" step="2"/><V24/><F127/><W72/><G126/><T102/><D115/><U35/><E35/><V71/><F24/><W21/><G33/><T18/><D114/><U52/><E52/><V82/><F23/><W110/><G28/><T8/><D53/><U119/><E119/><V59/><F27/><W125/><G21/><T94/><D4/><U98/><E98/><N who="2" m="61943" /><F34/><W1/><G1/><T6/><D8/><U76/><E76/><N who="2" m="46151" /><F29/><W25/><G25/><T92/><D6/><U20/><E20/><V57/><F64/><W93/><G125/><T5/><D5/><U121/><E121/><V123/><F123/><W122/><G122/><T16/><D18/><U47/><E47/><V65/><F65/><W13/><G110/><T9/><D9/><U87/><E87/><V128/><F128/><W97/><G72/><T37/><D11/><U46/><E46/><V69/><F75/><W135/><G135/><T36/><D15/><U39/><AGARI ba="0,1" hai="39,43,45,51,54,58,60,61,81,86,91,95,96,100" machi="39" ten="20,7800,0" yaku="1,1,5,1,0,1,7,1,53,0" doraHai="133" doraHaiUra="32" who="1" fromWho="1" sc="380,-26,198,88,162,-26,250,-26" /><INIT seed="1,1,0,0,2,61" ten="354,286,136,224" oya="1" hai0="89,34,22,70,115,48,123,19,20,86,7,4,5" hai1="130,18,132,102,32,82,126,38,21,94,60,88,119" hai2="91,37,124,71,50,53,64,27,68,6,36,17,55" hai3="33,106,11,51,87,46,40,104,113,110,1,131,57"/><U128/><E119/><V52/><F6/><W90/><G113/><T25/><D115/><U99/><E32/><V116/><F27/><W0/><G33/><T76/><D34/><U80/><E38/><N who="2" m="14955" /><F17/><W125/><G110/><T3/><D123/><U24/><E126/><V105/><F91/><W75/><G75/><T29/><D70/><N who="2" m="26666" /><F105/><W30/><G125/><T121/><D121/><U73/><E132/><V135/><F124/><W112/><G30/><T92/><D76/><U26/><E26/><V47/><F116/><W129/><G112/><T93/><D48/><U107/><E60/><V28/><F28/><W62/><G104/><T133/><D133/><U101/><E101/><V109/><F135/><W66/><G106/><T35/><D3/><U103/><E103/><V59/><F109/><W39/><G39/><T96/><D35/><U117/><E117/><V2/><F2/><W31/><G31/><T69/><D69/><U81/><REACH who="1" step="1"/><E73/><REACH who="1" ten="354,276,136,224" step="2"/><V118/><F118/><W10/><G1/><T83/><D96/><AGARI ba="1,1" hai="18,21,24,80,81,82,88,94,96,99,102,107,128,130" machi="96" ten="40,12000,1" yaku="1,1,2,1,54,1,53,1" doraHai="61" doraHaiUra="13" who="1" fromWho="0" sc="354,-123,276,133,136,0,224,0" /><INIT seed="1,2,0,1,0,97" ten="231,409,136,224" oya="1" hai0="54,124,27,80,89,127,40,95,118,105,70,67,100" hai1="93,82,52,10,45,14,107,15,1,111,122,110,135" hai2="132,51,131,85,25,47,92,125,38,62,39,60,72" hai3="73,104,88,57,123,74,134,96,130,48,32,29,98"/><U112/><E122/><V18/><F72/><W34/><G123/><T53/><D118/><U61/><E107/><V65/><F18/><W64/><G130/><T102/><D105/><U69/><E112/><V36/><F92/><W90/><G64/><T91/><D40/><U115/><E115/><V59/><F85/><W37/><G104/><T46/><D80/><U116/><E116/><V49/><F25/><W121/><G57/><T12/><D12/><U83/><E1/><V126/><F131/><W3/><G121/><T31/><D67/><N who="1" m="41199" /><E93/><V21/><F21/><W17/><G48/><N who="2" m="18505" /><F132/><W99/><G37/><N who="2" m="14441" /><F126/><N who="0" m="48170" /><D70/><U94/><E94/><V0/><F0/><W129/><G3/><T86/><D46/><U56/><E45/><V106/><F106/><W58/><G17/><T33/><D91/><N who="3" m="34857" /><G58/><T4/><D4/><U77/><E135/><V68/><F125/><W43/><G134/><T28/><D31/><U76/><E83/><V2/><F2/><W119/><G29/><T79/><D79/><N who="1" m="30283" /><E82/><V50/><N who="2" m="14449" /><V8/><DORA hai="120" /><F8/><W13/><G119/><T87/><D86/><U20/><E10/><V55/><F62/><W44/><G13/><T30/><D28/><U24/><E15/><V23/><F23/><W16/><G16/><T71/><D33/><N who="3" m="12905" /><G129/><T26/><D30/><U19/><E14/><V41/><F41/><W5/><G5/><T6/><D6/><U75/><E75/><N who="3" m="28682" /><G43/><T113/><D26/><U35/><E35/><V63/><F63/><W84/><G84/><N who="0" m="52647" /><D27/><U117/><E117/><V81/><F81/><W114/><G114/><T133/><D113/><RYUUKYOKU ba="2,0" sc="231,-30,409,10,136,10,224,10" hai1="19,20,24,52,56,110,111" hai2="47,50,55,59,60,65,68" hai3="44,96,98,99" /><INIT seed="1,3,0,3,5,1" ten="201,419,146,234" oya="1" hai0="0,18,49,35,105,13,16,112,20,12,85,7,114" hai1="63,130,70,106,11,37,72,99,124,45,46,119,94" hai2="131,34,65,115,41,6,91,14,71,60,50,133,19" hai3="97,101,93,9,28,118,120,87,40,3,52,15,31"/><U57/><E119/><V135/><F34/><W111/><G120/><T44/><D105/><U74/><E106/><V27/><F131/><W29/><G118/><T92/><D35/><U56/><E70/><V78/><F115/><W77/><G111/><T123/><D123/><U80/><E130/><V42/><F78/><W117/><G3/><T83/><D92/><U122/><E122/><V43/><F91/><W2/><G2/><T64/><D0/><U107/><E80/><V59/><F27/><W79/><G117/><T126/><D126/><U100/><E57/><V76/><F76/><W132/><G40/><T54/><D64/><U51/><E46/><V66/><F19/><W26/><G132/><N who="2" m="50761" /><F14/><W73/><G73/><T89/><REACH who="0" step="1"/><D7/><REACH who="0" ten="191,419,146,234" step="2"/><U58/><E94/><V33/><F33/><W24/><G77/><T104/><D104/><U102/><E107/><V17/><F17/><N who="3" m="8431" /><G52/><T10/><AGARI ba="3,1" hai="10,12,13,16,18,20,44,49,54,83,85,89,112,114" machi="10" ten="20,12000,2" yaku="1,1,0,1,7,1,25,2,54,1,53,0" doraHai="1" doraHaiUra="98" who="0" fromWho="0" sc="191,139,419,-63,146,-33,234,-33" /><INIT seed="2,0,0,0,3,56" ten="330,356,113,201" oya="2" hai0="114,42,83,116,3,49,60,124,63,13,51,115,81" hai1="108,99,6,66,38,26,133,10,128,2,97,73,9" hai2="129,80,52,103,28,64,39,92,134,88,11,96,105" hai3="7,55,45,36,5,68,104,78,24,37,22,126,44"/><V57/><F39/><W121/><G68/><T47/><D3/><U25/><E73/><V18/><F134/><W17/><G104/><T19/><D124/><U102/><E38/><V15/><F129/><W20/><G55/><T117/><D13/><U32/><E128/><V106/><F28/><W43/><G24/><T30/><D19/><U29/><E133/><V90/><F64/><W14/><G14/><T76/><D30/><U59/><E108/><V53/><F53/><W72/><G72/><T40/><D76/><U48/><E9/><V132/><F132/><W58/><G58/><T87/><D87/><U135/><E135/><V16/><F18/><W65/><G65/><T41/><D41/><U100/><E26/><V119/><F119/><W0/><G17/><T62/><D62/><U98/><E48/><V70/><F70/><W12/><G12/><T107/><D107/><U74/><E74/><V109/><F109/><W113/><G78/><T84/><D84/><U94/><E100/><V1/><F1/><W122/><G0/><T130/><D130/><U34/><E34/><V111/><F111/><W61/><G61/><T86/><D86/><U101/><E101/><V77/><F105/><W4/><G4/><T23/><D47/><U54/><E66/><V95/><F106/><W31/><G31/><T71/><D71/><U120/><E120/><V89/><F77/><W21/><G21/><AGARI ba="0,0" hai="21,23,40,42,49,51,60,63,81,83,114,115,116,117" machi="21" ten="25,6400,0" yaku="22,2,52,2" doraHai="56" who="0" fromWho="3" sc="330,64,356,0,113,0,201,-64" /><INIT seed="3,0,0,4,3,85" ten="394,356,113,137" oya="3" hai0="27,47,11,87,63,77,135,72,66,100,83,48,91" hai1="56,2,79,68,23,22,110,130,1,41,90,7,65" hai2="4,96,3,88,70,24,45,62,21,97,5,16,92" hai3="133,120,124,74,57,49,103,31,38,55,129,69,123"/><W58/><G74/><T115/><D135/><U104/><E104/><V117/><F117/><W132/><G103/><T128/><D128/><U20/><E79/><V51/><F3/><W93/><G31/><T33/><D115/><U67/><E68/><V17/><F70/><W54/><G93/><T116/><D116/><U37/><E130/><V131/><F131/><W125/><G69/><T8/><D100/><U18/><E110/><V102/><F62/><W32/><G38/><T44/><D33/><U127/><E127/><N who="3" m="48714" /><G32/><T0/><D27/><U122/><E122/><N who="3" m="46634" /><G129/><T105/><D105/><U9/><E2/><V42/><F17/><W89/><G89/><T50/><D0/><U53/><E18/><V13/><F24/><W99/><G99/><T30/><D30/><U36/><E36/><V40/><F40/><W61/><AGARI ba="0,0" hai="49,54,55,57,58,61,132,133" m="46634,48714" machi="61" ten="40,7800,0" yaku="18,1,34,2" doraHai="85" who="3" fromWho="3" sc="394,-26,356,-26,113,-26,137,78" /><INIT seed="3,1,0,5,3,113" ten="368,330,87,215" oya="3" hai0="3,19,132,70,81,0,43,75,21,47,78,98,69" hai1="96,131,45,91,108,41,17,54,30,129,38,99,103" hai2="25,86,105,58,109,4,24,16,127,77,80,87,46" hai3="36,124,101,33,49,83,59,88,114,134,18,67,84"/><W74/><G36/><T51/><D132/><U1/><E1/><V42/><F105/><W34/><G134/><T118/><D118/><U68/><E108/><V5/><F109/><W53/><G74/><T62/><D98/><U28/><E68/><V15/><F127/><W133/><G133/><T111/><D111/><U37/><E54/><V112/><F112/><W97/><G114/><T92/><D92/><N who="1" m="56351" /><E17/><V126/><F126/><W27/><G67/><T90/><D90/><U61/><E61/><V23/><F5/><W93/><REACH who="3" step="1"/><G124/><REACH who="3" ten="368,330,87,205" step="2"/><T72/><D75/><U31/><E38/><V60/><F4/><W115/><G115/><T57/><D70/><U26/><E37/><V116/><F116/><W73/><G73/><T106/><D69/><U125/><E125/><V55/><REACH who="2" step="1"/><F87/><REACH who="2" ten="368,330,77,205" step="2"/><W94/><G94/><T39/><D106/><U66/><E129/><V8/><F8/><W52/><G52/><T35/><D39/><U6/><E131/><V128/><F128/><W71/><G71/><T29/><D72/><U48/><E66/><V119/><F119/><W63/><G63/><T85/><D62/><U122/><E122/><V130/><F130/><W107/><G107/><T104/><D104/><U100/><E99/><V7/><F7/><W123/><G123/><T14/><D43/><U135/><E135/><V95/><F95/><W110/><G110/><T121/><D121/><U102/><E6/><V20/><F20/><AGARI ba="1,2" hai="18,20,27,33,34,49,53,59,83,84,88,93,97,101" machi="20" ten="40,3900,0" yaku="1,1,54,1,53,0" doraHai="113" doraHaiUra="11" who="3" fromWho="2" sc="368,0,330,0,77,-42,205,62" /><AGARI ba="1,0" hai="20,26,28,30,31,41,45,48,100,102,103" m="56351" machi="20" ten="30,1000,0" yaku="8,1" doraHai="113" who="1" fromWho="2" sc="368,0,330,10,35,-10,267,0" /><INIT seed="3,2,0,3,1,116" ten="368,340,25,267" oya="3" hai0="30,20,37,82,135,12,14,83,133,124,103,87,118" hai1="55,54,28,65,18,100,17,33,73,41,56,48,60" hai2="110,112,26,94,19,63,131,11,97,21,25,109,23" hai3="34,71,46,101,89,106,13,27,125,128,49,127,70"/><W134/><G134/><N who="0" m="51211" /><D124/><N who="3" m="47689" /><G128/><T96/><D118/><U123/><E73/><V39/><F39/><W93/><G101/><T10/><D37/><U126/><E126/><V95/><F131/><W77/><G106/><N who="0" m="63847" /><D87/><U114/><E114/><V42/><F112/><W31/><G77/><T130/><D130/><U22/><E123/><V99/><F42/><N who="3" m="24791" /><G13/><N who="0" m="5227" /><D10/><U36/><E33/><V104/><F11/><W72/><G72/><T111/><D111/><U121/><E121/><V84/><F84/><AGARI ba="2,0" hai="27,31,34,70,71,84,89,93" m="24791,47689" machi="84" ten="30,1500,0" yaku="18,1" doraHai="116" who="3" fromWho="2" sc="368,0,340,0,25,-21,267,21" /><INIT seed="3,3,0,2,2,105" ten="368,340,4,288" oya="3" hai0="81,78,55,94,97,3,124,85,118,135,112,21,102" hai1="115,38,2,69,10,16,133,101,47,64,99,14,23" hai2="79,72,65,29,27,63,90,106,49,50,91,37,73" hai3="34,93,83,95,108,128,120,117,127,28,41,19,33"/><W44/><G117/><T48/><D118/><U116/><E116/><V129/><F49/><W46/><G120/><T25/><D3/><U134/><E115/><V51/><F51/><W61/><G128/><T11/><D112/><U13/><E69/><V53/><F50/><W126/><G108/><T67/><D135/><N who="1" m="51723" /><E64/><V84/><F53/><W111/><G111/><T15/><D124/><N who="3" m="47657" /><G83/><T119/><D67/><U122/><E122/><V54/><F54/><W31/><G61/><T35/><D35/><N who="3" m="13321" /><G19/><T77/><D119/><U89/><E89/><V74/><F129/><W62/><G62/><T24/><D77/><U26/><E38/><V82/><F37/><W113/><G113/><T5/><D21/><U60/><E60/><V6/><F6/><W131/><G131/><T66/><D66/><U86/><E86/><V75/><N who="2" m="18432" /><DORA hai="59" /><V68/><F106/><W132/><G132/><T8/><D8/><U17/><E47/><AGARI ba="3,0" hai="5,11,15,24,25,47,48,55,78,81,85,94,97,102" machi="47" ten="30,2000,0" yaku="7,1,8,1" doraHai="105,59" who="0" fromWho="1" sc="368,29,340,-29,4,0,288,0" owari="397,50.0,311,11.0,4,-50.0,288,-11.0" /></mjloggm>