<mjloggm ver="2.3"><GO type="169" lobby="0"/><UN n0="%E3%81%9F%E3%81%91%E3%81%A3%E3%81%A1%E2%98%85" n1="%E3%82%B5%E3%82%A6%E3%83%8A%E5%B0%8F%E5%83%A7" n2="%6D%61%74%6F%30%36%30%33" n3="%31%74%61" dan="16,18,18,17" rate="2070.03,2206.68,2258.74,2177.47" sx="M,M,M,M"/><TAIKYOKU oya="0"/><INIT seed="0,0,0,0,0,93" ten="250,250,250,250" oya="0" hai0="135,24,106,118,134,79,62,45,9,2,113,59,35" hai1="19,69,73,18,131,128,29,52,20,97,11,108,41" hai2="3,7,123,74,78,6,71,25,33,82,37,76,107" hai3="5,39,65,75,104,122,66,34,101,67,116,91,22"/><T96/><D118/><U8/><E108/><V47/><F123/><W129/><G116/><T15/><D2/><U70/><E73/><V44/><F78/><W26/><G122/><T55/><D113/><U77/><E77/><V81/><F81/><W88/><G75/><T120/><D120/><U0/><E41/><N who="2" m="22575" /><F7/><W64/><G39/><T23/><D35/><U112/><E112/><V56/><F56/><W86/><G34/><T89/><D79/><U92/><E29/><N who="2" m="19631" /><F47/><W133/><G133/><N who="0" m="50699" /><D45/><U121/><E121/><V85/><F85/><W72/><G129/><N who="1" m="49738" /><E19/><V32/><F32/><W12/><G72/><T110/><D110/><U51/><E0/><V43/><F43/><W111/><G111/><T63/><D63/><U38/><E38/><V48/><F48/><W14/><N who="3" m="16384" /><DORA hai="50" /><W60/><G60/><T127/><D127/><U130/><E130/><V10/><F71/><W54/><G54/><T36/><D36/><U109/><E109/><V27/><F3/><W80/><G5/><N who="0" m="3503" /><D89/><N who="1" m="55439" /><E70/><V61/><F61/><W102/><G91/><T40/><D40/><U94/><E69/><V21/><F74/><W1/><G1/><T125/><D125/><U49/><E49/><V16/><F76/><W90/><G90/><T58/><D58/><N who="1" m="33055" /><E94/><V105/><F82/><W28/><REACH who="3" step="1"/><G104/><REACH who="3" ten="250,250,250,240" step="2"/><T17/><D106/><U103/><E103/><AGARI ba="0,1" hai="12,14,22,26,28,80,86,88,101,102,103" m="16384" machi="103" ten="50,12000,2" yaku="1,1,2,1,8,1,54,1,53,3" doraHai="93,50" doraHaiUra="98,4" who="3" fromWho="1" sc="250,0,250,-120,250,0,240,130" /><INIT seed="1,0,0,4,4,9" ten="250,130,250,370" oya="1" hai0="129,15,92,40,54,64,16,95,112,89,30,50,63" hai1="62,134,37,41,58,38,75,65,59,60,86,131,100" hai2="87,33,125,79,21,80,130,7,121,4,132,94,90" hai3="34,81,127,88,135,44,111,8,52,14,83,123,103"/><U114/><E75/><V18/><F121/><W11/><G123/><T78/><D112/><U35/><E114/><V133/><F33/><W51/><G111/><T126/><D129/><U72/><E72/><V10/><F130/><W77/><G34/><T74/><D126/><U128/><E35/><V24/><F125/><W84/><G135/><T119/><D119/><U113/><E113/><V101/><F101/><W1/><G127/><T2/><D2/><U0/><E0/><V43/><F43/><W49/><G103/><T66/><D40/><U48/><E100/><V22/><F22/><W69/><G69/><T17/><D30/><U99/><E99/><V3/><REACH who="2" step="1"/><F7/><REACH who="2" ten="250,130,240,370" step="2"/><W102/><G102/><T25/><D25/><U36/><E134/><V53/><F53/><W71/><G52/><T67/><D54/><N who="1" m="33911" /><E86/><AGARI ba="0,1" hai="3,4,10,18,21,24,79,80,86,87,90,94,132,133" machi="86" ten="40,2600,0" yaku="1,1,53,1" doraHai="9" doraHaiUra="91" who="2" fromWho="1" sc="250,0,130,-26,240,36,370,0" /><INIT seed="2,0,0,1,1,13" ten="250,104,276,370" oya="2" hai0="2,19,66,16,10,88,130,87,135,84,32,27,97" hai1="128,68,14,41,28,42,119,34,104,129,85,8,46" hai2="102,23,125,51,58,11,35,93,17,81,114,25,20" hai3="76,117,65,108,101,113,73,131,94,45,78,70,6"/><V123/><F114/><W86/><G113/><T121/><D121/><U0/><E119/><V18/><F123/><W71/><G117/><T43/><D66/><U55/><E104/><V112/><F112/><W90/><G108/><T36/><D36/><U124/><E68/><V105/><F35/><W126/><G126/><T115/><D115/><U100/><E100/><V75/><F125/><W5/><G131/><N who="1" m="50250" /><E0/><V39/><F39/><W24/><G101/><T72/><D72/><U67/><E67/><V21/><F105/><W77/><G73/><T103/><D43/><U62/><E124/><V38/><F38/><W69/><G65/><T109/><D109/><U48/><E62/><V120/><F120/><W107/><G107/><T99/><D130/><U49/><E49/><V96/><F75/><W1/><G1/><T95/><D135/><U31/><E85/><V92/><F81/><W110/><G110/><T37/><D37/><N who="1" m="21807" /><E42/><V91/><F51/><W79/><G45/><T12/><D2/><U61/><E61/><V40/><F40/><W7/><N who="3" m="19456" /><DORA hai="29" /><W9/><G9/><T111/><D111/><U127/><E34/><V132/><F58/><W4/><N who="3" m="1024" /><DORA hai="118" /><W3/><G3/><T134/><D134/><U64/><E64/><V56/><F56/><W22/><REACH who="3" step="1"/><G70/><REACH who="3" ten="250,104,276,360" step="2"/><T80/><D103/><U57/><E127/><V89/><F132/><W60/><G60/><T52/><D10/><U133/><E133/><V82/><F102/><W54/><G54/><T59/><D52/><U116/><E116/><V50/><F11/><W83/><G83/><T53/><D53/><RYUUKYOKU ba="0,1" sc="250,-15,104,15,276,-15,360,15" hai1="8,14,28,31,48,55,57" hai3="22,24,69,71,86,90,94" /><INIT seed="3,1,1,2,4,71" ten="235,119,261,375" oya="3" hai0="6,52,22,8,29,64,0,5,12,4,51,98,16" hai1="132,15,101,48,55,39,94,126,20,115,11,56,72" hai2="82,23,45,95,13,81,78,47,86,96,83,41,40" hai3="77,60,31,107,24,62,123,91,63,3,116,42,61"/><W67/><G116/><T53/><D64/><U1/><E115/><V57/><F57/><W17/><G123/><T75/><D75/><U7/><E126/><V89/><F13/><W10/><G107/><T119/><D119/><U118/><E118/><V111/><F111/><W50/><G77/><T30/><D53/><U88/><E132/><V135/><F135/><W93/><G3/><T44/><D0/><U120/><E120/><V127/><F127/><W79/><G79/><T134/><D134/><U69/><E69/><V130/><F130/><W90/><G10/><T73/><D73/><U97/><E72/><V113/><F113/><W122/><G122/><T84/><D98/><U87/><E39/><V76/><F23/><W68/><G17/><T36/><D36/><U100/><E97/><V129/><F129/><W9/><G9/><T25/><D84/><U65/><E65/><V128/><F128/><W26/><G93/><T19/><AGARI ba="1,1" hai="4,5,6,8,12,16,19,22,25,29,30,44,51,52" machi="19" ten="30,7900,0" yaku="0,1,8,1,54,2" doraHai="71" who="0" fromWho="0" sc="235,92,119,-21,261,-21,375,-40" /><INIT seed="4,0,0,3,4,123" ten="327,98,240,335" oya="0" hai0="60,11,38,56,8,81,114,39,83,6,112,78,77" hai1="65,12,135,40,59,1,36,58,127,89,100,79,109" hai2="71,86,93,133,27,90,64,131,23,45,98,70,41" hai3="105,108,104,121,7,32,118,129,102,92,19,72,54"/><T49/><D49/><U21/><E1/><V134/><F131/><W26/><G7/><T80/><D6/><U17/><E135/><N who="2" m="51723" /><F64/><W2/><G19/><T30/><D30/><U14/><E127/><V42/><F98/><W31/><G92/><T103/><D103/><U74/><E100/><V88/><F90/><W29/><G26/><T87/><D56/><U85/><E74/><V10/><F10/><N who="0" m="3626" /><D60/><U25/><E79/><N who="0" m="30217" /><D87/><U84/><E84/><V22/><F22/><W9/><G9/><T115/><AGARI ba="0,0" hai="38,39,80,81,83,112,114,115" m="30217,3626" machi="115" ten="40,7800,0" yaku="28,2,15,1" doraHai="123" who="0" fromWho="0" sc="327,78,98,-26,240,-26,335,-26" /><INIT seed="4,1,0,2,2,14" ten="405,72,214,309" oya="0" hai0="30,27,94,99,79,74,45,134,18,40,119,110,33" hai1="23,87,44,130,122,127,117,16,6,20,58,68,112" hai2="97,111,126,11,115,3,34,24,116,77,95,59,65" hai3="135,114,85,81,128,75,49,90,124,91,100,105,62"/><T118/><D134/><U88/><E68/><V52/><F111/><W104/><G62/><T71/><D110/><U2/><E117/><V37/><F116/><W25/><G49/><T121/><D121/><U31/><E122/><V9/><F37/><W22/><G135/><T80/><D71/><U8/><E127/><V64/><F126/><W84/><G124/><T61/><D61/><U76/><E130/><V17/><F115/><W57/><G57/><T96/><D96/><U123/><E123/><V66/><F77/><N who="3" m="44223" /><G25/><T15/><D99/><U113/><E76/><V5/><F34/><W39/><G39/><T131/><D94/><N who="1" m="54559" /><E31/><V108/><F108/><W19/><G19/><T43/><D43/><U86/><E86/><N who="3" m="33386" /><G22/><T26/><D26/><N who="1" m="14599" /><E23/><N who="2" m="13423" /><F5/><W103/><G114/><N who="1" m="44138" /><E58/><V70/><F70/><W133/><G128/><T82/><D131/><U101/><E101/><N who="3" m="38986" /><G133/><T67/><D119/><U98/><E98/><V51/><F3/><W69/><G69/><T73/><D118/><U12/><E44/><V60/><F60/><W13/><G13/><AGARI ba="1,0" hai="2,6,8,12,13" m="44138,14599,54559" machi="13" ten="30,8000,1" yaku="15,1,11,1,52,1,54,2" doraHai="14" who="1" fromWho="3" sc="405,0,72,83,214,0,309,-83" /><INIT seed="5,0,0,0,0,128" ten="405,155,214,226" oya="1" hai0="94,56,11,0,17,117,5,95,36,131,53,60,76" hai1="19,28,50,114,101,123,44,4,96,52,68,2,80" hai2="70,107,9,45,97,58,33,75,115,1,65,13,27" hai3="77,51,34,91,89,29,110,8,32,37,127,72,121"/><U86/><E114/><V59/><F1/><W87/><G110/><T112/><D117/><U64/><E123/><V84/><F75/><W92/><G121/><T23/><D36/><U55/><E28/><N who="2" m="19615" /><F84/><W93/><G37/><T30/><D112/><U102/><E68/><V100/><F45/><W71/><G71/><T10/><D131/><U106/><E64/><V90/><F90/><W83/><G127/><T25/><D76/><U82/><E102/><V63/><F115/><W99/><G29/><T46/><D46/><U67/><E67/><V16/><AGARI ba="0,0" hai="9,13,16,58,59,63,65,70,97,100,107" m="19615" machi="16" ten="30,2000,0" yaku="25,1,54,1" doraHai="128" who="2" fromWho="2" sc="405,-5,155,-10,214,20,226,-5" /><INIT seed="6,0,0,0,3,113" ten="400,145,234,221" oya="2" hai0="98,132,104,117,40,106,60,42,92,107,13,35,25" hai1="28,36,17,81,125,33,45,100,2,7,57,128,22" hai2="24,94,79,116,58,20,11,111,0,93,4,30,27" hai3="80,10,6,133,101,16,91,46,135,126,62,50,41"/><V1/><F111/><W119/><G126/><T48/><D132/><N who="3" m="50761" /><G101/><T3/><D3/><U85/><E125/><V115/><F115/><W70/><G119/><T15/><D117/><U84/><E128/><V109/><F109/><W105/><G105/><T121/><D121/><U78/><E100/><V102/><F116/><W123/><G16/><T53/><D60/><U31/><E57/><V54/><F79/><W95/><G80/><T89/><D40/><U69/><E69/><V26/><F1/><N who="3" m="335" /><G123/><T112/><D42/><U108/><E108/><V32/><F32/><W127/><G127/><T23/><D35/><U76/><E33/><V83/><F83/><W72/><G72/><T56/><D112/><U8/><E78/><V68/><F68/><W82/><G82/><T124/><D124/><U90/><E31/><V131/><F131/><W18/><G18/><T73/><D73/><U38/><E28/><V59/><F59/><W49/><G62/><T96/><D96/><U34/><E34/><V66/><F66/><W65/><G65/><T12/><D25/><U52/><E17/><V47/><F47/><W67/><G67/><T77/><D77/><U99/><E45/><V21/><F102/><W110/><G70/><T134/><D134/><U5/><E76/><V51/><F26/><W39/><G110/><T129/><D129/><U75/><E75/><V87/><REACH who="2" step="1"/><F87/><AGARI ba="0,0" hai="39,41,46,49,50,87,91,95" m="335,50761" machi="87" ten="30,1000,0" yaku="20,1" doraHai="113" who="3" fromWho="2" sc="400,0,145,0,234,-10,221,10" /><INIT seed="7,0,0,5,1,72" ten="400,145,224,231" oya="3" hai0="39,103,23,132,20,67,66,110,50,29,122,83,116" hai1="32,37,135,19,89,68,104,35,56,88,91,27,10" hai2="30,16,5,124,97,57,131,38,99,108,80,21,69" hai3="106,105,71,115,64,75,123,90,26,58,55,59,8"/><W65/><G123/><T62/><D122/><U96/><E135/><V48/><F38/><W119/><G119/><T73/><D116/><U81/><E37/><V11/><F69/><W102/><G75/><T134/><D39/><U44/><E68/><V70/><F70/><W52/><G90/><T118/><D118/><U49/><E56/><V86/><F108/><W85/><G85/><T43/><D110/><U31/><E35/><V92/><F30/><W82/><G82/><T3/><D3/><U95/><E104/><V24/><F131/><W98/><G115/><T51/><D103/><U54/><E10/><V47/><F92/><W125/><G125/><T129/><D129/><U74/><REACH who="1" step="1"/><E19/><REACH who="1" ten="400,135,224,231" step="2"/><V33/><F57/><N who="3" m="21515" /><G8/><T78/><D83/><U117/><E117/><V133/><F133/><W63/><G106/><T60/><D73/><U112/><E112/><V36/><F33/><W42/><G71/><T114/><D114/><U77/><AGARI ba="0,1" hai="27,31,32,44,49,54,74,77,81,88,89,91,95,96" machi="77" ten="30,7900,0" yaku="1,1,0,1,52,1,54,1,53,0" doraHai="72" doraHaiUra="17" who="1" fromWho="1" sc="400,-20,135,89,224,-20,231,-39" owari="380,49.0,224,2.0,204,-20.0,192,-31.0" /></mjloggm>