<mjloggm ver="2.3"><GO type="225" lobby="0"/><UN n0="%E4%BF%BA%E3%81%A8%E5%A6%96%E5%A4%A2" n1="%E3%82%AF%E3%82%A3%E3%82%A6" n2="%E8%A8%88%E7%AE%97%E6%A9%9F%E8%87%AA%E7%84%B6" n3="%E9%89%84%E5%BC%B7%E3%83%A2%E3%83%92%E3%83%BC%E3%83%8C%E4%B8%83%E6%AE%B5" dan="16,16,17,18" rate="2124.79,2065.30,2268.86,2235.26" sx="F,M,M,F"/><TAIKYOKU oya="0"/><INIT seed="0,0,0,3,1,22" ten="250,250,250,250" oya="0" hai0="72,66,14,70,17,132,16,84,110,95,12,26,115" hai1="128,117,125,126,94,44,51,121,27,45,69,25,43" hai2="75,111,11,91,109,130,133,0,59,37,50,5,33" hai3="80,116,129,112,90,107,49,104,108,83,53,10,102"/><T101/><D115/><U127/><E117/><V85/><F75/><W123/><G112/><T134/><D72/><U41/><E121/><V39/><F33/><W40/><G116/><T67/><D110/><N who="2" m="41994" /><F133/><N who="0" m="51306" /><D70/><U113/><E113/><V64/><F130/><W24/><G108/><T21/><D12/><U65/><E128/><V18/><F18/><W56/><G123/><T98/><D84/><U60/><E94/><N who="2" m="54639" /><F64/><W86/><G129/><T20/><AGARI ba="0,0" hai="14,16,17,20,21,26,66,67,95,98,101" m="51306" machi="20" ten="30,6000,0" yaku="20,1,52,1,54,1" doraHai="22" who="0" fromWho="0" sc="250,60,250,-20,250,-20,250,-20" /><INIT seed="0,1,0,3,4,65" ten="310,230,230,230" oya="0" hai0="11,53,40,132,59,31,135,119,114,42,104,102,123" hai1="96,9,130,101,64,30,116,45,97,10,47,86,13" hai2="77,105,15,129,91,73,82,16,87,125,94,54,32" hai3="8,33,23,20,68,26,46,21,29,117,48,78,76"/><T61/><D114/><U58/><E116/><V124/><F32/><W2/><G117/><T108/><D119/><U3/><E130/><V36/><F36/><W39/><G39/><T80/><D123/><U63/><E30/><V6/><F129/><W41/><REACH who="3" step="1"/><G68/><REACH who="3" ten="310,230,230,220" step="2"/><T1/><D132/><U22/><E3/><V128/><F128/><W127/><G127/><T34/><D135/><U84/><E22/><V19/><F125/><W109/><G109/><T5/><D108/><U7/><E10/><V100/><F124/><W0/><G0/><T37/><D37/><U25/><E25/><V83/><F83/><W126/><G126/><T35/><D35/><U89/><E86/><V98/><F54/><W99/><G99/><N who="1" m="37962" /><E101/><V131/><F131/><W106/><G106/><T95/><D104/><U52/><E64/><V81/><F82/><AGARI ba="1,1" hai="7,9,13,45,47,52,58,63,82,84,89" m="37962" machi="82" ten="30,2000,0" yaku="8,1,54,1" doraHai="65" who="1" fromWho="2" sc="310,0,230,33,230,-23,220,0" /><INIT seed="1,0,0,0,2,86" ten="310,263,207,220" oya="1" hai0="47,3,0,93,121,115,118,76,52,38,129,2,113" hai1="84,114,22,132,82,10,6,24,31,68,87,112,37" hai2="51,5,125,42,13,54,26,91,107,94,21,18,30" hai3="117,83,14,105,122,19,78,111,123,95,64,32,63"/><U109/><E87/><V116/><F125/><W62/><G105/><T81/><D118/><U90/><E68/><V85/><F116/><W29/><G117/><T135/><D135/><U74/><E74/><V102/><F107/><W110/><G29/><T70/><D70/><U65/><E65/><V127/><F127/><W104/><G32/><T89/><D129/><U40/><E132/><V100/><F5/><W130/><G104/><T8/><D121/><U120/><E120/><V80/><F42/><W50/><G130/><T66/><D66/><U20/><E20/><V134/><F134/><W43/><G50/><T39/><D8/><U99/><E99/><V108/><F108/><N who="3" m="41515" /><G43/><T60/><D38/><U97/><E97/><V27/><F80/><W41/><G41/><T55/><D39/><U119/><E119/><V49/><F49/><W11/><G95/><T77/><D47/><U36/><E109/><V124/><F124/><W9/><G11/><T46/><D46/><U17/><E31/><V15/><F15/><W45/><G45/><T12/><D12/><N who="1" m="5207" /><E37/><V61/><F61/><N who="3" m="23051" /><G64/><T59/><D55/><U101/><E36/><V23/><F27/><W71/><G71/><T56/><D56/><AGARI ba="0,0" hai="13,18,21,23,26,30,51,54,56,85,91,94,100,102" machi="56" ten="30,8000,1" yaku="7,1,25,2,8,1,52,1" doraHai="86" who="2" fromWho="0" sc="310,-80,263,0,207,80,220,0" /><INIT seed="2,0,0,0,4,77" ten="230,263,287,220" oya="2" hai0="54,112,133,67,18,99,49,10,66,51,15,84,124" hai1="129,9,35,42,116,32,73,47,30,62,82,8,75" hai2="6,7,61,28,40,0,120,87,95,122,94,70,58" hai3="21,101,4,88,71,108,69,76,119,19,17,5,2"/><V41/><F70/><W43/><G119/><T123/><D112/><U25/><E116/><V125/><F125/><W78/><G101/><T81/><D123/><U3/><E129/><V29/><F0/><W52/><G43/><T131/><D124/><U107/><E32/><V72/><F87/><W134/><G2/><T60/><D131/><U127/><E127/><V1/><F1/><W96/><G108/><T128/><D128/><U132/><E132/><V105/><F58/><W92/><G134/><T33/><D33/><U57/><E107/><V113/><F105/><W34/><G34/><T100/><D133/><U50/><E75/><V118/><F118/><W102/><G71/><T91/><D60/><U26/><E26/><V16/><F61/><W48/><G19/><T39/><D39/><U31/><E31/><V44/><F72/><W24/><G102/><T20/><D20/><U79/><REACH who="1" step="1"/><E3/><REACH who="1" ten="230,253,287,220" step="2"/><V106/><F106/><W45/><G69/><T104/><REACH who="0" step="1"/><D51/><REACH who="0" ten="220,253,287,220" step="2"/><U22/><E22/><V110/><F113/><W14/><G24/><T37/><D37/><U89/><E89/><V27/><F27/><W109/><G109/><T55/><D55/><AGARI ba="0,2" hai="8,9,25,30,35,42,47,50,55,57,62,73,79,82" machi="55" ten="30,3900,0" yaku="1,1,7,1,52,1,53,0" doraHai="77" doraHaiUra="115" who="1" fromWho="0" sc="220,-39,253,59,287,0,220,0" /><INIT seed="3,0,0,4,1,18" ten="181,312,287,220" oya="3" hai0="62,21,122,19,53,116,102,132,70,85,24,72,31" hai1="40,49,35,12,131,100,7,45,67,74,83,75,90" hai2="76,69,117,94,28,2,55,43,22,107,125,104,57" hai3="52,46,68,101,109,84,60,32,54,119,129,95,79"/><W126/><G32/><T26/><D116/><U27/><E131/><V115/><F117/><W9/><G119/><T66/><D122/><U123/><E123/><V51/><F115/><W50/><G129/><T98/><D132/><U93/><E67/><V80/><F2/><W56/><G126/><T124/><D124/><U29/><E100/><V97/><F69/><W11/><G68/><T48/><D72/><U71/><E71/><V3/><F3/><W39/><G39/><T91/><D85/><U128/><E128/><V63/><F125/><W23/><G109/><T111/><D111/><U108/><E108/><V17/><F28/><W134/><G134/><T61/><D91/><U106/><E106/><V6/><F6/><W36/><G36/><T16/><D62/><U120/><E120/><V1/><F1/><W10/><G79/><T112/><D26/><U88/><E83/><V96/><F43/><W8/><G8/><T14/><D14/><U30/><E90/><V34/><F34/><W13/><G84/><T5/><D5/><U135/><E7/><V58/><F96/><N who="3" m="59551" /><G13/><T121/><D112/><U92/><E12/><N who="2" m="9511" /><F76/><W33/><G33/><T73/><D73/><N who="1" m="27659" /><E135/><V113/><F113/><W133/><G133/><T37/><D37/><U64/><E29/><V114/><F114/><W105/><G105/><T87/><D87/><N who="1" m="52255" /><E93/><V130/><F80/><W41/><G41/><T44/><D121/><U89/><E89/><N who="2" m="55503" /><F130/><W42/><G42/><T25/><D25/><U99/><E99/><V103/><F103/><W38/><G38/><T81/><D81/><U127/><E127/><RYUUKYOKU ba="0,0" sc="181,0,312,0,287,0,220,0" hai0="16,19,21,24,31,44,48,53,61,66,70,98,102" hai1="27,30,35,40,45,49,64" hai2="51,55,57,58,63,104,107" hai3="9,10,11,23,46,50,52,54,56,60" /><INIT seed="3,1,0,0,3,80" ten="181,312,287,220" oya="3" hai0="96,22,120,62,17,40,79,64,133,101,16,5,34" hai1="78,12,7,116,114,85,94,18,88,107,97,52,43" hai2="6,130,102,123,87,128,73,31,103,115,3,124,91" hai3="0,19,99,82,8,38,122,113,50,36,112,2,23"/><W106/><G122/><T110/><D120/><U53/><E114/><V67/><F123/><W14/><G38/><T83/><D110/><U57/><E116/><V127/><F115/><W41/><G50/><T70/><D34/><U21/><E43/><V55/><F73/><W56/><G56/><T86/><D133/><U15/><E107/><V92/><F67/><W54/><G54/><N who="1" m="21098" /><E57/><V4/><F31/><W33/><G99/><T42/><D5/><N who="2" m="2154" /><F55/><W20/><G33/><T1/><D1/><U48/><E48/><V104/><F3/><W63/><G106/><T47/><D22/><U74/><E74/><V59/><F59/><W44/><G0/><T119/><D119/><U125/><E125/><N who="2" m="48203" /><F104/><W65/><G2/><T90/><D42/><U71/><E71/><V100/><AGARI ba="1,0" hai="87,91,92,100,102,103,128,130" m="48203,2154" machi="100" ten="40,2700,0" yaku="18,1,52,1" doraHai="80" who="2" fromWho="2" sc="181,-8,312,-8,287,30,220,-14" owari="173,-33.0,304,10.0,317,42.0,206,-19.0" /></mjloggm>