<mjloggm ver="2.3"><GO type="169" lobby="0"/><UN n0="%6B%6F%62%6F%7A" n1="%E6%B9%98%E5%8C%97%E2%91%AD%E4%B8%89%E4%BA%95%E5%AF%BF" n2="%E2%98%85%E6%9C%88%E7%A5%9E%E2%98%85%EF%BC%A0%4D%4A" n3="%E9%95%B7%E5%B1%B1%E5%A4%A7%E6%A8%B9" dan="18,17,18,16" rate="2215.82,2151.73,2232.96,2117.02" sx="M,M,M,M"/><TAIKYOKU oya="0"/><INIT seed="0,0,0,1,4,106" ten="250,250,250,250" oya="0" hai0="79,100,23,20,24,34,98,36,92,99,76,35,128" hai1="121,3,72,32,83,82,74,84,38,40,16,64,94" hai2="41,5,9,129,102,47,115,120,18,101,116,59,89" hai3="49,96,28,130,8,30,132,71,75,19,52,119,134"/><T2/><D36/><U66/><E32/><V133/><F120/><W31/><G71/><T60/><D2/><U117/><E3/><V11/><F116/><W51/><G119/><T22/><D128/><U12/><E117/><V123/><F123/><W112/><G112/><T124/><D124/><U0/><E0/><V95/><F133/><N who="3" m="51307" /><G96/><T17/><D35/><U26/><E26/><V55/><F115/><W68/><G68/><T4/><D4/><U90/><E121/><V103/><F18/><W67/><G67/><T43/><D43/><U42/><E94/><V62/><F5/><W39/><G39/><T97/><D60/><U57/><E38/><V7/><F7/><W86/><G86/><T111/><D111/><U93/><E93/><V109/><F129/><W70/><G70/><T125/><D125/><U108/><E108/><V65/><F65/><W77/><G49/><T14/><D34/><U122/><E122/><V80/><F80/><N who="3" m="45119" /><G130/><T126/><D126/><U10/><E83/><V50/><REACH who="2" step="1"/><F109/><REACH who="2" ten="250,250,240,250" step="2"/><W21/><G8/><N who="0" m="6343" /><D24/><U37/><E66/><V135/><F135/><W81/><G81/><T48/><D100/><U113/><E113/><V63/><F63/><W53/><G51/><T46/><D92/><U1/><E37/><V91/><F91/><W69/><G69/><T78/><D48/><U6/><E42/><V56/><F56/><W15/><AGARI ba="0,1" hai="15,19,21,28,30,31,52,53" m="45119,51307" machi="15" ten="30,4000,0" yaku="20,1,52,1,54,1" doraHai="106" who="3" fromWho="3" sc="250,-20,250,-10,240,-10,250,50" /><INIT seed="1,0,0,2,1,118" ten="230,240,230,300" oya="1" hai0="88,77,86,35,85,20,71,16,110,8,56,40,127" hai1="102,95,0,7,73,23,92,96,74,44,105,79,80" hai2="101,38,123,124,67,115,48,65,117,57,135,31,114" hai3="63,100,34,112,46,22,45,89,54,68,12,81,113"/><U129/><E129/><V41/><F101/><W17/><G34/><T42/><D71/><U6/><E23/><V49/><F31/><W30/><G30/><T58/><D35/><U109/><E7/><V122/><F117/><W33/><G33/><T36/><D8/><U126/><E126/><V9/><F9/><W27/><G12/><T93/><D110/><U26/><E26/><V119/><F119/><W62/><G68/><T25/><D127/><U90/><E6/><V98/><F98/><W111/><G111/><T4/><D4/><U11/><E11/><V19/><F19/><W29/><G17/><T60/><D36/><U84/><E44/><N who="2" m="23607" /><F124/><W130/><G130/><T32/><D32/><U21/><E21/><V47/><F135/><W120/><G100/><T128/><D58/><U3/><E109/><V5/><F5/><W51/><G112/><N who="2" m="43049" /><F49/><W64/><G51/><T50/><D50/><U15/><E15/><V37/><F37/><W78/><G27/><T39/><D39/><U69/><E3/><V18/><F18/><W106/><G29/><T94/><D128/><U131/><E0/><V125/><F125/><W61/><G22/><T104/><D104/><U43/><E131/><V72/><F72/><W2/><G106/><T75/><D75/><U116/><E116/><V70/><F70/><W134/><G113/><T14/><D14/><U87/><E69/><V91/><F91/><W107/><G2/><T1/><D1/><U97/><E43/><N who="2" m="24703" /><F57/><W76/><G76/><T66/><D77/><U24/><E24/><V132/><F132/><W59/><G78/><RYUUKYOKU ba="0,0" sc="230,10,240,10,230,10,300,-30" hai0="16,20,25,40,42,56,60,66,85,86,88,93,94" hai1="73,74,79,80,84,87,90,92,95,96,97,102,105" hai2="65,67,122,123" /><INIT seed="1,1,0,1,5,114" ten="240,250,240,270" oya="1" hai0="8,120,42,108,33,116,14,54,47,56,94,7,124" hai1="2,71,118,30,12,74,87,15,40,34,88,48,25" hai2="117,133,128,20,130,85,9,127,41,93,106,99,26" hai3="11,45,13,91,92,70,132,43,86,63,113,110,21"/><U72/><E71/><V111/><F111/><W64/><G110/><T28/><D108/><U65/><E2/><V50/><F133/><W39/><G132/><T103/><D124/><U18/><E65/><V0/><F106/><W6/><REACH who="3" step="1"/><G21/><REACH who="3" ten="240,250,240,260" step="2"/><T95/><D120/><U57/><E118/><V5/><F127/><W82/><G82/><T89/><D116/><U107/><E107/><V35/><F117/><W104/><G104/><T23/><D33/><U79/><E79/><V4/><F35/><W37/><G37/><T84/><D23/><U112/><E112/><AGARI ba="1,1" hai="6,11,13,39,43,45,63,64,70,86,91,92,112,113" machi="112" ten="40,1300,0" yaku="1,1,53,0" doraHai="114" doraHaiUra="102" who="3" fromWho="1" sc="240,0,250,-16,240,0,260,26" /><INIT seed="2,0,0,1,0,9" ten="240,234,240,286" oya="2" hai0="90,98,74,133,66,7,32,14,135,59,113,53,23" hai1="34,36,47,17,105,72,0,21,97,24,116,39,119" hai2="93,115,107,123,5,3,129,1,103,76,29,134,50" hai3="110,83,6,75,18,51,65,37,15,67,87,43,56"/><V126/><F115/><W104/><G110/><T38/><D38/><U11/><E72/><V69/><F123/><W111/><G111/><T54/><D32/><U95/><E105/><V13/><F69/><W124/><G124/><T30/><D74/><U19/><E34/><V86/><F126/><W68/><G104/><T48/><D66/><U41/><E39/><V20/><F134/><W61/><G75/><T101/><D90/><U2/><E2/><V92/><F107/><W82/><G6/><T40/><D40/><U130/><E130/><V26/><F129/><W132/><G132/><T44/><D113/><U70/><E70/><V109/><F109/><W25/><G67/><T77/><D77/><U71/><E71/><V108/><F108/><W118/><G82/><T112/><D30/><U81/><E81/><N who="2" m="47399" /><F1/><W80/><G80/><T79/><D79/><U100/><REACH who="1" step="1"/><E0/><REACH who="1" ten="240,224,240,286" step="2"/><V121/><F3/><W22/><G68/><T63/><D112/><U4/><E4/><V128/><F121/><W8/><G37/><T16/><REACH who="0" step="1"/><D7/><REACH who="0" ten="230,224,240,286" step="2"/><U31/><E31/><V114/><F114/><W84/><G118/><T127/><D127/><U102/><E102/><V78/><F128/><W62/><G18/><T55/><D55/><U27/><E27/><V12/><F103/><W125/><G25/><T57/><D57/><U49/><E49/><V91/><F5/><W85/><G125/><T96/><D96/><U99/><E99/><N who="2" m="57759" /><F78/><W46/><G51/><T35/><D35/><U60/><E60/><V131/><F131/><W52/><G62/><T64/><D64/><U58/><E58/><RYUUKYOKU ba="0,2" sc="230,15,224,15,240,-15,286,-15" hai0="14,16,23,44,48,53,54,59,63,98,101,133,135" hai1="11,17,19,21,24,36,41,47,95,97,100,116,119" /><INIT seed="3,1,2,2,1,44" ten="245,239,225,271" oya="3" hai0="106,79,82,62,105,24,124,3,99,90,68,107,91" hai1="95,116,134,10,61,50,67,75,80,25,23,92,58" hai2="27,125,94,26,132,115,129,28,9,29,85,14,52" hai3="89,41,13,46,18,120,40,53,0,114,36,133,111"/><W69/><G114/><T123/><D3/><U2/><E134/><V112/><F132/><W17/><G133/><T130/><D24/><N who="2" m="9258" /><F129/><W48/><G0/><T63/><D123/><U87/><E116/><V135/><F125/><W119/><G120/><T56/><D130/><U88/><E75/><V51/><F112/><W39/><G119/><T59/><D124/><U117/><E117/><V5/><F115/><W66/><G111/><T6/><D6/><U110/><E110/><V64/><F64/><W35/><G35/><T108/><D68/><U71/><E2/><V77/><F135/><W83/><G66/><T101/><D108/><U86/><E10/><V32/><F32/><W118/><G69/><T33/><D33/><U126/><E126/><V37/><F37/><N who="3" m="14411" /><G18/><T122/><D122/><U8/><E8/><V16/><F5/><W65/><G65/><T78/><D106/><U127/><E127/><V74/><F74/><W55/><G55/><T131/><D131/><U38/><E38/><V15/><F14/><W54/><G54/><T96/><D82/><N who="1" m="49271" /><E71/><V12/><F12/><W72/><G72/><T49/><REACH who="0" step="1"/><D101/><REACH who="0" ten="235,239,225,271" step="2"/><U98/><E95/><V103/><F103/><W128/><G128/><T21/><D21/><U93/><E92/><V4/><F4/><W81/><G118/><T121/><D121/><U97/><E93/><V113/><F113/><W84/><G81/><T20/><D20/><U73/><E73/><V70/><F70/><W42/><G83/><T104/><D104/><U60/><E80/><N who="2" m="47247" /><F94/><N who="3" m="54567" /><G13/><T30/><D30/><N who="1" m="17727" /><E98/><V76/><F76/><W31/><G31/><RYUUKYOKU ba="1,3" sc="235,10,239,-30,225,10,271,10" hai0="49,56,59,62,63,78,79,90,91,96,99,105,107" hai2="9,15,16,28,29,51,52" hai3="17,40,41,42,46,48,53" /><INIT seed="3,2,3,5,5,12" ten="245,209,235,281" oya="3" hai0="60,57,9,0,30,10,118,18,63,29,113,55,43" hai1="75,69,70,67,14,80,103,26,58,135,45,112,133" hai2="120,46,88,7,91,32,98,121,6,48,36,73,74" hai3="41,105,81,128,56,94,17,111,49,76,131,97,107"/><W99/><G111/><T39/><D118/><U72/><E112/><V16/><F36/><W106/><G41/><T87/><D113/><U100/><E26/><V83/><F32/><W119/><G49/><T85/><D43/><U4/><E45/><V59/><F59/><W110/><G56/><N who="0" m="34847" /><D0/><U90/><E58/><V114/><F114/><W23/><G110/><T50/><D50/><U3/><E3/><V61/><F61/><W102/><G119/><T38/><D39/><U5/><E90/><N who="2" m="34347" /><F98/><W130/><G99/><T62/><D62/><U19/><E80/><V52/><F83/><W22/><REACH who="3" step="1"/><G17/><REACH who="3" ten="245,209,235,271" step="2"/><T51/><D18/><U11/><E67/><V116/><F16/><W134/><G134/><N who="1" m="51210" /><E5/><N who="2" m="1547" /><F116/><W77/><G77/><T24/><D51/><U64/><E4/><V129/><F129/><W79/><G79/><T13/><D38/><U117/><E117/><V82/><F82/><W124/><G124/><T31/><D24/><U25/><E25/><V1/><F1/><W86/><AGARI ba="2,4" hai="22,23,76,81,86,94,97,102,105,106,107,128,130,131" machi="86" ten="40,7800,0" yaku="1,1,0,1,19,1,53,0" doraHai="12" doraHaiUra="34" who="3" fromWho="3" sc="245,-28,209,-28,235,-28,271,124" /><INIT seed="3,3,0,1,0,118" ten="217,181,207,395" oya="3" hai0="57,7,114,72,69,2,126,39,0,59,9,63,130" hai1="17,31,120,28,85,73,52,127,75,29,71,79,112" hai2="5,41,27,84,43,110,23,116,30,74,70,3,22" hai3="62,119,93,18,13,33,82,54,83,94,12,21,123"/><W105/><G119/><T42/><D0/><U125/><E71/><V58/><F74/><N who="1" m="28169" /><E112/><V26/><F70/><W76/><G123/><T35/><D114/><U95/><E17/><V4/><F110/><W55/><G105/><T61/><D35/><U96/><E85/><V6/><F3/><W91/><G33/><T109/><D109/><U134/><E79/><V19/><F116/><W77/><G62/><T48/><D72/><U132/><E120/><V135/><F135/><N who="1" m="51753" /><E52/><N who="3" m="20010" /><G94/><T122/><D122/><U10/><E10/><V86/><F58/><W16/><G77/><T56/><D59/><U78/><E78/><V128/><F128/><W129/><G76/><T117/><D130/><U37/><E37/><V92/><REACH who="2" step="1"/><F86/><REACH who="2" ten="217,181,197,395" step="2"/><N who="3" m="52471" /><G129/><T14/><D2/><U65/><E65/><V38/><F38/><W124/><G124/><T89/><D126/><U40/><E40/><V44/><F44/><W97/><G97/><T80/><D39/><U131/><E131/><V60/><F60/><W36/><G36/><T51/><D42/><U90/><AGARI ba="3,1" hai="28,29,31,90,95,96,125,127" m="51753,28169" machi="90" ten="40,1500,0" yaku="20,1" doraHai="118" who="1" fromWho="1" sc="217,-7,181,34,197,-7,395,-10" /><INIT seed="4,0,0,1,4,108" ten="210,215,190,385" oya="0" hai0="80,55,71,97,117,56,60,42,120,107,91,125,17" hai1="18,24,113,50,20,49,96,100,13,14,98,25,119" hai2="36,59,130,53,76,74,85,95,9,75,122,115,5" hai3="27,132,92,101,31,44,93,21,11,118,41,57,67"/><T12/><D120/><U35/><E35/><V126/><F36/><W39/><G118/><T61/><D117/><U16/><E119/><V37/><F37/><W106/><G132/><T90/><D125/><U51/><E113/><V63/><F122/><W0/><G106/><T32/><D32/><U131/><E131/><V128/><F126/><W94/><G0/><T43/><D107/><U8/><REACH who="1" step="1"/><E98/><REACH who="1" ten="210,205,190,385" step="2"/><V62/><F115/><W29/><G29/><T33/><D33/><U19/><E19/><V58/><F130/><W52/><G31/><T6/><D6/><U4/><E4/><V15/><F128/><W121/><G121/><T7/><D7/><U23/><E23/><V1/><F1/><W133/><G21/><T123/><D123/><U127/><E127/><V68/><F5/><W129/><G129/><T40/><D97/><U110/><E110/><V2/><F2/><W109/><G109/><T88/><D71/><U26/><E26/><V81/><F68/><W22/><G27/><T66/><D80/><U124/><E124/><V87/><F9/><W10/><G10/><N who="0" m="6295" /><D66/><U79/><E79/><V3/><F3/><W104/><G67/><T102/><D102/><U134/><E134/><V72/><F15/><W99/><G133/><T30/><D30/><U47/><E47/><V86/><REACH who="2" step="1"/><F95/><AGARI ba="0,1" hai="8,13,14,16,18,20,24,25,49,50,51,95,96,100" machi="95" ten="40,8000,1" yaku="1,1,8,1,54,1,53,1" doraHai="108" doraHaiUra="89" who="1" fromWho="2" sc="210,0,205,90,190,-80,385,0" /><INIT seed="5,0,0,4,4,99" ten="210,295,110,385" oya="1" hai0="26,22,94,44,31,84,53,13,61,41,18,131,92" hai1="36,47,120,49,125,12,118,45,14,1,63,52,32" hai2="2,115,75,128,103,71,58,119,33,77,114,135,29" hai3="5,93,121,82,134,90,98,43,7,66,16,25,78"/><U73/><E1/><V123/><RYUUKYOKU type="yao9" ba="0,0" sc="210,0,295,0,110,0,385,0" hai2="2,29,33,58,71,75,77,103,114,115,119,123,128,135" /><INIT seed="5,1,0,0,0,54" ten="210,295,110,385" oya="1" hai0="18,101,107,39,70,109,32,86,134,82,79,60,57" hai1="5,118,81,99,38,7,78,97,23,128,135,87,100" hai2="77,80,85,53,73,96,127,64,43,34,104,76,71" hai3="55,47,117,67,3,21,98,33,94,46,44,102,123"/><U8/><E118/><V95/><F34/><W48/><G33/><T19/><D109/><U72/><E128/><V108/><F43/><W12/><G3/><T62/><D134/><U113/><E135/><V16/><F108/><W66/><G123/><T0/><D39/><U31/><E113/><V68/><F127/><W56/><G117/><T58/><D0/><U27/><E38/><V105/><F64/><W1/><G1/><T59/><D32/><U37/><E37/><V13/><F104/><W116/><G116/><T50/><D70/><U49/><E72/><V69/><F105/><W119/><G119/><T15/><D50/><U51/><E99/><V129/><F129/><W11/><REACH who="3" step="1"/><G21/><REACH who="3" ten="210,295,110,375" step="2"/><N who="0" m="11487" /><D107/><U4/><REACH who="1" step="1"/><E8/><REACH who="1" ten="210,285,110,375" step="2"/><V83/><F73/><W65/><G65/><T52/><D62/><U125/><E125/><V112/><F112/><W103/><G103/><T74/><D101/><U115/><E115/><V17/><F85/><W91/><G91/><T88/><D74/><U122/><E122/><V111/><F111/><W25/><G25/><T133/><D133/><U40/><E40/><V121/><F121/><W10/><G10/><T14/><D88/><U42/><E42/><V20/><F20/><AGARI ba="1,2" hai="14,19,20,52,57,58,59,60,79,82,86" m="11487" machi="20" ten="30,8000,1" yaku="8,1,52,3,54,1" doraHai="54" who="0" fromWho="2" sc="210,103,285,0,110,-83,375,0" /><INIT seed="6,0,0,3,4,54" ten="313,285,27,375" oya="2" hai0="122,31,124,47,123,117,41,33,74,101,43,15,129" hai1="118,27,106,113,1,7,110,135,42,107,18,73,109" hai2="37,14,98,64,51,58,78,69,120,127,112,76,19" hai3="65,35,88,81,115,59,57,79,28,25,36,72,114"/><V62/><F120/><W130/><G130/><T96/><D74/><U86/><E73/><V131/><F131/><W111/><G111/><T5/><D129/><U105/><E118/><V38/><F112/><N who="3" m="43051" /><G36/><T99/><D124/><U20/><E113/><V89/><F127/><W108/><G108/><T55/><D31/><U77/><E135/><V12/><F38/><W125/><G125/><T34/><D55/><U104/><E42/><V93/><F37/><W0/><G0/><T85/><D85/><U30/><N who="1" m="26624" /><DORA hai="40" /><U3/><E3/><V71/><F14/><W70/><G88/><T17/><D15/><N who="1" m="9311" /><E86/><V82/><F51/><W13/><G13/><T103/><D17/><U53/><E53/><V67/><F64/><W95/><G95/><T102/><D103/><U63/><E63/><AGARI ba="0,0" hai="25,28,35,57,59,63,65,70,72,79,81" m="43051" machi="63" ten="30,7700,0" yaku="15,1,11,1,52,2" doraHai="54,40" who="3" fromWho="1" sc="313,0,285,-77,27,0,375,77" /><INIT seed="7,0,0,4,1,10" ten="313,208,27,452" oya="3" hai0="16,17,121,106,97,134,58,118,79,116,93,28,47" hai1="21,41,82,37,72,23,71,12,73,50,3,128,112" hai2="129,123,49,111,103,27,34,9,45,24,0,83,119" hai3="31,8,64,43,101,89,65,100,124,18,90,61,80"/><W66/><G124/><T109/><D109/><U107/><E37/><V13/><F119/><W127/><G127/><T105/><D121/><U67/><E107/><V76/><F123/><W44/><G61/><T88/><D134/><U113/><E3/><V35/><F111/><W11/><G31/><T56/><D28/><U125/><E125/><V42/><F129/><W15/><G8/><T117/><D79/><U68/><E82/><V114/><F114/><W7/><G18/><T84/><D47/><U110/><E110/><V25/><F0/><W94/><G80/><T20/><D17/><U104/><E104/><V77/><F103/><W38/><G90/><T133/><D133/><U22/><E67/><V55/><F76/><W120/><G120/><T108/><D108/><U131/><E50/><V29/><F34/><W74/><G74/><N who="1" m="28778" /><E41/><V69/><F69/><W75/><G75/><T126/><D126/><U51/><E51/><V102/><F102/><W62/><G62/><T4/><D4/><U85/><E85/><V53/><F35/><W60/><G60/><T14/><D58/><U5/><E5/><V40/><F40/><W6/><G6/><T78/><D56/><U48/><E48/><V36/><F36/><W86/><AGARI ba="0,0" hai="7,11,15,38,43,44,64,65,66,86,89,94,100,101" machi="86" ten="30,3000,0" yaku="0,1,52,1" doraHai="10" who="3" fromWho="3" sc="313,-10,208,-10,27,-10,452,30" owari="303,10.0,198,-20.0,17,-48.0,482,58.0" /></mjloggm>