<mjloggm ver="2.3"><GO type="185" lobby="0"/><UN n0="%E8%8A%B1%E9%AD%81" n1="%E3%83%AA%E3%82%B3%E3%83%BB%E3%83%90%E3%83%B3%E3%83%87%E3%83%A9%E3%82%B9" n2="%E4%BD%8D%E9%B3%B3%E5%A4%A9" n3="" dan="16,16,17,0" rate="2314.70,2200.01,2181.33,1500.00" sx="F,M,M,C"/><TAIKYOKU oya="0"/><INIT seed="0,0,0,1,5,40" ten="350,350,350,0" oya="0" hai0="99,115,50,3,113,34,101,0,92,110,69,2,130" hai1="132,114,89,125,107,58,80,47,91,54,87,51,38" hai2="122,84,75,121,116,96,102,98,36,53,66,126,33" hai3=""/><T79/><D34/><U93/><E132/><V94/><N who="2" m="31008" /><V108/><N who="2" m="31264" /><V120/><N who="2" m="30752" /><V105/><F33/><T45/><D130/><U56/><E125/><V131/><F126/><T78/><D69/><U44/><E107/><V64/><F131/><T42/><REACH who="0" step="1"/><D110/><REACH who="0" ten="340,350,350,0" step="2"/><U71/><E71/><V65/><F108/><T103/><D103/><U85/><E114/><AGARI ba="0,1" hai="0,2,3,42,45,50,78,79,92,99,101,113,114,115" machi="114" ten="50,4800,0" yaku="1,1,52,1,53,0" doraHai="40" doraHaiUra="68" who="0" fromWho="1" sc="340,58,350,-48,350,0,0,0" /><INIT seed="0,1,0,3,2,44" ten="398,302,350,0" oya="0" hai0="62,110,67,101,86,41,81,61,120,97,48,119,54" hai1="112,79,46,39,3,40,76,89,98,90,106,49,105" hai2="82,0,134,80,64,55,83,53,51,38,71,66,84" hai3=""/><T57/><N who="0" m="30752" /><T133/><D119/><U85/><E3/><V135/><F38/><T111/><D133/><N who="2" m="50698" /><F0/><T1/><D1/><U114/><E90/><V65/><F71/><T128/><D128/><U58/><E79/><V95/><F95/><T77/><D41/><U2/><E76/><V117/><F117/><T132/><D132/><U115/><E98/><V109/><F109/><N who="0" m="41482" /><D67/><N who="2" m="17154" /><V52/><DORA hai="87" /><F84/><T118/><D118/><U78/><E78/><V59/><AGARI ba="1,0" hai="51,52,53,55,59,80,82,83" m="17154,50698" machi="59" ten="40,3900,0" yaku="20,1,52,1,54,1" doraHai="44,87" who="2" fromWho="2" sc="398,-27,302,-14,350,41,0,0" /><INIT seed="1,0,0,4,1,72" ten="371,288,391,0" oya="1" hai0="60,55,117,44,112,95,126,102,85,82,90,3,53" hai1="124,129,74,134,65,120,80,78,110,49,59,130,68" hai2="0,100,66,114,71,39,97,118,52,121,96,62,98" hai3=""/><U94/><N who="1" m="30752" /><U50/><E124/><V88/><N who="2" m="31008" /><V64/><F0/><T116/><D3/><U115/><E115/><V73/><F73/><T83/><D112/><U99/><E68/><V43/><F114/><T51/><D126/><U57/><E134/><V58/><F118/><N who="0" m="45674" /><D102/><U34/><E34/><V111/><F111/><T2/><D2/><U81/><E81/><N who="0" m="30729" /><D60/><U47/><E110/><V125/><F125/><T106/><D106/><U101/><E50/><V122/><N who="2" m="31264" /><V103/><F88/><T45/><D45/><U46/><E46/><V41/><F71/><T87/><D85/><U133/><E133/><V42/><F39/><T132/><D132/><U37/><E37/><V119/><REACH who="2" step="1"/><F119/><REACH who="2" ten="371,288,381,0" step="2"/><T69/><D69/><U89/><E89/><V70/><F70/><T63/><D63/><U109/><E109/><V1/><F1/><T54/><AGARI ba="0,1" hai="44,51,53,54,55,87,90,95" m="30729,45674" machi="54" ten="30,800,0" yaku="12,1" doraHai="72" who="0" fromWho="0" sc="371,18,288,-5,381,-3,0,0" /><INIT seed="2,0,0,2,0,134" ten="389,283,378,0" oya="2" hai0="33,124,78,39,55,36,47,127,77,72,46,109,37" hai1="112,130,105,35,97,40,111,90,69,3,58,131,93" hai2="65,96,57,125,98,107,100,95,44,85,133,42,122" hai3=""/><V70/><N who="2" m="31264" /><V128/><F133/><T38/><D33/><U123/><N who="1" m="31520" /><U99/><E35/><V108/><F128/><T94/><D109/><U32/><E32/><V110/><F85/><T121/><N who="0" m="31008" /><T88/><N who="0" m="9216" /><DORA hai="115" /><T63/><D72/><U60/><E3/><V86/><F70/><T66/><D77/><U59/><E112/><V82/><F65/><T52/><D78/><U126/><E40/><V79/><F57/><T48/><D47/><U114/><E114/><V83/><F82/><T80/><D55/><U106/><E111/><N who="2" m="42539" /><F44/><T113/><D80/><U84/><E69/><V53/><F42/><T75/><D75/><U103/><E59/><V45/><F45/><T89/><D113/><U67/><E131/><V101/><F53/><T92/><D66/><U73/><E73/><V43/><F43/><T61/><D63/><U49/><E130/><V116/><F116/><T120/><N who="0" m="30752" /><T71/><D61/><U87/><E60/><V81/><F81/><T117/><D117/><U68/><E67/><V2/><F2/><T104/><D71/><U129/><E129/><V50/><F50/><T56/><D46/><U62/><E62/><V51/><F51/><T0/><D56/><U74/><E68/><RYUUKYOKU ba="0,0" sc="389,-10,283,-10,378,20,0,0" hai2="79,83,86,95,96,98,100,101,107,125" /><INIT seed="2,1,0,3,0,1" ten="379,273,398,0" oya="2" hai0="46,134,57,32,49,77,36,96,38,42,119,98,55" hai1="68,72,82,126,91,44,132,87,50,83,108,43,51" hai2="88,130,71,60,118,100,70,93,47,59,99,105,65" hai3=""/><V81/><F130/><T35/><D119/><U131/><E108/><V67/><F118/><T103/><D134/><U117/><E117/><V107/><F47/><T41/><D77/><U2/><E2/><V75/><F67/><T53/><D96/><U48/><E132/><V125/><F125/><T92/><D55/><U111/><E111/><V58/><F58/><T133/><D133/><U79/><E126/><V56/><F56/><T85/><D85/><U33/><E131/><V97/><REACH who="2" step="1"/><F105/><REACH who="2" ten="379,273,388,0" step="2"/><T109/><D109/><U86/><E68/><V89/><F89/><T128/><D128/><U45/><E45/><AGARI ba="1,1" hai="32,35,36,38,41,42,45,46,49,53,57,92,98,103" machi="45" ten="40,5200,0" yaku="9,1,52,2" doraHai="1" who="0" fromWho="1" sc="379,64,273,-54,388,0,0,0" /><INIT seed="4,0,0,0,2,43" ten="443,219,388,0" oya="0" hai0="44,59,63,105,2,72,103,123,96,135,58,34,128" hai1="93,83,89,132,87,36,130,67,70,112,120,52,76" hai2="99,85,54,95,97,49,126,80,45,60,122,133,1" hai3=""/><T39/><N who="0" m="31520" /><T82/><D34/><U0/><N who="1" m="30752" /><U3/><E130/><V114/><N who="2" m="31264" /><V117/><F1/><T121/><N who="0" m="31008" /><T111/><D2/><U50/><E36/><V91/><F114/><T61/><D128/><U94/><E132/><V53/><F133/><T74/><D135/><U78/><E112/><V107/><F126/><T118/><D118/><U104/><E104/><V73/><F117/><T32/><D32/><U92/><E0/><V108/><F108/><T35/><D35/><U64/><E3/><V57/><F107/><T66/><D111/><U42/><E42/><V90/><F73/><T65/><D82/><U131/><E131/><V109/><F109/><T100/><D100/><U127/><E127/><V56/><F57/><T98/><D98/><AGARI ba="0,0" hai="45,49,53,54,56,60,80,85,90,91,95,97,98,99" m="31264" machi="98" ten="30,7700,0" yaku="7,1,8,1,52,2" doraHai="43" who="2" fromWho="0" sc="443,-77,219,0,388,77,0,0" /><INIT seed="5,0,0,4,5,56" ten="366,219,465,0" oya="1" hai0="101,74,102,108,92,38,36,66,58,45,132,93,48" hai1="54,86,107,121,116,126,2,100,104,75,127,33,83" hai2="37,65,53,34,82,0,103,128,96,40,125,114,55" hai3=""/><U49/><N who="1" m="31008" /><U131/><E33/><V72/><F34/><T60/><D108/><U134/><E2/><V63/><F0/><T47/><D74/><U110/><E116/><V91/><F128/><T113/><D113/><U109/><E75/><V130/><F114/><T46/><D132/><U3/><E3/><V88/><F130/><T106/><D106/><N who="1" m="40491" /><E100/><N who="0" m="38505" /><D36/><U67/><E67/><V41/><F125/><N who="1" m="47625" /><E134/><V81/><F72/><T105/><D38/><U122/><N who="1" m="31264" /><U119/><E119/><V57/><F37/><T133/><D105/><U80/><E131/><V112/><F112/><T89/><D133/><U99/><E99/><V73/><F73/><T94/><D89/><U98/><E98/><V123/><N who="2" m="31520" /><V129/><F129/><T84/><D84/><U69/><E69/><V32/><F32/><T44/><D92/><U111/><E86/><V50/><F103/><T71/><D71/><U51/><E51/><V90/><F96/><T39/><D39/><U97/><E97/><V135/><F135/><T115/><D115/><U52/><E49/><V120/><N who="2" m="30752" /><V95/><F95/><T124/><D124/><U35/><E35/><V68/><F50/><T118/><D118/><U87/><E87/><V1/><F1/><RYUUKYOKU ba="0,0" sc="366,10,219,10,465,-20,0,0" hai0="44,45,46,47,48,58,60,66,93,94" hai1="52,54,80,83,109,110,111" /><INIT seed="5,1,0,3,4,127" ten="376,229,445,0" oya="1" hai0="85,53,109,39,83,55,67,44,48,36,105,76,59" hai1="110,35,135,69,64,71,112,42,80,49,120,77,78" hai2="1,75,118,54,97,56,100,132,103,66,60,86,58" hai3=""/><U129/><N who="1" m="30752" /><U3/><E35/><V87/><F75/><T61/><D109/><U79/><E3/><V93/><F132/><T91/><D105/><U114/><E135/><V98/><F1/><T90/><D90/><U46/><E110/><V126/><F126/><T47/><D76/><U104/><E104/><V101/><F118/><T88/><D91/><U0/><E0/><V117/><F117/><T130/><D130/><U119/><E119/><V34/><F34/><T108/><D108/><U133/><E133/><V32/><F32/><T122/><N who="0" m="31264" /><T94/><D94/><U50/><E129/><V99/><F93/><T62/><D47/><U113/><E80/><V84/><F54/><T121/><N who="0" m="31008" /><T124/><D124/><U33/><E33/><V125/><F125/><T51/><D48/><N who="1" m="18539" /><E64/><V74/><F74/><T57/><AGARI ba="1,0" hai="36,39,44,51,53,55,57,59,61,62,67,83,85,88" m="31008,31264" machi="57" ten="20,6000,1" yaku="0,1,7,1,52,2,54,1" doraHai="127" who="0" fromWho="0" sc="376,62,229,-41,445,-21,0,0" /><INIT seed="6,0,0,2,2,67" ten="438,188,424,0" oya="2" hai0="63,109,57,71,39,82,114,94,50,110,78,89,85" hai1="42,40,52,69,60,79,46,96,61,130,73,35,76" hai2="59,124,108,75,43,125,37,36,64,0,128,81,55" hai3=""/><V132/><F0/><T47/><D39/><U99/><E35/><V62/><F108/><T90/><D71/><U121/><N who="1" m="31008" /><U44/><E73/><V97/><F132/><T105/><D105/><U129/><REACH who="1" step="1"/><E52/><REACH who="1" ten="438,178,424,0" step="2"/><V91/><F128/><T77/><D109/><U127/><E127/><N who="2" m="48715" /><F55/><T74/><D110/><U107/><E107/><V95/><F43/><T118/><D74/><U135/><E135/><V51/><F51/><T33/><D33/><U117/><E117/><V54/><F54/><T1/><D118/><U92/><E92/><V104/><F104/><T83/><D94/><U53/><E53/><V41/><F41/><T84/><D50/><U126/><E126/><V116/><F116/><T122/><D122/><U58/><E58/><V34/><F34/><T134/><D134/><U113/><E113/><V103/><F75/><T98/><D114/><U70/><AGARI ba="0,1" hai="40,42,44,46,60,61,69,70,76,79,96,99,129,130" m="31008" machi="70" ten="25,9000,2" yaku="1,1,0,1,22,2,52,3,53,0" doraHai="67" doraHaiUra="102" who="1" fromWho="1" sc="438,-30,178,100,424,-60,0,0" owari="408,36.0,278,-32.0,364,-4.0,0,0.0" /></mjloggm>