<mjloggm ver="2.3"><GO type="185" lobby="0"/><UN n0="%E6%A2%B6%E9%9A%86%E8%87%A3" n1="%E6%B5%B7%E8%83%86%E3%83%88%E3%83%AD%E7%83%8F%E8%B3%8A" n2="%E5%86%AC%E6%A8%B9%E3%82%A4%E3%83%B4" n3="" dan="17,19,16,0" rate="2260.08,2380.03,2174.99,1500.00" sx="M,M,F,C"/><TAIKYOKU oya="0"/><INIT seed="0,0,0,2,3,55" ten="350,350,350,0" oya="0" hai0="94,47,51,59,123,105,39,37,0,71,91,115,82" hai1="77,127,126,53,49,67,119,89,86,57,64,112,40" hai2="128,97,76,117,62,96,124,132,101,60,133,34,103" hai3=""/><T3/><N who="0" m="31520" /><T74/><D105/><U121/><N who="1" m="31008" /><U81/><E119/><V32/><F76/><T48/><D71/><U135/><E135/><V63/><F117/><T110/><D115/><U66/><E112/><V111/><F111/><T41/><D110/><U130/><E130/><V93/><F128/><T45/><D82/><U56/><E40/><V95/><REACH who="2" step="1"/><F124/><REACH who="2" ten="350,350,340,0" step="2"/><N who="1" m="47657" /><E77/><V33/><AGARI ba="0,1" hai="32,33,34,60,62,63,93,95,96,97,101,103,132,133" machi="33" ten="40,3900,0" yaku="1,1,0,1,9,1,53,0" doraHai="55" doraHaiUra="104" who="2" fromWho="2" sc="350,-26,350,-13,340,49,0,0" /><INIT seed="1,0,0,4,5,80" ten="324,337,389,0" oya="1" hai0="112,92,102,54,37,51,82,122,61,117,96,101,124" hai1="106,98,103,125,47,83,72,77,91,111,46,119,70" hai2="95,131,87,49,90,114,38,43,115,109,48,108,110" hai3=""/><U58/><E119/><V66/><F131/><T116/><N who="0" m="31264" /><T99/><D112/><N who="2" m="43050" /><F66/><T39/><D61/><U34/><E34/><V132/><F132/><T113/><D113/><U129/><E70/><V69/><F69/><T93/><D124/><U94/><E129/><V105/><F105/><T88/><D37/><U85/><E125/><V63/><F63/><T89/><D39/><U104/><E111/><N who="2" m="28419" /><V123/><N who="2" m="31520" /><DORA hai="120" /><V32/><F32/><T100/><D82/><U67/><E106/><V36/><F36/><T2/><D2/><U50/><E67/><V40/><F38/><T74/><REACH who="0" step="1"/><D74/><REACH who="0" ten="314,337,389,0" step="2"/><U65/><E65/><V64/><F64/><T84/><D84/><U97/><E97/><V68/><F68/><T126/><D126/><U78/><E78/><V45/><F49/><T107/><D107/><U60/><E60/><V76/><F76/><T130/><D130/><U57/><E50/><V1/><F1/><T44/><AGARI ba="0,1" hai="44,51,54,88,89,92,93,96,99,100,101,102,116,117" m="31264" machi="44" ten="30,6000,1" yaku="1,1,0,1,9,1,52,1,54,1,53,0" doraHai="80,120" doraHaiUra="0,127" who="0" fromWho="0" sc="314,70,337,-40,389,-20,0,0" /><INIT seed="2,0,0,5,3,120" ten="384,297,369,0" oya="2" hai0="112,63,97,118,131,51,115,116,101,80,43,55,105" hai1="102,104,70,111,52,34,73,71,84,82,58,59,61" hai2="67,99,110,125,93,62,53,33,122,88,74,66,121" hai3=""/><V37/><N who="2" m="31008" /><V134/><N who="2" m="31264" /><V39/><F33/><T129/><D63/><U56/><E34/><V96/><F125/><T0/><D43/><U36/><E73/><V117/><F74/><T86/><D0/><U126/><E126/><V47/><F134/><T77/><D55/><U114/><E36/><V64/><F117/><N who="0" m="45162" /><D51/><U1/><E114/><AGARI ba="0,0" hai="77,80,86,97,101,105,112,114,115,129,131" m="45162" machi="114" ten="30,3900,0" yaku="11,1,34,2" doraHai="120" who="0" fromWho="1" sc="384,39,297,-39,369,0,0,0" /><INIT seed="4,0,0,2,0,105" ten="423,258,369,0" oya="0" hai0="65,80,56,132,95,3,86,102,121,126,69,67,0" hai1="51,135,116,78,129,43,42,104,119,101,75,131,94" hai2="96,88,62,120,98,99,114,54,37,118,46,109,1" hai3=""/><T91/><N who="0" m="31008" /><T124/><D69/><U125/><E51/><V112/><N who="2" m="30752" /><V110/><F118/><N who="1" m="45097" /><E42/><V61/><F1/><T103/><D132/><U90/><E43/><V58/><F37/><T34/><D34/><U97/><E135/><V123/><N who="2" m="31520" /><V117/><F117/><T113/><D113/><N who="2" m="43626" /><F46/><T100/><D65/><U77/><E125/><N who="0" m="48233" /><D95/><U82/><E78/><V106/><F62/><AGARI ba="0,0" hai="0,3,56,62,67,80,86,91,100,102,103" m="48233,31008" machi="62" ten="30,2900,0" yaku="18,1,52,1" doraHai="105" who="0" fromWho="2" sc="423,29,258,0,369,-29,0,0" /><INIT seed="4,1,0,3,3,83" ten="452,258,340,0" oya="0" hai0="134,88,0,40,124,125,121,129,133,36,70,119,52" hai1="60,74,96,107,61,82,104,111,46,116,73,2,98" hai2="47,32,130,81,122,90,114,67,109,97,94,120,57" hai3=""/><T113/><D88/><U62/><E111/><V126/><N who="2" m="30752" /><V128/><N who="2" m="31264" /><V69/><F109/><T56/><D52/><U33/><E116/><V101/><F69/><T75/><D56/><U50/><E2/><V108/><F114/><T58/><D58/><U54/><E33/><V92/><F108/><T53/><D53/><U99/><REACH who="1" step="1"/><E82/><REACH who="1" ten="452,248,340,0" step="2"/><V37/><F81/><T77/><D125/><U118/><E118/><V66/><F126/><T48/><D124/><U3/><E3/><V91/><F32/><T105/><D119/><U55/><E55/><V64/><F130/><T85/><D129/><U135/><E135/><V38/><F128/><T42/><D133/><U132/><E132/><V80/><F80/><T68/><D134/><U103/><E103/><V63/><F101/><T71/><D0/><U59/><E59/><V78/><F57/><T112/><D68/><U72/><AGARI ba="1,1" hai="46,50,54,60,61,62,72,73,74,96,98,99,104,107" machi="72" ten="40,6000,1" yaku="1,1,0,1,29,2,53,0" doraHai="83" doraHaiUra="35" who="1" fromWho="1" sc="452,-41,248,72,340,-21,0,0" /><INIT seed="5,0,0,0,4,50" ten="411,320,319,0" oya="1" hai0="84,126,65,90,81,92,47,51,115,88,62,108,104" hai1="77,87,55,1,124,85,114,67,107,121,40,60,123" hai2="99,125,37,116,94,89,109,57,76,42,38,43,64" hai3=""/><U63/><N who="1" m="31008" /><U128/><N who="1" m="31520" /><U52/><E1/><V59/><F109/><T34/><D108/><U3/><E3/><V134/><F116/><T44/><D115/><U122/><N who="1" m="31264" /><U111/><E111/><V82/><F125/><T35/><D104/><U129/><E114/><V72/><F134/><T127/><D44/><U71/><E124/><N who="0" m="47657" /><D90/><U54/><E107/><V110/><F64/><T73/><D92/><U113/><E113/><V103/><F89/><T36/><D36/><U112/><E112/><V45/><F110/><T100/><D73/><U86/><E40/><V135/><F135/><T91/><D91/><U131/><E77/><V105/><F105/><T102/><D34/><U33/><E63/><V48/><F48/><T75/><D35/><AGARI ba="0,0" hai="33,35,52,54,55,60,67,71,85,86,87,128,129,131" m="31264,31520,31008" machi="35" ten="50,24000,3" yaku="29,2,19,1,52,6,54,1" doraHai="50" who="1" fromWho="0" sc="411,-240,320,240,319,0,0,0" /><INIT seed="5,1,0,0,3,128" ten="171,560,319,0" oya="1" hai0="132,72,108,84,3,96,106,63,92,118,116,66,53" hai1="48,38,130,81,60,71,68,65,120,135,94,101,69" hai2="117,125,134,102,43,88,62,61,115,75,127,131,70" hai3=""/><U109/><N who="1" m="30752" /><U133/><E38/><V105/><F131/><T86/><D108/><U55/><E130/><V82/><F117/><N who="0" m="45162" /><D3/><U50/><E109/><V93/><F43/><T104/><D72/><U1/><E1/><V99/><F115/><T74/><D74/><U0/><E0/><V42/><F42/><T110/><D53/><U80/><E101/><V87/><F134/><N who="1" m="51209" /><E94/><V111/><F111/><T95/><D110/><U47/><E48/><V78/><REACH who="2" step="1"/><F70/><AGARI ba="1,0" hai="47,50,55,60,65,68,69,70,71,80,81" m="51209,30752" machi="70" ten="40,12000,1" yaku="20,1,52,4" doraHai="128" who="1" fromWho="2" sc="171,0,560,122,319,-122,0,0" /><INIT seed="5,2,0,1,5,73" ten="171,682,197,0" oya="1" hai0="60,105,113,78,40,108,79,71,38,87,88,48,97" hai1="69,46,43,115,111,41,130,53,125,77,35,68,0" hai2="131,85,95,101,123,92,104,107,54,49,59,126,47" hai3=""/><U109/><E0/><V102/><N who="2" m="31520" /><V74/><F126/><T99/><D108/><N who="1" m="41547" /><E35/><V81/><F74/><T129/><D38/><U50/><E125/><V63/><F131/><T120/><N who="0" m="30752" /><T82/><D113/><U32/><E32/><V122/><N who="2" m="31264" /><V98/><F102/><T75/><D129/><U64/><E130/><V56/><F107/><T58/><D105/><U133/><E115/><V93/><REACH who="2" step="1"/><F63/><REACH who="2" ten="171,682,187,0" step="2"/><T67/><D75/><U80/><E133/><V134/><F134/><T94/><D71/><N who="1" m="27211" /><E64/><V34/><F34/><T65/><D67/><U2/><E2/><V39/><F39/><T91/><D65/><U36/><E36/><V83/><F83/><T51/><D60/><U72/><AGARI ba="2,1" hai="41,43,46,50,53,72,77,80" m="27211,41547" machi="72" ten="30,2000,0" yaku="10,1,52,1" doraHai="73" who="1" fromWho="1" sc="171,-12,682,34,187,-12,0,0" /><INIT seed="5,3,0,1,4,124" ten="159,716,175,0" oya="1" hai0="37,54,43,129,91,130,106,108,93,114,103,81,64" hai1="131,122,73,2,88,126,33,86,98,112,109,134,127" hai2="53,75,104,77,68,63,80,52,110,128,72,74,36" hai3=""/><U47/><RYUUKYOKU type="yao9" ba="3,0" sc="159,0,716,0,175,0,0,0" hai1="2,33,47,73,86,88,98,109,112,122,126,127,131,134" /><INIT seed="5,4,0,4,4,85" ten="159,716,175,0" oya="1" hai0="119,43,94,50,80,124,89,123,109,62,134,92,45" hai1="52,97,82,95,105,130,120,61,91,93,135,68,113" hai2="40,48,112,100,76,32,56,87,121,122,84,53,34" hai3=""/><U74/><N who="1" m="30752" /><U0/><E0/><V125/><N who="2" m="31008" /><V37/><N who="2" m="31264" /><V103/><F125/><T3/><N who="0" m="31520" /><T55/><D3/><U39/><E113/><V41/><F112/><T1/><D1/><U78/><E135/><V71/><F71/><T33/><D33/><U83/><E130/><V77/><F56/><T96/><D109/><U128/><E128/><V106/><F48/><T73/><D124/><U101/><E39/><V75/><F75/><T54/><D119/><U79/><E91/><V127/><F127/><T107/><D107/><U58/><REACH who="1" step="1"/><E68/><REACH who="1" ten="159,706,175,0" step="2"/><V131/><F37/><T72/><D134/><U44/><E44/><V102/><F131/><T63/><D89/><U70/><E70/><V46/><F46/><T115/><D45/><U65/><E65/><V111/><F34/><T99/><D115/><U59/><E59/><V108/><F32/><T47/><D47/><U51/><E51/><V2/><F2/><T117/><D50/><U49/><E49/><V104/><F102/><T133/><D133/><U35/><E35/><V36/><F36/><T129/><D129/><U42/><E42/><V98/><F53/><T86/><D43/><U114/><E114/><V81/><F41/><T132/><D54/><RYUUKYOKU ba="4,1" sc="159,-10,706,20,175,-10,0,0" hai1="52,58,61,74,78,79,82,83,93,95,97,101,105" /><INIT seed="5,5,1,1,1,115" ten="149,726,165,0" oya="1" hai0="66,74,55,35,113,108,127,63,100,49,77,128,44" hai1="85,107,101,36,53,131,52,71,32,121,111,117,60" hai2="99,46,47,70,122,69,45,34,105,51,134,86,112" hai3=""/><U0/><RYUUKYOKU type="yao9" ba="5,1" sc="149,0,726,0,165,0,0,0" hai1="0,32,36,52,53,60,71,85,101,107,111,117,121,131" /><INIT seed="5,6,1,4,5,124" ten="149,726,165,0" oya="1" hai0="49,91,88,127,103,116,111,102,81,87,96,35,36" hai1="72,97,45,135,58,89,75,114,119,62,65,134,54" hai2="84,120,117,105,128,34,1,33,115,38,83,131,78" hai3=""/><U52/><E119/><V70/><N who="2" m="30752" /><V32/><F117/><T50/><D116/><U42/><E89/><V61/><F1/><T94/><D111/><U125/><E97/><V93/><F105/><T67/><D35/><U104/><E104/><V48/><F38/><T37/><D127/><U59/><E125/><V0/><F0/><T57/><D50/><U44/><E65/><V60/><F70/><T51/><D51/><U118/><E118/><V92/><F48/><T100/><REACH who="0" step="1"/><D49/><REACH who="0" ten="139,726,165,0" step="2"/><U122/><N who="1" m="31264" /><U66/><E44/><V71/><F71/><T123/><N who="0" m="31520" /><T82/><D82/><U110/><E110/><V63/><REACH who="2" step="1"/><F115/><REACH who="2" ten="139,726,155,0" step="2"/><T85/><D85/><U121/><N who="1" m="31008" /><U133/><E114/><V80/><F80/><T74/><D74/><U77/><E72/><V64/><F64/><T130/><D130/><AGARI ba="6,3" hai="32,33,34,60,61,63,78,83,84,92,93,128,130,131" m="30752" machi="130" ten="50,16000,3" yaku="1,1,19,1,52,4,53,3" doraHai="124" doraHaiUra="2" who="2" fromWho="0" sc="139,-172,726,0,155,202,0,0" owari="-33,-63.0,726,67.0,357,-4.0,0,0.0" /></mjloggm>