<mjloggm ver="2.3"><GO type="169" lobby="0"/><UN n0="%E9%95%B7%E5%B2%A1" n1="%E3%82%8F%E3%81%98%E2%98%86%E5%BD%A1" n2="%E3%82%82%E3%81%BF%E3%81%95%E3%81%92" n3="%E9%BA%BB%E9%9B%80%49%51%31%32%30" dan="17,16,16,17" rate="2198.17,2149.65,2103.07,2102.42" sx="M,M,M,M"/><TAIKYOKU oya="0"/><INIT seed="0,0,0,1,0,26" ten="250,250,250,250" oya="0" hai0="61,135,116,58,30,47,66,110,43,99,91,117,18" hai1="69,88,123,39,81,105,15,89,14,111,107,32,63" hai2="11,92,21,126,122,100,28,78,106,23,33,83,19" hai3="131,7,64,70,1,22,25,41,84,90,2,97,34"/><T38/><D135/><U57/><E123/><V31/><F106/><W120/><G131/><T73/><D73/><U3/><E3/><V5/><F122/><W36/><G7/><T96/><D110/><U87/><E69/><V60/><F126/><W82/><G34/><T62/><D18/><U24/><E39/><V27/><F33/><W50/><G36/><T75/><D75/><U94/><E111/><V9/><F60/><W80/><G80/><T72/><D72/><U71/><E71/><V6/><F92/><W129/><G129/><T108/><D108/><U95/><E107/><V37/><F100/><W56/><G70/><T121/><D121/><U55/><E105/><V76/><F37/><W52/><G41/><T68/><D30/><N who="2" m="11306" /><F23/><W8/><G64/><T101/><D91/><U130/><E130/><V44/><F44/><W20/><G20/><T109/><D109/><U49/><E32/><V124/><F124/><W29/><G8/><N who="2" m="3145" /><F83/><W67/><G67/><T17/><D17/><U118/><E81/><V85/><F85/><W42/><G120/><T113/><D113/><U103/><E103/><V114/><F114/><W35/><G35/><T40/><D101/><U51/><E87/><V0/><F0/><W98/><G1/><T12/><D12/><U65/><E14/><V127/><F127/><W132/><G2/><T53/><REACH who="0" step="1"/><D40/><REACH who="0" ten="240,250,250,250" step="2"/><U102/><E15/><V79/><AGARI ba="0,1" hai="5,6,19,21,27,76,78,79" m="3145,11306" machi="79" ten="30,7900,0" yaku="8,1,52,3" doraHai="26" who="2" fromWho="2" sc="240,-39,250,-20,250,89,250,-20" /><INIT seed="1,0,0,1,2,68" ten="201,230,339,230" oya="1" hai0="49,31,34,37,41,71,36,132,39,102,1,130,3" hai1="16,83,44,88,12,4,101,11,28,10,35,118,116" hai2="94,52,124,0,135,109,89,69,15,40,126,95,66" hai3="62,78,56,7,30,110,128,122,6,119,43,108,87"/><U60/><E101/><V113/><F109/><W72/><G72/><T133/><D130/><U85/><E60/><V99/><F0/><N who="0" m="74" /><D49/><U134/><E134/><N who="0" m="51817" /><D71/><U80/><E80/><V127/><F135/><W67/><G128/><T33/><D41/><U77/><E77/><V53/><F40/><W13/><G119/><T75/><D75/><U19/><E28/><V74/><F113/><W5/><G30/><T120/><D120/><U100/><E35/><N who="0" m="13321" /><D31/><U111/><E111/><V23/><F74/><W90/><G122/><T46/><D46/><U129/><E129/><V42/><F42/><W105/><G78/><T70/><D70/><U25/><E100/><AGARI ba="0,0" hai="36,37,39,100,102" m="13321,51817,74" machi="100" ten="50,12000,2" yaku="28,2,20,1,52,3" doraHai="68" who="0" fromWho="1" sc="201,120,230,-120,339,0,230,0" /><INIT seed="2,0,0,4,4,26" ten="321,110,339,230" oya="2" hai0="81,1,5,68,78,94,18,12,37,23,59,119,113" hai1="126,15,39,108,129,65,77,106,54,62,116,88,20" hai2="30,53,135,85,111,80,33,6,118,107,52,97,114" hai3="105,128,124,90,92,0,95,79,93,117,61,46,72"/><V76/><F118/><W41/><G0/><T82/><D68/><U31/><E116/><V102/><F114/><W9/><G9/><T104/><D104/><U87/><E39/><V34/><F135/><W75/><G61/><T44/><D119/><U70/><E108/><V38/><F38/><W45/><G105/><T98/><D113/><U14/><E129/><V22/><F6/><W69/><G69/><T110/><D110/><U55/><E106/><V2/><F2/><W63/><G63/><T132/><D132/><U112/><E112/><V19/><F111/><W47/><G79/><T67/><D82/><U11/><E77/><V10/><F10/><W125/><G117/><T49/><D37/><U32/><E32/><V130/><F130/><W29/><G29/><T42/><D1/><U50/><E126/><V57/><F53/><W27/><G27/><T25/><D5/><U17/><E50/><V122/><F122/><W101/><G101/><N who="0" m="60631" /><D12/><U121/><E121/><V48/><REACH who="2" step="1"/><F30/><REACH who="2" ten="321,110,329,230" step="2"/><W131/><G131/><T84/><D67/><U115/><E115/><V8/><F8/><W66/><G66/><T133/><D133/><U58/><E70/><V24/><AGARI ba="0,1" hai="19,22,24,33,34,48,52,57,76,80,85,97,102,107" machi="24" ten="20,7800,0" yaku="1,1,0,1,7,1,54,1,53,0" doraHai="26" doraHaiUra="60" who="2" fromWho="2" sc="321,-26,110,-26,329,88,230,-26" /><INIT seed="2,1,0,4,3,28" ten="295,84,417,204" oya="2" hai0="17,15,128,30,101,81,108,32,100,86,36,12,23" hai1="62,44,1,58,124,129,106,75,99,40,21,107,45" hai2="57,98,11,95,47,42,72,67,52,83,96,70,97" hai3="113,26,84,18,31,55,94,104,91,111,29,109,127"/><V10/><F72/><W82/><G104/><T89/><D108/><U68/><E68/><V60/><F83/><W48/><G127/><T118/><D128/><U61/><E124/><V34/><F34/><W121/><G121/><T43/><D118/><U79/><E129/><V114/><F95/><W25/><G113/><T27/><REACH who="0" step="1"/><D12/><REACH who="0" ten="285,84,417,204" step="2"/><U90/><E1/><V117/><F117/><W54/><G109/><T64/><D64/><U92/><E107/><V122/><F114/><W14/><G111/><T110/><D110/><U5/><E106/><V41/><F122/><W120/><G120/><T125/><D125/><U24/><E24/><V0/><F0/><W35/><G82/><T51/><D51/><U77/><E62/><V50/><REACH who="2" step="1"/><F42/><REACH who="2" ten="285,84,407,204" step="2"/><W126/><G126/><T39/><D39/><AGARI ba="1,2" hai="10,11,39,41,47,50,52,57,60,67,70,96,97,98" machi="39" ten="40,12000,1" yaku="1,1,2,1,24,2,54,1,53,0" doraHai="28" doraHaiUra="119" who="2" fromWho="0" sc="285,-123,84,0,407,143,204,0" /><INIT seed="2,2,0,4,0,23" ten="162,84,550,204" oya="2" hai0="83,5,31,93,113,118,28,73,59,2,82,112,127" hai1="104,84,86,16,48,121,19,114,117,111,35,100,115" hai2="38,91,51,24,88,125,78,92,69,80,129,98,45" hai3="27,8,40,34,135,105,62,106,36,9,99,94,0"/><V77/><F129/><W132/><G62/><T57/><D127/><U22/><E117/><V67/><F38/><W116/><G116/><T52/><D93/><U85/><E35/><V90/><F125/><W64/><G64/><T89/><D118/><U44/><E111/><V25/><F67/><W134/><G40/><T3/><D5/><U7/><E121/><V49/><F69/><W131/><G36/><T109/><D89/><N who="2" m="34410" /><F51/><W56/><G56/><T102/><D102/><U33/><E33/><V43/><F80/><W55/><G55/><T96/><D96/><U110/><E110/><V14/><F14/><W101/><G131/><T4/><D4/><U124/><E124/><V123/><F123/><W53/><G53/><T71/><D52/><U10/><E104/><V108/><F108/><W133/><G0/><T97/><D109/><U50/><E50/><V26/><AGARI ba="2,0" hai="24,25,26,43,45,49,77,78,91,92,98" m="34410" machi="26" ten="30,12000,1" yaku="8,1,52,3,54,1" doraHai="23" who="2" fromWho="2" sc="162,-42,84,-42,550,126,204,-42" /><INIT seed="2,3,0,3,5,85" ten="120,42,676,162" oya="2" hai0="24,130,134,128,51,27,39,40,120,4,101,69,37" hai1="68,84,19,7,102,87,20,132,0,61,127,113,15" hai2="81,112,35,6,82,114,106,26,65,48,103,72,92" hai3="33,73,89,93,11,117,119,49,62,96,14,70,94"/><V133/><F133/><W104/><G104/><T53/><D101/><U99/><E113/><V45/><F6/><W25/><G73/><T55/><D4/><U32/><E32/><V76/><F65/><W36/><G36/><N who="0" m="13899" /><D120/><U91/><E132/><V18/><F82/><W86/><G33/><T74/><D74/><U79/><E127/><V47/><F47/><W90/><G25/><N who="0" m="9803" /><D134/><U80/><E0/><V88/><F35/><W16/><REACH who="3" step="1"/><G49/><REACH who="3" ten="120,42,676,152" step="2"/><T98/><D51/><U52/><E7/><V28/><F26/><W12/><G12/><T116/><D116/><U95/><E68/><V71/><F71/><W23/><G23/><T5/><D5/><U115/><E115/><V3/><F3/><W8/><G8/><T58/><D69/><U56/><REACH who="1" step="1"/><E84/><REACH who="1" ten="120,32,676,152" step="2"/><N who="2" m="52231" /><F28/><W97/><G97/><T75/><D98/><U108/><E108/><V124/><F124/><W17/><G17/><T21/><D75/><U77/><AGARI ba="3,2" hai="15,19,20,52,56,61,77,79,80,87,91,95,99,102" machi="77" ten="30,8000,1" yaku="1,1,0,1,8,1,52,1,54,1,53,0" doraHai="85" doraHaiUra="66" who="1" fromWho="1" sc="120,-23,32,109,676,-43,152,-23" /><INIT seed="3,0,0,4,4,5" ten="97,141,633,129" oya="3" hai0="45,96,16,32,25,79,70,131,101,134,41,132,130" hai1="64,74,95,102,121,124,40,75,59,20,116,100,38" hai2="14,9,113,88,72,133,47,117,0,19,50,61,46" hai3="122,126,69,76,12,29,78,44,23,129,98,43,10"/><W18/><G69/><T60/><D79/><U107/><E121/><V42/><F113/><W68/><G68/><T93/><D60/><U128/><E107/><V92/><F133/><N who="0" m="51306" /><D70/><U30/><E40/><V104/><F104/><W58/><G58/><T97/><D96/><U111/><E38/><V84/><F72/><W135/><G122/><T21/><D32/><U15/><E74/><V48/><F0/><W55/><G98/><T53/><D53/><U106/><E75/><V6/><F61/><W31/><G55/><T57/><D57/><U54/><E54/><N who="2" m="29975" /><F117/><W110/><G78/><T34/><D34/><U66/><E59/><V87/><F87/><W3/><G76/><T63/><D63/><U65/><E64/><V80/><F80/><W114/><G114/><T91/><D101/><U108/><E100/><V105/><F105/><W73/><G73/><T99/><D99/><U33/><E102/><V89/><F89/><W123/><G123/><T1/><D1/><U67/><E33/><V125/><F125/><W28/><G126/><T115/><D115/><U49/><E124/><V22/><F6/><W2/><G2/><T24/><D24/><U26/><E26/><V13/><F13/><W94/><G3/><T52/><D52/><U119/><E65/><V81/><F81/><W51/><G135/><T35/><D35/><U109/><E66/><V120/><F120/><W86/><G86/><T127/><D127/><U7/><E67/><V112/><F112/><W11/><G43/><T77/><D77/><U37/><E116/><V36/><F36/><W4/><G51/><RYUUKYOKU ba="0,0" sc="97,15,141,-15,633,15,129,-15" hai0="16,21,25,41,45,91,93,97,130,131" hai2="9,14,19,22,42,47,50,84,88,92" /><INIT seed="4,1,0,5,0,133" ten="112,126,648,114" oya="0" hai0="37,94,75,126,3,34,104,33,114,46,101,29,50" hai1="67,18,36,97,43,108,59,66,79,14,90,64,7" hai2="62,47,10,123,118,112,21,48,99,19,58,17,27" hai3="116,44,80,5,35,102,89,71,81,77,72,55,69"/><T93/><D75/><U20/><E108/><V95/><F112/><W15/><G35/><T107/><D3/><U0/><E79/><V83/><F123/><W24/><G116/><T52/><D114/><U63/><E36/><V51/><F83/><W124/><G24/><T127/><D37/><U22/><E0/><V130/><F130/><W82/><G102/><T70/><D70/><U26/><E43/><V49/><F10/><W32/><G32/><T96/><D34/><U65/><E7/><V109/><F109/><W113/><G89/><T100/><D104/><U23/><E26/><V125/><F125/><N who="0" m="47626" /><D101/><U41/><E41/><N who="2" m="24687" /><F19/><W128/><G71/><T88/><D88/><U54/><N who="1" m="16384" /><DORA hai="25" /><U9/><E97/><V134/><F118/><W120/><G72/><T2/><D2/><U8/><E90/><N who="2" m="55799" /><F134/><W117/><G77/><T61/><D61/><U38/><E38/><V122/><F122/><W106/><G106/><T13/><D13/><U42/><E42/><V40/><F40/><W57/><G69/><T60/><D60/><U28/><E63/><V1/><F1/><W119/><G113/><T103/><D103/><U110/><E110/><V115/><F115/><W98/><G120/><T85/><D85/><U74/><E74/><V105/><F105/><W78/><G78/><T68/><D68/><U92/><E14/><V135/><F135/><W129/><G124/><T87/><D87/><U73/><E73/><V45/><F62/><W56/><G117/><T86/><D86/><U12/><E12/><V91/><F91/><W53/><G119/><T39/><D39/><RYUUKYOKU ba="1,0" sc="112,30,126,-10,648,-10,114,-10" hai0="29,33,46,50,52,93,94,96,100,107" /><INIT seed="4,2,0,0,0,8" ten="142,116,638,104" oya="0" hai0="103,79,88,25,47,37,109,39,90,129,107,45,48" hai1="34,10,68,123,52,12,16,76,110,44,14,72,60" hai2="101,89,62,61,71,98,5,135,78,17,3,124,46" hai3="43,126,83,64,114,54,87,35,59,30,53,38,28"/><T33/><D129/><U67/><E110/><V134/><F124/><W42/><G114/><T7/><D79/><U15/><E123/><V21/><F78/><W26/><G28/><T131/><D131/><U125/><E125/><V122/><F122/><W36/><G64/><T91/><D7/><U40/><E34/><V96/><F5/><W29/><G29/><T118/><D118/><U1/><E1/><V81/><F3/><W77/><G126/><T99/><D109/><U85/><E72/><V84/><F46/><W116/><G116/><T130/><D130/><U74/><E74/><V55/><F71/><W120/><G120/><T115/><D115/><U50/><REACH who="1" step="1"/><E40/><REACH who="1" ten="142,106,638,104" step="2"/><V66/><F134/><W100/><G43/><T19/><D33/><U86/><E86/><V117/><F84/><W106/><G42/><T11/><D47/><U133/><E133/><V108/><F135/><W128/><G128/><T51/><D45/><U69/><E69/><V80/><F108/><W112/><G112/><T121/><D121/><U82/><AGARI ba="2,1" hai="10,12,14,15,16,44,50,52,60,67,68,76,82,85" machi="82" ten="30,16000,3" yaku="1,1,0,1,52,3,54,2,53,1" doraHai="8" doraHaiUra="58" who="1" fromWho="1" sc="142,-82,106,176,638,-42,104,-42" /><INIT seed="5,0,0,5,1,116" ten="60,282,596,62" oya="1" hai0="100,76,106,126,4,33,125,30,61,3,38,36,49" hai1="39,85,50,90,15,92,55,130,35,34,102,27,51" hai2="19,84,93,122,72,70,21,68,101,77,121,97,71" hai3="132,80,52,64,95,117,111,94,135,98,66,57,133"/><U37/><E130/><V58/><F58/><W31/><G111/><T56/><D76/><U47/><E102/><V62/><F62/><W6/><G117/><T89/><D49/><U107/><E107/><V0/><F0/><W99/><G6/><T103/><D89/><U108/><E108/><V44/><F44/><W59/><G31/><T60/><D30/><U113/><E113/><V43/><F43/><W134/><G134/><T13/><D13/><U109/><E109/><V12/><REACH who="2" step="1"/><F84/><REACH who="2" ten="60,282,586,62" step="2"/><W128/><G133/><T104/><D56/><U124/><E85/><V16/><F16/><W29/><G57/><T23/><D3/><U48/><E47/><V41/><F41/><W8/><G59/><T9/><D4/><U105/><E55/><V42/><F42/><W110/><G110/><T7/><D7/><U74/><E51/><V112/><F112/><W87/><G87/><T119/><D60/><U63/><E50/><V65/><F65/><W114/><G114/><T24/><D61/><U32/><E48/><V17/><F17/><W81/><G52/><T40/><D40/><U1/><E63/><V5/><F5/><W46/><G46/><T14/><D119/><U22/><E1/><V79/><F79/><W45/><G45/><T25/><D36/><U86/><E39/><V69/><N who="2" m="17408" /><DORA hai="67" /><V54/><F54/><W131/><G29/><T118/><D38/><U123/><E37/><V82/><AGARI ba="0,1" hai="12,19,21,72,77,82,93,97,101,121,122" m="17408" machi="82" ten="60,16000,3" yaku="1,1,0,1,52,6,53,1" doraHai="116,67" doraHaiUra="91,26" who="2" fromWho="2" sc="60,-40,282,-80,586,170,62,-40" /><INIT seed="6,0,0,3,5,97" ten="20,202,756,22" oya="2" hai0="73,79,54,74,82,1,5,110,9,83,89,70,63" hai1="117,34,19,26,126,113,105,11,96,129,8,88,35" hai2="28,107,98,66,93,124,29,33,77,42,109,31,50" hai3="134,10,46,84,120,55,87,4,115,92,135,90,106"/><V32/><F107/><W100/><G120/><T21/><D110/><U61/><E117/><V71/><F109/><W3/><G115/><T37/><D37/><U131/><E113/><V25/><F124/><W62/><G87/><T65/><D89/><U16/><E126/><V128/><F128/><N who="1" m="49225" /><E61/><V14/><F77/><W41/><G55/><T43/><D43/><U125/><E125/><V111/><F111/><W23/><G23/><T122/><D122/><U20/><E19/><V91/><F14/><W75/><G75/><T67/><D21/><U104/><E104/><V51/><F42/><W112/><G62/><T53/><REACH who="0" step="1"/><D67/><REACH who="0" ten="10,202,756,22" step="2"/><U103/><E88/><V6/><F66/><W17/><G112/><T39/><D39/><U86/><E86/><V0/><F91/><W27/><G84/><T114/><D114/><U76/><E76/><AGARI ba="0,1" hai="1,5,9,53,54,63,65,70,73,74,76,79,82,83" machi="76" ten="40,2600,0" yaku="1,1,9,1,53,0" doraHai="97" doraHaiUra="13" who="0" fromWho="1" sc="10,36,202,-26,756,0,22,0" /><INIT seed="7,0,0,3,2,16" ten="46,176,756,22" oya="3" hai0="24,25,0,63,94,67,37,128,82,133,46,31,20" hai1="129,2,53,132,108,89,116,130,45,60,33,30,22" hai2="56,84,35,9,27,127,64,19,90,52,47,36,118" hai3="85,13,71,86,66,80,18,110,126,41,103,120,87"/><W29/><G120/><T28/><D0/><U61/><E33/><V121/><F121/><W79/><G126/><T112/><D128/><U73/><E73/><V125/><F118/><W106/><G110/><T39/><D133/><U54/><E2/><V72/><F64/><W105/><G29/><T119/><D119/><U51/><E116/><V78/><F78/><W55/><G41/><T32/><D112/><U122/><E89/><V40/><F72/><W70/><G55/><T83/><D94/><U131/><E122/><V21/><F9/><W92/><G103/><T134/><D134/><U34/><E34/><V23/><F35/><W123/><G123/><T81/><D46/><N who="1" m="27895" /><E108/><V17/><F125/><W12/><G12/><T42/><D42/><U114/><E114/><V43/><F127/><W69/><G66/><T5/><D5/><U68/><E132/><V38/><F38/><W76/><G92/><T96/><D96/><U4/><E54/><V3/><F3/><W113/><G113/><T49/><D49/><U1/><E1/><V75/><F75/><W107/><G80/><T100/><D100/><U102/><E102/><V124/><F124/><W58/><G58/><T77/><D77/><U11/><E131/><V117/><F117/><W97/><G97/><T98/><D98/><U62/><E130/><V14/><F47/><W7/><G7/><T74/><D74/><U95/><E4/><V135/><F36/><W111/><G111/><T91/><D91/><U99/><E99/><V57/><F135/><W44/><G44/><T26/><D26/><U48/><E129/><RYUUKYOKU ba="0,0" sc="46,15,176,-15,756,-15,22,15" hai0="20,24,25,28,31,32,37,39,63,67,81,82,83" hai3="13,18,69,70,71,76,79,85,86,87,105,106,107" /><INIT seed="7,1,0,3,4,58" ten="61,161,741,37" oya="3" hai0="129,8,59,134,81,93,121,40,84,95,20,18,23" hai1="105,4,16,130,135,113,127,74,53,60,46,100,66" hai2="122,52,63,108,128,109,62,13,120,116,101,11,12" hai3="107,131,39,76,41,67,21,69,118,92,33,43,54"/><W17/><G33/><T2/><D121/><N who="2" m="46698" /><F128/><W5/><G107/><T71/><D71/><U50/><E113/><V89/><F116/><W103/><G118/><T30/><D129/><U133/><E127/><V32/><F32/><W78/><G131/><T14/><D2/><U35/><E46/><V55/><F101/><W132/><G5/><N who="0" m="3343" /><D134/><U26/><E26/><V51/><F89/><W48/><G39/><T57/><D40/><U94/><E53/><N who="2" m="20555" /><F51/><W64/><G132/><T73/><D73/><U110/><E16/><N who="2" m="8223" /><F13/><W90/><G43/><T15/><D30/><U61/><E94/><N who="0" m="35849" /><D23/><U45/><E135/><V38/><F38/><W91/><G41/><T123/><D123/><U80/><E74/><V79/><F79/><AGARI ba="1,0" hai="15,18,20,57,59,79,81,84" m="35849,3343" machi="79" ten="30,1000,0" yaku="8,1" doraHai="58" who="0" fromWho="2" sc="61,13,161,0,741,-13,37,0" owari="74,-33.0,161,-4.0,728,83.0,37,-46.0" /></mjloggm>