<mjloggm ver="2.3"><GO type="225" lobby="0"/><UN n0="%E9%9F%93%E8%A1%9B%E9%9D%92" n1="%62%69%67%6D%6F%75%74%68" n2="%6E%61%6F%6B%69%33%39" n3="%73%75%7A%75%6D%65%33" dan="16,16,17,17" rate="2177.97,2119.82,2173.70,2226.36" sx="F,M,M,M"/><TAIKYOKU oya="0"/><INIT seed="0,0,0,1,2,112" ten="250,250,250,250" oya="0" hai0="57,30,54,22,7,75,132,89,77,124,87,111,12" hai1="0,48,69,72,123,86,25,73,115,39,59,97,8" hai2="81,50,128,68,131,118,90,119,32,43,31,106,47" hai3="88,34,3,67,53,126,62,24,55,61,23,71,29"/><T56/><D132/><U11/><E123/><V51/><F106/><W109/><G3/><T20/><D124/><U45/><E69/><V85/><F68/><W100/><G126/><T133/><D133/><U52/><E115/><V2/><F2/><W135/><G135/><T65/><D75/><U107/><E25/><N who="2" m="18543" /><F50/><W9/><G109/><T14/><D111/><U66/><E86/><V38/><F38/><W121/><G121/><T127/><D127/><U80/><E80/><V60/><F60/><W134/><G134/><T103/><D103/><U5/><E11/><V101/><F101/><W82/><G100/><T76/><D65/><U58/><E107/><V42/><F42/><W99/><G9/><N who="0" m="4159" /><D56/><U105/><E105/><V46/><F46/><W96/><G34/><T95/><D30/><U28/><E28/><V122/><F122/><W21/><G21/><N who="0" m="8299" /><D14/><U4/><E39/><V130/><AGARI ba="0,0" hai="43,47,51,81,85,90,118,119,128,130,131" m="18543" machi="130" ten="40,5200,0" yaku="19,1,52,2" doraHai="112" who="2" fromWho="2" sc="250,-26,250,-13,250,52,250,-13" /><INIT seed="1,0,0,1,0,54" ten="224,237,302,237" oya="1" hai0="107,101,125,69,1,106,119,57,51,42,77,18,35" hai1="41,62,105,63,116,78,89,133,80,52,21,132,68" hai2="102,130,20,81,15,134,127,73,120,108,56,111,98" hai3="22,7,24,118,48,39,60,135,90,92,87,26,131"/><U9/><E116/><V82/><F120/><W27/><G39/><T45/><D69/><U50/><E105/><V99/><F15/><W110/><G118/><T25/><D119/><U59/><E89/><V94/><F20/><W115/><G115/><T23/><D1/><U122/><E122/><V126/><F56/><W95/><G110/><N who="2" m="42025" /><F130/><W71/><G131/><T83/><D125/><N who="2" m="47626" /><F73/><W2/><G22/><T17/><D35/><U70/><E9/><V74/><F74/><W113/><G2/><T36/><D18/><U40/><E21/><V10/><F10/><W14/><G14/><T67/><D101/><U64/><E80/><N who="2" m="30827" /><F98/><W103/><G24/><T86/><D51/><U109/><E109/><V85/><F85/><W72/><G87/><T13/><D25/><U30/><E30/><V6/><F6/><W112/><G7/><T11/><D23/><U12/><E12/><V37/><F37/><W58/><G26/><T79/><D57/><U19/><E19/><V0/><F0/><W123/><G58/><T88/><REACH who="0" step="1"/><D67/><REACH who="0" ten="214,237,302,237" step="2"/><N who="1" m="41079" /><E78/><AGARI ba="0,1" hai="11,13,17,36,42,45,77,78,79,83,86,88,106,107" machi="78" ten="40,2600,0" yaku="1,1,54,1,53,0" doraHai="54" doraHaiUra="34" who="0" fromWho="1" sc="214,36,237,-26,302,0,237,0" /><INIT seed="2,0,0,1,5,110" ten="250,211,302,237" oya="2" hai0="93,73,67,99,16,130,105,118,0,57,4,122,116" hai1="62,95,111,42,14,51,134,5,128,61,66,36,49" hai2="44,132,102,65,84,1,87,39,10,123,112,32,74" hai3="53,119,28,45,103,90,30,13,92,81,17,46,101"/><V131/><F65/><W135/><G119/><N who="0" m="45611" /><D122/><U37/><E111/><V71/><F102/><N who="3" m="38923" /><G81/><T97/><D105/><U22/><E128/><V21/><F21/><N who="3" m="11439" /><G135/><T91/><D73/><U43/><E134/><V120/><F10/><W115/><G115/><T2/><D130/><U20/><E95/><V108/><F44/><N who="3" m="17003" /><G53/><T52/><D67/><U50/><E66/><V82/><F82/><W96/><AGARI ba="0,0" hai="28,30,90,92,96" m="17003,11439,38923" machi="96" ten="30,1100,0" yaku="8,1" doraHai="110" who="3" fromWho="3" sc="250,-3,211,-3,302,-5,237,11" /><INIT seed="3,0,0,4,5,77" ten="247,208,297,248" oya="3" hai0="47,108,92,79,22,52,119,135,74,1,49,18,86" hai1="48,15,59,8,46,53,32,9,13,93,34,33,67" hai2="65,110,42,41,10,100,7,62,89,127,101,23,104" hai3="107,14,125,112,128,39,122,28,70,117,5,21,72"/><W12/><RYUUKYOKU type="yao9" ba="0,0" sc="247,0,208,0,297,0,248,0" hai3="5,12,14,21,28,39,70,72,107,112,117,122,125,128" /><INIT seed="3,1,0,5,4,64" ten="247,208,297,248" oya="3" hai0="129,34,103,110,74,113,68,119,102,41,73,94,26" hai1="91,17,120,133,93,59,62,105,27,123,107,86,132" hai2="8,79,70,22,35,60,28,3,121,128,72,87,55" hai3="96,48,23,95,111,61,82,127,19,71,13,58,5"/><W20/><G127/><T66/><D119/><U45/><E45/><V29/><F35/><W81/><G111/><T108/><D41/><U112/><E112/><V4/><F72/><W32/><G32/><T36/><D36/><U49/><E49/><V101/><F101/><W42/><G5/><T115/><D129/><U53/><E27/><V38/><F38/><W116/><G116/><T77/><D94/><U56/><E17/><V47/><F128/><W18/><G71/><T39/><D39/><U51/><E107/><V135/><F135/><N who="1" m="51785" /><E105/><V24/><F121/><W104/><G104/><T98/><D98/><U14/><E14/><V10/><F10/><W75/><G75/><N who="0" m="28683" /><D77/><U76/><E76/><V85/><F79/><W54/><G42/><T122/><D122/><U67/><AGARI ba="1,0" hai="51,53,56,59,62,67,86,91,93,120,123" m="51785" machi="67" ten="30,1100,0" yaku="20,1" doraHai="64" who="1" fromWho="1" sc="247,-4,208,14,297,-4,248,-6" /><INIT seed="4,0,0,5,3,70" ten="243,222,293,242" oya="0" hai0="11,9,67,80,112,104,48,93,18,79,26,123,82" hai1="30,44,22,74,8,64,47,54,132,34,81,130,86" hai2="88,6,66,77,68,135,40,12,53,21,19,20,101" hai3="99,131,124,28,25,83,27,103,52,24,133,41,106"/><T116/><D123/><U78/><E34/><V89/><F40/><W108/><G108/><T0/><D104/><U36/><E130/><V117/><F101/><W111/><G111/><T69/><D116/><U35/><E35/><V31/><F77/><W126/><G131/><T14/><D112/><U105/><E105/><V91/><F6/><W60/><G41/><T75/><D69/><U13/><E132/><V98/><F135/><W2/><G2/><T58/><D26/><U39/><E64/><V7/><F7/><W85/><G133/><T118/><D118/><U102/><E102/><V42/><F42/><W65/><G28/><T84/><D93/><U110/><E110/><V90/><F68/><W15/><G15/><T59/><D67/><U96/><E96/><V46/><F66/><W129/><G129/><T63/><D63/><U95/><E47/><V57/><F46/><W109/><G109/><T55/><D0/><U71/><E71/><V114/><F114/><W61/><G65/><T87/><D75/><U134/><E134/><V33/><F33/><W125/><G52/><T76/><D9/><U38/><E44/><AGARI ba="0,0" hai="11,14,18,44,48,55,58,59,76,79,80,82,84,87" machi="44" ten="30,5800,0" yaku="7,1,9,1,8,1" doraHai="70" who="0" fromWho="1" sc="243,58,222,-58,293,0,242,0" owari="301,41.0,164,-34.0,293,9.0,242,-16.0" /></mjloggm>