<mjloggm ver="2.3"><GO type="185" lobby="0"/><UN n0="%E3%81%BF%E3%83%BC%E3%82%8F" n1="%4B%69%64%6F%37%35%30%30" n2="%74%61%6B%61%2D%31%31%36" n3="" dan="17,16,16,0" rate="2235.86,2116.21,2142.67,1500.00" sx="M,M,M,C"/><TAIKYOKU oya="0"/><INIT seed="0,0,0,5,2,134" ten="350,350,350,0" oya="0" hai0="72,43,37,47,108,131,104,35,75,100,62,119,64" hai1="89,115,88,55,58,38,52,73,121,33,103,0,40" hai2="63,105,130,32,107,82,135,41,66,53,85,56,39" hai3=""/><T76/><D119/><U98/><N who="1" m="31008" /><U99/><E33/><V50/><F135/><T1/><D35/><U36/><E73/><V122/><N who="2" m="31264" /><V132/><F132/><T96/><D1/><U3/><E40/><V60/><F60/><T59/><D131/><U90/><E90/><V80/><F130/><T95/><D108/><U133/><E133/><V51/><F51/><T117/><D117/><U126/><E58/><V78/><F82/><T45/><D76/><U116/><E116/><V46/><REACH who="2" step="1"/><F32/><REACH who="2" ten="350,350,340,0" step="2"/><T57/><D47/><AGARI ba="0,1" hai="39,41,46,47,50,53,56,63,66,78,80,85,105,107" m="31264" machi="47" ten="30,8000,1" yaku="1,1,2,1,7,1,52,1,53,1" doraHai="134" doraHaiUra="74" who="2" fromWho="0" sc="350,-80,350,0,340,90,0,0" /><INIT seed="1,0,0,0,4,33" ten="270,350,430,0" oya="1" hai0="113,36,44,87,82,83,40,68,42,99,88,105,132" hai1="38,3,79,61,116,134,35,65,2,60,73,128,34" hai2="70,96,124,118,131,1,122,121,123,127,86,72,67" hai3=""/><U135/><E38/><V52/><N who="2" m="31008" /><V84/><N who="2" m="31264" /><V101/><N who="2" m="31520" /><V94/><F1/><N who="1" m="9" /><E116/><V85/><F118/><T77/><D113/><U63/><E65/><V50/><F72/><T56/><D132/><N who="1" m="50731" /><E128/><V43/><F43/><T55/><D68/><U97/><E97/><V102/><F102/><T115/><D42/><U95/><E95/><V76/><F76/><T57/><D115/><U32/><E79/><V39/><F39/><T47/><D99/><U100/><E100/><V110/><F131/><T114/><D114/><U108/><E108/><V109/><F67/><T133/><D133/><U89/><E89/><V69/><F69/><T51/><REACH who="0" step="1"/><D105/><REACH who="0" ten="260,350,430,0" step="2"/><U66/><E73/><AGARI ba="0,1" hai="36,40,44,47,51,55,56,57,73,77,82,83,87,88" machi="73" ten="30,7700,0" yaku="1,1,2,1,7,1,54,1,53,0" doraHai="33" doraHaiUra="92" who="0" fromWho="1" sc="260,87,350,-77,430,0,0,0" /><INIT seed="2,0,0,3,5,114" ten="347,273,430,0" oya="2" hai0="102,89,75,127,132,45,60,134,117,109,129,85,2" hai1="83,35,101,105,50,123,107,55,53,115,106,69,81" hai2="48,38,65,99,130,87,113,33,92,126,93,41,135" hai3=""/><V72/><F113/><T44/><D2/><U52/><N who="1" m="31520" /><U131/><E35/><V97/><F72/><T103/><D109/><U124/><E69/><V121/><N who="2" m="31008" /><V49/><F135/><N who="0" m="51754" /><D75/><U78/><E115/><V62/><F130/><T84/><D127/><U51/><E131/><V42/><F87/><T58/><D129/><U0/><E0/><V3/><F3/><T74/><D74/><U111/><E111/><V73/><F73/><T128/><D128/><U94/><E124/><V43/><F38/><T79/><D117/><U80/><E78/><V119/><F33/><T122/><N who="0" m="31264" /><T47/><D79/><U34/><E34/><V82/><F119/><T91/><D91/><U118/><E118/><V98/><F126/><T125/><D125/><U37/><E37/><V76/><F76/><T46/><D46/><U110/><E110/><V133/><F133/><T40/><D40/><U90/><E101/><N who="0" m="38409" /><D89/><U67/><E67/><AGARI ba="0,0" hai="44,45,47,58,60,67,84,85" m="38409,31264,51754" machi="67" ten="30,2000,0" yaku="20,1,52,1" doraHai="114" who="0" fromWho="1" sc="347,20,273,-20,430,0,0,0" /><INIT seed="4,0,0,4,0,103" ten="367,253,430,0" oya="0" hai0="128,32,43,87,123,127,48,83,42,38,118,61,39" hai1="64,66,110,81,101,121,102,97,113,125,95,76,109" hai2="70,91,79,106,104,72,45,86,63,69,98,47,36" hai3=""/><T67/><N who="0" m="31520" /><T89/><D118/><U49/><N who="1" m="31008" /><U119/><E119/><V73/><F98/><T117/><D117/><U122/><N who="1" m="31264" /><U94/><E125/><V60/><F91/><T80/><D32/><U124/><E124/><V62/><F86/><T33/><D33/><U90/><E49/><V68/><F79/><T46/><D127/><U74/><E64/><V107/><F36/><T112/><D112/><U133/><E66/><V75/><AGARI ba="0,0" hai="45,47,60,62,63,68,69,70,72,73,75,104,106,107" machi="75" ten="50,24000,5" yakuman="40" doraHai="103" who="2" fromWho="2" sc="367,-160,253,-80,430,240,0,0" /><INIT seed="5,0,0,4,5,54" ten="207,173,670,0" oya="1" hai0="71,123,125,104,129,53,80,90,62,63,44,58,41" hai1="93,92,132,73,65,133,43,91,34,40,128,35,111" hai2="76,98,107,59,36,61,101,75,116,85,37,82,96" hai3=""/><U87/><E73/><V103/><F75/><T117/><N who="0" m="31520" /><T42/><D104/><U64/><E111/><V38/><F116/><T94/><D117/><U84/><REACH who="1" step="1"/><E91/><REACH who="1" ten="207,163,670,0" step="2"/><V106/><REACH who="2" step="1"/><F38/><REACH who="2" ten="207,163,660,0" step="2"/><T45/><D125/><U51/><E51/><V97/><F97/><T131/><D131/><AGARI ba="0,2" hai="34,35,40,43,64,65,84,87,92,93,128,131,132,133" machi="131" ten="25,4800,0" yaku="1,1,22,2,53,0" doraHai="54" doraHaiUra="108" who="1" fromWho="0" sc="207,-48,163,68,660,0,0,0" /><INIT seed="5,1,0,3,4,127" ten="159,231,660,0" oya="1" hai0="1,76,104,97,109,103,32,77,67,111,84,37,126" hai1="92,80,134,66,40,73,133,118,53,90,75,129,56" hai2="47,79,39,69,100,57,34,95,81,128,96,125,74" hai3=""/><U44/><E118/><V115/><F34/><T45/><D32/><U82/><E66/><V68/><F125/><T43/><D1/><U117/><E117/><V3/><F3/><T49/><D126/><U33/><E33/><V119/><F119/><T98/><D67/><U58/><E58/><V48/><F115/><T121/><N who="0" m="31008" /><T135/><D135/><U54/><E54/><V93/><F93/><T102/><D37/><U112/><E112/><V85/><F39/><T2/><D2/><U107/><E107/><V101/><F101/><T55/><D43/><U131/><E75/><V122/><N who="2" m="31264" /><V50/><F74/><T91/><D111/><U46/><E73/><V61/><F68/><T52/><D55/><U108/><E108/><V42/><F69/><T87/><D109/><U63/><E44/><V35/><F35/><T88/><D87/><U59/><E59/><V114/><F114/><T123/><N who="0" m="31520" /><T41/><D41/><U38/><E134/><V62/><F57/><T86/><D86/><U110/><E110/><V78/><F85/><T106/><D91/><U51/><E133/><V83/><F42/><T116/><D116/><U0/><E0/><V72/><F72/><T113/><D113/><U120/><E120/><RYUUKYOKU ba="1,0" sc="159,20,231,-10,660,-10,0,0" hai0="45,49,52,76,77,84,88,97,98,102,103,104,106" /><INIT seed="6,2,0,0,1,97" ten="179,221,650,0" oya="2" hai0="45,57,42,63,38,114,53,113,89,92,47,83,40" hai1="130,82,120,85,2,60,70,133,49,87,3,128,88" hai2="81,107,135,35,0,46,75,64,65,1,131,80,44" hai3=""/><V59/><F131/><N who="1" m="50217" /><E133/><V39/><F135/><T126/><D83/><U93/><N who="1" m="30752" /><U71/><E49/><V96/><F96/><T66/><D89/><U54/><E54/><V90/><F90/><T36/><D92/><U118/><E118/><V115/><F115/><N who="0" m="44042" /><D126/><U117/><E117/><V110/><F110/><T48/><D48/><U33/><E33/><V106/><F59/><T77/><D77/><U56/><E56/><V134/><F134/><T105/><D105/><U111/><E111/><V95/><F95/><T73/><D73/><U101/><E101/><V108/><F108/><T74/><D74/><U72/><E72/><V76/><F75/><T94/><D94/><U58/><E58/><V43/><F43/><T99/><D99/><U52/><E52/><AGARI ba="2,0" hai="36,38,40,42,45,47,52,53,57,63,66" m="44042" machi="52" ten="30,8000,1" yaku="15,1,11,1,34,2,54,1" doraHai="97" who="0" fromWho="1" sc="179,84,221,-84,650,0,0,0" owari="263,-14.0,137,-46.0,650,60.0,0,0.0" /></mjloggm>