<mjloggm ver="2.3"><GO type="169" lobby="0"/><UN n0="%E3%81%B5%E3%81%98%E3%81%8B%E3%81%A4" n1="%E9%A6%AC%E6%9D%89%E5%AF%A7%E9%A6%99" n2="%EF%BC%91%EF%BC%90%E9%80%A3%E3%82%AC%E3%83%81%E3%83%A3" n3="%6B%6F%62%6F%7A" dan="16,17,16,18" rate="2157.02,2268.99,2085.98,2209.96" sx="M,F,M,M"/><TAIKYOKU oya="0"/><INIT seed="0,0,0,2,5,115" ten="250,250,250,250" oya="0" hai0="105,86,48,75,52,45,15,55,40,74,0,53,111" hai1="116,117,7,27,85,88,11,14,101,63,100,5,28" hai2="90,134,22,84,38,106,43,77,60,93,31,114,19" hai3="8,4,56,128,1,58,42,12,127,110,61,122,6"/><T108/><D105/><U120/><E120/><V46/><F114/><W67/><G122/><T13/><D0/><U54/><E5/><V132/><F106/><W112/><G127/><T107/><D107/><U99/><E54/><V64/><F31/><W20/><G128/><T69/><D69/><U113/><E113/><V33/><F77/><W17/><G112/><T62/><D62/><U21/><E63/><V83/><F33/><W23/><G110/><N who="0" m="42027" /><D86/><U9/><E9/><V94/><F132/><W25/><G42/><T49/><D49/><U66/><E66/><V125/><F125/><W37/><G37/><T103/><D103/><U34/><E34/><V3/><F134/><W133/><G133/><T129/><D129/><U70/><E70/><V135/><F3/><W104/><G104/><T44/><D44/><U29/><E29/><V71/><REACH who="2" step="1"/><F135/><REACH who="2" ten="250,250,240,250" step="2"/><W79/><G1/><T87/><D87/><U91/><E101/><V30/><F30/><W26/><G79/><T24/><D24/><AGARI ba="0,1" hai="19,22,24,38,43,46,60,64,71,83,84,90,93,94" machi="24" ten="30,3900,0" yaku="1,1,7,1,53,1" doraHai="115" doraHaiUra="39" who="2" fromWho="0" sc="250,-39,250,0,240,49,250,0" /><INIT seed="1,0,0,5,4,77" ten="211,250,289,250" oya="1" hai0="40,117,67,14,87,30,91,108,112,130,10,132,12" hai1="78,58,123,41,62,23,17,83,24,68,32,11,101" hai2="81,61,49,5,134,135,29,8,131,51,82,115,74" hai3="19,64,22,109,96,39,102,76,97,86,55,27,13"/><U66/><E123/><V75/><F131/><W9/><G39/><T127/><D117/><U110/><E110/><V54/><F29/><W43/><G43/><T70/><D112/><U84/><E101/><V107/><F107/><W114/><G114/><T53/><D108/><U20/><E32/><V60/><F115/><W50/><G64/><T45/><D132/><U36/><E36/><V26/><F26/><W37/><G37/><T34/><D130/><U35/><E41/><V85/><F85/><W33/><G33/><T93/><D127/><U25/><E35/><V89/><F89/><W72/><G72/><T63/><D53/><U48/><E11/><V65/><F54/><W3/><G3/><T46/><D14/><U98/><E98/><V16/><F8/><W79/><G86/><T95/><D95/><U100/><E100/><V133/><F16/><N who="3" m="12743" /><G109/><T1/><D1/><U111/><E111/><V21/><F21/><W69/><G69/><T6/><REACH who="0" step="1"/><D40/><REACH who="0" ten="201,250,289,250" step="2"/><U4/><E4/><V106/><F5/><W118/><G118/><T0/><D0/><U2/><E2/><V120/><F106/><W73/><G102/><T119/><D119/><U99/><E99/><N who="3" m="37962" /><G73/><T59/><D59/><AGARI ba="0,1" hai="9,13,19,50,55,59,76,79" m="37962,12743" machi="59" ten="30,2000,0" yaku="8,1,54,1" doraHai="77" who="3" fromWho="0" sc="201,-20,250,0,289,0,250,30" /><INIT seed="2,0,0,0,5,0" ten="181,250,289,280" oya="2" hai0="49,68,90,100,61,133,135,47,72,81,37,7,38" hai1="130,116,42,50,111,23,16,43,64,11,57,26,19" hai2="9,10,30,21,105,74,134,117,88,31,112,27,54" hai3="77,82,28,18,3,13,85,53,86,46,99,58,60"/><V22/><F112/><W75/><G3/><T96/><D68/><U51/><E116/><V5/><F74/><W131/><G131/><T65/><D90/><U97/><E111/><V95/><F105/><W76/><G28/><T71/><D49/><U120/><E120/><V114/><F117/><W29/><G29/><T119/><D119/><U125/><E125/><V2/><F134/><N who="0" m="51210" /><D47/><U107/><E130/><V92/><F10/><W6/><G99/><T126/><D126/><U33/><E33/><V103/><F103/><W128/><G128/><T94/><D7/><U83/><E107/><V93/><F114/><W15/><G46/><T44/><D44/><U73/><E73/><V34/><F54/><W48/><G48/><N who="1" m="18474" /><E83/><V55/><F55/><W52/><G53/><T4/><D81/><U118/><E97/><V108/><F108/><W63/><G60/><T91/><D72/><U24/><E118/><V123/><F123/><W78/><G75/><T32/><D32/><U17/><E24/><V67/><F67/><W36/><G82/><T12/><D100/><U25/><E25/><V41/><F41/><N who="1" m="15369" /><E11/><AGARI ba="0,0" hai="4,11,12,37,38,61,65,71,91,94,96" m="51210" machi="11" ten="30,2000,0" yaku="20,1,52,1" doraHai="0" who="0" fromWho="1" sc="181,20,250,-20,289,0,280,0" /><INIT seed="3,0,0,5,1,48" ten="201,230,289,280" oya="3" hai0="97,75,44,76,51,106,33,112,19,54,53,115,23" hai1="26,9,102,105,67,114,91,31,96,128,126,47,70" hai2="3,25,129,1,80,0,74,34,21,6,18,107,113" hai3="118,20,63,60,121,57,68,46,117,125,8,62,99"/><W79/><G121/><T43/><D33/><U59/><E114/><N who="0" m="43561" /><D75/><U101/><E128/><V123/><F107/><W55/><G79/><T39/><D76/><U104/><E126/><V15/><F80/><W69/><G125/><T109/><D109/><U135/><E135/><V72/><F113/><W111/><G111/><T45/><D106/><U134/><E134/><V130/><F74/><W89/><G46/><T17/><D97/><U108/><E108/><V92/><F92/><W41/><G41/><N who="0" m="22591" /><D19/><U77/><E77/><V93/><F93/><W42/><G42/><T120/><D120/><U14/><E91/><V103/><F103/><W84/><G99/><T110/><D110/><U78/><E78/><V88/><F88/><W98/><G98/><T56/><D56/><U36/><E102/><V83/><F83/><W40/><G40/><T64/><D64/><U66/><E59/><V37/><F37/><W87/><G87/><T50/><D51/><U86/><E86/><V119/><F72/><W90/><G89/><T85/><D85/><U5/><E105/><V95/><F95/><W12/><G90/><T11/><D11/><U49/><E36/><V22/><F123/><W38/><G84/><T71/><D71/><N who="3" m="27209" /><G38/><T2/><D2/><U61/><E67/><V81/><F81/><W30/><G30/><T52/><D17/><U16/><E16/><N who="2" m="12455" /><F34/><W133/><G133/><T73/><D73/><U116/><E49/><V124/><F124/><W7/><G20/><AGARI ba="0,0" hai="20,23,43,45,50,52,53,54" m="22591,43561" machi="20" ten="30,8000,1" yaku="11,1,52,3,54,1" doraHai="48" who="0" fromWho="3" sc="201,80,230,0,289,0,280,-80" /><INIT seed="4,0,0,4,2,34" ten="281,230,289,200" oya="0" hai0="49,113,106,29,41,26,118,17,124,107,105,14,75" hai1="134,132,47,4,21,60,20,93,99,51,8,50,83" hai2="53,36,59,131,84,98,37,68,54,135,28,52,73" hai3="23,92,102,3,38,12,25,121,100,110,16,133,88"/><T58/><D118/><U5/><E60/><V31/><F73/><W82/><G38/><T2/><D113/><U112/><E112/><V11/><F68/><W63/><G110/><T86/><D124/><U101/><E4/><V27/><F135/><W90/><G133/><T71/><D75/><U32/><E32/><V111/><F111/><W24/><G121/><T130/><D71/><U76/><E51/><V0/><F59/><W114/><G3/><T95/><D130/><U43/><E134/><V104/><F84/><N who="3" m="50199" /><G63/><T119/><D119/><U81/><E81/><V89/><F28/><W97/><G114/><T87/><D2/><U116/><E116/><V6/><F131/><W103/><AGARI ba="0,0" hai="12,16,23,24,25,90,92,97,100,102,103" m="50199" machi="103" ten="30,4000,0" yaku="8,1,54,2" doraHai="34" who="3" fromWho="3" sc="281,-20,230,-10,289,-10,200,40" /><INIT seed="5,0,0,0,4,106" ten="261,220,279,240" oya="1" hai0="117,23,42,30,49,55,87,110,3,65,78,102,90" hai1="39,46,18,114,59,123,126,16,22,32,72,95,66" hai2="33,28,69,107,73,70,62,100,56,37,127,57,130" hai3="83,6,125,10,53,116,41,58,8,80,27,92,12"/><U120/><E32/><V0/><F127/><W94/><G125/><T104/><D117/><U128/><E126/><V63/><F37/><W122/><G122/><T101/><D3/><U115/><E128/><V85/><F85/><W13/><G41/><T26/><D110/><U77/><E95/><N who="3" m="36394" /><G27/><T7/><D104/><U50/><E39/><V96/><F0/><W29/><G29/><T15/><D65/><U24/><E18/><V35/><F107/><W20/><G20/><T68/><D68/><U43/><E66/><V84/><F84/><W1/><G1/><T71/><D71/><U45/><E59/><V89/><F89/><W74/><G74/><T25/><D25/><U98/><E45/><V2/><F2/><W109/><G109/><T31/><D31/><U52/><E43/><V64/><F28/><W82/><G116/><T131/><D131/><U34/><E98/><V93/><F73/><W4/><G82/><N who="0" m="47575" /><D90/><U113/><E34/><V97/><F130/><W135/><G135/><T61/><D61/><AGARI ba="0,0" hai="4,6,8,10,12,13,53,58,61,80,83" m="36394" machi="61" ten="30,1000,0" yaku="8,1" doraHai="106" who="3" fromWho="0" sc="261,-10,220,0,279,0,240,10" /><INIT seed="6,0,0,0,0,71" ten="251,220,279,250" oya="2" hai0="22,68,48,20,58,46,102,100,18,11,119,76,113" hai1="35,31,37,62,54,0,89,81,96,131,95,69,98" hai2="127,135,49,116,64,106,133,99,120,126,88,44,112" hai3="59,45,9,15,57,117,129,118,12,130,8,16,3"/><V83/><F116/><W23/><G45/><T115/><D119/><N who="3" m="45577" /><G57/><T17/><D68/><U67/><E131/><N who="3" m="50186" /><G59/><T121/><D76/><U7/><E35/><V80/><F64/><W111/><G111/><T29/><D121/><U105/><E31/><V108/><F112/><N who="0" m="43082" /><D58/><U134/><E134/><N who="2" m="51211" /><F108/><W70/><G70/><T30/><D11/><N who="3" m="4169" /><G3/><T110/><D110/><U47/><E0/><V34/><F120/><W63/><G63/><T74/><D74/><U75/><E75/><V92/><F106/><W93/><G93/><T33/><D46/><U66/><E66/><V109/><F109/><W123/><G123/><T4/><D48/><U77/><E105/><V40/><F34/><W26/><AGARI ba="0,0" hai="12,15,16,23,26" m="4169,50186,45577" machi="26" ten="40,8000,1" yaku="19,1,34,2,54,1" doraHai="71" who="3" fromWho="3" sc="251,-20,220,-20,279,-40,250,80" /><INIT seed="7,0,0,4,3,54" ten="231,200,239,330" oya="3" hai0="104,79,65,119,109,51,56,108,13,52,117,125,63" hai1="80,94,2,61,60,43,72,3,130,90,102,41,5" hai2="70,107,106,0,88,1,47,21,120,87,66,122,76" hai3="123,132,23,68,101,93,89,105,20,96,135,10,25"/><W34/><G68/><N who="0" m="42047" /><D104/><N who="2" m="39978" /><F47/><W99/><G123/><N who="2" m="47145" /><F21/><W14/><G34/><T50/><D79/><U48/><E130/><V111/><F76/><W85/><G99/><T16/><D13/><U128/><E128/><V33/><F33/><W55/><G25/><T26/><D16/><U133/><E133/><N who="3" m="51274" /><G55/><N who="0" m="31863" /><D26/><U6/><E102/><V57/><F70/><W31/><G31/><T73/><D73/><U91/><E80/><N who="2" m="49255" /><F111/><N who="0" m="42570" /><D125/><U18/><E18/><AGARI ba="0,0" hai="10,14,18,20,23,85,89,93,96,101,105" m="51274" machi="18" ten="30,1500,0" yaku="20,1" doraHai="54" who="3" fromWho="1" sc="231,0,200,-15,239,0,330,15" owari="231,-17.0,185,-31.0,239,4.0,345,44.0" /></mjloggm>