<mjloggm ver="2.3"><GO type="169" lobby="0"/><UN n0="%E3%82%86%E3%81%86%E3%81%95%E3%81%8F%EF%BD%90" n1="%E3%82%84%E3%81%BE%E3%81%8B%E3%81%84" n2="%54%6F%6B%75%63%68%69" n3="%E3%83%89%E3%83%B3%E3%82%AB%E3%83%A9%E3%82%B9" dan="16,16,17,16" rate="2073.95,2153.19,2187.09,2083.67" sx="M,M,M,M"/><TAIKYOKU oya="0"/><INIT seed="0,0,0,5,4,60" ten="250,250,250,250" oya="0" hai0="18,38,56,78,53,33,113,39,100,111,77,57,13" hai1="54,123,114,112,5,109,31,86,101,49,94,1,15" hai2="72,34,73,103,98,51,36,92,102,83,65,91,40" hai3="75,30,107,82,128,126,47,97,14,80,117,67,118"/><T115/><D33/><U66/><E123/><V63/><F36/><W50/><G126/><T93/><D111/><U69/><E1/><V8/><F34/><W62/><G128/><T132/><D132/><U68/><E31/><V70/><F8/><W19/><G30/><T59/><D53/><U28/><E28/><V122/><F122/><W29/><G29/><T96/><D115/><N who="1" m="44075" /><E109/><V105/><F103/><W41/><G107/><T43/><D113/><U58/><E66/><V7/><F7/><W6/><G97/><T125/><D125/><U3/><E3/><V24/><F24/><W89/><G6/><T85/><D43/><U20/><E101/><V2/><F2/><W95/><G118/><T108/><D108/><U71/><E20/><V121/><F121/><W119/><G119/><T87/><D39/><U74/><E74/><V9/><F9/><W45/><G75/><T23/><REACH who="0" step="1"/><D38/><REACH who="0" ten="240,250,250,250" step="2"/><U64/><E54/><V135/><F135/><W11/><G117/><T32/><D32/><U79/><E71/><V16/><F70/><W124/><G124/><T131/><D131/><U4/><E69/><V17/><F40/><W133/><G133/><T52/><D52/><U110/><E68/><V127/><F127/><W35/><G35/><T44/><D44/><U116/><E110/><V0/><F51/><W10/><G47/><T76/><AGARI ba="0,1" hai="13,18,23,56,57,59,76,77,78,85,87,93,96,100" machi="76" ten="30,6000,0" yaku="1,1,0,1,8,1,53,0" doraHai="60" doraHaiUra="129" who="0" fromWho="0" sc="240,70,250,-20,250,-20,250,-20" /><INIT seed="0,1,0,2,3,19" ten="310,230,230,230" oya="0" hai0="61,0,135,49,82,129,35,102,33,81,65,62,110" hai1="21,15,43,34,87,80,37,116,78,127,90,70,86" hai2="125,60,76,126,77,95,134,66,93,71,54,119,59" hai3="20,122,94,50,120,8,9,131,64,22,32,100,67"/><T12/><D0/><U72/><E116/><V114/><F114/><W73/><G32/><T83/><D129/><U57/><E70/><V68/><F119/><W85/><G73/><T103/><D135/><U74/><E34/><V51/><F134/><W79/><G131/><T132/><D132/><U40/><E127/><N who="2" m="48651" /><F71/><W63/><G50/><T107/><D110/><U113/><E113/><V36/><F36/><W118/><G118/><T121/><D121/><N who="3" m="46697" /><G100/><T104/><D49/><U55/><E37/><V2/><F2/><W45/><G45/><T47/><D47/><U97/><E97/><V130/><F130/><W128/><G128/><T23/><D65/><N who="3" m="25161" /><G63/><T38/><D38/><U6/><E74/><V46/><F46/><W18/><G94/><AGARI ba="1,0" hai="51,54,59,60,66,68,76,77,93,94,95" m="48651" machi="94" ten="30,1000,0" yaku="18,1" doraHai="19" who="2" fromWho="3" sc="310,0,230,0,230,13,230,-13" /><INIT seed="1,0,0,3,5,59" ten="310,230,243,217" oya="1" hai0="38,9,126,40,55,8,78,113,61,67,66,135,123" hai1="15,107,98,12,22,65,6,32,21,97,23,90,53" hai2="46,64,108,14,56,100,102,132,80,81,77,96,91" hai3="5,105,82,122,27,10,47,28,31,125,133,25,127"/><U60/><E32/><V39/><F108/><W58/><G105/><T75/><D113/><U13/><E53/><V69/><F69/><W71/><G71/><T37/><D126/><U111/><E111/><V74/><F132/><W70/><G70/><T118/><D135/><U4/><E107/><V20/><F39/><W41/><G133/><T88/><D118/><U115/><E115/><V11/><F20/><W116/><G116/><T45/><D123/><U103/><E103/><V63/><F46/><W106/><G106/><T0/><D88/><U52/><E65/><V79/><F91/><W54/><G82/><N who="0" m="45407" /><D9/><U87/><E98/><V34/><F34/><W76/><G76/><T26/><D26/><U18/><E18/><V121/><F96/><W129/><G27/><T36/><D55/><U84/><E97/><V48/><F48/><N who="3" m="26735" /><G25/><T104/><D104/><U3/><E3/><V2/><F2/><N who="3" m="311" /><G122/><T1/><D67/><U109/><E109/><V73/><REACH who="2" step="1"/><F121/><REACH who="2" ten="310,230,233,217" step="2"/><W112/><G112/><T33/><D33/><U124/><E124/><N who="3" m="47690" /><G129/><T130/><D130/><U94/><REACH who="1" step="1"/><E87/><REACH who="1" ten="310,220,233,217" step="2"/><V30/><F30/><W134/><G134/><T95/><D0/><U92/><E92/><V24/><F24/><W16/><G28/><T85/><D95/><U35/><E35/><V128/><F128/><W101/><G31/><T17/><D85/><U19/><E19/><AGARI ba="0,2" hai="11,14,19,56,63,64,73,74,77,79,80,81,100,102" machi="19" ten="30,7700,0" yaku="1,1,7,1,9,1,52,1,53,0" doraHai="59" doraHaiUra="83" who="2" fromWho="1" sc="310,0,220,-77,233,97,217,0" /><INIT seed="2,0,0,0,2,43" ten="310,143,330,217" oya="2" hai0="90,120,64,42,132,41,38,8,10,18,71,91,127" hai1="46,126,57,112,74,86,122,55,62,106,34,59,30" hai2="98,124,102,67,78,9,49,40,56,52,75,23,11" hai3="24,115,33,93,66,54,26,17,21,53,73,123,107"/><V104/><F124/><W47/><G123/><T80/><D127/><U13/><E74/><V110/><F67/><W130/><G107/><T95/><D132/><U94/><E126/><V113/><F113/><W6/><G115/><T31/><D64/><U77/><E106/><V39/><F110/><W65/><G73/><T82/><D31/><U101/><E112/><V50/><F39/><W100/><G130/><T27/><D27/><U99/><E122/><V14/><F78/><W1/><G1/><T125/><D125/><U79/><E34/><V44/><F75/><W72/><G6/><T5/><D5/><U28/><E59/><V36/><F23/><W97/><G72/><T58/><D58/><U105/><E105/><V69/><F69/><W63/><G54/><T84/><D71/><U129/><E129/><V16/><F11/><W3/><G3/><T0/><D0/><U109/><E109/><V118/><REACH who="2" step="1"/><F36/><REACH who="2" ten="310,143,320,217" step="2"/><W37/><G37/><T76/><D120/><U117/><E77/><V25/><F25/><W7/><G66/><T51/><D38/><U134/><E79/><V12/><F12/><W60/><G65/><T92/><D8/><U48/><E13/><V96/><F96/><W114/><G114/><T89/><D76/><U128/><E128/><V83/><F83/><W135/><G26/><T68/><D68/><U81/><E134/><V119/><AGARI ba="0,1" hai="9,14,16,40,44,49,50,52,56,98,102,104,118,119" machi="119" ten="30,12000,1" yaku="1,1,0,1,52,1,54,2,53,0" doraHai="43" doraHaiUra="121" who="2" fromWho="2" sc="310,-40,143,-40,320,130,217,-40" /><INIT seed="2,1,0,0,1,135" ten="270,103,450,177" oya="2" hai0="130,25,61,21,35,96,120,57,47,126,119,46,121" hai1="1,3,48,79,82,83,42,108,50,71,11,5,65" hai2="106,90,37,53,110,70,89,17,102,36,80,111,81" hai3="13,115,109,131,49,104,20,103,2,58,43,10,64"/><V38/><F70/><W40/><G104/><T99/><D35/><U117/><E108/><N who="2" m="41515" /><F53/><W101/><G2/><T107/><D130/><U78/><E117/><V23/><F102/><W4/><G131/><T16/><D119/><U54/><E3/><V59/><F59/><W24/><G115/><T128/><D128/><U34/><E34/><V32/><F106/><W29/><G109/><T7/><D121/><U33/><E33/><V52/><F52/><N who="3" m="32015" /><G64/><T113/><D113/><U41/><E65/><V134/><F32/><W62/><G62/><T116/><D116/><U44/><E71/><V27/><F134/><W88/><G88/><AGARI ba="1,0" hai="17,23,27,36,37,38,80,81,88,89,90" m="41515" machi="88" ten="40,7700,0" yaku="14,1,10,1,54,1" doraHai="135" who="2" fromWho="3" sc="270,0,103,0,450,80,177,-80" /><INIT seed="2,2,0,0,2,108" ten="270,103,530,97" oya="2" hai0="68,21,126,28,35,63,26,91,25,31,122,43,115" hai1="33,109,134,92,84,120,98,82,37,119,123,14,85" hai2="64,110,4,77,97,73,32,104,87,76,132,128,125" hai3="59,90,42,44,83,75,12,66,112,58,13,131,69"/><V53/><F32/><W24/><G131/><T127/><D122/><N who="1" m="46635" /><E37/><V89/><F64/><W11/><G69/><T94/><D43/><U49/><E33/><V9/><F132/><W74/><G24/><T107/><D107/><U39/><E39/><V70/><F70/><W18/><G66/><T105/><D105/><U47/><E14/><V121/><F125/><N who="0" m="47626" /><D63/><U96/><E109/><V50/><F128/><W29/><G29/><T23/><D68/><U45/><E119/><V15/><F110/><W79/><G75/><T130/><D130/><U5/><E5/><V71/><F73/><W113/><G90/><T95/><D115/><N who="3" m="44105" /><G13/><T99/><D94/><U61/><E61/><V117/><F71/><W100/><G100/><T16/><D35/><U80/><E134/><V67/><F117/><W102/><G102/><T17/><AGARI ba="2,0" hai="16,17,21,23,25,26,28,31,91,95,99" m="47626" machi="17" ten="30,2000,0" yaku="18,1,54,1" doraHai="108" who="0" fromWho="0" sc="270,26,103,-7,530,-12,97,-7" /><INIT seed="3,0,0,0,0,34" ten="296,96,518,90" oya="3" hai0="91,130,97,107,1,76,118,44,115,64,89,119,71" hai1="50,45,94,4,0,55,77,79,121,131,82,9,112" hai2="10,100,5,126,104,25,40,24,95,92,48,81,19" hai3="85,125,54,20,133,17,78,32,128,69,135,41,62"/><W21/><G32/><T105/><D1/><U124/><E124/><V68/><F104/><W111/><G41/><T134/><D44/><U15/><E131/><V61/><F126/><W59/><G125/><T123/><D64/><U42/><E112/><V67/><F81/><N who="3" m="47287" /><G128/><T113/><D71/><U122/><E94/><V18/><F25/><W35/><G35/><T127/><D127/><U87/><E79/><V58/><F24/><W53/><G69/><T26/><D26/><U86/><E86/><V56/><F68/><W66/><G21/><T6/><D6/><U110/><E110/><V11/><F11/><W22/><G20/><T27/><D27/><U14/><REACH who="1" step="1"/><E42/><REACH who="1" ten="296,86,518,90" step="2"/><V101/><F95/><W30/><G111/><T31/><D130/><U96/><E96/><V28/><F92/><W7/><G30/><T129/><D129/><U74/><E74/><V88/><F28/><W16/><G135/><T43/><D31/><U93/><E93/><V72/><F72/><W29/><G29/><T51/><D134/><U116/><E116/><V132/><F132/><W49/><G133/><T47/><D76/><U39/><E39/><V37/><F37/><W2/><G2/><T23/><D115/><U70/><E70/><V52/><F40/><W108/><G108/><T109/><D113/><U120/><AGARI ba="0,1" hai="0,4,9,14,15,45,50,55,77,82,87,120,121,122" machi="120" ten="30,4000,0" yaku="1,1,0,1,52,1,53,0" doraHai="34" doraHaiUra="102" who="1" fromWho="1" sc="296,-10,86,50,518,-10,90,-20" /><INIT seed="4,0,0,3,3,94" ten="286,136,508,70" oya="0" hai0="130,90,47,112,72,36,28,108,83,3,124,48,73" hai1="107,51,25,88,64,12,46,95,1,118,44,110,77" hai2="53,133,59,86,87,7,34,135,63,33,31,27,55" hai3="15,68,97,115,96,5,14,99,121,89,37,132,32"/><T109/><D112/><U17/><E110/><N who="0" m="42601" /><D124/><U41/><E1/><V9/><F34/><W119/><G119/><T126/><D126/><U6/><E107/><V57/><F87/><W20/><G32/><T60/><D130/><U92/><E77/><V70/><F86/><W40/><G68/><T106/><D3/><U129/><E129/><V104/><F104/><W26/><G115/><T43/><D28/><U30/><E6/><V128/><F70/><W82/><G132/><T91/><D106/><U65/><E92/><V101/><F101/><W67/><G67/><T11/><D11/><U100/><E100/><V29/><F29/><W39/><G121/><T131/><D131/><U122/><E46/><V79/><F79/><W71/><G71/><T58/><D48/><U8/><E118/><V66/><F128/><W19/><G5/><T13/><D13/><U93/><E93/><V102/><F102/><W80/><G39/><T78/><D72/><U54/><E41/><V81/><F81/><N who="3" m="31339" /><G40/><T61/><D61/><U4/><E4/><V56/><F63/><W74/><G37/><T117/><D117/><U111/><E122/><V18/><F133/><W134/><G74/><T98/><D60/><U10/><E10/><V84/><F135/><W113/><G113/><T103/><D58/><U62/><E62/><V38/><F59/><W76/><G134/><T23/><D23/><N who="1" m="15679" /><E111/><V16/><F57/><W0/><G0/><T114/><D114/><U50/><E50/><N who="2" m="30775" /><F38/><W42/><G42/><T105/><AGARI ba="0,0" hai="36,43,47,73,78,83,90,91,98,103,105" m="42601" machi="105" ten="30,3000,0" yaku="10,1,52,1" doraHai="94" who="0" fromWho="0" sc="286,30,136,-10,508,-10,70,-10" /><INIT seed="4,1,0,2,2,121" ten="316,126,498,60" oya="0" hai0="76,111,110,7,13,101,104,63,88,32,1,2,72" hai1="4,42,27,71,127,28,3,91,49,107,77,117,113" hai2="21,79,85,106,103,112,61,119,81,75,133,116,26" hai3="29,41,73,11,51,123,66,82,52,14,118,25,37"/><T58/><D32/><U6/><E117/><V20/><F133/><W122/><G118/><N who="2" m="45097" /><F112/><W74/><G66/><T70/><D13/><U16/><E107/><V115/><F115/><W130/><G41/><T17/><D17/><U48/><E71/><V34/><F103/><W100/><G37/><T44/><D88/><U109/><E77/><V59/><F106/><W56/><G100/><T97/><D44/><U47/><E127/><V80/><F34/><W38/><G38/><T114/><D58/><U62/><E62/><V96/><F96/><W99/><G99/><T83/><D114/><U10/><E6/><V135/><F135/><W67/><G67/><N who="0" m="41343" /><D7/><U128/><E113/><V53/><F26/><W87/><G130/><T131/><D131/><U0/><E0/><AGARI ba="1,0" hai="0,1,2,72,76,83,97,101,104,110,111" m="41343" machi="0" ten="30,5800,0" yaku="23,1,52,2" doraHai="121" who="0" fromWho="1" sc="316,61,126,-61,498,0,60,0" /><INIT seed="4,2,0,0,5,77" ten="377,65,498,60" oya="0" hai0="84,46,71,118,89,104,86,88,109,51,31,65,8" hai1="37,80,102,27,61,34,56,73,103,123,129,125,18" hai2="92,133,116,78,42,135,64,79,25,43,95,94,58" hai3="131,52,63,127,7,55,81,97,130,93,126,110,60"/><T38/><D118/><U113/><E123/><V29/><F116/><W82/><G7/><T83/><D109/><U74/><E37/><V11/><F11/><W75/><G75/><T5/><D104/><U47/><E47/><V115/><F115/><W87/><G87/><T67/><D38/><U36/><E36/><V62/><F79/><W128/><G110/><T39/><D31/><U21/><E113/><V76/><F78/><W99/><G93/><T132/><D132/><N who="2" m="50762" /><F76/><W124/><G63/><T100/><D100/><U3/><E3/><V85/><F85/><W6/><G6/><T59/><D59/><U22/><E125/><V26/><F26/><W24/><G24/><T49/><D39/><U15/><E34/><AGARI ba="2,0" hai="25,29,34,42,43,58,62,64,92,94,95" m="50762" machi="34" ten="30,1000,0" yaku="20,1" doraHai="77" who="2" fromWho="1" sc="377,0,65,-16,498,16,60,0" /><INIT seed="5,0,0,1,4,63" ten="377,49,514,60" oya="1" hai0="131,65,77,55,122,5,112,56,53,89,104,52,25" hai1="81,54,72,134,23,66,6,19,32,64,109,118,67" hai2="83,24,47,16,1,133,68,7,87,70,9,82,128" hai3="29,126,0,4,35,98,15,21,8,102,86,132,73"/><U60/><E109/><V18/><F133/><W50/><G73/><T30/><D112/><U17/><E118/><V44/><F83/><W37/><G37/><T62/><D131/><U42/><E32/><V36/><F128/><W39/><G39/><T43/><D122/><U84/><E134/><V20/><F18/><W124/><G132/><T31/><D104/><U80/><E42/><V113/><F113/><W93/><G50/><T22/><D77/><U58/><E6/><V135/><F135/><W107/><G107/><T11/><D43/><U130/><E130/><V95/><F95/><W38/><G38/><T33/><D89/><U49/><E72/><V91/><F36/><W79/><G79/><T85/><D85/><U14/><E19/><V129/><F129/><W28/><G86/><T108/><D108/><U101/><E101/><V78/><F91/><W110/><G110/><T46/><D46/><N who="1" m="27959" /><E81/><V90/><F90/><AGARI ba="0,0" hai="14,17,23,58,60,64,66,67,80,84,90" m="27959" machi="90" ten="30,11600,0" yaku="8,1,52,3" doraHai="63" who="1" fromWho="2" sc="377,0,49,116,514,-116,60,0" /><INIT seed="5,1,0,1,1,121" ten="377,165,398,60" oya="1" hai0="81,7,91,68,10,129,75,22,27,116,33,118,41" hai1="109,92,101,117,97,96,128,115,61,34,135,66,106" hai2="30,127,4,85,62,8,131,51,71,14,21,95,105" hai3="130,48,12,58,78,67,39,0,133,26,93,111,107"/><U119/><E115/><V113/><F105/><W94/><G0/><N who="0" m="359" /><D91/><U25/><E128/><V55/><F131/><W3/><G3/><T86/><D86/><U76/><E76/><V47/><F113/><W70/><G107/><T13/><D129/><U112/><E112/><V87/><F127/><W132/><G39/><T52/><D52/><U98/><E135/><V20/><F71/><W46/><G130/><T16/><D41/><U24/><E97/><V110/><F110/><W28/><G12/><T31/><D68/><N who="1" m="42063" /><E25/><V18/><F62/><N who="3" m="38359" /><G78/><AGARI ba="1,0" hai="13,16,22,27,31,33,75,78,81,116,118" m="359" machi="78" ten="30,2000,0" yaku="24,1,54,1" doraHai="121" who="0" fromWho="3" sc="377,23,165,0,398,0,60,-23" /><INIT seed="6,0,0,1,2,25" ten="400,165,398,37" oya="2" hai0="42,48,11,23,111,122,105,100,18,15,5,55,47" hai1="106,3,61,94,70,93,75,26,41,89,82,59,54" hai2="31,45,85,99,96,37,39,33,83,53,46,130,109" hai3="86,71,84,126,27,112,114,121,73,9,127,78,79"/><V62/><F130/><W116/><G27/><T8/><D122/><U72/><E106/><V24/><F109/><W63/><G9/><T67/><D111/><U7/><E41/><V17/><F17/><W110/><G63/><T133/><D133/><U104/><E104/><V32/><F32/><W1/><G71/><T113/><D113/><N who="3" m="43625" /><G1/><T120/><D120/><U134/><E134/><V115/><F115/><W107/><G121/><T98/><D67/><U135/><E135/><V35/><F35/><W81/><G110/><T77/><D77/><N who="3" m="29193" /><G116/><T90/><D90/><U66/><E89/><V76/><F46/><W117/><G117/><T16/><D8/><U44/><E26/><V64/><F37/><W118/><G118/><T101/><D101/><U58/><E3/><V123/><F123/><W28/><G28/><T19/><D55/><U4/><E54/><V13/><F13/><AGARI ba="0,0" hai="5,11,13,15,16,18,19,23,42,47,48,98,100,105" machi="13" ten="30,2000,0" yaku="7,1,54,1" doraHai="25" who="0" fromWho="2" sc="400,20,165,0,398,-20,37,0" /><INIT seed="7,0,0,2,0,113" ten="420,165,378,37" oya="3" hai0="8,122,131,83,20,16,46,0,85,57,88,109,56" hai1="36,112,93,95,116,14,87,42,71,60,74,104,90" hai2="59,101,117,44,79,19,55,132,2,129,18,34,15" hai3="49,40,77,35,97,92,45,62,47,17,91,76,69"/><W37/><G35/><T126/><D109/><U10/><E104/><V63/><F2/><W111/><G111/><T26/><D122/><U65/><E74/><V29/><F132/><W114/><G114/><T81/><D131/><U134/><E134/><V7/><F7/><W106/><G106/><T72/><D126/><U6/><E112/><V96/><F129/><W32/><G32/><T51/><D0/><U78/><E78/><V115/><F79/><W30/><G30/><N who="0" m="17735" /><D72/><U27/><E27/><V125/><F125/><W41/><G69/><T135/><D135/><U89/><E116/><V1/><F1/><W21/><REACH who="3" step="1"/><G62/><REACH who="3" ten="420,165,378,27" step="2"/><T107/><D107/><U39/><E42/><V118/><F115/><W66/><G66/><T11/><D16/><U12/><E12/><AGARI ba="0,1" hai="12,17,21,37,40,41,45,47,49,76,77,91,92,97" machi="12" ten="30,2900,0" yaku="1,1,7,1,53,0" doraHai="113" doraHaiUra="52" who="3" fromWho="1" sc="420,0,165,-29,378,0,27,39" /><INIT seed="7,1,0,4,1,55" ten="420,136,378,66" oya="3" hai0="60,130,68,8,98,30,79,77,50,4,93,25,111" hai1="71,87,13,33,99,105,75,0,28,82,133,97,109" hai2="38,76,92,88,128,84,72,132,134,65,122,21,106" hai3="135,39,23,27,52,15,90,89,32,49,57,125,118"/><W81/><G118/><T63/><D111/><U40/><E0/><V62/><F38/><W95/><G125/><T29/><D130/><U114/><E109/><V123/><F21/><W69/><G69/><T20/><D30/><U12/><E40/><V116/><F128/><W119/><G119/><T9/><D50/><U103/><E75/><V3/><F3/><W107/><G107/><T45/><D45/><U120/><E120/><N who="2" m="46123" /><F116/><W85/><G135/><N who="2" m="51753" /><F106/><W112/><G112/><T96/><D96/><U66/><E99/><V101/><F101/><W48/><G32/><T14/><D8/><U18/><E114/><V61/><F65/><W67/><G67/><T131/><D131/><U121/><E121/><V37/><F37/><W56/><G15/><T58/><D68/><U78/><E13/><V42/><F42/><W44/><G39/><T86/><D86/><U80/><E87/><V102/><F102/><W53/><G44/><T91/><D63/><N who="2" m="24074" /><F76/><N who="3" m="46247" /><G95/><T10/><D10/><U36/><E36/><V74/><AGARI ba="1,0" hai="72,74,84,88,92" m="24074,51753,46123" machi="74" ten="40,5200,0" yaku="13,1,20,1,54,1" doraHai="55" who="2" fromWho="2" sc="420,-14,136,-14,378,55,66,-27" owari="406,21.0,122,-28.0,433,53.0,39,-46.0" /></mjloggm>