<mjloggm ver="2.3"><GO type="169" lobby="0"/><UN n0="%E5%85%B6%E7%82%BA%E5%8F%B3%E6%89%8B" n1="%E3%81%8D%E3%81%BF%E3%81%A9%E3%82%8A%E3%82%93" n2="%E3%82%AD%E3%83%B3%E3%82%B0%E3%81%82%E3%81%A4%E3%81%97" n3="%52%65%64%62%75%6C%6C" dan="16,17,17,18" rate="2151.10,2164.81,2191.52,2176.55" sx="M,F,M,F"/><TAIKYOKU oya="0"/><INIT seed="0,0,0,1,2,59" ten="250,250,250,250" oya="0" hai0="32,41,37,34,78,15,93,110,60,18,36,131,115" hai1="97,134,20,128,83,130,91,66,123,121,87,118,119" hai2="67,132,75,77,113,129,27,81,38,6,56,114,111" hai3="30,73,61,92,85,49,70,45,107,106,116,71,103"/><T117/><D115/><U79/><E66/><V69/><F38/><W25/><G116/><N who="1" m="44586" /><E20/><V98/><F69/><W29/><G73/><T33/><D117/><U4/><E4/><V16/><F6/><W51/><G85/><T63/><D131/><N who="1" m="50219" /><E134/><V100/><F132/><W57/><G30/><T94/><D78/><U19/><E19/><V17/><F129/><W55/><G70/><T74/><D74/><N who="1" m="43511" /><E97/><V13/><F27/><W24/><G71/><T35/><N who="0" m="8192" /><DORA hai="64" /><T68/><D110/><U127/><E127/><V76/><F111/><W108/><G25/><T5/><D5/><U135/><E135/><V99/><F99/><N who="3" m="59879" /><G51/><T42/><D68/><U9/><E9/><V10/><F76/><W88/><G24/><T133/><D133/><U7/><E7/><V40/><F40/><N who="0" m="15466" /><D15/><U109/><E109/><V89/><F13/><W62/><G49/><T28/><D18/><U58/><E58/><V72/><F10/><W90/><G57/><T52/><D28/><U53/><E53/><V47/><F16/><W84/><G55/><T43/><D52/><U105/><E105/><N who="2" m="63639" /><F17/><W96/><G106/><T126/><D126/><U1/><E1/><V101/><F56/><W31/><G107/><T11/><D11/><U50/><E50/><V112/><F112/><W120/><G108/><T124/><D124/><U95/><AGARI ba="0,0" hai="87,91,95,121,123" m="43511,50219,44586" machi="95" ten="30,4000,0" yaku="19,1,34,2" doraHai="59,64" who="1" fromWho="1" sc="250,-20,250,40,250,-10,250,-10" /><INIT seed="1,0,0,1,2,104" ten="230,290,240,240" oya="1" hai0="84,87,90,107,112,50,128,28,35,67,42,74,60" hai1="80,53,129,96,113,4,7,94,23,55,126,33,62" hai2="103,119,18,89,132,47,61,9,1,16,72,106,19" hai3="117,69,105,122,2,101,66,78,100,63,57,124,37"/><U134/><E113/><V48/><F119/><W15/><G2/><T91/><D107/><U29/><E33/><V26/><F132/><W99/><G100/><T44/><D112/><U43/><E134/><V3/><F72/><W110/><G122/><T56/><D128/><U24/><E126/><V31/><F9/><W108/><G37/><T77/><D35/><U38/><E129/><V97/><F89/><W82/><G124/><T8/><D28/><U68/><E68/><V25/><F61/><W76/><G117/><T17/><D74/><U22/><E22/><V93/><F106/><W40/><G40/><T51/><D51/><U59/><E55/><V6/><F6/><W70/><G15/><N who="0" m="7399" /><D84/><U98/><E98/><V64/><F64/><W118/><G78/><T49/><D49/><U116/><E116/><V73/><F73/><N who="3" m="43279" /><G118/><T5/><D5/><U115/><E115/><V46/><F26/><W111/><AGARI ba="0,0" hai="57,63,66,69,70,99,101,105,108,110,111" m="43279" machi="111" ten="30,2000,0" yaku="14,1,52,1" doraHai="104" who="3" fromWho="3" sc="230,-5,290,-10,240,-5,240,20" /><INIT seed="2,0,0,5,5,59" ten="225,280,235,260" oya="2" hai0="44,22,13,66,18,32,36,4,6,99,52,131,14" hai1="11,71,69,81,57,17,60,116,106,82,95,98,122" hai2="135,91,128,12,110,102,1,38,31,63,75,134,89" hai3="67,94,125,80,56,103,101,8,2,78,111,115,107"/><V61/><F1/><W33/><G33/><T132/><D32/><U35/><E116/><V74/><F38/><W113/><G2/><T43/><D131/><U0/><E106/><V24/><F102/><W105/><G8/><T68/><D132/><N who="2" m="50730" /><F12/><W93/><G56/><T58/><D99/><U104/><E35/><N who="2" m="20967" /><F128/><W49/><G49/><N who="0" m="30991" /><D14/><U26/><E104/><N who="3" m="40010" /><G67/><T127/><D127/><U65/><E122/><V121/><F121/><W28/><G28/><T48/><D48/><U15/><E0/><V73/><F110/><W119/><G119/><T25/><D13/><U20/><E71/><V39/><F39/><W77/><G111/><T114/><D114/><N who="3" m="43529" /><G125/><T50/><D50/><U118/><E69/><V40/><F40/><W86/><G78/><T87/><D4/><U123/><E118/><V41/><F41/><W84/><G84/><T9/><D87/><U21/><E123/><V96/><F96/><W124/><G124/><T100/><D6/><U108/><E108/><V85/><F85/><W51/><G51/><T72/><D68/><U133/><E133/><V54/><F54/><W42/><G42/><T79/><D66/><U53/><E21/><V109/><F109/><W62/><G103/><T47/><D100/><N who="1" m="60511" /><E53/><V64/><F64/><W88/><G101/><T117/><D117/><U126/><E126/><V83/><F89/><W34/><G34/><T70/><D70/><U16/><AGARI ba="0,0" hai="11,15,16,17,20,26,57,60,65,81,82" m="60511" machi="16" ten="30,4000,0" yaku="8,1,52,1,54,1" doraHai="59" who="1" fromWho="1" sc="225,-10,280,40,235,-20,260,-10" /><INIT seed="3,0,0,4,4,42" ten="215,320,215,250" oya="3" hai0="104,121,24,84,90,106,22,40,18,10,105,108,57" hai1="66,34,50,2,118,123,51,102,91,70,35,47,41" hai2="39,92,55,127,117,79,101,9,80,107,15,135,110" hai3="103,133,33,64,13,87,28,69,89,99,44,37,82"/><W71/><G133/><T130/><D121/><U75/><E123/><V112/><F117/><W6/><G6/><T11/><D108/><U49/><E2/><V115/><F110/><W93/><G13/><T5/><D130/><U26/><E75/><V8/><F39/><W68/><G33/><T85/><D40/><U52/><E118/><V7/><F107/><W126/><G28/><T128/><D128/><U129/><E129/><V109/><F109/><W132/><G132/><T27/><D27/><U111/><E111/><V29/><F135/><W63/><G126/><T73/><D73/><U76/><E76/><V65/><F127/><W25/><G25/><T125/><D125/><U21/><E102/><V83/><F65/><W38/><REACH who="3" step="1"/><G44/><REACH who="3" ten="215,320,215,240" step="2"/><T43/><D5/><U98/><E35/><V48/><F29/><W30/><G30/><T54/><D24/><U62/><E34/><V124/><F124/><W113/><G113/><T78/><D18/><U116/><E116/><V1/><F115/><W86/><G86/><T77/><D85/><U4/><E4/><V36/><F112/><W19/><G19/><T53/><D84/><U56/><E26/><V12/><F12/><W0/><G0/><T17/><D17/><U96/><E96/><V122/><F15/><W72/><G72/><T95/><D10/><U134/><E21/><V100/><F9/><W16/><G16/><T61/><D11/><U88/><E98/><V74/><F8/><W31/><G31/><T114/><D22/><U81/><E134/><V3/><F7/><W131/><G131/><T58/><D114/><RYUUKYOKU ba="0,1" sc="215,-10,320,-10,215,-10,240,30" hai3="37,38,63,64,68,69,71,82,87,89,93,99,103" /><INIT seed="3,1,1,4,5,45" ten="205,310,205,270" oya="3" hai0="31,21,22,76,99,81,32,39,20,69,72,14,59" hai1="97,4,9,94,3,112,118,88,36,122,26,91,51" hai2="125,48,33,27,63,28,120,71,104,23,132,68,113" hai3="130,46,101,128,106,74,52,123,115,62,127,107,75"/><W10/><G115/><T93/><D69/><U17/><E122/><V40/><F113/><W114/><G123/><T44/><D14/><U65/><E36/><V13/><F120/><W19/><G114/><T131/><D131/><N who="3" m="50217" /><G127/><T86/><D72/><N who="3" m="27689" /><G101/><T42/><D59/><U129/><E129/><V100/><F125/><W111/><G111/><T126/><D126/><U103/><E112/><V79/><F100/><W7/><G19/><T37/><D37/><U85/><E65/><V35/><F28/><W87/><G87/><T96/><REACH who="0" step="1"/><D93/><REACH who="0" ten="195,310,205,270" step="2"/><U0/><E0/><V119/><F71/><W55/><G106/><T124/><D124/><U16/><E3/><V5/><F68/><W34/><G107/><T57/><D57/><U67/><E94/><V11/><F104/><W95/><G95/><T116/><D116/><U41/><E118/><V134/><F119/><W54/><G62/><T102/><D102/><U56/><E103/><V1/><F63/><W66/><G66/><T2/><D2/><U43/><E67/><V133/><F1/><N who="3" m="367" /><G34/><T18/><D18/><U108/><E16/><N who="2" m="12775" /><F79/><W105/><G105/><T92/><D92/><U109/><E17/><V29/><F29/><W60/><G60/><T38/><D38/><U84/><E109/><V61/><F61/><W89/><G89/><T53/><D53/><U8/><E91/><V6/><F6/><W50/><AGARI ba="1,2" hai="46,50,52,54,55" m="367,27689,50217" machi="50" ten="40,7800,0" yaku="19,1,52,1,54,1" doraHai="45" who="3" fromWho="3" sc="195,-27,310,-27,205,-27,270,101" /><INIT seed="3,2,0,0,3,0" ten="168,283,178,371" oya="3" hai0="55,97,50,89,73,28,42,78,123,122,82,116,130" hai1="25,54,108,20,29,72,2,26,47,70,87,6,85" hai2="96,88,31,34,133,84,23,126,66,61,43,38,74" hai3="95,124,101,111,103,119,125,67,58,134,46,16,30"/><W32/><G119/><T68/><D116/><U27/><E70/><V112/><F112/><W57/><G32/><T109/><D68/><U22/><E72/><V92/><F74/><W63/><G30/><T71/><D71/><U17/><E108/><V118/><F118/><W9/><G134/><T56/><D109/><U86/><E27/><V81/><F126/><W90/><G111/><T115/><D115/><U132/><E132/><V33/><F133/><W113/><G113/><T52/><D130/><U1/><E1/><V83/><F38/><W49/><G58/><T104/><D42/><U79/><E2/><V93/><F43/><W120/><G120/><T135/><D135/><U35/><E35/><V98/><F23/><W8/><G124/><T3/><D3/><U5/><E79/><V53/><F53/><W75/><G75/><T51/><D28/><U37/><REACH who="1" step="1"/><E54/><REACH who="1" ten="168,273,178,371" step="2"/><V48/><F34/><W45/><G125/><T59/><REACH who="0" step="1"/><D89/><REACH who="0" ten="158,273,178,371" step="2"/><U39/><E39/><V106/><F88/><W13/><G90/><T7/><D7/><U131/><E131/><V18/><F96/><W99/><G99/><T128/><D128/><U117/><E117/><V114/><F98/><W62/><G101/><AGARI ba="2,2" hai="50,51,52,55,56,59,73,78,82,97,101,104,122,123" machi="101" ten="40,5200,0" yaku="1,1,9,1,54,1,53,0" doraHai="0" doraHaiUra="11" who="0" fromWho="3" sc="158,78,273,0,178,0,371,-58" /><INIT seed="4,0,0,1,2,63" ten="236,273,178,313" oya="0" hai0="82,43,68,17,78,52,90,114,132,29,8,32,133" hai1="1,65,106,27,86,70,22,49,121,6,113,5,79" hai2="117,30,66,115,112,84,109,128,39,61,124,2,18" hai3="88,26,60,104,75,134,16,33,74,81,62,0,127"/><T28/><D114/><N who="2" m="43562" /><F2/><W37/><G104/><T48/><D43/><U131/><E121/><V76/><F39/><W42/><G0/><T9/><D68/><U59/><E106/><V50/><F109/><W34/><G42/><T126/><D90/><U93/><E131/><V125/><F128/><W31/><G37/><T101/><D101/><U20/><E1/><V123/><F123/><W15/><G34/><T35/><D126/><N who="2" m="48746" /><F30/><W108/><G134/><N who="0" m="51819" /><D28/><U89/><E79/><V40/><F18/><W11/><G108/><T92/><D92/><U53/><E113/><V99/><F99/><W10/><G127/><T25/><D17/><U96/><E96/><V130/><F130/><W23/><G33/><T51/><D32/><U45/><E6/><V83/><F117/><W38/><G38/><T72/><D48/><U12/><E70/><N who="2" m="42319" /><F50/><W105/><G105/><T69/><D69/><U135/><E135/><V116/><F116/><W36/><G36/><T7/><D7/><U71/><E71/><V122/><F122/><W120/><G120/><T67/><D51/><U19/><E5/><V44/><F40/><W56/><G10/><T119/><D119/><U47/><E47/><AGARI ba="0,0" hai="44,47,76,83,84" m="42319,48746,43562" machi="47" ten="30,3900,0" yaku="15,1,18,1,52,1" doraHai="63" who="2" fromWho="1" sc="236,0,273,-39,178,39,313,0" /><INIT seed="5,0,0,2,0,22" ten="236,234,217,313" oya="1" hai0="71,8,33,101,37,104,2,38,114,96,35,27,42" hai1="116,17,67,15,109,123,107,112,135,94,117,65,46" hai2="124,45,111,6,64,21,102,105,73,1,108,81,128" hai3="92,63,49,4,44,90,99,74,23,51,78,84,98"/><U133/><E107/><V5/><F64/><N who="1" m="24649" /><E123/><V110/><F1/><W122/><G63/><T121/><D121/><U88/><E112/><V56/><F124/><W113/><G74/><T16/><D114/><U100/><E100/><V47/><F128/><W7/><G51/><T75/><D16/><U24/><E46/><V52/><F102/><W69/><G69/><T41/><D71/><U68/><E68/><V50/><F105/><W36/><G36/><N who="0" m="13931" /><D42/><U31/><E109/><V83/><F21/><W127/><G127/><T80/><D41/><U0/><E0/><V129/><F129/><W97/><G78/><N who="0" m="44127" /><D27/><U29/><E15/><V13/><F5/><AGARI ba="0,0" hai="2,5,8,33,35,96,101,104" m="44127,13931" machi="5" ten="30,2000,0" yaku="33,2" doraHai="22" who="0" fromWho="2" sc="236,20,234,0,217,-20,313,0" /><INIT seed="6,0,0,0,2,114" ten="256,234,197,313" oya="2" hai0="109,77,33,121,79,17,81,132,12,85,123,18,68" hai1="88,14,61,28,60,113,8,95,92,69,4,13,2" hai2="37,19,57,135,80,115,111,134,133,87,5,16,10" hai3="36,103,64,66,104,131,15,130,43,32,101,46,82"/><V91/><F115/><W25/><G15/><T122/><D68/><U118/><E118/><V22/><F37/><W26/><G82/><T110/><D33/><U93/><E113/><V34/><F34/><W89/><G89/><T62/><D62/><U9/><E28/><V56/><F111/><N who="0" m="42506" /><D18/><U86/><E2/><V49/><F49/><W42/><G104/><T51/><D17/><N who="2" m="6730" /><F22/><W96/><G96/><T0/><D12/><AGARI ba="0,0" hai="5,10,12,56,57,80,87,91,133,134,135" m="6730" machi="12" ten="30,2900,0" yaku="20,1,54,1" doraHai="114" who="2" fromWho="0" sc="256,-29,234,0,197,29,313,0" /><INIT seed="6,1,0,4,2,45" ten="227,234,226,313" oya="2" hai0="68,122,41,108,104,67,115,50,22,103,49,46,29" hai1="82,98,15,63,56,111,30,75,134,93,51,78,73" hai2="129,118,128,72,105,4,112,65,133,92,97,70,76" hai3="109,121,117,84,0,123,106,74,25,127,53,40,10"/><V124/><F118/><W61/><G40/><T90/><D122/><U21/><E111/><V125/><F4/><W95/><G84/><T34/><D108/><U81/><E134/><V23/><F112/><W48/><G95/><T19/><D115/><U55/><E75/><V85/><F70/><W66/><G74/><T83/><D34/><U135/><E82/><N who="2" m="45319" /><F65/><W1/><G106/><T110/><D29/><U39/><E39/><V42/><F42/><W9/><G109/><T62/><D110/><U14/><E135/><V87/><F105/><W132/><G117/><T37/><D103/><U114/><E114/><V119/><F23/><W44/><G132/><T26/><REACH who="0" step="1"/><D104/><REACH who="0" ten="217,234,226,313" step="2"/><U2/><E30/><V57/><F133/><W131/><G121/><T35/><D35/><U13/><E21/><V130/><F119/><W60/><G123/><T107/><D107/><U32/><E32/><V24/><F24/><W99/><G25/><T69/><D69/><U5/><E5/><V59/><F125/><W79/><G127/><T96/><D96/><U120/><E120/><V12/><F124/><W18/><G99/><T102/><D102/><U77/><E98/><V89/><F12/><W58/><G0/><T11/><D11/><U116/><E2/><V80/><F97/><W88/><G1/><T38/><D38/><U8/><E8/><V64/><F64/><W7/><G10/><T17/><D17/><U36/><E13/><V33/><F33/><W91/><G18/><T101/><D101/><U43/><E14/><V113/><F113/><W31/><G66/><T16/><D16/><RYUUKYOKU ba="1,1" sc="217,15,234,-15,226,15,313,-15" hai0="19,22,26,37,41,46,49,50,62,67,68,83,90" hai2="57,59,80,85,87,89,92,128,129,130" /><INIT seed="6,2,1,2,1,61" ten="232,219,241,298" oya="2" hai0="6,132,60,34,42,63,23,109,104,16,45,117,82" hai1="112,49,74,79,18,85,91,88,50,122,2,95,102" hai2="0,67,17,7,65,40,87,20,90,13,135,24,52" hai3="51,28,70,3,58,73,57,64,125,83,31,66,68"/><V15/><F135/><W80/><G51/><N who="0" m="27063" /><D104/><U35/><E112/><V4/><F40/><W111/><G3/><T119/><D34/><U47/><E122/><V99/><F99/><W46/><G46/><T11/><D109/><U41/><E35/><V32/><F52/><W36/><G73/><T106/><D106/><U9/><E102/><V25/><F25/><W120/><G125/><T98/><D98/><U26/><E91/><V107/><F107/><W44/><G44/><T75/><D132/><U127/><E127/><V59/><F59/><W77/><G77/><N who="0" m="44351" /><D11/><U100/><E100/><V43/><F43/><W76/><G76/><T133/><D6/><N who="2" m="2090" /><F0/><W1/><G1/><T10/><D10/><U123/><E2/><V71/><F71/><W56/><G56/><T5/><D5/><U114/><E114/><V113/><F32/><W78/><G78/><T22/><D22/><U39/><E123/><V129/><F113/><W84/><G84/><T128/><D133/><U121/><E121/><V54/><F54/><W130/><G120/><T53/><D53/><U30/><E30/><V29/><F29/><W14/><G14/><N who="2" m="5129" /><F129/><W19/><G130/><T124/><D124/><U134/><E134/><V48/><F48/><W89/><G58/><T55/><D128/><U101/><E101/><V69/><F69/><W37/><G57/><N who="0" m="34879" /><D63/><U108/><E74/><V81/><AGARI ba="2,1" hai="17,20,24,65,67,81,87,90" m="5129,2090" machi="81" ten="30,6000,0" yaku="8,1,52,2" doraHai="61" who="2" fromWho="2" sc="232,-22,219,-22,241,76,298,-22" /><INIT seed="6,3,0,4,1,55" ten="210,197,317,276" oya="2" hai0="32,79,53,117,96,21,82,24,118,109,63,7,39" hai1="105,90,47,130,36,99,34,123,65,57,84,93,10" hai2="121,124,85,8,1,112,128,13,97,58,95,104,33" hai3="14,43,56,66,129,107,12,23,71,94,67,131,2"/><V22/><F121/><W74/><G2/><T27/><D109/><U88/><E130/><V103/><F33/><W19/><G74/><T52/><D39/><U0/><E34/><V28/><F112/><W101/><G107/><T41/><D41/><U54/><E123/><V92/><F124/><W4/><G71/><T62/><D7/><U91/><E105/><V40/><F1/><W120/><G43/><T26/><D32/><U113/><E113/><V83/><F40/><W35/><G35/><T30/><D96/><U134/><E134/><V37/><F37/><W59/><G120/><T49/><D26/><U115/><E36/><V132/><F132/><W15/><G101/><T42/><D27/><U72/><E72/><V77/><F128/><W17/><G94/><T127/><D127/><U114/><E114/><V106/><F22/><W81/><G81/><T102/><D102/><N who="1" m="60783" /><E10/><V100/><F28/><W70/><G70/><T111/><D111/><U110/><E0/><V119/><F119/><N who="0" m="45578" /><D42/><U61/><E110/><V68/><F68/><W89/><G129/><T64/><D64/><U108/><E108/><V45/><F97/><W76/><G67/><T60/><D49/><N who="1" m="28991" /><E115/><V16/><F104/><W73/><G66/><T98/><D98/><U69/><E69/><V6/><F106/><W11/><G131/><T51/><D51/><U86/><AGARI ba="3,0" hai="57,61,65,84,86,88,90,91" m="28991,60783" machi="86" ten="30,4000,0" yaku="8,1,52,1,54,1" doraHai="55" who="1" fromWho="1" sc="210,-13,197,49,317,-23,276,-13" /><INIT seed="7,0,0,1,2,23" ten="197,246,294,263" oya="3" hai0="60,38,5,111,119,114,132,77,83,51,90,109,129" hai1="47,6,131,19,39,48,85,118,75,34,86,102,29" hai2="70,79,20,61,89,10,116,68,26,2,96,122,107" hai3="16,94,7,15,80,0,56,63,84,92,88,66,117"/><W46/><G117/><T57/><D5/><U125/><E75/><V108/><F108/><W28/><G28/><T82/><D38/><U121/><E39/><V97/><F116/><W91/><G0/><T42/><D119/><U53/><E131/><V40/><F79/><W30/><G30/><T49/><D129/><U69/><E69/><V31/><F40/><W9/><G7/><T72/><D132/><U35/><E19/><V67/><F122/><W104/><G104/><T17/><D114/><U135/><E102/><V81/><F10/><W110/><G110/><T123/><D123/><U43/><E34/><V11/><F11/><W99/><G46/><T106/><D106/><U98/><E35/><V112/><F2/><W71/><G71/><T105/><D105/><U14/><E47/><V8/><F8/><W1/><G1/><T100/><D100/><U95/><E125/><V54/><F70/><W103/><G92/><T50/><D42/><U55/><E43/><V87/><F107/><W113/><G113/><T126/><D126/><U44/><E6/><V101/><F101/><AGARI ba="0,0" hai="9,15,16,56,63,66,80,84,88,91,94,99,101,103" machi="101" ten="40,7700,0" yaku="8,1,54,2" doraHai="23" who="3" fromWho="2" sc="197,0,246,0,294,-77,263,77" owari="197,-30.0,246,5.0,217,-18.0,340,43.0" /></mjloggm>