<mjloggm ver="2.3"><GO type="169" lobby="0"/><UN n0="%6B%75%72%6F%35%35%36%36" n1="%E4%B9%BE%E5%9D%A4%E5%8D%81%E4%BA%94%E6%93%B2" n2="%E9%A6%AC%E6%9D%89%E5%AF%A7%E9%A6%99" n3="%E3%82%8F%E3%81%98%E2%98%86%E5%BD%A1" dan="16,16,17,16" rate="2081.91,2109.33,2271.58,2147.62" sx="M,M,F,M"/><TAIKYOKU oya="0"/><INIT seed="0,0,0,0,3,4" ten="250,250,250,250" oya="0" hai0="10,5,119,99,68,104,7,24,38,2,28,89,129" hai1="63,92,69,42,80,16,57,118,91,34,26,106,90" hai2="84,20,103,9,61,93,29,125,65,85,87,116,67" hai3="108,15,32,120,73,0,54,122,36,71,12,60,19"/><T133/><D68/><U50/><E118/><V131/><F125/><W58/><G0/><T88/><D38/><U47/><E69/><V135/><F131/><W17/><G108/><T111/><D119/><U40/><E106/><V105/><F105/><W18/><G32/><T35/><D129/><U70/><E70/><V43/><F43/><W55/><G36/><T113/><D113/><U100/><E34/><V76/><F135/><W22/><G71/><T41/><D41/><U74/><E42/><V30/><F76/><W27/><G73/><T82/><D133/><U121/><E121/><N who="3" m="46698" /><G54/><T101/><D111/><U75/><E75/><V64/><F116/><W83/><G83/><T81/><D7/><U39/><E39/><V109/><F109/><W110/><G110/><T56/><REACH who="0" step="1"/><D56/><REACH who="0" ten="240,250,250,250" step="2"/><U97/><E74/><V1/><F64/><W128/><G128/><T49/><D49/><U23/><E80/><AGARI ba="0,1" hai="2,5,10,24,28,35,80,81,82,88,89,99,101,104" machi="80" ten="40,18000,2" yaku="1,1,52,1,54,1,53,3" doraHai="4" doraHaiUra="78" who="0" fromWho="1" sc="240,190,250,-180,250,0,250,0" /><INIT seed="0,1,0,0,3,91" ten="430,70,250,250" oya="0" hai0="90,61,78,80,43,17,77,74,120,131,94,38,133" hai1="62,96,113,22,56,97,59,123,63,25,60,37,39" hai2="28,109,14,7,79,33,50,15,121,106,4,72,83" hai3="104,128,46,125,41,115,5,110,68,86,75,102,26"/><T126/><D120/><U85/><E123/><V116/><F121/><W40/><G75/><T89/><D38/><U92/><E113/><V70/><F109/><W88/><G115/><T45/><D131/><U105/><E39/><V73/><F70/><W76/><G76/><T52/><D133/><U2/><E2/><V93/><F106/><W103/><G110/><T71/><D126/><U48/><E37/><V12/><F116/><W111/><G111/><T9/><D77/><U32/><E32/><V54/><F73/><W117/><G117/><T118/><D118/><U129/><E129/><V47/><F28/><W29/><G128/><T119/><D119/><U132/><E132/><V36/><F33/><W49/><G125/><T42/><D71/><U82/><E105/><V19/><F36/><W69/><G40/><T16/><D74/><U35/><E35/><V30/><F30/><W18/><G5/><T10/><D78/><N who="1" m="46295" /><E48/><V3/><F3/><W27/><G18/><N who="0" m="7275" /><D89/><N who="1" m="55311" /><E97/><V114/><F114/><W95/><G26/><T130/><D80/><U64/><E64/><V11/><F4/><W21/><REACH who="3" step="1"/><G104/><REACH who="3" ten="430,70,250,240" step="2"/><T13/><D130/><U101/><E101/><AGARI ba="1,1" hai="21,27,29,41,46,49,68,69,86,88,95,101,102,103" machi="101" ten="40,8000,1" yaku="1,1,2,1,52,1,54,1,53,1" doraHai="91" doraHaiUra="84" who="3" fromWho="1" sc="430,0,70,-83,250,0,240,93" owari="430,53.0,-13,-51.0,250,-15.0,333,13.0" /></mjloggm>