<mjloggm ver="2.3"><GO type="169" lobby="0"/><UN n0="%43%61%70" n1="%E4%B9%BE%E5%9D%A4%E5%8D%81%E4%BA%94%E6%93%B2" n2="%E3%82%82%E3%83%BC%E3%82%8A%E3%83%BC" n3="%42%72%42%61" dan="16,16,16,16" rate="2098.32,2103.55,2182.94,2138.03" sx="M,M,M,M"/><TAIKYOKU oya="0"/><INIT seed="0,0,0,0,2,27" ten="250,250,250,250" oya="0" hai0="94,90,18,37,86,129,1,75,118,64,107,5,13" hai1="82,58,9,84,28,4,11,6,53,7,65,131,110" hai2="52,49,74,127,23,132,45,50,14,68,54,126,122" hai3="111,22,12,55,32,59,100,46,72,0,2,39,96"/><T60/><D75/><U121/><E121/><V102/><F122/><W31/><G111/><T62/><D37/><U8/><E131/><V112/><F74/><W35/><G72/><T91/><D107/><U109/><E65/><V26/><F112/><W43/><G32/><T103/><D129/><U105/><E105/><V3/><F3/><W56/><G35/><T89/><D1/><U70/><E70/><V114/><F114/><W115/><G115/><T51/><D5/><U24/><E58/><V71/><F14/><W125/><G125/><N who="2" m="47625" /><F102/><W134/><G134/><T98/><D118/><U25/><E53/><V30/><F132/><W101/><G59/><AGARI ba="0,0" hai="23,26,30,45,49,50,52,54,59,68,71" m="47625" machi="59" ten="30,3900,0" yaku="18,1,52,1,54,1" doraHai="27" who="2" fromWho="3" sc="250,0,250,0,250,39,250,-39" /><INIT seed="1,0,0,1,2,88" ten="250,250,289,211" oya="1" hai0="51,125,36,18,10,127,54,129,101,92,116,31,21" hai1="96,57,13,4,82,112,85,111,72,84,44,89,33" hai2="81,50,133,30,7,55,77,14,23,76,83,1,107" hai3="53,59,132,3,64,80,103,122,90,25,68,0,110"/><U17/><E112/><V71/><F71/><W47/><G122/><T48/><D36/><U99/><E33/><V97/><F1/><W8/><G110/><T56/><D116/><U78/><E72/><V34/><F34/><W39/><G132/><T135/><D135/><U67/><E4/><V52/><F133/><W120/><G120/><T32/><D32/><U73/><E73/><V108/><F108/><W9/><G103/><T126/><D31/><U41/><E111/><V123/><F123/><W94/><G80/><T118/><D118/><U69/><E69/><V62/><F107/><W128/><G128/><T27/><D10/><U19/><E67/><V98/><F62/><W2/><G25/><T115/><D115/><U35/><E35/><V74/><F30/><W70/><G64/><T49/><REACH who="0" step="1"/><D129/><REACH who="0" ten="240,250,289,211" step="2"/><U130/><E130/><V75/><F23/><W42/><G9/><T109/><D109/><U5/><E57/><V46/><F55/><W65/><G8/><AGARI ba="0,1" hai="7,8,14,46,50,52,74,75,76,77,81,83,97,98" machi="8" ten="40,2600,0" yaku="9,1,54,1" doraHai="88" who="2" fromWho="3" sc="240,0,250,0,289,36,211,-26" /><INIT seed="2,0,0,1,3,91" ten="240,250,325,185" oya="2" hai0="54,101,96,62,32,112,55,27,111,66,88,42,103" hai1="29,6,13,40,99,119,5,34,0,124,57,83,127" hai2="59,95,16,21,113,68,92,2,82,61,131,77,114" hai3="133,105,118,85,102,31,37,8,4,135,20,41,93"/><V67/><F2/><W123/><G123/><T116/><D112/><U115/><E119/><V14/><F131/><W47/><G118/><T51/><D111/><U126/><E40/><V94/><REACH who="2" step="1"/><F68/><REACH who="2" ten="240,250,315,185" step="2"/><W30/><G135/><T69/><D116/><U128/><E128/><V78/><F78/><W1/><G133/><T90/><D101/><U86/><E0/><V73/><AGARI ba="0,1" hai="14,16,21,59,61,67,73,77,82,92,94,95,113,114" machi="73" ten="30,18000,2" yaku="1,1,0,1,52,3,54,1,53,0" doraHai="91" doraHaiUra="43" who="2" fromWho="2" sc="240,-60,250,-60,315,190,185,-60" /><INIT seed="2,1,0,5,4,114" ten="180,190,505,125" oya="2" hai0="62,70,16,51,9,93,111,91,59,36,52,39,84" hai1="20,97,28,53,55,37,69,99,7,75,98,65,61" hai2="108,74,29,132,5,6,35,46,96,63,56,47,49" hai3="73,31,2,58,27,102,125,64,78,15,115,34,12"/><V57/><F74/><W133/><G115/><T117/><D111/><U123/><E75/><V107/><F132/><W21/><G133/><T120/><D120/><U81/><E37/><V103/><F108/><W88/><G125/><T87/><D87/><U11/><E123/><V130/><F130/><W67/><G102/><T32/><D32/><U26/><REACH who="1" step="1"/><E81/><REACH who="1" ten="180,180,505,125" step="2"/><V118/><F5/><W122/><G73/><T76/><D36/><U101/><E101/><V105/><F6/><W90/><G122/><T109/><D39/><U30/><E30/><V40/><F29/><W10/><G31/><T14/><D109/><U48/><E48/><V112/><F103/><W85/><G34/><T72/><D72/><U86/><E86/><V106/><F49/><W43/><G85/><T1/><D76/><U89/><E89/><V95/><F35/><W22/><G78/><T4/><D51/><U129/><E129/><V113/><F96/><W3/><G88/><T54/><D84/><U92/><E92/><V8/><F95/><W41/><G90/><T131/><D91/><U104/><E104/><V110/><F106/><W13/><G43/><T80/><D93/><U116/><E116/><V17/><F110/><W66/><G41/><T124/><D80/><U45/><E45/><V18/><F40/><W83/><G83/><T82/><D82/><U68/><E68/><V19/><F118/><W94/><G94/><T126/><D117/><U119/><E119/><V60/><F19/><W121/><G121/><T44/><D131/><U71/><E71/><V127/><F127/><W38/><G38/><RYUUKYOKU ba="1,1" sc="180,-15,180,15,505,15,125,-15" hai1="7,11,20,26,28,53,55,61,65,69,97,98,99" hai2="8,17,18,46,47,56,57,60,63,105,107,112,113" /><INIT seed="2,2,1,1,0,94" ten="165,195,520,110" oya="2" hai0="111,56,16,98,85,96,86,129,32,8,47,79,62" hai1="26,122,37,93,100,67,125,89,0,112,74,135,88" hai2="53,97,42,1,87,40,90,117,107,46,5,59,63" hai3="51,109,17,31,133,77,82,19,91,80,20,132,12"/><V11/><F117/><W39/><G39/><T10/><D32/><U48/><E37/><V65/><F107/><W34/><G109/><T23/><D111/><U78/><E0/><V29/><F29/><W3/><G3/><T30/><D30/><U73/><E67/><V95/><F46/><W84/><G51/><T33/><D33/><U68/><E68/><V127/><F127/><W92/><G80/><N who="0" m="47263" /><D86/><N who="1" m="52375" /><E26/><V6/><F6/><W105/><G105/><T15/><D47/><U60/><E60/><V2/><F2/><W71/><G71/><T115/><D115/><U45/><E48/><V99/><REACH who="2" step="1"/><F53/><REACH who="2" ten="165,195,510,110" step="2"/><W104/><G104/><T81/><D129/><U120/><E45/><V130/><F130/><W41/><G31/><T69/><D69/><U35/><E125/><V38/><F38/><W126/><G126/><T44/><D44/><U21/><E35/><V128/><F128/><W36/><G34/><T101/><D101/><U52/><E100/><V22/><F22/><N who="3" m="11559" /><G36/><T54/><D23/><U4/><E21/><V76/><F76/><W114/><G114/><T70/><D70/><U9/><E112/><V119/><F119/><W116/><G116/><T27/><D8/><U57/><E78/><V113/><F113/><W61/><G20/><T131/><D131/><U72/><E89/><V50/><F50/><W43/><G19/><T102/><D102/><U49/><E135/><N who="3" m="51786" /><G61/><T28/><D28/><U18/><E18/><V13/><F13/><W66/><G66/><T103/><D103/><U134/><E134/><V75/><F75/><AGARI ba="2,2" hai="41,43,75,77,82,84,91,92" m="51786,11559" machi="75" ten="30,1000,0" yaku="20,1" doraHai="94" who="3" fromWho="2" sc="165,0,195,0,510,-16,110,36" /><INIT seed="3,0,0,4,0,127" ten="165,195,494,146" oya="3" hai0="2,76,16,93,13,104,106,14,9,66,109,46,122" hai1="130,41,27,39,64,85,111,22,18,67,17,65,95" hai2="91,25,124,115,128,48,44,5,108,33,132,121,30" hai3="99,116,83,77,50,61,94,96,58,37,63,56,51"/><W98/><G116/><T29/><D2/><U114/><E114/><V4/><F115/><W69/><G37/><T0/><D0/><U23/><E111/><V71/><F71/><W11/><G69/><T42/><D109/><U12/><E39/><V47/><F124/><W86/><G11/><T79/><D29/><U117/><E117/><V20/><F47/><W100/><G99/><T119/><D122/><U53/><E41/><V80/><F33/><W97/><G97/><T90/><D66/><U43/><E43/><V88/><F91/><W102/><G58/><T32/><D32/><U24/><E130/><V54/><F128/><W125/><G125/><T36/><D119/><U82/><E95/><V72/><F72/><W105/><REACH who="3" step="1"/><G63/><REACH who="3" ten="165,195,494,136" step="2"/><T62/><D62/><U35/><E35/><V81/><F108/><W84/><G84/><T92/><D36/><U38/><E38/><V34/><F121/><W8/><G8/><T74/><D9/><U126/><E126/><V70/><F70/><W15/><G15/><T26/><D13/><U7/><E12/><V75/><F75/><W120/><G120/><T131/><D14/><U52/><REACH who="1" step="1"/><E7/><REACH who="1" ten="165,185,494,136" step="2"/><V113/><F4/><W135/><G135/><T28/><D106/><U49/><E49/><V6/><F5/><W78/><G78/><AGARI ba="0,2" hai="17,18,22,23,24,27,52,53,64,65,67,78,82,85" machi="78" ten="40,8000,1" yaku="1,1,9,1,8,1,54,1,53,0" doraHai="127" doraHaiUra="107" who="1" fromWho="3" sc="165,0,185,100,494,0,136,-80" /><INIT seed="4,0,0,5,2,63" ten="165,285,494,56" oya="0" hai0="29,85,95,66,82,123,27,46,122,62,49,54,120" hai1="61,53,94,112,23,86,50,48,43,113,134,100,20" hai2="81,92,11,22,106,35,7,104,73,119,101,55,38" hai3="99,5,30,105,103,69,129,60,116,98,102,97,31"/><T126/><D126/><U75/><E75/><V128/><F35/><W47/><G116/><T114/><D114/><N who="1" m="44139" /><E134/><V52/><F38/><W21/><G129/><T90/><D82/><U89/><E100/><V121/><F121/><W108/><G108/><T125/><D125/><U8/><E8/><V2/><F128/><W115/><G115/><T41/><D41/><U109/><E109/><V19/><F92/><W0/><G47/><T83/><D83/><U51/><E43/><V124/><F119/><W78/><G78/><T132/><D132/><U64/><E53/><V67/><F55/><W118/><G118/><T33/><REACH who="0" step="1"/><D122/><REACH who="0" ten="155,285,494,56" step="2"/><U117/><E117/><V91/><F81/><W3/><G103/><T72/><D72/><U34/><E34/><V39/><F73/><W44/><G102/><T107/><D107/><U4/><E4/><V6/><F6/><W25/><G105/><T32/><D32/><U111/><E111/><V127/><F106/><W84/><G5/><T74/><D74/><U42/><E42/><V70/><F104/><W57/><G0/><T24/><D24/><U36/><E36/><V15/><F39/><W10/><G3/><T88/><D88/><U26/><E26/><V133/><F91/><W131/><G25/><T13/><D13/><U80/><E80/><V40/><F101/><W14/><G131/><T1/><D1/><U56/><AGARI ba="0,1" hai="20,23,48,50,51,56,61,64,86,89,94" m="44139" machi="56" ten="30,4000,0" yaku="15,1,11,1,52,1" doraHai="63" who="1" fromWho="1" sc="155,-20,285,50,494,-10,56,-10" /><INIT seed="5,0,0,2,0,134" ten="135,335,484,46" oya="1" hai0="38,79,43,48,47,93,55,68,60,98,39,3,64" hai1="111,80,105,112,92,17,50,99,59,81,113,52,44" hai2="88,40,100,106,118,70,123,115,108,119,20,34,97" hai3="32,45,128,132,75,96,126,130,90,107,37,135,18"/><U30/><E105/><V104/><F34/><W15/><G32/><T86/><D3/><U125/><E30/><V26/><F70/><W19/><G75/><T114/><D114/><N who="1" m="44139" /><E111/><V56/><F115/><W11/><G37/><T58/><D79/><U102/><E125/><V53/><F108/><W89/><G45/><T122/><D86/><U27/><E27/><V82/><F40/><W69/><G69/><T94/><D122/><U16/><E81/><V131/><F131/><N who="3" m="50219" /><G107/><T67/><D67/><U8/><E8/><V46/><F46/><W74/><G74/><T120/><D120/><U110/><E110/><V31/><F106/><W121/><G121/><T63/><D94/><U7/><E7/><V103/><F103/><AGARI ba="0,0" hai="38,39,43,47,48,55,58,60,63,64,68,93,98,103" machi="103" ten="30,1000,0" yaku="7,1" doraHai="134" who="0" fromWho="2" sc="135,10,335,0,484,-10,46,0" /><INIT seed="6,0,0,4,4,38" ten="145,335,474,46" oya="2" hai0="94,126,129,5,13,34,92,46,85,33,15,100,4" hai1="19,98,47,101,27,120,48,61,132,22,114,95,62" hai2="96,119,108,60,64,87,83,2,102,81,124,0,68" hai3="52,14,117,65,78,45,79,109,70,17,112,50,7"/><V127/><F119/><W75/><G109/><T23/><D129/><U11/><E132/><V18/><F108/><W111/><G117/><T43/><D100/><U115/><E120/><V51/><F18/><W28/><G111/><T9/><D126/><N who="2" m="48170" /><F51/><W116/><G116/><T3/><D3/><N who="2" m="1066" /><F87/><W74/><G7/><T25/><D85/><U58/><E11/><V107/><AGARI ba="0,0" hai="60,64,68,81,83,96,102,107" m="1066,48170" machi="107" ten="30,1500,0" yaku="18,1" doraHai="38" who="2" fromWho="2" sc="145,-5,335,-5,474,15,46,-5" /><INIT seed="6,1,0,1,4,64" ten="140,330,489,41" oya="2" hai0="122,47,106,117,120,78,79,25,8,93,74,4,127" hai1="69,101,92,86,28,133,44,76,20,114,62,57,1" hai2="97,88,67,13,115,35,109,70,11,104,39,81,130" hai3="118,77,72,45,15,65,71,105,98,48,22,87,80"/><V128/><F35/><W63/><G118/><T9/><D106/><U123/><E114/><V46/><F115/><W16/><G105/><T40/><D127/><U27/><E1/><V10/><F109/><W23/><G98/><T31/><D117/><U34/><E133/><V54/><F10/><W60/><G60/><T129/><D93/><U100/><E123/><V51/><F39/><W75/><REACH who="3" step="1"/><G23/><REACH who="3" ten="140,330,489,31" step="2"/><N who="0" m="15807" /><D122/><U21/><E21/><V85/><F104/><W83/><G83/><T5/><D120/><U126/><E126/><V37/><F97/><W32/><G32/><T6/><D129/><U0/><E34/><V82/><F81/><W30/><G30/><T43/><D8/><U107/><E107/><V36/><F128/><W42/><AGARI ba="1,1" hai="15,16,22,42,45,48,63,65,71,72,75,77,80,87" machi="42" ten="20,12000,2" yaku="1,1,0,1,7,1,52,1,54,1,53,1" doraHai="64" doraHaiUra="56" who="3" fromWho="3" sc="140,-31,330,-31,489,-61,31,133" /><INIT seed="7,0,0,0,4,102" ten="109,299,428,164" oya="3" hai0="12,115,131,28,88,135,93,127,84,123,4,132,19" hai1="58,2,32,87,74,90,26,118,86,6,134,71,60" hai2="109,117,107,43,66,98,110,105,92,52,59,15,80" hai3="5,89,94,65,7,44,40,97,70,69,103,39,55"/><W81/><G55/><T99/><D123/><U56/><E118/><V64/><F80/><W129/><G129/><T13/><D131/><U1/><E74/><V36/><F15/><W96/><G81/><T126/><D28/><U82/><E134/><N who="0" m="51241" /><D115/><U29/><E71/><V34/><F59/><W25/><G25/><T22/><D4/><U62/><E6/><V122/><F98/><W114/><G114/><T0/><D0/><U108/><E108/><V41/><F92/><W11/><G65/><T45/><D45/><U101/><E101/><V24/><F24/><W31/><G31/><T73/><D73/><U27/><E29/><V121/><F36/><W3/><G5/><T133/><N who="0" m="51249" /><T130/><DORA hai="83" /><D130/><U47/><E82/><V67/><F67/><W79/><G79/><T30/><D30/><U120/><E47/><V17/><F17/><W91/><G91/><N who="0" m="55743" /><D12/><U116/><E90/><V100/><F100/><W112/><G112/><T42/><D42/><U124/><E116/><V8/><F52/><W119/><G119/><T76/><D76/><U54/><E120/><V50/><F117/><W35/><G35/><T33/><D33/><U111/><E54/><V106/><F34/><W9/><G9/><T77/><D77/><U18/><E32/><V104/><F8/><W85/><G11/><T38/><D38/><U46/><E46/><V37/><F37/><W23/><G39/><T20/><D22/><U128/><E128/><V72/><F121/><W68/><G3/><T51/><D51/><U53/><E53/><V95/><N who="2" m="26624" /><DORA hai="49" /><V78/><F122/><RYUUKYOKU ba="0,0" sc="109,30,299,-10,428,-10,164,-10" hai0="13,19,20,84,88,126,127" owari="139,-36.0,289,9.0,418,52.0,154,-25.0" /></mjloggm>