<mjloggm ver="2.3"><GO type="225" lobby="0"/><UN n0="%E3%82%8C%E3%81%A3%E3%81%A9%E3%81%A9%E3%81%A3%E3%81%90" n1="%73%75%7A%75%6D%65%33" n2="%62%69%67%6D%6F%75%74%68" n3="%E9%9F%93%E8%A1%9B%E9%9D%92" dan="16,17,16,16" rate="2033.08,2231.10,2107.34,2186.22" sx="F,M,M,F"/><TAIKYOKU oya="0"/><INIT seed="0,0,0,3,5,61" ten="250,250,250,250" oya="0" hai0="50,99,79,63,118,90,55,69,126,38,106,70,6" hai1="37,93,94,86,81,23,83,56,9,0,111,66,95" hai2="96,128,132,119,121,52,73,3,47,28,53,57,102" hai3="112,44,43,65,104,84,2,51,115,101,130,75,67"/><T34/><D118/><U22/><E37/><V12/><F121/><W54/><G75/><T110/><D34/><U4/><E111/><V107/><F3/><W29/><G2/><T41/><D79/><U10/><E10/><V116/><F73/><W76/><G130/><T80/><D6/><U134/><E81/><V123/><F123/><W19/><G29/><T59/><D126/><U21/><E134/><V105/><F128/><W124/><G124/><T20/><D110/><U103/><E56/><V100/><F132/><W26/><G104/><T120/><D120/><U32/><E32/><V16/><F28/><W82/><G101/><T30/><D106/><U122/><E122/><V27/><F27/><W14/><G26/><T35/><D35/><U33/><E33/><V58/><F47/><W42/><G115/><T24/><D38/><U129/><E129/><V113/><F113/><W78/><G78/><T72/><D72/><U15/><E66/><N who="3" m="25098" /><G112/><T135/><D135/><U74/><E74/><V11/><F102/><W87/><G84/><N who="0" m="50439" /><D70/><U1/><REACH who="1" step="1"/><E103/><REACH who="1" ten="250,240,250,250" step="2"/><V13/><F107/><W39/><G39/><T133/><D69/><U17/><E17/><V25/><F119/><W48/><G48/><T108/><D133/><U49/><E49/><V77/><F116/><W88/><G76/><AGARI ba="0,1" hai="0,1,4,9,15,21,22,23,76,83,86,93,94,95" machi="76" ten="40,8000,1" yaku="1,1,53,3" doraHai="61" doraHaiUra="18" who="1" fromWho="3" sc="250,0,240,90,250,0,250,-80" /><INIT seed="1,0,0,3,3,102" ten="250,330,250,170" oya="1" hai0="6,127,39,28,63,82,121,72,13,71,84,130,94" hai1="99,8,123,56,93,50,12,116,0,53,115,49,4" hai2="11,59,68,104,81,15,37,61,97,103,114,29,64" hai3="87,92,88,100,52,129,45,117,131,48,75,25,3"/><U10/><E123/><V96/><F37/><W86/><G75/><T110/><D121/><U119/><E115/><V16/><F114/><W135/><G3/><T60/><D39/><U124/><E49/><V120/><F120/><W109/><G109/><T90/><D110/><U125/><E119/><V30/><F97/><W46/><G117/><T22/><D71/><U113/><E113/><V79/><REACH who="2" step="1"/><F68/><REACH who="2" ten="250,330,240,170" step="2"/><W32/><G135/><T35/><D130/><N who="3" m="49673" /><G100/><T77/><D127/><U128/><E128/><V70/><F70/><W122/><G122/><T105/><D35/><U85/><E116/><V24/><F24/><W31/><G46/><T89/><D28/><U1/><E99/><AGARI ba="0,1" hai="25,31,32,45,48,52,86,87,88,92,99" m="49673" machi="99" ten="30,3900,0" yaku="19,1,54,2" doraHai="102" who="3" fromWho="1" sc="250,0,330,-39,240,0,170,49" /><INIT seed="2,0,0,3,4,86" ten="250,291,240,219" oya="2" hai0="18,7,115,101,87,88,113,13,103,70,100,110,35" hai1="55,118,24,102,1,52,80,112,3,14,104,49,69" hai2="22,27,61,78,10,123,68,44,66,17,11,45,19" hai3="77,37,109,48,2,94,36,106,62,125,47,82,50"/><V96/><F123/><W97/><G109/><T81/><D110/><U39/><E39/><V46/><F78/><W54/><G125/><T41/><D70/><U20/><E69/><V133/><F133/><W56/><G2/><T85/><D35/><U129/><E118/><V6/><F6/><W127/><G106/><T26/><D41/><U95/><E112/><V93/><REACH who="2" step="1"/><F17/><REACH who="2" ten="250,291,230,219" step="2"/><W135/><G135/><T0/><D0/><U12/><E1/><V124/><F124/><W92/><G127/><T31/><D7/><U90/><E3/><V42/><F42/><W130/><G130/><T8/><D31/><U128/><E128/><V21/><F21/><W9/><G9/><T132/><D132/><U64/><E20/><V91/><AGARI ba="0,1" hai="10,11,19,22,27,44,45,46,61,66,68,91,93,96" machi="91" ten="30,6000,0" yaku="1,1,0,1,52,1,53,0" doraHai="86" doraHaiUra="111" who="2" fromWho="2" sc="250,-20,291,-20,230,70,219,-20" /><INIT seed="2,1,0,1,3,61" ten="230,271,300,199" oya="2" hai0="95,14,113,32,86,70,102,134,23,103,11,66,48" hai1="50,90,104,74,30,125,40,123,54,53,118,96,10" hai2="43,77,71,63,112,62,55,130,89,20,51,3,29" hai3="15,94,69,93,78,108,110,13,79,0,12,97,37"/><V128/><F112/><W16/><G0/><T42/><D134/><U5/><E74/><V17/><F3/><W129/><G37/><T9/><D32/><U85/><E118/><V57/><F29/><W99/><G69/><T116/><D113/><U126/><E30/><V82/><F89/><W75/><G75/><T19/><D116/><U34/><E34/><V111/><F111/><N who="3" m="42539" /><G129/><N who="2" m="49769" /><F43/><W121/><G121/><T41/><D41/><U76/><E123/><V7/><F7/><W132/><G132/><T135/><D135/><U25/><E76/><N who="3" m="29226" /><G16/><T59/><D70/><U107/><E5/><V68/><F68/><W1/><G1/><T38/><D38/><U67/><E125/><V60/><F71/><W72/><G72/><T22/><D11/><U133/><E10/><V39/><F39/><W120/><G120/><T65/><D9/><U91/><E126/><V64/><F17/><W27/><G27/><T87/><D23/><U8/><E25/><V101/><F20/><W2/><G2/><T31/><D31/><U81/><E8/><V33/><F33/><W106/><G106/><T45/><D59/><U119/><E107/><V52/><F101/><N who="0" m="38410" /><D95/><AGARI ba="1,0" hai="12,13,15,93,94,95,97,99" m="29226,42539" machi="95" ten="40,5200,0" yaku="28,2,14,1" doraHai="61" who="3" fromWho="0" sc="230,-55,271,0,300,0,199,55" /><INIT seed="3,0,0,0,4,46" ten="175,271,300,254" oya="3" hai0="95,118,19,83,21,127,74,84,24,26,13,50,7" hai1="10,101,55,86,12,44,1,92,114,123,65,48,105" hai2="53,23,41,115,5,80,90,43,2,47,27,119,122" hai3="70,32,87,106,64,134,34,11,97,120,107,66,121"/><W38/><G134/><T49/><D74/><U58/><E123/><V54/><F119/><W108/><G87/><T135/><D118/><U73/><E73/><V8/><F115/><W4/><G38/><T88/><D135/><U40/><E114/><V59/><F122/><W103/><G108/><T113/><D127/><U28/><E105/><V75/><F54/><W91/><G91/><N who="0" m="51615" /><D113/><U3/><E65/><V93/><F80/><W102/><G11/><N who="0" m="4351" /><D26/><U57/><E28/><V104/><F104/><W17/><G17/><T67/><D67/><U76/><E58/><V62/><F47/><W110/><G110/><T69/><D69/><U109/><E109/><V39/><F75/><W22/><G22/><T124/><D124/><U125/><E125/><V117/><F39/><W6/><G97/><AGARI ba="0,0" hai="19,21,24,49,50,88,95,97" m="4351,51615" machi="97" ten="30,7700,0" yaku="8,1,52,2,54,1" doraHai="46" who="0" fromWho="3" sc="175,77,271,0,300,0,254,-77" owari="252,-15.0,271,7.0,300,40.0,177,-32.0" /></mjloggm>