<mjloggm ver="2.3"><GO type="185" lobby="0"/><UN n0="%E3%82%86%E3%81%8D%E3%81%86%E3%81%95%E3%81%8E%E2%98%86" n1="%E4%BD%8D%E9%B3%B3%E5%A4%A9" n2="%E3%81%BF%E3%83%BC%E3%82%8F" n3="" dan="16,17,17,0" rate="2186.92,2180.98,2236.03,1500.00" sx="F,M,M,C"/><TAIKYOKU oya="0"/><INIT seed="0,0,0,4,5,47" ten="350,350,350,0" oya="0" hai0="78,126,41,115,54,104,69,119,35,97,75,55,63" hai1="134,87,88,38,73,80,59,103,129,98,67,45,81" hai2="33,107,36,112,68,89,108,43,116,0,101,52,57" hai3=""/><T93/><D35/><U50/><E38/><V100/><F112/><T95/><D115/><U51/><E129/><V84/><F0/><T109/><D119/><U49/><E134/><V124/><F33/><T121/><N who="0" m="31008" /><T60/><D126/><U94/><E73/><V48/><F124/><T122/><N who="0" m="31264" /><T91/><D104/><U83/><E45/><V39/><F108/><T71/><D109/><U118/><E118/><V3/><F68/><T62/><D41/><U2/><E2/><V90/><F90/><T99/><D78/><U114/><E114/><V110/><F110/><T56/><D75/><U53/><REACH who="1" step="1"/><E67/><REACH who="1" ten="350,340,350,0" step="2"/><V44/><F36/><T77/><D55/><U86/><E86/><V32/><F3/><T1/><D1/><U40/><E40/><V92/><F116/><T72/><D54/><U133/><E133/><V120/><N who="2" m="30752" /><V128/><F128/><T64/><D69/><U42/><E42/><V135/><F32/><T127/><D71/><U117/><E117/><V132/><F132/><T106/><D127/><U123/><N who="1" m="31520" /><U65/><E65/><V113/><F135/><T34/><D34/><U66/><E66/><V125/><F113/><T105/><D64/><U82/><AGARI ba="0,1" hai="49,50,51,53,59,80,81,82,83,87,88,94,98,103" m="31520" machi="82" ten="30,12000,3" yaku="1,1,0,1,8,1,52,4,54,1,53,0" doraHai="47" doraHaiUra="74" who="1" fromWho="1" sc="350,-80,340,130,350,-40,0,0" /><INIT seed="1,0,0,4,3,63" ten="270,470,310,0" oya="1" hai0="122,135,90,84,116,52,36,130,123,111,33,101,0" hai1="79,105,41,48,38,58,51,114,87,95,82,40,121" hai2="68,126,88,73,133,112,64,59,134,83,50,53,86" hai3=""/><U77/><N who="1" m="31008" /><U97/><E105/><V74/><F126/><T94/><N who="0" m="31264" /><T67/><N who="0" m="31520" /><T43/><D0/><U75/><E114/><V72/><REACH who="2" step="1"/><F112/><REACH who="2" ten="270,470,300,0" step="2"/><T104/><D116/><U47/><E38/><V124/><F124/><T103/><D36/><U102/><E75/><V132/><F132/><T55/><D135/><U92/><E95/><V96/><F96/><T119/><D119/><U61/><E48/><V3/><F3/><T62/><D104/><U80/><E41/><V99/><F99/><T110/><D43/><U49/><E49/><V85/><F85/><T1/><D1/><U89/><REACH who="1" step="1"/><E82/><REACH who="1" ten="270,460,300,0" step="2"/><V120/><N who="2" m="30752" /><V69/><F69/><T93/><D93/><U39/><E39/><V60/><AGARI ba="0,2" hai="50,53,59,60,64,68,72,73,74,83,86,88,133,134" m="30752" machi="60" ten="40,12000,3" yaku="1,1,0,1,52,2,54,1,53,3" doraHai="63" doraHaiUra="107" who="2" fromWho="2" sc="270,-40,460,-80,300,140,0,0" /><INIT seed="2,0,0,3,3,109" ten="230,380,440,0" oya="2" hai0="51,94,52,121,77,123,99,76,2,96,126,68,81" hai1="85,112,80,0,57,98,41,130,45,91,48,73,38" hai2="44,62,104,32,113,125,108,84,110,78,61,118,86" hai3=""/><V103/><F118/><T107/><N who="0" m="31008" /><T37/><N who="0" m="31520" /><T122/><N who="0" m="31264" /><T46/><D2/><U100/><E130/><V95/><F32/><T120/><N who="0" m="30752" /><T50/><D126/><U53/><E0/><V90/><F125/><T88/><D68/><U129/><E129/><V36/><F113/><T133/><D37/><U89/><E73/><V43/><F104/><T132/><D107/><U111/><E111/><N who="2" m="42539" /><F103/><T102/><D96/><U82/><E112/><V55/><F55/><T116/><D116/><U35/><E35/><V39/><F36/><T69/><D69/><U65/><E65/><V56/><F56/><T128/><D128/><U83/><E91/><V72/><F72/><T33/><D33/><U66/><E66/><V97/><F78/><T135/><REACH who="0" step="1"/><D51/><REACH who="0" ten="220,380,440,0" step="2"/><U47/><E38/><V79/><F97/><T49/><D49/><U119/><E119/><V93/><F39/><T127/><D127/><U92/><E48/><V87/><F62/><T101/><D101/><U54/><E100/><V115/><F61/><T58/><D58/><U131/><E57/><V1/><F1/><T40/><D40/><U42/><E131/><V63/><F43/><N who="1" m="16393" /><E98/><V106/><F63/><T60/><D60/><U64/><E85/><AGARI ba="0,1" hai="46,50,52,76,77,81,85,88,94,99,102,132,133,135" m="30752,31264,31520,31008" machi="85" ten="40,16000,3" yaku="1,1,6,1,20,1,52,4,54,2,53,0" doraHai="109" doraHaiUra="67" who="0" fromWho="1" sc="220,170,380,-160,440,0,0,0" /><INIT seed="4,0,0,0,0,43" ten="390,220,440,0" oya="0" hai0="111,128,42,106,68,83,100,135,114,50,38,48,73" hai1="1,81,118,52,58,125,123,105,93,121,129,74,35" hai2="60,0,44,71,72,89,109,39,119,49,76,87,64" hai3=""/><T36/><D111/><U59/><N who="1" m="31008" /><U99/><N who="1" m="31520" /><U133/><E1/><V132/><F109/><T112/><D128/><U33/><E118/><V67/><F0/><T85/><D135/><U77/><E133/><V78/><F132/><T84/><D68/><U80/><E129/><V62/><F119/><T108/><D108/><U32/><E125/><V75/><F39/><T34/><D34/><U3/><E3/><V117/><F117/><T96/><D73/><U47/><E105/><V97/><F97/><T102/><D106/><U66/><E81/><V40/><F72/><T115/><D83/><U95/><E66/><V45/><F45/><T51/><D96/><U92/><E99/><V61/><F61/><T70/><D70/><U130/><REACH who="1" step="1"/><E130/><REACH who="1" ten="390,210,440,0" step="2"/><V37/><F67/><T88/><D112/><U94/><N who="1" m="23552" /><DORA hai="86" /><U46/><E46/><V103/><F44/><T69/><D114/><U113/><E113/><V53/><F64/><T55/><D115/><U107/><E107/><V79/><F103/><T56/><D100/><U126/><E126/><V127/><F127/><T122/><D102/><U65/><E65/><V57/><F71/><T124/><D69/><U101/><E101/><V104/><F104/><T90/><D124/><RYUUKYOKU ba="0,1" sc="390,-10,210,20,440,-10,0,0" hai1="32,33,35,47,52,58,59,74,77,80" /><INIT seed="5,1,1,5,4,119" ten="380,230,430,0" oya="1" hai0="0,52,39,84,129,71,113,86,75,51,107,125,89" hai1="82,132,33,79,77,74,104,67,102,134,100,83,76" hai2="117,121,2,44,91,46,97,50,105,47,127,41,1" hai3=""/><U92/><E33/><V62/><N who="2" m="31008" /><V135/><F117/><T106/><D0/><U38/><E38/><V69/><F127/><T55/><D125/><U110/><E67/><V66/><F135/><N who="1" m="51753" /><E110/><V61/><F105/><T131/><D113/><U93/><E104/><V37/><F46/><T32/><D32/><U49/><E49/><V133/><F133/><T70/><D39/><U54/><E54/><V53/><REACH who="2" step="1"/><F62/><REACH who="2" ten="380,230,420,0" step="2"/><T94/><D106/><U88/><E79/><V60/><F60/><T45/><D107/><U112/><E112/><V58/><F58/><T114/><D114/><U123/><N who="1" m="31520" /><U81/><E81/><V73/><F73/><T59/><D75/><U64/><E64/><V120/><N who="2" m="30752" /><V101/><F101/><N who="1" m="39017" /><E88/><V87/><F87/><AGARI ba="1,2" hai="74,76,77,82,83,87,92,93" m="39017,31520,51753" machi="87" ten="30,12000,1" yaku="20,1,34,2,52,2" doraHai="119" who="1" fromWho="2" sc="380,0,230,142,420,-122,0,0" /><INIT seed="5,2,0,3,5,54" ten="380,372,298,0" oya="1" hai0="37,67,89,43,48,53,106,80,85,62,3,44,50" hai1="33,47,61,56,98,35,113,55,93,131,123,49,83" hai2="105,128,0,120,34,73,111,1,122,116,79,109,126" hai3=""/><U68/><N who="1" m="31520" /><U92/><E68/><V121/><N who="2" m="30752" /><V102/><N who="2" m="31008" /><V42/><N who="2" m="31264" /><V127/><F116/><T63/><D3/><N who="2" m="1098" /><F34/><T110/><D110/><N who="2" m="41994" /><F42/><T82/><D106/><U132/><E131/><V112/><F128/><T135/><D135/><U45/><E132/><V94/><F94/><T51/><D82/><U95/><E47/><V76/><F112/><T36/><D36/><U60/><E113/><V41/><F41/><T101/><D101/><U58/><E83/><V90/><F90/><T52/><REACH who="0" step="1"/><D62/><REACH who="0" ten="370,372,298,0" step="2"/><U133/><E133/><V71/><F102/><T77/><D77/><U99/><E33/><V134/><F105/><T38/><D38/><U59/><E35/><V70/><F134/><T96/><D96/><AGARI ba="2,1" hai="45,49,55,56,58,59,60,61,92,93,95,96,98,99" m="31520" machi="96" ten="40,12000,1" yaku="8,1,52,4" doraHai="54" who="1" fromWho="0" sc="370,-124,372,134,298,0,0,0" /><INIT seed="5,3,0,5,3,48" ten="246,506,298,0" oya="1" hai0="132,105,86,32,46,120,56,109,100,64,59,71,87" hai1="44,34,2,116,33,68,58,118,90,121,110,101,1" hai2="91,39,0,57,129,85,74,114,36,112,49,83,111" hai3=""/><U96/><N who="1" m="31008" /><U76/><E68/><V117/><F111/><T125/><N who="0" m="30752" /><T113/><D32/><U133/><E110/><V107/><F117/><T97/><D109/><U35/><E133/><V128/><F0/><T106/><D132/><U94/><E76/><V124/><F107/><T93/><D125/><U55/><E44/><V119/><F119/><T38/><D113/><N who="2" m="43626" /><F124/><T81/><D87/><U104/><E118/><V54/><F74/><T88/><D71/><U127/><E116/><V78/><F78/><T84/><D64/><U103/><E127/><V73/><F73/><T102/><D102/><U51/><REACH who="1" step="1"/><E103/><REACH who="1" ten="246,496,298,0" step="2"/><V47/><F47/><T42/><D105/><U67/><E67/><V92/><F83/><T61/><D61/><U3/><E3/><V66/><F66/><T130/><D130/><AGARI ba="3,1" hai="36,39,49,54,57,85,91,92,128,129,130" m="43626" machi="130" ten="30,7700,0" yaku="19,1,15,1,11,1,52,1" doraHai="48" who="2" fromWho="0" sc="246,-83,496,0,298,93,0,0" /><INIT seed="6,0,0,4,2,84" ten="163,496,391,0" oya="2" hai0="118,101,135,133,110,114,130,69,67,83,119,98,131" hai1="105,121,112,51,126,52,97,99,42,90,57,120,60" hai2="54,89,109,65,50,125,124,49,79,92,56,40,116" hai3=""/><V128/><F116/><N who="0" m="44586" /><D67/><U41/><N who="1" m="30752" /><U64/><N who="1" m="31008" /><U86/><E126/><N who="2" m="48747" /><F128/><N who="0" m="49194" /><D69/><U93/><E112/><V53/><F109/><T81/><D110/><U55/><E55/><V107/><F79/><T2/><D2/><U3/><E3/><V0/><F107/><T82/><D114/><U39/><E105/><V47/><F0/><T48/><D48/><U43/><REACH who="1" step="1"/><E39/><REACH who="1" ten="163,486,391,0" step="2"/><V85/><F65/><T134/><D101/><U58/><AGARI ba="0,1" hai="41,42,43,51,52,57,58,60,64,86,90,93,97,99" m="31008,30752" machi="58" ten="30,12000,3" yaku="1,1,2,1,0,1,8,1,52,3,54,1,53,1" doraHai="84" doraHaiUra="80" who="1" fromWho="1" sc="163,-40,486,130,391,-80,0,0" owari="123,-48.0,616,57.0,311,-9.0,0,0.0" /></mjloggm>