<mjloggm ver="2.3"><GO type="225" lobby="0"/><UN n0="%E9%BA%BB%E9%9B%80%E3%81%9F%E3%81%AE%E3%81%97" n1="%73%75%7A%75%6D%65%33" n2="%E3%82%8F%E3%81%A3%E3%81%97%E3%82%87%E3%81%84%E5%90%9B%32%E5%8F%B7" n3="%E4%BF%BA%E3%81%A8%E5%A6%96%E5%A4%A2" dan="16,17,17,16" rate="2152.29,2223.32,2273.56,2128.50" sx="F,M,M,F"/><TAIKYOKU oya="0"/><INIT seed="0,0,0,0,2,17" ten="250,250,250,250" oya="0" hai0="76,126,112,124,99,75,123,132,54,51,1,120,64" hai1="108,88,111,65,42,50,70,90,52,18,119,131,47" hai2="59,9,62,4,36,82,11,7,39,25,107,57,77" hai3="22,15,89,41,86,58,23,55,49,35,91,92,134"/><T73/><D112/><U109/><E119/><V61/><F25/><W117/><G117/><T110/><D1/><U38/><E131/><V26/><F26/><W115/><G115/><T93/><D64/><U10/><E10/><V114/><F114/><W87/><G35/><T79/><D51/><U78/><E78/><N who="0" m="29737" /><D54/><U29/><E29/><V103/><F77/><W96/><G134/><T24/><D24/><U127/><E18/><V31/><F82/><W113/><G113/><T128/><D128/><U6/><E6/><V72/><F107/><W21/><G41/><T71/><D71/><U106/><E106/><V8/><F103/><W44/><G44/><T63/><D63/><N who="2" m="24074" /><F72/><N who="0" m="27722" /><D132/><U3/><E3/><V12/><F12/><W0/><G0/><T67/><D67/><U104/><E104/><V33/><F33/><W48/><G48/><T97/><D110/><U66/><E127/><N who="0" m="48681" /><D93/><U135/><E135/><V129/><F129/><W43/><G43/><T101/><D101/><U130/><E130/><V14/><F31/><W74/><G74/><T69/><D69/><U85/><E70/><V80/><F14/><W53/><G53/><T32/><D32/><U34/><E34/><V100/><F100/><W133/><G133/><T83/><D83/><N who="1" m="49215" /><E52/><V30/><F30/><W105/><G105/><T45/><D45/><U84/><E50/><V28/><F28/><W118/><G118/><T125/><N who="0" m="48689" /><T116/><DORA hai="13" /><D116/><U16/><E16/><V81/><F81/><AGARI ba="0,0" hai="38,42,47,65,66,81,84,90,108,109,111" m="49215" machi="81" ten="30,2000,0" yaku="14,1,54,1" doraHai="17,13" who="1" fromWho="2" sc="250,0,250,20,250,-20,250,0" /><INIT seed="1,0,0,5,0,106" ten="250,270,230,250" oya="1" hai0="56,96,13,73,78,53,65,116,121,25,12,14,75" hai1="16,103,90,1,28,4,91,48,79,40,43,17,108" hai2="133,39,85,115,82,8,51,42,66,38,114,0,34" hai3="33,72,94,63,111,110,59,97,24,50,7,41,101"/><U134/><E134/><V57/><F34/><W131/><G131/><T107/><D116/><U119/><E119/><V124/><F133/><W120/><G120/><T37/><D37/><U5/><E108/><N who="3" m="41514" /><G7/><N who="1" m="2634" /><E1/><V3/><F8/><W54/><G72/><T98/><D121/><U60/><E79/><V44/><F124/><W92/><G33/><T31/><D65/><U71/><E71/><V100/><F100/><W27/><G92/><T86/><D86/><U128/><E128/><V6/><F6/><W122/><G122/><T18/><D18/><N who="1" m="7275" /><E28/><V23/><F0/><W126/><G126/><T125/><D125/><U127/><E127/><V77/><F3/><W49/><G49/><T2/><D2/><U76/><E76/><V30/><F30/><W69/><G69/><T102/><D78/><U84/><E103/><V11/><F39/><W74/><G74/><T83/><D75/><U26/><E26/><V19/><F11/><W36/><G36/><T45/><D25/><U9/><E9/><V81/><F38/><W130/><G130/><T89/><D31/><U105/><E105/><V62/><REACH who="2" step="1"/><F82/><REACH who="2" ten="250,270,220,250" step="2"/><W10/><G10/><T113/><D83/><N who="1" m="49439" /><E91/><V58/><F58/><W22/><G22/><T123/><D56/><U129/><E129/><V20/><F20/><W118/><G118/><T99/><D123/><U104/><E104/><V15/><AGARI ba="0,1" hai="15,19,23,42,44,51,57,62,66,77,81,85,114,115" machi="15" ten="30,2000,0" yaku="1,1,0,1,53,0" doraHai="106" doraHaiUra="67" who="2" fromWho="2" sc="250,-5,270,-10,220,30,250,-5" /><INIT seed="2,0,0,2,2,10" ten="245,260,250,245" oya="2" hai0="99,26,120,130,129,115,128,73,134,101,87,132,119" hai1="86,3,47,93,63,59,4,22,106,79,41,31,20" hai2="98,29,72,91,105,92,88,9,43,127,50,58,108" hai3="135,116,16,69,68,12,23,54,122,8,40,96,33"/><V46/><F127/><W48/><G116/><T80/><D73/><U5/><E106/><V21/><F72/><W102/><G122/><T82/><D26/><N who="1" m="16839" /><E3/><V55/><F105/><W121/><G121/><T97/><D120/><U113/><E113/><V126/><F126/><W103/><G33/><T109/><D119/><U89/><E79/><V84/><F108/><W65/><G135/><N who="0" m="51755" /><D109/><U90/><E22/><V114/><F114/><W94/><G40/><T6/><D6/><U57/><E57/><V74/><F74/><W11/><G102/><T111/><D111/><U67/><E89/><V60/><F9/><W53/><G53/><T49/><D49/><AGARI ba="0,0" hai="4,5,41,47,49,59,63,67,86,90,93" m="16839" machi="49" ten="30,1000,0" yaku="8,1" doraHai="10" who="1" fromWho="0" sc="245,-10,260,10,250,0,245,0" /><INIT seed="3,0,0,1,3,28" ten="235,270,250,245" oya="3" hai0="17,8,112,30,6,5,75,20,63,92,91,115,47" hai1="44,56,129,86,87,46,43,99,122,45,60,65,114" hai2="105,79,98,101,9,77,124,53,49,31,97,67,10" hai3="52,51,7,94,135,81,85,70,76,12,100,24,26"/><W57/><G135/><T25/><D75/><U36/><E122/><V13/><F124/><W93/><G70/><T80/><D80/><U132/><E114/><N who="0" m="43561" /><D47/><U0/><E0/><V23/><F67/><W73/><G73/><T14/><D63/><U104/><E132/><V19/><F97/><AGARI ba="0,0" hai="5,6,8,14,17,20,25,30,91,92,97" m="43561" machi="97" ten="30,1000,0" yaku="11,1" doraHai="28" who="0" fromWho="2" sc="235,10,270,0,250,-10,245,0" /><INIT seed="4,0,0,0,0,90" ten="245,270,240,245" oya="0" hai0="95,41,14,59,16,17,55,64,23,18,9,54,118" hai1="28,34,43,15,134,37,124,33,75,110,127,47,5" hai2="67,68,93,115,32,2,35,6,128,76,82,88,81" hai3="26,86,73,105,108,97,71,116,70,109,92,7,60"/><T112/><D112/><U57/><E110/><V104/><F104/><W129/><G116/><T120/><D120/><U107/><E107/><V123/><F123/><W121/><G121/><T0/><D0/><U48/><E75/><V24/><F115/><W29/><G73/><T27/><D118/><U126/><E134/><V40/><F128/><W74/><G74/><T130/><D130/><U100/><E100/><V46/><F68/><W66/><G129/><T135/><D135/><U31/><E5/><V131/><F67/><W30/><G71/><T89/><D41/><U72/><E72/><V111/><F131/><W94/><G7/><N who="0" m="3391" /><D64/><U87/><E15/><V98/><F111/><N who="3" m="42571" /><G86/><N who="0" m="52663" /><D55/><N who="1" m="31975" /><E87/><V56/><F6/><W117/><G30/><AGARI ba="0,0" hai="28,30,31,33,34,37,43,47,124,126,127" m="31975" machi="30" ten="30,1000,0" yaku="18,1" doraHai="90" who="1" fromWho="3" sc="245,0,270,10,240,0,245,-10" /><INIT seed="5,0,0,3,4,0" ten="245,280,240,235" oya="1" hai0="5,131,88,92,111,4,108,99,93,116,90,48,79" hai1="36,97,39,9,67,24,69,20,22,94,91,98,63" hai2="8,28,128,130,35,65,46,84,25,129,125,21,23" hai3="82,18,34,37,55,76,26,96,27,7,100,30,6"/><U89/><E9/><V74/><F74/><W44/><G18/><T114/><D116/><U56/><E69/><V41/><F125/><W2/><G27/><T87/><D114/><U51/><E51/><V1/><F65/><W117/><G117/><T122/><D131/><N who="2" m="33538" /><V75/><DORA hai="50" /><F75/><W95/><G2/><T126/><D126/><U85/><E20/><V135/><F135/><W68/><G68/><T112/><D112/><U3/><E3/><V61/><F61/><W17/><G17/><T80/><D122/><U29/><REACH who="1" step="1"/><E98/><REACH who="1" ten="245,270,240,235" step="2"/><V59/><F21/><W57/><G44/><T110/><REACH who="0" step="1"/><D48/><REACH who="0" ten="235,270,240,235" step="2"/><U133/><E133/><V123/><F123/><W119/><G119/><T11/><D11/><U16/><E16/><V58/><F8/><W132/><G132/><T52/><D52/><U66/><E66/><V33/><F41/><W102/><G7/><T86/><AGARI ba="0,2" hai="4,5,79,80,86,87,88,90,92,93,99,108,110,111" machi="86" ten="30,8000,1" yaku="1,1,0,1,52,2,54,1,53,0" doraHai="0,50" doraHaiUra="54,71" who="0" fromWho="0" sc="235,100,270,-40,240,-20,235,-20" owari="335,43.0,230,3.0,220,-18.0,215,-28.0" /></mjloggm>