<mjloggm ver="2.3"><GO type="185" lobby="0"/><UN n0="%E3%83%AA%E3%82%B3%E3%83%BB%E3%83%90%E3%83%B3%E3%83%87%E3%83%A9%E3%82%B9" n1="%77%61%6B%75%74%69%6E" n2="%6E%69%6B%6F%6C%75%30%33" n3="" dan="16,17,17,0" rate="2193.80,2225.51,2264.17,1500.00" sx="M,F,M,C"/><TAIKYOKU oya="0"/><INIT seed="0,0,0,2,4,81" ten="350,350,350,0" oya="0" hai0="70,87,52,78,49,126,133,122,82,35,72,117,100" hai1="73,60,68,90,86,33,103,130,47,109,131,75,46" hai2="41,59,96,39,57,85,42,79,95,114,94,98,121" hai3=""/><T36/><N who="0" m="31264" /><T56/><D35/><U97/><E33/><V128/><N who="2" m="31008" /><V0/><F114/><T127/><D117/><U92/><E109/><V119/><F0/><T69/><D133/><U116/><E116/><V99/><F119/><T132/><D132/><U71/><E73/><V3/><F3/><T38/><D100/><U76/><E75/><V101/><F128/><N who="1" m="49193" /><E76/><V102/><F39/><N who="0" m="14890" /><D72/><U83/><E60/><V134/><F134/><T54/><D54/><U88/><E103/><N who="2" m="39435" /><F85/><T110/><D110/><U40/><E47/><V43/><F79/><T62/><D62/><U50/><AGARI ba="0,0" hai="40,46,50,68,71,83,86,88,90,92,97" m="49193" machi="50" ten="30,3000,0" yaku="19,1,52,1,54,1" doraHai="81" who="1" fromWho="1" sc="350,-20,350,30,350,-10,0,0" /><INIT seed="1,0,0,3,2,111" ten="330,380,340,0" oya="1" hai0="109,115,129,73,119,94,67,53,125,112,124,70,78" hai1="54,76,107,34,95,45,42,50,72,47,134,105,3" hai2="98,40,63,32,101,104,127,100,102,80,118,132,55" hai3=""/><U97/><E3/><V123/><N who="2" m="31520" /><V35/><F118/><T86/><D109/><U2/><E2/><V103/><F127/><N who="0" m="48714" /><D119/><U114/><E34/><V0/><F0/><T130/><D67/><U126/><E126/><V51/><F132/><T91/><D70/><U58/><E134/><V38/><F63/><T88/><D53/><U33/><E33/><V131/><F131/><N who="0" m="50186" /><D91/><U120/><N who="1" m="30752" /><U117/><E117/><V82/><F35/><T1/><D1/><U62/><E47/><V61/><F32/><T74/><D78/><U135/><E135/><V122/><N who="2" m="31264" /><V90/><F61/><T57/><D57/><U106/><E114/><AGARI ba="0,0" hai="73,74,86,88,94,112,114,115" m="50186,48714" machi="114" ten="40,16000,3" yaku="18,1,19,1,34,2,52,3,54,1" doraHai="111" who="0" fromWho="1" sc="330,160,380,-160,340,0,0,0" /><INIT seed="2,0,0,3,1,116" ten="490,220,340,0" oya="2" hai0="45,53,54,92,56,74,129,42,1,82,40,64,101" hai1="128,112,67,55,34,51,39,124,50,77,120,3,60" hai2="79,108,100,86,83,94,118,41,88,109,69,57,90" hai3=""/><V75/><F69/><T68/><D1/><U96/><N who="1" m="30752" /><U105/><E3/><V93/><F118/><T134/><D129/><U66/><E34/><V99/><F41/><T102/><D134/><U103/><E112/><V131/><F131/><T78/><D68/><U71/><E128/><V97/><F57/><T46/><D64/><U38/><E124/><V33/><F33/><T98/><D101/><U119/><E119/><V72/><F72/><T61/><D46/><U107/><E107/><AGARI ba="0,0" hai="75,79,83,86,88,90,93,94,97,99,100,107,108,109" machi="107" ten="40,18000,2" yaku="24,2,34,3,54,1" doraHai="116" who="2" fromWho="1" sc="490,0,220,-180,340,180,0,0" /><INIT seed="2,1,0,1,0,38" ten="490,40,520,0" oya="2" hai0="130,57,48,119,93,0,63,2,107,108,120,60,61" hai1="52,49,75,115,73,78,44,69,90,37,62,96,66" hai2="51,101,76,134,67,80,94,131,99,59,102,122,106" hai3=""/><V129/><N who="2" m="31264" /><V92/><F134/><T34/><N who="0" m="30752" /><T125/><D119/><U124/><E115/><V84/><F67/><T110/><D34/><U54/><E124/><V121/><N who="2" m="31008" /><V97/><F59/><T1/><D107/><U72/><E37/><V40/><REACH who="2" step="1"/><F106/><REACH who="2" ten="490,40,510,0" step="2"/><T79/><D2/><U70/><E70/><V95/><F95/><T43/><D1/><U35/><E35/><V55/><F55/><T117/><D0/><U113/><E113/><V127/><F127/><T47/><D125/><U103/><E90/><V68/><F68/><T58/><D117/><U85/><E85/><V88/><F88/><T89/><D79/><U109/><E109/><N who="0" m="42089" /><D130/><U123/><N who="1" m="31520" /><U132/><E132/><V53/><F53/><T56/><D56/><U135/><E135/><V50/><F50/><T100/><D100/><U111/><E111/><V74/><F74/><T71/><D71/><U128/><E128/><V77/><F77/><T41/><D41/><U45/><E78/><V87/><F87/><AGARI ba="1,1" hai="43,47,48,57,58,60,61,63,87,89,93" m="42089,30752" machi="87" ten="30,3900,0" yaku="14,1,52,2" doraHai="38" who="0" fromWho="2" sc="490,51,40,0,510,-41,0,0" /><INIT seed="4,0,0,3,2,84" ten="541,40,469,0" oya="0" hai0="61,45,107,48,127,87,106,92,66,68,34,126,129" hai1="125,80,115,112,111,82,91,73,99,38,128,122,0" hai2="78,83,104,110,103,90,98,124,113,101,41,49,62" hai3=""/><T65/><D34/><U117/><RYUUKYOKU type="yao9" ba="0,0" sc="541,0,40,0,469,0,0,0" hai1="0,38,73,80,82,91,99,111,112,115,117,122,125,128" /><INIT seed="4,1,0,0,4,122" ten="541,40,469,0" oya="0" hai0="123,76,80,92,133,58,3,40,111,135,102,38,54" hai1="69,67,82,89,47,52,98,53,125,39,105,134,74" hai2="70,59,124,35,75,63,130,96,45,50,78,57,46" hai3=""/><T44/><N who="0" m="31520" /><T85/><D3/><U109/><E134/><N who="0" m="51209" /><D111/><U104/><E125/><V101/><F35/><T43/><D43/><U34/><E34/><V88/><F124/><T131/><D131/><U71/><E109/><V48/><F130/><T81/><D81/><U129/><E129/><V113/><F113/><T115/><D115/><U91/><E74/><V110/><F110/><T72/><D102/><U108/><E108/><V66/><F78/><T1/><D1/><U60/><E69/><V65/><F75/><T127/><D127/><U118/><E118/><V94/><F101/><T117/><D117/><U90/><E82/><V2/><F2/><T126/><D126/><U114/><E114/><V64/><F70/><T36/><D36/><U106/><REACH who="1" step="1"/><E98/><REACH who="1" ten="541,30,469,0" step="2"/><V83/><F83/><T120/><N who="0" m="30752" /><T68/><D68/><U56/><E56/><N who="2" m="21579" /><F63/><T116/><D116/><U37/><E37/><V73/><F73/><T0/><D0/><U84/><E84/><V77/><F77/><T33/><D33/><U61/><E61/><V103/><F96/><T86/><D72/><U62/><E62/><V93/><F45/><T49/><D85/><U55/><E55/><V121/><N who="2" m="31008" /><V87/><F46/><T32/><D32/><RYUUKYOKU ba="1,1" sc="541,0,30,0,469,0,0,0" hai0="38,40,44,49,54,58,76,80,86,92" hai1="39,47,52,53,60,67,71,89,90,91,104,105,106" hai2="48,50,64,65,66,87,88,93,94,103" /><INIT seed="4,2,1,4,4,113" ten="541,30,469,0" oya="0" hai0="99,94,78,82,85,57,122,115,44,119,106,130,3" hai1="35,33,104,71,2,40,61,54,134,133,127,69,50" hai2="68,79,80,121,98,73,70,116,118,124,64,88,56" hai3=""/><T45/><N who="0" m="31264" /><T125/><D3/><U107/><E2/><V0/><N who="2" m="31008" /><V108/><F0/><T74/><D115/><U105/><E40/><V38/><F38/><T87/><D130/><U34/><E61/><V102/><F108/><T83/><D119/><N who="2" m="45610" /><F88/><T36/><D125/><U41/><E41/><V114/><F114/><T97/><D36/><U1/><E1/><V37/><F37/><T135/><D135/><U39/><E39/><V75/><F75/><T81/><D106/><U65/><E65/><V58/><F124/><T123/><N who="0" m="31520" /><T62/><D74/><U72/><E72/><V46/><F46/><N who="0" m="18026" /><D78/><U117/><E127/><V95/><F58/><T84/><D94/><U66/><E66/><AGARI ba="2,1" hai="57,62,66,81,82,83,84,85,87,97,99" m="18026,31520,31264" machi="66" ten="30,5800,0" yaku="8,1,52,2" doraHai="113" who="0" fromWho="1" sc="541,72,30,-62,469,0,0,0" owari="613,56.0,-32,-63.0,469,7.0,0,0.0" /></mjloggm>