<mjloggm ver="2.3"><GO type="225" lobby="0"/><UN n0="%E3%83%8B%E3%83%A3%E3%83%83%E3%83%94%E3%83%BC%E5%A4%8F%E7%9B%AE" n1="%E3%81%AF%E3%82%88%E3%81%8A%E3%81%98%E3%81%95%E3%82%93" n2="%E3%82%A4%E3%83%8A%E3%82%BA%E3%83%9E%E8%91%AC%E5%84%80" n3="%E3%82%8F%E3%81%A3%E3%81%97%E3%82%87%E3%81%84%E5%90%9B%32%E5%8F%B7" dan="18,17,17,17" rate="2324.74,2114.72,2225.31,2272.86" sx="M,M,F,M"/><TAIKYOKU oya="0"/><INIT seed="0,0,0,4,5,47" ten="250,250,250,250" oya="0" hai0="122,114,46,92,83,7,94,97,75,132,76,100,127" hai1="9,79,35,40,126,129,56,78,55,67,120,105,95" hai2="3,90,4,99,45,22,42,6,12,62,11,89,110" hai3="123,124,14,98,69,125,60,8,109,2,102,66,77"/><T53/><D114/><U30/><E105/><V54/><F110/><W128/><G109/><T21/><D122/><U87/><E120/><V38/><F99/><W131/><G123/><T65/><D132/><U33/><E67/><V104/><F104/><N who="3" m="63575" /><G77/><T101/><D127/><N who="3" m="48713" /><G2/><T51/><D7/><AGARI ba="0,0" hai="7,8,14,60,66,69,128,131" m="48713,63575" machi="7" ten="30,1000,0" yaku="18,1" doraHai="47" who="3" fromWho="0" sc="250,-10,250,0,250,0,250,10" /><INIT seed="1,0,0,0,2,68" ten="240,250,250,260" oya="1" hai0="60,2,95,118,75,34,85,22,13,111,105,93,110" hai1="65,82,70,44,47,15,14,41,28,103,25,86,109" hai2="87,115,120,79,128,63,126,134,89,56,0,113,84" hai3="52,12,61,36,59,69,31,130,27,81,53,125,40"/><U33/><E109/><N who="0" m="41481" /><D34/><U38/><E103/><V121/><F0/><W88/><G125/><T54/><D2/><U39/><E65/><V135/><F56/><W10/><G130/><T91/><D75/><U4/><E70/><V49/><F49/><W18/><G69/><T26/><D105/><U23/><E33/><V90/><F63/><W124/><G124/><T108/><D118/><U102/><E102/><V80/><F126/><W16/><G18/><N who="0" m="10575" /><D26/><U48/><E4/><V100/><F100/><W55/><G36/><T127/><D127/><U114/><E114/><N who="2" m="43531" /><F128/><W78/><G40/><T58/><N who="0" m="41489" /><T104/><DORA hai="37" /><D104/><U3/><E3/><V74/><F74/><W98/><G78/><T20/><D20/><U97/><E97/><V62/><F62/><W9/><G9/><T107/><D107/><U83/><E83/><AGARI ba="0,0" hai="54,58,60,83,85,91,93,95" m="10575,41489" machi="83" ten="40,1300,0" yaku="14,1" doraHai="68,37" who="0" fromWho="1" sc="240,13,250,-13,250,0,260,0" /><INIT seed="2,0,0,5,1,69" ten="253,237,250,260" oya="2" hai0="95,135,89,70,14,77,92,10,23,114,82,31,43" hai1="60,131,127,42,103,48,36,97,21,55,57,67,132" hai2="112,49,90,65,76,75,54,113,115,80,106,100,26" hai3="41,117,62,94,37,104,81,102,13,52,121,130,8"/><V25/><F65/><W78/><G117/><T93/><D70/><U74/><E74/><V108/><F108/><W128/><G121/><T129/><D114/><U56/><E127/><V5/><F5/><W35/><G35/><T84/><D135/><U66/><E132/><V7/><F7/><W20/><G20/><T16/><D129/><N who="3" m="49769" /><G104/><T51/><D43/><U125/><E125/><V22/><F90/><W87/><G94/><T28/><D51/><U32/><E32/><V39/><F39/><W17/><G102/><T38/><D38/><U64/><E131/><V111/><F111/><W33/><G33/><T40/><D40/><U101/><E21/><V96/><REACH who="2" step="1"/><F22/><REACH who="2" ten="253,237,240,260" step="2"/><W18/><G37/><T45/><D23/><U46/><REACH who="1" step="1"/><E103/><REACH who="1" ten="253,227,240,260" step="2"/><V58/><AGARI ba="0,2" hai="25,26,49,54,58,75,76,80,96,100,106,112,113,115" machi="58" ten="30,6000,0" yaku="1,1,2,1,0,1,53,0" doraHai="69" doraHaiUra="24" who="2" fromWho="2" sc="253,-20,227,-20,240,80,260,-20" /><INIT seed="2,1,0,4,3,129" ten="233,207,320,240" oya="2" hai0="127,105,80,74,40,115,99,61,31,2,70,51,98" hai1="58,23,34,62,19,20,104,103,107,47,106,33,93" hai2="17,68,32,91,133,87,22,134,112,130,75,81,44" hai3="79,48,8,64,18,42,128,43,5,86,9,116,123"/><V84/><F112/><W88/><G128/><T38/><D51/><U73/><E73/><V65/><F130/><W71/><G123/><T29/><D99/><U69/><E69/><V10/><F32/><W21/><G116/><T95/><D95/><U26/><E47/><V54/><F10/><W30/><G79/><N who="0" m="44151" /><D29/><U118/><E118/><V117/><F117/><W35/><G64/><N who="0" m="41231" /><D31/><U110/><E110/><V39/><F65/><W114/><G71/><T28/><D28/><U124/><E124/><V82/><F75/><W55/><G114/><T37/><D115/><U92/><E23/><V57/><F68/><W100/><G35/><T52/><D52/><U102/><E93/><V108/><F108/><W16/><G30/><T121/><D121/><U90/><E34/><V46/><F39/><W4/><G55/><T27/><D27/><U111/><E33/><V53/><F57/><W6/><G48/><T50/><D2/><U113/><E113/><V85/><F85/><W94/><G100/><N who="0" m="62615" /><D127/><U13/><E13/><V15/><F54/><W7/><N who="3" m="1024" /><DORA hai="24" /><W89/><G89/><T135/><D50/><U126/><E111/><V131/><F131/><W12/><G18/><T11/><D11/><AGARI ba="1,0" hai="8,9,11,12,16,21,42,43,86,88,94" m="1024" machi="11" ten="50,6400,0" yaku="8,1,54,2" doraHai="129,24" who="3" fromWho="0" sc="233,-67,207,0,320,0,240,67" /><INIT seed="3,0,0,0,0,32" ten="166,207,320,307" oya="3" hai0="50,63,62,61,113,58,38,12,83,102,85,86,101" hai1="124,109,51,80,134,131,69,97,81,13,46,56,54" hai2="0,107,128,33,8,10,3,98,130,1,126,24,74" hai3="115,49,25,19,90,84,43,39,36,123,11,93,35"/><W31/><G115/><T55/><D38/><U72/><E69/><V17/><F74/><W87/><G123/><T57/><D113/><U41/><E72/><V23/><F126/><W47/><G87/><T95/><D58/><U120/><E120/><V2/><F2/><W9/><G9/><N who="2" m="3689" /><F98/><W15/><AGARI ba="0,0" hai="11,15,19,25,31,35,36,39,43,47,49,84,90,93" machi="15" ten="30,1500,0" yaku="0,1" doraHai="32" who="3" fromWho="3" sc="166,-5,207,-5,320,-5,307,15" owari="161,-34.0,202,-20.0,315,12.0,322,42.0" /></mjloggm>