<mjloggm ver="2.3"><GO type="225" lobby="0"/><UN n0="%E3%81%BF%E3%81%BF%E3%81%9A" n1="%E3%83%94%E3%82%B3%E3%83%9E%E3%82%B9%E3%83%86%E3%82%A3%E3%83%95" n2="%E5%A9%9A%E6%B4%BB%E7%94%9F%40%E5%B7%9D%E6%9D%91%E8%BB%8D%E5%9B%A3" n3="%E3%81%AF%E3%82%88%E3%81%8A%E3%81%98%E3%81%95%E3%82%93" dan="16,17,17,17" rate="2192.75,2186.54,2230.66,2123.79" sx="M,M,M,M"/><TAIKYOKU oya="0"/><INIT seed="0,0,0,1,5,134" ten="250,250,250,250" oya="0" hai0="14,87,121,60,35,111,83,103,61,94,100,40,51" hai1="104,90,22,109,67,96,119,118,85,41,84,72,9" hai2="20,55,105,99,75,1,126,45,52,95,106,42,0" hai3="10,70,6,59,21,108,4,29,15,78,79,23,112"/><T117/><D121/><U27/><E72/><V48/><F75/><W86/><G70/><T101/><D117/><U12/><E109/><V13/><F126/><W97/><G112/><T115/><D115/><U25/><E41/><V122/><F122/><W38/><G38/><T92/><D111/><U69/><E27/><V57/><F55/><W125/><G125/><T11/><D35/><U7/><E84/><V98/><F98/><W128/><G128/><T114/><D114/><U17/><E69/><V32/><F32/><W123/><G123/><T24/><D24/><U28/><E67/><V36/><F13/><W129/><G129/><T49/><D94/><U77/><E77/><V63/><F20/><W102/><G4/><N who="0" m="3431" /><D92/><U34/><E96/><V19/><F19/><W76/><G86/><T44/><D51/><U26/><REACH who="1" step="1"/><E104/><REACH who="1" ten="250,240,250,250" step="2"/><V54/><F105/><W81/><G97/><T91/><AGARI ba="0,1" hai="40,44,49,60,61,83,87,91,100,101,103" m="3431" machi="91" ten="30,1500,0" yaku="8,1" doraHai="134" who="0" fromWho="0" sc="250,25,240,-5,250,-5,250,-5" /><INIT seed="0,1,0,1,2,64" ten="275,235,245,245" oya="0" hai0="71,87,88,74,58,28,3,50,26,117,68,34,1" hai1="110,44,116,61,107,103,98,48,46,5,56,84,89" hai2="120,119,35,18,105,115,29,14,21,49,38,24,99" hai3="16,59,17,94,62,69,133,45,102,8,93,66,90"/><T25/><D117/><U92/><E116/><V27/><F38/><W30/><G133/><T112/><D74/><U111/><E5/><V121/><F115/><W101/><G30/><T42/><D112/><U91/><E91/><V125/><F49/><W132/><G132/><T70/><D25/><U79/><E79/><V12/><F99/><W54/><G45/><T23/><D34/><U97/><E97/><V40/><F40/><W10/><G10/><T76/><D76/><U113/><E113/><V95/><F95/><W7/><G101/><T134/><D134/><U55/><REACH who="1" step="1"/><E44/><REACH who="1" ten="275,225,245,245" step="2"/><V129/><F119/><W20/><G102/><T118/><D118/><U57/><E57/><V47/><F47/><W6/><G90/><T13/><D42/><AGARI ba="1,1" hai="42,46,48,55,56,61,84,89,92,98,103,107,110,111" machi="42" ten="40,1300,0" yaku="1,1,53,0" doraHai="64" doraHaiUra="22" who="1" fromWho="0" sc="275,-16,225,26,245,0,245,0" /><INIT seed="1,0,0,5,1,14" ten="259,251,245,245" oya="1" hai0="123,60,94,57,56,122,27,116,89,88,124,84,79" hai1="130,42,68,92,12,29,52,34,20,117,8,1,35" hai2="4,50,101,75,82,110,119,81,86,93,118,17,91" hai3="95,67,15,31,23,18,62,134,0,32,115,69,64"/><U126/><E68/><V9/><F110/><W40/><G134/><T3/><D116/><U43/><E117/><V45/><F75/><W54/><G115/><T49/><D3/><U127/><E130/><V21/><F101/><W120/><G120/><N who="0" m="46123" /><D124/><N who="1" m="47659" /><E1/><V129/><F129/><W74/><G74/><T19/><D79/><U132/><E132/><V70/><F70/><W80/><G80/><N who="0" m="49159" /><D49/><U112/><E112/><V37/><F37/><W107/><G0/><T5/><D5/><U128/><E128/><V10/><F118/><W53/><G40/><N who="1" m="15402" /><E92/><V51/><F51/><W47/><G107/><T103/><D103/><U113/><E113/><V63/><F63/><W100/><G100/><T2/><D2/><U30/><E52/><N who="2" m="29775" /><F4/><W133/><G133/><T87/><D60/><U6/><E20/><AGARI ba="0,0" hai="19,20,27,56,57,87,89,94" m="49159,46123" machi="20" ten="30,3900,0" yaku="13,1,52,1,54,1" doraHai="14" who="0" fromWho="1" sc="259,39,251,-39,245,0,245,0" /><INIT seed="2,0,0,4,4,62" ten="298,212,245,245" oya="2" hai0="54,122,22,3,74,89,76,93,28,75,63,49,9" hai1="67,50,40,135,95,61,110,104,20,1,33,69,116" hai2="70,109,124,115,53,132,77,13,126,107,38,111,5" hai3="86,4,125,26,36,112,83,41,94,130,66,44,7"/><V65/><F38/><W103/><G125/><N who="2" m="48233" /><F107/><W98/><G130/><T32/><D122/><U68/><E116/><V117/><F117/><W35/><G112/><T82/><D32/><U24/><E104/><V118/><F118/><W34/><G66/><T134/><D134/><U91/><E135/><V43/><F132/><W131/><G131/><T97/><D63/><U80/><E1/><V51/><F115/><W17/><G35/><T46/><D28/><U59/><E33/><V119/><F119/><W71/><G71/><T73/><D22/><U129/><E129/><V11/><F77/><W12/><G26/><T23/><D23/><U127/><E127/><V121/><F43/><W52/><G34/><T2/><REACH who="0" step="1"/><D9/><REACH who="0" ten="288,212,245,245" step="2"/><U123/><E123/><V55/><F121/><W6/><G12/><T27/><D27/><U18/><E110/><N who="2" m="41995" /><F51/><W21/><G36/><T84/><AGARI ba="0,1" hai="2,3,46,49,54,73,74,75,76,82,84,89,93,97" machi="84" ten="30,2000,0" yaku="1,1,0,1,53,0" doraHai="62" doraHaiUra="101" who="0" fromWho="0" sc="288,30,212,-5,245,-10,245,-5" /><INIT seed="3,0,0,4,5,34" ten="318,207,235,240" oya="3" hai0="67,54,23,12,99,40,93,43,103,87,116,41,22" hai1="130,13,98,109,135,21,76,127,28,92,18,112,63" hai2="123,64,125,50,94,70,72,77,49,117,115,78,122" hai3="100,96,65,19,75,73,128,46,56,84,71,86,31"/><W37/><G71/><T102/><D116/><U124/><E76/><N who="2" m="29291" /><F117/><W80/><G128/><T88/><D67/><U114/><E63/><N who="2" m="40223" /><F72/><W7/><G31/><T113/><D113/><N who="1" m="43627" /><E92/><V68/><F68/><W105/><G19/><N who="0" m="10599" /><D54/><U126/><E98/><V14/><F115/><W74/><G7/><T15/><D23/><N who="1" m="11727" /><E130/><V29/><F29/><W24/><G24/><T27/><D27/><N who="1" m="16495" /><E109/><V120/><F14/><W119/><G119/><T131/><D15/><U0/><E0/><V81/><F125/><W25/><G25/><T129/><D131/><U38/><E38/><V48/><F94/><W52/><G65/><T59/><D129/><U32/><E135/><V39/><F81/><W35/><G35/><AGARI ba="0,0" hai="32,35,124,126,127" m="16495,11727,43627" machi="35" ten="40,5200,0" yaku="18,1,34,2" doraHai="34" who="1" fromWho="3" sc="318,0,207,52,235,0,240,-52" owari="318,41.0,259,6.0,235,-16.0,188,-31.0" /></mjloggm>