<mjloggm ver="2.3"><GO type="169" lobby="0"/><UN n0="%E5%B1%B1%E9%87%8C%E5%8D%93%E6%AC%A1" n1="%E3%81%B5%E3%81%96%E3%81%91%E3%82%8B%E3%83%9F%EF%BC%81" n2="%66%61%6E%73%74%65%70" n3="%E5%AE%89%E9%81%94%E3%81%95%E3%81%8F%E3%82%89" dan="18,17,17,17" rate="2297.40,2105.20,2202.62,2195.27" sx="M,M,M,M"/><TAIKYOKU oya="0"/><INIT seed="0,0,0,0,4,75" ten="250,250,250,250" oya="0" hai0="126,61,24,42,57,101,98,2,103,117,111,129,0" hai1="19,14,133,118,95,86,3,13,31,93,41,134,18" hai2="105,20,128,130,4,88,63,43,52,80,66,1,38" hai3="44,62,21,67,55,110,73,34,40,17,59,116,97"/><T122/><D117/><U25/><E3/><V7/><F105/><W36/><G116/><T54/><D122/><U91/><E118/><V120/><F120/><W85/><G73/><T115/><D115/><U131/><E131/><V78/><F38/><W109/><G34/><T81/><D129/><N who="2" m="49770" /><F43/><W99/><G85/><T5/><D126/><U76/><E41/><V35/><F35/><W108/><REACH who="3" step="1"/><G67/><REACH who="3" ten="250,250,250,240" step="2"/><T6/><D111/><U79/><E86/><N who="2" m="48407" /><F66/><W135/><G135/><T84/><D84/><U125/><E125/><V113/><F113/><W87/><G87/><T56/><D98/><U27/><E31/><V72/><F72/><W65/><G65/><T69/><D0/><U127/><E127/><V12/><F1/><W83/><G83/><T121/><D81/><U106/><E106/><V102/><F102/><W132/><G132/><T32/><D101/><U30/><E30/><V53/><F88/><AGARI ba="0,1" hai="13,14,18,19,25,27,76,79,88,91,93,95,133,134" machi="88" ten="25,8000,1" yaku="22,2,52,2,54,1" doraHai="75" who="1" fromWho="2" sc="250,0,250,90,250,-80,240,0" /><INIT seed="1,0,0,4,5,67" ten="250,340,170,240" oya="1" hai0="45,35,94,135,29,39,78,12,2,131,11,115,80" hai1="96,9,22,49,20,32,97,48,65,24,90,69,125" hai2="114,88,85,13,44,82,74,3,100,112,116,106,121" hai3="16,101,72,109,25,113,84,7,30,133,129,98,68"/><U70/><E32/><V1/><F121/><W93/><G113/><N who="2" m="43625" /><F116/><W76/><G109/><T79/><D115/><U110/><E65/><V42/><F74/><W46/><G133/><T31/><D135/><U105/><E9/><V10/><F100/><W83/><G129/><T104/><D104/><U33/><E33/><V107/><F107/><W103/><G7/><T62/><D79/><U19/><E125/><V21/><F106/><W60/><G46/><T132/><D132/><U64/><E64/><V27/><F13/><W128/><G128/><T122/><D12/><U118/><E105/><V87/><F87/><W86/><G103/><T81/><D2/><U6/><E6/><V95/><F95/><W134/><G134/><T41/><D94/><U8/><E118/><V5/><F10/><W28/><G72/><T120/><D81/><U71/><E8/><V63/><F63/><W51/><G86/><T38/><D62/><U73/><E73/><V43/><F5/><W17/><G30/><T92/><D29/><U130/><E130/><V75/><F75/><W89/><G101/><T61/><D31/><U59/><E110/><V18/><F43/><W47/><G60/><T55/><D61/><U23/><E97/><V77/><F77/><W57/><G76/><T52/><D78/><U119/><E119/><V124/><F124/><W56/><G98/><T14/><D131/><U102/><E102/><V4/><F4/><W127/><G127/><T117/><D120/><U111/><E111/><V58/><F58/><W15/><G93/><T123/><D122/><U91/><E96/><RYUUKYOKU ba="0,0" sc="250,-10,340,-10,170,30,240,-10" hai2="1,3,18,21,27,42,44,82,85,88" /><INIT seed="2,1,0,4,1,111" ten="240,330,200,230" oya="2" hai0="96,59,79,102,89,86,18,22,97,114,47,55,104" hai1="94,120,83,62,72,52,50,98,38,76,45,93,57" hai2="32,95,116,65,91,110,118,130,14,46,12,64,68" hai3="8,112,109,119,69,31,117,49,54,61,51,121,88"/><V132/><F32/><W17/><G31/><T122/><D122/><U92/><E120/><V60/><F110/><W107/><G107/><T78/><D47/><U36/><REACH who="1" step="1"/><E98/><REACH who="1" ten="240,320,200,230" step="2"/><V101/><F118/><W1/><G121/><T3/><D97/><U115/><E115/><V82/><F116/><W41/><G112/><T48/><D114/><U27/><E27/><V73/><F130/><W87/><G117/><T37/><D3/><U11/><E11/><V124/><F132/><W25/><G119/><T127/><D127/><U129/><E129/><V13/><F124/><W9/><G109/><T20/><D37/><U80/><E80/><V77/><F101/><W133/><G133/><T6/><D6/><U100/><E100/><V63/><F46/><W24/><G1/><T126/><D126/><U10/><E10/><V23/><F23/><W81/><G8/><T35/><D35/><U135/><E135/><V131/><F131/><W85/><G25/><T106/><D22/><U99/><E99/><V84/><F13/><W125/><G125/><T16/><D106/><U105/><E105/><V71/><AGARI ba="1,1" hai="12,14,60,63,64,65,68,71,73,77,82,84,91,95" machi="71" ten="20,3900,0" yaku="0,1,7,1,9,1" doraHai="111" who="2" fromWho="2" sc="240,-14,320,-14,200,52,230,-14" /><INIT seed="2,2,0,4,2,36" ten="226,306,252,216" oya="2" hai0="77,3,45,129,135,130,92,116,111,88,1,97,125" hai1="7,79,122,64,110,12,101,31,100,40,119,56,48" hai2="37,118,11,102,58,49,134,21,73,107,63,109,47" hai3="35,117,62,13,19,103,17,74,71,4,44,83,59"/><V46/><F73/><W24/><G117/><T90/><D111/><U131/><E110/><V113/><F109/><W112/><G112/><T26/><D116/><U126/><E119/><V22/><F113/><W33/><G71/><T105/><D135/><U29/><E126/><V18/><F118/><W132/><G132/><T28/><D125/><U50/><E131/><N who="0" m="50185" /><D77/><U72/><E72/><V80/><F134/><W114/><G114/><T30/><D105/><U20/><E79/><V85/><F107/><W115/><G115/><T27/><D90/><U38/><E38/><V10/><F37/><W9/><G103/><T54/><D54/><N who="1" m="31815" /><E64/><V14/><F102/><W60/><G74/><T106/><D45/><N who="1" m="25895" /><E122/><V55/><F47/><W128/><G128/><T96/><D96/><U8/><E31/><N who="0" m="11817" /><D106/><U16/><E29/><V89/><REACH who="2" step="1"/><F11/><REACH who="2" ten="226,306,242,216" step="2"/><W15/><G9/><T66/><D66/><AGARI ba="2,1" hai="10,14,18,21,22,46,49,55,58,63,66,80,85,89" machi="66" ten="30,18000,2" yaku="1,1,2,1,7,1,25,2,8,1,53,0" doraHai="36" doraHaiUra="23" who="2" fromWho="0" sc="226,-186,306,0,242,196,216,0" /><INIT seed="2,3,0,5,4,34" ten="40,306,438,216" oya="2" hai0="45,134,63,124,85,44,65,97,24,119,135,11,46" hai1="109,41,73,88,68,92,101,66,131,39,112,53,116" hai2="108,37,9,60,78,125,43,133,29,96,5,72,117" hai3="113,77,57,105,93,42,67,2,102,99,114,50,100"/><V69/><F117/><W1/><G77/><T106/><D119/><U62/><E116/><V111/><F29/><W115/><G105/><T81/><D124/><U31/><E112/><V40/><F96/><W84/><G102/><T86/><D11/><U107/><E73/><V51/><F125/><W6/><G6/><T95/><D24/><U4/><E107/><V38/><F78/><W27/><G84/><T80/><D106/><U79/><E79/><V18/><F18/><W3/><G27/><T33/><D33/><U129/><E101/><V61/><F72/><W70/><G70/><T47/><N who="0" m="11264" /><DORA hai="104" /><T130/><D130/><U12/><E41/><N who="2" m="15947" /><F51/><W87/><G42/><T20/><D20/><U74/><E31/><V22/><F22/><W128/><G128/><T52/><D81/><U13/><E74/><V89/><F89/><W122/><G87/><T21/><D21/><U121/><E88/><V54/><F133/><N who="0" m="50698" /><D80/><U91/><E131/><V58/><F9/><W49/><G122/><T71/><D52/><U26/><E53/><V76/><F5/><W103/><REACH who="3" step="1"/><G100/><AGARI ba="3,0" hai="63,65,71,85,86,95,97,100" m="50698,11264" machi="100" ten="40,1300,0" yaku="20,1" doraHai="34,104" who="0" fromWho="3" sc="40,22,306,0,438,0,216,-22" /><INIT seed="3,0,0,3,0,57" ten="62,306,438,194" oya="3" hai0="49,30,65,0,85,16,60,86,47,131,110,124,71" hai1="123,19,20,81,105,95,29,98,66,126,15,46,25" hai2="21,40,97,24,117,102,59,35,17,100,106,61,93" hai3="54,83,118,122,127,52,27,103,133,89,120,104,119"/><W116/><G133/><T130/><D110/><U96/><E123/><V135/><F117/><W1/><G1/><T14/><D0/><U42/><E126/><V7/><F135/><W22/><G127/><T44/><D124/><U51/><E81/><V13/><F40/><W91/><G122/><T26/><D130/><U4/><E4/><V11/><F35/><W134/><G134/><T39/><D39/><U129/><E129/><V70/><F70/><W43/><G120/><T2/><D2/><U73/><E73/><V74/><F74/><W67/><G43/><T75/><D75/><U77/><E77/><V107/><REACH who="2" step="1"/><F100/><REACH who="2" ten="62,306,428,194" step="2"/><W82/><G103/><T62/><D131/><U48/><E42/><V58/><F58/><W23/><G118/><T94/><D47/><U33/><E46/><V31/><F31/><W99/><G119/><T72/><D72/><U78/><E29/><V8/><F8/><W132/><G116/><T76/><D71/><U114/><E33/><V128/><F128/><W3/><G132/><T10/><D30/><U92/><E20/><V101/><F101/><W125/><G125/><T56/><D56/><U53/><E114/><V108/><F108/><W55/><G23/><T121/><D121/><U79/><E48/><V68/><F68/><W12/><G22/><T50/><D50/><U36/><E51/><V5/><F5/><W111/><G111/><T84/><D49/><U64/><E36/><V63/><F63/><N who="0" m="24106" /><D44/><U18/><E18/><V34/><F34/><W38/><G38/><T87/><N who="0" m="21504" /><DORA hai="112" /><T113/><D113/><U88/><E19/><RYUUKYOKU ba="0,1" sc="62,-10,306,-10,428,30,194,-10" hai2="7,11,13,17,21,24,59,61,93,97,102,106,107" /><INIT seed="4,1,1,1,4,90" ten="52,296,458,184" oya="0" hai0="129,109,54,135,123,99,120,23,88,114,64,4,69" hai1="18,80,47,51,49,12,38,39,15,58,111,106,59" hai2="44,48,101,100,113,102,132,93,17,37,71,116,119" hai3="0,22,52,117,81,124,103,50,131,66,56,3,53"/><T108/><D114/><U73/><E106/><V40/><F71/><W89/><G117/><N who="2" m="45129" /><F113/><W121/><G131/><T68/><D129/><U19/><E80/><V67/><F67/><W76/><G124/><T83/><D135/><U34/><E73/><V105/><F105/><W86/><G121/><N who="0" m="46667" /><D4/><U92/><E34/><V65/><F65/><W75/><G103/><T104/><D64/><U6/><E47/><N who="2" m="23951" /><F17/><W122/><G122/><T5/><D5/><U13/><E13/><V55/><F132/><W33/><G33/><T28/><D54/><U98/><E6/><V14/><F14/><W72/><G66/><T78/><D104/><U96/><E111/><N who="0" m="42569" /><D23/><U115/><E115/><V26/><F26/><W42/><G42/><T62/><D62/><U21/><E21/><V60/><F60/><W11/><G11/><T30/><D69/><U10/><E10/><V127/><F127/><W97/><G53/><T41/><D41/><U95/><AGARI ba="1,1" hai="12,15,18,19,38,39,49,51,58,59,92,95,96,98" machi="95" ten="25,8000,1" yaku="0,1,22,2,52,2" doraHai="90" who="1" fromWho="1" sc="52,-41,296,93,458,-21,184,-21" /><INIT seed="5,0,0,0,5,92" ten="11,389,437,163" oya="1" hai0="39,130,24,80,48,110,9,102,7,77,131,127,30" hai1="100,75,51,66,27,59,34,88,38,63,50,18,113" hai2="20,106,134,70,104,73,108,12,94,89,10,19,124" hai3="71,132,72,91,28,97,76,135,55,125,62,98,32"/><U119/><E119/><V112/><F70/><W8/><G125/><T40/><D110/><U68/><E113/><V11/><F108/><W126/><G126/><T82/><D127/><U64/><E75/><V99/><F73/><W0/><G76/><T114/><D114/><U67/><E38/><V123/><F123/><W33/><G72/><T35/><D102/><U83/><E100/><V53/><F112/><W115/><G115/><T47/><D39/><U129/><E129/><V56/><F124/><W17/><G91/><T43/><D40/><U57/><E68/><V101/><F134/><W52/><G0/><T111/><D111/><U22/><E34/><V109/><F109/><W41/><G41/><T45/><D45/><U105/><E105/><V37/><F37/><W103/><G103/><T128/><REACH who="0" step="1"/><D77/><REACH who="0" ten="1,389,437,163" step="2"/><U2/><E2/><AGARI ba="0,1" hai="2,7,9,24,30,35,43,47,48,80,82,128,130,131" machi="2" ten="40,8000,1" yaku="1,1,2,1,19,1,53,1" doraHai="92" doraHaiUra="1" who="0" fromWho="1" sc="1,90,389,-80,437,0,163,0" /><INIT seed="6,0,0,0,0,68" ten="91,309,437,163" oya="2" hai0="47,28,56,34,5,94,97,39,23,21,78,82,18" hai1="115,9,37,91,42,113,90,45,30,129,133,119,84" hai2="12,104,109,31,116,16,107,26,81,88,27,52,1" hai3="55,102,80,92,32,10,72,122,53,75,128,67,123"/><V110/><F1/><W121/><G32/><T64/><D5/><U98/><E119/><V7/><F7/><W24/><G128/><T70/><D70/><U17/><E129/><V114/><F116/><W65/><G24/><T14/><D34/><U118/><E118/><V35/><F27/><W111/><G111/><N who="2" m="42505" /><F114/><W101/><G10/><T89/><D28/><U61/><E133/><V79/><F52/><N who="3" m="20043" /><G92/><T134/><D134/><U54/><E30/><V6/><F6/><W51/><G51/><T41/><D56/><U131/><E131/><V46/><F46/><W71/><G80/><T36/><D64/><N who="3" m="24649" /><G71/><T62/><D62/><U66/><E66/><V22/><F79/><W25/><G25/><T117/><D117/><U106/><E61/><V127/><F127/><W15/><G15/><T60/><D60/><U48/><E115/><V77/><F77/><W43/><G43/><T96/><D96/><U63/><E63/><V4/><F4/><W19/><G19/><T3/><D3/><U85/><E17/><V20/><F35/><W57/><G57/><T108/><D108/><U33/><E33/><V124/><F124/><W69/><G69/><T29/><D29/><U58/><E113/><V87/><AGARI ba="0,0" hai="12,16,20,22,26,31,81,87,88,104,107" m="42505" machi="87" ten="30,6000,0" yaku="10,1,54,2" doraHai="68" who="2" fromWho="2" sc="91,-20,309,-20,437,60,163,-20" /><INIT seed="6,1,0,0,4,99" ten="71,289,497,143" oya="2" hai0="112,22,134,94,127,11,102,126,40,57,131,85,83" hai1="58,77,35,60,96,98,33,8,3,97,24,111,56" hai2="67,62,50,61,133,125,104,108,6,55,121,27,37" hai3="114,76,34,95,122,12,103,74,51,25,120,91,130"/><V66/><F104/><W59/><G130/><T20/><D131/><U13/><E111/><V100/><F100/><W48/><G114/><T69/><D69/><U110/><E110/><V80/><F6/><W44/><G12/><T113/><D40/><U15/><E77/><V32/><F32/><W119/><G119/><T93/><D57/><U65/><E3/><V2/><F2/><W54/><G76/><T106/><D11/><U9/><E24/><V38/><F27/><W92/><G74/><T41/><D41/><U128/><E128/><V72/><F80/><W63/><G51/><T23/><D134/><U109/><E109/><V18/><F18/><W29/><G92/><N who="0" m="35435" /><D85/><U116/><E116/><V79/><F79/><W87/><REACH who="3" step="1"/><G103/><REACH who="3" ten="71,289,497,133" step="2"/><T21/><N who="0" m="5120" /><DORA hai="49" /><T45/><D83/><U129/><E129/><V53/><F72/><W115/><G115/><N who="0" m="44107" /><D45/><U88/><E13/><V14/><F14/><W39/><G39/><T135/><D135/><U43/><E15/><V42/><F108/><W86/><G86/><T117/><D117/><U52/><E8/><V123/><F133/><W105/><G105/><T70/><D70/><U73/><E9/><V71/><F71/><W0/><G0/><T132/><D132/><U7/><E73/><V1/><F1/><W47/><G47/><T16/><D16/><U84/><E7/><V82/><F82/><W36/><G36/><T68/><D68/><U19/><E19/><V64/><F38/><W30/><G30/><T75/><D75/><U89/><E84/><V4/><F37/><W28/><G28/><T46/><D46/><RYUUKYOKU ba="1,1" sc="71,15,289,-15,497,-15,133,15" hai0="102,106,126,127" hai3="25,29,34,44,48,54,59,63,87,91,95,120,122" /><INIT seed="7,2,1,0,1,98" ten="86,274,482,148" oya="3" hai0="28,70,41,64,57,130,78,59,95,62,117,60,71" hai1="36,119,121,72,14,81,80,102,31,87,38,97,85" hai2="112,94,115,83,89,111,22,120,128,58,29,17,40" hai3="6,26,108,42,18,84,39,46,27,75,103,104,52"/><W113/><G75/><T106/><D130/><U88/><E72/><V91/><F111/><W47/><G108/><T67/><D117/><U4/><E121/><V73/><F128/><W129/><G129/><T109/><D109/><U49/><E31/><V25/><F40/><W68/><G68/><T21/><D106/><U74/><E74/><V16/><F120/><W19/><G6/><T125/><D125/><U48/><E119/><V69/><F69/><W101/><G104/><T134/><D134/><U13/><E36/><V35/><F58/><W110/><G113/><T66/><D66/><U63/><E63/><V133/><F133/><W96/><G39/><T23/><D78/><U50/><E38/><V92/><F73/><W107/><G107/><T53/><D41/><U65/><E65/><V20/><F83/><W55/><G110/><T132/><D132/><U135/><E135/><V8/><F8/><W61/><G42/><T30/><D95/><N who="1" m="58687" /><E4/><V32/><F25/><W3/><G3/><T43/><D43/><U11/><E11/><V122/><F122/><W7/><G7/><T33/><D53/><U24/><E24/><V105/><F105/><W76/><G76/><AGARI ba="2,1" hai="13,14,48,49,50,76,80,81,85,87,88" m="58687" machi="76" ten="30,3900,0" yaku="8,1,52,1,54,1" doraHai="98" who="1" fromWho="3" sc="86,0,274,55,482,0,148,-45" owari="86,-41.0,329,13.0,482,58.0,103,-30.0" /></mjloggm>