<mjloggm ver="2.3"><GO type="169" lobby="0"/><UN n0="%EF%BC%8A%E7%B4%97%E5%BC%A5%E8%8F%AF%EF%BC%8A" n1="%E7%89%8C%E6%B5%81%E5%AE%9A%E7%9F%B3%E6%9C%80%E9%AB%98" n2="%E5%AE%9F%E5%AD%98" n3="%61%73%6D%65%69%61%73" dan="16,16,17,16" rate="2084.50,2138.48,2162.08,2042.42" sx="F,M,M,M"/><TAIKYOKU oya="0"/><INIT seed="0,0,0,0,5,89" ten="250,250,250,250" oya="0" hai0="118,83,101,59,119,63,66,114,80,40,84,108,106" hai1="115,95,1,41,92,46,39,22,13,30,53,61,105" hai2="2,110,57,4,7,98,130,24,129,52,104,86,75" hai3="47,133,135,6,33,76,93,81,102,103,111,8,58"/><T37/><D114/><U10/><E105/><V36/><F75/><W107/><G33/><T32/><D32/><U128/><E115/><V25/><F36/><W96/><G47/><T126/><D126/><U113/><E113/><V97/><F110/><W123/><G58/><T26/><D26/><U64/><E128/><V9/><F7/><W71/><G71/><T0/><D0/><U70/><E1/><V87/><F25/><W127/><G123/><T125/><D125/><U16/><E53/><V38/><F38/><W77/><G127/><T12/><D108/><U11/><REACH who="1" step="1"/><E30/><REACH who="1" ten="250,240,250,250" step="2"/><V109/><F104/><W73/><G111/><T49/><D106/><U44/><E44/><V91/><F109/><W54/><G54/><T19/><D119/><U5/><E5/><V90/><F129/><W18/><G18/><T79/><D118/><U43/><E43/><V122/><F130/><W67/><G67/><T131/><D131/><U31/><E31/><V45/><F45/><W112/><G112/><T21/><D40/><U29/><E29/><V51/><F122/><W124/><G124/><T132/><D37/><U48/><E48/><V62/><F51/><W15/><G107/><T74/><D49/><U23/><E23/><V117/><F117/><W78/><REACH who="3" step="1"/><G102/><REACH who="3" ten="250,240,250,240" step="2"/><T60/><D101/><U134/><E134/><AGARI ba="0,2" hai="6,8,15,73,76,77,78,81,93,96,103,133,134,135" machi="134" ten="40,8000,1" yaku="1,1,2,1,20,1,52,1,53,0" doraHai="89" doraHaiUra="35" who="3" fromWho="1" sc="250,0,240,-80,250,0,240,100" /><INIT seed="1,0,0,4,5,120" ten="250,160,250,340" oya="1" hai0="51,114,55,64,130,28,29,45,39,54,47,56,95" hai1="21,96,33,63,94,24,74,128,102,71,83,135,48" hai2="106,69,109,125,3,78,99,66,52,134,27,86,43" hai3="101,82,58,57,35,80,11,107,110,8,85,61,129"/><U50/><E135/><V17/><F3/><W103/><G35/><T113/><D130/><U68/><E128/><V2/><F2/><W75/><G75/><T89/><D39/><U13/><E33/><V104/><F43/><W111/><G129/><T67/><D114/><U126/><E126/><V76/><F66/><N who="0" m="25130" /><D113/><U133/><E133/><V97/><F134/><W131/><G131/><T127/><D127/><U117/><E117/><V62/><F69/><W79/><G82/><T59/><D29/><U31/><E63/><V42/><F42/><W36/><G36/><T5/><D28/><U105/><E105/><V87/><F27/><W4/><G107/><T40/><D5/><U116/><E116/><V123/><F125/><W49/><G49/><N who="0" m="26791" /><D95/><U16/><E71/><V91/><F17/><W15/><G11/><T12/><D89/><U81/><E68/><V19/><F91/><W32/><G32/><T77/><D12/><U93/><E93/><V25/><F25/><W30/><G30/><T121/><D77/><U115/><E115/><V0/><F0/><W70/><G70/><T60/><D121/><U7/><E7/><V112/><F123/><W46/><G46/><AGARI ba="0,0" hai="46,47,51,54,55,56,59,60" m="26791,25130" machi="46" ten="30,12000,2" yaku="8,1,35,5" doraHai="120" who="0" fromWho="3" sc="250,120,160,0,250,0,340,-120" /><INIT seed="2,0,0,2,3,20" ten="370,160,250,220" oya="2" hai0="115,43,47,46,87,18,109,86,103,70,21,8,34" hai1="90,119,27,5,131,104,122,120,128,68,51,13,53" hai2="31,38,54,92,63,96,102,9,3,101,16,94,23" hai3="127,39,7,110,133,78,48,108,71,22,45,10,61"/><V112/><F112/><W80/><G39/><T130/><D115/><U79/><E104/><V65/><F38/><W75/><G127/><T118/><D70/><U2/><E79/><V99/><F31/><W64/><G133/><T37/><D34/><U25/><E68/><V88/><F54/><W52/><REACH who="3" step="1"/><G22/><REACH who="3" ten="370,160,250,210" step="2"/><T83/><D21/><U19/><E119/><V29/><F29/><W62/><G62/><T56/><D37/><U85/><E122/><V98/><F3/><AGARI ba="0,1" hai="3,7,10,45,48,52,61,64,71,75,78,80,108,110" machi="3" ten="40,8000,1" yaku="1,1,54,1,53,2" doraHai="20" doraHaiUra="123" who="3" fromWho="2" sc="370,0,160,0,250,-80,210,90" /><INIT seed="3,0,0,3,3,47" ten="370,160,170,300" oya="3" hai0="122,28,38,119,104,112,21,14,75,105,89,4,36" hai1="71,42,125,9,78,24,131,30,31,74,93,121,99" hai2="54,1,48,70,66,133,43,108,53,44,5,25,100" hai3="124,23,87,39,118,79,59,85,96,0,80,135,106"/><W77/><G39/><T13/><D75/><U56/><E121/><V58/><F100/><W15/><G0/><T45/><D122/><U62/><E125/><V132/><F25/><W94/><G124/><T46/><D89/><U134/><E131/><V67/><F5/><W18/><G118/><T63/><D63/><U33/><E71/><V97/><F97/><W109/><G135/><N who="2" m="51785" /><F1/><W98/><G109/><T110/><D4/><U76/><E31/><V34/><F34/><W102/><G59/><T91/><D28/><U69/><E69/><V115/><F70/><W83/><REACH who="3" step="1"/><G96/><REACH who="3" ten="370,160,170,290" step="2"/><T120/><D110/><U55/><E134/><V126/><F108/><W22/><G22/><T11/><D38/><U49/><E9/><V65/><F126/><W113/><G113/><T68/><D36/><U82/><E99/><V6/><F115/><W129/><G129/><T57/><D11/><U81/><E33/><V130/><F130/><W10/><G10/><T17/><D112/><U103/><E56/><V64/><F6/><W27/><G27/><T127/><D57/><U73/><E24/><V90/><F90/><W2/><G2/><T37/><D127/><U123/><E123/><V16/><F58/><W40/><G40/><T111/><D111/><U101/><E42/><V32/><N who="2" m="16384" /><DORA hai="114" /><V61/><F61/><W128/><G128/><T35/><D35/><U41/><E62/><V3/><F3/><W92/><AGARI ba="0,1" hai="15,18,23,77,79,80,83,85,87,92,94,98,102,106" machi="92" ten="30,12000,1" yaku="1,1,0,1,9,1,53,2" doraHai="47,114" doraHaiUra="26,72" who="3" fromWho="3" sc="370,-40,160,-40,170,-40,290,130" /><INIT seed="3,1,0,0,0,27" ten="330,120,130,420" oya="3" hai0="32,79,130,3,0,100,74,88,69,89,125,87,108" hai1="53,31,116,57,90,18,106,105,119,48,68,104,49" hai2="51,30,103,127,129,11,102,16,59,14,94,124,107" hai3="4,128,120,50,2,133,78,63,8,58,98,5,44"/><W1/><G128/><T85/><D69/><U25/><E68/><V52/><F129/><W12/><G133/><T24/><D130/><U67/><E67/><V113/><F113/><W109/><G109/><T115/><D108/><U126/><E126/><N who="2" m="48171" /><F107/><W37/><G37/><T22/><D32/><U84/><E49/><V121/><F121/><W40/><G120/><T60/><D60/><U13/><E13/><V62/><F94/><W19/><G78/><T73/><D100/><U45/><E18/><V42/><F30/><W123/><G98/><T28/><D125/><U77/><E77/><V36/><F36/><W86/><G86/><T132/><D132/><U65/><E65/><N who="2" m="39135" /><F42/><W33/><G123/><T64/><D64/><U54/><E54/><V6/><F6/><W46/><G5/><T112/><D79/><U91/><E57/><AGARI ba="1,0" hai="11,14,16,51,52,57,102,103" m="39135,48171" machi="57" ten="30,3900,0" yaku="18,1,54,2" doraHai="27" who="2" fromWho="1" sc="330,0,120,-42,130,42,420,0" /><INIT seed="4,0,0,4,1,44" ten="330,78,172,420" oya="0" hai0="87,106,59,125,49,135,107,117,103,18,1,36,126" hai1="104,89,129,15,19,6,16,24,34,30,32,79,5" hai2="80,74,27,82,123,50,9,4,37,8,108,112,120" hai3="28,118,67,3,31,91,69,11,134,110,17,68,130"/><T99/><D36/><U43/><E104/><V75/><F37/><W14/><G110/><T38/><D38/><U64/><E79/><V60/><F60/><W70/><G134/><T61/><D1/><U53/><E43/><V96/><F27/><W46/><G130/><T2/><D117/><U12/><E64/><V40/><F112/><W100/><G100/><T113/><D2/><U115/><E89/><V77/><F96/><W109/><G109/><T52/><D135/><U13/><E53/><V35/><F108/><W57/><G3/><T0/><D0/><U85/><E85/><V127/><F35/><N who="1" m="13353" /><E129/><V63/><F63/><W121/><G57/><T73/><D73/><U47/><E47/><V131/><F131/><W62/><G46/><T76/><D107/><U7/><E115/><V81/><F81/><W58/><G121/><T54/><D113/><U26/><E26/><V42/><F77/><W132/><G118/><T92/><D106/><U105/><E105/><V128/><F128/><W84/><G132/><T111/><D111/><U102/><E102/><V21/><F75/><W86/><G86/><T25/><D87/><U39/><E39/><V41/><F74/><W20/><G84/><T133/><D76/><U71/><E71/><V66/><F82/><W114/><G91/><T119/><D133/><U65/><E65/><V124/><F66/><W93/><G93/><T72/><D72/><U78/><E78/><V33/><F80/><W88/><G88/><T97/><D97/><U116/><E116/><V55/><F120/><W94/><G114/><T23/><D119/><RYUUKYOKU ba="0,0" sc="330,15,78,15,172,-15,420,-15" hai0="18,23,25,49,52,54,59,61,92,99,103,125,126" hai1="5,6,7,12,13,15,16,19,24,30" /><INIT seed="4,1,0,2,0,99" ten="345,93,157,405" oya="0" hai0="63,117,82,85,54,76,104,100,98,128,127,66,10" hai1="134,94,16,2,80,27,86,12,37,40,89,121,35" hai2="57,124,48,131,34,32,59,90,102,109,64,9,116" hai3="132,26,135,7,87,78,51,52,30,33,21,46,38"/><T43/><D117/><U91/><E121/><V123/><F109/><W115/><G115/><T106/><D128/><U41/><E134/><N who="3" m="51242" /><G38/><T31/><D127/><U55/><E2/><V126/><F123/><W77/><G7/><T18/><D43/><U44/><E37/><V60/><F48/><W97/><G87/><T6/><D31/><U108/><E108/><V62/><F90/><W130/><G130/><T68/><D18/><U22/><E44/><V17/><F131/><W47/><G46/><T103/><D54/><U4/><E55/><V70/><F17/><W88/><G33/><T95/><REACH who="0" step="1"/><D103/><REACH who="0" ten="335,93,157,405" step="2"/><U129/><E129/><V74/><F102/><W125/><G125/><T58/><D58/><U49/><E35/><V113/><F32/><W122/><G122/><T13/><AGARI ba="1,1" hai="6,10,13,63,66,68,76,82,85,95,98,100,104,106" machi="13" ten="20,12000,1" yaku="1,1,0,1,7,1,52,1,53,1" doraHai="99" doraHaiUra="56" who="0" fromWho="0" sc="335,133,93,-41,157,-41,405,-41" /><INIT seed="4,2,0,4,5,56" ten="468,52,116,364" oya="0" hai0="105,104,75,77,135,14,52,63,111,27,6,87,123" hai1="54,60,21,72,122,50,71,17,128,70,67,114,23" hai2="53,95,113,132,97,88,47,43,82,84,89,34,68" hai3="41,32,25,98,24,80,36,79,96,73,106,126,18"/><T64/><D123/><U61/><E122/><V92/><F113/><W33/><G126/><T62/><D111/><U94/><E114/><V91/><F132/><W130/><G130/><T107/><D75/><U124/><E128/><V83/><F34/><W45/><G32/><T108/><D108/><U66/><E124/><V9/><F68/><W112/><G112/><T4/><D135/><U20/><E72/><V51/><F9/><W109/><G109/><T57/><D27/><U117/><E117/><V16/><F16/><W120/><G120/><T81/><REACH who="0" step="1"/><D14/><REACH who="0" ten="458,52,116,364" step="2"/><U13/><REACH who="1" step="1"/><E94/><REACH who="1" ten="458,42,116,364" step="2"/><V116/><F116/><W118/><G118/><T19/><D19/><U2/><E2/><V29/><F92/><W8/><G18/><T35/><D35/><U129/><E129/><V78/><F95/><W76/><G33/><T22/><D22/><U102/><E102/><V100/><F100/><W58/><G73/><T1/><D1/><U69/><E69/><AGARI ba="2,2" hai="4,6,52,57,62,63,64,69,77,81,87,104,105,107" machi="69" ten="40,12000,1" yaku="1,1,52,2,54,1,53,0" doraHai="56" doraHaiUra="40" who="0" fromWho="1" sc="458,146,42,-126,116,0,364,0" owari="604,70.0,-84,-58.0,116,-28.0,364,16.0" /></mjloggm>