<mjloggm ver="2.3"><GO type="169" lobby="0"/><UN n0="%E8%8B%B1%E5%9B%BD%E5%A3%B2%E5%8D%B4" n1="%7A%6B%75%72%74" n2="%E5%BD%A9%E4%BA%AC" n3="%E3%81%8B%E3%81%8B%E3%81%8B%E3%81%8B" dan="18,17,17,16" rate="2238.53,2223.83,2199.65,2106.08" sx="M,M,M,M"/><TAIKYOKU oya="0"/><INIT seed="0,0,0,3,2,17" ten="250,250,250,250" oya="0" hai0="58,107,55,80,84,32,128,114,27,87,1,13,111" hai1="117,92,59,72,91,125,97,77,108,31,44,101,37" hai2="40,9,112,52,33,7,106,134,130,11,90,29,118" hai3="113,4,73,41,109,100,42,62,135,71,57,96,20"/><T94/><D114/><U53/><E117/><V132/><F112/><W2/><G71/><T3/><D107/><U51/><E108/><V120/><F106/><W124/><G73/><T18/><D128/><U15/><E125/><V119/><F120/><W63/><G63/><T89/><D111/><U30/><E77/><V60/><F130/><W98/><G135/><N who="2" m="51753" /><F40/><W66/><G113/><T16/><D18/><U131/><E72/><V23/><F33/><W6/><G124/><T126/><D126/><U75/><E75/><V64/><F90/><W110/><G110/><T0/><D27/><U102/><E131/><V99/><F99/><N who="3" m="37931" /><G2/><T46/><D32/><U88/><E91/><V76/><F76/><W19/><G100/><T5/><D46/><U26/><E31/><V14/><F11/><W95/><G95/><T36/><D5/><N who="3" m="2153" /><G109/><T25/><D25/><AGARI ba="0,0" hai="19,20,25,41,42,57,62,66" m="2153,37931" machi="25" ten="30,2000,0" yaku="8,1,52,1" doraHai="17" who="3" fromWho="0" sc="250,-20,250,0,250,0,250,20" /><INIT seed="1,0,0,2,0,134" ten="230,250,250,270" oya="1" hai0="103,135,47,122,97,1,7,19,31,15,65,91,82" hai1="77,72,121,104,11,46,43,39,34,0,32,60,114" hai2="14,125,64,98,94,132,88,27,13,116,26,117,42" hai3="56,95,55,105,92,66,10,69,80,110,57,89,53"/><U4/><E114/><V100/><F132/><W23/><G105/><T90/><D135/><U109/><E121/><V93/><F42/><W63/><G110/><T49/><D7/><U2/><E2/><V76/><F76/><W102/><G102/><T12/><D12/><U28/><E109/><V101/><F64/><W74/><G10/><T71/><D1/><U62/><E104/><V68/><F98/><W86/><G74/><T18/><D18/><U22/><E22/><V112/><F112/><W36/><G36/><T84/><D31/><U16/><E16/><V87/><F87/><W108/><G108/><T129/><D129/><U128/><E128/><V96/><F96/><W20/><G69/><T118/><D118/><U130/><E130/><V50/><F50/><W119/><G66/><T123/><D65/><U35/><REACH who="1" step="1"/><E28/><REACH who="1" ten="230,240,250,270" step="2"/><V38/><F117/><W17/><G119/><T85/><D122/><U133/><E133/><V107/><F107/><W48/><REACH who="3" step="1"/><G20/><REACH who="3" ten="230,240,250,260" step="2"/><T58/><D123/><U131/><E131/><V79/><F116/><W5/><G5/><T78/><D19/><U99/><E99/><V115/><F115/><W70/><G70/><T61/><D71/><U25/><E25/><AGARI ba="0,2" hai="17,23,25,48,53,55,56,57,63,80,86,89,92,95" machi="25" ten="30,3900,0" yaku="1,1,7,1,8,1,53,0" doraHai="134" doraHaiUra="40" who="3" fromWho="1" sc="230,0,240,-39,250,0,260,59" /><INIT seed="2,0,0,5,2,37" ten="230,201,250,319" oya="2" hai0="87,100,16,111,46,33,121,115,40,94,42,49,54" hai1="122,117,57,102,67,12,64,130,80,123,34,26,59" hai2="2,77,61,129,58,116,4,36,92,114,27,97,62" hai3="127,29,32,7,113,105,104,51,17,44,110,95,15"/><V107/><F116/><W41/><G7/><T48/><D115/><U118/><E102/><V73/><F114/><W71/><G71/><T13/><D33/><U47/><E80/><V109/><F129/><W82/><G113/><T79/><D121/><N who="1" m="46091" /><E12/><V50/><F36/><W9/><G110/><T24/><D111/><U78/><E78/><V99/><F27/><W103/><G127/><T19/><D49/><U88/><E26/><V112/><F112/><W135/><G135/><T89/><D100/><U20/><E20/><V1/><F107/><W11/><G11/><N who="0" m="6207" /><D79/><U0/><E0/><V22/><F2/><W55/><G29/><T108/><D108/><U25/><E25/><V35/><F1/><W31/><G31/><T75/><D75/><U132/><E34/><V84/><F35/><W39/><G32/><T14/><D24/><U66/><E88/><V63/><F77/><W6/><G82/><T126/><D126/><U85/><E85/><V18/><F73/><W76/><G76/><T23/><AGARI ba="0,0" hai="14,19,23,40,42,46,48,54,87,89,94" m="6207" machi="23" ten="30,7900,0" yaku="8,1,52,2,54,1" doraHai="37" who="0" fromWho="0" sc="230,79,201,-20,250,-39,319,-20" /><INIT seed="3,0,0,1,3,115" ten="309,181,211,299" oya="3" hai0="56,45,19,36,120,81,92,104,11,100,96,10,88" hai1="125,106,64,102,124,116,31,87,99,24,32,134,76" hai2="18,94,63,123,114,111,27,121,77,122,119,105,48" hai3="57,60,12,89,71,0,29,39,70,14,109,69,42"/><W72/><G72/><T129/><D120/><U9/><E134/><V47/><F105/><W5/><G0/><T17/><D129/><U103/><E103/><V98/><F114/><W2/><G2/><T50/><D36/><U6/><E87/><V74/><F111/><W86/><G109/><T35/><D35/><U117/><E76/><V82/><F63/><W97/><G97/><T41/><D56/><U130/><E130/><V15/><F27/><W1/><G29/><T126/><D126/><N who="1" m="48747" /><E64/><V3/><F3/><AGARI ba="0,0" hai="3,6,9,24,31,32,99,102,106,116,117" m="48747" machi="3" ten="30,7700,0" yaku="18,1,23,1,52,2" doraHai="115" who="1" fromWho="2" sc="309,0,181,77,211,-77,299,0" /><INIT seed="4,0,0,4,5,111" ten="309,258,134,299" oya="0" hai0="57,76,53,86,50,114,89,35,54,119,72,28,66" hai1="101,49,12,73,39,22,11,116,10,68,37,18,29" hai2="8,123,82,110,97,27,98,112,38,128,92,87,61" hai3="133,24,135,45,62,96,105,25,17,95,94,130,20"/><T13/><D114/><U44/><E116/><V48/><F38/><W80/><G130/><T15/><D119/><U81/><E68/><V67/><F123/><W14/><G105/><T103/><D103/><U7/><E101/><V70/><F128/><W59/><G80/><T60/><D72/><U69/><E69/><V120/><F120/><W23/><G45/><T26/><D76/><U4/><E29/><V0/><F110/><W85/><G85/><T125/><D125/><U113/><E113/><V64/><F64/><W104/><G104/><T56/><D66/><U5/><E73/><V99/><F112/><W47/><G47/><T16/><REACH who="0" step="1"/><D16/><REACH who="0" ten="299,258,134,299" step="2"/><U40/><E11/><V109/><F8/><W34/><G17/><T30/><D30/><U88/><E10/><V100/><F109/><W42/><G135/><T115/><D115/><U118/><E118/><V71/><F67/><W117/><G133/><T32/><D32/><U124/><E124/><V79/><F100/><W127/><G34/><T93/><AGARI ba="0,1" hai="13,15,26,28,35,50,53,54,56,57,60,86,89,93" machi="93" ten="20,3900,0" yaku="1,1,0,1,7,1,53,0" doraHai="111" doraHaiUra="106" who="0" fromWho="0" sc="299,49,258,-13,134,-13,299,-13" /><INIT seed="4,1,0,0,5,40" ten="348,245,121,286" oya="0" hai0="45,10,129,1,15,49,83,63,112,124,95,82,51" hai1="3,20,89,103,104,37,62,81,105,25,120,39,90" hai2="72,107,125,52,56,23,134,97,6,47,102,75,11" hai3="133,61,96,19,34,93,123,14,32,99,132,100,26"/><T0/><D112/><U130/><E120/><V9/><F134/><N who="3" m="51819" /><G26/><T42/><D124/><U135/><E135/><V111/><F125/><W77/><G77/><T12/><D129/><U79/><E130/><V121/><F111/><W66/><G99/><T18/><D63/><U46/><E3/><V80/><F121/><W27/><G27/><T7/><D95/><U127/><E127/><V41/><F23/><N who="3" m="11767" /><G123/><T110/><D110/><U64/><E103/><V57/><F80/><W36/><G36/><T73/><D51/><U78/><E105/><V101/><F101/><W118/><G118/><T5/><D5/><U128/><E104/><V98/><F98/><W8/><G8/><T88/><D82/><U60/><E128/><V92/><F107/><W68/><AGARI ba="1,0" hai="32,34,61,66,68,93,96,100" m="11767,51819" machi="68" ten="30,1100,0" yaku="20,1" doraHai="40" who="3" fromWho="3" sc="348,-6,245,-4,121,-4,286,14" /><INIT seed="5,0,0,4,2,97" ten="342,241,117,300" oya="1" hai0="108,120,60,63,134,64,119,57,115,56,91,117,11" hai1="121,131,92,33,123,26,46,76,133,132,9,81,125" hai2="93,5,54,104,94,86,75,39,88,85,34,90,15" hai3="67,96,12,83,78,16,135,1,8,17,58,53,110"/><U79/><E131/><V74/><F34/><W130/><G110/><T21/><D108/><U44/><E125/><V71/><F104/><W128/><G1/><T10/><D115/><U30/><E9/><V111/><F111/><W7/><G67/><T35/><D35/><U38/><E92/><V29/><F71/><W106/><G135/><N who="1" m="51786" /><E79/><V66/><F66/><W25/><G96/><T118/><D134/><U73/><E38/><V22/><F39/><W45/><G106/><T112/><D112/><U113/><E113/><V87/><F87/><N who="3" m="48631" /><G130/><T126/><D126/><U82/><E82/><V89/><F89/><W116/><G116/><T50/><D91/><U69/><E69/><V98/><F98/><W6/><G128/><T4/><D119/><U102/><E102/><V122/><F122/><AGARI ba="0,0" hai="26,30,33,44,46,73,76,81,121,122,123" m="51786" machi="122" ten="30,1500,0" yaku="20,1" doraHai="97" who="1" fromWho="2" sc="342,0,241,15,117,-15,300,0" /><INIT seed="5,1,0,3,0,27" ten="342,256,102,300" oya="1" hai0="123,64,3,38,65,17,109,41,133,51,118,134,132" hai1="56,126,89,113,110,93,99,100,82,66,84,53,20" hai2="35,67,52,57,29,73,81,120,43,98,117,125,32" hai3="24,119,79,87,71,15,91,8,85,60,59,77,16"/><U88/><E113/><V2/><F120/><W112/><G71/><T47/><D3/><U25/><E126/><V62/><F117/><W23/><G112/><T36/><D17/><U55/><E110/><V26/><F125/><W39/><G39/><N who="0" m="14891" /><D118/><U96/><E66/><N who="0" m="25705" /><D123/><U115/><E115/><V4/><F43/><W74/><G74/><T116/><D116/><U49/><E55/><V101/><F35/><W76/><G119/><T107/><D107/><U129/><E129/><V72/><F81/><W130/><G130/><T11/><D11/><U63/><E49/><V61/><F4/><W28/><G91/><T33/><D33/><U128/><E128/><V83/><F83/><W86/><G60/><T46/><D46/><U30/><E99/><V58/><REACH who="2" step="1"/><F2/><REACH who="2" ten="342,256,92,300" step="2"/><W44/><G44/><T10/><D109/><U1/><E1/><V106/><AGARI ba="1,1" hai="26,29,32,52,57,58,61,62,67,72,73,98,101,106" machi="106" ten="20,12000,2" yaku="1,1,2,1,0,1,7,1,52,1,54,1,53,0" doraHai="27" doraHaiUra="13" who="2" fromWho="2" sc="342,-31,256,-61,92,133,300,-31" /><INIT seed="6,0,0,4,1,96" ten="311,195,225,269" oya="2" hai0="55,119,48,107,59,7,46,132,95,13,54,104,26" hai1="133,42,131,114,4,36,103,66,124,30,2,82,74" hai2="113,71,49,18,53,5,58,81,15,120,77,16,79" hai3="31,101,38,63,1,10,84,57,89,86,83,9,28"/><V93/><F120/><W110/><G110/><T34/><D132/><U75/><E66/><V112/><F71/><W40/><G38/><T24/><D119/><U43/><E30/><N who="3" m="11306" /><G1/><T19/><D34/><U85/><E133/><V52/><F93/><W130/><G40/><T123/><D123/><U68/><E68/><V76/><F81/><N who="3" m="49295" /><G130/><T135/><D107/><U50/><E131/><V88/><F88/><N who="3" m="51295" /><G101/><T127/><D104/><U56/><E36/><V14/><F5/><W109/><G109/><T37/><D37/><U22/><E4/><V70/><F70/><W62/><G62/><T99/><D7/><U27/><E2/><V45/><F112/><W61/><G61/><N who="0" m="36087" /><D127/><U129/><E114/><V35/><F35/><W25/><G25/><T111/><D111/><U0/><E0/><V87/><F87/><W65/><AGARI ba="0,0" hai="9,10,57,63,65" m="51295,49295,11306" machi="65" ten="30,2000,0" yaku="8,1,54,1" doraHai="96" who="3" fromWho="3" sc="311,-5,195,-5,225,-10,269,20" /><INIT seed="7,0,0,0,2,130" ten="306,190,215,289" oya="3" hai0="53,66,72,56,109,45,34,0,119,47,115,127,116" hai1="26,54,78,35,31,93,2,58,95,38,81,135,30" hai2="113,37,32,49,131,65,17,103,68,12,92,20,77" hai3="102,55,61,111,60,29,70,118,9,100,84,89,75"/><W36/><G75/><T63/><D72/><U112/><E112/><V129/><F113/><W21/><G36/><T90/><D115/><U128/><E128/><N who="2" m="49227" /><F37/><W71/><G118/><T7/><D34/><U69/><E38/><V114/><F32/><W59/><G111/><T1/><D109/><U83/><E69/><V50/><F77/><W41/><G41/><T43/><D1/><U73/><E2/><V107/><F107/><W132/><G132/><T22/><D90/><U42/><E42/><V94/><F114/><W19/><G71/><T5/><D0/><U14/><E31/><V62/><F94/><W88/><G89/><T96/><D43/><U87/><E14/><V52/><F52/><N who="3" m="33895" /><G9/><T110/><D110/><U23/><E35/><V16/><F17/><W64/><G64/><T125/><D96/><AGARI ba="0,0" hai="12,16,20,49,50,62,65,68,92,96,103" m="49227" machi="96" ten="30,2000,0" yaku="19,1,54,1" doraHai="130" who="2" fromWho="0" sc="306,-20,190,0,215,20,289,0" /><INIT seed="8,0,0,2,3,50" ten="286,190,235,289" oya="0" hai0="25,119,81,0,71,112,124,53,20,28,18,55,79" hai1="103,114,15,100,39,89,9,26,63,21,30,80,12" hai2="75,69,98,116,129,31,86,85,122,60,88,117,91" hai3="111,128,118,40,70,106,65,68,8,48,54,16,133"/><T108/><D119/><N who="2" m="45642" /><F122/><W42/><G111/><T101/><D112/><U57/><E39/><V97/><F75/><W102/><G118/><T105/><D71/><U83/><E114/><V74/><F74/><W109/><G109/><T44/><D108/><U130/><E130/><V84/><F129/><W125/><G128/><T29/><D0/><U96/><E15/><V93/><F31/><N who="0" m="11850" /><D105/><U67/><E89/><V56/><F69/><N who="3" m="26731" /><G65/><T58/><D101/><U135/><E135/><V73/><F73/><W115/><G106/><T61/><D124/><U127/><E127/><V51/><F51/><W47/><G115/><T59/><D44/><U14/><E14/><V23/><F23/><W3/><G102/><T37/><D37/><U1/><E1/><V131/><F131/><W113/><G113/><T24/><D24/><U2/><E2/><V52/><F98/><W126/><G126/><T41/><D41/><U32/><E32/><V132/><F132/><W17/><G133/><T66/><D59/><U43/><E43/><N who="3" m="16426" /><G125/><T36/><D36/><U5/><REACH who="1" step="1"/><E103/><AGARI ba="0,0" hai="52,56,60,84,85,86,88,91,93,97,103" m="45642" machi="103" ten="30,8000,1" yaku="16,1,12,1,52,1,54,2" doraHai="50" who="2" fromWho="1" sc="286,0,190,-80,235,80,289,0" owari="286,-11.0,110,-39.0,315,41.0,289,9.0" /></mjloggm>