<mjloggm ver="2.3"><GO type="169" lobby="0"/><UN n0="%4B%69%7A%75%6E%65%72" n1="%E5%8D%97%E5%B8%9D%E5%8D%97%E6%B5%A6" n2="%E5%90%89%E6%BE%A4%E2%98%86%E7%91%A0%E5%81%89" n3="%E3%83%94%E3%83%B3%E3%83%9D%E3%83%B3%E3%83%91%E3%83%BC%E3%83%AB" dan="17,16,16,16" rate="2195.61,2089.55,2135.71,2097.61" sx="F,F,M,F"/><TAIKYOKU oya="0"/><INIT seed="0,0,0,4,0,28" ten="250,250,250,250" oya="0" hai0="122,87,79,105,51,132,1,70,102,46,116,104,63" hai1="83,108,36,94,59,25,110,20,75,54,10,0,95" hai2="19,98,14,29,30,31,130,123,35,77,91,124,86" hai3="33,73,8,50,133,109,67,32,115,57,24,69,26"/><T135/><D1/><U22/><E36/><V92/><F123/><W125/><G73/><T39/><D122/><U84/><E75/><V47/><F130/><W76/><G69/><T12/><D39/><U53/><E10/><V113/><F113/><W27/><G76/><T65/><D116/><U72/><E0/><V121/><F124/><W101/><G115/><T58/><D70/><U3/><E3/><V90/><F77/><W41/><G125/><T64/><D64/><U18/><E72/><V100/><F121/><W44/><G133/><N who="0" m="51275" /><D102/><U111/><E22/><V13/><F13/><W6/><G109/><T42/><D12/><U117/><E117/><V68/><F47/><W127/><G127/><T55/><D65/><U38/><E38/><V17/><F68/><W107/><G101/><T52/><D55/><N who="1" m="21003" /><E59/><V78/><F78/><AGARI ba="0,0" hai="18,20,25,78,83,84,94,95,108,110,111" m="21003" machi="78" ten="30,1000,0" yaku="14,1" doraHai="28" who="1" fromWho="2" sc="250,0,250,10,250,-10,250,0" /><INIT seed="1,0,0,1,1,95" ten="250,260,240,250" oya="1" hai0="21,67,23,25,47,75,57,90,102,124,117,73,97" hai1="14,43,125,12,76,92,13,44,94,134,101,1,81" hai2="114,111,46,32,128,110,63,129,30,34,65,6,61" hai3="106,108,68,49,104,53,112,11,19,41,42,36,98"/><U28/><E1/><V16/><F6/><W33/><G112/><T96/><D117/><U2/><E2/><V88/><F114/><W116/><G68/><T48/><D124/><U78/><E125/><V130/><F46/><W37/><G116/><T127/><D127/><U122/><E122/><V56/><F30/><W55/><G33/><T38/><D38/><U80/><E28/><V131/><N who="2" m="32768" /><DORA hai="20" /><V0/><F0/><W4/><G19/><T58/><D90/><U87/><E101/><V69/><F88/><W135/><G49/><T89/><D89/><U17/><E17/><V31/><F16/><W45/><G135/><T40/><D23/><U77/><E134/><V79/><F79/><W99/><G45/><T72/><D67/><U113/><E113/><V60/><F60/><W7/><REACH who="3" step="1"/><G11/><REACH who="3" ten="250,260,240,240" step="2"/><T93/><REACH who="0" step="1"/><D96/><REACH who="0" ten="240,260,240,240" step="2"/><U66/><E66/><N who="2" m="39207" /><F34/><W59/><G59/><T84/><D84/><U119/><E87/><V64/><F65/><W105/><G105/><T35/><D35/><U10/><E119/><V54/><F54/><W85/><G85/><T50/><D50/><N who="1" m="26911" /><E10/><V74/><F74/><W83/><G83/><AGARI ba="0,2" hai="12,13,14,76,77,78,80,81,83,92,94" m="26911" machi="83" ten="30,1500,0" yaku="8,1" doraHai="95,20" who="1" fromWho="3" sc="240,0,260,35,240,0,240,-15" /><INIT seed="1,1,0,0,5,16" ten="240,295,240,225" oya="1" hai0="79,122,99,70,110,126,46,117,69,63,37,28,83" hai1="25,61,22,39,2,52,118,47,108,123,35,53,30" hai2="130,91,101,58,132,4,68,24,57,14,40,0,66" hai3="94,127,90,20,86,73,9,92,65,85,29,125,103"/><U60/><E118/><V124/><F0/><W84/><G65/><T64/><D117/><U120/><E2/><V107/><F40/><W116/><G116/><T45/><D122/><U11/><E11/><V74/><F74/><W17/><G29/><T13/><D110/><U98/><E108/><V112/><F112/><W82/><G9/><T23/><D126/><N who="3" m="48137" /><G73/><T109/><D109/><U119/><E119/><V27/><F124/><W129/><G129/><T59/><D70/><U75/><E75/><V5/><F68/><W106/><G106/><T134/><D134/><U100/><E35/><V48/><F101/><W104/><G104/><T34/><D34/><U42/><E61/><V21/><F107/><W131/><G131/><T102/><D37/><U67/><E120/><V71/><F71/><W55/><G55/><T15/><D69/><U38/><E38/><V49/><F66/><W81/><G103/><T128/><D128/><U115/><E115/><V95/><F130/><W96/><G94/><N who="0" m="58743" /><D13/><AGARI ba="1,0" hai="13,17,20,81,82,84,85,86,90,92,96" m="48137" machi="13" ten="30,2000,0" yaku="18,1,52,1" doraHai="16" who="3" fromWho="0" sc="240,-23,295,0,240,0,225,23" /><INIT seed="2,0,0,5,4,53" ten="217,295,240,248" oya="2" hai0="65,10,13,0,129,36,23,26,24,45,84,28,64" hai1="104,134,73,1,87,50,42,25,20,121,117,90,62" hai2="33,27,7,18,79,69,21,80,61,98,8,93,100" hai3="106,68,123,60,110,31,55,39,46,16,105,11,67"/><V81/><F33/><W19/><G123/><T2/><D129/><U15/><E117/><V4/><F4/><W41/><G110/><T132/><D132/><U109/><E134/><V114/><F114/><W22/><G31/><T56/><D84/><U111/><E73/><V130/><F130/><W48/><G11/><T95/><D95/><U124/><E104/><V17/><F17/><W5/><G5/><T119/><D119/><U34/><E124/><V118/><F118/><W113/><G113/><T103/><D103/><U32/><E1/><V54/><F69/><W112/><G19/><T44/><D36/><U89/><E121/><V49/><F61/><W43/><G112/><T37/><D37/><U131/><E131/><V72/><F72/><W9/><G9/><T88/><D26/><U128/><E128/><V3/><REACH who="2" step="1"/><F79/><REACH who="2" ten="217,295,230,248" step="2"/><W133/><G133/><T14/><D28/><N who="1" m="17447" /><E34/><V125/><F125/><W74/><G74/><T94/><D2/><U116/><E32/><V91/><F91/><W83/><G83/><T58/><D88/><U102/><E116/><V52/><F52/><W35/><G35/><T99/><D0/><U122/><E122/><V63/><F63/><W101/><G43/><T71/><D71/><U126/><E126/><V30/><F30/><W12/><G101/><T75/><D75/><U59/><E111/><V66/><F66/><W57/><AGARI ba="0,1" hai="12,16,22,39,41,46,48,55,57,60,67,68,105,106" machi="57" ten="20,12000,2" yaku="0,1,7,1,24,2,52,1,54,1" doraHai="53" who="3" fromWho="3" sc="217,-30,295,-30,230,-60,248,130" /><INIT seed="3,0,0,5,3,32" ten="187,265,170,378" oya="3" hai0="134,44,81,46,13,5,124,121,14,58,112,92,71" hai1="47,106,109,108,52,60,104,83,53,24,100,61,115" hai2="45,10,98,3,73,50,95,21,35,55,41,76,20" hai3="130,54,17,80,25,68,75,94,122,78,70,125,43"/><W15/><G122/><T84/><D124/><U118/><E24/><V72/><F35/><W79/><G125/><T111/><D121/><U133/><E83/><V6/><F73/><W22/><G130/><T31/><D71/><U123/><E123/><V117/><F117/><W11/><G43/><T131/><D131/><U0/><E115/><V63/><F76/><W9/><G9/><T99/><D112/><U96/><E47/><V97/><F97/><W26/><G26/><T107/><D107/><U88/><E118/><V113/><F72/><W7/><G79/><T48/><D111/><N who="1" m="42571" /><E133/><V2/><F3/><W18/><G18/><T1/><D31/><U86/><E0/><V66/><F41/><W114/><G114/><T128/><D128/><U90/><E106/><V119/><F119/><W89/><REACH who="3" step="1"/><G54/><REACH who="3" ten="187,265,170,368" step="2"/><N who="1" m="21098" /><E86/><AGARI ba="0,1" hai="7,11,15,17,22,25,68,70,75,78,80,86,89,94" machi="86" ten="30,5800,0" yaku="1,1,7,1,53,1" doraHai="32" doraHaiUra="8" who="3" fromWho="1" sc="187,0,265,-58,170,0,368,68" /><INIT seed="3,1,0,1,5,33" ten="187,207,170,436" oya="3" hai0="5,38,30,100,24,126,69,117,134,17,94,58,29" hai1="18,68,84,63,14,82,93,6,56,118,88,73,20" hai2="86,25,103,77,11,32,112,104,50,34,44,127,90" hai3="1,125,47,114,116,46,122,28,113,121,128,79,67"/><W110/><G79/><T21/><D69/><U89/><E73/><V81/><F112/><N who="3" m="43115" /><G28/><T36/><D117/><U123/><E123/><N who="3" m="47114" /><G116/><T85/><D126/><U37/><E37/><V62/><F127/><W48/><G125/><T111/><D111/><U53/><E68/><V16/><F104/><W7/><G7/><T8/><D134/><U64/><E118/><V39/><F103/><W52/><G1/><T31/><D58/><U105/><E105/><V71/><F77/><W97/><G97/><T66/><D66/><U26/><E6/><V43/><F25/><W131/><G110/><T70/><D70/><U3/><E3/><V23/><F23/><W76/><G76/><T99/><REACH who="0" step="1"/><D85/><REACH who="0" ten="177,207,170,436" step="2"/><U98/><REACH who="1" step="1"/><E64/><REACH who="1" ten="177,197,170,436" step="2"/><V109/><F71/><W12/><G67/><T19/><D19/><U96/><E96/><V4/><F16/><W129/><G46/><T87/><D87/><U27/><AGARI ba="1,2" hai="14,18,20,26,27,53,56,63,82,84,88,89,93,98" machi="27" ten="30,7900,0" yaku="1,1,0,1,8,1,54,1,53,0" doraHai="33" doraHaiUra="72" who="1" fromWho="1" sc="177,-21,197,102,170,-21,436,-40" /><INIT seed="4,0,0,2,3,35" ten="156,299,149,396" oya="0" hai0="123,27,85,24,55,60,128,124,126,8,104,112,18" hai1="59,30,83,102,49,87,64,11,122,13,77,109,99" hai2="105,80,41,130,89,127,17,10,40,93,56,25,92" hai3="72,48,129,44,86,96,69,100,36,73,78,37,34"/><T116/><D104/><U7/><E122/><V42/><F105/><W45/><G34/><T29/><D123/><U133/><E109/><V119/><F119/><W88/><G69/><T81/><D116/><U26/><E133/><V91/><F130/><W12/><G129/><T107/><D107/><U23/><E49/><V114/><F114/><W110/><G110/><T74/><D74/><U79/><E87/><V0/><F127/><N who="0" m="48682" /><D128/><U70/><E83/><V95/><F56/><W39/><G78/><T16/><D112/><U28/><E70/><V38/><F38/><W115/><G115/><T61/><D8/><U67/><E30/><V90/><F25/><W125/><G125/><T121/><D121/><U118/><E118/><V117/><F117/><W63/><G72/><T111/><D111/><U1/><E67/><V57/><F57/><W54/><G73/><T2/><D2/><U132/><E132/><V22/><F10/><W21/><G39/><T135/><D135/><U134/><E134/><V84/><F0/><W6/><G37/><T75/><D75/><U98/><E1/><V33/><F33/><W94/><G36/><T47/><D27/><U46/><E46/><V52/><F52/><W31/><G45/><T76/><D47/><U32/><E32/><V19/><F22/><W5/><G31/><T20/><D55/><U108/><E108/><V131/><F131/><W101/><G54/><T66/><D66/><U50/><E64/><V4/><F4/><W106/><G44/><T43/><D43/><U3/><E3/><V113/><F113/><W53/><G5/><RYUUKYOKU ba="0,0" sc="156,15,299,-15,149,15,396,-15" hai0="16,18,20,24,29,60,61,76,81,85" hai2="17,19,40,41,42,80,84,89,90,91,92,93,95" /><INIT seed="4,1,0,4,0,69" ten="171,284,164,381" oya="0" hai0="60,117,91,51,83,72,45,100,93,65,36,130,40" hai1="25,0,81,16,26,59,98,18,121,125,52,34,22" hai2="50,2,96,133,13,58,62,12,17,84,8,87,47" hai3="105,95,68,118,108,126,80,48,85,114,106,70,57"/><T131/><D117/><U127/><E121/><V11/><F2/><W64/><G118/><T94/><D100/><U55/><E0/><V14/><F133/><W132/><G132/><T115/><D115/><U53/><E81/><V123/><F123/><W54/><G108/><T109/><D109/><U66/><E98/><V75/><F75/><W56/><G114/><T129/><D51/><U15/><E34/><V89/><F96/><W97/><G68/><T88/><D72/><U19/><E15/><V78/><F78/><W9/><G70/><N who="0" m="42279" /><D83/><U79/><E79/><V23/><F8/><W101/><G106/><T39/><D39/><U6/><E6/><V49/><F47/><W71/><G105/><T119/><D119/><U38/><E38/><V77/><F77/><W110/><G71/><T29/><D29/><U30/><REACH who="1" step="1"/><E25/><REACH who="1" ten="171,274,164,381" step="2"/><V43/><F14/><W76/><G80/><T42/><D42/><U122/><E122/><V99/><F43/><W124/><G76/><T134/><D134/><U21/><E21/><V27/><F13/><W82/><G82/><T46/><D46/><U1/><E1/><V135/><F135/><W86/><G110/><T33/><D33/><U67/><E67/><N who="2" m="39383" /><F84/><W31/><G85/><T20/><D20/><U5/><E5/><N who="2" m="3183" /><F87/><W120/><G86/><T10/><D10/><U24/><E24/><V74/><F74/><W111/><G120/><T37/><D37/><U61/><AGARI ba="1,1" hai="16,18,19,22,26,30,52,53,55,59,61,66,125,127" machi="61" ten="40,8000,1" yaku="1,1,0,1,54,2,53,0" doraHai="69" doraHaiUra="107" who="1" fromWho="1" sc="171,-41,274,93,164,-21,381,-21" /><INIT seed="5,0,0,2,3,47" ten="130,367,143,360" oya="1" hai0="29,17,27,38,87,50,79,11,61,113,101,117,119" hai1="46,77,125,30,54,104,0,110,71,76,59,116,103" hai2="26,78,131,36,132,35,80,102,82,58,84,109,89" hai3="37,65,124,56,126,73,83,52,97,16,4,81,70"/><U53/><E116/><V107/><F36/><W42/><G4/><T19/><D38/><U90/><E0/><V32/><F109/><W55/><G70/><T25/><D101/><U10/><E71/><V9/><F132/><W51/><G73/><T128/><D128/><U7/><E30/><V127/><F131/><W135/><G135/><T115/><D61/><U94/><E110/><V39/><F39/><W123/><G123/><T40/><D79/><U28/><E28/><V49/><F26/><N who="0" m="9738" /><D87/><U118/><E118/><N who="0" m="45065" /><D29/><U91/><E104/><V8/><F102/><W133/><G133/><T121/><D121/><U31/><E31/><V3/><F107/><W2/><G2/><T41/><D50/><U129/><E129/><V108/><F108/><W5/><G5/><T96/><D96/><U13/><E103/><V48/><F58/><N who="3" m="33055" /><G97/><T120/><D120/><U111/><E111/><V68/><F68/><W69/><G69/><T18/><D11/><U134/><E134/><V66/><F3/><W85/><G65/><T6/><D6/><U88/><E94/><V95/><F66/><W106/><G106/><T67/><D67/><U62/><E125/><N who="3" m="48234" /><G85/><T22/><D22/><U93/><E93/><V15/><F84/><W21/><G37/><T92/><D92/><U72/><E72/><V112/><F95/><W14/><G42/><AGARI ba="0,0" hai="17,18,19,40,41,42,113,115" m="45065,9738" machi="42" ten="40,2600,0" yaku="28,2" doraHai="47" who="0" fromWho="3" sc="130,26,367,0,143,0,360,-26" /><INIT seed="6,0,0,5,4,93" ten="156,367,143,334" oya="2" hai0="116,11,82,108,1,14,112,129,31,61,83,51,123" hai1="5,117,34,67,13,6,107,10,85,58,90,76,40" hai2="118,28,3,7,131,87,70,114,62,74,59,72,75" hai3="111,32,105,53,39,92,135,27,89,71,45,130,44"/><V127/><F118/><W50/><G105/><T102/><D123/><U20/><E34/><V65/><F114/><W69/><G111/><T0/><D108/><U35/><E35/><V17/><F17/><W18/><G135/><T126/><D126/><U54/><E107/><V41/><F127/><W56/><G130/><T122/><D122/><U110/><E110/><V124/><F124/><W24/><G32/><T134/><D134/><U2/><E76/><V104/><F28/><W88/><G39/><T29/><D112/><U94/><E40/><V23/><F23/><N who="3" m="13431" /><G71/><T80/><D129/><U101/><E117/><V79/><F131/><W77/><G69/><T49/><D116/><U73/><E73/><V86/><F70/><W22/><G77/><T52/><D0/><U125/><E125/><V78/><F41/><W55/><G55/><T119/><D1/><U97/><E67/><V68/><F68/><W15/><G15/><T46/><D119/><U57/><E54/><V38/><F38/><W120/><G120/><T109/><D109/><U33/><E33/><V113/><F113/><W100/><G100/><T66/><D49/><U132/><E132/><V98/><F79/><W106/><G106/><T30/><D102/><U25/><E2/><V26/><F26/><W12/><G12/><T48/><D48/><U37/><E37/><V128/><F78/><W42/><G42/><T95/><D66/><U8/><E5/><V96/><F128/><W63/><G50/><T16/><D61/><U60/><E60/><V43/><F43/><W84/><G89/><T103/><D103/><RYUUKYOKU ba="0,0" sc="156,15,367,-15,143,-15,334,15" hai0="11,14,16,29,30,31,46,51,52,80,82,83,95" hai3="22,27,44,45,53,56,63,84,88,92" /><INIT seed="7,1,0,3,1,128" ten="171,352,128,349" oya="3" hai0="89,106,111,104,102,95,63,76,54,90,61,58,130" hai1="84,36,67,114,7,117,19,15,123,23,51,82,12" hai2="72,30,1,14,29,92,124,24,69,112,83,47,48" hai3="121,2,66,40,129,45,134,11,34,65,46,87,50"/><W115/><G121/><T53/><D111/><U18/><E123/><V68/><F1/><W32/><G129/><T98/><D130/><U27/><E36/><V119/><F119/><W35/><G115/><T55/><D76/><N who="1" m="46151" /><E114/><V93/><F112/><W0/><G134/><T108/><D108/><U57/><E117/><V125/><F72/><W74/><G74/><T43/><D43/><U86/><E86/><V38/><F83/><W4/><G2/><T49/><D63/><N who="1" m="38383" /><E51/><V101/><F38/><W122/><G122/><T41/><D106/><U21/><E7/><V59/><F59/><W110/><G110/><T60/><D60/><U80/><E80/><V20/><F14/><AGARI ba="1,0" hai="12,14,15,18,19,21,23,27" m="38383,46151" machi="14" ten="30,1000,0" yaku="8,1" doraHai="128" who="1" fromWho="2" sc="171,0,352,13,128,-13,349,0" owari="171,-23.0,365,46.0,115,-38.0,349,15.0" /></mjloggm>