<mjloggm ver="2.3"><GO type="169" lobby="0"/><UN n0="%4B%69%7A%75%6E%65%72" n1="%E3%81%A6%E3%82%93%E3%81%BD%E3%81%84%E3%82%93%E3%81%A8" n2="%E3%82%81%E3%82%93%E3%81%A9%E3%81%84" n3="%E7%89%A7%E5%A0%B4%E3%81%AE%E5%B0%91%E5%A5%B3" dan="17,16,16,16" rate="2193.29,2202.84,2047.99,2106.72" sx="F,M,M,M"/><TAIKYOKU oya="0"/><INIT seed="0,0,0,5,0,119" ten="250,250,250,250" oya="0" hai0="83,39,59,36,126,56,65,28,77,18,63,66,13" hai1="101,44,112,27,99,11,128,102,15,85,118,52,89" hai2="105,33,57,4,71,3,17,53,74,124,20,67,134" hai3="106,35,9,115,54,72,97,42,135,84,43,5,16"/><T133/><D126/><U107/><E118/><V117/><F124/><W64/><G115/><T123/><D133/><U82/><E112/><V7/><F74/><W37/><G72/><T0/><D0/><U70/><E70/><V24/><F134/><W122/><G135/><T50/><D28/><U30/><E128/><V22/><F105/><W21/><G35/><T55/><D123/><U96/><E27/><V48/><F33/><W110/><G64/><T103/><D103/><N who="1" m="39435" /><E30/><V51/><F51/><W2/><G106/><T129/><D65/><U45/><E45/><V86/><F3/><W80/><G97/><T76/><D129/><U1/><E1/><V73/><F73/><W61/><G37/><T68/><D68/><U92/><E92/><V25/><F86/><W100/><G100/><T108/><D108/><U87/><E87/><V120/><F120/><W130/><G122/><T40/><D40/><U60/><E60/><V31/><REACH who="2" step="1"/><F117/><REACH who="2" ten="250,250,240,250" step="2"/><W8/><G130/><T90/><D39/><U23/><E107/><V6/><F6/><W62/><G5/><T69/><D36/><U79/><E96/><V127/><F127/><W32/><G32/><T19/><D50/><N who="1" m="28743" /><E99/><V34/><F34/><W125/><G2/><T88/><D63/><AGARI ba="0,1" hai="4,7,17,20,22,24,25,31,48,53,57,63,67,71" machi="63" ten="40,1300,0" yaku="1,1,53,0" doraHai="119" doraHaiUra="29" who="2" fromWho="0" sc="250,-13,250,0,240,23,250,0" /><INIT seed="1,0,0,4,5,28" ten="237,250,263,250" oya="1" hai0="73,52,64,74,18,96,108,15,103,134,44,81,56" hai1="2,119,19,66,78,116,135,131,43,30,69,60,24" hai2="70,34,129,25,12,62,16,41,49,50,35,127,0" hai3="71,79,14,75,128,39,90,23,29,65,80,104,110"/><U92/><E131/><V76/><F0/><W120/><G120/><T68/><D108/><U77/><E2/><V32/><F129/><W101/><G128/><T42/><D134/><U55/><E135/><V98/><F127/><W115/><G115/><T26/><D26/><U100/><E43/><V6/><F76/><W13/><G39/><T47/><D68/><U38/><E38/><V17/><F6/><W95/><G110/><T48/><D64/><U72/><E19/><V97/><F70/><W33/><G23/><T58/><D58/><U91/><E55/><V67/><F67/><W22/><G22/><T106/><D81/><U94/><E92/><V88/><F62/><W9/><G9/><T117/><D117/><U5/><E100/><V46/><F88/><W59/><G59/><T121/><D121/><U11/><E72/><V118/><F50/><W63/><G90/><T123/><D123/><U10/><E116/><V61/><F61/><W83/><G95/><T40/><D40/><U21/><E119/><V82/><F82/><W7/><G7/><T122/><D122/><U107/><E107/><V102/><F102/><W133/><G80/><T86/><D86/><U53/><E53/><V36/><F36/><W126/><G126/><T8/><REACH who="0" step="1"/><D44/><REACH who="0" ten="227,250,263,250" step="2"/><U1/><REACH who="1" step="1"/><E11/><REACH who="1" ten="227,240,263,250" step="2"/><V87/><F118/><W27/><REACH who="3" step="1"/><G133/><REACH who="3" ten="227,240,263,240" step="2"/><T85/><D85/><AGARI ba="0,3" hai="1,5,10,21,24,30,60,66,69,77,78,85,91,94" machi="85" ten="30,5800,0" yaku="1,1,2,1,7,1,53,0" doraHai="28" doraHaiUra="105" who="1" fromWho="0" sc="227,-58,240,88,263,0,240,0" /><INIT seed="1,1,0,3,5,31" ten="169,328,263,240" oya="1" hai0="94,126,7,110,85,96,20,41,38,66,28,89,26" hai1="37,133,114,124,9,21,127,119,45,128,70,43,8" hai2="93,4,60,11,132,125,40,64,16,57,56,44,24" hai3="13,98,108,84,118,99,103,10,19,49,50,5,115"/><U88/><E114/><V135/><F125/><N who="1" m="48201" /><E119/><V123/><F123/><W82/><G108/><T52/><D126/><U17/><E70/><V54/><F93/><W58/><G115/><T65/><D110/><U121/><E121/><V59/><F64/><W91/><G118/><T72/><D72/><U55/><E55/><V102/><F102/><W130/><G130/><T53/><D7/><U63/><E63/><V27/><F27/><W78/><G58/><T109/><D109/><U34/><E133/><N who="2" m="51275" /><F4/><W76/><G5/><T111/><D111/><U25/><E128/><V30/><F30/><W6/><G6/><T112/><D112/><U86/><E34/><V47/><F47/><W117/><G117/><T0/><D38/><U61/><E61/><V107/><F107/><W120/><G120/><T18/><D41/><U23/><E21/><N who="2" m="13351" /><F11/><W81/><G91/><T97/><D0/><U73/><E73/><V106/><F106/><W51/><REACH who="3" step="1"/><G103/><REACH who="3" ten="169,328,263,230" step="2"/><T131/><D131/><U80/><AGARI ba="1,1" hai="8,9,17,23,25,37,43,45,80,86,88" m="48201" machi="80" ten="30,3000,0" yaku="18,1,54,1" doraHai="31" who="1" fromWho="1" sc="169,-11,328,43,263,-11,230,-11" /><INIT seed="1,2,0,3,1,130" ten="158,371,252,219" oya="1" hai0="111,26,81,89,129,95,31,101,99,86,131,2,13" hai1="98,102,112,58,16,128,119,37,67,25,121,90,94" hai2="49,72,18,7,20,57,46,30,103,3,5,120,48" hai3="6,117,74,135,87,19,55,29,56,123,113,24,50"/><U66/><E112/><V105/><F120/><W22/><G123/><T83/><D111/><U42/><E119/><V44/><F72/><W125/><G74/><T97/><D2/><U110/><E121/><V28/><F105/><W35/><G113/><T64/><D64/><U69/><E69/><V9/><F103/><W80/><G125/><T8/><D83/><U75/><E75/><V133/><F57/><W15/><G117/><T39/><D39/><U106/><E128/><V127/><F127/><W82/><G135/><T134/><D134/><U126/><E126/><V14/><F7/><W65/><G65/><T52/><D99/><U0/><E0/><V11/><F11/><W108/><G108/><T36/><D36/><U100/><E110/><V132/><F30/><W93/><REACH who="3" step="1"/><G6/><REACH who="3" ten="158,371,252,209" step="2"/><T43/><D131/><U59/><E67/><V27/><F133/><W122/><G122/><T33/><D129/><U23/><E66/><V38/><F132/><W85/><G85/><T61/><D43/><U109/><E109/><V73/><F73/><W92/><G92/><T71/><D71/><U40/><E40/><V63/><F38/><W17/><G17/><T1/><D1/><U32/><E42/><V124/><F124/><W41/><G41/><T104/><D104/><U10/><E37/><V12/><F18/><W47/><G47/><T96/><D96/><U107/><E107/><V34/><F44/><W88/><AGARI ba="2,1" hai="15,19,22,24,29,35,50,55,56,80,82,87,88,93" machi="88" ten="30,12000,2" yaku="1,1,0,1,25,2,54,1,53,1" doraHai="130" doraHaiUra="54" who="3" fromWho="3" sc="158,-32,371,-62,252,-32,209,136" /><INIT seed="2,0,0,0,4,120" ten="126,309,220,345" oya="2" hai0="16,122,31,2,53,4,28,14,48,58,29,25,92" hai1="39,118,79,72,74,50,96,33,0,124,101,47,71" hai2="13,22,87,86,107,41,83,32,69,78,18,117,125" hai3="112,97,65,116,60,130,105,80,1,132,8,102,26"/><V63/><F117/><W61/><G132/><T73/><D122/><U109/><E118/><V43/><F107/><W49/><G130/><T106/><D106/><N who="1" m="63783" /><E50/><V113/><F113/><W85/><G116/><T54/><D73/><N who="1" m="28267" /><E79/><V110/><F125/><W30/><G112/><T84/><D2/><U90/><E90/><V94/><F32/><W36/><G36/><T37/><D37/><U24/><E124/><V42/><F94/><W115/><G115/><T59/><D4/><U40/><E71/><V81/><F69/><W133/><G133/><T12/><D84/><U93/><E93/><V6/><F6/><W129/><G129/><T127/><D92/><U38/><E38/><V70/><F63/><W100/><G100/><T3/><D3/><U45/><E45/><V131/><F70/><W46/><G8/><T134/><D134/><U66/><E66/><V121/><F121/><W11/><G11/><T10/><D127/><U114/><E0/><V52/><F52/><W56/><G1/><T55/><D14/><U20/><E20/><V119/><F119/><W82/><G60/><T111/><D111/><U75/><N who="1" m="28275" /><U89/><DORA hai="103" /><E89/><V88/><REACH who="2" step="1"/><F131/><REACH who="2" ten="126,309,210,345" step="2"/><W23/><G85/><T15/><D55/><AGARI ba="0,1" hai="23,26,30,46,49,55,56,61,65,80,82,97,102,105" machi="55" ten="30,2000,0" yaku="7,1,52,1" doraHai="120,103" who="3" fromWho="0" sc="126,-20,309,0,210,0,345,30" /><INIT seed="3,0,0,4,2,117" ten="106,309,210,375" oya="3" hai0="20,103,47,79,33,9,132,95,39,91,118,18,21" hai1="25,24,76,135,106,17,57,134,3,50,6,114,78" hai2="116,105,42,7,85,102,45,70,0,31,43,113,100" hai3="61,63,14,52,115,88,54,87,129,59,8,110,56"/><W109/><G115/><T1/><D118/><U98/><E106/><V34/><F113/><W30/><G30/><T55/><D33/><U128/><E98/><V90/><F116/><W44/><G44/><T101/><D132/><N who="1" m="50731" /><E114/><V2/><F2/><W75/><G75/><T94/><D79/><U111/><E57/><V64/><F102/><W40/><G40/><T58/><D47/><U96/><E96/><V104/><F100/><N who="0" m="38474" /><D39/><U97/><E97/><V48/><F42/><W16/><REACH who="3" step="1"/><G129/><REACH who="3" ten="106,309,210,365" step="2"/><T27/><D1/><U60/><E128/><V35/><F45/><W84/><G84/><N who="0" m="52583" /><D95/><AGARI ba="0,1" hai="8,14,16,52,54,56,59,61,63,87,88,95,109,110" machi="95" ten="40,18000,2" yaku="1,1,9,1,54,3,53,1" doraHai="117" doraHaiUra="11" who="3" fromWho="0" sc="106,-180,309,0,210,0,365,190" owari="-74,-57.0,309,11.0,210,-19.0,555,65.0" /></mjloggm>