<mjloggm ver="2.3"><GO type="185" lobby="0"/><UN n0="%E3%82%A2%E3%82%B9%E3%82%BF%E3%83%AD%E3%83%88%E3%81%AE%E5%AE%A3%E5%91%8A" n1="%58%65%6C%65%72%61%74%6F" n2="%E5%A4%9A%E6%9E%97%E6%99%8B" n3="" dan="17,16,16,0" rate="2299.68,2179.62,2168.00,1500.00" sx="M,F,M,C"/><TAIKYOKU oya="0"/><INIT seed="0,0,0,2,3,121" ten="350,350,350,0" oya="0" hai0="132,74,80,69,111,85,122,66,106,107,3,38,77" hai1="55,71,1,110,52,2,119,61,39,126,58,46,82" hai2="72,81,135,115,131,129,60,128,116,43,79,75,109" hai3=""/><T73/><N who="0" m="31264" /><T93/><D3/><U45/><E119/><V94/><F116/><T53/><D38/><U83/><E126/><V91/><F115/><T127/><D69/><U63/><E58/><V92/><F43/><T56/><D66/><U99/><E99/><V42/><F42/><T90/><D127/><U133/><E71/><V36/><F36/><T62/><D132/><U84/><E84/><V89/><F60/><T118/><D118/><U49/><E39/><V124/><F124/><T34/><D34/><U44/><E44/><V123/><N who="2" m="31520" /><V104/><F104/><T76/><D111/><U101/><E101/><V100/><F109/><T117/><D117/><U113/><E49/><V96/><F135/><T37/><D37/><U125/><E125/><V103/><F72/><T130/><D130/><U33/><E113/><V57/><F57/><T78/><D78/><U64/><E133/><V47/><F47/><T88/><D90/><U54/><E110/><V98/><AGARI ba="0,0" hai="75,79,81,89,91,92,94,96,98,100,103,128,129,131" m="31520" machi="98" ten="40,9000,2" yaku="0,1,9,1,19,1,34,3,52,1" doraHai="121" who="2" fromWho="2" sc="350,-60,350,-30,350,90,0,0" /><INIT seed="1,0,0,3,0,94" ten="290,320,440,0" oya="1" hai0="80,81,0,108,121,118,54,3,69,122,50,35,111" hai1="105,2,127,67,62,99,66,78,36,117,43,126,107" hai2="46,91,96,32,55,114,79,89,95,88,93,106,103" hai3=""/><U47/><E117/><V71/><F32/><T41/><N who="0" m="31008" /><T52/><N who="0" m="31264" /><T57/><D35/><U129/><E2/><N who="0" m="553" /><D69/><U123/><N who="1" m="31520" /><U125/><E129/><V98/><F71/><T132/><D118/><U65/><E78/><V70/><F70/><T83/><D132/><U77/><E77/><V120/><N who="2" m="30752" /><V97/><F114/><T76/><D54/><U109/><E109/><N who="0" m="42057" /><D41/><U133/><E133/><V34/><F34/><T87/><AGARI ba="0,0" hai="50,52,57,76,80,81,83,87" m="42057,553,31264,31008" machi="87" ten="30,5900,0" yaku="14,1,52,2,54,1" doraHai="94" who="0" fromWho="0" sc="290,59,320,-39,440,-20,0,0" /><INIT seed="2,0,0,5,1,59" ten="349,281,420,0" oya="2" hai0="119,91,80,133,60,32,66,55,63,40,65,69,41" hai1="37,42,56,82,33,38,73,35,98,48,3,81,0" hai2="90,77,92,103,72,124,34,134,121,85,100,114,44" hai3=""/><V130/><N who="2" m="31008" /><V53/><F34/><T50/><D32/><U84/><E73/><V67/><F114/><T54/><D119/><U102/><E33/><V101/><F130/><T58/><D133/><U36/><E35/><V47/><F134/><T111/><D111/><U132/><E132/><V115/><F115/><T122/><N who="0" m="31264" /><T117/><D117/><U86/><E86/><V2/><F2/><T49/><D91/><U99/><E99/><V76/><F124/><T94/><D94/><U95/><E82/><V106/><F106/><T126/><D80/><U52/><REACH who="1" step="1"/><E42/><REACH who="1" ten="349,271,420,0" step="2"/><N who="0" m="16489" /><D126/><U87/><E87/><V96/><F72/><T79/><D79/><AGARI ba="0,1" hai="0,3,36,37,38,48,52,56,79,81,84,95,98,102" machi="79" ten="40,2600,0" yaku="1,1,54,1,53,0" doraHai="59" doraHaiUra="61" who="1" fromWho="0" sc="349,-26,271,36,420,0,0,0" /><INIT seed="4,0,0,5,3,74" ten="323,307,420,0" oya="0" hai0="80,127,133,45,40,126,32,63,73,37,84,88,102" hai1="68,55,79,1,120,75,128,38,114,95,92,105,77" hai2="43,112,132,113,65,129,52,44,86,121,108,123,3" hai3=""/><T33/><D133/><U124/><RYUUKYOKU type="yao9" ba="0,0" sc="323,0,307,0,420,0,0,0" hai1="1,38,55,68,75,77,79,92,95,105,114,120,124,128" /><INIT seed="4,1,0,1,1,33" ten="323,307,420,0" oya="0" hai0="120,41,133,63,54,78,47,46,115,34,132,87,44" hai1="112,94,128,88,113,74,76,55,121,130,56,73,101" hai2="35,2,102,114,129,69,37,43,49,36,110,135,126" hai3=""/><T97/><N who="0" m="30752" /><T32/><D115/><N who="1" m="44107" /><E101/><V64/><F49/><T105/><D41/><U123/><N who="1" m="31008" /><U50/><N who="1" m="31520" /><U62/><E62/><V134/><F43/><T127/><D127/><U108/><E108/><V77/><F102/><T125/><D125/><U116/><E116/><V42/><F42/><T53/><D105/><U92/><E92/><V124/><F64/><T106/><D106/><U0/><E0/><V72/><F77/><T65/><D34/><U83/><E74/><V122/><F126/><T68/><D32/><U3/><E3/><V95/><F95/><T66/><D66/><U107/><E107/><V71/><F69/><T99/><D133/><U45/><E45/><V104/><F135/><T61/><D132/><U96/><AGARI ba="1,0" hai="50,55,56,73,76,83,88,94,96,128,130" m="31520,31008,44107" machi="96" ten="30,6000,1" yaku="15,1,11,1,52,2,54,1" doraHai="33" who="1" fromWho="1" sc="323,-41,307,62,420,-21,0,0" /><INIT seed="5,0,0,2,1,115" ten="282,369,399,0" oya="1" hai0="79,127,42,57,103,131,47,100,113,56,81,70,130" hai1="49,55,93,67,123,94,78,53,92,41,134,119,106" hai2="98,114,75,60,111,83,125,37,118,86,96,44,128" hai3=""/><U63/><N who="1" m="31520" /><U89/><E134/><V117/><F111/><T0/><D70/><U133/><E133/><V95/><F114/><T46/><D0/><U32/><E106/><V61/><F75/><T116/><D113/><U51/><E32/><V126/><F128/><T124/><D81/><U99/><E78/><V87/><F37/><T45/><D79/><U50/><E41/><V120/><N who="2" m="30752" /><V82/><F44/><T36/><D36/><U74/><E74/><V88/><F95/><T35/><D47/><U107/><E119/><V80/><F82/><T59/><D59/><U76/><E76/><V54/><F54/><T68/><D68/><U65/><E89/><AGARI ba="0,0" hai="60,61,80,83,86,87,88,89,96,98,117,118,125,126" m="30752" machi="89" ten="25,12000,2" yaku="22,2,52,3,54,1" doraHai="115" who="2" fromWho="1" sc="282,0,369,-120,399,120,0,0" /><INIT seed="6,0,0,0,1,35" ten="282,249,519,0" oya="2" hai0="92,134,57,107,101,33,66,32,116,64,86,63,95" hai1="133,54,109,78,73,77,56,71,81,130,117,74,104" hai2="44,99,126,121,90,52,0,36,75,111,100,127,65" hai3=""/><V59/><N who="2" m="31008" /><V83/><F0/><T115/><D116/><U42/><E117/><V55/><F55/><T40/><D134/><U96/><E133/><V2/><F2/><T61/><D115/><U113/><E113/><V106/><F65/><T119/><D119/><U60/><E109/><V108/><F36/><T82/><D40/><U72/><E130/><V67/><F67/><T123/><N who="0" m="31520" /><T84/><D107/><U105/><E71/><V62/><F44/><T51/><D51/><U98/><E42/><V45/><F45/><T43/><D43/><U1/><E1/><V125/><F75/><T120/><N who="0" m="30752" /><T41/><D41/><U39/><E39/><V112/><F112/><T110/><D110/><U87/><REACH who="1" step="1"/><E78/><REACH who="1" ten="282,239,519,0" step="2"/><V124/><F127/><T47/><D32/><U89/><E89/><V79/><F79/><T37/><D33/><U68/><E68/><V46/><F126/><T53/><D37/><U88/><E88/><V50/><F125/><T129/><D129/><U94/><E94/><V118/><F124/><T97/><D95/><U132/><E132/><V48/><F118/><T93/><D92/><U85/><E85/><V128/><F111/><T80/><D86/><U49/><E49/><V131/><F108/><RYUUKYOKU ba="0,1" sc="282,-10,239,20,519,-10,0,0" hai1="54,56,60,72,73,74,77,81,87,96,98,104,105" owari="272,-13.0,259,-34.0,519,47.0,0,0.0" /></mjloggm>