<mjloggm ver="2.3"><GO type="169" lobby="0"/><UN n0="%E7%A2%A7%E4%B9%83" n1="%EF%BC%91%EF%BC%90%E9%80%A3%E3%82%AC%E3%83%81%E3%83%A3" n2="%E3%81%98%E3%81%98%E3%81%84%E3%81%8C%E5%91%BC%E3%82%93%E3%81%A0" n3="%E5%8D%97%E5%B8%9D%E5%8D%97%E6%B5%A6" dan="16,16,16,16" rate="2147.57,2075.44,2129.40,2095.76" sx="F,M,M,F"/><TAIKYOKU oya="0"/><INIT seed="0,0,0,1,2,104" ten="250,250,250,250" oya="0" hai0="58,72,113,43,105,20,133,51,47,119,41,9,55" hai1="76,49,94,60,25,24,4,98,97,103,108,35,116" hai2="21,3,79,127,42,65,28,131,62,11,115,86,128" hai3="120,117,77,10,64,53,46,106,12,36,2,96,23"/><T126/><D105/><U33/><E108/><V18/><F115/><W112/><G112/><T45/><D113/><U63/><E4/><V110/><F110/><W89/><G117/><T101/><D101/><U13/><E76/><V109/><F109/><W52/><G64/><T93/><D119/><U48/><E116/><V29/><F127/><W70/><G70/><T134/><D9/><U40/><E13/><V87/><F42/><N who="0" m="15882" /><D20/><U125/><E40/><V84/><F79/><W95/><G36/><T61/><D93/><U132/><E94/><V44/><F44/><N who="0" m="16970" /><D72/><U32/><E132/><N who="0" m="50793" /><D126/><U71/><E103/><V107/><F11/><W81/><G106/><T69/><D69/><U68/><E33/><V7/><F7/><W85/><G2/><T99/><D99/><U30/><E125/><V37/><F37/><W1/><G1/><T130/><D130/><N who="2" m="49706" /><F3/><W114/><G114/><T22/><D22/><U121/><E30/><V8/><F8/><W135/><G135/><T14/><D14/><U50/><E71/><N who="2" m="42423" /><F107/><W6/><G23/><T118/><D118/><U75/><E68/><V39/><F39/><W123/><REACH who="3" step="1"/><G46/><REACH who="3" ten="250,250,250,240" step="2"/><T34/><D34/><U5/><E32/><V91/><F21/><W73/><G73/><T102/><D102/><U56/><E75/><V27/><F91/><W82/><G82/><T111/><D111/><U100/><E35/><V80/><F80/><W92/><G92/><T67/><D67/><U15/><E100/><V122/><F28/><W0/><G0/><T83/><D83/><U38/><E38/><V74/><F29/><W26/><G26/><RYUUKYOKU ba="0,1" sc="250,15,250,-15,250,-15,240,15" hai0="51,55,58,61" hai3="6,10,12,52,53,77,81,85,89,95,96,120,123" /><INIT seed="0,1,1,0,4,74" ten="265,235,235,255" oya="0" hai0="59,113,64,119,37,120,106,79,32,100,62,84,117" hai1="116,127,72,93,26,71,115,65,27,53,40,11,76" hai2="5,81,111,13,80,24,12,6,95,63,42,99,135" hai3="104,33,49,19,73,90,23,46,128,3,16,75,122"/><T94/><D120/><U20/><E116/><V68/><F111/><W109/><G104/><T54/><D113/><U133/><E133/><V134/><F42/><W85/><G109/><T110/><D110/><U58/><E127/><V83/><F24/><W4/><G33/><T86/><D106/><U9/><E40/><V91/><F68/><W82/><G128/><T61/><D37/><U107/><E107/><V28/><F28/><W77/><G122/><T70/><D32/><U57/><E71/><V125/><F125/><W7/><G3/><T8/><D8/><U56/><E65/><V78/><F63/><W35/><G35/><T30/><D30/><U118/><E118/><V50/><F50/><W44/><G44/><T14/><D14/><N who="2" m="5738" /><F78/><W96/><G96/><T34/><D34/><U101/><E27/><V1/><F1/><W0/><G0/><T114/><D114/><U105/><E105/><V98/><F98/><W87/><G75/><T129/><D129/><U112/><E72/><V60/><F60/><W67/><G67/><T102/><D117/><U126/><E126/><V97/><F97/><W18/><G23/><T132/><D119/><U45/><E115/><V92/><F92/><N who="3" m="54351" /><G73/><T130/><D130/><U25/><E112/><V121/><F121/><W21/><G21/><T55/><D132/><AGARI ba="1,1" hai="5,6,80,81,83,91,95,99,132,134,135" m="5738" machi="132" ten="30,1000,0" yaku="20,1" doraHai="74" who="2" fromWho="0" sc="265,-13,235,0,235,23,255,0" /><INIT seed="1,0,0,2,3,89" ten="252,235,258,255" oya="1" hai0="34,1,26,7,130,44,76,87,128,125,58,115,19" hai1="15,104,66,12,17,32,37,49,36,22,80,55,64" hai2="56,127,27,96,95,119,48,13,105,120,68,93,116" hai3="98,69,29,33,91,107,84,4,114,24,135,75,67"/><U47/><E32/><V59/><F68/><W74/><G114/><T134/><D115/><U131/><E104/><V2/><F2/><W117/><G4/><T86/><D44/><U90/><E131/><V41/><F120/><W25/><G135/><T99/><D134/><U50/><E37/><V78/><F127/><W54/><G54/><T100/><D125/><U109/><E36/><V5/><F78/><W112/><G24/><T122/><D122/><U83/><E109/><V23/><F105/><W28/><G28/><T113/><D113/><U110/><E110/><V53/><F41/><W0/><G0/><T81/><D87/><N who="1" m="50535" /><E83/><V88/><F119/><W118/><G112/><T45/><D45/><N who="1" m="28079" /><E12/><V30/><F116/><N who="3" m="44651" /><G69/><T52/><D1/><U10/><E22/><V121/><F121/><W92/><G67/><T108/><D108/><U73/><E73/><N who="3" m="27658" /><G107/><T43/><D43/><AGARI ba="0,0" hai="10,15,17,43,47,50,64,66" m="28079,50535" machi="43" ten="30,2900,0" yaku="25,1,8,1" doraHai="89" who="1" fromWho="0" sc="252,-29,235,29,258,0,255,0" /><INIT seed="1,1,0,0,4,107" ten="223,264,258,255" oya="1" hai0="46,56,54,76,79,31,90,50,29,133,92,34,55" hai1="96,103,110,11,101,10,91,52,130,25,94,97,21" hai2="129,68,77,22,12,135,64,47,17,70,102,13,14" hai3="131,16,0,39,72,2,81,117,128,124,15,41,85"/><U82/><E130/><N who="3" m="49706" /><G124/><T1/><D1/><N who="3" m="617" /><G117/><T3/><D3/><U89/><E110/><V43/><F135/><W134/><G134/><T98/><D133/><U4/><E4/><V109/><F109/><W106/><G106/><T58/><D46/><U87/><E91/><V112/><F112/><W30/><G30/><T83/><D34/><U40/><E40/><V53/><F102/><W57/><G57/><T93/><D93/><N who="1" m="58511" /><E52/><V86/><F53/><W114/><G114/><T127/><D127/><U121/><E121/><V38/><F129/><W100/><G100/><T123/><D123/><U18/><AGARI ba="1,0" hai="10,11,18,21,25,82,87,89,94,97,103" m="58511" machi="18" ten="30,1500,0" yaku="8,1" doraHai="107" who="1" fromWho="1" sc="223,-6,264,18,258,-6,255,-6" /><INIT seed="1,2,0,1,0,53" ten="217,282,252,249" oya="1" hai0="18,81,118,37,68,5,2,94,11,135,100,42,111" hai1="82,51,45,10,69,28,129,1,12,34,75,90,7" hai2="113,93,13,24,87,16,40,36,95,23,41,112,85" hai3="131,50,26,20,0,77,103,48,96,55,115,104,31"/><U56/><E69/><V49/><F36/><W27/><G115/><N who="2" m="44105" /><F49/><W133/><G131/><T60/><D118/><U52/><E129/><V14/><F87/><W109/><G109/><T9/><D111/><U123/><E123/><V110/><F110/><W4/><G133/><T106/><D135/><U15/><E45/><V39/><F39/><W22/><G77/><T64/><D94/><N who="2" m="35850" /><F85/><W29/><REACH who="3" step="1"/><G55/><REACH who="3" ten="217,282,252,239" step="2"/><T59/><D42/><AGARI ba="2,1" hai="13,14,16,23,24,40,41,42" m="35850,44105" machi="42" ten="30,2000,0" yaku="11,1,54,1" doraHai="53" who="2" fromWho="0" sc="217,-26,282,0,252,36,239,0" /><INIT seed="2,0,0,2,5,110" ten="191,282,288,239" oya="2" hai0="133,19,25,23,126,15,39,17,106,24,48,31,124" hai1="75,52,41,86,101,47,102,92,63,94,125,89,44" hai2="87,108,117,10,36,5,74,104,100,18,51,20,69" hai3="3,112,1,16,61,32,58,123,57,53,127,134,50"/><V37/><F74/><W56/><G123/><T45/><D106/><U81/><E125/><V130/><F117/><W38/><G38/><T33/><D39/><U14/><E75/><V46/><F69/><W26/><G127/><N who="0" m="48683" /><D48/><U34/><E34/><V85/><F130/><W2/><G134/><T118/><D45/><N who="1" m="17483" /><E14/><V131/><F131/><W62/><G112/><T28/><D118/><U71/><E71/><V21/><F108/><W115/><G115/><T76/><D76/><U77/><E41/><V109/><F109/><W40/><G40/><T82/><D82/><U105/><E105/><V27/><F21/><W60/><G32/><T99/><D99/><N who="1" m="57743" /><E94/><V22/><F22/><W11/><REACH who="3" step="1"/><G26/><REACH who="3" ten="191,282,288,229" step="2"/><T93/><D133/><U0/><E0/><V30/><F37/><W91/><G91/><T9/><D93/><U84/><E84/><V98/><F36/><W8/><G8/><T79/><D79/><U43/><E43/><N who="2" m="25055" /><F85/><W107/><G107/><T122/><D122/><U4/><E102/><V116/><F87/><W64/><G64/><T132/><D132/><U128/><E101/><V95/><F116/><W97/><G97/><T120/><D120/><U13/><E128/><V6/><F104/><W111/><G111/><T49/><D49/><U135/><E135/><V7/><F10/><W29/><G29/><AGARI ba="0,1" hai="9,15,17,19,23,24,25,28,29,31,33" m="48683" machi="29" ten="30,3900,0" yaku="18,1,34,2" doraHai="110" who="0" fromWho="3" sc="191,49,282,0,288,0,229,-39" /><AGARI ba="0,0" hai="5,6,7,18,20,27,29,30,95,98,100" m="25055" machi="29" ten="30,1500,0" yaku="8,1" doraHai="110" who="2" fromWho="3" sc="240,0,282,0,288,15,190,-15" /><INIT seed="2,1,0,0,3,41" ten="240,282,303,175" oya="2" hai0="35,86,15,112,109,82,94,108,78,66,131,27,106" hai1="81,5,122,57,31,24,73,87,13,19,51,55,23" hai2="120,98,130,58,16,99,8,90,11,96,18,64,28" hai3="9,104,74,111,38,46,12,116,48,17,107,45,110"/><V89/><F130/><W26/><G74/><T91/><D112/><U113/><E122/><V84/><F28/><W125/><G116/><T34/><D66/><U6/><E73/><V36/><F36/><W127/><G38/><T37/><D37/><U63/><E63/><N who="2" m="38007" /><F120/><W22/><G48/><T33/><D106/><N who="3" m="40489" /><G9/><N who="2" m="3657" /><F90/><W80/><G80/><AGARI ba="1,0" hai="16,18,80,84,89,96,98,99" m="3657,38007" machi="80" ten="30,2900,0" yaku="8,1,54,1" doraHai="41" who="2" fromWho="3" sc="240,0,282,0,303,32,175,-32" /><INIT seed="2,2,0,2,4,50" ten="240,282,335,143" oya="2" hai0="46,130,104,79,95,23,62,108,123,51,64,27,125" hai1="124,80,38,72,135,12,98,24,19,60,47,73,127" hai2="117,68,4,89,43,112,114,34,82,84,9,103,132" hai3="8,119,58,122,33,69,106,71,53,111,17,13,37"/><V57/><F68/><W55/><G119/><T10/><D104/><U14/><E135/><V105/><F117/><W97/><G122/><T77/><D123/><U30/><E98/><V118/><F118/><W63/><G37/><T128/><D108/><U59/><E80/><V107/><F132/><W54/><G33/><T113/><D113/><U70/><E70/><V87/><F34/><W40/><G40/><T116/><D116/><U18/><E47/><V41/><F103/><W5/><G5/><T3/><D125/><N who="1" m="48203" /><E38/><V49/><F107/><W92/><G106/><T120/><D120/><U110/><E110/><V115/><F105/><W134/><G111/><T86/><D79/><U32/><E14/><V29/><F87/><W74/><G74/><N who="1" m="28778" /><E12/><V76/><F76/><W26/><G134/><T83/><D95/><U129/><E129/><V20/><F4/><W21/><G71/><T102/><D102/><U56/><E56/><V81/><F81/><W94/><G69/><T15/><D130/><U85/><E85/><V99/><F99/><W39/><G39/><T1/><D128/><U126/><N who="1" m="48211" /><U66/><AGARI ba="2,0" hai="18,19,24,30,32,59,60,66" m="28778,48211" machi="66" ten="50,3200,0" yaku="4,1,18,1" doraHai="50" who="1" fromWho="1" sc="240,-10,282,38,335,-18,143,-10" /><INIT seed="3,0,0,4,1,100" ten="230,320,317,133" oya="3" hai0="70,129,71,64,82,49,66,125,14,4,50,109,98" hai1="85,131,28,22,51,91,134,26,93,97,122,124,57" hai2="55,40,46,47,5,128,117,76,9,115,90,95,7" hai3="94,29,33,12,2,84,59,121,119,15,106,43,78"/><W88/><G119/><T133/><D82/><U39/><E39/><V24/><F117/><W68/><G68/><N who="0" m="26155" /><D98/><U37/><E37/><V81/><F115/><W41/><G2/><T25/><D25/><U19/><E134/><V11/><F128/><W118/><G121/><T45/><D14/><N who="3" m="5161" /><G106/><T120/><D4/><N who="2" m="1610" /><F40/><N who="3" m="15435" /><G33/><T42/><D120/><U10/><E124/><V111/><F111/><W60/><G118/><T16/><D16/><U86/><E131/><V69/><F69/><W103/><G29/><T72/><D72/><U113/><E113/><V3/><F3/><W6/><G6/><T99/><D99/><U73/><E73/><V80/><F76/><W21/><G21/><T17/><D17/><U92/><E19/><V132/><F132/><W83/><G103/><T53/><D129/><U104/><E104/><V54/><F9/><W123/><G123/><T127/><D133/><U48/><E10/><V56/><F11/><W107/><G107/><T87/><D87/><U75/><E86/><V44/><F24/><W34/><G34/><T1/><D1/><U0/><E0/><V31/><F31/><W108/><G108/><T58/><D109/><U74/><E122/><V38/><F38/><W114/><G114/><T79/><D79/><U61/><E75/><V27/><F27/><W105/><G105/><T96/><D96/><U52/><E74/><V112/><F112/><W77/><G83/><T126/><AGARI ba="0,0" hai="42,45,49,50,53,58,64,66,125,126,127" m="26155" machi="126" ten="40,5200,0" yaku="18,1,34,2" doraHai="100" who="0" fromWho="0" sc="230,52,320,-13,317,-13,133,-26" /><INIT seed="4,0,0,0,2,113" ten="282,307,304,107" oya="0" hai0="8,129,32,51,116,91,117,93,121,88,10,56,123" hai1="50,124,37,95,15,45,35,58,111,128,14,108,99" hai2="90,43,96,23,46,130,36,16,70,61,30,132,1" hai3="133,87,39,4,62,69,134,38,75,83,81,110,11"/><T34/><D51/><U100/><E124/><V72/><F130/><W119/><G110/><T52/><D56/><U94/><E35/><N who="0" m="13353" /><D93/><U135/><E135/><N who="3" m="51722" /><G83/><T74/><D74/><U126/><E126/><V22/><F72/><W57/><G75/><T76/><D76/><U33/><E33/><V7/><F132/><W67/><G69/><T54/><D129/><U47/><E37/><N who="3" m="13834" /><G87/><T80/><D80/><U97/><E128/><V122/><F70/><W21/><G21/><T26/><D26/><U25/><E25/><V109/><F23/><W107/><G81/><T41/><D41/><U104/><E58/><V3/><F22/><W64/><G107/><T59/><D59/><U63/><E104/><V127/><F43/><W60/><G60/><T27/><D27/><U102/><E50/><V101/><F61/><AGARI ba="0,0" hai="14,15,45,47,61,63,94,95,97,99,100,102,108,111" machi="61" ten="25,1600,0" yaku="22,2" doraHai="113" who="1" fromWho="2" sc="282,0,307,16,304,-16,107,0" /><INIT seed="5,0,0,3,5,23" ten="282,323,288,107" oya="1" hai0="97,29,11,131,72,90,48,24,115,133,62,67,40" hai1="128,27,54,59,82,70,26,9,105,14,80,68,33" hai2="1,101,116,112,39,63,13,69,73,32,79,100,45" hai3="34,6,122,120,15,119,124,126,107,46,74,56,5"/><U78/><E33/><V18/><F1/><W60/><G46/><T21/><D72/><U85/><E105/><V17/><F116/><W42/><G107/><T38/><D115/><U44/><E70/><V53/><F112/><W65/><G42/><T111/><D111/><U89/><E68/><V37/><F32/><W83/><G34/><T0/><D38/><U84/><E128/><V16/><F73/><W103/><G103/><T117/><D117/><U35/><E35/><V87/><F13/><W22/><G119/><T118/><D131/><U30/><E30/><V55/><F39/><W2/><G2/><T76/><D76/><U94/><E94/><V95/><F37/><W121/><G83/><T75/><D75/><U4/><E44/><V20/><F69/><W31/><G74/><T130/><D130/><U113/><E113/><V58/><F20/><W108/><G108/><T134/><D118/><U8/><E8/><V28/><F28/><W66/><G15/><T99/><D48/><AGARI ba="0,0" hai="4,9,14,26,27,48,54,59,78,80,82,84,85,89" machi="48" ten="30,11600,0" yaku="7,1,8,1,52,2" doraHai="23" who="1" fromWho="0" sc="282,-116,323,116,288,0,107,0" /><INIT seed="5,1,0,2,3,120" ten="166,439,288,107" oya="1" hai0="7,82,44,116,54,23,121,107,110,119,22,88,3" hai1="128,59,30,53,1,15,95,17,130,92,104,90,101" hai2="4,80,57,45,25,96,66,70,86,68,123,11,100" hai3="37,62,2,31,20,16,71,42,28,46,67,125,50"/><U105/><E1/><V76/><F123/><W113/><G2/><T77/><D107/><U112/><E112/><V38/><F25/><W13/><G113/><T18/><D121/><U127/><E127/><V6/><F57/><W24/><G125/><T48/><D110/><U55/><E30/><V91/><F66/><W63/><G63/><T94/><D23/><U108/><E108/><V84/><F38/><W115/><G115/><T135/><D135/><U83/><E83/><V29/><F29/><W99/><G99/><T73/><D7/><U118/><E118/><V21/><F21/><W72/><G72/><T75/><D75/><U131/><E101/><V8/><F45/><W117/><G117/><T114/><D3/><U74/><E74/><V64/><F64/><W124/><G124/><T89/><D89/><U81/><E81/><V41/><F41/><W134/><G134/><T61/><D61/><N who="1" m="36079" /><E55/><V43/><F43/><W40/><G40/><T47/><D114/><U133/><E133/><V60/><F60/><W26/><G26/><T93/><D93/><N who="1" m="35915" /><E90/><V12/><F96/><W102/><G102/><T36/><D36/><U52/><E52/><V109/><F109/><W85/><G37/><T49/><D49/><U122/><E122/><V98/><F98/><W78/><REACH who="3" step="1"/><G24/><REACH who="3" ten="166,439,288,97" step="2"/><T5/><D119/><U27/><E27/><V10/><F100/><W51/><G51/><T111/><D116/><U32/><E130/><V103/><F103/><W34/><G34/><T69/><D111/><U39/><E32/><V87/><F87/><W132/><G132/><T65/><D73/><RYUUKYOKU ba="1,1" sc="166,-10,439,-10,288,-10,97,30" hai3="13,16,20,28,31,42,46,50,62,67,71,78,85" /><INIT seed="6,2,1,4,5,1" ten="156,429,278,127" oya="2" hai0="73,79,114,107,77,124,20,133,108,102,61,50,46" hai1="74,65,5,97,17,52,84,57,131,53,113,116,13" hai2="98,118,40,7,117,115,3,28,2,85,72,42,134" hai3="38,58,127,18,0,123,34,82,14,8,69,31,9"/><V109/><F72/><W132/><G69/><T41/><D108/><U111/><E111/><V44/><F109/><W12/><G38/><T101/><D114/><U22/><E74/><V122/><F122/><W86/><G123/><T120/><D120/><U27/><E131/><V129/><F115/><W89/><G127/><T47/><D124/><U30/><E116/><V96/><F129/><W67/><G132/><T71/><D133/><U43/><E43/><V83/><F134/><W21/><G67/><T55/><D107/><U6/><E84/><V36/><F28/><W49/><G34/><T23/><D71/><U95/><E65/><V56/><F56/><W60/><G0/><T24/><D20/><N who="1" m="11311" /><E53/><V112/><F112/><W81/><G49/><N who="0" m="29119" /><D61/><N who="1" m="36007" /><E113/><V94/><F42/><W32/><G32/><T4/><D4/><U91/><AGARI ba="2,1" hai="5,6,22,27,30,91,95,97" m="36007,11311" machi="91" ten="30,7900,0" yaku="8,1,52,2,54,1" doraHai="1" who="1" fromWho="1" sc="156,-22,429,95,278,-41,127,-22" /><INIT seed="7,0,0,4,4,69" ten="134,524,237,105" oya="3" hai0="87,114,26,4,23,125,79,48,72,90,108,40,28" hai1="19,83,13,115,60,43,95,99,128,14,22,51,3" hai2="109,42,85,134,119,91,111,113,93,122,135,92,30" hai3="27,54,121,5,15,50,88,81,131,10,120,46,68"/><W55/><G68/><T116/><D108/><U58/><E3/><V6/><F119/><W20/><G131/><T17/><D116/><U8/><E128/><V94/><F113/><W107/><G107/><T44/><D125/><U62/><E83/><N who="2" m="49599" /><F122/><W127/><G127/><T45/><D114/><U0/><E0/><V41/><F6/><W89/><G55/><T100/><D100/><U25/><E14/><V32/><F32/><W71/><G71/><T123/><D123/><U34/><E34/><V18/><F30/><W2/><G2/><T37/><D4/><U78/><E78/><V12/><F42/><W16/><G121/><T57/><D72/><U31/><E58/><V130/><F41/><W1/><G120/><T124/><D79/><U7/><E31/><V97/><F97/><W75/><REACH who="3" step="1"/><G1/><REACH who="3" ten="134,524,237,95" step="2"/><T33/><D124/><U29/><E115/><V82/><F130/><W132/><G132/><T66/><D37/><U80/><E43/><V106/><F106/><W129/><G129/><T112/><D112/><U47/><E7/><V110/><F135/><W70/><G70/><T39/><D39/><U105/><E105/><V59/><F134/><W74/><G74/><T96/><D40/><U98/><E29/><V56/><F110/><W24/><G24/><T77/><D28/><U9/><E25/><V101/><F111/><W133/><G133/><T67/><D33/><U76/><E8/><V36/><F36/><W49/><G49/><T118/><D118/><U64/><E51/><V84/><F109/><W35/><G35/><T11/><D11/><U21/><E9/><RYUUKYOKU ba="0,1" sc="134,-10,524,-10,237,-10,95,30" hai3="5,10,15,16,20,27,46,50,54,75,81,88,89" /><INIT seed="7,1,1,0,5,120" ten="124,514,227,125" oya="3" hai0="88,123,87,135,35,49,65,110,98,117,24,14,59" hai1="61,85,17,40,103,41,15,70,64,100,71,99,54" hai2="12,122,113,73,97,60,94,89,4,32,50,107,48" hai3="29,80,134,128,27,22,0,46,83,91,115,68,86"/><W127/><G128/><T76/><D110/><U93/><E71/><V6/><F73/><W58/><G127/><T13/><D123/><U79/><E100/><V31/><F107/><W8/><G115/><T96/><D117/><U124/><E124/><V132/><F122/><W66/><G134/><T104/><D135/><U72/><E72/><V1/><F1/><W5/><G68/><T111/><D111/><U62/><E62/><V36/><F36/><W126/><G126/><T95/><D104/><U74/><E74/><V118/><F32/><W53/><G66/><T16/><D35/><U121/><E54/><V37/><F37/><W21/><G46/><T90/><D76/><U129/><E129/><V112/><F31/><W18/><G83/><N who="0" m="49279" /><D96/><U43/><E121/><V92/><F118/><W109/><G109/><T23/><D49/><U130/><E130/><V9/><F132/><W55/><REACH who="3" step="1"/><G58/><REACH who="3" ten="124,514,227,115" step="2"/><T108/><D108/><U42/><E64/><V39/><F113/><W2/><G2/><T81/><D81/><U131/><E70/><V30/><F112/><W69/><G69/><T26/><D65/><U101/><E131/><V133/><F133/><W63/><G63/><T52/><D59/><U11/><E61/><V77/><F60/><W116/><G116/><T20/><D52/><U34/><E42/><V45/><F45/><W75/><G75/><T57/><D57/><U47/><E41/><V38/><F38/><W106/><G106/><T44/><D44/><U7/><E47/><V56/><F39/><W28/><G28/><AGARI ba="1,2" hai="13,14,16,20,23,24,26,28,90,95,98" m="49279" machi="28" ten="30,3900,0" yaku="8,1,54,2" doraHai="120" who="0" fromWho="3" sc="124,62,514,0,227,0,115,-42" owari="186,-21.0,514,61.0,227,3.0,73,-43.0" /></mjloggm>