<mjloggm ver="2.3"><GO type="185" lobby="0"/><UN n0="%E3%81%BF%E3%83%BC%E3%82%8F" n1="%E3%81%82%E3%81%96%E3%81%B6" n2="%E6%96%B0%E4%B8%96%E7%95%8C%E3%81%AE%E7%B4%99" n3="" dan="17,17,17,0" rate="2251.84,2261.14,2284.01,1500.00" sx="M,M,F,C"/><TAIKYOKU oya="0"/><INIT seed="0,0,0,3,5,35" ten="350,350,350,0" oya="0" hai0="45,65,44,134,60,82,34,80,89,118,68,38,79" hai1="77,135,96,95,67,39,63,113,40,43,116,133,91" hai2="71,103,87,51,33,115,64,114,132,42,54,62,78" hai3=""/><T120/><N who="0" m="30752" /><T55/><D118/><U50/><E116/><V37/><F33/><T111/><D34/><U102/><E113/><V121/><N who="2" m="31008" /><V112/><F112/><T85/><D134/><N who="1" m="51211" /><E39/><V98/><F132/><T122/><N who="0" m="31264" /><T58/><D111/><U36/><E36/><V109/><F109/><T69/><D38/><U125/><E77/><V129/><F129/><T131/><D131/><U76/><E76/><V57/><F87/><T59/><D69/><U92/><E50/><V106/><REACH who="2" step="1"/><F78/><REACH who="2" ten="350,350,340,0" step="2"/><T88/><D79/><U105/><E125/><V32/><F32/><T119/><D119/><U46/><E105/><V86/><F86/><T83/><D85/><U74/><E74/><V94/><F94/><T117/><D117/><U70/><E95/><V110/><F110/><T124/><D124/><U127/><E127/><V93/><F93/><T128/><D128/><U126/><E126/><V72/><F72/><T130/><D130/><U2/><E92/><V52/><F52/><T100/><D55/><U53/><E53/><V48/><F48/><T75/><D75/><U73/><E73/><V99/><F99/><T123/><D123/><U47/><E96/><V84/><F84/><T81/><N who="0" m="20480" /><DORA hai="49" /><T1/><D89/><RYUUKYOKU ba="0,1" sc="350,-10,350,-10,340,20,0,0" hai2="37,42,51,54,57,62,64,71,98,103,106,114,115" /><INIT seed="1,1,1,2,3,99" ten="340,340,360,0" oya="1" hai0="77,47,56,115,43,105,52,1,100,42,55,102,103" hai1="108,96,76,110,41,48,61,122,54,53,127,72,97" hai2="95,79,59,130,104,65,66,45,0,35,111,69,60" hai3=""/><U85/><N who="1" m="31264" /><U91/><E127/><V92/><F35/><T83/><D115/><U125/><E125/><V113/><F0/><T36/><D1/><U133/><E133/><V64/><F113/><T78/><D105/><U116/><E116/><V126/><F126/><T106/><D106/><U124/><E124/><V119/><F119/><T40/><D77/><U94/><E41/><V86/><F104/><T121/><N who="0" m="31008" /><T73/><REACH who="0" step="1"/><D55/><REACH who="0" ten="330,340,360,0" step="2"/><U49/><E54/><V70/><F79/><T84/><D84/><U89/><E76/><V90/><F86/><T98/><D98/><U101/><E72/><V71/><F66/><T134/><D134/><U132/><E132/><V32/><F65/><T135/><D135/><U123/><N who="1" m="31520" /><U44/><E96/><V93/><F64/><T58/><D58/><U68/><BYE who="0" /><E68/><V57/><F57/><T3/><D3/><U128/><E128/><V131/><F59/><T34/><D34/><U74/><E74/><V50/><F32/><T33/><D33/><U67/><E67/><UN n0="%E3%81%BF%E3%83%BC%E3%82%8F" /><V88/><F70/><T63/><AGARI ba="1,2" hai="36,40,42,43,47,52,56,63,73,78,83,100,102,103" m="31008" machi="63" ten="30,9000,2" yaku="1,1,0,1,52,4,54,1,53,0" doraHai="99" doraHaiUra="112" who="0" fromWho="0" sc="330,112,340,-61,360,-31,0,0" /><INIT seed="2,0,0,0,2,122" ten="442,279,329,0" oya="2" hai0="1,58,0,132,123,128,120,110,103,48,114,39,35" hai1="69,87,75,113,74,50,32,86,71,78,45,79,72" hai2="106,66,130,116,68,101,54,49,64,111,134,84,77" hai3=""/><V89/><F116/><T67/><N who="0" m="30752" /><T94/><N who="0" m="31520" /><T40/><D132/><U38/><E113/><V76/><F134/><T33/><D128/><U93/><E32/><V104/><F130/><T95/><D39/><U37/><E50/><V118/><F118/><T129/><D129/><U117/><E117/><V34/><F34/><T42/><D48/><U41/><E93/><V51/><F111/><T115/><D58/><U61/><E61/><V55/><F68/><T47/><D103/><U36/><E45/><V90/><F84/><N who="1" m="32297" /><E41/><V97/><REACH who="2" step="1"/><F101/><REACH who="2" ten="442,279,319,0" step="2"/><T124/><D110/><U43/><E43/><V46/><F46/><T82/><D47/><U92/><E92/><V108/><F108/><T53/><D35/><U131/><E131/><V57/><F57/><T105/><D33/><U73/><E73/><V125/><F125/><T98/><D124/><U59/><E59/><V70/><F70/><AGARI ba="0,1" hai="36,37,38,69,70,71,72,74,75,78,79" m="32297" machi="70" ten="50,3200,0" yaku="28,2" doraHai="122" who="1" fromWho="2" sc="442,0,279,42,319,-32,0,0" /><INIT seed="4,0,0,3,1,37" ten="442,321,287,0" oya="0" hai0="77,75,78,59,118,34,131,38,99,94,111,108,114" hai1="125,106,86,85,110,63,79,105,36,71,90,115,121" hai2="104,45,91,130,112,69,47,72,92,102,65,98,88" hai3=""/><T133/><D118/><U132/><N who="1" m="31008" /><U93/><E110/><N who="0" m="42025" /><D34/><U54/><E125/><V60/><F112/><T41/><D131/><U62/><E132/><V123/><N who="2" m="31520" /><V64/><F130/><T120/><N who="0" m="30752" /><T46/><D133/><U95/><E115/><V103/><F72/><T81/><D78/><U49/><E36/><V76/><F76/><T89/><D114/><U50/><E71/><V122/><N who="2" m="31264" /><V124/><F124/><T61/><D59/><U107/><E79/><V135/><F135/><T57/><D57/><U3/><E3/><V68/><F91/><T40/><D61/><U73/><E73/><V53/><F53/><T126/><D126/><U67/><E67/><V96/><F102/><T43/><AGARI ba="0,0" hai="38,40,41,43,46,75,77,81,89,94,99" m="30752,42025" machi="43" ten="30,8000,1" yaku="10,1,52,4" doraHai="37" who="0" fromWho="0" sc="442,80,321,-40,287,-40,0,0" /><INIT seed="4,1,0,4,4,126" ten="522,281,247,0" oya="0" hai0="46,55,34,56,115,93,1,75,109,79,62,40,87" hai1="71,68,124,122,113,41,127,47,49,33,74,118,103" hai2="32,94,133,82,102,67,45,60,125,111,59,63,105" hai3=""/><T97/><D1/><U112/><N who="1" m="31264" /><U85/><E118/><V92/><F111/><T90/><D34/><U117/><E117/><V119/><F119/><T2/><D109/><U80/><E33/><V48/><F32/><T52/><D2/><U110/><E110/><V37/><F125/><N who="1" m="48201" /><E103/><V58/><F37/><T104/><D115/><N who="1" m="44107" /><E74/><V99/><F82/><T42/><D75/><U91/><AGARI ba="1,0" hai="41,47,49,68,71,80,85,91" m="44107,48201,31264" machi="91" ten="30,5900,0" yaku="18,1,15,1,11,1,52,1" doraHai="126" who="1" fromWho="1" sc="522,-40,281,61,247,-21,0,0" /><INIT seed="5,0,0,2,1,42" ten="482,342,226,0" oya="1" hai0="92,41,128,124,104,69,93,44,101,102,37,83,67" hai1="132,68,55,51,95,2,96,106,91,129,53,100,122" hai2="62,111,89,39,84,50,121,90,70,85,107,74,72" hai3=""/><U77/><N who="1" m="31264" /><U1/><E132/><V81/><N who="2" m="31008" /><V134/><F111/><T32/><D32/><U114/><E114/><V131/><F39/><T79/><D124/><U117/><E117/><V66/><F134/><T82/><D128/><U80/><E68/><V126/><F131/><T52/><D104/><U87/><E129/><V71/><F126/><T60/><D83/><U113/><E113/><V115/><F115/><T73/><D93/><U76/><E76/><V75/><F107/><T43/><D43/><U108/><E108/><V54/><F71/><T127/><D127/><U120/><N who="1" m="30752" /><U63/><E63/><V86/><REACH who="2" step="1"/><F81/><REACH who="2" ten="482,342,216,0" step="2"/><T109/><D109/><U97/><REACH who="1" step="1"/><E55/><REACH who="1" ten="482,332,216,0" step="2"/><V105/><F105/><T57/><D92/><U125/><E125/><V135/><F135/><T46/><D69/><U110/><E110/><V34/><F34/><T35/><D35/><U64/><E64/><V40/><F40/><T38/><D67/><U48/><E48/><V133/><F133/><T58/><D37/><U56/><AGARI ba="0,2" hai="1,2,51,53,56,77,80,87,91,95,96,97,100,106" m="30752,31264" machi="56" ten="20,12000,2" yaku="1,1,0,1,7,1,52,2,53,1" doraHai="42" doraHaiUra="88" who="1" fromWho="1" sc="482,-60,332,140,216,-60,0,0" /><INIT seed="5,1,0,4,5,98" ten="422,472,156,0" oya="1" hai0="84,44,83,110,50,38,128,95,94,105,124,104,65" hai1="117,37,112,108,54,85,97,129,51,92,119,59,69" hai2="1,116,132,68,79,36,43,120,67,122,90,35,40" hai3=""/><U115/><E129/><V78/><N who="2" m="30752" /><V126/><N who="2" m="31264" /><V73/><F116/><T123/><N who="0" m="31520" /><T53/><D110/><U48/><E37/><V39/><F35/><T74/><D128/><U56/><E69/><V130/><F130/><T100/><D124/><U127/><E127/><V46/><F126/><T0/><D0/><U62/><E85/><V42/><F1/><T102/><D74/><U34/><E34/><V71/><F132/><T86/><D65/><U131/><E131/><V45/><F43/><T52/><D38/><U111/><E51/><V47/><F47/><T106/><D53/><U96/><E96/><V134/><F134/><T88/><REACH who="0" step="1"/><D95/><REACH who="0" ten="412,472,156,0" step="2"/><U33/><E33/><V49/><F73/><T125/><D125/><U121/><N who="1" m="31008" /><U63/><E117/><V99/><F67/><T61/><D61/><U58/><E119/><V80/><F49/><T101/><D101/><U72/><E72/><V109/><F109/><N who="1" m="42057" /><E63/><V60/><F60/><T82/><D82/><U2/><E2/><V133/><F133/><T114/><D114/><N who="1" m="43563" /><E62/><V118/><F118/><T66/><D66/><U3/><E3/><V64/><F64/><T70/><D70/><N who="2" m="26666" /><F80/><T41/><D41/><U87/><E48/><V55/><F55/><RYUUKYOKU ba="1,1" sc="412,10,472,-20,156,10,0,0" hai0="44,50,52,83,84,86,88,94,100,102,104,105,106" hai2="36,39,40,42,45,46,78,79,90,99" /><INIT seed="6,2,1,2,0,64" ten="422,452,166,0" oya="2" hai0="126,45,122,112,114,37,49,51,85,57,2,133,86" hai1="50,41,79,111,61,80,92,54,118,0,97,39,96" hai2="43,73,44,103,67,36,1,128,75,95,70,104,98" hai3=""/><V71/><F1/><T59/><N who="0" m="31264" /><T120/><N who="0" m="30752" /><T47/><D37/><U32/><E0/><V91/><F128/><T35/><D2/><U113/><E32/><V48/><F36/><T74/><D74/><U58/><E111/><V81/><F67/><T106/><D106/><U108/><E108/><V66/><F66/><T130/><D133/><U116/><E113/><V109/><F109/><T107/><D107/><U33/><E33/><V46/><F46/><T127/><D35/><U76/><E39/><V123/><N who="2" m="31520" /><V62/><F62/><T135/><D135/><U121/><N who="1" m="31008" /><U56/><E79/><V72/><REACH who="2" step="1"/><F81/><REACH who="2" ten="422,452,156,0" step="2"/><T134/><D134/><U99/><E61/><V63/><F63/><T94/><D130/><U100/><E80/><V60/><F60/><T102/><D45/><U129/><E129/><V87/><AGARI ba="2,2" hai="43,44,48,70,71,72,73,75,87,91,95,98,103,104" m="31520" machi="87" ten="30,8000,1" yaku="1,1,0,1,52,3,53,0" doraHai="64" doraHaiUra="52" who="2" fromWho="2" sc="422,-42,452,-42,156,104,0,0" /><INIT seed="6,3,0,2,4,89" ten="380,410,260,0" oya="2" hai0="36,124,102,41,112,116,38,39,37,34,118,100,65" hai1="63,48,115,76,61,134,114,126,59,103,54,96,93" hai2="91,104,43,1,79,83,66,3,81,129,133,51,88" hai3=""/><V125/><F104/><T69/><D34/><U95/><E134/><V94/><F133/><T132/><D132/><U121/><N who="1" m="31008" /><U122/><N who="1" m="31264" /><U80/><E126/><V71/><F125/><T58/><D124/><U67/><E93/><V0/><F129/><T90/><D90/><U75/><REACH who="1" step="1"/><E63/><REACH who="1" ten="380,400,260,0" step="2"/><V123/><N who="2" m="31520" /><V32/><F32/><T109/><D116/><U47/><AGARI ba="3,1" hai="47,48,54,59,61,67,75,76,80,95,96,103,114,115" m="31264,31008" machi="47" ten="30,9000,2" yaku="1,1,0,1,52,3,53,1" doraHai="89" doraHaiUra="40" who="1" fromWho="1" sc="380,-33,400,106,260,-63,0,0" owari="347,-5.0,506,45.0,197,-40.0,0,0.0" /></mjloggm>