<mjloggm ver="2.3"><GO type="185" lobby="0"/><UN n0="%E5%A4%9A%E6%9E%97%E6%99%8B" n1="%E8%8B%A6%E3%81%84%E5%BE%85%E3%81%A4" n2="%58%65%6C%65%72%61%74%6F" n3="" dan="16,16,16,0" rate="2174.05,2139.42,2173.67,1500.00" sx="M,M,F,C"/><TAIKYOKU oya="0"/><INIT seed="0,0,0,3,1,47" ten="350,350,350,0" oya="0" hai0="121,97,81,133,56,91,100,88,135,119,2,120,82" hai1="40,34,50,107,46,114,83,48,60,33,74,41,116" hai2="62,113,45,110,112,94,132,67,106,105,95,69,42" hai3=""/><T70/><N who="0" m="30752" /><T55/><N who="0" m="31008" /><T96/><D70/><U49/><E107/><V111/><F95/><T37/><D37/><U134/><E116/><V131/><F94/><T118/><D2/><U103/><E134/><N who="0" m="51209" /><D119/><U93/><E114/><N who="2" m="44139" /><F132/><T44/><D44/><U61/><E34/><V129/><F105/><T66/><D66/><U64/><E33/><V1/><F106/><T35/><D35/><U0/><E0/><V79/><F79/><T36/><D36/><U123/><N who="1" m="31520" /><U84/><E74/><V71/><F71/><T89/><D118/><U109/><E109/><N who="2" m="41483" /><F1/><T127/><D127/><U92/><E46/><V76/><F76/><T122/><N who="0" m="31264" /><T57/><D57/><U102/><E64/><V124/><F124/><T117/><D117/><U99/><E40/><V115/><N who="2" m="44147" /><V63/><DORA hai="80" /><F63/><T53/><D56/><U108/><E41/><V78/><F78/><T130/><D81/><U87/><E108/><V32/><F32/><T125/><D125/><U101/><E83/><V75/><F75/><T58/><D82/><U39/><E39/><AGARI ba="0,0" hai="39,42,45,62,67,69,129,131" m="41483,44147" machi="39" ten="50,8000,1" yaku="14,1,23,1,34,2" doraHai="47,80" who="2" fromWho="1" sc="350,0,350,-80,350,80,0,0" /><INIT seed="1,0,0,0,0,113" ten="350,270,430,0" oya="1" hai0="36,62,66,81,61,74,102,90,55,79,92,51,77" hai1="133,50,126,63,100,69,58,73,120,80,3,122,93" hai2="52,98,1,33,68,132,135,44,38,124,42,104,39" hai3=""/><U46/><N who="1" m="30752" /><U96/><N who="1" m="31264" /><U134/><E3/><V119/><F1/><T101/><D36/><U82/><E69/><V34/><F124/><T115/><D77/><U131/><E126/><V125/><F125/><T83/><D83/><U127/><E127/><V88/><F39/><T0/><D115/><U65/><E131/><V72/><F72/><T64/><D66/><U70/><E70/><V54/><F68/><T87/><D0/><U37/><E37/><V57/><F119/><T110/><D110/><U56/><E56/><V91/><F33/><T35/><D35/><U60/><E60/><V106/><F34/><T123/><N who="0" m="31520" /><T41/><D41/><U114/><E114/><V103/><F104/><T78/><D78/><U86/><E73/><V107/><F107/><T84/><D74/><U105/><E105/><V89/><REACH who="2" step="1"/><F54/><REACH who="2" ten="350,270,420,0" step="2"/><T53/><D55/><U43/><REACH who="1" step="1"/><E82/><REACH who="1" ten="350,260,420,0" step="2"/><V112/><F112/><T49/><D81/><U67/><E67/><V116/><F116/><T109/><D64/><U75/><E75/><V59/><F59/><T85/><D109/><U118/><E118/><V130/><F130/><T47/><D53/><U111/><E111/><V48/><AGARI ba="0,2" hai="38,42,44,48,52,57,88,89,91,98,103,106,132,135" machi="48" ten="30,6000,1" yaku="1,1,0,1,54,2,53,1" doraHai="113" doraHaiUra="95" who="2" fromWho="2" sc="350,-20,260,-40,420,80,0,0" /><INIT seed="2,0,0,0,0,62" ten="330,220,500,0" oya="2" hai0="2,130,121,35,133,116,53,49,34,91,40,97,82" hai1="126,69,106,61,87,57,114,88,36,135,58,127,122" hai2="73,68,79,39,94,86,131,77,42,119,56,104,3" hai3=""/><V124/><F119/><T32/><N who="0" m="31008" /><T110/><D2/><U46/><N who="1" m="31264" /><U108/><E114/><V78/><F68/><T112/><D116/><U74/><E74/><V55/><F124/><N who="1" m="47657" /><E106/><V129/><F104/><T95/><D112/><U66/><E135/><V132/><F132/><T72/><D133/><U48/><E108/><V85/><F73/><T113/><D113/><U80/><E36/><V81/><F3/><T45/><D110/><U52/><AGARI ba="0,0" hai="46,48,52,57,58,61,66,69,80,87,88" m="47657,31264" machi="52" ten="30,6000,1" yaku="18,1,52,2,54,2" doraHai="62" who="1" fromWho="1" sc="330,-20,220,60,500,-40,0,0" /><INIT seed="4,0,0,4,0,40" ten="310,280,460,0" oya="0" hai0="82,91,63,51,54,121,55,126,102,70,113,61,64" hai1="84,37,106,104,97,69,109,71,100,86,105,48,78" hai2="123,117,68,133,93,114,32,132,34,75,81,62,45" hai3=""/><T67/><N who="0" m="31008" /><T96/><D113/><U3/><E37/><V115/><N who="2" m="31520" /><V125/><F93/><T38/><D38/><U56/><E3/><V35/><F45/><T98/><D126/><U0/><E0/><V95/><F95/><T58/><D54/><U127/><E109/><V83/><F125/><T110/><D110/><U79/><E127/><V42/><F42/><T53/><D53/><U116/><E116/><V80/><F75/><T94/><D82/><U44/><E56/><V65/><REACH who="2" step="1"/><F117/><REACH who="2" ten="310,280,450,0" step="2"/><T50/><REACH who="0" step="1"/><D64/><REACH who="0" ten="300,280,450,0" step="2"/><U46/><E106/><AGARI ba="0,2" hai="50,51,55,58,61,63,67,70,91,94,96,98,102,106" m="31008" machi="106" ten="30,11600,0" yaku="1,1,2,1,7,1,52,1,53,0" doraHai="40" doraHaiUra="134" who="0" fromWho="1" sc="300,136,280,-116,450,0,0,0" /><INIT seed="4,1,0,4,0,111" ten="436,164,450,0" oya="0" hai0="94,66,118,3,1,102,78,91,122,51,124,77,43" hai1="45,110,84,123,62,127,70,60,47,56,103,34,126" hai2="115,71,61,107,35,75,38,121,133,96,108,46,87" hai3=""/><T54/><N who="0" m="31264" /><T40/><D118/><U36/><N who="1" m="31520" /><U68/><E34/><V55/><F87/><T52/><D124/><N who="1" m="47659" /><E103/><V116/><F55/><T104/><D104/><U73/><E84/><V129/><F61/><N who="1" m="23657" /><E73/><V59/><F46/><N who="1" m="17417" /><E110/><V100/><F59/><T89/><D102/><U41/><E56/><V67/><F96/><T125/><D125/><U85/><E85/><V130/><F100/><T106/><D106/><U49/><E36/><V119/><F119/><T131/><D94/><U83/><E83/><V135/><F35/><T109/><D109/><U42/><E49/><V64/><F38/><T82/><D51/><U72/><E72/><V0/><F75/><T117/><D117/><U69/><AGARI ba="1,0" hai="41,42,68,69,70" m="17417,23657,47659,31520" machi="69" ten="40,9000,2" yaku="28,2,18,1,34,2,52,1" doraHai="111" who="1" fromWho="1" sc="436,-61,164,92,450,-31,0,0" /><INIT seed="5,0,0,3,5,33" ten="375,256,419,0" oya="1" hai0="96,102,129,121,122,32,56,107,85,35,70,100,132" hai1="55,37,95,84,71,104,69,93,91,92,38,73,83" hai2="63,117,49,101,53,105,40,45,118,0,58,80,68" hai3=""/><U44/><E104/><V60/><F0/><T94/><N who="0" m="31008" /><T66/><N who="0" m="31264" /><T112/><D70/><U50/><REACH who="1" step="1"/><E73/><REACH who="1" ten="375,246,419,0" step="2"/><V127/><F105/><T46/><D107/><U36/><AGARI ba="0,1" hai="36,37,38,44,50,55,69,71,83,84,91,92,93,95" machi="36" ten="40,12000,2" yaku="1,1,2,1,0,1,53,3" doraHai="33" doraHaiUra="88" who="1" fromWho="1" sc="375,-60,246,130,419,-60,0,0" /><INIT seed="5,1,0,0,1,99" ten="315,376,359,0" oya="1" hai0="107,120,134,1,66,45,79,104,85,64,43,71,123" hai1="75,69,110,122,91,76,115,55,132,67,32,57,93" hai2="125,102,74,106,40,90,81,86,88,83,98,62,48" hai3=""/><U133/><N who="1" m="31264" /><U128/><E32/><V108/><F108/><T52/><N who="0" m="30752" /><T96/><N who="0" m="31520" /><T105/><D1/><U0/><E110/><V3/><F3/><T113/><D134/><N who="1" m="51819" /><E0/><V49/><F125/><T70/><D113/><U80/><E115/><V38/><F62/><T41/><D96/><U103/><E103/><V47/><REACH who="2" step="1"/><F90/><REACH who="2" ten="315,376,349,0" step="2"/><T109/><D109/><U60/><E91/><V131/><F131/><T116/><D116/><U126/><E128/><V84/><F84/><T119/><D119/><U112/><E126/><V130/><F130/><T87/><D85/><U72/><E112/><V68/><F68/><T46/><D70/><U65/><E69/><V117/><F117/><T50/><D71/><U129/><E129/><V78/><AGARI ba="1,1" hai="38,40,47,48,49,74,78,81,83,86,88,98,102,106" machi="78" ten="30,6000,1" yaku="1,1,0,1,52,1,54,1,53,1" doraHai="99" doraHaiUra="97" who="2" fromWho="2" sc="315,-21,376,-41,349,72,0,0" /><INIT seed="6,0,0,2,0,63" ten="294,335,421,0" oya="2" hai0="59,120,3,50,119,51,0,127,83,57,72,109,37" hai1="55,123,85,60,52,75,84,93,116,98,38,88,111" hai2="89,76,92,124,46,44,53,71,90,134,73,87,131" hai3=""/><V107/><F131/><T39/><N who="0" m="30752" /><T129/><D109/><U112/><N who="1" m="31520" /><U122/><N who="1" m="31264" /><U108/><E38/><V94/><F124/><T100/><D129/><U70/><E75/><V64/><F107/><T1/><D127/><U79/><E116/><V135/><F64/><T132/><D119/><U82/><E112/><V110/><F71/><T67/><D100/><U86/><E70/><V40/><F53/><T101/><D101/><U106/><E106/><V41/><F110/><T35/><D35/><U117/><E117/><V74/><F87/><N who="1" m="33353" /><E111/><V126/><F126/><T68/><D68/><U34/><E34/><V33/><F33/><T105/><D105/><U118/><E118/><V42/><F42/><T45/><D132/><U49/><E108/><V69/><F69/><T114/><D114/><U97/><E60/><V103/><F103/><T102/><D102/><U91/><E49/><V133/><F133/><T81/><D0/><U128/><E128/><V121/><N who="2" m="31008" /><V61/><F61/><T58/><D72/><U32/><E32/><V56/><F74/><T47/><D59/><U80/><E80/><V62/><F73/><T36/><D37/><U115/><E115/><V43/><F134/><T54/><D54/><RYUUKYOKU ba="0,0" sc="294,10,335,10,421,-20,0,0" hai0="1,3,36,39,45,47,50,51,57,58,67,81,83" hai1="52,55,79,82,86,88,91,93,97,98" owari="304,-30.0,345,-5.0,401,35.0,0,0.0" /></mjloggm>