<mjloggm ver="2.3"><GO type="169" lobby="0"/><UN n0="%E6%9C%A8%E5%8E%9F%E8%B1%AA%E4%B8%80" n1="%69%6B%65%64%61%64%61" n2="%E3%82%B7%E3%83%A9%E3%80%82" n3="%E5%8F%A4%E6%9C%AC" dan="16,16,17,16" rate="2186.58,2167.99,2188.53,2043.67" sx="M,M,M,M"/><TAIKYOKU oya="0"/><INIT seed="0,0,0,5,0,99" ten="250,250,250,250" oya="0" hai0="118,77,100,134,6,7,66,116,75,95,27,49,132" hai1="61,15,1,133,72,25,19,98,62,113,128,34,2" hai2="82,44,114,111,78,109,63,67,115,64,87,107,14" hai3="4,108,74,131,28,102,11,105,89,26,46,53,22"/><T76/><D66/><U54/><E72/><V81/><F107/><W56/><G74/><T58/><D27/><U88/><E133/><N who="0" m="51305" /><D58/><U45/><E128/><V3/><F3/><W9/><G131/><T39/><D49/><U117/><E117/><N who="0" m="45161" /><D39/><U65/><E113/><V60/><F44/><W69/><G108/><N who="2" m="41545" /><F14/><W51/><G69/><T130/><D130/><U94/><E25/><V37/><F82/><W123/><G123/><T120/><D120/><U12/><E34/><V17/><F17/><W126/><G126/><T97/><D75/><U84/><E15/><V91/><F37/><W41/><G4/><AGARI ba="0,0" hai="4,6,7,76,77,95,97,100" m="45161,51305" machi="4" ten="30,2900,0" yaku="20,1,52,1" doraHai="99" who="0" fromWho="3" sc="250,29,250,0,250,0,250,-29" /><INIT seed="0,1,0,0,3,119" ten="279,250,250,221" oya="0" hai0="6,73,83,104,88,118,94,4,29,87,132,55,100" hai1="86,68,125,112,21,41,17,133,92,122,106,64,120" hai2="58,24,101,52,128,53,42,66,45,37,109,108,34" hai3="63,93,30,10,97,26,38,9,20,3,51,22,69"/><T47/><D118/><U18/><E106/><V95/><F128/><W77/><G38/><T115/><D115/><U130/><E112/><V15/><F66/><W105/><G105/><T1/><D132/><U46/><E130/><V23/><F34/><W14/><G3/><T89/><D1/><U35/><E35/><V59/><F15/><W81/><G51/><T56/><D47/><U44/><E44/><V54/><F95/><W49/><G49/><T7/><D29/><U19/><E21/><V113/><F101/><W78/><G69/><T28/><D28/><U103/><E133/><V70/><F70/><W107/><G63/><T36/><D36/><U79/><E125/><V96/><F96/><W74/><G107/><T62/><D73/><U117/><E117/><V90/><F90/><W129/><G129/><T126/><D104/><U13/><E13/><V75/><F75/><W80/><G20/><T102/><REACH who="0" step="1"/><D126/><REACH who="0" ten="269,250,250,221" step="2"/><U111/><E46/><V124/><F124/><W114/><G114/><T33/><D33/><U50/><E41/><V0/><F0/><W16/><G74/><T39/><D39/><U2/><E2/><V60/><F113/><W71/><G10/><T65/><D65/><U121/><E64/><V40/><F40/><W123/><G71/><T5/><N who="0" m="1024" /><DORA hai="85" /><T8/><D8/><U127/><E68/><V82/><F37/><W12/><G9/><T67/><D67/><U32/><E32/><V84/><F45/><W110/><G30/><T99/><AGARI ba="1,1" hai="55,56,62,83,87,88,89,94,99,100,102" m="1024" machi="99" ten="40,18000,2" yaku="1,1,0,1,8,1,52,2,54,1,53,0" doraHai="119,85" doraHaiUra="25,31" who="0" fromWho="0" sc="269,193,250,-61,250,-61,221,-61" /><INIT seed="0,2,0,3,4,8" ten="462,189,189,160" oya="0" hai0="13,62,56,127,54,33,103,4,37,23,7,44,52" hai1="109,18,79,55,66,39,118,88,41,3,12,96,95" hai2="16,35,25,132,34,91,29,17,28,75,135,24,1" hai3="36,46,90,85,45,50,63,57,69,43,40,6,61"/><T19/><D33/><U59/><E109/><V11/><F75/><W64/><G6/><T106/><D127/><U2/><E118/><V78/><F91/><W129/><G90/><T5/><D106/><U21/><E79/><V121/><F78/><W60/><G129/><T102/><REACH who="0" step="1"/><D54/><REACH who="0" ten="452,189,189,160" step="2"/><U10/><E66/><V104/><F104/><W113/><G113/><T67/><D67/><U15/><E41/><AGARI ba="2,1" hai="4,5,7,13,19,23,37,41,44,52,56,62,102,103" machi="41" ten="40,7700,0" yaku="1,1,52,1,54,1,53,0" doraHai="8" doraHaiUra="72" who="0" fromWho="1" sc="452,93,189,-83,189,0,160,0" /><INIT seed="0,3,0,5,0,61" ten="545,106,189,160" oya="0" hai0="50,25,82,94,100,46,14,69,54,47,83,60,104" hai1="20,79,56,53,113,42,118,112,95,19,33,120,27" hai2="26,111,119,21,121,99,57,44,2,129,73,115,3" hai3="13,37,39,65,41,103,0,10,84,6,91,102,98"/><T29/><D104/><U30/><E120/><V28/><F73/><W124/><G124/><T16/><D47/><U8/><E118/><V110/><F121/><W109/><G109/><N who="2" m="41481" /><F115/><W80/><G0/><T77/><D69/><U127/><E127/><V63/><F119/><W36/><G41/><T35/><D60/><U40/><E79/><V97/><F129/><W49/><G49/><T34/><D35/><U81/><E81/><V116/><F116/><W131/><G131/><T108/><D108/><U7/><E95/><V74/><F74/><W38/><N who="3" m="9216" /><DORA hai="67" /><W93/><REACH who="3" step="1"/><G65/><REACH who="3" ten="545,106,189,150" step="2"/><T52/><D54/><U133/><E113/><V17/><F3/><W92/><G92/><T68/><D94/><U66/><E66/><V114/><F2/><W48/><G48/><T18/><D52/><U43/><E112/><V24/><F114/><W31/><G31/><T88/><D50/><U78/><E30/><V9/><F28/><W55/><G55/><T87/><D29/><U107/><E43/><V15/><F63/><W86/><G86/><T64/><D87/><U90/><E42/><V12/><F99/><W126/><G126/><T58/><D64/><U51/><E40/><V75/><F97/><W45/><G45/><T72/><D46/><U117/><E117/><V5/><F75/><W134/><G134/><T22/><D72/><U32/><E133/><V132/><F132/><W11/><G11/><T123/><D123/><U89/><E107/><V85/><F44/><W23/><G23/><T4/><D22/><U122/><E122/><V62/><F85/><W96/><G96/><RYUUKYOKU ba="3,1" sc="545,-15,106,-15,189,15,150,15" hai2="5,9,12,15,17,21,24,26,57,62" hai3="6,10,13,80,84,91,93,98,102,103" /><INIT seed="1,4,1,1,2,106" ten="530,91,204,165" oya="1" hai0="99,97,78,22,64,115,66,23,16,27,19,118,51" hai1="18,14,91,76,70,87,124,13,15,116,36,90,93" hai2="11,111,74,56,113,132,98,128,86,108,85,109,79" hai3="5,114,46,60,50,69,28,57,94,105,71,38,72"/><U104/><E116/><V8/><F56/><W26/><G114/><T48/><D115/><U62/><E104/><V3/><F113/><W53/><G105/><T102/><D118/><U58/><E36/><V96/><F3/><W117/><G117/><T21/><D78/><U39/><E39/><V42/><F42/><W35/><G5/><T55/><D23/><U133/><E133/><V4/><F11/><W135/><G135/><T37/><D37/><U107/><E107/><V123/><F132/><W89/><G38/><T127/><D127/><U24/><E70/><V119/><F8/><W34/><G34/><T121/><D121/><U54/><E124/><V9/><F119/><W80/><G80/><T29/><D29/><U131/><E131/><V63/><F123/><W120/><G72/><T95/><D99/><N who="2" m="37930" /><F63/><W1/><G1/><T41/><D41/><U31/><E90/><V77/><F128/><W112/><G112/><T81/><D81/><U20/><REACH who="1" step="1"/><E76/><REACH who="1" ten="530,81,204,165" step="2"/><V6/><F79/><W40/><G120/><T75/><D102/><U122/><E122/><V17/><F77/><W61/><G71/><T68/><D68/><U65/><E65/><V10/><F74/><W83/><G69/><T33/><D75/><U130/><E130/><V134/><F134/><W45/><G89/><T82/><D66/><U47/><E47/><V126/><F126/><W103/><G46/><T25/><D64/><U49/><E49/><V125/><F125/><W30/><G45/><T84/><D51/><U59/><E59/><V2/><F111/><W43/><G57/><T44/><D44/><RYUUKYOKU ba="4,2" sc="530,-10,81,30,204,-10,165,-10" hai1="13,14,15,18,20,24,31,54,58,62,87,91,93" /><INIT seed="1,5,2,0,5,124" ten="520,111,194,155" oya="1" hai0="102,1,131,10,98,117,43,21,115,29,55,84,82" hai1="77,128,123,104,34,114,109,87,37,66,64,59,74" hai2="135,54,110,69,3,130,48,16,76,33,28,45,95" hai3="96,122,125,32,121,97,41,120,86,60,56,52,57"/><U38/><E34/><V78/><F69/><W14/><G32/><T107/><D115/><U65/><E104/><V42/><F3/><W15/><G125/><T99/><D117/><U20/><E74/><V118/><F118/><W11/><G41/><T80/><D43/><U129/><E123/><V8/><F28/><W58/><G86/><T103/><D55/><U27/><E114/><V127/><F33/><W67/><G15/><T90/><D131/><N who="1" m="50251" /><E109/><V79/><F127/><W7/><REACH who="3" step="1"/><G58/><REACH who="3" ten="520,111,194,145" step="2"/><T73/><D73/><U63/><E87/><V75/><F130/><W13/><G13/><T105/><D1/><U9/><E9/><V113/><F42/><W94/><G94/><T132/><D10/><U6/><E6/><V126/><F95/><W47/><G47/><T44/><D84/><U81/><E38/><V61/><F8/><W70/><G70/><T119/><D119/><U116/><E37/><V17/><F75/><W30/><G30/><T2/><D2/><U51/><E116/><V24/><F126/><W26/><G26/><T88/><D44/><U91/><E77/><V92/><F79/><W68/><G68/><T19/><D107/><U133/><E133/><V36/><F78/><W23/><G23/><T106/><D132/><U100/><E59/><V18/><F76/><W108/><G108/><T93/><D93/><U25/><E25/><V112/><F24/><W22/><G22/><T111/><D111/><U35/><E35/><V85/><F110/><W53/><G53/><T71/><D71/><U5/><E27/><V4/><F135/><W62/><AGARI ba="5,3" hai="7,11,14,52,56,57,60,62,67,96,97,120,121,122" machi="62" ten="40,8000,1" yaku="1,1,5,1,0,1,54,1,53,0" doraHai="124" doraHaiUra="134" who="3" fromWho="3" sc="520,-25,111,-45,194,-25,145,125" /><INIT seed="2,0,0,0,2,50" ten="495,66,169,270" oya="2" hai0="29,78,98,100,36,123,75,101,106,1,91,61,72" hai1="85,27,34,134,4,21,39,20,74,108,118,105,119" hai2="96,92,32,64,83,14,126,43,65,56,3,62,28" hai3="87,13,133,77,15,121,88,49,31,115,63,57,117"/><V89/><F126/><W70/><G121/><T103/><D36/><U94/><E105/><V12/><F3/><W9/><G117/><T81/><D1/><U7/><E74/><N who="0" m="28201" /><D61/><U22/><E39/><V93/><F43/><W114/><G133/><T58/><D58/><U69/><E69/><V84/><F65/><W124/><G124/><T82/><D29/><N who="1" m="19775" /><E94/><V42/><F42/><W2/><G70/><T104/><D123/><U125/><E85/><V45/><F45/><W90/><G49/><T76/><D91/><U73/><E73/><V135/><F135/><W23/><G2/><T48/><D48/><U109/><E134/><V95/><F28/><W37/><G37/><T113/><D113/><N who="3" m="43017" /><G77/><N who="0" m="29803" /><D98/><U40/><E40/><V129/><F32/><W19/><G87/><T130/><D130/><U66/><E125/><V52/><F129/><W44/><G44/><T38/><D38/><U54/><E66/><V35/><F35/><W51/><G51/><T11/><D11/><U97/><E97/><V111/><F96/><W0/><G0/><T24/><D24/><U112/><E112/><V25/><F25/><N who="3" m="16831" /><G15/><N who="2" m="5673" /><F64/><AGARI ba="0,0" hai="9,13,19,57,63,64,88,90" m="16831,43017" machi="64" ten="30,2000,0" yaku="11,1,54,1" doraHai="50" who="3" fromWho="2" sc="495,0,66,0,169,-20,270,20" /><INIT seed="3,0,0,5,2,19" ten="495,66,149,290" oya="3" hai0="48,58,15,29,101,46,56,110,62,130,71,125,84" hai1="49,117,131,81,85,20,76,6,51,123,65,87,55" hai2="104,105,97,5,93,135,54,13,21,3,0,80,35" hai3="75,103,102,4,8,18,10,124,92,106,7,94,61"/><W70/><G75/><T28/><D71/><U1/><E131/><V68/><F35/><W82/><G70/><T98/><D110/><U79/><E123/><V95/><F68/><W53/><G124/><T2/><D2/><U57/><E117/><V41/><F41/><W132/><G132/><T43/><D125/><U126/><E126/><V45/><F95/><N who="3" m="36395" /><G106/><T12/><D58/><U100/><E100/><N who="3" m="38442" /><G82/><T96/><D84/><U78/><E1/><V30/><F80/><W122/><G122/><T37/><D37/><U33/><E33/><V38/><F105/><W114/><G114/><T88/><D101/><U77/><E81/><V133/><F104/><W111/><G111/><T113/><D113/><U115/><E115/><V11/><F133/><W107/><G107/><T47/><D130/><U40/><E79/><V34/><F135/><W120/><G120/><T31/><D98/><U134/><E134/><V121/><F34/><W129/><G129/><T86/><D96/><U17/><E87/><V119/><F121/><W50/><G61/><T59/><D62/><U22/><E85/><V67/><F119/><W99/><G99/><T73/><D73/><U69/><E69/><V39/><F38/><W63/><G63/><T127/><D127/><U42/><E78/><V128/><F39/><W60/><G60/><T118/><D118/><U16/><E77/><V66/><F128/><W116/><G116/><T27/><D86/><U64/><E76/><V108/><F108/><W14/><G8/><T32/><D32/><U109/><E109/><V9/><F11/><W74/><G74/><RYUUKYOKU ba="0,0" sc="495,-10,66,-10,149,-10,290,30" hai3="4,7,10,14,18,50,53" /><INIT seed="3,1,0,4,5,124" ten="485,56,139,320" oya="3" hai0="106,45,43,76,128,63,126,91,41,113,32,104,48" hai1="60,3,80,87,62,116,7,131,100,109,8,49,0" hai2="27,107,42,110,74,50,54,22,97,102,17,16,25" hai3="5,28,13,26,11,64,89,24,12,29,118,33,4"/><W40/><G118/><T15/><D32/><U78/><E116/><V92/><F110/><W130/><G40/><T71/><D76/><U123/><E123/><V108/><F108/><W119/><G119/><T51/><D113/><U96/><E109/><V14/><F74/><W94/><G64/><T75/><D75/><U85/><E0/><V115/><F115/><W111/><G111/><T1/><D1/><U125/><E125/><V73/><F73/><W67/><G67/><T53/><D126/><U58/><E87/><V93/><F42/><W44/><G44/><T59/><D71/><U81/><E81/><V83/><F83/><W55/><G55/><T114/><D114/><U103/><E103/><V10/><REACH who="2" step="1"/><F27/><REACH who="2" ten="485,56,129,320" step="2"/><W21/><G26/><T82/><D82/><U57/><E131/><V121/><F121/><W46/><G130/><T61/><D43/><U20/><E20/><V56/><AGARI ba="1,1" hai="10,14,16,17,22,25,50,54,56,92,93,97,102,107" machi="56" ten="20,8000,1" yaku="1,1,0,1,7,1,54,1,53,1" doraHai="124" doraHaiUra="99" who="2" fromWho="2" sc="485,-21,56,-21,129,93,320,-41" /><INIT seed="4,0,0,1,4,62" ten="464,35,222,279" oya="0" hai0="85,69,135,52,0,39,42,3,63,50,118,95,88" hai1="1,78,7,56,105,128,27,8,87,53,126,117,45" hai2="18,46,16,68,10,110,113,70,104,61,130,32,6" hai3="111,74,84,132,33,127,64,101,35,112,90,23,93"/><T99/><D118/><U13/><E128/><V97/><F110/><W40/><G74/><T60/><D135/><U86/><E126/><V21/><F32/><W123/><G111/><T133/><D133/><U106/><E117/><V67/><F130/><W75/><G132/><T77/><D39/><U82/><E1/><V116/><F116/><W73/><G127/><T91/><D42/><U131/><E131/><V44/><F113/><W115/><G123/><T31/><D77/><U24/><E106/><V120/><F70/><W100/><G40/><T25/><D3/><U34/><E34/><V55/><F120/><W54/><G23/><N who="0" m="15807" /><D69/><U30/><E105/><V83/><F83/><W14/><G35/><T47/><D0/><U12/><E30/><V59/><F97/><W121/><G33/><T65/><D65/><U11/><E87/><V134/><F104/><W125/><G73/><T28/><D28/><U79/><E79/><V107/><F107/><W76/><G75/><T80/><AGARI ba="0,0" hai="47,50,52,60,63,80,85,88,91,95,99" m="15807" machi="80" ten="30,6000,0" yaku="8,1,54,2" doraHai="62" who="0" fromWho="0" sc="464,60,35,-20,222,-20,279,-20" /><INIT seed="4,1,0,3,1,52" ten="524,15,202,259" oya="0" hai0="94,101,7,121,11,36,53,30,115,8,65,15,25" hai1="19,56,92,126,2,130,135,77,72,87,111,20,41" hai2="122,5,85,13,116,99,57,90,67,42,80,14,46" hai3="22,60,1,107,32,12,51,35,110,108,96,66,133"/><T18/><D36/><U127/><E111/><V89/><F122/><W74/><G1/><T54/><D121/><U82/><E2/><V59/><F116/><W119/><G74/><T131/><D115/><U128/><E41/><V125/><F125/><N who="1" m="47625" /><E92/><N who="2" m="56727" /><F67/><W98/><G119/><T95/><D131/><N who="1" m="50219" /><E72/><V37/><F37/><W16/><G133/><T55/><D65/><U123/><E123/><V124/><F124/><W49/><G35/><T69/><D69/><U84/><E84/><V134/><F134/><W120/><G32/><T109/><D109/><U118/><E118/><V81/><F81/><W10/><G120/><T0/><REACH who="0" step="1"/><D101/><REACH who="0" ten="514,15,202,259" step="2"/><U102/><E102/><V34/><F34/><AGARI ba="1,1" hai="0,7,8,11,15,18,25,30,34,53,54,55,94,95" machi="34" ten="40,7700,0" yaku="1,1,2,1,53,1" doraHai="52" doraHaiUra="21" who="0" fromWho="2" sc="514,90,15,0,202,-80,259,0" /><INIT seed="4,2,0,3,1,13" ten="604,15,122,259" oya="0" hai0="51,54,28,116,9,102,47,42,115,109,52,100,53" hai1="88,66,56,79,119,23,32,48,95,45,107,129,94" hai2="3,132,26,63,84,12,64,121,22,55,37,74,120" hai3="38,93,98,87,14,0,80,96,6,24,114,90,50"/><T25/><D116/><U73/><E119/><V103/><F74/><W19/><G38/><T78/><D115/><U91/><E32/><V126/><F3/><W39/><G39/><T7/><D78/><U113/><E107/><V49/><F37/><W127/><G114/><T41/><D41/><U71/><E71/><V33/><F33/><W125/><G0/><T29/><D109/><U69/><E69/><V20/><F103/><W85/><G6/><T2/><REACH who="0" step="1"/><D28/><REACH who="0" ten="594,15,122,259" step="2"/><U67/><E113/><V83/><F121/><W21/><G127/><T70/><D70/><U101/><E129/><V17/><F120/><W5/><G125/><T99/><D99/><N who="1" m="59639" /><E79/><V105/><F126/><W135/><G98/><T44/><D44/><U133/><E73/><V122/><F122/><W10/><G96/><T111/><D111/><U118/><E118/><V46/><F46/><W76/><G76/><T110/><D110/><U82/><E133/><V60/><F105/><W86/><G135/><T4/><D4/><U134/><E134/><V43/><F43/><W58/><G5/><T124/><D124/><U117/><E117/><V68/><F132/><W11/><G86/><T104/><D104/><U108/><E108/><V75/><F75/><W15/><G85/><T8/><D8/><U62/><E45/><N who="2" m="28079" /><F68/><W61/><G10/><T27/><D27/><U30/><E30/><N who="2" m="17735" /><F84/><W35/><G11/><T31/><D31/><U34/><E56/><V131/><F131/><W57/><G57/><T72/><D72/><U40/><E40/><V36/><F36/><W81/><G87/><T18/><D18/><RYUUKYOKU ba="2,1" sc="594,30,15,-10,122,-10,259,-10" hai0="2,7,9,25,29,42,47,51,52,53,54,100,102" /><INIT seed="4,3,1,2,2,95" ten="624,5,112,249" oya="0" hai0="81,97,73,121,11,92,0,109,76,10,105,9,37" hai1="115,67,116,87,59,91,34,84,3,18,17,35,103" hai2="104,62,57,50,96,52,39,38,65,32,41,24,123" hai3="8,131,40,74,75,101,21,130,134,53,23,6,118"/><T12/><D121/><U113/><E116/><V29/><F123/><W64/><G118/><T15/><D0/><U27/><E3/><V82/><F82/><W72/><G134/><T47/><D105/><U44/><E44/><V98/><F104/><W88/><G64/><T49/><D37/><U78/><E78/><V66/><F66/><W126/><G126/><T58/><D58/><U129/><E129/><N who="3" m="49162" /><G40/><T127/><D127/><U90/><E67/><V125/><F125/><W30/><G30/><T45/><D109/><U43/><E59/><V28/><F28/><W71/><G71/><T128/><D128/><U19/><E103/><V55/><F55/><W46/><G101/><T79/><D79/><U106/><E43/><V100/><F100/><W119/><G88/><N who="1" m="33834" /><E106/><V56/><REACH who="2" step="1"/><F41/><REACH who="2" ten="624,5,102,249" step="2"/><W51/><G119/><T1/><D81/><U48/><E48/><V68/><F68/><W22/><G75/><T132/><D49/><U77/><E77/><V124/><F124/><W135/><G135/><T5/><D76/><U7/><E7/><V4/><F4/><W60/><G60/><T112/><D73/><U16/><N who="1" m="4096" /><DORA hai="54" /><U25/><E25/><V83/><F83/><W85/><G74/><T14/><D132/><U2/><E2/><V20/><F20/><W26/><G72/><T122/><D122/><U80/><E27/><V93/><F93/><W117/><G26/><T86/><D1/><U31/><E31/><V107/><F107/><W33/><G33/><N who="1" m="12298" /><E80/><V13/><F13/><N who="3" m="5271" /><G117/><T89/><D5/><U114/><AGARI ba="3,2" hai="84,87,113,114,115" m="12298,4096,33834" machi="114" ten="60,12000,2" yaku="28,2,15,1,11,1,54,2" doraHai="95,54" who="1" fromWho="1" sc="624,-63,5,149,102,-33,249,-33" /><INIT seed="5,0,0,2,2,30" ten="561,154,69,216" oya="1" hai0="34,114,85,78,121,27,48,105,29,84,0,15,103" hai1="47,37,25,28,97,127,2,107,10,49,52,40,57" hai2="104,95,79,124,13,22,72,125,11,90,70,68,59" hai3="99,63,75,8,19,123,87,112,106,51,67,130,55"/><U98/><E127/><N who="2" m="48715" /><F104/><W53/><G123/><T4/><D0/><U14/><E2/><V91/><F22/><W46/><G75/><T128/><D78/><U122/><E107/><V32/><F32/><W89/><G130/><T135/><D114/><U65/><E122/><V129/><F129/><W73/><G73/><T113/><D113/><U58/><E58/><V133/><F133/><W12/><G112/><T33/><D128/><U110/><E65/><V134/><F134/><W38/><G38/><T120/><D48/><U39/><E39/><V80/><F59/><N who="3" m="37375" /><G106/><T77/><D29/><U62/><E37/><V66/><F66/><W35/><G35/><T81/><D4/><U86/><E86/><N who="2" m="52727" /><F90/><W83/><G99/><T43/><D77/><U116/><E116/><V111/><F111/><W132/><G132/><T54/><D34/><U18/><E110/><V21/><F21/><AGARI ba="0,0" hai="10,14,18,21,25,28,40,47,49,52,57,62,97,98" machi="21" ten="30,5800,0" yaku="7,1,8,1,54,1" doraHai="30" who="1" fromWho="2" sc="561,0,154,58,69,-58,216,0" /><INIT seed="5,1,0,1,5,18" ten="561,212,11,216" oya="1" hai0="44,1,94,2,54,17,15,107,5,109,16,34,93" hai1="0,19,118,96,60,40,68,61,42,6,78,127,126" hai2="13,117,11,110,92,125,103,102,57,116,124,9,106" hai3="114,4,14,64,47,55,56,80,128,35,8,71,75"/><U132/><E118/><N who="2" m="45675" /><F92/><W48/><G35/><T76/><D107/><U52/><E132/><V66/><F57/><W24/><G114/><T10/><D109/><U38/><E78/><V130/><F66/><W41/><G128/><T112/><D112/><U81/><E81/><V74/><F74/><W29/><G80/><T100/><D34/><U21/><E96/><V37/><F37/><W7/><G75/><T131/><D131/><U119/><E68/><V87/><F130/><W28/><G7/><T12/><D5/><U72/><E72/><V105/><F87/><W98/><G98/><T90/><D76/><U53/><E61/><V123/><F110/><W50/><G71/><T45/><D10/><N who="2" m="3594" /><F13/><W22/><G64/><T39/><D54/><N who="1" m="21099" /><E60/><V25/><F25/><W91/><G91/><T73/><D73/><U88/><E88/><V101/><F123/><W79/><G79/><T115/><D90/><U134/><E38/><V43/><F43/><W99/><G99/><T69/><D69/><U108/><E108/><V59/><F59/><W58/><G58/><T23/><D39/><U27/><E42/><V31/><F31/><AGARI ba="1,0" hai="4,8,14,22,24,28,29,31,41,47,48,50,55,56" machi="31" ten="30,3900,0" yaku="7,1,8,1,52,1" doraHai="18" who="3" fromWho="2" sc="561,0,212,0,11,-42,216,42" owari="561,66.0,212,-19.0,-31,-53.0,258,6.0" /></mjloggm>