<mjloggm ver="2.3"><GO type="169" lobby="0"/><UN n0="%44%61%72%75%69" n1="%E6%9C%A8%E5%8E%9F%E8%B1%AA%E4%B8%80" n2="%64%75%72%72%72%72%72" n3="%E7%83%8F%E8%B3%8A%E4%B9%8B%E8%BC%94" dan="17,16,18,17" rate="2134.83,2180.54,2232.24,2201.42" sx="M,M,M,M"/><TAIKYOKU oya="0"/><INIT seed="0,0,0,5,1,21" ten="250,250,250,250" oya="0" hai0="97,78,116,124,7,13,117,45,112,27,130,132,127" hai1="31,5,108,17,84,65,28,54,128,12,24,107,80" hai2="94,40,58,111,44,102,55,29,8,61,68,53,70" hai3="126,74,118,121,110,72,32,3,4,63,122,25,6"/><T109/><D78/><U49/><E108/><V30/><F111/><W56/><G118/><N who="0" m="45675" /><D97/><U37/><E37/><V11/><F102/><W79/><G110/><T66/><D45/><U90/><E128/><V43/><F44/><W86/><G126/><N who="0" m="48171" /><D66/><U77/><E107/><V82/><F94/><W129/><G129/><T95/><D95/><U52/><E5/><V15/><F15/><W76/><G86/><T14/><D109/><U99/><E65/><V119/><F58/><W34/><G56/><T71/><D71/><U51/><E51/><V89/><F119/><W23/><G63/><T100/><D100/><U26/><E99/><V115/><F89/><W69/><G69/><T75/><D75/><U105/><E105/><V123/><F82/><W41/><G41/><T60/><D60/><U92/><E92/><V48/><F61/><W88/><G88/><T35/><D130/><U98/><E98/><V46/><F46/><W20/><G3/><T91/><D91/><U134/><E90/><V36/><F48/><W0/><G0/><T38/><D38/><U47/><E54/><V104/><F104/><W106/><G106/><T135/><D112/><U50/><E50/><V113/><REACH who="2" step="1"/><F36/><REACH who="2" ten="250,250,240,250" step="2"/><W19/><G79/><T81/><D81/><U42/><E47/><V67/><F67/><W2/><G76/><T85/><D14/><U87/><E77/><V131/><F131/><W22/><G2/><T10/><D85/><U133/><E80/><V125/><F125/><W18/><G74/><T33/><D27/><U16/><E12/><V114/><F114/><W59/><G72/><RYUUKYOKU ba="0,1" sc="250,15,250,-15,240,15,250,-15" hai0="7,10,13,33,35,132,135" hai2="8,11,29,30,40,43,53,55,68,70,113,115,123" /><INIT seed="0,1,1,4,4,101" ten="265,235,255,235" oya="0" hai0="109,62,54,42,84,64,36,61,13,123,56,105,49" hai1="53,133,52,127,50,124,103,31,57,16,113,9,132" hai2="77,66,104,94,74,92,99,86,27,135,110,68,125" hai3="48,46,15,45,71,12,2,128,47,126,18,95,79"/><T25/><D123/><U67/><E31/><V119/><F27/><W115/><G2/><T120/><D120/><U10/><E103/><N who="2" m="62591" /><F66/><W8/><G71/><T3/><D3/><U5/><E113/><V51/><F51/><W102/><G115/><T6/><D105/><U26/><E67/><V41/><F41/><W70/><G70/><N who="0" m="42255" /><D25/><U75/><E75/><V87/><F68/><W82/><G126/><N who="1" m="48170" /><E53/><V7/><F7/><W85/><G128/><T114/><D84/><N who="2" m="32298" /><F125/><W24/><G24/><T97/><D13/><N who="1" m="7223" /><E26/><V40/><F40/><W35/><G35/><T73/><D42/><U1/><AGARI ba="1,1" hai="1,5,9,50,52,57,132,133" m="7223,48170" machi="1" ten="30,4000,0" yaku="18,1,54,2" doraHai="101" who="1" fromWho="1" sc="265,-21,235,53,255,-11,235,-11" /><INIT seed="1,0,0,2,3,13" ten="244,288,244,224" oya="1" hai0="86,109,94,0,19,76,93,6,56,78,40,82,14" hai1="81,70,101,67,130,42,28,36,15,111,30,74,80" hai2="72,61,9,37,66,57,95,32,16,115,5,124,133" hai3="114,112,54,122,103,123,131,20,60,39,75,53,87"/><U77/><E130/><V4/><F72/><W8/><G75/><T110/><D78/><U38/><E101/><V96/><F32/><W27/><G39/><T31/><D31/><U29/><E111/><N who="0" m="42505" /><D0/><U62/><E42/><V125/><F37/><W69/><G131/><T45/><D6/><U116/><E116/><V23/><F133/><W50/><G8/><N who="0" m="6599" /><D56/><U129/><E129/><V12/><F115/><W79/><G114/><T44/><D44/><U21/><REACH who="1" step="1"/><E81/><REACH who="1" ten="244,278,244,224" step="2"/><V1/><REACH who="2" step="1"/><F5/><REACH who="2" ten="244,278,234,224" step="2"/><W91/><G112/><T52/><D40/><U88/><E88/><AGARI ba="0,2" hai="1,4,9,12,16,23,57,61,66,88,95,96,124,125" machi="88" ten="40,8000,1" yaku="1,1,2,1,52,1,54,2,53,0" doraHai="13" doraHaiUra="73" who="2" fromWho="1" sc="244,0,278,-80,234,100,224,0" /><INIT seed="2,0,0,1,3,100" ten="244,198,334,224" oya="2" hai0="24,20,0,14,39,56,115,2,59,82,30,107,111" hai1="27,44,102,97,47,98,6,120,42,37,58,70,55" hai2="63,38,64,13,121,83,79,43,12,112,123,48,84" hai3="52,36,57,85,114,78,93,88,11,66,65,86,132"/><V94/><F38/><W116/><G116/><T113/><D39/><U128/><E128/><V77/><F112/><W73/><G36/><T7/><D82/><U8/><E120/><V61/><F94/><W74/><G114/><N who="0" m="43531" /><D59/><U103/><E70/><V33/><F33/><W89/><G132/><T60/><D56/><U4/><E27/><V72/><F83/><W101/><G101/><T134/><D107/><U53/><E37/><V92/><F92/><W19/><G78/><T105/><D105/><U51/><E58/><V10/><F10/><W50/><G73/><T104/><D104/><U119/><E119/><V135/><F84/><W109/><G109/><T28/><D60/><U15/><E15/><V22/><F48/><W133/><G133/><T126/><D134/><U54/><E8/><V26/><F26/><W35/><G35/><T1/><D126/><U80/><E55/><V108/><F43/><W41/><G74/><T99/><D99/><U16/><E80/><V127/><F64/><N who="3" m="24683" /><G41/><T90/><D90/><N who="3" m="34921" /><G93/><T75/><D75/><U21/><E42/><V110/><F72/><W117/><G117/><T106/><D106/><U23/><E51/><V125/><F135/><W68/><G68/><T45/><D111/><U25/><REACH who="1" step="1"/><E25/><REACH who="1" ten="244,188,334,224" step="2"/><V31/><F110/><W71/><G71/><T18/><D45/><U87/><E87/><V32/><F108/><W62/><G50/><T46/><D46/><U95/><E95/><V91/><F121/><W96/><G96/><T17/><D7/><U131/><E131/><V124/><F123/><W118/><G118/><T129/><D129/><RYUUKYOKU ba="0,1" sc="244,10,188,10,334,-30,224,10" hai0="0,1,2,14,17,18,20,24,28,30" hai1="4,6,16,21,23,44,47,53,54,97,98,102,103" hai3="11,19,52,57,62,85,86" /><INIT seed="3,1,1,1,2,21" ten="254,198,304,234" oya="3" hai0="97,65,116,54,118,124,16,107,88,49,15,80,84" hai1="9,130,7,81,5,86,51,10,28,57,120,87,91" hai2="113,1,114,20,72,121,25,19,30,111,89,69,43" hai3="59,3,108,126,46,79,26,103,74,13,0,90,115"/><W100/><G115/><T48/><D124/><U85/><E130/><V53/><F69/><W71/><G71/><T42/><D42/><U127/><E127/><V39/><F72/><W123/><G123/><T63/><D107/><U55/><E120/><V133/><F121/><W56/><G126/><T132/><D132/><U4/><E28/><V95/><F1/><W119/><G74/><T66/><D97/><U70/><E70/><V110/><F133/><W44/><G13/><T27/><D63/><U96/><REACH who="1" step="1"/><E81/><REACH who="1" ten="254,188,304,234" step="2"/><V35/><F30/><W41/><G119/><T14/><D118/><U6/><N who="1" m="1024" /><DORA hai="99" /><U23/><E23/><V62/><F35/><W8/><G8/><T36/><D116/><U58/><E58/><V104/><F20/><W106/><G59/><T125/><D125/><U77/><E77/><V105/><F114/><W52/><G79/><T31/><D31/><U75/><E75/><V98/><F113/><W18/><G3/><T83/><D83/><U34/><E34/><V50/><F19/><W131/><G0/><T128/><D128/><U33/><E33/><V11/><F11/><W24/><G18/><T82/><D82/><U68/><E68/><V17/><F17/><W37/><G131/><T101/><D16/><U93/><AGARI ba="1,2" hai="9,10,51,55,57,85,86,87,91,93,96" m="1024" machi="93" ten="50,6400,0" yaku="1,1,0,1,8,1,53,0" doraHai="21,99" doraHaiUra="109,134" who="1" fromWho="1" sc="254,-17,188,87,304,-17,234,-33" /><INIT seed="4,0,0,1,0,75" ten="237,275,287,201" oya="0" hai0="123,117,100,4,73,21,86,50,96,37,70,55,69" hai1="43,12,116,79,29,133,132,105,52,6,92,90,77" hai2="94,110,83,98,124,115,91,22,88,49,56,35,108" hai3="121,25,101,24,36,122,134,89,74,66,13,5,28"/><T93/><D123/><N who="3" m="47113" /><G36/><T38/><D117/><U57/><E116/><V114/><F35/><W54/><G66/><T113/><D73/><U129/><E105/><V119/><F119/><W80/><G101/><T15/><D113/><N who="2" m="43018" /><F22/><W33/><G134/><N who="1" m="51818" /><E129/><V58/><F124/><W3/><G54/><T111/><D111/><N who="2" m="42538" /><F49/><W14/><G89/><T127/><D127/><U131/><E29/><V118/><F118/><W8/><G80/><T61/><D38/><U45/><E6/><V34/><F34/><N who="3" m="20743" /><G74/><T126/><D37/><N who="1" m="21743" /><E12/><V87/><AGARI ba="0,0" hai="56,58,83,87,88,91,94,98" m="42538,43018" machi="87" ten="40,2700,0" yaku="15,1,54,1" doraHai="75" who="2" fromWho="2" sc="237,-13,275,-7,287,27,201,-7" /><INIT seed="5,0,0,4,5,129" ten="224,268,314,194" oya="1" hai0="37,5,40,104,45,131,112,24,84,18,15,28,95" hai1="64,44,62,49,17,50,110,1,111,27,89,98,31" hai2="35,69,109,36,86,58,85,106,130,22,46,13,87" hai3="102,73,76,43,115,124,42,93,9,123,48,96,11"/><U119/><E119/><V118/><F35/><W72/><G123/><T19/><D131/><U26/><E1/><V133/><F69/><W4/><G115/><T32/><D104/><U59/><E17/><V128/><F106/><W77/><G124/><T126/><D126/><U38/><E38/><V81/><F118/><W53/><G73/><T3/><D112/><U51/><E44/><V82/><F109/><N who="1" m="41481" /><E31/><V80/><F58/><W60/><G60/><T65/><D65/><U57/><E57/><V70/><F70/><W2/><G11/><T54/><D54/><U66/><E66/><V107/><F46/><W92/><G92/><AGARI ba="0,0" hai="26,27,49,50,51,59,62,64,89,92,98" m="41481" machi="92" ten="30,1500,0" yaku="10,1" doraHai="129" who="1" fromWho="3" sc="224,0,268,15,314,0,194,-15" /><INIT seed="5,1,0,0,1,89" ten="224,283,314,179" oya="1" hai0="56,0,106,55,135,68,4,8,60,25,127,116,79" hai1="73,32,77,64,24,47,98,38,112,23,121,16,5" hai2="42,90,103,50,46,59,40,84,132,91,37,35,11" hai3="109,88,20,124,131,72,17,86,62,36,66,96,13"/><U93/><E121/><V41/><F35/><W104/><G109/><T19/><D116/><U83/><E112/><V107/><F132/><W43/><G72/><T110/><D110/><U15/><E64/><V126/><F126/><W12/><G124/><T111/><D111/><U87/><E73/><V33/><F33/><W26/><G131/><T129/><D127/><U27/><E32/><V81/><F103/><W28/><G36/><T70/><D135/><U97/><E97/><V75/><F107/><W54/><G54/><T65/><D129/><U18/><E5/><V67/><F75/><W34/><G43/><T117/><D117/><U69/><E69/><V10/><F90/><W130/><G130/><T80/><D106/><U2/><E2/><V120/><F120/><W99/><G13/><T101/><D101/><N who="1" m="60623" /><E47/><V3/><F3/><W49/><G49/><T94/><D65/><U45/><E45/><V30/><F30/><W108/><G104/><T7/><D4/><U122/><E38/><V78/><F91/><W74/><G74/><T61/><D70/><U118/><E118/><V53/><F37/><W48/><G48/><T114/><D68/><U14/><E122/><V125/><F125/><W71/><REACH who="3" step="1"/><G108/><REACH who="3" ten="224,283,314,169" step="2"/><T22/><D0/><U115/><E115/><V133/><F133/><W39/><G39/><T21/><D114/><U113/><E113/><V6/><F42/><W102/><G102/><T119/><D119/><U92/><E15/><N who="2" m="5591" /><F67/><W105/><G105/><T100/><D100/><U29/><E14/><V58/><F41/><W57/><G57/><N who="2" m="21513" /><F40/><W9/><G9/><AGARI ba="1,1" hai="9,11,46,50,53,78,81,84" m="21513,5591" machi="9" ten="30,2000,0" yaku="6,1,8,1" doraHai="89" who="2" fromWho="3" sc="224,0,283,0,314,33,169,-23" /><INIT seed="6,0,0,5,4,40" ten="224,283,347,146" oya="2" hai0="100,51,94,1,129,122,2,107,91,73,77,114,41" hai1="97,16,101,59,54,61,64,131,127,115,117,62,15" hai2="30,82,11,96,57,45,126,66,72,55,14,83,8" hai3="37,49,35,92,22,52,68,33,87,74,28,90,44"/><V108/><F126/><W67/><G74/><T48/><D122/><U86/><E117/><V6/><F72/><W13/><G37/><T125/><D114/><U32/><E115/><V5/><F108/><W56/><G68/><T120/><D120/><U18/><E131/><V89/><F30/><W70/><G70/><T60/><D60/><U50/><E127/><V21/><F21/><W109/><G109/><T24/><D24/><U88/><E32/><V135/><F66/><W95/><G95/><T118/><D51/><U25/><E25/><V19/><F45/><W27/><G67/><T0/><D48/><U23/><E18/><V65/><F135/><W7/><G7/><T98/><D41/><U116/><E116/><V4/><F8/><W102/><G102/><T93/><D129/><U119/><E119/><V43/><F43/><W58/><G35/><T106/><D118/><U128/><E128/><V42/><F42/><W53/><REACH who="3" step="1"/><G53/><REACH who="3" ten="224,283,347,136" step="2"/><T12/><D94/><N who="1" m="54551" /><E64/><V3/><F65/><W34/><G34/><T75/><D93/><AGARI ba="0,1" hai="15,16,23,50,54,59,61,62,93,97,101" m="54551" machi="93" ten="30,7700,0" yaku="25,1,8,1,54,2" doraHai="40" who="1" fromWho="0" sc="224,-77,283,87,347,0,136,0" /><INIT seed="7,0,0,3,1,130" ten="147,370,347,136" oya="3" hai0="32,83,124,74,95,29,90,55,100,132,64,131,126" hai1="120,7,37,16,117,88,110,86,0,76,19,10,56" hai2="98,54,14,58,125,93,36,135,99,44,42,52,6" hai3="59,96,33,12,111,4,61,107,127,85,49,106,66"/><W114/><G33/><T73/><D131/><U101/><E110/><V57/><F135/><W22/><G111/><T116/><D116/><U28/><E120/><V87/><F125/><N who="0" m="48234" /><D132/><U31/><E37/><V72/><F72/><N who="0" m="27754" /><D64/><U18/><E76/><V113/><F113/><W103/><G127/><T11/><D55/><U68/><E68/><V94/><F87/><W39/><G114/><T115/><D115/><U67/><E101/><V104/><F104/><W41/><G39/><T50/><D50/><U82/><E117/><V105/><F105/><W15/><G107/><T134/><D134/><U38/><E38/><V21/><F57/><W119/><G119/><T30/><D32/><U40/><E40/><V48/><F54/><W13/><G85/><N who="0" m="50495" /><D11/><U17/><E17/><N who="2" m="10423" /><F6/><W77/><G77/><T51/><D51/><U122/><E122/><V89/><F36/><W27/><G49/><T8/><D8/><U26/><E26/><V69/><F69/><W24/><G41/><T60/><D60/><U9/><E9/><V84/><F42/><W92/><G106/><T23/><D23/><U43/><E43/><N who="2" m="24607" /><F94/><W45/><G45/><T62/><D62/><AGARI ba="0,0" hai="52,58,62,84,89,93,98,99" m="24607,10423" machi="62" ten="30,2000,0" yaku="8,1,54,1" doraHai="130" who="2" fromWho="0" sc="147,-20,370,0,347,20,136,0" owari="127,-37.0,370,46.0,367,17.0,136,-26.0" /></mjloggm>