<mjloggm ver="2.3"><GO type="169" lobby="0"/><UN n0="%E3%81%8A%E7%9F%A5%E3%82%89%E3%81%9B" n1="%E9%81%8A%E3%81%B3%E5%BF%83" n2="%E2%80%A0%E6%B0%B4%E9%8A%80%E7%87%88%E2%80%A0" n3="%E3%81%8B%E3%81%A4%E3%81%A9%E3%82%93" dan="19,18,16,17" rate="2322.47,2219.03,2172.47,2237.66" sx="M,M,F,F"/><TAIKYOKU oya="0"/><INIT seed="0,0,0,1,2,27" ten="250,250,250,250" oya="0" hai0="24,42,57,130,96,133,25,91,101,118,31,45,32" hai1="67,82,65,26,89,8,39,131,80,20,112,132,41" hai2="48,23,104,87,103,0,58,30,113,72,7,110,90" hai3="124,54,61,86,51,3,100,114,123,83,98,71,70"/><T106/><D118/><U53/><E131/><V34/><F113/><W4/><G114/><T12/><D130/><U38/><E112/><V97/><F72/><W125/><G123/><T13/><D133/><U46/><E39/><V122/><F122/><W36/><G36/><T49/><D91/><U93/><E53/><V121/><F110/><W129/><G129/><T35/><REACH who="0" step="1"/><D57/><REACH who="0" ten="240,250,250,250" step="2"/><U120/><E132/><V16/><F58/><W79/><G71/><T135/><D135/><U15/><E89/><V92/><F121/><W66/><G70/><T21/><D21/><U62/><E120/><V109/><F90/><W22/><G124/><T99/><D99/><U44/><E20/><V107/><F97/><W59/><G22/><T60/><D60/><U111/><E62/><V134/><F134/><W9/><G125/><T102/><D102/><U10/><E111/><V108/><F103/><W95/><G61/><T55/><D55/><U85/><E8/><V11/><F108/><W116/><G116/><T33/><D33/><U117/><E10/><V18/><F34/><W6/><G66/><T88/><D88/><U115/><E65/><V17/><F109/><W56/><G59/><T81/><D81/><U78/><E67/><V40/><F23/><W84/><G56/><T5/><D5/><U77/><E82/><V14/><F7/><W28/><G4/><T68/><D68/><U94/><E80/><V64/><F11/><W74/><G54/><T127/><D127/><U105/><E117/><V119/><F119/><W2/><G6/><T1/><D1/><U47/><E115/><RYUUKYOKU ba="0,1" sc="240,30,250,-10,250,-10,250,-10" hai0="12,13,24,25,31,32,35,42,45,49,96,101,106" /><INIT seed="0,1,1,4,2,3" ten="270,240,240,240" oya="0" hai0="65,94,97,68,89,75,92,15,88,104,16,57,27" hai1="10,126,79,58,32,123,50,100,30,22,98,106,45" hai2="84,72,107,78,134,54,110,6,5,130,38,67,117" hai3="40,60,13,59,36,20,69,29,77,48,8,25,12"/><T103/><D75/><U14/><E123/><V102/><F38/><W135/><G135/><T43/><D68/><U26/><E58/><V121/><F121/><W81/><G36/><T0/><D0/><U71/><E126/><V62/><F72/><W1/><G69/><T28/><D43/><U31/><E71/><V91/><F78/><W133/><G133/><T18/><D104/><U63/><E63/><V64/><F134/><W101/><G101/><T53/><D65/><U132/><E79/><V70/><F67/><W113/><G113/><T119/><D119/><U51/><E50/><V129/><F110/><W80/><G1/><T61/><D15/><N who="3" m="5705" /><G8/><T17/><REACH who="0" step="1"/><D94/><REACH who="0" ten="260,240,240,240" step="2"/><U11/><E132/><V96/><F117/><W131/><G40/><T46/><D46/><U23/><E14/><V95/><REACH who="2" step="1"/><F54/><REACH who="2" ten="260,240,230,240" step="2"/><W120/><G120/><T124/><D124/><U112/><E112/><V52/><F52/><W56/><G131/><AGARI ba="1,3" hai="5,6,62,64,70,84,91,95,96,102,107,129,130,131" machi="131" ten="40,8000,1" yaku="1,1,19,1,52,2,53,0" doraHai="3" doraHaiUra="76" who="2" fromWho="3" sc="260,0,240,0,230,113,240,-83" /><INIT seed="1,0,0,0,4,56" ten="260,240,343,157" oya="1" hai0="112,33,75,30,76,106,44,6,3,122,61,7,92" hai1="77,118,108,68,111,71,74,57,27,4,10,64,67" hai2="82,123,115,37,96,102,95,53,2,42,60,46,109" hai3="119,55,21,54,129,62,128,25,69,52,73,41,24"/><U98/><E98/><V125/><F123/><W63/><G119/><T107/><D112/><U99/><E118/><V8/><F115/><W40/><G73/><T89/><D122/><U32/><E99/><V79/><F109/><N who="1" m="42057" /><E57/><V15/><F125/><W135/><G69/><N who="1" m="26698" /><E32/><V104/><F104/><W22/><REACH who="3" step="1"/><G55/><REACH who="3" ten="260,240,343,147" step="2"/><T132/><D132/><AGARI ba="0,1" hai="21,22,24,25,40,41,52,54,62,63,128,129,132,135" machi="132" ten="25,12000,2" yaku="1,1,2,1,22,2,52,2,54,1,53,0" doraHai="56" doraHaiUra="97" who="3" fromWho="0" sc="260,-120,240,0,343,0,147,130" /><INIT seed="2,0,0,3,5,24" ten="140,240,343,277" oya="2" hai0="135,37,53,115,85,31,127,30,56,4,67,123,93" hai1="13,6,71,95,39,51,11,55,49,111,52,88,72" hai2="79,117,80,92,109,62,9,78,33,27,94,5,104" hai3="14,122,82,22,32,116,34,126,69,97,59,102,108"/><V120/><F117/><W21/><G116/><T46/><D115/><U2/><E71/><V103/><F120/><W83/><G69/><T35/><D123/><U105/><E105/><V129/><F129/><W107/><G122/><T16/><D135/><U61/><E72/><V3/><F109/><W131/><G108/><T112/><D112/><U44/><E111/><V90/><F104/><W1/><G1/><T20/><D127/><U75/><E75/><V60/><F103/><W58/><G131/><T43/><D35/><U65/><E39/><V121/><F121/><W77/><G126/><T70/><D4/><U132/><E132/><V119/><F92/><W10/><G32/><T25/><D67/><U29/><E29/><V76/><F80/><W87/><G34/><T48/><REACH who="0" step="1"/><D70/><REACH who="0" ten="130,240,343,277" step="2"/><U130/><E130/><V18/><F119/><W113/><G113/><T84/><D84/><U110/><E110/><V26/><F33/><W19/><G87/><T38/><D38/><U96/><E65/><V54/><F5/><W64/><G64/><T57/><D57/><U12/><E61/><V74/><F60/><W114/><G114/><T8/><D8/><U15/><E2/><V124/><F3/><W66/><G66/><T68/><D68/><U118/><E118/><V101/><F124/><W23/><G59/><AGARI ba="0,1" hai="6,11,12,13,15,44,49,51,52,55,59,88,95,96" machi="59" ten="30,7700,0" yaku="7,1,8,1,54,2" doraHai="24" who="1" fromWho="3" sc="130,0,240,87,343,0,277,-77" /><INIT seed="3,0,0,5,1,62" ten="130,327,343,200" oya="3" hai0="85,36,68,131,44,54,57,112,0,32,123,53,66" hai1="29,114,88,129,73,96,121,76,65,64,9,30,40" hai2="55,92,26,2,118,58,108,75,39,60,70,115,133" hai3="71,33,51,43,109,97,1,8,91,122,4,110,105"/><W47/><G122/><T130/><D0/><U28/><E114/><V78/><F2/><W119/><G119/><T113/><D32/><U99/><E121/><V132/><F26/><W134/><G134/><N who="2" m="51817" /><F92/><N who="3" m="56479" /><G33/><T89/><D123/><U128/><E40/><V93/><F93/><W21/><G105/><T103/><D103/><U100/><E9/><V106/><F106/><W80/><G80/><T63/><D89/><U6/><E6/><V11/><F78/><W46/><G71/><T125/><D85/><U84/><E76/><V20/><F75/><W50/><G21/><T87/><D87/><U77/><E77/><V52/><F20/><W81/><G81/><T18/><D18/><U23/><E23/><V35/><F35/><W116/><G116/><T27/><D27/><U69/><E69/><V102/><F11/><W48/><G43/><N who="0" m="22631" /><D125/><U83/><E73/><V14/><F39/><W5/><G5/><T22/><D22/><U7/><E7/><V127/><F127/><W79/><G79/><T45/><D113/><U98/><E100/><V56/><F118/><W31/><G31/><T49/><D112/><U34/><E34/><V120/><F120/><W59/><G59/><T94/><D94/><U13/><E13/><V101/><F70/><W16/><G16/><T41/><D68/><U15/><E15/><V104/><F115/><W37/><G37/><T38/><D38/><U117/><E117/><V107/><F107/><W17/><G17/><T135/><D135/><U42/><E28/><V10/><F104/><W126/><G126/><T24/><D24/><U86/><E29/><RYUUKYOKU ba="0,0" sc="130,15,327,-15,343,-15,200,15" hai0="41,45,49,53,54,57,63,66,130,131" hai3="1,4,8,46,47,48,50,51,109,110" /><INIT seed="3,1,0,5,4,50" ten="145,312,328,215" oya="3" hai0="5,98,94,8,126,62,54,2,112,38,69,110,57" hai1="25,91,129,19,93,102,47,20,12,61,26,13,15" hai2="68,22,28,1,24,109,123,53,11,99,122,134,83" hai3="106,125,95,46,29,88,6,36,60,10,42,14,55"/><W67/><G125/><T65/><D126/><U114/><E114/><V18/><F68/><W101/><G29/><T4/><D110/><U130/><E102/><V108/><F83/><W7/><G106/><T35/><D112/><U74/><E74/><V43/><F43/><W51/><G101/><T21/><D35/><U121/><E26/><N who="2" m="14679" /><F53/><W128/><G128/><N who="1" m="49258" /><E47/><V133/><F99/><W23/><G23/><T87/><D38/><U64/><E121/><N who="2" m="46091" /><F11/><W84/><G36/><T48/><D87/><N who="1" m="52479" /><E25/><V45/><F45/><W71/><REACH who="3" step="1"/><G42/><REACH who="3" ten="145,312,328,205" step="2"/><T77/><D21/><U127/><E127/><V3/><F108/><W124/><G124/><T79/><REACH who="0" step="1"/><D5/><AGARI ba="1,1" hai="5,6,7,10,14,46,51,55,60,67,71,84,88,95" machi="5" ten="30,18000,2" yaku="1,1,7,1,52,1,54,1,53,3" doraHai="50" doraHaiUra="0" who="3" fromWho="0" sc="145,-183,312,0,328,0,205,193" owari="-38,-54.0,312,-9.0,328,13.0,398,50.0" /></mjloggm>