<mjloggm ver="2.3"><GO type="169" lobby="0"/><UN n0="%E6%B1%A0%E7%94%B0%E3%81%AD%E3%81%93" n1="%EF%BC%8A%E7%B4%97%E5%BC%A5%E8%8F%AF%EF%BC%8A" n2="%74%65%61%6D%2D%65%78" n3="%6F%66" dan="16,16,16,16" rate="2039.33,2090.31,2200.93,2182.21" sx="F,F,M,M"/><TAIKYOKU oya="0"/><INIT seed="0,0,0,0,0,102" ten="250,250,250,250" oya="0" hai0="20,121,77,47,53,27,118,79,42,92,59,115,43" hai1="63,126,51,39,15,26,90,66,80,72,124,135,123" hai2="34,46,36,85,35,75,86,96,8,132,58,21,130" hai3="93,65,127,125,128,106,70,12,88,18,38,37,116"/><T67/><D118/><U6/><E39/><V129/><F75/><W107/><G116/><T22/><D121/><U4/><E123/><V3/><F21/><N who="3" m="11463" /><G70/><T94/><D115/><U10/><E135/><V32/><F58/><W134/><G65/><T78/><D67/><U9/><E26/><V103/><F132/><W61/><G61/><T49/><D20/><U50/><E90/><V16/><F36/><N who="3" m="13931" /><G134/><T28/><REACH who="0" step="1"/><D42/><REACH who="0" ten="240,250,250,250" step="2"/><U73/><E66/><V57/><F34/><W71/><G71/><T84/><D84/><U122/><E122/><V83/><F35/><W40/><G40/><T13/><D13/><U24/><E15/><N who="2" m="7271" /><F32/><W30/><G30/><T98/><D98/><U17/><E73/><V31/><F85/><N who="3" m="52367" /><G128/><T109/><D109/><U14/><E72/><V91/><F129/><W81/><G81/><T29/><D29/><U11/><E80/><V0/><F31/><W5/><G5/><T69/><D69/><U74/><E74/><V82/><F130/><W133/><G133/><T120/><D120/><U108/><E6/><V110/><F82/><W25/><G25/><T114/><D114/><U45/><E24/><V54/><F110/><W119/><G119/><T104/><D104/><U87/><E108/><V64/><F64/><W89/><G89/><T19/><D19/><U97/><E17/><V23/><F23/><W52/><G52/><T7/><D7/><U101/><E4/><V100/><F96/><W2/><G2/><T48/><AGARI ba="0,1" hai="22,27,28,43,47,48,49,53,59,77,78,79,92,94" machi="48" ten="30,6000,0" yaku="1,1,0,1,8,1,53,0" doraHai="102" doraHaiUra="99" who="0" fromWho="0" sc="240,70,250,-20,250,-20,250,-20" /><INIT seed="0,1,0,1,0,78" ten="310,230,230,230" oya="0" hai0="107,96,135,123,114,14,119,49,46,18,29,97,98" hai1="134,25,76,60,83,16,132,51,40,121,82,63,12" hai2="64,99,94,6,20,128,36,131,116,77,34,66,59" hai3="110,26,129,56,67,13,22,112,35,0,23,45,55"/><T122/><D119/><U21/><E121/><V91/><F34/><W130/><G0/><T9/><D114/><U62/><E76/><V104/><F36/><W89/><G112/><T101/><D135/><N who="1" m="51755" /><E25/><V72/><F116/><W85/><G67/><T52/><REACH who="0" step="1"/><D29/><REACH who="0" ten="300,230,230,230" step="2"/><U11/><E11/><V73/><F128/><W84/><G130/><T126/><D126/><U53/><E40/><V43/><F131/><W74/><G129/><T1/><D1/><U90/><E90/><V38/><F91/><W113/><G89/><T81/><D81/><U133/><E133/><V69/><F43/><W68/><G113/><T120/><AGARI ba="1,1" hai="9,14,18,46,49,52,96,97,98,101,107,120,122,123" machi="120" ten="30,6000,0" yaku="1,1,0,1,54,1,53,0" doraHai="78" doraHaiUra="80" who="0" fromWho="0" sc="300,73,230,-21,230,-21,230,-21" /><INIT seed="0,2,0,0,4,89" ten="373,209,209,209" oya="0" hai0="44,48,5,123,15,27,103,86,3,68,94,116,105" hai1="19,49,57,0,67,78,110,38,16,59,52,111,23" hai2="72,33,34,63,42,83,117,119,1,12,93,20,113" hai3="118,40,39,96,104,132,66,14,120,81,50,80,109"/><T108/><D116/><N who="2" m="44618" /><F1/><W70/><G118/><T35/><D123/><U107/><E0/><V36/><F113/><W102/><G120/><T114/><D114/><U25/><E107/><V26/><F63/><W84/><G39/><T87/><D68/><U8/><E38/><V62/><F62/><W69/><G109/><N who="1" m="41482" /><E78/><N who="2" m="44487" /><F12/><W54/><G40/><T75/><D105/><U17/><E8/><V100/><F42/><W90/><G66/><T112/><D75/><U32/><E32/><V21/><F36/><W121/><G121/><T106/><D106/><U13/><E13/><V24/><F93/><W4/><G70/><T9/><D3/><U2/><E2/><V41/><F100/><W37/><G37/><T133/><D133/><U130/><E130/><V58/><F58/><N who="1" m="22025" /><E67/><V91/><F41/><W53/><G69/><T131/><D131/><U51/><E51/><V29/><F91/><W82/><G50/><T129/><D129/><U88/><E88/><V7/><F7/><W55/><REACH who="3" step="1"/><G132/><REACH who="3" ten="373,209,209,199" step="2"/><T28/><D108/><U99/><E49/><V77/><F77/><W61/><G61/><T56/><D112/><U65/><E65/><V6/><F6/><W18/><G18/><AGARI ba="2,1" hai="18,20,21,24,26,29,33,34" m="44487,44618" machi="18" ten="30,1000,0" yaku="12,1" doraHai="89" who="2" fromWho="3" sc="373,0,209,0,209,26,199,-16" /><INIT seed="1,0,0,4,1,3" ten="373,209,235,183" oya="1" hai0="77,71,28,19,33,57,129,40,54,91,18,120,24" hai1="27,103,29,114,128,89,73,80,6,104,42,84,96" hai2="109,90,60,61,118,49,85,134,100,82,116,106,99" hai3="121,2,13,23,70,1,95,15,21,110,66,135,48"/><U119/><E119/><V58/><F109/><W74/><G74/><T7/><D71/><U97/><E114/><V76/><F134/><W131/><G70/><T51/><D129/><U53/><E128/><V12/><F49/><W5/><G66/><T11/><D120/><U133/><E133/><V62/><F58/><W112/><G48/><T81/><D91/><U26/><E42/><V44/><F44/><W102/><G95/><T113/><D113/><U93/><E73/><V132/><F132/><W92/><G92/><T34/><D34/><U111/><E111/><V72/><REACH who="2" step="1"/><F12/><REACH who="2" ten="373,209,225,183" step="2"/><W30/><G135/><T130/><D130/><U36/><E36/><V125/><F125/><W105/><G110/><T46/><D57/><U108/><E108/><V31/><F31/><W4/><G131/><T14/><D54/><U101/><E29/><V39/><F39/><W47/><G30/><T20/><REACH who="0" step="1"/><D33/><REACH who="0" ten="363,209,225,183" step="2"/><U67/><E53/><V117/><F117/><W55/><G55/><T86/><AGARI ba="0,2" hai="7,11,14,18,19,20,24,28,40,46,51,77,81,86" machi="86" ten="20,16000,3" yaku="1,1,2,1,0,1,7,1,25,2,8,1,52,1,53,0" doraHai="3" doraHaiUra="107" who="0" fromWho="0" sc="363,180,209,-80,225,-40,183,-40" /><INIT seed="2,0,0,0,0,54" ten="543,129,185,143" oya="2" hai0="39,13,131,17,91,78,126,67,22,127,111,28,106" hai1="21,73,8,0,11,49,90,79,98,86,66,100,101" hai2="102,105,60,25,122,110,124,80,53,7,3,41,58" hai3="29,81,55,6,18,26,72,107,51,50,125,71,129"/><V63/><F122/><W128/><G107/><T117/><D39/><U130/><E130/><N who="3" m="50282" /><G71/><T4/><D131/><U61/><E49/><V85/><F124/><W52/><G6/><T59/><D106/><U15/><E0/><V42/><F110/><W5/><G5/><T83/><D111/><U88/><E21/><V87/><F87/><W114/><G18/><T20/><D91/><U2/><E2/><V77/><F25/><W92/><G92/><T69/><D69/><U113/><E113/><V47/><F47/><N who="3" m="27743" /><G125/><T118/><D4/><U30/><E30/><V37/><F37/><W9/><G9/><T82/><D82/><U44/><E11/><V62/><F7/><W57/><G114/><T121/><D121/><U108/><E108/><V93/><F3/><W16/><G29/><T116/><D28/><U65/><E8/><V76/><F105/><W70/><G70/><T75/><D22/><U132/><E15/><V33/><F33/><W32/><G32/><T1/><D1/><U31/><E31/><V95/><F95/><W89/><G89/><T34/><D34/><U123/><E88/><N who="2" m="51239" /><F93/><W115/><G115/><T97/><REACH who="0" step="1"/><D97/><REACH who="0" ten="533,129,185,143" step="2"/><U48/><E98/><V24/><F102/><W10/><G10/><T27/><D27/><U35/><E101/><V74/><F24/><W68/><G68/><T120/><D120/><U94/><E100/><V36/><F36/><W64/><G26/><T119/><N who="0" m="29696" /><DORA hai="103" /><T23/><D23/><U40/><E123/><V38/><F38/><W43/><G81/><T46/><D46/><U134/><E35/><V19/><F19/><RYUUKYOKU ba="0,1" sc="533,30,129,-10,185,-10,143,-10" hai0="13,17,20,59,67,75,78,83,126,127" /><INIT seed="3,1,1,0,4,112" ten="563,119,175,133" oya="3" hai0="38,18,127,65,6,26,37,70,2,106,109,11,32" hai1="135,125,39,12,94,105,9,123,113,15,118,134,115" hai2="98,87,34,36,3,111,103,46,61,79,130,31,102" hai3="49,57,1,23,21,40,13,81,88,47,44,74,30"/><W132/><G1/><T90/><D109/><U126/><E105/><V14/><F3/><W108/><G132/><N who="1" m="50730" /><E39/><V124/><F111/><W69/><G69/><T50/><D127/><N who="1" m="48651" /><E94/><V85/><F124/><W25/><G74/><T35/><D106/><U24/><E123/><V64/><F34/><W54/><G108/><T101/><D101/><U96/><E96/><V120/><F31/><W82/><G44/><T22/><D35/><U67/><E67/><V41/><F120/><W97/><G21/><T89/><D32/><U56/><E56/><V55/><F98/><W52/><G13/><N who="1" m="5194" /><E9/><V63/><F102/><W92/><REACH who="3" step="1"/><G54/><REACH who="3" ten="563,119,175,123" step="2"/><T20/><D70/><U60/><E60/><AGARI ba="1,2" hai="23,25,30,40,47,49,52,57,60,81,82,88,92,97" machi="60" ten="30,18000,2" yaku="1,1,2,1,7,1,8,1,54,2,53,0" doraHai="112" doraHaiUra="72" who="3" fromWho="1" sc="563,0,119,-183,175,0,123,203" owari="563,65.0,-64,-56.0,175,-22.0,326,13.0" /></mjloggm>