<mjloggm ver="2.3"><GO type="169" lobby="0"/><UN n0="%70%69%72%62%79" n1="%4A%57%49%4C%4C" n2="%67%6F%75%73%69" n3="%E9%81%8A%E3%81%B3%E5%BF%83" dan="16,16,20,18" rate="2071.66,2117.93,2268.34,2203.95" sx="M,M,M,M"/><TAIKYOKU oya="0"/><INIT seed="0,0,0,1,4,20" ten="250,250,250,250" oya="0" hai0="35,53,124,43,93,24,48,82,36,8,90,79,6" hai1="54,69,123,84,51,18,2,72,50,40,117,34,9" hai2="80,49,107,129,39,108,1,23,68,28,33,61,126" hai3="26,81,25,62,60,98,100,11,7,91,52,94,106"/><T109/><D109/><U17/><E72/><V71/><F23/><W114/><G114/><T102/><D102/><U12/><E123/><V133/><F49/><W83/><G106/><T32/><D124/><U63/><E117/><V15/><F15/><N who="3" m="5631" /><G62/><T76/><D36/><U55/><E34/><V89/><F89/><W57/><G91/><T16/><D43/><U70/><E2/><V119/><F28/><W58/><G58/><T120/><D120/><U27/><E40/><V78/><F80/><AGARI ba="0,0" hai="25,26,52,57,60,80,81,83,94,98,100" m="5631" machi="80" ten="30,7700,0" yaku="8,1,52,2,54,1" doraHai="20" who="3" fromWho="2" sc="250,0,250,0,250,-77,250,77" /><INIT seed="1,0,0,1,3,31" ten="250,250,173,327" oya="1" hai0="108,27,37,12,79,114,124,89,99,21,14,75,101" hai1="134,63,104,119,72,29,24,32,44,58,83,41,35" hai2="121,60,34,92,110,98,74,11,7,4,33,0,42" hai3="116,102,112,135,47,96,23,61,100,76,15,82,45"/><U123/><E123/><V130/><F121/><W91/><G112/><T115/><D37/><U95/><E104/><V73/><F7/><W46/><G135/><T80/><D108/><U3/><E119/><V8/><F8/><W52/><G116/><T126/><D89/><U25/><E3/><V22/><F110/><W69/><G69/><T81/><D81/><U107/><E107/><V1/><F1/><W70/><G70/><T133/><D133/><U18/><E134/><V122/><F122/><W111/><G76/><T17/><D14/><U94/><E83/><V51/><F130/><W66/><G66/><T93/><REACH who="0" step="1"/><D12/><REACH who="0" ten="240,250,173,327" step="2"/><U5/><E5/><V106/><F4/><W68/><G91/><T56/><D56/><U113/><E113/><AGARI ba="0,1" hai="17,21,27,75,79,80,93,99,101,113,114,115,124,126" machi="113" ten="40,1300,0" yaku="1,1,53,0" doraHai="31" doraHaiUra="30" who="0" fromWho="1" sc="240,23,250,-13,173,0,327,0" /><INIT seed="2,0,0,1,1,96" ten="263,237,173,327" oya="2" hai0="100,59,33,129,101,3,114,31,71,97,57,35,50" hai1="54,68,48,110,92,41,103,78,38,18,85,117,91" hai2="65,99,32,21,36,12,76,45,25,23,80,20,119" hai3="11,122,81,60,30,10,88,104,128,28,27,72,75"/><V126/><F126/><W121/><G128/><T131/><D71/><U134/><E117/><V66/><F119/><W62/><G104/><T94/><D114/><U55/><E110/><V5/><F99/><W8/><G88/><N who="0" m="55495" /><D3/><U112/><E112/><V1/><F1/><W87/><G87/><T105/><D105/><U7/><E134/><V77/><F32/><W2/><G27/><T51/><D33/><U115/><E68/><V133/><F133/><W106/><G106/><T63/><D35/><U84/><E115/><V58/><F25/><W44/><G44/><T89/><D31/><N who="3" m="11817" /><G81/><T19/><D19/><U49/><E38/><V123/><F123/><N who="3" m="47115" /><G2/><T61/><D89/><U69/><E69/><V24/><F24/><W14/><G14/><T37/><D37/><U52/><E7/><V124/><F45/><W16/><G16/><T83/><D83/><N who="1" m="47223" /><E18/><V6/><F36/><W125/><G125/><T82/><D82/><N who="1" m="49591" /><E41/><V17/><F124/><W95/><G95/><T120/><D120/><U47/><E47/><V108/><F5/><W74/><AGARI ba="0,0" hai="8,10,11,60,62,72,74,75" m="47115,11817" machi="74" ten="40,2700,0" yaku="28,2" doraHai="96" who="3" fromWho="3" sc="263,-7,237,-7,173,-13,327,27" /><INIT seed="3,0,0,4,1,81" ten="256,230,160,354" oya="3" hai0="128,85,106,88,79,25,119,87,97,46,74,53,5" hai1="108,63,28,52,22,55,3,130,24,109,72,21,94" hai2="54,89,43,37,112,14,27,121,127,125,10,75,66" hai3="135,0,20,30,117,132,71,116,11,7,59,56,49"/><W93/><G71/><T12/><D5/><U65/><E72/><V67/><F112/><W48/><G30/><T1/><D1/><U8/><E130/><V15/><F75/><W103/><G103/><N who="0" m="62831" /><D12/><U118/><E118/><V60/><F121/><W17/><G59/><T98/><D25/><U38/><E38/><V9/><F27/><W64/><G64/><T104/><D53/><U84/><E22/><V13/><F54/><N who="3" m="31815" /><G93/><N who="0" m="56615" /><D46/><U122/><E122/><V120/><F120/><W47/><G49/><T19/><D19/><U41/><E41/><V78/><F43/><W45/><G45/><T40/><D40/><U34/><E34/><V57/><F37/><W35/><G47/><T36/><D36/><U111/><E8/><V39/><F39/><W124/><G35/><T96/><D119/><U73/><E73/><V95/><F78/><W102/><G17/><T33/><D33/><U62/><E3/><V2/><F67/><W69/><G11/><T51/><D51/><U16/><E28/><V77/><F77/><W134/><G7/><T42/><D42/><U114/><E114/><V100/><F100/><W123/><G20/><T4/><D4/><U90/><E63/><V70/><F70/><AGARI ba="0,0" hai="16,21,24,52,55,62,65,70,84,90,94,108,109,111" machi="70" ten="40,8000,1" yaku="14,1,52,1,54,2" doraHai="81" who="1" fromWho="2" sc="256,0,230,80,160,-80,354,0" /><INIT seed="4,0,0,5,4,73" ten="256,310,80,354" oya="0" hai0="132,20,46,28,131,100,59,123,50,45,113,76,18" hai1="11,15,126,52,5,128,80,134,114,121,109,127,71" hai2="108,53,34,57,135,133,75,92,26,83,44,124,84" hai3="14,61,125,103,49,64,54,37,93,85,17,48,68"/><T36/><D123/><U42/><E71/><V3/><F3/><W43/><G49/><T129/><D113/><U40/><E121/><V51/><F108/><W4/><G4/><T79/><D28/><U62/><E109/><V96/><F75/><W41/><G125/><N who="1" m="47626" /><E128/><N who="0" m="49225" /><D132/><U35/><E35/><V23/><F34/><W110/><G110/><T112/><D112/><U107/><E107/><V87/><F124/><W118/><G118/><T12/><D100/><U66/><E114/><V6/><F6/><W115/><G37/><T38/><D59/><N who="1" m="35175" /><E66/><V22/><F87/><W60/><G103/><T119/><D119/><U24/><E134/><V90/><F23/><N who="3" m="11703" /><G64/><T116/><D116/><U117/><E117/><V69/><F69/><W19/><G68/><T101/><D101/><U0/><E24/><V7/><F7/><W91/><G115/><T95/><D95/><U10/><E80/><V1/><F133/><W55/><G93/><T32/><D32/><U105/><E105/><V97/><F135/><W70/><G70/><T74/><D74/><U65/><E65/><V88/><F1/><W47/><G61/><T120/><D120/><U2/><E2/><V94/><F94/><W111/><G60/><T9/><D50/><U102/><E102/><V8/><F96/><W82/><G111/><T72/><D72/><U39/><E39/><N who="0" m="14889" /><D20/><U86/><E86/><V130/><F130/><W30/><G48/><T89/><D89/><U21/><E21/><V106/><F106/><W81/><G91/><T67/><D67/><U98/><E98/><V29/><F57/><W33/><G33/><RYUUKYOKU ba="0,0" sc="256,10,310,10,80,10,354,-30" hai0="9,12,18,45,46,76,79" hai1="0,5,10,11,15,40,42" hai2="8,22,26,29,44,51,53,83,84,88,90,92,97" /><INIT seed="4,1,0,4,0,98" ten="266,320,90,324" oya="0" hai0="7,82,25,68,37,27,36,66,59,55,58,127,35" hai1="107,5,104,39,65,80,120,134,32,64,6,111,52" hai2="119,63,110,14,44,73,41,61,12,78,130,92,11" hai3="101,126,99,16,93,105,135,20,100,72,46,116,60"/><T79/><D68/><U57/><E39/><V33/><F110/><W106/><G116/><T49/><D127/><U30/><E111/><V122/><F122/><W50/><G72/><T118/><D118/><U88/><E120/><V13/><F33/><W132/><G126/><T91/><D91/><U22/><E32/><V15/><F119/><W83/><G83/><T38/><D35/><U53/><E134/><N who="3" m="51242" /><G60/><T112/><D112/><U48/><E104/><N who="3" m="40042" /><G93/><T109/><D109/><U115/><E107/><V124/><F130/><W4/><G4/><N who="1" m="1642" /><E53/><V26/><F124/><W28/><G99/><T24/><D7/><U123/><E115/><V75/><F26/><N who="3" m="14599" /><G28/><T70/><D70/><U117/><E123/><V18/><F92/><W17/><G17/><T131/><D131/><U84/><E117/><V51/><REACH who="2" step="1"/><F75/><REACH who="2" ten="266,320,80,324" step="2"/><W113/><G113/><T3/><D25/><AGARI ba="1,1" hai="22,25,30,48,52,57,64,65,80,84,88" m="1642" machi="25" ten="30,3900,0" yaku="8,1,54,2" doraHai="98" who="1" fromWho="0" sc="266,-42,320,52,80,0,324,0" /><INIT seed="5,0,0,1,4,67" ten="224,372,80,324" oya="1" hai0="113,68,106,46,55,14,59,4,79,96,54,75,63" hai1="53,30,114,132,9,24,122,28,134,70,107,5,109" hai2="33,52,88,6,49,99,129,101,25,111,1,65,17" hai3="128,11,100,34,36,16,87,60,119,118,2,121,61"/><U26/><E107/><V102/><F129/><W0/><G34/><T12/><D75/><U98/><E98/><V42/><F111/><W50/><G36/><T20/><D79/><U64/><E53/><V73/><F73/><W94/><G121/><T125/><D106/><U76/><E76/><V57/><F42/><W81/><G50/><T123/><D96/><U37/><E37/><V90/><F1/><W71/><G94/><T80/><D80/><U72/><E72/><V32/><F6/><W69/><G100/><T95/><D54/><U48/><E48/><V39/><F39/><W62/><G128/><T91/><D46/><U97/><E97/><V133/><F133/><N who="1" m="51305" /><E64/><V85/><F65/><W92/><G92/><T86/><D55/><U15/><E70/><N who="3" m="26634" /><G16/><T21/><D95/><U19/><E122/><V23/><F101/><W116/><G11/><T7/><D123/><U29/><E109/><V51/><F51/><W3/><G60/><T110/><D63/><U131/><E131/><V22/><F22/><W108/><G108/><T130/><D110/><U105/><E105/><V124/><F90/><AGARI ba="0,0" hai="0,2,3,61,62,81,87,90,116,118,119" m="26634" machi="90" ten="40,8000,1" yaku="12,1,52,3" doraHai="67" who="3" fromWho="2" sc="224,0,372,0,80,-80,324,80" /><INIT seed="6,0,0,0,5,15" ten="224,372,0,404" oya="2" hai0="78,20,85,43,60,124,27,122,79,69,48,108,125" hai1="89,52,6,98,116,9,50,1,80,40,95,39,4" hai2="92,17,23,119,72,22,83,77,93,2,105,65,100" hai3="68,91,88,102,84,30,49,115,34,3,59,42,134"/><V127/><F119/><W132/><G68/><T109/><D122/><U63/><E116/><V57/><F2/><W131/><G91/><T10/><D43/><U45/><E6/><V81/><F127/><N who="0" m="48714" /><D48/><U97/><E80/><N who="2" m="30795" /><F105/><W113/><G102/><T71/><D85/><U14/><E63/><N who="2" m="38127" /><F72/><W99/><G99/><T133/><D10/><U8/><E97/><N who="2" m="59431" /><F77/><N who="0" m="29194" /><D133/><U53/><REACH who="1" step="1"/><E39/><REACH who="1" ten="224,362,0,404" step="2"/><V5/><F5/><W74/><G132/><T51/><D60/><U29/><E29/><V33/><F33/><W18/><G30/><N who="0" m="17767" /><D51/><U44/><E44/><V128/><F128/><W12/><G34/><T101/><D101/><U90/><E90/><V135/><F135/><W36/><G88/><T129/><D129/><U123/><E123/><V87/><F87/><W56/><G84/><T7/><D7/><U21/><E21/><N who="2" m="7691" /><F93/><W11/><G36/><T110/><AGARI ba="0,1" hai="69,71,108,109,110" m="17767,29194,48714" machi="110" ten="40,1500,0" yaku="18,1" doraHai="15" who="0" fromWho="0" sc="224,25,362,-4,0,-7,404,-4" owari="249,-15.0,358,16.0,-7,-51.0,400,50.0" /></mjloggm>