<mjloggm ver="2.3"><GO type="185" lobby="0"/><UN n0="%6D%6B%6F%6A%69" n1="%30%30%73%61%69" n2="%E3%81%95%E3%81%A8%E3%81%95%E3%81%A8%31%31" n3="" dan="17,16,17,0" rate="2259.29,2228.65,2262.74,1500.00" sx="M,M,M,C"/><TAIKYOKU oya="0"/><INIT seed="0,0,0,3,4,37" ten="350,350,350,0" oya="0" hai0="88,113,120,42,46,56,92,85,116,96,64,2,86" hai1="134,135,90,112,34,111,118,36,126,32,72,91,33" hai2="70,0,71,63,125,82,67,39,130,132,61,101,75" hai3=""/><T69/><N who="0" m="30752" /><T107/><D116/><U49/><E118/><V93/><F0/><T129/><D113/><U54/><E36/><V128/><F39/><T83/><D2/><U58/><E112/><V127/><F82/><T60/><D129/><N who="2" m="49770" /><F75/><T123/><N who="0" m="31520" /><T109/><D109/><U102/><E111/><V100/><F93/><T66/><D107/><U55/><E72/><V105/><F105/><T48/><REACH who="0" step="1"/><D83/><REACH who="0" ten="340,350,350,0" step="2"/><U43/><E34/><V80/><F80/><T3/><D3/><U117/><E33/><V104/><F104/><T47/><D47/><U77/><E117/><V38/><F132/><T74/><D74/><U131/><E134/><V99/><F127/><T52/><D52/><U97/><E135/><V103/><F125/><T89/><D89/><U87/><E126/><V106/><F38/><T1/><D1/><U59/><E131/><V133/><F133/><T114/><D114/><U53/><E32/><V79/><F79/><T121/><N who="0" m="31008" /><T68/><D68/><U119/><E119/><V124/><F124/><T57/><D57/><U84/><E77/><V76/><F76/><T73/><D73/><U98/><E59/><V62/><F71/><T51/><D51/><U40/><E49/><V65/><F70/><RYUUKYOKU ba="0,1" sc="340,10,350,-20,350,10,0,0" hai0="42,46,48,56,60,64,66,69,85,86,88,92,96" hai2="61,62,63,65,67,99,100,101,103,106" /><INIT seed="0,1,1,4,5,92" ten="350,330,360,0" oya="0" hai0="38,86,73,47,91,39,121,131,79,60,53,98,112" hai1="103,61,111,58,45,44,83,105,118,100,51,99,69" hai2="110,64,116,132,77,125,94,97,128,90,95,72,36" hai3=""/><T109/><N who="0" m="31008" /><T106/><D112/><U85/><E118/><V33/><F36/><T52/><D131/><U88/><E111/><V32/><F110/><T65/><D109/><U75/><E69/><V46/><F116/><T130/><D130/><U87/><E75/><V80/><F128/><T117/><D117/><U93/><E51/><V78/><F46/><T113/><D113/><U49/><E49/><V67/><F125/><T124/><D79/><U71/><E71/><V63/><F132/><T62/><D73/><U40/><E40/><V74/><F63/><T70/><D124/><U96/><REACH who="1" step="1"/><E87/><REACH who="1" ten="350,320,360,0" step="2"/><V134/><F74/><T50/><D62/><U101/><E101/><V0/><F72/><T133/><D133/><U41/><E41/><V68/><F134/><T122/><N who="0" m="31264" /><T126/><D126/><U127/><E127/><V114/><F68/><T35/><D53/><AGARI ba="1,2" hai="44,45,53,58,61,83,85,88,93,96,99,100,103,105" machi="53" ten="30,8000,1" yaku="1,1,7,1,52,2,54,1,53,0" doraHai="92" doraHaiUra="34" who="1" fromWho="0" sc="350,-82,320,102,360,0,0,0" /><INIT seed="1,0,0,2,1,96" ten="268,422,360,0" oya="1" hai0="70,104,99,42,112,65,103,45,95,77,90,50,109" hai1="51,124,75,97,38,64,2,88,120,101,105,37,131" hai2="46,86,48,55,81,113,135,93,0,68,73,115,57" hai3=""/><U123/><N who="1" m="30752" /><U63/><N who="1" m="31520" /><U33/><E2/><V128/><F68/><T111/><D112/><U110/><E33/><V117/><F0/><T125/><D125/><U133/><E124/><V87/><F73/><T89/><D89/><U108/><E75/><V92/><F117/><T43/><D77/><U66/><E131/><V100/><F128/><T41/><D65/><U102/><E133/><V35/><F35/><T71/><D50/><U82/><E51/><V3/><F3/><T76/><D76/><U60/><E88/><V130/><F130/><T32/><D45/><U56/><E82/><V106/><F135/><T118/><D118/><U1/><E1/><V84/><F81/><T62/><D32/><U40/><E101/><V78/><F78/><T114/><D114/><N who="2" m="43530" /><F46/><T80/><D80/><U121/><N who="1" m="31008" /><U107/><E107/><V91/><F91/><T116/><D116/><U53/><E53/><V98/><AGARI ba="0,0" hai="48,55,57,84,86,87,92,93,98,100,106" m="43530" machi="98" ten="40,2000,0" yaku="11,1,52,1" doraHai="96" who="2" fromWho="2" sc="268,-7,422,-13,360,20,0,0" /><INIT seed="2,0,0,5,2,81" ten="261,409,380,0" oya="2" hai0="68,33,45,41,67,74,130,1,121,36,134,128,48" hai1="116,92,97,112,95,86,135,73,118,39,119,66,49" hai2="113,85,53,94,71,127,55,123,54,64,46,96,93" hai3=""/><V44/><N who="2" m="31520" /><V42/><F113/><T79/><N who="0" m="31008" /><T37/><D1/><U125/><E39/><V65/><F127/><T56/><D33/><U105/><E112/><V50/><F71/><T110/><D134/><U83/><E66/><V78/><F46/><T104/><D104/><U133/><E49/><V122/><N who="2" m="31264" /><V102/><F78/><T120/><N who="0" m="30752" /><T76/><D68/><U129/><E73/><V103/><F85/><T47/><D74/><U124/><E105/><V107/><F107/><T132/><D132/><N who="1" m="50763" /><E129/><N who="0" m="49769" /><D110/><U88/><E95/><V57/><REACH who="2" step="1"/><F57/><REACH who="2" ten="261,409,370,0" step="2"/><T72/><D72/><U89/><AGARI ba="0,1" hai="83,86,88,89,92,97,116,118,119,124,125" m="50763" machi="89" ten="40,9000,2" yaku="12,1,20,1,34,2,52,1,54,1" doraHai="81" who="1" fromWho="1" sc="261,-30,409,100,370,-60,0,0" /><INIT seed="4,0,0,0,3,39" ten="231,509,310,0" oya="0" hai0="56,34,114,129,66,127,88,60,118,45,93,123,133" hai1="92,96,107,72,32,58,111,83,3,0,91,73,1" hai2="59,68,116,124,106,130,110,131,71,113,78,125,94" hai3=""/><T48/><N who="0" m="31520" /><T103/><D118/><U81/><E111/><V135/><F106/><T132/><D34/><U77/><E32/><V50/><F78/><T65/><D66/><U74/><E83/><V79/><F79/><T134/><D114/><U37/><E37/><V42/><F116/><T47/><D129/><N who="2" m="49162" /><F94/><T95/><D127/><N who="2" m="48714" /><F110/><T119/><D119/><U33/><E33/><V61/><F113/><T109/><D109/><U64/><E107/><V36/><F36/><T44/><D103/><U126/><E126/><V51/><F135/><T84/><REACH who="0" step="1"/><D93/><REACH who="0" ten="221,509,310,0" step="2"/><U97/><E1/><V104/><F104/><T89/><D89/><U67/><E0/><V87/><F87/><T102/><D102/><U101/><E3/><V86/><F86/><T100/><D100/><U112/><E112/><V63/><F71/><T120/><N who="0" m="30752" /><T62/><D62/><U2/><E2/><V38/><F68/><T70/><D70/><U49/><E73/><V57/><F63/><T80/><D80/><U46/><E74/><V90/><F90/><T128/><D128/><U76/><E72/><V52/><F61/><T98/><D98/><U117/><E96/><V41/><F59/><T105/><D105/><U54/><E117/><V43/><F57/><RYUUKYOKU ba="0,1" sc="221,20,509,-10,310,-10,0,0" hai0="44,45,47,48,56,60,65,84,88,95,132,133,134" /><INIT seed="4,1,1,2,3,121" ten="241,499,300,0" oya="0" hai0="117,50,115,98,35,36,59,120,95,69,49,129,41" hai1="78,107,124,80,76,101,112,40,46,86,47,119,55" hai2="99,79,84,34,127,3,132,111,128,43,62,82,130" hai3=""/><T61/><N who="0" m="30752" /><T58/><D117/><U113/><E119/><V93/><F34/><T87/><D35/><U131/><E131/><V51/><F3/><T77/><D129/><U90/><E124/><V53/><F127/><T91/><D69/><U92/><E107/><V70/><F130/><T110/><D110/><U60/><E101/><V63/><F128/><T135/><D135/><U109/><E78/><V65/><F132/><T67/><D58/><U57/><E109/><V102/><F111/><T33/><D33/><U83/><E83/><V114/><F114/><N who="1" m="44137" /><E40/><V54/><F43/><T89/><D77/><U66/><E66/><V134/><F134/><T122/><N who="0" m="31264" /><T81/><REACH who="0" step="1"/><D115/><REACH who="0" ten="231,499,300,0" step="2"/><U105/><E105/><V52/><REACH who="2" step="1"/><F63/><REACH who="2" ten="231,499,290,0" step="2"/><T44/><AGARI ba="1,3" hai="36,41,44,49,50,59,61,67,81,87,89,91,95,98" m="31264,30752" machi="44" ten="30,8000,1" yaku="1,1,2,1,0,1,52,2,53,0" doraHai="121" doraHaiUra="103" who="0" fromWho="0" sc="231,112,499,-41,290,-41,0,0" /><INIT seed="4,2,0,4,4,126" ten="343,458,249,0" oya="0" hai0="64,133,74,49,123,88,3,55,104,72,106,61,112" hai1="46,134,84,0,86,32,40,91,78,108,53,39,50" hai2="101,98,77,89,54,70,107,97,110,116,99,130,34" hai3=""/><T48/><N who="0" m="31520" /><T119/><D119/><U80/><E108/><V45/><F70/><T69/><D112/><U125/><E125/><V66/><F34/><T37/><D133/><U109/><E134/><V124/><F66/><T79/><D37/><U95/><E109/><V62/><F124/><T90/><D3/><U44/><E32/><V57/><F110/><T87/><D49/><U100/><E100/><V76/><F116/><T35/><D35/><U118/><E118/><V59/><F130/><T83/><D90/><U42/><E0/><V103/><F89/><T67/><D67/><U132/><E132/><V51/><F59/><T122/><N who="0" m="31264" /><T131/><D131/><U96/><E53/><V121/><N who="2" m="31008" /><V58/><F58/><T82/><D72/><AGARI ba="2,0" hai="39,40,42,44,46,50,72,78,80,84,86,91,95,96" machi="72" ten="30,1000,0" yaku="7,1" doraHai="126" who="1" fromWho="0" sc="343,-14,458,14,249,0,0,0" /><INIT seed="5,0,0,4,3,45" ten="329,472,249,0" oya="1" hai0="120,65,86,48,90,108,77,0,64,131,60,102,56" hai1="127,92,75,100,41,53,66,101,83,34,115,69,94" hai2="133,119,121,128,107,47,125,67,95,38,96,132,76" hai3=""/><U123/><N who="1" m="31520" /><U79/><E34/><V73/><N who="2" m="31008" /><V72/><F67/><T109/><N who="0" m="30752" /><T105/><D0/><U62/><E127/><V71/><F71/><T1/><D1/><U42/><E115/><V40/><F119/><T55/><D131/><U84/><E94/><V130/><F107/><T85/><D65/><U70/><E70/><V89/><F125/><T81/><D102/><U57/><E100/><V36/><F36/><T78/><D78/><U44/><E44/><V118/><F118/><T114/><D114/><U43/><E75/><N who="2" m="28747" /><F76/><T33/><D33/><U51/><REACH who="1" step="1"/><E41/><REACH who="1" ten="329,462,249,0" step="2"/><V58/><F58/><T49/><D105/><U63/><E63/><V74/><F74/><T97/><D109/><U50/><E50/><N who="0" m="19561" /><D108/><U59/><E59/><V129/><AGARI ba="0,1" hai="38,40,47,89,95,96,128,129,130,132,133" m="28747,31008" machi="129" ten="40,2000,0" yaku="19,1,52,1" doraHai="45" who="2" fromWho="2" sc="329,-7,462,-13,249,30,0,0" /><INIT seed="6,0,0,3,4,44" ten="322,449,279,0" oya="2" hai0="2,34,42,82,56,71,123,86,111,70,36,124,66" hai1="43,3,106,47,76,1,58,99,113,108,64,118,135" hai2="61,112,125,97,63,104,89,116,134,94,90,54,0" hai3=""/><V87/><F116/><T73/><N who="0" m="31520" /><T83/><D111/><U77/><E108/><V74/><F74/><T131/><D2/><U114/><E118/><V72/><F72/><T92/><D34/><U81/><E135/><V109/><F0/><T50/><D36/><U100/><E58/><V128/><F109/><T69/><D73/><U91/><E64/><V98/><F134/><T119/><D119/><U49/><E91/><V39/><F39/><T105/><D105/><U88/><E88/><V93/><F128/><T107/><D107/><U84/><E76/><V85/><F125/><T95/><D131/><U79/><E77/><V75/><F75/><T127/><D66/><U96/><E96/><V55/><REACH who="2" step="1"/><F104/><REACH who="2" ten="322,449,269,0" step="2"/><T129/><D129/><U65/><E1/><V40/><F40/><T68/><D127/><U51/><E3/><V52/><F52/><T102/><D124/><U67/><E67/><V59/><F59/><T32/><D69/><U46/><E65/><V78/><F78/><T133/><D70/><U41/><AGARI ba="0,1" hai="41,43,46,47,49,51,79,81,84,99,100,106,113,114" machi="41" ten="30,5900,0" yaku="0,1,9,1,52,2" doraHai="44" who="1" fromWho="1" sc="322,-20,449,69,269,-39,0,0" owari="302,-10.0,518,47.0,230,-37.0,0,0.0" /></mjloggm>