<mjloggm ver="2.3"><GO type="169" lobby="0"/><UN n0="%73%61%6C%61%6D%61%6E" n1="%E8%83%83%E3%81%A8%E8%85%B8" n2="%E4%B8%89%E5%8D%8A%E8%8D%98%E3%81%BE%E3%81%A7" n3="%E9%BA%BB%E9%9B%80%E3%81%A7%E9%A3%9F%E3%81%88%21" dan="16,18,16,18" rate="2103.27,2221.49,2135.46,2241.14" sx="M,M,M,M"/><TAIKYOKU oya="0"/><INIT seed="0,0,0,2,4,127" ten="250,250,250,250" oya="0" hai0="18,108,36,86,115,70,11,0,39,73,46,59,68" hai1="89,112,9,78,55,107,76,21,120,129,111,2,121" hai2="98,123,51,38,63,1,117,125,53,54,113,14,92" hai3="91,47,84,3,61,67,83,24,16,44,56,17,41"/><T114/><D114/><U100/><BYE who="0" /><E112/><V62/><F1/><W99/><G3/><T25/><D25/><U52/><E111/><V131/><F113/><UN n0="%73%61%6C%61%6D%61%6E" /><W31/><G99/><T72/><D115/><U82/><E107/><V104/><F104/><W116/><G116/><T5/><D108/><U26/><E100/><V19/><F38/><W101/><G101/><T66/><D18/><U35/><E35/><V124/><F123/><W88/><G91/><T135/><D135/><U57/><E120/><V4/><F4/><W58/><G56/><T110/><D110/><U23/><E121/><V60/><F51/><W103/><G103/><T12/><D0/><U105/><E105/><V109/><F117/><W64/><G67/><T74/><D86/><U90/><E9/><V22/><F109/><W45/><REACH who="3" step="1"/><G41/><REACH who="3" ten="250,250,250,240" step="2"/><T97/><D97/><U119/><E2/><V128/><F98/><W42/><G42/><T43/><REACH who="0" step="1"/><D36/><REACH who="0" ten="240,250,250,240" step="2"/><U87/><E119/><V132/><F132/><W15/><G15/><T106/><D106/><U29/><E26/><V32/><F92/><W133/><G133/><T13/><D13/><U27/><E27/><V50/><F32/><AGARI ba="0,2" hai="16,17,24,31,32,44,45,47,58,61,64,83,84,88" machi="32" ten="40,5200,0" yaku="1,1,54,2,53,0" doraHai="127" doraHaiUra="34" who="3" fromWho="2" sc="240,0,250,0,250,-52,240,72" /><INIT seed="1,0,0,1,4,77" ten="240,250,198,312" oya="1" hai0="25,93,83,96,21,132,92,49,87,36,11,28,72" hai1="24,130,22,108,114,116,40,85,37,90,121,110,60" hai2="98,133,111,34,50,95,32,117,81,42,10,31,23" hai3="97,45,0,123,126,107,64,1,73,29,112,66,2"/><U135/><E114/><V115/><F117/><W43/><G112/><T5/><D36/><U104/><E116/><V67/><F115/><W78/><G123/><T69/><D132/><U39/><E121/><V80/><F133/><W3/><G126/><T100/><D69/><U7/><E135/><V9/><F67/><W17/><G29/><T134/><D134/><U70/><E130/><V74/><F74/><W56/><G1/><T58/><D72/><U94/><E104/><V27/><F111/><N who="1" m="42537" /><E40/><V57/><F34/><W118/><G17/><T33/><D49/><U79/><E7/><V46/><F57/><W44/><G56/><T128/><D58/><U131/><E79/><V51/><F51/><W127/><G127/><T8/><D128/><U102/><E102/><N who="2" m="60767" /><F32/><W13/><G78/><T15/><D8/><AGARI ba="0,0" hai="8,9,10,23,27,31,42,46,50,80,81" m="60767" machi="8" ten="30,3900,0" yaku="8,1,52,2" doraHai="77" who="2" fromWho="0" sc="240,-39,250,0,198,39,312,0" /><INIT seed="2,0,0,4,4,74" ten="201,250,237,312" oya="2" hai0="38,53,80,79,14,99,51,82,73,11,47,81,43" hai1="126,36,55,28,95,102,63,123,76,131,50,13,26" hai2="115,17,110,119,106,69,58,98,48,90,22,109,127" hai3="3,37,93,122,114,118,111,101,78,117,44,124,2"/><V62/><F119/><W10/><G93/><T7/><REACH who="0" step="1"/><D99/><REACH who="0" ten="191,250,237,312" step="2"/><N who="1" m="59775" /><E123/><V71/><F115/><W60/><G114/><T68/><D68/><U72/><E126/><V16/><F127/><W23/><G122/><T34/><D34/><U4/><E131/><V32/><F32/><W129/><G129/><T1/><D1/><U70/><E70/><V49/><F71/><W130/><G2/><T45/><AGARI ba="0,1" hai="7,11,14,38,43,45,47,51,53,73,79,80,81,82" machi="45" ten="20,8000,1" yaku="21,2,0,1,7,1,52,1,53,0" doraHai="74" doraHaiUra="21" who="0" fromWho="0" sc="191,90,250,-20,237,-40,312,-20" /><INIT seed="3,0,0,0,5,72" ten="281,230,197,292" oya="3" hai0="13,78,120,90,129,100,87,16,53,134,44,58,116" hai1="4,35,105,31,21,62,117,37,55,39,50,8,68" hai2="102,109,12,59,3,47,127,56,125,119,103,43,112" hai3="107,99,10,48,36,52,132,11,1,96,128,17,84"/><W41/><G128/><T89/><D116/><U135/><E117/><V27/><F3/><W81/><G36/><T69/><D120/><U22/><E135/><V66/><F119/><W70/><G70/><T73/><D69/><U30/><E105/><V77/><F112/><W88/><G132/><T126/><D134/><U67/><E35/><V106/><F12/><N who="3" m="7319" /><G107/><T114/><D114/><U79/><E37/><V85/><F27/><W98/><G1/><T97/><D129/><U33/><E39/><V54/><F66/><W101/><G11/><N who="0" m="6207" /><D73/><U61/><E61/><N who="2" m="35991" /><F59/><N who="3" m="33159" /><G101/><T108/><D44/><U76/><E33/><V92/><F106/><W7/><G41/><T2/><D2/><U122/><E122/><V9/><F9/><W29/><G29/><T104/><D104/><U80/><E30/><V14/><F14/><W57/><G57/><T123/><D123/><U71/><E71/><V45/><F103/><W26/><G26/><T28/><D28/><U130/><E130/><V91/><F102/><W20/><G7/><T121/><D121/><U94/><E31/><V95/><F43/><W38/><G38/><T5/><D5/><U18/><E4/><V63/><F63/><W110/><G110/><T124/><D108/><U74/><E8/><V19/><F19/><W131/><G131/><T40/><D40/><U83/><E18/><V64/><F109/><W34/><G34/><T93/><D100/><U24/><E24/><V32/><F32/><W49/><G20/><T75/><D75/><N who="1" m="43039" /><E21/><V25/><F25/><W42/><G42/><T82/><D90/><U118/><E118/><RYUUKYOKU ba="0,0" sc="281,15,230,-15,197,-15,292,15" hai0="53,58,78,82,87,89,93,97,124,126" hai3="49,81,84,88,96,98,99" /><INIT seed="3,1,0,0,1,113" ten="296,215,182,307" oya="3" hai0="132,23,58,100,91,31,17,50,106,82,95,49,108" hai1="5,71,13,81,12,101,68,21,60,92,117,124,11" hai2="130,66,85,119,44,0,28,48,16,59,46,3,40" hai3="97,93,98,20,47,76,118,9,111,18,42,25,36"/><W110/><G118/><T32/><D132/><U123/><E123/><V35/><F119/><W26/><G76/><T61/><D108/><N who="3" m="41513" /><G9/><T29/><D32/><U4/><E124/><V86/><F130/><W69/><G69/><T19/><D82/><U78/><E117/><V103/><F103/><N who="3" m="60847" /><G98/><N who="0" m="57727" /><D17/><U34/><E68/><V94/><F35/><W1/><G1/><T134/><D100/><U54/><E71/><V122/><F122/><W74/><G74/><T115/><D106/><U90/><E101/><V131/><F131/><W57/><G57/><T126/><D126/><U56/><E34/><V38/><F28/><N who="0" m="10826" /><D134/><U22/><E78/><V129/><F129/><W43/><G43/><T75/><D75/><U63/><E56/><V39/><F94/><W79/><G79/><T120/><D120/><U37/><E92/><V52/><F39/><W80/><G80/><T10/><D10/><U135/><E11/><V53/><F3/><W116/><G116/><T30/><D30/><U2/><E37/><V104/><F0/><W7/><G7/><T51/><D115/><U112/><E112/><V105/><F104/><W109/><N who="3" m="41521" /><W70/><DORA hai="15" /><G70/><T62/><D58/><U27/><E4/><V114/><F105/><W127/><G127/><T65/><D65/><U45/><E5/><V128/><F66/><W64/><G64/><T41/><D41/><U89/><E2/><V84/><F128/><W96/><G96/><T121/><D121/><U24/><E135/><V55/><F114/><W67/><G67/><T8/><D8/><U107/><E107/><V102/><F59/><RYUUKYOKU ba="1,0" sc="296,15,215,-15,182,-15,307,15" hai0="19,23,49,50,51,61,62" hai3="18,20,25,26,36,42,47" /><INIT seed="3,2,0,3,1,117" ten="311,200,167,322" oya="3" hai0="103,80,34,41,62,28,110,131,104,111,88,55,58" hai1="46,112,0,83,43,119,27,96,48,135,4,50,106" hai2="132,33,22,115,71,32,94,56,78,30,109,12,65" hai3="124,98,134,44,5,24,52,37,10,97,113,93,90"/><W45/><G113/><T101/><D131/><U49/><E112/><V35/><F115/><W26/><G124/><T20/><D34/><U91/><E119/><V92/><F71/><W60/><G98/><T123/><D41/><U17/><E135/><V51/><F132/><W11/><G134/><T114/><D114/><U69/><E69/><V36/><F36/><W122/><G122/><T116/><D116/><U127/><E127/><V82/><F109/><N who="0" m="41482" /><D104/><U1/><E106/><V72/><F12/><N who="3" m="5199" /><G11/><T39/><D39/><U25/><E4/><V108/><F108/><W9/><G9/><T76/><D123/><U6/><E6/><V66/><F66/><W64/><G37/><T21/><D76/><U14/><E0/><V68/><F68/><W99/><G99/><T89/><D28/><U29/><E1/><V120/><F120/><W86/><G97/><T42/><D42/><U125/><E125/><V107/><F107/><W57/><G64/><T133/><D133/><U59/><E96/><V87/><F72/><W126/><G126/><T40/><D40/><U100/><E43/><V61/><REACH who="2" step="1"/><F51/><REACH who="2" ten="311,200,157,322" step="2"/><W95/><G93/><T2/><D2/><U23/><E48/><V54/><F54/><W81/><G95/><T38/><D38/><U13/><E49/><V75/><F75/><W102/><G102/><N who="0" m="38923" /><D80/><U63/><E100/><V77/><F77/><W79/><G79/><T70/><D70/><U130/><E83/><V73/><F73/><W121/><G121/><T85/><D89/><U53/><E91/><V7/><F7/><W18/><G24/><AGARI ba="2,1" hai="22,24,30,32,33,35,56,61,65,78,82,87,92,94" machi="24" ten="40,1300,0" yaku="1,1,53,0" doraHai="117" doraHaiUra="67" who="2" fromWho="3" sc="311,0,200,0,157,29,322,-19" /><INIT seed="4,0,0,0,2,34" ten="311,200,186,303" oya="0" hai0="99,134,87,86,4,110,120,2,19,18,46,53,106" hai1="114,48,62,43,64,128,112,89,76,79,101,80,45" hai2="3,73,75,33,25,13,37,21,14,109,135,82,59" hai3="126,0,85,104,97,129,93,63,5,108,81,118,9"/><T117/><D117/><U78/><E128/><V42/><F109/><W52/><G108/><T11/><D120/><U36/><E101/><V55/><F33/><W7/><G129/><T65/><D110/><U1/><E36/><V58/><F135/><W123/><G123/><T49/><D134/><U40/><E40/><V38/><F42/><W88/><G118/><T30/><D65/><U131/><E131/><V8/><F21/><W41/><G41/><T26/><D106/><U50/><E50/><V116/><F25/><W77/><G126/><T31/><D99/><U57/><E1/><V61/><F116/><W16/><G104/><T111/><D111/><U12/><E12/><V121/><F121/><W22/><G9/><T24/><D24/><U90/><REACH who="1" step="1"/><E80/><REACH who="1" ten="311,190,186,303" step="2"/><V71/><F82/><W60/><G0/><T44/><D44/><U74/><E74/><V132/><F3/><W119/><G119/><T92/><D92/><U29/><E29/><V28/><F28/><W125/><G125/><T94/><D31/><U98/><E98/><V32/><F132/><W67/><G81/><T70/><D94/><U35/><E35/><V39/><F32/><W10/><G97/><T113/><D30/><U51/><E51/><N who="2" m="31103" /><F14/><W127/><G127/><T56/><D2/><U68/><E68/><V15/><F71/><W72/><G72/><N who="2" m="27721" /><F8/><W83/><G10/><T103/><D70/><U133/><E133/><V122/><F122/><W115/><G93/><T20/><D11/><U124/><E124/><V66/><F15/><N who="3" m="9503" /><G83/><T84/><D26/><U130/><E130/><V107/><F13/><RYUUKYOKU ba="0,1" sc="311,-15,190,15,186,15,303,-15" hai1="43,45,48,57,62,64,76,78,79,89,90,112,114" hai2="37,38,39,59,61,66,107" /><INIT seed="5,1,1,4,2,117" ten="296,205,201,288" oya="1" hai0="66,17,1,51,102,57,41,92,89,113,18,35,34" hai1="10,119,82,22,108,36,32,121,71,99,7,86,60" hai2="129,4,128,52,38,48,94,31,97,54,96,64,85" hai3="6,74,116,77,21,131,29,133,75,8,47,14,42"/><U127/><E119/><V95/><F38/><W12/><G116/><T56/><D1/><U88/><E127/><V84/><F64/><W27/><G131/><T76/><D76/><U11/><E108/><V2/><F31/><W104/><G104/><T49/><D102/><U26/><E36/><V115/><F2/><W50/><G133/><T125/><D113/><U9/><E32/><V112/><F4/><W13/><REACH who="3" step="1"/><G77/><REACH who="3" ten="296,205,201,278" step="2"/><T25/><D125/><U16/><E121/><V126/><F126/><W93/><G93/><T58/><D92/><U53/><E99/><V118/><F118/><W122/><G122/><T44/><D35/><U72/><E72/><AGARI ba="1,2" hai="6,8,12,13,14,21,27,29,42,47,50,72,74,75" machi="72" ten="40,1300,0" yaku="1,1,53,0" doraHai="117" doraHaiUra="30" who="3" fromWho="1" sc="296,0,205,-16,201,0,278,36" /><INIT seed="6,0,0,5,1,24" ten="296,189,201,314" oya="2" hai0="51,84,93,30,5,77,61,0,50,34,100,98,45" hai1="12,67,87,78,53,111,90,36,124,119,58,105,115" hai2="62,52,72,82,55,57,73,14,18,22,63,64,108" hai3="131,123,27,74,116,133,40,97,60,117,91,65,2"/><V103/><F108/><W59/><G123/><T29/><D34/><U110/><E119/><V69/><F103/><W118/><G74/><T21/><D0/><U47/><E115/><V20/><F82/><W33/><G2/><T80/><D5/><U39/><E124/><V121/><F121/><W13/><G40/><N who="0" m="24871" /><D61/><U70/><E105/><V71/><F71/><W96/><G131/><T37/><D37/><U42/><E78/><V129/><F129/><W23/><G133/><T101/><D51/><N who="1" m="31039" /><E12/><V10/><REACH who="2" step="1"/><F55/><REACH who="2" ten="296,189,191,314" step="2"/><W122/><G122/><T32/><D101/><U92/><E110/><V128/><F128/><W114/><G118/><T95/><D100/><U1/><E111/><V102/><F102/><W99/><G117/><T135/><D80/><U112/><E70/><V89/><F89/><W127/><G116/><T106/><D106/><U107/><E107/><V26/><F26/><W6/><G91/><T4/><D93/><U81/><E92/><V15/><F15/><W132/><G132/><T76/><D135/><U41/><E1/><V130/><F130/><W125/><G125/><T16/><D95/><U19/><E90/><V113/><F113/><W11/><G114/><T17/><D76/><U79/><E79/><V68/><F68/><W9/><G127/><T48/><D77/><U126/><E126/><V31/><F31/><N who="3" m="19711" /><G6/><T28/><D4/><U43/><E36/><V25/><F25/><W54/><G54/><T66/><D30/><U86/><E39/><V120/><F120/><W56/><G13/><T83/><D29/><U35/><E81/><V134/><F134/><RYUUKYOKU ba="0,1" sc="296,-10,189,-10,191,30,314,-10" hai2="10,14,18,20,22,52,57,62,63,64,69,72,73" /><INIT seed="6,1,1,1,4,121" ten="286,179,221,304" oya="2" hai0="92,115,118,26,4,11,29,112,31,119,39,88,14" hai1="43,94,37,53,105,83,82,95,46,128,107,98,9" hai2="47,102,1,68,113,76,52,24,109,16,15,60,116" hai3="58,69,127,77,57,17,21,97,81,96,62,129,67"/><V49/><F116/><N who="0" m="44586" /><D39/><U65/><E128/><V130/><F1/><W40/><G129/><T41/><D41/><U132/><E132/><V133/><F130/><W10/><G40/><T33/><D31/><U5/><E65/><V19/><F133/><W55/><G10/><T120/><D120/><U135/><E135/><V36/><F36/><W35/><G35/><T13/><D13/><U93/><E53/><V2/><F2/><W54/><G127/><T6/><D6/><U103/><REACH who="1" step="1"/><E105/><REACH who="1" ten="286,169,221,304" step="2"/><V89/><F113/><W45/><G54/><T38/><D112/><U12/><AGARI ba="1,2" hai="5,9,12,37,43,46,82,83,93,94,95,98,103,107" machi="12" ten="30,4000,0" yaku="1,1,2,1,0,1,53,0" doraHai="121" doraHaiUra="73" who="1" fromWho="1" sc="286,-11,169,63,221,-21,304,-11" /><INIT seed="7,0,0,5,4,120" ten="275,232,200,293" oya="3" hai0="86,62,57,33,132,112,105,135,83,81,90,26,106" hai1="126,44,85,127,88,23,130,79,66,35,4,89,8" hai2="45,21,37,32,82,114,121,95,5,34,101,115,11" hai3="17,10,113,111,76,38,31,7,41,27,43,118,128"/><W102/><G118/><T19/><D112/><N who="2" m="43050" /><F121/><W129/><G111/><T107/><D81/><U116/><E35/><N who="2" m="13355" /><F82/><W55/><G113/><T14/><D26/><U87/><E116/><V59/><F59/><W20/><G76/><T84/><D84/><U25/><E130/><N who="3" m="50282" /><G102/><T133/><D33/><U69/><E79/><V70/><F70/><W51/><G31/><T94/><D83/><U96/><E69/><V50/><F37/><W93/><G93/><T18/><D14/><U49/><E66/><AGARI ba="0,0" hai="18,19,57,62,66,86,90,94,105,106,107,132,133,135" machi="66" ten="50,1600,0" yaku="20,1" doraHai="120" who="0" fromWho="1" sc="275,16,232,-16,200,0,293,0" /><INIT seed="8,0,0,2,5,127" ten="291,216,200,293" oya="0" hai0="13,115,132,101,25,74,134,53,97,110,1,78,24" hai1="130,121,5,107,61,90,48,37,64,120,111,17,93" hai2="95,36,18,6,28,21,77,99,23,30,69,81,38" hai3="126,66,94,79,55,62,71,122,47,67,63,84,119"/><T105/><D1/><U12/><E37/><V44/><F69/><W49/><G126/><T114/><D110/><U0/><E111/><V135/><F6/><W15/><G122/><T14/><D53/><U124/><E124/><V128/><F135/><N who="0" m="51754" /><D78/><U85/><E107/><V89/><F128/><W57/><G119/><T29/><D24/><U10/><E48/><V42/><F38/><W32/><G32/><N who="0" m="20527" /><D74/><U116/><E116/><V88/><F89/><W58/><G15/><AGARI ba="0,0" hai="13,14,15,97,101,105,114,115" m="20527,51754" machi="15" ten="30,1500,0" yaku="20,1" doraHai="127" who="0" fromWho="3" sc="291,15,216,0,200,0,293,-15" owari="306,40.0,216,-18.0,200,-30.0,278,8.0" /></mjloggm>