<mjloggm ver="2.3"><GO type="169" lobby="0"/><UN n0="%4D%61%74%75%75%72%61" n1="%E5%AE%9F%E5%AD%98" n2="%52%45%49%4E%E6%A3%AE%E4%B9%85%E4%BF%9D%50" n3="%E3%81%AE%E3%81%B6%E3%81%AE%E3%81%B6" dan="17,17,16,16" rate="2208.23,2161.76,2108.32,2149.77" sx="M,M,M,M"/><TAIKYOKU oya="0"/><INIT seed="0,0,0,0,3,21" ten="250,250,250,250" oya="0" hai0="14,39,8,99,121,95,81,36,67,1,35,120,69" hai1="2,11,30,119,135,111,84,79,70,63,19,101,127" hai2="115,98,58,50,118,47,6,15,108,7,25,91,41" hai3="126,104,37,16,134,117,46,110,105,20,87,122,55"/><T45/><D1/><U12/><E119/><V78/><F115/><W54/><G117/><T83/><D35/><U116/><E116/><V96/><F108/><W102/><G37/><T129/><D129/><U89/><E111/><V106/><F118/><W103/><G110/><T85/><D81/><U131/><E131/><V40/><F78/><W5/><G5/><T72/><D72/><U65/><E135/><V68/><F68/><W88/><G134/><T22/><D67/><U49/><E127/><V97/><F106/><W113/><G113/><T59/><D59/><U57/><E79/><V86/><F41/><W75/><G75/><T51/><D69/><U130/><E130/><V77/><F77/><W33/><G33/><T73/><D73/><U24/><E2/><V27/><F58/><W3/><G3/><T0/><D0/><U66/><E101/><N who="3" m="38410" /><G55/><T56/><D56/><U61/><E49/><V13/><F13/><W38/><G38/><T26/><D39/><U90/><REACH who="1" step="1"/><E84/><REACH who="1" ten="250,240,250,250" step="2"/><V93/><REACH who="2" step="1"/><F6/><REACH who="2" ten="250,240,240,250" step="2"/><W32/><G126/><T48/><D120/><U128/><E128/><V28/><F28/><W80/><G122/><T10/><D121/><U71/><E71/><V62/><F62/><W31/><G105/><T132/><D132/><U133/><E133/><V74/><F74/><W125/><G104/><T82/><D36/><U94/><E94/><V114/><F114/><W112/><G112/><T4/><D95/><U100/><E100/><V64/><F64/><W76/><G125/><T29/><D29/><U60/><E60/><V53/><F53/><W23/><G31/><RYUUKYOKU ba="0,2" sc="250,-15,240,15,240,15,250,-15" hai1="11,12,19,24,30,57,61,63,65,66,70,89,90" hai2="7,15,25,27,40,47,50,86,91,93,96,97,98" /><INIT seed="1,1,2,2,5,36" ten="235,255,255,235" oya="1" hai0="68,52,11,117,60,71,124,91,65,76,15,54,22" hai1="39,85,64,103,97,102,14,13,95,88,6,119,51" hai2="26,94,127,115,118,132,120,69,49,20,12,108,89" hai3="18,104,131,43,25,80,74,30,130,56,90,8,96"/><U86/><E39/><V28/><F69/><W29/><G56/><T7/><D117/><U81/><E119/><V87/><F118/><W123/><G123/><T2/><D71/><U121/><E121/><V134/><F120/><W82/><G104/><T19/><D124/><U73/><E73/><V10/><F127/><W133/><G96/><T79/><REACH who="0" step="1"/><D91/><REACH who="0" ten="225,255,255,235" step="2"/><U61/><E103/><V98/><F115/><W3/><G90/><T105/><D105/><U34/><E34/><V78/><F108/><W35/><G35/><T16/><D16/><U50/><E6/><V48/><F134/><W75/><G133/><T17/><D17/><U122/><E122/><V55/><F132/><W128/><G29/><T93/><D93/><U58/><E86/><V37/><F89/><W41/><G30/><T77/><AGARI ba="1,3" hai="2,7,11,15,19,22,52,54,60,65,68,76,77,79" machi="77" ten="30,4000,0" yaku="1,1,0,1,54,1,53,0" doraHai="36" doraHaiUra="53" who="0" fromWho="0" sc="225,73,255,-21,255,-11,235,-11" /><INIT seed="2,0,0,4,1,69" ten="298,234,244,224" oya="2" hai0="118,8,111,56,63,60,75,51,101,106,119,113,78" hai1="102,55,50,61,70,43,44,108,105,68,36,45,88" hai2="95,93,81,116,6,11,134,123,67,16,47,100,58" hai3="114,127,40,115,7,35,71,39,79,12,121,130,37"/><V109/><F116/><N who="0" m="44586" /><D101/><U46/><E102/><V82/><F123/><W9/><G121/><T30/><D30/><U85/><E105/><V33/><F33/><W18/><G40/><T96/><D96/><U80/><E108/><V29/><F109/><W15/><G71/><T94/><D94/><N who="2" m="35850" /><F100/><W26/><G127/><T4/><D106/><U54/><E61/><N who="2" m="38327" /><F134/><W21/><G79/><T1/><D113/><N who="3" m="43017" /><G130/><T104/><D104/><U98/><E98/><V66/><F66/><W110/><G110/><T92/><D92/><U125/><E125/><V14/><F29/><AGARI ba="0,0" hai="7,9,12,15,18,21,26,29,35,37,39" m="43017" machi="29" ten="30,3900,0" yaku="11,1,52,2" doraHai="69" who="3" fromWho="2" sc="298,0,234,0,244,-39,224,39" /><INIT seed="3,0,0,5,2,1" ten="298,234,205,263" oya="3" hai0="12,9,107,24,122,102,61,38,25,33,134,41,130" hai1="22,52,133,28,95,69,123,43,21,10,103,2,131" hai2="87,104,8,42,92,55,129,11,27,124,75,80,78" hai3="17,72,70,50,32,84,14,132,20,118,44,112,65"/><W111/><G72/><T127/><D122/><U64/><E123/><V0/><F124/><W120/><G120/><T16/><D127/><U40/><E133/><V19/><F129/><W48/><G112/><T126/><D126/><U26/><E131/><V81/><F104/><W59/><G32/><T121/><D121/><U116/><E116/><V91/><F42/><W76/><G118/><T128/><D134/><U110/><E110/><V73/><F55/><W82/><G132/><T96/><D25/><U37/><E37/><V119/><F119/><W100/><G70/><T62/><D62/><U34/><E64/><V101/><F101/><W86/><G100/><T83/><D41/><U88/><E69/><V56/><F56/><W39/><G111/><T35/><D35/><U113/><E103/><V30/><F19/><W77/><G39/><T23/><D38/><U51/><E113/><V18/><F18/><W74/><G74/><T108/><D108/><U106/><E106/><V114/><F0/><W109/><G109/><T15/><D83/><U3/><E40/><V6/><F114/><W68/><G68/><T67/><D15/><U135/><E43/><V94/><F6/><W58/><G65/><T105/><D105/><U46/><E135/><V29/><F27/><W57/><G44/><T117/><D117/><U125/><E125/><V97/><F75/><W99/><G99/><T13/><D13/><U4/><E2/><V36/><F36/><W71/><G71/><N who="0" m="42479" /><D9/><U54/><E54/><V31/><F97/><AGARI ba="0,0" hai="3,4,10,21,22,26,28,34,46,51,52,88,95,97" machi="97" ten="30,7700,0" yaku="7,1,52,1,54,2" doraHai="1" who="1" fromWho="2" sc="298,0,234,77,205,-77,263,0" /><INIT seed="4,0,0,5,5,60" ten="298,311,128,263" oya="0" hai0="85,122,87,95,32,106,29,12,44,115,99,18,68" hai1="37,9,14,112,77,19,132,28,54,33,71,84,4" hai2="91,134,24,3,102,65,100,6,105,120,98,39,53" hai3="38,135,20,93,46,94,55,129,15,90,79,109,69"/><T0/><D0/><U107/><E107/><V21/><F120/><W1/><G109/><T96/><D122/><U116/><E116/><V101/><F39/><W26/><G79/><T128/><D128/><U124/><E124/><V72/><F72/><W27/><G69/><T119/><D119/><U118/><E118/><V61/><F134/><W86/><G135/><T42/><D68/><U66/><E132/><V7/><F53/><W51/><G1/><T11/><D115/><U114/><E37/><V76/><F76/><W110/><G110/><T13/><D29/><U123/><E123/><V35/><F91/><W50/><G38/><T121/><D32/><U63/><E54/><V17/><F35/><W40/><G94/><T10/><D106/><U127/><E127/><V131/><F131/><W64/><G64/><T49/><D96/><U5/><E77/><V2/><F2/><W80/><G80/><T83/><D83/><U58/><E84/><V52/><F3/><W47/><G129/><T78/><D78/><U126/><E71/><V133/><F133/><W82/><G82/><T73/><D73/><U57/><E126/><V45/><F98/><W97/><G97/><T41/><D41/><U130/><E130/><V25/><F105/><W23/><G23/><T22/><D22/><U36/><E114/><V113/><F25/><W59/><G46/><T31/><D121/><U8/><E112/><V117/><F117/><W81/><G81/><T88/><D31/><U108/><E33/><V43/><F113/><W89/><G89/><T16/><AGARI ba="0,0" hai="10,11,12,13,16,18,42,44,49,85,87,88,95,99" machi="16" ten="20,18000,2" yaku="0,1,7,1,9,1,8,1,54,2" doraHai="60" who="0" fromWho="0" sc="298,180,311,-60,128,-60,263,-60" /><INIT seed="4,1,0,5,2,84" ten="478,251,68,203" oya="0" hai0="127,62,119,25,107,46,27,45,125,80,56,129,28" hai1="87,95,128,22,50,60,16,104,57,0,85,42,31" hai2="4,81,21,64,134,113,90,49,82,47,103,105,7" hai3="5,34,10,73,12,74,68,132,112,32,115,98,19"/><T114/><D107/><U130/><E104/><V88/><F134/><W111/><G68/><T63/><D119/><U99/><E0/><V11/><F113/><N who="3" m="43595" /><G98/><T35/><D114/><U86/><E31/><V29/><F64/><W70/><G70/><T78/><D129/><U23/><E23/><V75/><F75/><W117/><G117/><T83/><D56/><U123/><E123/><V24/><F103/><W66/><G66/><T71/><D71/><U2/><E2/><V93/><F105/><W124/><G74/><T6/><D6/><N who="2" m="2090" /><F93/><W110/><G73/><T44/><D78/><U18/><E128/><V67/><F11/><N who="3" m="6559" /><G132/><T109/><D109/><N who="3" m="41481" /><G124/><T96/><D96/><U120/><E130/><V14/><F14/><AGARI ba="1,0" hai="5,10,14,32,34" m="41481,6559,43595" machi="14" ten="30,3900,0" yaku="15,1,34,2" doraHai="84" who="3" fromWho="2" sc="478,0,251,0,68,-42,203,42" /><INIT seed="5,0,0,2,3,116" ten="478,251,26,245" oya="1" hai0="54,34,93,123,107,42,74,58,120,76,88,134,126" hai1="67,81,38,63,101,29,15,11,31,85,13,66,14" hai2="5,55,10,27,73,124,26,21,87,105,19,39,110" hai3="132,104,78,51,82,80,90,53,84,2,23,109,125"/><U6/><E38/><V118/><F73/><W52/><G109/><T61/><D107/><U130/><E130/><V56/><F105/><W133/><G104/><T86/><D34/><U122/><E122/><N who="0" m="46633" /><D126/><U91/><E101/><V108/><F39/><W48/><G2/><T44/><D134/><N who="3" m="51817" /><G23/><T115/><D115/><U46/><E46/><V69/><F118/><W3/><G3/><T1/><D1/><U59/><E66/><V32/><F69/><W43/><G125/><T99/><D74/><U112/><E112/><V33/><F87/><N who="3" m="50535" /><G43/><T121/><D121/><U94/><E94/><V65/><F65/><W37/><G37/><N who="0" m="21583" /><D76/><U22/><E22/><V131/><F131/><W96/><G78/><T71/><D86/><U135/><E135/><V40/><F40/><W9/><G84/><T50/><D50/><U92/><E92/><V117/><F117/><W49/><G49/><T36/><D36/><U114/><E114/><V127/><F55/><W64/><G52/><T28/><D28/><AGARI ba="0,0" hai="6,11,13,14,15,28,29,31,59,63,67,81,85,91" machi="28" ten="40,2000,0" yaku="8,1" doraHai="116" who="1" fromWho="0" sc="478,-20,251,20,26,0,245,0" /><INIT seed="5,1,0,4,4,16" ten="458,271,26,245" oya="1" hai0="105,40,89,38,92,42,55,50,129,130,88,33,44" hai1="43,11,98,59,120,62,80,56,71,22,28,29,91" hai2="99,128,17,108,110,84,78,57,115,3,74,1,72" hai3="31,95,7,12,131,87,25,36,79,86,63,94,93"/><U66/><E120/><V69/><F57/><W21/><G36/><T101/><D33/><U15/><E43/><V77/><F17/><W51/><G131/><N who="0" m="50187" /><D105/><U45/><E45/><V58/><F58/><W9/><G63/><T83/><D42/><U109/><E109/><V97/><F128/><W6/><G6/><T47/><D83/><U14/><E14/><V64/><F64/><W8/><G8/><T75/><D75/><U27/><E29/><V117/><F84/><W125/><G125/><T68/><D68/><U49/><E49/><V73/><F115/><W60/><G60/><T5/><D5/><U102/><E91/><V37/><F37/><W35/><G35/><T19/><D19/><U67/><E80/><V24/><F24/><W20/><G51/><T54/><D54/><U34/><E34/><V124/><F124/><W107/><G107/><T23/><D23/><N who="3" m="8777" /><G79/><T104/><D104/><U61/><E71/><V134/><F134/><W13/><G13/><T133/><D133/><U65/><E65/><V10/><F10/><W119/><G119/><T123/><D123/><U126/><E126/><V82/><F82/><W52/><G52/><T122/><D122/><U85/><E15/><V30/><F69/><W41/><G41/><T127/><D127/><U132/><E11/><V46/><F117/><W2/><G2/><N who="2" m="521" /><F30/><W103/><G103/><T76/><D76/><N who="2" m="29290" /><F46/><W18/><G31/><T111/><D111/><AGARI ba="1,0" hai="72,73,74,97,99,108,110,111" m="29290,521" machi="111" ten="40,2600,0" yaku="28,2" doraHai="16" who="2" fromWho="0" sc="458,-29,271,0,26,29,245,0" /><INIT seed="6,0,0,1,4,12" ten="429,271,55,245" oya="2" hai0="68,50,48,60,133,63,134,31,92,93,3,40,8" hai1="79,0,112,33,103,61,125,55,62,11,83,106,98" hai2="18,44,74,59,84,113,22,66,122,86,118,126,101" hai3="87,57,115,36,128,26,43,95,16,99,108,21,47"/><V13/><F118/><W58/><G108/><T30/><D40/><U23/><E33/><V119/><F119/><W39/><G39/><T9/><D68/><U53/><E112/><V116/><F116/><W100/><G115/><T127/><D3/><U72/><E125/><AGARI ba="0,0" hai="8,9,30,31,48,50,60,63,92,93,125,127,133,134" machi="125" ten="25,1600,0" yaku="22,2" doraHai="12" who="0" fromWho="1" sc="429,16,271,-16,55,0,245,0" /><INIT seed="7,0,0,3,0,74" ten="445,255,55,245" oya="3" hai0="61,35,20,30,112,70,8,126,98,49,15,94,10" hai1="97,110,7,87,6,104,50,129,93,107,28,24,95" hai2="84,122,9,116,106,76,52,16,38,130,131,47,31" hai3="14,111,73,17,96,118,67,105,75,124,121,90,11"/><W102/><G118/><T78/><D35/><U46/><E110/><V91/><F106/><W117/><G117/><T55/><D126/><U1/><E129/><V72/><F116/><W57/><G121/><T60/><D112/><U85/><E1/><V81/><F38/><W63/><G124/><T59/><D78/><U132/><E132/><V119/><F31/><W133/><G133/><T12/><D70/><U43/><E107/><V4/><F122/><W56/><G111/><T66/><D30/><U82/><E104/><V125/><F119/><W83/><G90/><T33/><D33/><U113/><E85/><V53/><F125/><W77/><REACH who="3" step="1"/><G75/><REACH who="3" ten="445,255,55,235" step="2"/><T71/><D71/><AGARI ba="0,1" hai="11,14,17,56,57,63,67,71,73,77,83,96,102,105" machi="71" ten="30,11600,0" yaku="1,1,2,1,7,1,52,1,53,0" doraHai="74" doraHaiUra="27" who="3" fromWho="0" sc="445,-116,255,0,55,0,235,126" owari="329,13.0,255,-14.0,55,-44.0,361,45.0" /></mjloggm>