<mjloggm ver="2.3"><GO type="169" lobby="0"/><UN n0="%E3%81%A8%E3%81%B3%E3%81%BE%E3%81%93" n1="%54%69%65%66%61" n2="%E3%82%A4%E3%82%AB%E3%81%AB%E3%82%82%E6%9D%B1%E5%8C%97" n3="%E3%82%B5%E3%82%A6%E3%83%8A%E5%B0%8F%E5%83%A7" dan="16,16,16,18" rate="2076.01,2073.80,2085.99,2217.43" sx="M,M,M,M"/><TAIKYOKU oya="0"/><INIT seed="0,0,0,5,3,11" ten="250,250,250,250" oya="0" hai0="65,67,18,23,61,78,114,58,25,110,85,99,109" hai1="68,86,48,88,45,116,51,1,36,47,112,24,94" hai2="123,63,64,10,92,34,79,12,103,126,55,60,54" hai3="13,107,38,20,117,111,74,16,129,125,121,102,19"/><T50/><D114/><U133/><E116/><V131/><F123/><W108/><G117/><T5/><D5/><U98/><E112/><V59/><F131/><W73/><G38/><T135/><D135/><U28/><E1/><V75/><F126/><W81/><G129/><T14/><D50/><N who="1" m="18987" /><E36/><V37/><F34/><W9/><G125/><T104/><D67/><U113/><E68/><V119/><F119/><W21/><G9/><T49/><D49/><U7/><E133/><V96/><F37/><W26/><G121/><T31/><D78/><U32/><E32/><V4/><F75/><W120/><G120/><T101/><REACH who="0" step="1"/><D85/><REACH who="0" ten="240,250,250,250" step="2"/><U2/><E86/><V93/><F79/><W90/><G74/><T53/><D53/><U39/><E39/><V95/><REACH who="2" step="1"/><F54/><REACH who="2" ten="240,250,240,250" step="2"/><W70/><G73/><T29/><D29/><U22/><E113/><V71/><AGARI ba="0,2" hai="4,10,12,55,59,60,63,64,71,92,93,95,96,103" machi="71" ten="20,8000,1" yaku="1,1,2,1,0,1,7,1,52,1,53,0" doraHai="11" doraHaiUra="35" who="2" fromWho="2" sc="240,-40,250,-20,240,100,250,-20" /><INIT seed="1,0,0,5,5,22" ten="200,230,340,230" oya="1" hai0="131,119,134,88,24,71,126,98,115,64,67,121,135" hai1="68,55,50,20,133,85,28,111,19,42,58,33,23" hai2="97,43,75,60,59,41,25,46,16,15,101,100,11" hai3="47,44,36,113,78,95,69,90,7,51,21,48,5"/><U103/><E68/><V53/><F75/><W4/><G113/><T65/><D115/><U39/><E133/><N who="0" m="50697" /><D119/><U8/><E111/><V26/><F101/><W56/><G69/><T63/><D121/><U112/><E112/><V62/><F62/><W54/><G36/><T89/><D126/><U37/><E103/><V91/><F91/><N who="0" m="34890" /><D131/><U45/><E37/><V35/><F35/><W108/><G108/><T106/><D106/><U92/><E8/><V128/><F128/><W38/><G38/><T125/><D125/><U87/><E87/><V2/><F2/><W93/><G78/><T49/><D98/><U83/><E92/><N who="2" m="58407" /><F46/><W107/><G107/><T14/><D14/><U74/><E74/><V6/><F6/><W86/><G95/><T77/><D77/><U132/><E132/><V30/><F30/><W130/><G130/><T13/><D13/><U29/><E33/><V105/><F105/><W76/><G76/><T116/><D116/><U102/><E102/><V40/><AGARI ba="0,0" hai="11,15,16,25,26,40,41,43,53,59,60" m="58407" machi="40" ten="30,7900,0" yaku="8,1,52,2,54,1" doraHai="22" who="2" fromWho="2" sc="200,-20,230,-39,340,79,230,-20" /><INIT seed="2,0,0,2,1,49" ten="180,191,419,210" oya="2" hai0="110,111,89,2,90,132,67,106,43,96,125,91,80" hai1="35,27,12,53,37,33,6,83,107,70,128,0,68" hai2="11,45,54,47,19,119,74,58,48,117,129,56,25" hai3="131,115,40,69,36,134,85,5,44,46,60,10,18"/><V16/><F74/><W76/><G131/><T9/><D43/><U29/><E0/><V93/><F129/><W122/><G134/><T26/><D26/><U3/><E128/><V130/><F130/><W102/><G122/><T124/><D67/><U57/><E3/><V120/><F120/><W7/><G115/><T118/><D9/><U23/><E107/><V51/><F117/><W41/><G102/><N who="0" m="62791" /><D2/><U92/><E37/><V78/><F119/><W59/><G69/><T1/><D1/><U15/><E35/><V116/><F116/><W13/><G76/><T22/><D22/><U4/><E33/><V20/><F93/><W32/><G85/><N who="0" m="50343" /><D132/><U50/><E92/><V17/><F78/><W81/><G81/><T62/><D62/><U109/><E109/><N who="0" m="41481" /><D118/><U99/><E4/><V77/><F77/><W126/><G32/><T55/><D55/><U86/><E6/><V65/><F65/><W104/><G104/><T135/><D135/><U31/><E31/><N who="2" m="17831" /><F11/><W100/><G7/><T88/><AGARI ba="0,0" hai="88,90,91,124,125" m="41481,50343,62791" machi="88" ten="40,8000,1" yaku="14,1,34,2,54,1" doraHai="49" who="0" fromWho="0" sc="180,80,191,-20,419,-40,210,-20" /><INIT seed="3,0,0,1,1,96" ten="260,171,379,190" oya="3" hai0="42,15,107,72,100,112,103,111,105,14,128,26,5" hai1="71,131,54,43,13,60,94,122,64,0,129,21,108" hai2="34,63,35,56,49,76,33,17,4,51,59,132,69" hai3="44,86,74,31,28,84,6,47,22,55,45,10,95"/><W57/><G74/><T90/><D72/><U66/><E108/><V126/><F132/><W38/><G38/><T102/><D111/><U89/><E122/><V75/><F126/><W130/><G130/><N who="1" m="49674" /><E0/><V27/><F4/><W135/><G135/><T120/><D128/><U2/><E2/><V30/><F17/><W25/><G31/><T50/><D120/><U114/><E114/><V99/><F69/><W1/><REACH who="3" step="1"/><G95/><REACH who="3" ten="260,171,379,180" step="2"/><T119/><D112/><U18/><E43/><V77/><F30/><W24/><G24/><T115/><D115/><U19/><E71/><V116/><F27/><W124/><G124/><T106/><D119/><U58/><E19/><V46/><F75/><W93/><G93/><T125/><D125/><U23/><E23/><V123/><F123/><W87/><G87/><AGARI ba="0,1" hai="13,18,21,54,58,60,64,66,87,89,94" m="49674" machi="87" ten="30,1000,0" yaku="19,1" doraHai="96" who="1" fromWho="3" sc="260,0,171,20,379,0,180,-10" /><INIT seed="4,0,0,5,3,31" ten="260,191,379,170" oya="0" hai0="89,94,9,131,102,2,8,115,80,84,6,13,113" hai1="93,36,25,116,52,60,23,50,83,29,15,21,22" hai2="32,57,125,97,3,121,41,92,55,109,88,73,112" hai3="85,99,108,18,71,10,7,122,63,45,30,79,47"/><T129/><D102/><U107/><E107/><V62/><F109/><W49/><G108/><T42/><D42/><U72/><E116/><V12/><F121/><W77/><G122/><T40/><D40/><U114/><E36/><V135/><F3/><W110/><G110/><T27/><D27/><U70/><E93/><V106/><F73/><W48/><G30/><T119/><D119/><U5/><E72/><V95/><F106/><W90/><G18/><T75/><D75/><U78/><E70/><V82/><F112/><W66/><G99/><T20/><D20/><U26/><E60/><V98/><F135/><W123/><G47/><T56/><D56/><U59/><E114/><N who="0" m="43529" /><D94/><U86/><REACH who="1" step="1"/><E29/><REACH who="1" ten="260,181,379,170" step="2"/><V43/><F95/><W44/><G123/><T1/><D1/><U46/><E46/><V117/><F92/><W134/><G45/><T118/><D118/><U19/><E19/><AGARI ba="0,1" hai="2,6,8,9,13,19,80,84,89,129,131" m="43529" machi="19" ten="30,1500,0" yaku="15,1" doraHai="31" who="0" fromWho="1" sc="260,25,181,-15,379,0,170,0" /><INIT seed="4,1,0,4,0,28" ten="285,166,379,170" oya="0" hai0="11,85,128,99,20,70,57,39,135,87,41,76,90" hai1="36,65,96,33,30,1,23,19,98,130,64,61,110" hai2="7,133,13,124,52,59,47,6,129,8,111,79,15" hai3="9,22,48,26,105,62,106,69,119,71,0,120,46"/><T40/><D70/><U45/><E110/><V67/><F111/><W100/><G119/><T50/><D128/><U2/><E130/><V75/><F133/><W21/><G120/><T101/><D135/><U104/><E36/><V92/><F124/><W37/><G37/><T68/><D68/><U60/><E45/><V24/><F79/><W103/><G62/><T16/><D39/><U25/><E61/><V109/><F75/><W81/><G81/><T89/><D11/><U84/><E84/><V72/><F72/><W108/><G9/><T83/><D57/><U126/><E126/><V132/><F109/><W74/><G74/><T35/><D35/><U121/><E121/><V91/><F24/><W125/><G26/><T77/><D50/><U113/><E113/><V116/><F116/><W14/><G14/><T134/><D77/><U51/><E51/><N who="2" m="28799" /><F15/><W94/><G48/><T66/><D66/><U63/><E63/><N who="2" m="38399" /><F132/><W80/><G0/><T54/><D54/><U29/><E65/><V78/><F78/><W18/><G71/><T86/><D134/><U95/><E104/><V42/><F42/><N who="0" m="16490" /><D83/><U117/><E117/><V27/><F27/><W114/><G80/><T55/><D55/><U5/><E5/><N who="2" m="3215" /><F129/><W43/><G69/><T118/><D76/><U107/><E25/><V56/><F56/><W32/><G125/><T38/><D38/><U31/><E1/><V17/><F17/><W34/><G43/><T93/><D118/><U82/><E2/><V88/><F91/><W115/><G108/><T3/><D3/><U97/><E19/><V10/><F10/><RYUUKYOKU ba="1,0" sc="285,15,166,-15,379,15,170,-15" hai0="16,20,85,86,87,89,90,93,99,101" hai2="6,7,88,92" /><INIT seed="4,2,0,3,3,101" ten="300,151,394,155" oya="0" hai0="42,78,76,37,45,85,6,93,127,38,57,61,129" hai1="17,88,84,119,49,115,35,58,30,109,116,79,98" hai2="63,25,104,44,123,105,106,7,24,67,3,73,134" hai3="48,124,39,20,66,13,4,71,90,96,130,102,27"/><T72/><D127/><U82/><E109/><V52/><F123/><W120/><G39/><T122/><D122/><U128/><E128/><V70/><F73/><W91/><G120/><T9/><D129/><U68/><E68/><V54/><F134/><W81/><G130/><T95/><D72/><U74/><E115/><V103/><F103/><W56/><G71/><T32/><D32/><U107/><E35/><V69/><F69/><W133/><G133/><T18/><D18/><U2/><E2/><V108/><F108/><W132/><G132/><T62/><D38/><U112/><E30/><V111/><F111/><W36/><G36/><T89/><D95/><N who="1" m="54663" /><E112/><V34/><F34/><W51/><G13/><T65/><REACH who="0" step="1"/><D61/><REACH who="0" ten="290,151,394,155" step="2"/><U117/><E17/><V135/><F135/><W41/><G124/><T99/><D99/><U29/><E29/><V131/><F131/><W126/><G96/><T15/><AGARI ba="2,1" hai="6,9,15,37,42,45,57,62,65,76,78,85,89,93" machi="15" ten="20,3900,0" yaku="1,1,0,1,7,1,53,0" doraHai="101" doraHaiUra="110" who="0" fromWho="0" sc="290,55,151,-15,394,-15,155,-15" /><INIT seed="4,3,0,5,3,94" ten="345,136,379,140" oya="0" hai0="103,66,125,101,92,130,104,70,55,95,45,33,27" hai1="9,109,81,75,90,112,80,128,88,78,6,12,85" hai2="129,17,106,48,121,25,8,57,60,18,113,1,108" hai3="123,82,105,50,114,83,31,76,110,36,64,20,67"/><T77/><D77/><U56/><E128/><V89/><F108/><W7/><G36/><T115/><D130/><U98/><E112/><V49/><F129/><W117/><G110/><T21/><D115/><U116/><E109/><V3/><F113/><W44/><G117/><T26/><D33/><U65/><E116/><V124/><F106/><W119/><G119/><T29/><D125/><U91/><REACH who="1" step="1"/><E98/><REACH who="1" ten="345,126,379,140" step="2"/><V0/><F121/><W34/><G123/><T2/><D104/><U58/><E58/><V5/><F57/><W86/><G105/><T23/><D70/><U13/><E13/><V72/><F0/><W47/><G114/><T41/><D2/><U22/><E22/><V53/><F1/><W120/><G20/><T54/><D29/><U37/><E37/><V79/><F3/><W68/><G31/><T74/><D45/><U15/><E15/><V102/><F124/><W30/><G47/><T135/><D135/><U38/><E38/><V61/><F8/><W118/><G68/><T126/><D126/><U11/><E11/><V132/><F132/><W107/><G107/><T35/><D35/><U14/><E14/><V51/><F25/><W46/><G46/><T32/><D32/><U73/><E73/><V87/><F72/><W10/><G118/><T100/><D74/><U69/><E69/><V43/><F87/><W16/><G120/><T42/><D103/><U19/><E19/><V122/><F102/><W28/><G34/><T127/><D127/><U99/><E99/><V133/><F122/><W97/><G30/><T96/><D96/><U4/><E4/><RYUUKYOKU ba="3,1" sc="345,15,126,15,379,-15,140,-15" hai0="21,23,26,27,41,42,54,55,66,92,95,100,101" hai1="6,9,12,56,65,75,78,80,81,85,88,90,91" /><INIT seed="4,4,1,4,1,121" ten="360,141,364,125" oya="0" hai0="58,32,99,0,53,35,46,40,129,45,73,3,39" hai1="1,81,82,98,63,111,18,74,95,67,51,61,76" hai2="71,41,118,85,69,113,126,31,86,117,84,26,97" hai3="25,78,16,60,108,62,70,132,72,56,80,83,102"/><T44/><D73/><U24/><E1/><V27/><F113/><W122/><G132/><T55/><D58/><U52/><E111/><V119/><F126/><W59/><G122/><T47/><D99/><U88/><E82/><V48/><F97/><W92/><G108/><T36/><D40/><U131/><E131/><V14/><F14/><W124/><G124/><T79/><D79/><U38/><E38/><N who="0" m="14377" /><D129/><U19/><E24/><N who="2" m="9259" /><F31/><W64/><G102/><T105/><N who="0" m="11264" /><DORA hai="127" /><T10/><D10/><U96/><E96/><V106/><F48/><W101/><G101/><T42/><D105/><U30/><E30/><V37/><F37/><W13/><G83/><T5/><D5/><U89/><E89/><V57/><F57/><W93/><G25/><T65/><D65/><U20/><E19/><V110/><F110/><W87/><G72/><T120/><D42/><U128/><E128/><V116/><F117/><W130/><G130/><T135/><D135/><U68/><E61/><V33/><F41/><W123/><G123/><T115/><D115/><U50/><REACH who="1" step="1"/><E52/><REACH who="1" ten="360,131,364,125" step="2"/><N who="0" m="20041" /><D120/><U28/><E28/><V2/><F118/><W112/><G112/><T34/><AGARI ba="4,2" hai="0,3,32,34,35" m="20041,11264,14377" machi="34" ten="60,11700,0" yaku="28,2,54,1" doraHai="121,127" who="0" fromWho="0" sc="360,149,131,-43,364,-43,125,-43" /><INIT seed="4,5,0,4,3,38" ten="509,88,321,82" oya="0" hai0="77,75,9,34,114,21,83,53,7,80,27,46,0" hai1="70,4,126,105,92,39,103,90,50,119,60,116,134" hai2="109,10,81,84,125,19,12,42,15,127,130,1,79" hai3="128,3,5,111,8,11,64,20,129,96,88,67,101"/><T22/><D114/><U132/><E126/><N who="2" m="48139" /><F109/><W69/><G111/><T66/><D66/><N who="1" m="41287" /><E39/><V65/><F65/><W23/><G11/><T17/><D83/><U30/><E30/><V59/><F59/><W6/><G6/><T102/><D102/><U94/><E4/><N who="2" m="1295" /><F130/><N who="3" m="50283" /><G88/><T72/><D72/><U71/><E71/><V63/><F63/><N who="3" m="40095" /><G67/><T95/><D95/><AGARI ba="5,0" hai="3,5,8,20,23,95,96,101" m="40095,50283" machi="95" ten="30,1000,0" yaku="19,1" doraHai="38" who="3" fromWho="0" sc="509,-25,88,0,321,0,82,25" /><INIT seed="5,0,0,5,0,59" ten="484,88,321,107" oya="1" hai0="51,49,27,0,71,39,109,96,129,7,25,24,2" hai1="98,5,8,4,125,18,128,35,64,13,11,67,118" hai2="76,106,41,93,20,42,61,65,53,63,97,108,55" hai3="115,22,132,121,116,114,15,124,12,80,130,31,99"/><U21/><E118/><V9/><F108/><W37/><G37/><T90/><D109/><U127/><E128/><V107/><F76/><W85/><G121/><T26/><D39/><U78/><E78/><V75/><F75/><W30/><G130/><T134/><D129/><U112/><E98/><V60/><F65/><N who="1" m="25161" /><E35/><V50/><F107/><W33/><G33/><T92/><D71/><U105/><E105/><V117/><F106/><W100/><G116/><T32/><D134/><U10/><E112/><N who="3" m="43050" /><G132/><T101/><D32/><U73/><E73/><V84/><F117/><W81/><G124/><AGARI ba="0,0" hai="4,5,8,10,11,13,18,21,124,125,127" m="25161" machi="124" ten="30,1500,0" yaku="18,1" doraHai="59" who="1" fromWho="3" sc="484,0,88,15,321,0,107,-15" /><INIT seed="5,1,0,1,1,122" ten="484,103,321,92" oya="1" hai0="78,135,33,69,129,40,21,2,71,37,62,90,111" hai1="51,46,109,105,104,45,128,77,123,64,117,38,115" hai2="113,9,42,55,8,73,3,72,96,47,63,95,25" hai3="60,1,93,58,76,81,11,108,66,102,31,35,28"/><U132/><E77/><V32/><F113/><W131/><G131/><T18/><D33/><U65/><E117/><V103/><F55/><W17/><G35/><T99/><D111/><U44/><E123/><V67/><F3/><W57/><G108/><T19/><D2/><U130/><E109/><V16/><F73/><W82/><G82/><T94/><D129/><N who="1" m="49771" /><E115/><V56/><F72/><W36/><G36/><T34/><D78/><U74/><E74/><V14/><F32/><W52/><G102/><T20/><D34/><U41/><E132/><V114/><F114/><W43/><G93/><T133/><D133/><U106/><E46/><V87/><F87/><W5/><G43/><AGARI ba="1,0" hai="38,41,43,44,45,51,64,65,104,105,106" m="49771" machi="43" ten="40,2000,0" yaku="19,1" doraHai="122" who="1" fromWho="3" sc="484,0,103,23,321,0,92,-23" /><INIT seed="5,2,0,0,2,92" ten="484,126,321,69" oya="1" hai0="133,103,27,107,77,131,20,119,90,81,60,97,62" hai1="84,3,130,102,64,61,25,31,120,110,16,100,33" hai2="46,124,95,54,74,122,42,5,87,1,116,94,129" hai3="89,10,68,83,8,35,43,32,56,40,114,49,75"/><U135/><E120/><V101/><F122/><W17/><G68/><T121/><D119/><U34/><E3/><V55/><F116/><W39/><G114/><T2/><D2/><U104/><E33/><V108/><F74/><W96/><G39/><T50/><D121/><U76/><E130/><V67/><F108/><W134/><G134/><T7/><D7/><U118/><E118/><V72/><F72/><W126/><G126/><T23/><D133/><U24/><E135/><V59/><F67/><W106/><G75/><T45/><D90/><U65/><E110/><V28/><F28/><W18/><G83/><T52/><D23/><U58/><E104/><V132/><F129/><W22/><G56/><T53/><D53/><U11/><E65/><V98/><F124/><W117/><G117/><T85/><D131/><U63/><E63/><V91/><F132/><W99/><G89/><T38/><D38/><U109/><E109/><V88/><F101/><W13/><G49/><T9/><D9/><U105/><E105/><V113/><F113/><W48/><G48/><T26/><D26/><U44/><E44/><V6/><F1/><W125/><G106/><T111/><D111/><U82/><REACH who="1" step="1"/><E25/><REACH who="1" ten="484,116,321,69" step="2"/><V21/><F46/><W128/><G125/><T79/><D62/><U37/><E37/><V78/><F59/><W12/><G128/><T47/><D60/><U4/><E4/><V29/><F5/><W71/><G71/><T73/><D47/><U93/><E93/><V69/><F6/><W36/><G36/><T80/><D27/><U41/><E41/><V66/><F42/><RYUUKYOKU ba="2,1" sc="484,10,116,10,321,-30,69,10" hai0="20,45,50,52,73,77,79,80,81,85,97,103,107" hai1="11,16,24,31,34,58,61,64,76,82,84,100,102" hai3="8,10,12,13,17,18,22,32,35,40,43,96,99" /><INIT seed="5,3,1,0,2,16" ten="494,126,291,79" oya="1" hai0="18,117,12,122,112,41,113,23,52,55,61,123,3" hai1="88,101,100,43,44,111,78,106,84,26,8,91,89" hai2="45,69,15,94,70,32,130,47,38,49,66,19,22" hai3="74,21,62,126,68,10,81,107,76,115,9,14,27"/><U98/><E111/><V0/><F32/><W60/><G115/><N who="0" m="44107" /><D117/><U17/><E101/><V105/><F105/><W51/><G126/><T119/><D119/><U35/><E35/><V80/><F0/><W120/><G120/><N who="0" m="46123" /><D3/><U20/><E8/><V116/><F116/><W33/><G107/><T57/><D41/><U108/><E78/><V75/><F130/><W83/><G33/><T11/><D11/><U72/><E72/><V124/><F66/><AGARI ba="3,1" hai="12,18,23,52,55,57,61,66" m="46123,44107" machi="66" ten="30,7700,0" yaku="15,1,13,1,52,1,54,1" doraHai="16" who="0" fromWho="2" sc="494,96,126,0,291,-86,79,0" /><INIT seed="6,0,0,1,3,8" ten="590,126,205,79" oya="2" hai0="101,69,89,129,33,3,116,4,46,128,83,63,121" hai1="67,92,126,16,122,133,111,45,78,34,23,117,0" hai2="90,32,84,27,18,12,123,44,86,120,113,56,98" hai3="134,99,53,77,11,132,7,30,66,57,31,112,135"/><V49/><F113/><W71/><G112/><T48/><D121/><U93/><E111/><V109/><F109/><W127/><G127/><T47/><D33/><U41/><E117/><V70/><F70/><W37/><G37/><T52/><D116/><U29/><E122/><V87/><F56/><W94/><G77/><T5/><D101/><U43/><E0/><V96/><F32/><W102/><G66/><N who="0" m="41183" /><D3/><U58/><E133/><V38/><F27/><W59/><G71/><T103/><D103/><U119/><E119/><V91/><F38/><W79/><G79/><T61/><D61/><U17/><E126/><V55/><F123/><W24/><G24/><T72/><D47/><U25/><E78/><V97/><REACH who="2" step="1"/><F120/><REACH who="2" ten="590,126,195,79" step="2"/><W75/><G59/><T20/><D128/><U9/><E34/><V40/><F40/><W85/><G134/><T130/><D129/><U62/><E41/><V42/><F42/><W106/><G135/><T60/><D130/><U125/><E125/><V28/><F28/><W54/><G132/><T1/><D46/><U110/><E110/><V73/><F73/><W105/><G75/><T10/><D72/><U115/><E115/><V14/><F14/><N who="3" m="5503" /><G31/><T100/><D1/><U131/><E131/><V104/><F104/><W108/><G108/><T2/><D2/><U50/><E29/><V15/><F15/><AGARI ba="0,1" hai="9,15,16,17,23,25,43,45,50,58,62,67,92,93" machi="15" ten="40,5200,0" yaku="8,1,52,1,54,1" doraHai="8" who="1" fromWho="2" sc="590,0,126,62,195,-52,79,0" /><INIT seed="7,0,0,2,1,81" ten="590,188,143,79" oya="3" hai0="119,4,109,69,94,112,43,106,71,54,12,48,26" hai1="123,118,17,34,29,14,96,68,49,59,36,20,65" hai2="9,38,95,31,64,60,77,82,41,80,5,125,21" hai3="19,110,97,85,75,32,6,0,88,15,67,42,135"/><W22/><G135/><T116/><D106/><U47/><E123/><V122/><F125/><W131/><G131/><T117/><D109/><U52/><E118/><V8/><F122/><W72/><G110/><T101/><D112/><U56/><E68/><V39/><F95/><W40/><G32/><T74/><D74/><U126/><E126/><V89/><F89/><W7/><G75/><T111/><D43/><N who="3" m="16425" /><G72/><T120/><D120/><U127/><E36/><V35/><F39/><W50/><G0/><T46/><D26/><U108/><E127/><V105/><F35/><W79/><G67/><T2/><D2/><U121/><E121/><V51/><F64/><W27/><G79/><T98/><REACH who="0" step="1"/><D111/><REACH who="0" ten="580,188,143,79" step="2"/><U83/><E108/><V16/><F105/><W37/><G37/><T78/><D78/><U86/><E34/><V100/><F77/><W93/><G50/><T18/><D18/><U66/><E17/><V91/><F51/><W103/><G27/><T55/><D55/><U10/><E52/><V28/><F38/><W73/><G73/><T107/><D107/><U30/><E47/><V62/><F41/><W44/><G44/><T84/><D84/><U92/><E49/><V87/><F87/><W124/><G124/><T24/><D24/><U61/><E86/><V70/><F16/><W63/><G63/><T114/><D114/><U33/><E66/><V134/><F62/><W23/><G23/><T104/><D104/><U132/><E65/><V76/><F60/><W129/><G129/><T113/><D113/><U3/><E61/><V99/><F21/><W130/><G130/><RYUUKYOKU ba="0,1" sc="580,15,188,-15,143,-15,79,15" hai0="4,12,46,48,54,69,71,94,98,101,116,117,119" hai3="6,7,15,19,22,85,88,93,97,103" /><INIT seed="7,1,1,5,4,42" ten="595,173,128,94" oya="3" hai0="118,29,71,51,24,89,21,84,78,122,75,128,113" hai1="49,73,135,131,107,15,11,37,2,41,14,48,39" hai2="132,34,94,130,86,125,54,68,100,77,106,88,55" hai3="0,76,99,44,98,32,13,53,126,12,85,58,115"/><W22/><G115/><T27/><D118/><U104/><E73/><V3/><F3/><W111/><G126/><T81/><D122/><U4/><E131/><V28/><F130/><W69/><G69/><T40/><D128/><U17/><E135/><V35/><F132/><W101/><G32/><T67/><D113/><U119/><E119/><V26/><F35/><W61/><G0/><T45/><D71/><U97/><E15/><N who="3" m="5706" /><G111/><T127/><D127/><U108/><E108/><V56/><F125/><W36/><G36/><T8/><D8/><U82/><E82/><V109/><F109/><W25/><G101/><T117/><D117/><U112/><E37/><V92/><F68/><W7/><G7/><T66/><D27/><U38/><E38/><V19/><F106/><W30/><G44/><T10/><D10/><U72/><E72/><V46/><F46/><W90/><G76/><T18/><D29/><U124/><E124/><V33/><F77/><W47/><G47/><T50/><D51/><U9/><E112/><V134/><F134/><W52/><G53/><T16/><D18/><U95/><E39/><V133/><F133/><W123/><G123/><T5/><D5/><U91/><E41/><V23/><F55/><W79/><G79/><T103/><D103/><U31/><E31/><V74/><F28/><W6/><G6/><T57/><D57/><U114/><E114/><V70/><F70/><W65/><G65/><T105/><D105/><U59/><E59/><V102/><F74/><W121/><G121/><T63/><D63/><U43/><E43/><V80/><F102/><RYUUKYOKU ba="1,1" sc="595,10,173,10,128,-30,94,10" hai0="16,21,24,40,45,50,66,67,75,78,81,84,89" hai1="2,4,9,11,14,17,48,49,91,95,97,104,107" hai3="22,25,30,52,58,61,85,90,98,99" /><INIT seed="7,2,1,5,0,81" ten="605,183,98,104" oya="3" hai0="134,83,71,97,117,73,85,4,124,8,67,52,82" hai1="128,17,100,96,80,61,86,120,63,119,10,42,16" hai2="72,114,24,93,26,65,9,101,69,91,133,107,116" hai3="68,123,38,135,37,99,43,39,44,7,70,33,48"/><W103/><G123/><T76/><D117/><U36/><E120/><V110/><F116/><W1/><G135/><T50/><D134/><U53/><E119/><V14/><F110/><W118/><G118/><T112/><D124/><U55/><E128/><V5/><F133/><W126/><G126/><T127/><D127/><U51/><E36/><V130/><F72/><W45/><G33/><T125/><D125/><U49/><E42/><V57/><F69/><W62/><G45/><T13/><D112/><U92/><E53/><V87/><F114/><W12/><G1/><T102/><D67/><U21/><E10/><V129/><F107/><W30/><G30/><T88/><D71/><U113/><E113/><V60/><REACH who="2" step="1"/><F101/><REACH who="2" ten="605,183,88,104" step="2"/><W74/><G74/><T78/><D78/><U3/><E100/><V47/><F47/><W27/><G27/><AGARI ba="2,2" hai="5,9,14,24,26,27,57,60,65,87,91,93,129,130" machi="27" ten="40,2600,0" yaku="1,1,52,1,53,0" doraHai="81" doraHaiUra="31" who="2" fromWho="3" sc="605,0,183,0,88,52,104,-32" owari="605,71.0,183,-2.0,140,-26.0,72,-43.0" /></mjloggm>