<mjloggm ver="2.3"><GO type="169" lobby="0"/><UN n0="%4D%61%74%75%75%72%61" n1="%69%70%73%E6%88%A6%E5%A3%AB" n2="%E3%81%B5%E3%81%98%E3%81%8B%E3%81%A4" n3="%E3%82%82%E3%83%BC%E3%82%8A%E3%83%BC" dan="17,16,16,16" rate="2210.52,2047.33,2161.64,2185.68" sx="M,M,M,M"/><TAIKYOKU oya="0"/><INIT seed="0,0,0,4,4,127" ten="250,250,250,250" oya="0" hai0="27,81,19,42,114,7,96,28,79,100,46,123,33" hai1="124,133,126,68,77,22,30,84,71,32,83,82,119" hai2="63,43,3,31,106,121,55,103,109,24,64,15,44" hai3="115,39,5,8,23,105,117,60,38,110,50,10,65"/><T52/><D123/><U20/><E119/><V72/><F55/><W41/><G117/><T92/><D114/><U113/><E113/><V18/><F121/><W122/><G115/><T61/><D7/><U17/><E32/><V57/><F109/><W112/><G122/><T102/><D19/><U35/><E35/><V29/><F3/><W70/><G10/><T101/><D61/><U49/><E133/><V108/><F108/><W98/><G110/><T111/><D111/><U53/><E30/><V21/><F72/><W73/><G112/><T118/><D118/><U89/><E68/><V94/><F106/><W128/><G23/><T12/><D12/><U93/><E71/><V47/><F43/><W131/><G50/><T0/><D0/><U6/><E6/><V129/><F31/><W34/><G34/><T4/><D4/><U45/><E83/><V51/><F51/><W69/><G73/><T107/><D107/><U14/><REACH who="1" step="1"/><E20/><REACH who="1" ten="250,240,250,250" step="2"/><V76/><F29/><W91/><G70/><T13/><D13/><U78/><E78/><V86/><F76/><W2/><G91/><T56/><D81/><U1/><E1/><V132/><F15/><W36/><REACH who="3" step="1"/><G41/><REACH who="3" ten="250,240,250,240" step="2"/><T62/><REACH who="0" step="1"/><D79/><REACH who="0" ten="240,240,250,240" step="2"/><U25/><E25/><V104/><F24/><W40/><G40/><T16/><D16/><U87/><AGARI ba="0,3" hai="14,17,22,45,49,53,77,82,84,87,89,93,124,126" machi="87" ten="30,4000,0" yaku="1,1,0,1,53,1" doraHai="127" doraHaiUra="74" who="1" fromWho="1" sc="240,-20,240,70,250,-10,240,-10" /><INIT seed="1,0,0,0,2,92" ten="220,310,240,230" oya="1" hai0="34,37,73,25,39,6,125,133,116,49,120,86,45" hai1="114,102,111,54,65,44,14,55,21,19,94,129,72" hai2="100,61,62,122,63,126,117,15,98,27,28,110,93" hai3="103,77,106,74,52,121,127,112,10,84,24,70,71"/><U8/><E72/><V90/><F122/><W58/><G121/><T51/><D73/><U108/><E114/><V113/><F117/><W118/><G112/><T95/><D120/><U97/><E129/><V7/><F113/><W69/><G118/><T43/><D116/><U131/><E131/><V48/><F110/><N who="1" m="42025" /><E65/><V20/><F126/><W2/><G127/><T64/><D125/><U29/><E44/><V31/><F48/><W23/><G84/><T85/><D64/><U47/><E47/><V107/><F7/><W56/><G10/><T30/><D133/><U13/><E29/><V57/><F15/><W40/><G2/><T105/><D105/><U36/><E36/><V91/><F31/><W67/><G40/><T123/><D123/><U18/><AGARI ba="0,0" hai="8,13,14,18,19,21,54,55,94,97,102" m="42025" machi="18" ten="30,6000,0" yaku="14,1,10,1,52,1" doraHai="92" who="1" fromWho="1" sc="220,-20,310,60,240,-20,230,-20" /><INIT seed="1,1,0,5,0,72" ten="200,370,220,210" oya="1" hai0="20,111,27,92,51,38,106,50,7,78,65,15,22" hai1="68,19,11,132,2,79,9,45,41,104,23,115,43" hai2="100,85,17,109,32,130,37,88,31,52,35,48,54" hai3="117,63,107,83,14,34,131,135,123,74,66,113,105"/><U69/><E104/><V36/><F109/><W129/><G123/><T120/><D106/><U58/><E115/><V91/><F130/><N who="3" m="49675" /><G113/><T47/><D120/><U98/><E132/><V56/><F100/><W6/><G135/><T103/><D111/><U119/><E119/><V77/><F32/><W29/><G117/><T112/><D112/><U90/><E68/><V101/><F101/><W28/><G29/><T116/><D65/><U84/><E69/><V49/><F35/><W126/><G126/><T125/><D125/><U127/><E127/><V71/><F71/><N who="3" m="42463" /><G14/><T70/><D70/><U93/><E58/><N who="2" m="33031" /><F36/><W82/><G82/><T61/><D61/><U73/><E73/><V26/><F37/><W57/><G6/><T1/><D1/><U46/><E2/><V30/><F17/><W128/><G57/><T0/><D0/><U121/><E121/><V13/><F13/><W118/><G118/><T114/><D114/><U42/><E11/><V110/><F110/><W94/><G94/><T133/><D92/><U134/><E9/><V99/><F99/><W64/><N who="3" m="49683" /><W24/><DORA hai="81" /><G64/><T4/><D4/><U10/><E10/><V40/><F30/><W44/><G44/><T5/><D47/><U86/><E134/><V39/><F39/><W18/><G18/><T21/><D7/><U25/><E98/><V102/><F102/><W55/><G55/><T12/><D5/><U16/><E19/><V59/><F40/><W96/><G96/><T124/><D124/><U33/><E33/><N who="2" m="20727" /><F56/><W89/><G89/><T60/><D133/><U62/><E62/><RYUUKYOKU ba="1,0" sc="200,-30,370,10,220,10,210,10" hai1="16,23,25,41,42,43,45,46,79,84,86,90,93" hai2="49,54,59,77,85,88,91" hai3="24,28,34,74,83,105,107" /><INIT seed="1,2,0,2,2,129" ten="170,380,230,220" oya="1" hai0="8,96,34,19,111,78,121,110,83,88,12,87,68" hai1="126,63,51,89,24,60,92,106,97,71,127,77,4" hai2="31,21,2,81,67,6,65,58,42,38,103,55,64" hai3="117,13,9,52,22,45,72,69,43,15,112,120,40"/><U135/><E106/><V86/><F103/><W29/><G69/><T91/><D68/><U100/><E77/><V94/><F94/><W20/><G112/><T114/><D114/><U32/><E4/><V116/><F116/><W17/><G72/><T26/><D121/><U132/><E100/><V1/><F38/><W76/><G76/><T37/><D37/><U119/><E119/><V90/><F42/><W46/><G120/><T80/><D96/><U133/><E51/><V95/><F6/><W35/><G35/><T74/><REACH who="0" step="1"/><D91/><REACH who="0" ten="160,380,230,220" step="2"/><U11/><E71/><V30/><F1/><W36/><G117/><T14/><D14/><U61/><E11/><V75/><F2/><W7/><G36/><T105/><D105/><U70/><E70/><V98/><F21/><W39/><G39/><T124/><D124/><U66/><E66/><V16/><F65/><W25/><G43/><T122/><D122/><U18/><E18/><V23/><F64/><W108/><G40/><T101/><D101/><U93/><E93/><V85/><F67/><W79/><G79/><T109/><D109/><U56/><E56/><V44/><F58/><W59/><REACH who="3" step="1"/><G108/><REACH who="3" ten="160,380,230,210" step="2"/><T48/><D48/><AGARI ba="2,2" hai="7,9,13,15,17,20,22,25,29,45,46,48,52,59" machi="48" ten="30,8000,1" yaku="1,1,2,1,7,1,8,1,54,1,53,0" doraHai="129" doraHaiUra="118" who="3" fromWho="0" sc="160,-86,380,0,230,0,210,106" /><INIT seed="2,0,0,5,0,125" ten="74,380,230,316" oya="2" hai0="0,90,67,117,4,58,88,59,44,37,93,29,118" hai1="83,10,1,103,57,84,39,100,31,76,74,23,96" hai2="27,46,25,68,69,35,111,36,7,132,120,15,95" hai3="70,8,48,11,33,50,9,24,102,110,34,114,72"/><V5/><F120/><W77/><G70/><T16/><D29/><U86/><E39/><V52/><F132/><W89/><G110/><T75/><D75/><U98/><E57/><V115/><F115/><W85/><G114/><T81/><D81/><U124/><E124/><V80/><F111/><W101/><G72/><T119/><D4/><U49/><E49/><V87/><F95/><W32/><G24/><T41/><D0/><U54/><E54/><V28/><F27/><W22/><G22/><T17/><D90/><U126/><E126/><V21/><F36/><W128/><G89/><T127/><D127/><U14/><E1/><V79/><F69/><W105/><G105/><T26/><D67/><U133/><E133/><V56/><F68/><W62/><G62/><T107/><D107/><U3/><E3/><V2/><F46/><W108/><G108/><T113/><D113/><U40/><E40/><V97/><F97/><N who="1" m="37481" /><E86/><V66/><F66/><W6/><G6/><N who="2" m="2057" /><F35/><W18/><G85/><N who="0" m="52367" /><D17/><N who="1" m="8407" /><E74/><V92/><F2/><W73/><G18/><T19/><D19/><U129/><E31/><V109/><F109/><W130/><G73/><T131/><D131/><N who="3" m="50217" /><G77/><T116/><D118/><U104/><E129/><V51/><F15/><W45/><G45/><T78/><D78/><U47/><E104/><V20/><F21/><AGARI ba="0,0" hai="16,21,26,37,41,44,58,59,116,117,119" m="52367" machi="21" ten="30,3900,0" yaku="12,1,54,2" doraHai="125" who="0" fromWho="2" sc="74,39,380,0,230,-39,316,0" /><INIT seed="3,0,0,3,1,24" ten="113,380,191,316" oya="3" hai0="129,92,33,30,70,51,88,26,96,110,123,59,18" hai1="7,20,78,0,41,69,52,6,17,74,16,79,48" hai2="131,107,50,54,87,40,94,29,97,101,10,43,81" hai3="9,14,102,82,114,5,56,36,34,38,71,1,91"/><W120/><G71/><T39/><D123/><U64/><E41/><V45/><F131/><W83/><G120/><T121/><D121/><U77/><E74/><V115/><F115/><W31/><G114/><T122/><D122/><U11/><E7/><V93/><F107/><W68/><G68/><T124/><D70/><U111/><E111/><V21/><F94/><W119/><G119/><T32/><D39/><U27/><E69/><V35/><F35/><W133/><G133/><T125/><D110/><U95/><E95/><V55/><F55/><W42/><G102/><T112/><D112/><U66/><REACH who="1" step="1"/><E17/><REACH who="1" ten="113,370,191,316" step="2"/><V132/><F132/><W19/><G42/><T28/><D18/><U3/><E3/><V106/><F106/><W67/><G83/><T86/><D129/><U15/><E15/><V117/><F117/><W135/><G135/><T61/><D86/><U25/><E25/><N who="2" m="16559" /><F10/><W53/><G82/><T22/><D51/><U99/><E99/><V84/><F87/><W58/><G38/><T37/><D37/><U13/><E13/><V8/><F8/><N who="3" m="2095" /><G36/><T98/><D98/><U127/><E127/><N who="0" m="48713" /><D33/><U134/><E134/><V65/><F84/><W116/><G116/><T44/><D32/><U57/><AGARI ba="0,1" hai="0,6,11,16,20,27,48,52,57,64,66,77,78,79" machi="57" ten="30,8000,1" yaku="1,1,0,1,54,2,53,1" doraHai="24" doraHaiUra="23" who="1" fromWho="1" sc="113,-20,370,90,191,-20,316,-40" /><INIT seed="4,0,0,5,3,86" ten="93,460,171,276" oya="0" hai0="42,12,50,52,114,135,10,102,63,49,124,98,25" hai1="19,36,97,26,34,16,79,65,122,11,89,28,82" hai2="103,44,24,8,60,58,56,17,96,4,70,76,131" hai3="47,128,127,20,53,88,64,32,119,81,41,99,93"/><T126/><D114/><U110/><E36/><V54/><F131/><W77/><G32/><T101/><D101/><U118/><E122/><V95/><F70/><W112/><G119/><T15/><D42/><U116/><E110/><V100/><F76/><W113/><G128/><T45/><D50/><U35/><E35/><V51/><F58/><W66/><G127/><N who="0" m="48683" /><D25/><U27/><E65/><V107/><F107/><W9/><G20/><T6/><D63/><U46/><E46/><V91/><F4/><W13/><G53/><T33/><D33/><U105/><E19/><V2/><F2/><W48/><G112/><T69/><D69/><U22/><E11/><V120/><F120/><W78/><G113/><T3/><D135/><U0/><E0/><V71/><F71/><W130/><G130/><T40/><D40/><U59/><E59/><V125/><F125/><W31/><G31/><T29/><D29/><U18/><E18/><V108/><F108/><W133/><G133/><T74/><D74/><U7/><E7/><V21/><REACH who="2" step="1"/><F8/><REACH who="2" ten="93,460,161,276" step="2"/><W39/><G77/><T106/><AGARI ba="0,1" hai="3,6,10,12,15,45,49,52,98,102,106" m="48683" machi="106" ten="30,3000,0" yaku="18,1,54,1" doraHai="86" who="0" fromWho="0" sc="93,40,460,-10,161,-10,276,-10" /><INIT seed="4,1,0,3,3,10" ten="133,450,151,266" oya="0" hai0="43,74,64,35,24,124,26,36,103,96,52,30,134" hai1="91,27,122,85,20,129,71,121,13,48,90,95,131" hai2="108,110,93,18,126,41,51,75,104,1,66,119,125" hai3="68,84,105,100,109,76,63,28,44,102,46,111,130"/><T116/><D116/><U118/><E71/><V135/><F104/><W38/><G100/><T57/><D74/><U113/><E118/><V0/><F75/><W123/><G84/><T32/><D124/><N who="2" m="47722" /><F66/><W12/><G76/><T101/><D134/><U50/><E113/><V31/><F119/><W4/><G44/><T53/><D36/><U11/><E122/><V98/><F31/><W92/><G105/><T6/><D43/><U15/><E121/><V78/><F78/><W70/><G28/><T14/><D32/><U99/><E11/><V34/><F34/><W5/><G70/><T81/><D81/><U37/><E37/><V9/><F135/><W114/><G68/><T47/><D35/><U97/><E97/><V65/><F65/><W2/><G38/><T62/><D30/><N who="1" m="17767" /><E129/><V117/><F117/><W7/><G130/><T54/><D47/><U49/><E131/><V132/><F132/><W77/><G46/><T127/><D127/><U89/><E89/><N who="2" m="55599" /><F51/><N who="1" m="13057" /><U25/><DORA hai="39" /><E25/><N who="0" m="9833" /><D96/><U60/><E60/><V82/><F82/><AGARI ba="1,0" hai="13,15,82,85,90,91,95,99" m="13057,17767" machi="82" ten="30,3900,0" yaku="8,1,52,2" doraHai="10,39" who="1" fromWho="2" sc="133,0,450,42,151,-42,266,0" /><INIT seed="5,0,0,2,3,23" ten="133,492,109,266" oya="1" hai0="56,103,63,66,33,3,16,85,110,89,13,5,41" hai1="37,22,39,131,113,122,112,107,17,55,78,6,64" hai2="91,50,133,121,69,65,82,111,68,11,51,90,36" hai3="58,128,99,126,94,15,77,75,124,7,127,105,134"/><U4/><E122/><V71/><F121/><W93/><G7/><T102/><D110/><U10/><E107/><V44/><F111/><W1/><G1/><T32/><D41/><U119/><E119/><V72/><F133/><W129/><G15/><T38/><D38/><U81/><E64/><V12/><F72/><W53/><G105/><T73/><D73/><U21/><E55/><V48/><F65/><W74/><G94/><T106/><D5/><U49/><E49/><V20/><F82/><N who="3" m="45375" /><G74/><T104/><D3/><U100/><E100/><V120/><F120/><W26/><G26/><T108/><D108/><U31/><E31/><V86/><F20/><W34/><G34/><T18/><D18/><U30/><E30/><V45/><F86/><W54/><G58/><T92/><D104/><U135/><E17/><V57/><F57/><W84/><G53/><T40/><D40/><U46/><E46/><V98/><F98/><W29/><G54/><T83/><D106/><U95/><E39/><V42/><REACH who="2" step="1"/><F45/><REACH who="2" ten="133,492,99,266" step="2"/><W61/><G84/><N who="0" m="52263" /><D33/><U87/><E87/><V117/><F117/><W59/><G134/><T60/><D32/><U70/><E135/><V8/><F8/><W97/><G99/><T43/><D56/><U19/><E10/><V116/><F116/><W0/><G59/><N who="0" m="37151" /><D63/><U67/><E81/><V130/><F130/><N who="3" m="50283" /><G61/><T132/><D132/><U24/><E131/><V28/><F28/><W25/><G29/><T118/><D118/><U88/><E67/><V62/><F62/><W9/><G97/><T80/><D85/><U27/><E78/><V79/><F79/><RYUUKYOKU ba="0,1" sc="133,-10,492,-10,99,30,266,-10" hai2="11,12,36,42,44,48,50,51,68,69,71,90,91" /><INIT seed="6,1,1,4,3,44" ten="123,482,129,256" oya="2" hai0="112,70,104,53,122,96,111,116,37,94,74,108,59" hai1="58,82,97,10,93,34,128,126,52,77,30,100,8" hai2="3,27,32,20,15,23,114,81,65,76,18,84,117" hai3="39,125,61,71,127,133,33,103,47,19,102,107,49"/><V46/><F117/><W85/><G39/><T92/><D70/><U2/><E126/><N who="3" m="48138" /><G33/><T5/><D37/><U99/><E128/><V73/><F114/><W91/><G107/><T79/><D5/><U121/><E121/><V31/><F65/><N who="3" m="41391" /><G133/><T69/><D69/><U115/><E115/><V72/><F23/><W98/><G19/><T24/><D112/><U35/><E2/><V134/><F134/><W40/><G98/><T45/><D104/><U51/><E30/><V42/><REACH who="2" step="1"/><F3/><REACH who="2" ten="123,482,119,256" step="2"/><W78/><G78/><T25/><D79/><U105/><E34/><V90/><F90/><W13/><G13/><T95/><D116/><U123/><E35/><V113/><F113/><W9/><G9/><T83/><D24/><U16/><E10/><V106/><F106/><W131/><G131/><T4/><D25/><U29/><E105/><V7/><F7/><W6/><G6/><T130/><D4/><U63/><E8/><V80/><F80/><AGARI ba="1,2" hai="40,47,49,80,85,91,102,103" m="41391,48138" machi="80" ten="30,2000,0" yaku="18,1,52,1" doraHai="44" who="3" fromWho="2" sc="123,0,482,0,119,-23,256,43" /><INIT seed="7,0,0,2,4,85" ten="123,482,96,299" oya="3" hai0="114,61,35,30,5,76,102,84,105,104,93,59,11" hai1="133,69,51,135,49,106,100,74,12,109,86,22,16" hai2="113,10,95,6,8,77,3,38,65,103,115,55,91" hai3="96,111,45,80,34,70,62,108,37,125,68,121,129"/><W52/><G34/><T118/><D118/><U134/><E74/><V24/><F77/><W42/><G80/><T26/><D114/><N who="2" m="43530" /><F38/><W89/><G121/><T64/><D102/><U31/><E69/><V25/><F103/><W132/><G132/><T53/><D53/><U63/><E109/><N who="3" m="42058" /><G129/><T119/><D119/><U94/><E63/><V36/><F36/><W90/><G125/><T128/><D128/><U131/><E131/><V15/><F65/><N who="3" m="41015" /><G70/><T88/><D76/><U72/><E72/><V29/><F55/><W48/><G96/><T82/><D82/><U67/><E67/><V75/><F75/><W50/><G50/><T23/><D35/><U57/><E57/><AGARI ba="0,0" hai="37,42,45,48,52,57,89,90" m="41015,42058" machi="57" ten="30,12000,1" yaku="24,1,10,1,52,2,54,1" doraHai="85" who="3" fromWho="1" sc="123,0,482,-120,96,0,299,120" owari="123,-28.0,362,16.0,96,-40.0,419,52.0" /></mjloggm>