<mjloggm ver="2.3"><GO type="169" lobby="0"/><UN n0="%E3%83%97%E3%83%AD%E3%83%86%E3%82%A4%E3%83%B3%E5%BE%97%E7%9B%9B" n1="%E8%8D%92%E5%B7%9D%E5%95%93%E5%90%BE" n2="%E9%9B%AA%E6%9C%88%E9%A2%A8%E8%8A%B1" n3="%E3%81%95%E3%82%89%E3%81%9B%E3%81%99%E3%81%84%E3%81%A1%E3%82%85%E3%81%AA" dan="17,18,17,16" rate="2262.05,2289.71,2227.77,2155.15" sx="M,M,M,M"/><TAIKYOKU oya="0"/><INIT seed="0,0,0,1,5,65" ten="250,250,250,250" oya="0" hai0="9,78,132,80,22,36,63,40,1,61,53,66,126" hai1="49,39,50,97,128,89,2,73,8,19,99,33,113" hai2="120,29,84,70,58,85,64,51,91,43,52,105,116" hai3="115,37,17,82,0,109,101,107,77,42,35,74,44"/><T23/><D126/><U67/><E33/><V4/><F120/><W59/><G115/><T20/><D132/><U76/><E39/><V106/><F116/><W62/><G17/><T112/><D112/><U57/><E113/><V13/><F84/><W28/><G109/><T122/><D122/><U88/><E128/><V47/><F29/><W12/><G12/><T71/><D61/><N who="1" m="38319" /><E2/><V94/><F13/><W60/><G59/><T117/><D53/><U98/><E76/><V18/><F18/><W25/><G62/><T54/><D54/><U21/><E73/><V10/><F10/><W92/><G92/><T72/><D117/><U15/><E21/><V56/><F56/><W11/><G60/><T130/><D130/><U118/><E118/><V108/><F4/><W79/><G79/><T26/><D26/><U125/><E125/><V86/><F86/><W102/><G107/><T104/><D104/><U48/><AGARI ba="0,0" hai="8,15,19,48,49,50,88,89,97,98,99" m="38319" machi="48" ten="30,2000,0" yaku="8,1,54,1" doraHai="65" who="1" fromWho="1" sc="250,-10,250,20,250,-5,250,-5" /><INIT seed="1,0,0,5,1,135" ten="240,270,245,245" oya="1" hai0="92,109,31,39,96,106,132,48,134,40,32,24,77" hai1="94,49,15,19,105,57,124,55,116,18,133,7,91" hai2="52,120,8,17,62,128,10,50,35,71,42,112,102" hai3="88,70,3,113,80,0,45,59,56,53,20,43,100"/><U87/><E116/><V108/><F120/><W41/><G113/><T90/><D109/><U97/><E133/><N who="0" m="51305" /><D77/><U75/><E124/><V5/><F108/><W118/><G70/><T34/><D39/><U25/><E75/><V9/><F35/><W74/><G100/><T12/><D106/><U103/><REACH who="1" step="1"/><E25/><REACH who="1" ten="240,260,245,245" step="2"/><V127/><F127/><W26/><G118/><T83/><D24/><U129/><E129/><V33/><F112/><W4/><G74/><T54/><D34/><U16/><E16/><V101/><F17/><W37/><G26/><T36/><D32/><U86/><E86/><V117/><F33/><W58/><G4/><T28/><D28/><U99/><E99/><V76/><F128/><W82/><G0/><T1/><D31/><U6/><E6/><V121/><F5/><W46/><G3/><T107/><D1/><U63/><E63/><V79/><F117/><W78/><G37/><T115/><D115/><U21/><E21/><V30/><F30/><W111/><G20/><T85/><D36/><U98/><E98/><V84/><F84/><W44/><G111/><T110/><D110/><U13/><E13/><V95/><F62/><W38/><G38/><T2/><D2/><U51/><E51/><V11/><F50/><W47/><G41/><T126/><D12/><U23/><E23/><V29/><F29/><W67/><G43/><T69/><D40/><U22/><E22/><V61/><F61/><W104/><G53/><T114/><D114/><U130/><E130/><V64/><N who="2" m="2048" /><DORA hai="119" /><V65/><F52/><W14/><N who="3" m="11264" /><DORA hai="89" /><W72/><G14/><RYUUKYOKU ba="0,1" sc="240,-10,260,30,245,-10,245,-10" hai1="7,15,18,19,49,55,57,87,91,94,97,103,105" /><INIT seed="1,1,1,3,5,14" ten="230,290,235,235" oya="1" hai0="124,34,72,47,30,82,64,20,79,109,93,46,92" hai1="117,41,29,85,27,128,63,43,25,80,7,106,67" hai2="39,32,97,36,9,49,48,76,73,129,83,5,28" hai3="11,44,86,130,89,114,65,132,78,1,110,57,18"/><U19/><E106/><V35/><F129/><W77/><G130/><T24/><D109/><U2/><E117/><V68/><F68/><W0/><G110/><T125/><D64/><U55/><E128/><V51/><F97/><W113/><G132/><T134/><D134/><U50/><E7/><V33/><REACH who="2" step="1"/><F28/><REACH who="2" ten="230,290,225,235" step="2"/><W95/><G113/><T111/><D111/><U23/><E29/><V6/><F6/><W22/><G114/><T126/><D34/><U13/><E2/><AGARI ba="1,2" hai="2,5,9,32,33,35,36,39,48,49,51,73,76,83" machi="2" ten="50,1600,0" yaku="1,1,53,0" doraHai="14" doraHaiUra="122" who="2" fromWho="1" sc="230,0,290,-19,225,39,235,0" /><INIT seed="2,0,0,2,2,122" ten="230,271,264,235" oya="2" hai0="70,46,106,116,108,117,81,12,21,39,90,1,7" hai1="125,131,112,99,3,88,14,11,79,78,13,109,134" hai2="75,20,44,28,110,22,51,34,47,77,113,40,17" hai3="73,68,31,133,62,57,49,104,111,123,71,115,92"/><V98/><F113/><W8/><G115/><T93/><D106/><U65/><E112/><V50/><F34/><W56/><G104/><T15/><D70/><U76/><E65/><V55/><F28/><W82/><G31/><T52/><D81/><U127/><E134/><V5/><F5/><W114/><G114/><T4/><D1/><U74/><E74/><V119/><F119/><N who="0" m="45642" /><D39/><U19/><E131/><V121/><F121/><W63/><G8/><T85/><D108/><U45/><E3/><V27/><F98/><W135/><G82/><T29/><D29/><U96/><E45/><V35/><F35/><W66/><G49/><N who="0" m="28727" /><D21/><U0/><E0/><V100/><F20/><W54/><G92/><T91/><D90/><U130/><E130/><V43/><F100/><W107/><G107/><T103/><D103/><U129/><E129/><V48/><F77/><W42/><G111/><T60/><D60/><U132/><E132/><N who="3" m="50762" /><G42/><T84/><D84/><U69/><E69/><N who="3" m="26698" /><G73/><T24/><D24/><U95/><E109/><V126/><F110/><W102/><G102/><T105/><D105/><U118/><E118/><V18/><F75/><W72/><G72/><T120/><D120/><AGARI ba="0,0" hai="54,56,57,62,63,66,120,123" m="26698,50762" machi="120" ten="30,3900,0" yaku="20,1,34,2" doraHai="122" who="3" fromWho="0" sc="230,-39,271,0,264,0,235,39" /><INIT seed="3,0,0,5,5,80" ten="191,271,264,274" oya="3" hai0="42,67,40,39,75,101,23,45,117,51,121,38,72" hai1="31,106,119,108,47,0,86,6,132,84,34,73,54" hai2="93,65,53,124,78,111,44,130,76,126,97,83,110" hai3="52,133,22,71,128,127,89,55,3,94,74,8,62"/><W120/><G120/><T91/><D121/><U1/><E106/><V134/><F65/><W4/><G127/><N who="2" m="48681" /><F53/><W81/><G128/><T56/><D117/><U116/><E73/><N who="2" m="43407" /><F44/><W68/><G133/><T115/><D101/><U35/><E108/><N who="2" m="41515" /><F78/><W66/><G71/><T63/><D23/><U59/><E47/><V21/><F21/><W85/><G22/><T14/><D14/><U107/><E132/><V16/><F16/><W37/><G37/><T87/><D42/><U9/><E0/><V131/><F134/><W36/><G36/><T102/><D39/><U98/><E31/><V109/><F109/><W104/><G104/><T43/><D43/><U79/><E79/><V88/><AGARI ba="0,0" hai="88,93,97,130,131" m="41515,43407,48681" machi="88" ten="40,8000,1" yaku="18,1,14,1,34,2,54,1" doraHai="80" who="2" fromWho="2" sc="191,-20,271,-20,264,80,274,-40" /><INIT seed="4,0,0,3,5,85" ten="171,251,344,234" oya="0" hai0="97,57,91,109,21,95,53,41,56,26,62,22,9" hai1="96,7,126,27,46,50,100,124,77,108,73,92,67" hai2="17,14,88,106,66,90,81,5,65,105,25,121,132" hai3="49,13,74,93,10,128,12,63,55,113,119,19,18"/><T2/><D109/><U3/><E108/><V16/><F81/><W8/><G119/><T54/><D41/><U123/><E123/><V107/><F25/><W38/><G38/><T115/><D115/><U125/><E67/><V35/><F14/><W31/><G74/><T68/><D68/><U36/><E36/><V101/><F5/><W28/><G128/><T111/><D111/><U76/><E73/><V40/><F35/><W84/><G63/><T15/><D2/><U64/><E64/><V37/><F105/><W52/><G113/><T34/><D34/><U33/><E7/><V70/><F37/><W99/><G84/><T11/><D15/><U86/><E3/><V75/><F75/><W98/><REACH who="3" step="1"/><G93/><REACH who="3" ten="171,251,344,224" step="2"/><T112/><D112/><U71/><E86/><V82/><F106/><W118/><G118/><T110/><D110/><U43/><REACH who="1" step="1"/><E71/><REACH who="1" ten="171,241,344,224" step="2"/><V122/><F70/><W127/><G127/><T72/><D72/><U1/><E1/><V135/><F121/><W79/><G79/><T134/><D134/><U61/><E61/><V59/><F122/><W30/><G30/><AGARI ba="0,2" hai="27,30,33,43,46,50,76,77,92,96,100,124,125,126" machi="30" ten="40,2600,0" yaku="1,1,18,1,53,0" doraHai="85" doraHaiUra="60" who="1" fromWho="3" sc="171,0,241,46,344,0,224,-26" /><INIT seed="5,0,0,5,3,46" ten="171,287,344,198" oya="1" hai0="60,48,112,72,89,118,39,68,115,51,18,80,70" hai1="7,55,25,88,10,42,125,9,132,116,37,56,117" hai2="64,1,109,113,11,131,73,123,110,78,58,90,81" hai3="120,59,54,85,135,87,126,124,20,67,52,79,13"/><U33/><E125/><N who="3" m="48234" /><G120/><T133/><D118/><U24/><E132/><V96/><F123/><W127/><G135/><T100/><D133/><U45/><E10/><V50/><F131/><W49/><G67/><T93/><D39/><U44/><E44/><V130/><F130/><W16/><N who="3" m="48242" /><W66/><DORA hai="95" /><G66/><T62/><D100/><U22/><E33/><V17/><F64/><W3/><G3/><T34/><D34/><U47/><E47/><V114/><F1/><W14/><G79/><N who="0" m="44135" /><D18/><U97/><E25/><V15/><F109/><W102/><G102/><T57/><D70/><U101/><E9/><V77/><F110/><W71/><G71/><T65/><D62/><U83/><E7/><V82/><F90/><W2/><G2/><T19/><D19/><U98/><E83/><V107/><F81/><W99/><G99/><N who="0" m="57775" /><D68/><U38/><E38/><V69/><F69/><W53/><G13/><T129/><D129/><U8/><E8/><V75/><F11/><W35/><G35/><T106/><D106/><U0/><E0/><V94/><F107/><W40/><G40/><T92/><D92/><U119/><E88/><V31/><F94/><W111/><G111/><T28/><D28/><U36/><E36/><V41/><F31/><W23/><G23/><T86/><D86/><AGARI ba="0,0" hai="14,16,20,49,52,53,54,59,85,86,87" m="48242" machi="86" ten="40,8000,1" yaku="18,1,52,1,54,2" doraHai="46,95" who="3" fromWho="0" sc="171,-80,287,0,344,0,198,80" /><INIT seed="6,0,0,1,4,52" ten="91,287,344,278" oya="2" hai0="83,44,59,54,61,1,55,130,0,74,108,47,28" hai1="113,29,105,20,117,135,111,18,46,17,63,64,132" hai2="65,122,96,23,107,43,40,30,102,128,71,9,37" hai3="10,14,7,120,72,19,99,123,77,93,115,15,112"/><V3/><F122/><N who="3" m="46635" /><G72/><T75/><D28/><U129/><E105/><V103/><F103/><W97/><G77/><T116/><D130/><U13/><E117/><V25/><F37/><W35/><G35/><T109/><D61/><U78/><E111/><V134/><F128/><W94/><G19/><T67/><D67/><U119/><E119/><V100/><F100/><W85/><G85/><T127/><D116/><U84/><E129/><V33/><F23/><W126/><G7/><T21/><D21/><U82/><E29/><V2/><F9/><W69/><G69/><T81/><REACH who="0" step="1"/><D127/><REACH who="0" ten="81,287,344,278" step="2"/><U45/><E20/><N who="2" m="15655" /><F65/><W31/><G126/><T70/><D70/><U101/><E64/><V8/><F71/><W49/><G31/><T12/><D12/><U133/><E13/><V22/><F22/><W32/><G14/><T38/><D38/><U121/><E121/><V90/><F33/><W118/><G15/><T89/><D89/><U91/><E91/><V34/><F90/><W26/><G32/><T131/><D131/><U50/><E132/><V53/><F34/><W114/><G118/><T56/><AGARI ba="0,1" hai="0,1,44,47,54,55,56,59,74,75,81,83,108,109" machi="56" ten="25,12000,2" yaku="1,1,0,1,22,2,52,2,53,0" doraHai="52" doraHaiUra="87" who="0" fromWho="0" sc="81,130,287,-30,344,-60,278,-30" /><INIT seed="7,0,0,1,2,70" ten="211,257,284,248" oya="3" hai0="24,107,32,116,130,38,21,83,101,78,14,85,123" hai1="92,62,4,91,48,64,22,54,1,18,121,56,109" hai2="52,124,81,31,90,72,68,39,106,86,37,0,119" hai3="97,99,79,111,30,102,49,95,89,66,69,6,110"/><W127/><G127/><T15/><D123/><U34/><E34/><V46/><F119/><W41/><G6/><T113/><D116/><U134/><E109/><N who="3" m="41482" /><G30/><T11/><D130/><U74/><E74/><V125/><F31/><W75/><G69/><T103/><D32/><U82/><E134/><V112/><F112/><W105/><G66/><T84/><D113/><U126/><E126/><N who="2" m="48747" /><F0/><W58/><G41/><T40/><D107/><U120/><E82/><V55/><F68/><W104/><G49/><T76/><D40/><U132/><E132/><V33/><F33/><W20/><G20/><T2/><D2/><U35/><E35/><V117/><F117/><W115/><G58/><T53/><D38/><N who="2" m="14346" /><F46/><W114/><G105/><T47/><D47/><U133/><E133/><V51/><F51/><W73/><G115/><T44/><D44/><U67/><E120/><V9/><F9/><W63/><G114/><T80/><D53/><N who="2" m="20554" /><F106/><W3/><G3/><T100/><REACH who="0" step="1"/><D11/><REACH who="0" ten="201,257,284,248" step="2"/><U98/><E121/><V128/><F128/><W93/><G104/><T8/><D8/><U96/><E1/><V50/><F50/><W10/><G10/><T5/><D5/><U23/><E4/><V42/><F42/><W60/><G60/><T94/><D94/><N who="1" m="56415" /><E48/><V57/><F57/><W36/><G63/><T61/><D61/><U118/><E118/><V88/><F72/><N who="3" m="27723" /><G36/><T7/><D7/><U71/><E71/><V59/><F59/><W87/><G95/><T16/><AGARI ba="0,1" hai="14,15,16,21,24,76,78,80,83,84,85,100,101,103" machi="16" ten="30,8000,1" yaku="1,1,0,1,9,1,8,1,54,1,53,0" doraHai="70" doraHaiUra="108" who="0" fromWho="0" sc="201,90,257,-20,284,-20,248,-40" /><INIT seed="8,0,0,2,3,92" ten="291,237,264,208" oya="0" hai0="114,26,94,70,5,10,20,52,48,82,49,129,96" hai1="104,65,111,69,116,62,12,95,29,132,3,18,83" hai2="56,22,107,67,122,41,84,0,101,57,119,128,133" hai3="53,2,98,1,76,123,30,21,97,17,106,113,40"/><T42/><D129/><U103/><E3/><V31/><F0/><W28/><G113/><T16/><D70/><U105/><E111/><V37/><F84/><W64/><G1/><T59/><D114/><U24/><E132/><V19/><F56/><W34/><G2/><T8/><D82/><U135/><E135/><V38/><F31/><W9/><G76/><T112/><D112/><U68/><E68/><V51/><F41/><W32/><G40/><T120/><D120/><U118/><E83/><V33/><F51/><W6/><G64/><T54/><D5/><U81/><E81/><V47/><F33/><W73/><G73/><T36/><D36/><U102/><E102/><V79/><F101/><W126/><G106/><T87/><D87/><U60/><E60/><V7/><F107/><W86/><G86/><T121/><D42/><U50/><E95/><V124/><F37/><W78/><G78/><T93/><D93/><U58/><E104/><V45/><F38/><W44/><G32/><T125/><D125/><U14/><E105/><V127/><F124/><W23/><G126/><T88/><D121/><U61/><E103/><V72/><F122/><W74/><G74/><T90/><D90/><U77/><E77/><V35/><F79/><W109/><G109/><T117/><D117/><N who="1" m="45163" /><E50/><V71/><F119/><W39/><G123/><T15/><D26/><U91/><E91/><V89/><F127/><W13/><G39/><T80/><D80/><U27/><E27/><V46/><F133/><W99/><G34/><T131/><D131/><U115/><E115/><V66/><F35/><RYUUKYOKU ba="0,0" sc="291,30,237,-10,264,-10,208,-10" hai0="8,10,15,16,20,48,49,52,54,59,88,94,96" owari="321,42.0,227,-17.0,254,5.0,198,-30.0" /></mjloggm>