<mjloggm ver="2.3"><GO type="185" lobby="0"/><UN n0="%E3%82%8D%E3%81%AF%E3%82%93%37%33" n1="%E3%81%97%E3%82%87%E3%81%86%E3%81%90%E3%82%93%EF%BC%94" n2="%E3%81%95%E3%81%A8%E3%81%95%E3%81%A8%31%31" n3="" dan="16,17,17,0" rate="2032.70,2219.22,2256.68,1500.00" sx="M,M,M,C"/><TAIKYOKU oya="0"/><INIT seed="0,0,0,4,0,97" ten="350,350,350,0" oya="0" hai0="60,65,42,40,123,81,72,1,55,36,106,2,59" hai1="61,3,109,120,70,87,121,107,66,91,86,100,33" hai2="44,118,63,38,51,89,68,43,62,128,112,58,116" hai3=""/><T113/><N who="0" m="31520" /><T76/><D106/><U119/><N who="1" m="30752" /><U93/><N who="1" m="31008" /><U135/><E119/><N who="2" m="45611" /><F89/><T132/><D113/><U133/><E3/><V127/><F112/><T104/><D104/><U90/><E33/><V0/><F0/><T103/><D103/><U134/><E109/><V83/><F83/><T35/><D35/><U57/><E70/><V115/><F115/><T49/><D132/><U131/><E131/><V96/><F96/><T41/><REACH who="0" step="1"/><D36/><REACH who="0" ten="340,350,350,0" step="2"/><U85/><E107/><V73/><F128/><T94/><D94/><U92/><REACH who="1" step="1"/><E100/><REACH who="1" ten="340,340,350,0" step="2"/><V102/><F102/><T105/><D105/><U75/><E75/><V50/><F73/><T129/><D129/><U125/><E125/><V77/><F127/><T64/><D64/><U124/><E124/><V110/><F110/><T95/><D95/><AGARI ba="0,2" hai="57,61,66,85,86,87,90,91,92,93,95,133,134,135" m="31008,30752" machi="95" ten="50,8000,1" yaku="1,1,20,1,52,2,53,0" doraHai="97" doraHaiUra="108" who="1" fromWho="0" sc="340,-80,340,100,350,0,0,0" /><INIT seed="1,0,0,4,0,62" ten="260,440,350,0" oya="1" hai0="77,33,127,58,124,40,110,43,52,117,119,47,112" hai1="87,1,75,85,115,71,97,53,114,68,66,95,45" hai2="65,80,93,81,60,131,69,107,32,109,34,3,126" hai3=""/><U74/><E1/><V94/><F107/><T73/><D33/><U49/><E71/><V72/><F3/><T59/><D77/><U83/><E87/><V103/><F60/><T67/><D73/><U79/><E68/><V2/><F103/><T121/><N who="0" m="31008" /><T128/><D112/><U78/><E66/><V36/><F69/><T91/><D91/><U89/><E79/><V111/><F36/><T134/><D110/><U56/><E75/><V98/><F98/><T122/><N who="0" m="31264" /><T92/><D92/><U96/><E96/><V50/><F2/><T120/><N who="0" m="30752" /><T132/><D52/><U82/><E45/><V35/><F72/><T125/><D47/><U100/><AGARI ba="0,0" hai="49,53,56,74,78,82,83,85,89,95,97,100,114,115" machi="100" ten="20,1400,0" yaku="0,1,7,1" doraHai="62" who="1" fromWho="1" sc="260,-7,440,14,350,-7,0,0" /><INIT seed="1,1,0,2,5,126" ten="253,454,343,0" oya="1" hai0="97,50,71,123,79,114,56,96,65,92,128,94,59" hai1="61,124,68,132,93,131,37,55,103,91,82,117,119" hai2="49,101,58,106,32,44,60,86,38,135,41,113,105" hai3=""/><U47/><E124/><V67/><F32/><T48/><N who="0" m="31520" /><T80/><D71/><U89/><E132/><V51/><F113/><T134/><D114/><U33/><E33/><V72/><F72/><T99/><D134/><U108/><E103/><V109/><F135/><T53/><D128/><U84/><E131/><V0/><F0/><T111/><D111/><U45/><E108/><V52/><F109/><T36/><D36/><U3/><E3/><V69/><F101/><T39/><D39/><U63/><E68/><V57/><F86/><T116/><D116/><U95/><E37/><V43/><F106/><T120/><N who="0" m="30752" /><T40/><D40/><U64/><E55/><V112/><F105/><T118/><D118/><U88/><E64/><V35/><F35/><T100/><D100/><U87/><E91/><V62/><F112/><T110/><D110/><U2/><E2/><V34/><F34/><T1/><D1/><U77/><E77/><V121/><N who="2" m="31008" /><V107/><F107/><T78/><D79/><U125/><E125/><V130/><F130/><T102/><D102/><U76/><E76/><V133/><F133/><T129/><D129/><U81/><AGARI ba="1,0" hai="45,47,61,63,81,82,84,87,88,89,93,95,117,119" machi="81" ten="25,6400,0" yaku="0,1,22,2,54,1" doraHai="126" who="1" fromWho="1" sc="253,-33,454,66,343,-33,0,0" /><INIT seed="1,2,0,4,2,51" ten="220,520,310,0" oya="1" hai0="38,78,90,134,132,72,55,99,130,64,67,116,128" hai1="56,111,125,85,1,129,135,46,63,106,49,40,69" hai2="83,32,36,126,117,82,113,115,97,62,81,33,57" hai3=""/><U70/><E1/><V71/><F117/><T59/><D78/><U107/><E135/><N who="0" m="51753" /><D72/><U2/><E129/><N who="0" m="49769" /><D116/><U84/><E2/><V0/><F126/><T124/><D38/><U101/><E125/><V76/><F71/><T122/><N who="0" m="31264" /><T41/><D41/><U127/><E127/><V92/><F36/><T108/><D124/><U95/><E70/><V93/><F76/><T75/><D75/><U109/><E69/><V91/><F92/><T50/><D108/><N who="1" m="41547" /><E95/><AGARI ba="2,0" hai="50,55,59,64,67,90,95,99" m="31264,49769,51753" machi="95" ten="30,7700,0" yaku="20,1,19,1,52,2" doraHai="51" who="0" fromWho="1" sc="220,81,520,-81,310,0,0,0" /><INIT seed="2,0,0,2,1,101" ten="301,439,310,0" oya="2" hai0="95,75,132,130,98,38,131,66,87,74,35,88,57" hai1="85,78,97,41,121,67,0,55,91,134,84,65,33" hai2="122,126,100,73,117,114,34,89,68,79,60,94,113" hai3=""/><V52/><N who="2" m="31264" /><V37/><F37/><T124/><D35/><U80/><N who="1" m="31008" /><U76/><E0/><V104/><F117/><T44/><D38/><U46/><E134/><V42/><F42/><T105/><D44/><U59/><E97/><V39/><F39/><T40/><D40/><U63/><E33/><V62/><F34/><T112/><D57/><U93/><REACH who="1" step="1"/><E76/><REACH who="1" ten="301,429,310,0" step="2"/><V107/><F114/><T32/><D32/><U47/><E47/><V106/><F113/><T110/><D112/><U81/><E81/><V125/><F100/><T119/><D132/><U50/><AGARI ba="0,1" hai="41,46,50,55,59,63,65,67,78,80,84,85,91,93" m="31008" machi="50" ten="20,6000,1" yaku="1,1,0,1,7,1,8,1,52,1,53,0" doraHai="101" doraHaiUra="129" who="1" fromWho="1" sc="301,-20,429,70,310,-40,0,0" /><INIT seed="4,0,0,2,1,75" ten="281,499,270,0" oya="0" hai0="111,81,52,38,65,103,128,132,134,0,133,72,35" hai1="123,88,50,64,2,78,108,63,47,46,42,131,94" hai2="73,32,37,120,76,1,117,48,92,97,125,49,129" hai3=""/><T45/><D0/><U122/><N who="1" m="31264" /><U3/><N who="1" m="31520" /><U90/><E108/><V36/><N who="2" m="30752" /><V116/><F76/><T98/><D35/><U51/><E131/><V44/><F73/><T60/><D111/><U96/><E78/><V80/><F80/><T40/><D128/><U121/><N who="1" m="31008" /><U106/><E106/><V85/><F92/><T86/><D72/><U124/><E124/><V105/><F97/><T114/><D114/><U69/><E90/><V67/><F85/><T87/><D52/><AGARI ba="0,0" hai="2,3,42,46,47,50,51,52,63,64,69,88,94,96" m="31008,31520,31264" machi="52" ten="30,12000,2" yaku="7,1,52,3,54,2" doraHai="75" who="1" fromWho="0" sc="281,-120,499,120,270,0,0,0" /><INIT seed="5,0,0,4,5,0" ten="161,619,270,0" oya="1" hai0="75,108,95,124,71,39,42,79,113,118,74,102,84" hai1="119,66,105,32,49,93,125,37,52,60,121,81,91" hai2="54,76,90,33,44,59,128,85,77,67,127,101,58" hai3=""/><U87/><N who="1" m="31008" /><U120/><N who="1" m="30752" /><U116/><E37/><V70/><F127/><T73/><D71/><U103/><E105/><V123/><N who="2" m="31520" /><V110/><F110/><T46/><D113/><U92/><E32/><V109/><F70/><T117/><D108/><U65/><E65/><V88/><F33/><T36/><D124/><U133/><E133/><V38/><F101/><T130/><D36/><U68/><E125/><V64/><F44/><T97/><D130/><U50/><E50/><V122/><N who="2" m="31264" /><V41/><F41/><T131/><D131/><U56/><REACH who="1" step="1"/><E103/><REACH who="1" ten="161,609,270,0" step="2"/><V96/><F38/><T51/><D39/><U47/><E47/><V78/><F109/><T89/><REACH who="0" step="1"/><D79/><REACH who="0" ten="151,609,270,0" step="2"/><U132/><E132/><V69/><F78/><T61/><D61/><U57/><E57/><V112/><F69/><T3/><D3/><U48/><E48/><V1/><F1/><T63/><D63/><U35/><E35/><V43/><F59/><T72/><N who="0" m="18432" /><DORA hai="106" /><T115/><D115/><U82/><E82/><AGARI ba="0,2" hai="42,46,51,82,84,89,95,97,102,117,118" m="18432" machi="82" ten="70,12000,2" yaku="1,1,52,4,53,1" doraHai="0,106" doraHaiUra="100,80" who="0" fromWho="1" sc="151,140,609,-120,270,0,0,0" /><INIT seed="6,0,0,0,4,64" ten="291,489,270,0" oya="2" hai0="47,67,135,110,40,118,116,104,111,69,61,34,43" hai1="92,71,42,80,126,130,91,48,54,99,94,109,129" hai2="133,75,128,52,70,101,36,46,127,82,63,107,77" hai3=""/><V37/><F128/><N who="1" m="49257" /><E71/><V32/><F32/><T2/><D104/><U81/><E109/><N who="0" m="41481" /><D2/><U0/><E126/><V113/><F127/><T103/><D103/><U100/><E42/><N who="0" m="15913" /><D34/><U87/><E0/><V49/><F133/><T41/><D135/><U50/><E50/><AGARI ba="0,0" hai="41,47,50,61,67,69,116,118" m="15913,41481" machi="50" ten="30,3900,0" yaku="34,2,52,1" doraHai="64" who="0" fromWho="1" sc="291,39,489,-39,270,0,0,0" owari="330,-7.0,450,40.0,270,-33.0,0,0.0" /></mjloggm>