<mjloggm ver="2.3"><GO type="185" lobby="0"/><UN n0="%74%61%6B%61%2D%31%31%36" n1="%E3%82%8A%E3%82%80%E3%82%8B" n2="%E5%A4%9A%E6%9E%97%E6%99%8B" n3="" dan="16,16,16,0" rate="2143.95,2149.20,2177.87,1500.00" sx="M,M,M,C"/><TAIKYOKU oya="0"/><INIT seed="0,0,0,4,5,39" ten="350,350,350,0" oya="0" hai0="33,59,102,95,87,100,44,65,80,101,57,55,75" hai1="130,88,43,68,93,99,71,120,85,134,122,72,118" hai2="106,37,89,67,78,84,103,128,46,83,132,110,126" hai3=""/><T123/><N who="0" m="31520" /><T66/><D33/><U54/><N who="1" m="30752" /><U79/><N who="1" m="31264" /><U108/><E118/><V90/><F128/><T109/><D75/><U1/><E1/><V91/><F67/><T114/><D114/><U56/><E130/><V2/><F2/><T42/><D95/><U47/><E108/><V113/><F110/><T74/><D74/><U94/><E134/><V121/><N who="2" m="31008" /><V41/><F113/><T0/><D59/><U32/><E32/><V52/><F126/><T127/><D127/><U92/><E92/><V53/><REACH who="2" step="1"/><F132/><REACH who="2" ten="350,350,340,0" step="2"/><T133/><D109/><U63/><E72/><V77/><F77/><T117/><D117/><U86/><E79/><V70/><F70/><T73/><D73/><U131/><E131/><V58/><F58/><T81/><D133/><U60/><E68/><V104/><F104/><T50/><D0/><U49/><E71/><V40/><F40/><T129/><D129/><U98/><REACH who="1" step="1"/><E60/><REACH who="1" ten="350,340,340,0" step="2"/><V119/><F119/><T3/><D3/><U97/><E97/><AGARI ba="0,2" hai="37,41,46,52,53,78,83,84,89,90,91,97,103,106" m="31008" machi="97" ten="40,12000,2" yaku="1,1,52,2,54,1,53,2" doraHai="39" doraHaiUra="48" who="2" fromWho="1" sc="350,0,340,-120,340,140,0,0" /><INIT seed="1,0,0,3,3,77" ten="350,220,480,0" oya="1" hai0="78,59,34,96,39,112,118,88,114,43,32,1,2" hai1="69,49,76,98,55,131,47,42,132,36,90,135,122" hai2="80,125,37,40,57,84,81,63,126,100,111,83,107" hai3=""/><U119/><N who="1" m="31264" /><U44/><E119/><V109/><F107/><T3/><D118/><U61/><E76/><V115/><F100/><T97/><D78/><U104/><E131/><V102/><F102/><T51/><D39/><U108/><E108/><N who="2" m="41547" /><F115/><T41/><D59/><U48/><E104/><V124/><F40/><T86/><D51/><U53/><E90/><V110/><N who="2" m="41555" /><V130/><DORA hai="120" /><F37/><T99/><D43/><U103/><E98/><V85/><F130/><T56/><D41/><U58/><E103/><V74/><F74/><T113/><REACH who="0" step="1"/><D56/><REACH who="0" ten="340,220,480,0" step="2"/><U129/><E129/><V121/><N who="2" m="31008" /><V33/><F33/><T65/><D65/><AGARI ba="0,1" hai="36,42,44,47,48,49,53,55,58,61,65,69,132,135" m="31264" machi="65" ten="40,18000,2" yaku="24,2,34,3,52,1" doraHai="77,120" who="1" fromWho="0" sc="340,-180,220,190,480,0,0,0" /><AGARI ba="0,0" hai="57,63,65,80,81,83,84,85,124,125,126" m="31008,41555" machi="65" ten="50,16000,3" yaku="18,1,14,1,52,8" doraHai="77,120" who="2" fromWho="0" sc="160,-160,410,0,480,160,0,0" /><INIT seed="1,1,0,1,0,45" ten="0,410,640,0" oya="1" hai0="60,81,131,126,43,91,44,90,121,37,87,51,67" hai1="78,33,125,95,105,135,109,72,114,129,116,32,100" hai2="61,124,75,36,47,96,111,84,106,46,79,101,115" hai3=""/><U53/><RYUUKYOKU type="yao9" ba="1,0" sc="0,0,410,0,640,0,0,0" hai1="32,33,53,72,78,95,100,105,109,114,116,125,129,135" /><INIT seed="1,2,0,1,4,36" ten="0,410,640,0" oya="1" hai0="60,89,48,98,47,92,124,43,3,79,67,115,94" hai1="116,125,71,0,39,52,73,44,34,72,56,38,49" hai2="96,37,103,126,78,135,117,82,132,113,88,74,1" hai3=""/><U111/><E116/><V61/><F117/><T91/><D115/><U83/><E0/><V129/><F1/><T134/><D3/><U32/><E125/><V81/><F113/><T110/><D124/><U59/><E71/><V50/><F37/><T84/><D134/><N who="2" m="51242" /><F126/><T40/><D110/><U86/><E111/><V2/><F2/><T121/><N who="0" m="31008" /><T95/><D79/><U130/><E130/><V41/><F61/><T105/><D105/><U64/><E39/><V62/><F62/><T97/><D43/><U123/><N who="1" m="31520" /><U118/><E118/><V75/><F88/><T127/><D127/><U69/><E38/><V54/><F41/><T104/><D104/><U101/><E72/><N who="2" m="27691" /><F78/><T122/><N who="0" m="31264" /><T85/><D95/><U65/><E73/><V77/><F77/><T76/><D76/><U106/><E65/><V114/><F129/><T120/><N who="0" m="30752" /><T87/><D87/><U119/><E64/><V57/><F114/><T51/><D51/><U55/><E49/><V131/><F131/><T35/><D35/><U45/><E119/><V53/><F54/><T46/><D46/><U68/><E32/><V107/><AGARI ba="2,0" hai="50,53,57,81,82,96,103,107" m="27691,51242" machi="107" ten="30,800,0" yaku="20,1" doraHai="36" who="2" fromWho="2" sc="0,-5,410,-7,640,12,0,0" owari="-5,-61.0,403,0.0,652,61.0,0,0.0" /></mjloggm>