<mjloggm ver="2.3"><GO type="185" lobby="0"/><UN n0="%E3%82%8A%E3%82%80%E3%82%8B" n1="%6D%28%E3%81%AE%5F%E3%81%AE%29%6D%E2%99%AA" n2="%74%61%6B%61%2D%31%31%36" n3="" dan="16,16,16,0" rate="2149.23,2140.03,2137.92,1500.00" sx="M,M,M,C"/><TAIKYOKU oya="0"/><INIT seed="0,0,0,4,1,35" ten="350,350,350,0" oya="0" hai0="33,70,3,59,110,60,115,129,105,52,81,100,95" hai1="106,96,39,46,89,120,128,84,38,132,98,121,94" hai2="116,57,53,64,130,69,49,54,113,86,66,126,63" hai3=""/><T32/><D115/><U125/><N who="1" m="30752" /><U122/><N who="1" m="31008" /><U55/><N who="1" m="31264" /><U127/><E132/><V92/><F92/><T72/><D129/><U93/><E128/><V73/><F86/><T1/><D110/><U36/><E106/><V107/><F73/><T134/><D134/><U56/><E46/><V131/><F107/><T77/><D105/><U82/><E94/><V40/><F113/><T61/><D70/><U117/><E117/><V118/><F40/><T124/><D124/><N who="1" m="47691" /><E93/><V76/><F126/><T103/><D103/><U88/><E89/><V67/><F76/><T80/><D80/><U50/><AGARI ba="0,0" hai="36,38,39,50,55,56,82,84,88,96,98" m="47691,31264,31008,30752" machi="50" ten="40,6000,1" yaku="18,1,52,3,54,1" doraHai="35" who="1" fromWho="1" sc="350,-40,350,60,350,-20,0,0" /><INIT seed="1,0,0,2,2,80" ten="310,410,330,0" oya="1" hai0="84,50,57,74,115,79,39,104,111,32,83,81,123" hai1="59,94,89,70,134,122,38,127,53,93,113,46,82" hai2="91,3,76,102,43,41,51,77,58,107,45,42,66" hai3=""/><U128/><N who="1" m="31264" /><U47/><E113/><V106/><F3/><T86/><N who="0" m="31520" /><T65/><D115/><U54/><E70/><V0/><F0/><T90/><D32/><U103/><E134/><V124/><F124/><T130/><D39/><U37/><E127/><V109/><F109/><T60/><D111/><U33/><E33/><V114/><F77/><T110/><D110/><U131/><E82/><V105/><F102/><T100/><D130/><N who="1" m="49707" /><E103/><V52/><F76/><T75/><REACH who="0" step="1"/><D50/><REACH who="0" ten="300,410,330,0" step="2"/><U34/><E34/><V36/><F114/><T78/><D78/><U1/><E1/><V121/><N who="2" m="31008" /><V44/><REACH who="2" step="1"/><F91/><REACH who="2" ten="300,410,320,0" step="2"/><T87/><D87/><U119/><E89/><V2/><F2/><T120/><N who="0" m="30752" /><T88/><D88/><U97/><E97/><AGARI ba="0,2" hai="57,60,65,74,75,79,81,83,84,86,90,97,100,104" m="30752,31520" machi="97" ten="40,8000,1" yaku="1,1,52,4,53,0" doraHai="80" doraHaiUra="49" who="0" fromWho="1" sc="300,100,410,-80,320,0,0,0" /><INIT seed="2,0,0,3,3,121" ten="400,330,320,0" oya="2" hai0="113,120,78,42,133,80,112,59,75,81,122,101,44" hai1="74,105,72,125,134,130,35,132,108,65,76,1,91" hai2="57,56,43,48,67,99,52,36,117,82,100,106,58" hai3=""/><V46/><F117/><T40/><N who="0" m="30752" /><T73/><N who="0" m="31264" /><T77/><D133/><N who="1" m="51307" /><E1/><V92/><F82/><T47/><D59/><U79/><E35/><V51/><F51/><T55/><D55/><U0/><E65/><V60/><REACH who="2" step="1"/><F106/><REACH who="2" ten="400,330,310,0" step="2"/><T38/><D101/><U61/><E105/><V126/><F126/><T111/><D111/><U53/><E125/><V63/><F63/><T66/><D66/><U87/><E108/><V50/><F50/><AGARI ba="0,1" hai="38,40,42,44,47,50,73,75,77,78,80,81,112,113" m="31264,30752" machi="50" ten="40,5200,0" yaku="9,1,52,2" doraHai="121" who="0" fromWho="2" sc="400,62,330,0,310,-52,0,0" /><INIT seed="4,0,0,5,2,123" ten="462,330,258,0" oya="0" hai0="51,32,47,86,122,41,68,43,125,105,102,36,65" hai1="119,126,59,58,111,81,107,92,38,53,117,74,127" hai2="42,95,62,93,89,70,82,39,134,45,66,104,76" hai3=""/><T75/><N who="0" m="31264" /><T64/><D32/><U48/><E107/><V109/><F134/><T52/><D75/><U116/><E92/><V115/><F115/><T50/><D125/><N who="1" m="47627" /><E81/><V57/><F109/><T129/><D129/><U131/><E74/><V63/><F104/><T133/><D133/><U124/><E131/><V90/><F95/><T120/><N who="0" m="30752" /><T97/><D43/><U84/><E84/><V34/><F93/><T69/><D86/><U88/><E88/><V83/><F83/><T87/><D87/><U77/><E77/><V33/><F89/><T112/><D112/><U103/><E103/><V106/><F106/><T121/><N who="0" m="31008" /><T1/><D1/><U67/><E38/><V56/><F90/><T0/><D0/><U49/><E124/><V78/><F78/><T130/><D130/><U35/><E35/><V46/><F76/><T98/><D98/><U73/><E73/><V118/><F82/><T44/><D36/><U113/><E113/><V79/><F79/><T80/><D80/><U101/><E101/><V108/><F39/><T94/><D105/><U128/><E128/><V60/><F34/><T135/><D135/><U2/><E2/><V110/><F33/><T99/><D99/><U54/><E111/><RYUUKYOKU ba="0,0" sc="462,10,330,10,258,-20,0,0" hai0="41,44,47,50,51,52,64,65,68,69,94,97,102" hai1="48,49,53,54,58,59,67,116,117,119" /><INIT seed="4,1,0,1,1,102" ten="472,340,238,0" oya="0" hai0="69,99,113,75,90,65,78,71,44,50,76,80,47" hai1="97,94,120,123,34,49,54,101,85,72,129,61,91" hai2="126,43,58,122,124,118,127,62,37,82,68,70,105" hai3=""/><T81/><D113/><U51/><N who="1" m="30752" /><U39/><N who="1" m="31520" /><U131/><E39/><V83/><N who="2" m="31264" /><V33/><F33/><T96/><D65/><U104/><E34/><V110/><F110/><T60/><D60/><U121/><N who="1" m="31008" /><U100/><E101/><V35/><F35/><T106/><D90/><U38/><E38/><V115/><F115/><T98/><D44/><U46/><E61/><V114/><F114/><T56/><D56/><U107/><E72/><V42/><F68/><T133/><D133/><U52/><REACH who="1" step="1"/><E107/><REACH who="1" ten="472,330,238,0" step="2"/><V40/><F105/><T3/><D106/><U128/><E128/><V130/><F130/><T0/><D0/><U73/><E73/><V36/><F118/><T63/><D63/><U119/><E119/><V88/><F37/><T112/><D3/><U93/><E93/><V77/><F36/><T59/><D112/><U1/><E1/><V57/><F124/><T66/><D75/><U108/><E108/><V41/><F126/><T134/><D80/><U84/><E84/><V86/><F127/><T116/><D81/><U89/><E89/><V32/><F32/><T2/><D116/><U74/><E74/><V95/><N who="2" m="10240" /><DORA hai="117" /><V125/><F125/><T132/><D2/><U55/><E55/><RYUUKYOKU type="nm" ba="1,1" sc="472,-40,330,-20,238,60,0,0" hai1="46,49,51,52,54,85,91,94,97,100,104,129,131" /><INIT seed="5,2,1,3,1,95" ten="432,310,298,0" oya="1" hai0="123,116,129,120,101,103,69,63,85,47,107,79,33" hai1="71,99,50,72,81,1,130,42,46,60,35,49,132" hai2="117,91,62,86,55,92,2,48,78,58,119,65,53" hai3=""/><U66/><E1/><V115/><F2/><T76/><N who="0" m="30752" /><T40/><N who="0" m="31520" /><T3/><D3/><U134/><E35/><V70/><F115/><T128/><D33/><U105/><E130/><N who="0" m="50281" /><D116/><U126/><E126/><V80/><REACH who="2" step="1"/><F55/><REACH who="2" ten="432,310,288,0" step="2"/><T74/><D74/><AGARI ba="2,2" hai="48,53,58,62,65,70,74,78,80,86,91,92,117,119" machi="74" ten="30,3900,0" yaku="1,1,2,1,7,1,53,0" doraHai="95" doraHaiUra="109" who="2" fromWho="0" sc="432,-43,310,0,288,63,0,0" /><INIT seed="6,0,0,0,1,117" ten="389,310,351,0" oya="2" hai0="115,41,65,55,74,60,32,108,51,80,127,2,131" hai1="34,91,76,101,93,90,59,1,37,87,71,46,64" hai2="114,116,124,109,95,63,52,123,81,118,125,0,99" hai3=""/><V47/><N who="2" m="31520" /><V75/><F0/><T120/><N who="0" m="30752" /><T84/><D108/><U70/><E1/><V36/><F109/><T67/><D2/><U66/><E34/><V113/><F75/><T68/><D32/><U110/><E110/><V104/><F104/><T129/><D127/><N who="2" m="48714" /><F81/><T85/><D115/><N who="2" m="44042" /><F36/><T33/><D33/><U40/><E76/><V3/><F3/><T43/><D74/><U97/><E91/><V53/><F63/><T54/><D80/><U111/><E111/><V56/><F47/><T88/><D60/><U119/><E119/><N who="2" m="45611" /><F56/><T39/><D39/><U133/><E133/><V79/><F79/><T49/><D68/><U128/><E128/><V58/><F58/><T42/><D42/><U135/><E135/><V89/><AGARI ba="0,0" hai="52,53,89,95,99" m="45611,44042,48714,31520" machi="89" ten="40,8000,1" yaku="18,1,15,1,52,2,54,1" doraHai="117" who="2" fromWho="2" sc="389,-40,310,-40,351,80,0,0" owari="349,-5.0,270,-33.0,431,38.0,0,0.0" /></mjloggm>