<mjloggm ver="2.3"><GO type="185" lobby="0"/><UN n0="%E9%96%A2%E8%A5%BF%E9%9B%80%E5%A3%AB%E4%BC%9A" n1="%E3%81%97%E3%82%87%E3%81%86%E3%81%90%E3%82%93%EF%BC%94" n2="%E3%82%8D%E3%81%AF%E3%82%93%37%33" n3="" dan="16,17,16,0" rate="2109.77,2213.68,2038.28,1500.00" sx="M,M,M,C"/><TAIKYOKU oya="0"/><INIT seed="0,0,0,5,3,96" ten="350,350,350,0" oya="0" hai0="125,129,105,93,109,48,106,86,37,124,66,119,99" hai1="47,90,84,131,76,120,110,98,54,103,118,88,53" hai2="70,92,89,134,126,79,60,32,42,81,50,111,38" hai3=""/><T63/><D119/><U1/><N who="1" m="30752" /><U45/><E1/><V107/><F32/><T113/><D113/><U117/><E76/><V74/><F38/><T51/><D37/><U135/><E131/><V59/><F70/><T73/><D73/><U61/><E61/><V112/><F112/><T97/><D86/><U83/><E135/><V68/><F68/><T121/><N who="0" m="31008" /><T122/><N who="0" m="31264" /><T108/><D129/><U46/><E90/><V41/><F107/><T69/><D106/><U58/><E110/><N who="0" m="42601" /><D99/><U132/><E132/><V100/><F134/><T77/><D77/><U75/><E75/><V52/><F111/><T72/><D72/><U71/><E118/><V85/><F126/><N who="0" m="48746" /><D105/><U65/><E117/><V87/><F74/><T43/><D43/><U34/><E84/><V80/><F41/><T130/><D130/><U40/><E98/><V55/><F42/><T35/><D35/><U3/><E34/><V82/><F79/><T133/><D133/><U67/><E40/><V116/><F116/><T56/><D69/><U102/><E71/><V123/><N who="2" m="31520" /><V64/><F85/><T0/><D0/><U36/><E3/><V114/><F114/><T91/><AGARI ba="0,0" hai="48,51,56,63,66,91,93,97" m="48746,42601,31264,31008" machi="91" ten="30,8000,1" yaku="14,1,10,1,18,1,52,2" doraHai="96" who="0" fromWho="0" sc="350,80,350,-40,350,-40,0,0" /><INIT seed="0,1,0,3,1,53" ten="430,310,310,0" oya="0" hai0="115,91,132,107,133,63,93,3,78,100,2,37,46" hai1="48,68,120,77,51,117,76,119,126,97,33,108,67" hai2="90,74,59,88,131,43,62,118,36,102,134,92,87" hai3=""/><T130/><D115/><U82/><N who="1" m="30752" /><U105/><E33/><V101/><F74/><T0/><D78/><U112/><E112/><V85/><F118/><T57/><D130/><U83/><E68/><V70/><F70/><T106/><D46/><U45/><E67/><V42/><F131/><T61/><D37/><U98/><E105/><V73/><F73/><T114/><D63/><U94/><E94/><V34/><F34/><T40/><D40/><N who="2" m="15402" /><F36/><T113/><D113/><U110/><REACH who="1" step="1"/><E126/><REACH who="1" ten="430,300,310,0" step="2"/><V86/><F134/><N who="0" m="51818" /><D114/><U66/><E66/><V44/><F44/><AGARI ba="1,1" hai="44,45,48,51,76,77,82,83,97,98,108,110,117,119" m="30752" machi="44" ten="25,6400,0" yaku="1,1,22,2,52,1,53,0" doraHai="53" doraHaiUra="96" who="1" fromWho="2" sc="430,0,300,76,310,-66,0,0" /><INIT seed="1,0,0,4,1,84" ten="430,376,244,0" oya="1" hai0="107,129,61,34,128,74,72,40,83,132,99,134,97" hai1="67,45,103,92,87,64,44,130,110,68,60,1,63" hai2="50,113,36,120,2,81,89,3,95,0,135,76,47" hai3=""/><U124/><E130/><N who="0" m="50281" /><D34/><U73/><E1/><V125/><N who="2" m="30752" /><V122/><N who="2" m="31264" /><V78/><F36/><T33/><D40/><U111/><E73/><N who="0" m="28265" /><D33/><U91/><E103/><V62/><F113/><T86/><D61/><U117/><E124/><V41/><F125/><T109/><D109/><N who="1" m="41483" /><E117/><V69/><F135/><N who="0" m="51754" /><D107/><U100/><E100/><V52/><F81/><T59/><D59/><AGARI ba="0,0" hai="44,45,59,60,63,64,67,68,87,91,92" m="41483" machi="59" ten="30,5800,0" yaku="14,1,10,1,52,1" doraHai="84" who="1" fromWho="0" sc="430,-58,376,58,244,0,0,0" /><INIT seed="1,1,0,2,1,38" ten="372,434,244,0" oya="1" hai0="92,134,128,118,63,61,117,135,85,94,131,0,73" hai1="36,124,110,56,53,3,40,93,62,70,43,120,39" hai2="125,84,102,48,51,46,58,82,45,129,74,60,89" hai3=""/><U64/><N who="1" m="30752" /><U101/><E3/><V130/><F74/><T34/><D73/><U106/><E106/><V50/><F102/><T71/><D71/><U83/><E124/><V132/><F125/><T109/><D109/><U122/><N who="1" m="31264" /><U37/><E110/><V95/><F132/><N who="0" m="50730" /><D34/><U32/><E32/><V123/><N who="2" m="31520" /><V81/><F81/><T69/><D85/><U88/><E101/><V54/><F82/><T111/><D69/><U108/><E83/><V127/><F127/><T105/><D105/><U116/><E116/><N who="0" m="44649" /><D0/><U59/><E108/><V97/><F84/><T126/><D126/><U107/><E107/><V91/><F89/><T47/><D47/><U98/><REACH who="1" step="1"/><E70/><REACH who="1" ten="372,424,244,0" step="2"/><V72/><F72/><T100/><D100/><U35/><E35/><V65/><F129/><N who="0" m="49738" /><D111/><U114/><E114/><V115/><F130/><T42/><D94/><U44/><E44/><V87/><F115/><T96/><D92/><U121/><N who="1" m="31008" /><U49/><AGARI ba="1,1" hai="36,37,39,40,43,49,53,56,59,62,64,88,93,98" m="31008,31264,30752" machi="49" ten="30,16000,3" yaku="1,1,4,1,0,1,52,5,54,1,53,0" doraHai="38" doraHaiUra="77" who="1" fromWho="1" sc="372,-81,424,172,244,-81,0,0" /><INIT seed="1,2,0,3,0,85" ten="291,596,163,0" oya="1" hai0="131,100,93,95,69,49,66,107,76,38,103,74,81" hai1="117,62,50,88,110,89,135,92,61,1,134,70,64" hai2="65,72,126,43,33,56,123,59,44,3,91,71,73" hai3=""/><U55/><E117/><V102/><N who="2" m="31520" /><V57/><F3/><T118/><D38/><U129/><E1/><V63/><F33/><T130/><D69/><U87/><E129/><N who="0" m="49161" /><D66/><U41/><E110/><V109/><F109/><T39/><D39/><U111/><E111/><V113/><F113/><T86/><D49/><U40/><E62/><V84/><F102/><N who="0" m="38954" /><D118/><U47/><REACH who="1" step="1"/><E89/><REACH who="1" ten="291,586,163,0" step="2"/><V60/><F60/><T51/><D51/><U37/><E37/><V128/><F128/><T116/><D116/><U83/><E83/><V53/><F63/><T105/><D74/><U34/><E34/><V122/><N who="2" m="31264" /><V45/><F73/><T115/><D115/><U80/><E80/><V104/><F72/><T120/><N who="0" m="30752" /><T35/><D35/><U46/><E46/><V108/><F44/><T36/><D36/><U42/><AGARI ba="2,1" hai="40,41,42,47,50,55,61,64,70,87,88,92,134,135" machi="42" ten="30,7800,0" yaku="1,1,0,1,52,1,54,1,53,0" doraHai="85" doraHaiUra="97" who="1" fromWho="1" sc="291,-41,586,92,163,-41,0,0" /><INIT seed="1,3,0,1,4,35" ten="250,678,122,0" oya="1" hai0="103,1,101,126,93,128,135,107,89,108,102,91,113" hai1="120,88,50,100,44,118,33,82,64,68,122,99,77" hai2="130,71,90,51,47,97,92,70,80,0,96,65,106" hai3=""/><U75/><N who="1" m="30752" /><U123/><N who="1" m="31264" /><U119/><N who="1" m="31520" /><U66/><E33/><V121/><N who="2" m="31008" /><V105/><F130/><T57/><D113/><U34/><E34/><V61/><F70/><T37/><D37/><U46/><E46/><V2/><F80/><T116/><D108/><U85/><E66/><V38/><F38/><T72/><D72/><U52/><E64/><V62/><F62/><T74/><D74/><U3/><E3/><V60/><F60/><T115/><D115/><U55/><E55/><V133/><F133/><T48/><D107/><U95/><E68/><V132/><F132/><T117/><D1/><U111/><E111/><V67/><F67/><T69/><D69/><U84/><E75/><V56/><F71/><T127/><D128/><U36/><E36/><V114/><F114/><T32/><D32/><U86/><E86/><V42/><F105/><AGARI ba="3,0" hai="44,50,52,77,82,84,85,88,95,99,100,105,118,119" m="31520,31264,30752" machi="105" ten="30,18000,2" yaku="7,1,52,3,54,2" doraHai="35" who="1" fromWho="2" sc="250,0,678,186,122,-186,0,0" owari="250,-15.0,864,81.0,-64,-66.0,0,0.0" /></mjloggm>