<mjloggm ver="2.3"><GO type="169" lobby="0"/><UN n0="%E5%A5%88%E8%90%BD%E3%81%AE%E7%8E%8B" n1="%64%61%6E%6E%63%68%69" n2="%62%6F%6F%6B%65%72%4B" n3="%E3%83%97%E3%83%AC%E3%82%B9%E3%83%97" dan="17,17,16,17" rate="2190.97,2157.46,2106.59,2161.48" sx="M,M,M,M"/><TAIKYOKU oya="0"/><INIT seed="0,0,0,0,5,95" ten="250,250,250,250" oya="0" hai0="58,119,68,121,8,12,101,125,81,47,122,66,38" hai1="78,126,10,40,55,33,92,74,15,31,32,75,9" hai2="97,61,130,36,123,133,118,20,73,21,102,88,105" hai3="84,96,4,35,50,109,27,64,132,11,18,67,57"/><T25/><D68/><U70/><E40/><V26/><F123/><W112/><G112/><T19/><D119/><U76/><E70/><V94/><F118/><W111/><G132/><T45/><D125/><U98/><E126/><V115/><F130/><W120/><G120/><T62/><D81/><U41/><E41/><V86/><F133/><W135/><G135/><T16/><D38/><U85/><E85/><V34/><F36/><W29/><G18/><T7/><D122/><U54/><E31/><V113/><F115/><W127/><G127/><T48/><D121/><U104/><E92/><V93/><F93/><W110/><G84/><T43/><D47/><U52/><E15/><V30/><F113/><W60/><G50/><T80/><D80/><U87/><E87/><V46/><F46/><W90/><G90/><T91/><D91/><U129/><E129/><V14/><F14/><W51/><G51/><T114/><D114/><U72/><E104/><V99/><F86/><W117/><G117/><T44/><D44/><U103/><E103/><V28/><F28/><W22/><G35/><N who="1" m="13386" /><E98/><V2/><F2/><N who="3" m="407" /><G67/><T134/><D134/><U89/><E89/><V56/><F73/><W108/><N who="3" m="27648" /><DORA hai="106" /><W59/><G96/><T23/><REACH who="0" step="1"/><D101/><REACH who="0" ten="240,250,250,250" step="2"/><U53/><N who="1" m="13312" /><DORA hai="0" /><U107/><E107/><V3/><F102/><W65/><G65/><T69/><D69/><AGARI ba="0,1" hai="22,27,29,57,59,60,64,69" m="27648,407" machi="69" ten="60,3900,0" yaku="14,1,52,1" doraHai="95,106,0" who="3" fromWho="0" sc="240,-39,250,0,250,0,250,49" /><INIT seed="1,0,0,2,4,49" ten="201,250,250,299" oya="1" hai0="20,112,116,62,73,53,2,21,108,81,17,24,13" hai1="102,88,14,127,86,123,3,106,50,34,56,48,59" hai2="107,78,6,95,91,98,23,114,135,100,105,0,64" hai3="25,115,99,130,7,111,10,128,12,66,41,65,74"/><U22/><E123/><V76/><F64/><W133/><G115/><T36/><D112/><U110/><E34/><V11/><F114/><W69/><G111/><T44/><D108/><U96/><E3/><V75/><F135/><W46/><G133/><T119/><D2/><U117/><E117/><V94/><F23/><W27/><G74/><T124/><D124/><U79/><E79/><V35/><F35/><W31/><G99/><T8/><D36/><U52/><E110/><V60/><F78/><W19/><G19/><T38/><D38/><U32/><E32/><V109/><F109/><W71/><G65/><T103/><D103/><U120/><E120/><V54/><F76/><W63/><G69/><T4/><D81/><U39/><E39/><V77/><F77/><W131/><REACH who="3" step="1"/><G31/><REACH who="3" ten="201,250,250,289" step="2"/><T33/><D73/><U90/><E127/><V43/><F75/><W101/><G101/><T104/><D119/><U15/><E86/><V85/><F105/><W129/><N who="3" m="32768" /><DORA hai="83" /><W47/><G47/><T97/><D97/><U9/><E106/><V113/><F107/><W61/><G61/><T89/><D62/><U5/><E96/><V29/><F29/><W30/><G30/><N who="0" m="19655" /><D104/><U45/><E102/><V68/><F68/><W16/><G16/><T126/><D17/><N who="1" m="10559" /><E56/><N who="2" m="34839" /><F113/><W58/><G58/><T57/><D57/><U55/><AGARI ba="0,1" hai="5,9,14,45,48,50,52,55,59,88,90" m="10559" machi="55" ten="30,12000,1" yaku="8,1,52,2,54,2" doraHai="49,83" who="1" fromWho="1" sc="201,-40,250,130,250,-40,289,-40" /><INIT seed="1,1,0,2,2,113" ten="161,380,210,249" oya="1" hai0="64,76,59,65,3,126,13,134,35,5,135,102,54" hai1="24,120,68,106,16,40,37,34,49,92,127,115,17" hai2="55,53,116,124,52,111,133,38,63,27,26,69,98" hai3="132,70,73,108,114,81,72,89,0,131,42,30,80"/><U36/><E106/><V32/><F111/><W123/><G42/><T79/><D35/><U14/><E68/><V74/><F38/><W58/><G58/><T11/><D102/><U125/><E115/><V2/><F2/><W21/><G21/><T62/><D3/><U88/><E120/><V47/><F74/><W104/><G30/><T8/><D8/><U6/><E49/><V90/><F124/><N who="1" m="47689" /><E40/><V23/><F32/><W51/><G51/><T119/><D126/><U46/><E46/><V122/><F27/><W45/><G45/><T121/><D121/><U39/><E34/><V10/><F47/><W94/><G70/><T77/><REACH who="0" step="1"/><D119/><REACH who="0" ten="151,380,210,249" step="2"/><U66/><E36/><V129/><F122/><W86/><G0/><T7/><D7/><U107/><E6/><V50/><F116/><W60/><G123/><T84/><D84/><N who="1" m="52231" /><E107/><V29/><F50/><W41/><G104/><T18/><D18/><U99/><E99/><V112/><F98/><W83/><G114/><T19/><D19/><U95/><E17/><V67/><F112/><W56/><G73/><T82/><D82/><U33/><E33/><V85/><F85/><W87/><G83/><T61/><D61/><U75/><E75/><V44/><F63/><W118/><G81/><T25/><D25/><U117/><E24/><V93/><F26/><W96/><G80/><T1/><D1/><U103/><E117/><V78/><F29/><W71/><G72/><T28/><D28/><U31/><E31/><V57/><F93/><W109/><G94/><T128/><D128/><U100/><E95/><V110/><F129/><RYUUKYOKU ba="1,1" sc="151,30,380,-10,210,-10,249,-10" hai0="5,11,13,54,59,62,64,65,76,77,79,134,135" /><INIT seed="2,2,1,2,0,53" ten="181,370,200,239" oya="2" hai0="87,1,118,46,58,39,133,13,2,105,56,106,98" hai1="130,75,63,22,5,128,93,4,38,86,85,96,94" hai2="17,91,108,9,103,36,71,51,121,35,97,16,122" hai3="65,48,89,49,45,125,104,66,116,132,34,19,42"/><V57/><F71/><W37/><G104/><T7/><D106/><U40/><E75/><V15/><F36/><W67/><G34/><T62/><D133/><U100/><E38/><V102/><F35/><W74/><G74/><T76/><D118/><U23/><E40/><V79/><F79/><W59/><G116/><T78/><D13/><U43/><E43/><V60/><F108/><W32/><G32/><T28/><D28/><U80/><E63/><V115/><F115/><W127/><G19/><N who="2" m="7241" /><F51/><N who="3" m="19531" /><G89/><T26/><D26/><U20/><E94/><N who="2" m="56543" /><F122/><W41/><G132/><T21/><D21/><U68/><E68/><V90/><F90/><W83/><G83/><T112/><D112/><U113/><E113/><V109/><F109/><W135/><G135/><T95/><D105/><U24/><E24/><V134/><F121/><W81/><G81/><T120/><D120/><U70/><E70/><V44/><F44/><N who="3" m="23599" /><G125/><T8/><D1/><U92/><E92/><V12/><F134/><W6/><G127/><T11/><D2/><U110/><E110/><V69/><F69/><W131/><G6/><N who="1" m="2666" /><E80/><V54/><F9/><W18/><G18/><T55/><D7/><U50/><E50/><V123/><F123/><W25/><G25/><T29/><D95/><U129/><AGARI ba="2,1" hai="20,22,23,85,86,93,96,100,128,129,130" m="2666" machi="129" ten="40,1500,0" yaku="19,1" doraHai="53" who="1" fromWho="1" sc="181,-6,370,31,200,-9,239,-6" /><INIT seed="3,0,0,4,3,8" ten="175,401,191,233" oya="3" hai0="61,122,100,6,93,16,28,85,127,19,2,124,98" hai1="58,131,66,12,20,25,21,4,113,114,43,117,41" hai2="123,54,91,59,9,5,110,57,38,129,31,95,88" hai3="29,94,111,121,84,82,22,49,79,130,65,97,37"/><W132/><G121/><T52/><D122/><U36/><E131/><V32/><F110/><W71/><G37/><T102/><D28/><U63/><E117/><V39/><F129/><W81/><G130/><T106/><D6/><U68/><E41/><V40/><F40/><W42/><G132/><T83/><D2/><U104/><E104/><V55/><F123/><W125/><G125/><N who="0" m="48203" /><D102/><U10/><E36/><V34/><F31/><W46/><G111/><T133/><D106/><U126/><E43/><V101/><F9/><W78/><G65/><T7/><D7/><U62/><E126/><V17/><F5/><W134/><G71/><T76/><D133/><U47/><E47/><V73/><F101/><W3/><G3/><T86/><D86/><U107/><E107/><V77/><F73/><W103/><G134/><T33/><D33/><U60/><E21/><V18/><F95/><W72/><G22/><T80/><D80/><U0/><E0/><V1/><F1/><W128/><G128/><T75/><D75/><U115/><REACH who="1" step="1"/><E68/><REACH who="1" ten="175,391,191,233" step="2"/><V70/><F77/><W120/><G120/><T30/><D30/><AGARI ba="0,1" hai="4,10,12,20,25,30,58,60,62,63,66,113,114,115" machi="30" ten="40,5200,0" yaku="1,1,2,1,52,1,53,0" doraHai="8" doraHaiUra="13" who="1" fromWho="0" sc="175,-52,391,62,191,0,233,0" /><INIT seed="4,0,0,4,0,102" ten="123,453,191,233" oya="0" hai0="127,10,3,34,0,133,17,22,85,135,106,76,12" hai1="33,84,78,28,26,68,132,27,121,117,13,23,19" hai2="93,58,82,104,80,45,11,77,54,113,70,36,89" hai3="44,116,31,109,25,50,61,90,8,115,29,124,69"/><T60/><D60/><U87/><E68/><V110/><F70/><W99/><G116/><T21/><D76/><U6/><E117/><V130/><F130/><W41/><G109/><T43/><D43/><U4/><E78/><V62/><F113/><W18/><G124/><T2/><D85/><U111/><E111/><V95/><F82/><W40/><G115/><T5/><D106/><U103/><E103/><V56/><F58/><W38/><G41/><T97/><D97/><U32/><E121/><V65/><F11/><W122/><G122/><T129/><D129/><U88/><E87/><V66/><F95/><W73/><G73/><T7/><D127/><U81/><E132/><N who="0" m="50761" /><D34/><U86/><E86/><V83/><F104/><W105/><G38/><T118/><D118/><U108/><E108/><V52/><F110/><W72/><G72/><T75/><D75/><U47/><E47/><V64/><F77/><W119/><G119/><T125/><D125/><U14/><E81/><V71/><F36/><W126/><G126/><T39/><D39/><U128/><E84/><N who="2" m="52391" /><F71/><W98/><G98/><T92/><D92/><U48/><E88/><V57/><F45/><W114/><G90/><T53/><D53/><U79/><E79/><V74/><F74/><W35/><G99/><T107/><D107/><U100/><E100/><V24/><F83/><W1/><G105/><T37/><D37/><U131/><E48/><N who="2" m="30727" /><F80/><W15/><G69/><T91/><D91/><U63/><E63/><V134/><F134/><W51/><G61/><T96/><D96/><U101/><E101/><V59/><F59/><RYUUKYOKU ba="0,0" sc="123,15,453,-15,191,15,233,-15" hai0="0,2,3,5,7,10,12,17,21,22" hai2="24,54,57,62,64,65,66" /><INIT seed="4,1,0,4,2,54" ten="138,438,206,218" oya="0" hai0="65,107,51,13,86,66,48,17,79,5,91,12,26" hai1="4,114,125,30,46,16,130,39,34,45,61,23,62" hai2="36,1,75,6,92,11,81,126,49,50,83,131,25" hai3="14,106,8,122,24,111,118,41,116,115,129,19,20"/><T100/><D79/><U55/><E4/><V7/><F131/><W0/><G106/><T109/><D109/><U40/><E130/><V97/><F25/><W58/><G111/><T82/><D100/><U68/><E125/><V88/><F7/><W110/><G110/><T113/><D107/><U96/><E114/><V28/><F28/><W72/><G72/><T44/><D113/><U10/><E10/><V84/><F126/><W102/><G102/><T135/><D135/><U85/><E96/><V89/><REACH who="2" step="1"/><F36/><REACH who="2" ten="138,438,196,218" step="2"/><W98/><G115/><T47/><D26/><U99/><E30/><V112/><F112/><W71/><G129/><T93/><D5/><U124/><E124/><V22/><F22/><W73/><G24/><T77/><D13/><U76/><E23/><V78/><AGARI ba="1,1" hai="1,6,11,49,50,75,78,81,83,84,88,89,92,97" machi="78" ten="30,4000,0" yaku="1,1,0,1,54,1,53,0" doraHai="54" doraHaiUra="120" who="2" fromWho="2" sc="138,-21,438,-11,196,53,218,-11" /><INIT seed="5,0,0,1,0,35" ten="117,427,249,207" oya="1" hai0="76,88,59,134,83,98,132,93,36,43,29,12,121" hai1="127,109,47,5,105,120,102,68,75,34,91,103,16" hai2="30,107,55,81,11,8,86,51,133,1,33,28,4" hai3="124,108,66,15,129,74,95,44,101,113,17,48,24"/><U13/><E68/><V31/><F107/><W106/><G108/><T128/><D29/><U71/><E71/><V52/><F133/><W111/><G111/><T96/><D36/><U77/><E120/><V87/><F11/><W38/><G106/><T131/><D43/><U9/><E109/><V123/><F123/><W82/><G38/><T89/><D59/><U50/><E34/><V116/><F116/><W39/><G39/><T2/><D12/><U18/><E75/><V61/><F81/><W112/><G129/><N who="0" m="49739" /><D2/><U19/><E77/><V122/><F122/><W67/><G124/><T45/><D45/><U22/><E127/><V0/><F61/><W37/><G24/><T57/><D57/><U118/><E118/><V94/><F55/><W72/><G37/><T46/><D46/><U79/><E79/><V3/><F94/><W65/><G82/><T20/><D20/><U117/><E117/><V54/><F54/><W114/><G44/><T119/><D119/><U85/><E105/><V115/><F115/><W130/><G48/><T135/><D121/><U14/><E14/><V7/><F8/><N who="3" m="6375" /><G130/><T62/><D62/><U63/><E22/><V104/><F104/><W125/><G125/><T78/><D83/><N who="1" m="49599" /><E63/><V41/><F41/><AGARI ba="0,0" hai="5,9,13,16,18,19,41,47,50,102,103" m="49599" machi="41" ten="30,2900,0" yaku="8,1,54,1" doraHai="35" who="1" fromWho="2" sc="117,0,427,29,249,-29,207,0" /><INIT seed="5,1,0,4,0,1" ten="117,456,220,207" oya="1" hai0="118,57,135,25,52,41,66,58,30,80,55,0,22" hai1="20,93,3,120,7,111,134,123,96,45,81,12,60" hai2="53,124,32,61,8,2,42,125,82,91,13,109,116" hai3="102,37,14,64,132,29,46,126,105,129,69,72,40"/><U51/><E134/><V9/><F32/><W113/><G113/><T6/><D118/><U63/><E3/><V39/><F109/><W62/><G129/><T68/><D68/><U119/><E119/><V5/><F39/><W115/><G115/><T31/><D135/><U24/><E111/><V50/><F42/><W76/><G14/><T133/><D133/><U79/><E81/><V48/><F116/><W44/><G126/><N who="2" m="48745" /><F61/><W121/><G121/><T106/><D106/><U15/><E79/><V90/><F82/><N who="3" m="45319" /><G46/><T54/><D31/><U70/><E70/><V112/><F50/><W83/><G83/><T99/><D99/><U128/><E128/><V38/><F38/><W23/><G23/><T94/><D94/><U86/><E86/><V107/><F107/><W19/><G19/><T89/><D41/><N who="1" m="25007" /><E15/><N who="2" m="5519" /><F112/><W4/><G132/><T74/><D66/><U71/><E71/><V36/><F36/><W110/><G110/><T88/><D74/><U97/><E97/><V114/><F2/><W59/><G29/><T34/><D34/><U117/><E117/><V56/><F114/><W10/><G59/><T104/><D104/><U27/><E123/><V75/><F75/><W65/><G105/><T47/><D47/><U18/><E120/><V17/><AGARI ba="1,0" hai="9,13,17,48,53,56,90,91" m="5519,48745" machi="17" ten="30,2000,0" yaku="18,1,52,1" doraHai="1" who="2" fromWho="2" sc="117,-6,456,-11,220,23,207,-6" /><INIT seed="6,0,0,2,4,134" ten="111,445,243,201" oya="2" hai0="5,105,110,49,73,97,34,108,44,29,83,9,86" hai1="78,71,13,40,0,122,42,26,75,112,51,57,25" hai2="4,8,127,45,2,128,113,100,77,135,23,33,98" hai3="90,85,38,96,7,84,48,124,50,28,116,123,102"/><V60/><F135/><W20/><G123/><T81/><D73/><U61/><E0/><V64/><F128/><W69/><G116/><T79/><D83/><U35/><E122/><V133/><F113/><W36/><G69/><T130/><D130/><U114/><E75/><V24/><F77/><W58/><G7/><T32/><D105/><U87/><E71/><V66/><F64/><W16/><G28/><T43/><D97/><U93/><E35/><V67/><F67/><W22/><G124/><T94/><D94/><U120/><E120/><V70/><F45/><W92/><G22/><T65/><D65/><U99/><E87/><V82/><F82/><W52/><G50/><T59/><D59/><U30/><E78/><V95/><F133/><W31/><G31/><T103/><D103/><U80/><E80/><V91/><F33/><W46/><G46/><T12/><REACH who="0" step="1"/><D29/><REACH who="0" ten="101,445,243,201" step="2"/><U14/><E57/><V131/><F131/><W18/><G84/><T53/><D53/><U109/><E93/><V104/><F100/><W17/><G102/><T21/><D21/><U119/><E99/><V47/><F104/><W56/><G96/><T39/><D39/><N who="3" m="14889" /><G58/><T125/><D125/><U63/><E30/><N who="2" m="17695" /><F127/><W19/><G20/><T117/><D117/><U88/><E119/><V55/><F55/><W6/><G52/><T15/><D15/><U10/><E112/><V115/><F115/><W54/><G54/><T132/><D132/><U27/><E114/><V121/><F47/><W101/><G101/><T37/><D37/><U126/><E126/><V118/><F118/><W89/><G92/><RYUUKYOKU ba="0,1" sc="101,15,445,-15,243,15,201,-15" hai0="5,9,12,32,34,43,44,49,79,81,86,108,110" hai2="2,4,8,60,66,70,91,95,98,121" /><INIT seed="6,1,1,2,1,130" ten="116,430,258,186" oya="2" hai0="0,23,133,81,103,90,24,25,104,100,61,64,127" hai1="117,124,121,60,108,105,43,33,95,92,85,75,26" hai2="48,58,73,84,106,54,57,8,42,63,12,22,79" hai3="78,119,18,72,70,94,102,66,34,46,67,32,111"/><V2/><F106/><W68/><G119/><T49/><D0/><U28/><E105/><V123/><F123/><W56/><G111/><T29/><D127/><U50/><E75/><V112/><F112/><W44/><G18/><T86/><D104/><U36/><E36/><V6/><F73/><W93/><G56/><T38/><D38/><U40/><E121/><V3/><F22/><W27/><G72/><T52/><D25/><U10/><E108/><V89/><F79/><W129/><G102/><T88/><D90/><U37/><E37/><V53/><REACH who="2" step="1"/><F42/><REACH who="2" ten="116,430,248,186" step="2"/><W101/><G78/><T125/><D125/><U31/><E124/><V15/><F15/><W71/><G34/><T77/><D77/><U114/><E114/><V98/><F98/><W132/><G32/><T83/><D83/><AGARI ba="1,2" hai="2,3,6,8,12,48,53,54,57,58,63,83,84,89" machi="83" ten="30,2900,0" yaku="1,1,7,1,53,0" doraHai="130" doraHaiUra="135" who="2" fromWho="0" sc="116,-32,430,0,248,52,186,0" /><INIT seed="6,2,0,0,4,124" ten="84,430,300,186" oya="2" hai0="40,52,87,67,4,3,71,75,15,102,0,70,59" hai1="79,12,50,72,109,6,13,29,42,110,35,126,7" hai2="31,82,112,117,68,32,11,114,84,119,76,81,122" hai3="128,95,74,38,101,47,133,19,94,28,125,18,107"/><V51/><F68/><W65/><G28/><T26/><D75/><U103/><E126/><V130/><F32/><W16/><G125/><T129/><D40/><U45/><E103/><V85/><F31/><W66/><G74/><T63/><D102/><U121/><E72/><V104/><F11/><W57/><G133/><T21/><D15/><U73/><E73/><V106/><F51/><W97/><G128/><T14/><D14/><U8/><E79/><V83/><F130/><W20/><G20/><T116/><D116/><N who="2" m="44618" /><F76/><W25/><G25/><T23/><D129/><U100/><E100/><V77/><F77/><W48/><G38/><T55/><D87/><N who="2" m="33354" /><F122/><W56/><G57/><T135/><D135/><U118/><E118/><V1/><F1/><W10/><G10/><T17/><D23/><U44/><E121/><V120/><F120/><W54/><G66/><T49/><D55/><U113/><E44/><V93/><F93/><W86/><G65/><T43/><D43/><U132/><E132/><V41/><F41/><W115/><G47/><T5/><REACH who="0" step="1"/><D71/><REACH who="0" ten="74,430,300,186" step="2"/><U111/><E109/><V78/><F78/><W58/><G54/><T134/><D134/><U88/><E110/><V99/><F99/><W37/><G97/><T27/><D27/><U36/><E111/><V24/><F24/><W46/><G86/><T39/><D39/><U80/><E36/><V33/><F33/><W92/><G37/><T123/><D123/><U22/><E35/><V91/><F91/><W9/><G101/><T30/><D30/><U64/><E29/><V53/><F53/><W34/><G34/><RYUUKYOKU ba="2,1" sc="74,15,430,-15,300,15,186,-15" hai0="0,3,4,5,17,21,26,49,52,59,63,67,70" hai2="81,82,83,104,106,112,114" /><INIT seed="6,3,1,5,3,49" ten="89,415,315,171" oya="2" hai0="8,5,107,64,43,127,116,68,94,14,129,53,58" hai1="89,99,66,52,17,10,103,120,35,42,98,118,75" hai2="88,74,72,33,20,133,97,9,135,1,73,69,111" hai3="83,78,51,63,100,87,91,26,56,108,24,59,13"/><V67/><F33/><W92/><G108/><T25/><D107/><U16/><E75/><V11/><F111/><W121/><G121/><T6/><D127/><U119/><E35/><V34/><F34/><W115/><G115/><T80/><D129/><U132/><E120/><V38/><F38/><W32/><G100/><T134/><D134/><N who="2" m="51210" /><F1/><W39/><G39/><T96/><D116/><U50/><E132/><V27/><F69/><W2/><G2/><T70/><D43/><U61/><E42/><V131/><F67/><W36/><G36/><T22/><D80/><U105/><E10/><V44/><F44/><W12/><G51/><T0/><D64/><U117/><E98/><V29/><F131/><W7/><G56/><T30/><D6/><U47/><REACH who="1" step="1"/><E89/><REACH who="1" ten="89,405,315,171" step="2"/><V109/><F109/><W19/><G32/><T65/><D0/><U101/><E101/><V23/><F20/><W4/><G91/><T125/><D125/><U90/><E90/><V79/><F79/><W102/><G102/><T124/><D124/><U85/><E85/><V123/><F123/><W3/><G87/><T86/><D86/><U93/><E93/><AGARI ba="3,2" hai="9,11,23,27,29,72,73,74,88,93,97" m="51210" machi="93" ten="40,3900,0" yaku="20,1,54,1" doraHai="49" who="2" fromWho="1" sc="89,0,405,-48,315,68,171,0" /><INIT seed="6,4,0,3,5,99" ten="89,357,383,171" oya="2" hai0="57,21,118,9,25,114,49,50,70,120,13,71,36" hai1="59,52,30,77,67,55,112,85,127,108,117,61,29" hai2="83,35,126,131,94,0,12,8,47,132,92,81,3" hai3="102,110,91,34,38,129,105,43,32,40,123,122,45"/><V100/><F35/><W72/><G110/><T106/><D36/><U96/><E117/><V20/><F126/><W125/><G129/><T124/><D120/><U5/><E108/><V53/><F132/><W97/><G125/><T15/><D124/><U2/><E127/><V84/><F83/><W41/><G72/><T86/><D118/><U74/><E74/><V62/><F92/><W111/><G111/><T103/><D86/><U56/><E112/><V51/><F20/><W28/><G91/><T4/><D15/><U16/><E5/><V135/><F62/><W95/><G95/><T89/><D89/><U75/><E2/><V54/><F135/><W26/><G34/><T64/><D114/><U27/><E75/><V73/><F73/><W133/><G133/><T24/><D70/><U79/><E96/><N who="2" m="59415" /><F0/><W98/><G98/><T104/><D71/><U14/><E27/><V66/><F66/><W6/><G6/><T69/><D69/><U130/><E67/><V39/><F39/><N who="3" m="21663" /><G43/><T134/><D134/><U82/><E79/><N who="2" m="46143" /><F131/><W128/><G128/><T119/><D119/><U31/><E130/><V121/><F121/><W113/><G113/><T88/><D88/><U44/><E77/><V11/><F3/><W93/><G93/><T63/><D106/><U19/><E82/><V1/><F1/><W23/><G23/><T60/><D25/><U58/><E85/><V101/><F101/><W37/><G37/><T109/><D109/><U33/><E33/><V90/><F90/><W80/><G80/><T116/><D116/><U76/><E76/><V107/><F107/><RYUUKYOKU ba="4,0" sc="89,-10,357,-10,383,-10,171,30" hai3="26,28,32,38,41,97,102,105,122,123" /><INIT seed="7,5,0,4,2,133" ten="79,347,373,201" oya="3" hai0="80,78,79,130,15,32,70,73,29,124,111,58,33" hai1="26,118,12,114,11,1,91,101,96,40,49,81,24" hai2="74,100,86,50,0,39,76,64,72,75,104,68,42" hai3="51,3,119,10,121,54,82,18,120,88,83,8,4"/><W110/><G119/><T106/><D111/><U102/><E118/><V30/><F86/><W9/><G110/><T61/><D106/><U115/><E1/><V112/><F76/><W6/><G18/><T109/><D109/><U21/><E114/><V135/><F112/><W132/><G132/><T25/><D130/><U5/><E115/><V84/><F84/><W116/><G116/><T63/><D70/><U108/><E108/><V107/><F50/><W127/><G127/><T94/><D63/><U103/><E81/><V23/><F23/><W34/><G34/><T28/><D79/><U87/><E87/><V99/><F30/><W20/><G20/><T2/><D2/><U59/><E21/><V16/><F16/><W46/><G9/><T98/><D15/><U62/><E49/><V92/><F0/><W37/><G37/><T129/><D129/><U27/><E40/><V55/><F135/><W93/><G120/><T69/><D69/><U7/><E7/><N who="3" m="2602" /><G121/><T45/><D45/><U95/><E26/><V131/><F39/><W125/><G125/><T85/><D73/><U52/><AGARI ba="5,0" hai="5,11,12,24,27,52,59,62,91,95,96,101,102,103" machi="52" ten="30,4000,0" yaku="0,1,8,1,54,1" doraHai="133" who="1" fromWho="1" sc="79,-15,347,55,373,-15,201,-25" owari="64,-44.0,402,50.0,358,16.0,176,-22.0" /></mjloggm>