<mjloggm ver="2.3"><GO type="169" lobby="0"/><UN n0="%E3%83%A4%E3%83%9E%E3%83%80%E3%81%95%E3%82%93" n1="%73%61%6E%64%69%72%69%73" n2="%E3%81%B4%E3%81%AE%E3%81%93" n3="%E4%B9%9D%E4%B8%88%E8%8A%B1%E9%9F%B3" dan="16,17,17,16" rate="2120.23,2209.01,2236.19,2170.64" sx="M,M,M,F"/><TAIKYOKU oya="0"/><INIT seed="0,0,0,3,0,1" ten="250,250,250,250" oya="0" hai0="26,46,109,98,83,101,128,24,0,20,131,76,120" hai1="52,57,115,2,17,16,28,11,71,29,77,25,108" hai2="89,30,59,100,73,102,112,21,38,85,84,7,130" hai3="65,132,96,105,18,92,95,127,86,58,47,64,12"/><T42/><D120/><U123/><E123/><V121/><F112/><W72/><G72/><T106/><D0/><U124/><E108/><V90/><F73/><W34/><G34/><T135/><D135/><U129/><E129/><N who="0" m="49737" /><D20/><U22/><E124/><V99/><F99/><W3/><G3/><T134/><D134/><U63/><E115/><V23/><F59/><W54/><G127/><T133/><D133/><U9/><E77/><V62/><F62/><W8/><G105/><T125/><D125/><U114/><E114/><V45/><F45/><W31/><G31/><T119/><D119/><U55/><E71/><V110/><F130/><W36/><G36/><N who="0" m="21831" /><D109/><U37/><E37/><V91/><F38/><W35/><G35/><T27/><D24/><U88/><E2/><V66/><F30/><W56/><G132/><T81/><D81/><U69/><E69/><V33/><F33/><W103/><G65/><T40/><D40/><U87/><E55/><V51/><F66/><W68/><G64/><T13/><D13/><N who="1" m="7231" /><E9/><V78/><F110/><W53/><G68/><T39/><D39/><U49/><E63/><V118/><F118/><W50/><G54/><T67/><D67/><U15/><E25/><V10/><F51/><W116/><G116/><T48/><D48/><U6/><E6/><V5/><F5/><W94/><G94/><AGARI ba="0,0" hai="15,17,22,28,29,49,52,57,87,88,94" m="7231" machi="94" ten="30,8000,1" yaku="25,1,8,1,54,3" doraHai="1" who="1" fromWho="3" sc="250,0,250,80,250,0,250,-80" /><INIT seed="1,0,0,3,1,62" ten="250,330,250,170" oya="1" hai0="119,120,88,78,107,23,85,135,61,97,64,116,83" hai1="65,129,33,114,117,90,30,27,0,39,4,73,29" hai2="56,104,128,36,110,63,122,13,112,109,5,49,21" hai3="72,126,91,118,103,46,32,80,71,92,43,11,12"/><U113/><E117/><V2/><F122/><W53/><G32/><T16/><D120/><U106/><E129/><V22/><F36/><W57/><G118/><T47/><D47/><U75/><E39/><V58/><F2/><W108/><G108/><N who="2" m="41577" /><F104/><W26/><G126/><T19/><D135/><U76/><E30/><V96/><F96/><W3/><G71/><T132/><D19/><U48/><E106/><V82/><F128/><W45/><G3/><T131/><D131/><U77/><E90/><V84/><F49/><W93/><G26/><T38/><D38/><U66/><E48/><V42/><F42/><W87/><G72/><T34/><D34/><U54/><E54/><V25/><F25/><W121/><G121/><T9/><D9/><U130/><E130/><V18/><F5/><W40/><G103/><T133/><D107/><U15/><E0/><V111/><N who="2" m="41585" /><V105/><DORA hai="95" /><F105/><W125/><G125/><T74/><D97/><U50/><E50/><V31/><F56/><W69/><G69/><T8/><D8/><N who="1" m="4487" /><E75/><V51/><F51/><N who="3" m="30911" /><G43/><T14/><D132/><U98/><E73/><V101/><F22/><W17/><G40/><T20/><D20/><U94/><E114/><V59/><F59/><W100/><G92/><T99/><D133/><U1/><E1/><V68/><F68/><W115/><G115/><T89/><D74/><U123/><E113/><V127/><F127/><W41/><G41/><T81/><D116/><U86/><E123/><V35/><F112/><W6/><G6/><T70/><D119/><U7/><E7/><V10/><F35/><RYUUKYOKU ba="0,0" sc="250,-10,330,-10,250,-10,170,30" hai3="11,12,17,45,46,80,87,91,93,100" /><INIT seed="2,1,0,5,1,124" ten="240,320,240,200" oya="2" hai0="132,99,68,108,110,70,71,121,8,53,116,65,127" hai1="85,129,79,20,92,31,46,6,123,45,44,36,114" hai2="29,25,60,15,21,100,91,27,95,86,61,120,24" hai3="37,122,109,80,7,76,9,18,81,41,3,88,82"/><V119/><F120/><W106/><G122/><T131/><D8/><U135/><E114/><V77/><F119/><W14/><G109/><N who="0" m="42091" /><D99/><U105/><E105/><V90/><F77/><W33/><G106/><T113/><D121/><U43/><E123/><V0/><F0/><W130/><G33/><T5/><D5/><U22/><E135/><V84/><F100/><W32/><G32/><T51/><D113/><U107/><E107/><V117/><F117/><W75/><G130/><T112/><D112/><U73/><E129/><V55/><F15/><W38/><G38/><T134/><D116/><U30/><E6/><V69/><F69/><W17/><G17/><T63/><D127/><U4/><E4/><V62/><REACH who="2" step="1"/><F55/><REACH who="2" ten="240,320,230,200" step="2"/><W42/><G42/><T48/><D131/><U66/><E79/><V54/><F54/><W115/><G115/><T126/><D126/><U58/><E43/><V78/><F78/><W2/><G2/><T23/><D53/><U103/><E103/><V101/><F101/><W93/><G41/><T128/><D128/><U56/><E66/><V133/><F133/><N who="0" m="51306" /><D23/><U39/><E22/><V111/><F111/><W10/><REACH who="3" step="1"/><G37/><REACH who="3" ten="240,320,230,190" step="2"/><T104/><D104/><U35/><E39/><V125/><F125/><W13/><G13/><T12/><D12/><U47/><E36/><V19/><F19/><W64/><G64/><T96/><D96/><AGARI ba="1,2" hai="3,7,9,10,14,18,75,76,80,81,82,88,93,96" machi="96" ten="30,7700,0" yaku="1,1,7,1,54,1,53,1" doraHai="124" doraHaiUra="1" who="3" fromWho="0" sc="240,-80,320,0,230,0,190,100" /><INIT seed="3,0,0,2,1,49" ten="160,320,230,290" oya="3" hai0="38,75,2,35,80,100,21,48,31,1,19,118,14" hai1="101,29,115,119,59,81,70,90,64,15,53,102,58" hai2="108,79,121,52,37,76,10,85,47,68,23,87,125" hai3="34,4,84,57,98,82,67,129,16,124,113,13,73"/><W46/><G113/><T128/><D38/><U130/><E115/><V50/><F108/><W111/><G111/><T9/><D100/><U42/><E130/><V62/><F125/><W30/><G129/><T88/><D128/><U103/><E119/><V126/><F126/><W60/><G124/><T117/><D1/><U120/><E120/><V99/><F121/><W95/><G73/><T7/><D48/><U105/><E42/><V123/><F123/><W51/><G4/><T107/><D107/><U18/><E29/><V104/><F10/><W94/><G30/><T77/><REACH who="0" step="1"/><D88/><REACH who="0" ten="150,320,230,290" step="2"/><U61/><E105/><V74/><F104/><W135/><G98/><T12/><D12/><U92/><E81/><V112/><F99/><W55/><G135/><T6/><D6/><U72/><E103/><V93/><F112/><W56/><G34/><T41/><D41/><U86/><E102/><V106/><F37/><W32/><G32/><T91/><D91/><U0/><E101/><V131/><F106/><W63/><G82/><T11/><D11/><U28/><E0/><V96/><F131/><W5/><G5/><T127/><D127/><U114/><E114/><V25/><F96/><W24/><G24/><AGARI ba="0,1" hai="2,7,9,14,19,21,24,31,35,75,77,80,117,118" machi="24" ten="40,5200,0" yaku="1,1,24,2,53,0" doraHai="49" doraHaiUra="44" who="0" fromWho="3" sc="150,62,320,0,230,0,290,-52" /><INIT seed="4,0,0,3,5,5" ten="212,320,230,238" oya="0" hai0="60,83,96,77,49,106,12,80,46,130,6,42,26" hai1="68,33,99,32,104,82,67,124,31,15,55,34,62" hai2="66,38,125,29,84,28,120,43,98,56,95,20,16" hai3="81,73,108,112,97,51,4,65,52,19,58,88,47"/><T35/><D130/><U102/><E124/><V14/><F120/><W63/><G108/><T50/><D60/><U72/><E55/><V30/><F125/><W48/><G73/><T127/><D127/><U126/><E126/><V119/><F119/><W21/><G112/><T86/><D83/><U53/><E53/><V17/><F84/><N who="3" m="50191" /><G4/><T117/><D117/><U70/><E70/><V113/><F113/><W40/><G97/><T76/><D76/><N who="1" m="44295" /><E15/><N who="2" m="9247" /><F38/><W110/><G110/><T123/><D123/><U87/><E87/><V27/><F43/><W133/><G133/><T37/><D96/><U44/><E44/><V2/><F2/><W93/><G93/><T132/><D106/><U135/><E135/><V57/><F27/><AGARI ba="0,0" hai="27,31,32,33,34,62,67,68,99,102,104" m="44295" machi="27" ten="30,3900,0" yaku="25,1,33,2" doraHai="5" who="1" fromWho="2" sc="212,0,320,39,230,-39,238,0" /><INIT seed="5,0,0,3,1,104" ten="212,359,191,238" oya="1" hai0="8,122,48,13,62,110,47,82,51,131,127,93,59" hai1="133,46,35,38,41,50,73,58,54,55,103,83,30" hai2="42,63,90,112,9,97,76,89,49,22,114,128,28" hai3="81,78,56,71,116,119,4,86,26,95,33,16,3"/><U39/><E133/><V134/><F63/><W126/><G71/><T14/><D110/><U107/><E107/><V115/><F9/><N who="3" m="2207" /><G56/><T132/><D132/><U96/><E30/><V123/><F123/><W1/><G1/><T24/><D24/><U75/><E35/><V85/><F134/><W109/><G109/><T105/><D14/><U10/><E10/><V43/><F128/><W135/><G95/><T77/><D105/><U53/><E39/><V23/><F49/><W18/><G126/><T67/><D131/><U29/><E29/><V6/><F6/><W98/><G98/><T124/><D93/><U129/><E129/><V92/><F76/><W117/><G135/><T61/><D61/><U34/><E34/><V66/><F66/><W99/><G99/><T2/><D2/><U108/><E108/><V52/><F52/><W7/><G7/><N who="0" m="3231" /><D47/><U0/><E0/><V25/><REACH who="2" step="1"/><F23/><REACH who="2" ten="212,359,181,238" step="2"/><W32/><G32/><T64/><D64/><U74/><E55/><V65/><F65/><W40/><G40/><T130/><D130/><U37/><E54/><V118/><F118/><W60/><G60/><T106/><D122/><U68/><E37/><V91/><F91/><W5/><G5/><T70/><D48/><U72/><E68/><V57/><F57/><W31/><AGARI ba="0,1" hai="16,18,26,31,33,78,81,86,116,117,119" m="2207" machi="31" ten="40,2700,0" yaku="12,1,54,1" doraHai="104" who="3" fromWho="3" sc="212,-7,359,-13,181,-7,238,37" /><INIT seed="6,0,0,2,4,4" ten="205,346,174,275" oya="2" hai0="96,102,7,74,77,105,25,44,28,112,84,33,55" hai1="131,2,104,32,133,70,41,23,24,83,6,106,123" hai2="71,49,119,127,51,114,39,86,120,108,0,128,61" hai3="98,21,107,113,81,35,93,57,17,38,16,30,27"/><V117/><RYUUKYOKU type="yao9" ba="0,0" sc="205,0,346,0,174,0,275,0" hai2="0,39,49,51,61,71,86,108,114,117,119,120,127,128" /><INIT seed="6,1,0,1,3,55" ten="205,346,174,275" oya="2" hai0="107,89,74,10,94,84,49,57,36,3,70,6,11" hai1="46,72,65,128,59,124,106,63,66,20,18,31,117" hai2="93,14,111,47,109,21,127,67,118,131,90,123,43" hai3="133,96,77,73,120,34,121,0,42,27,91,98,76"/><V113/><F123/><W1/><G42/><T33/><D33/><U134/><E117/><V26/><F118/><W125/><G27/><T68/><D36/><U135/><E128/><V25/><F131/><W126/><G34/><T50/><D50/><U103/><E72/><V29/><F127/><N who="3" m="48651" /><G133/><T78/><D107/><U40/><E66/><V38/><F113/><W102/><G91/><T79/><D11/><U92/><E106/><V54/><F67/><W64/><G64/><T28/><D28/><U82/><E82/><V62/><F14/><W71/><G71/><T22/><D22/><U116/><E31/><V130/><F130/><W30/><G30/><T80/><REACH who="0" step="1"/><D78/><REACH who="0" ten="195,346,174,275" step="2"/><N who="3" m="30313" /><G73/><T41/><D41/><U4/><E40/><V16/><F29/><W2/><G102/><T105/><D105/><U99/><E124/><V52/><F26/><W119/><G119/><T114/><D114/><U75/><E116/><V95/><F95/><W32/><G32/><T69/><D69/><U9/><E92/><V97/><REACH who="2" step="1"/><F62/><REACH who="2" ten="195,346,164,275" step="2"/><W39/><G39/><T104/><D104/><U88/><E63/><V86/><F86/><W85/><G85/><T24/><D24/><U110/><E75/><V17/><F17/><W5/><G5/><T45/><D45/><U53/><E46/><V8/><F8/><W13/><G13/><T56/><D56/><U7/><E59/><V48/><F48/><W101/><G121/><T51/><D51/><U61/><E61/><V37/><F37/><W58/><G120/><T87/><D87/><U35/><E18/><V112/><F112/><W81/><G1/><RYUUKYOKU ba="1,2" sc="195,15,346,-15,164,15,275,-15" hai0="3,6,10,49,57,68,70,74,79,80,84,89,94" hai2="16,21,25,38,43,47,52,54,90,93,97,109,111" /><INIT seed="6,2,2,2,3,18" ten="210,331,179,260" oya="2" hai0="1,36,104,11,27,59,135,132,113,78,5,50,62" hai1="46,9,53,75,26,83,103,89,45,51,56,97,99" hai2="101,40,107,61,12,48,112,134,102,15,114,94,116" hai3="84,115,52,54,82,0,34,105,17,124,16,19,127"/><V29/><F116/><W126/><G105/><T47/><D104/><U128/><E128/><V73/><F134/><W43/><G34/><T31/><D36/><U66/><E75/><V68/><F107/><W110/><G110/><T92/><D78/><U21/><E9/><V35/><F73/><W32/><G32/><T22/><D92/><N who="1" m="58855" /><E66/><N who="2" m="41039" /><F40/><W80/><G0/><T30/><D30/><N who="1" m="17743" /><E97/><V4/><F48/><W85/><G43/><T131/><D131/><U91/><E83/><N who="3" m="31786" /><G115/><N who="2" m="44073" /><F94/><W109/><G109/><T98/><D98/><U60/><E46/><V23/><F35/><W28/><G28/><T106/><D106/><U111/><E111/><V81/><F81/><W120/><G120/><T41/><REACH who="0" step="1"/><D113/><REACH who="0" ten="200,331,179,260" step="2"/><U69/><E69/><V119/><F119/><W130/><G130/><T24/><D24/><U72/><E72/><V95/><F102/><W87/><AGARI ba="2,3" hai="16,17,19,52,54,84,85,87,124,126,127" m="31786" machi="87" ten="40,12000,2" yaku="29,2,28,2,18,1,54,2" doraHai="18" who="3" fromWho="3" sc="200,-32,331,-32,179,-62,260,156" /><INIT seed="7,0,0,0,2,46" ten="168,299,117,416" oya="3" hai0="54,48,110,116,47,104,129,100,112,72,21,69,131" hai1="80,40,111,84,83,42,52,121,106,101,55,59,102" hai2="76,117,57,103,22,73,1,109,86,98,9,36,135" hai3="6,108,56,123,125,71,0,61,97,64,79,94,70"/><W133/><G123/><T126/><D72/><U77/><E121/><V15/><F117/><W33/><G33/><T60/><D116/><U16/><E111/><V29/><F109/><W2/><G133/><T50/><D110/><U118/><E118/><V62/><F135/><W37/><G37/><T34/><D34/><U45/><E106/><V89/><F36/><W23/><G23/><T85/><D126/><U82/><E102/><V30/><F1/><W128/><G2/><T44/><D112/><U26/><E101/><V43/><F43/><W124/><G128/><N who="0" m="49227" /><D85/><U90/><E55/><V19/><F73/><W130/><G56/><T14/><D21/><N who="1" m="13607" /><E77/><V5/><F76/><W91/><G61/><T10/><D60/><N who="1" m="35943" /><E42/><V95/><F103/><W13/><G70/><T20/><D20/><U134/><E134/><V119/><F119/><W113/><G0/><T18/><D69/><U53/><E40/><V93/><F93/><W122/><G94/><T28/><D100/><U38/><E38/><V87/><F30/><W31/><G31/><T78/><D28/><U105/><E105/><V51/><F29/><W127/><G108/><T74/><D104/><U115/><E115/><V88/><F89/><W39/><G91/><T114/><D114/><U120/><E120/><V68/><F68/><W11/><G113/><T35/><D35/><U3/><E3/><V17/><F5/><W25/><G122/><T12/><D74/><U4/><E4/><V66/><REACH who="2" step="1"/><F51/><AGARI ba="0,0" hai="45,51,53,80,82,83,84,90" m="35943,13607" machi="51" ten="30,7700,0" yaku="8,1,52,1,54,2" doraHai="46" who="1" fromWho="2" sc="168,0,299,77,117,-77,416,0" owari="168,-23.0,376,18.0,40,-46.0,416,51.0" /></mjloggm>