<mjloggm ver="2.3"><GO type="169" lobby="0"/><UN n0="%E3%81%B5%E3%81%98%E3%81%8B%E3%81%A4" n1="%72%52%66%44%79%55%66" n2="%69%70%73%E6%88%A6%E5%A3%AB" n3="%E3%83%8E%E3%82%AA%E3%83%81%E3%83%A3%E3%83%99%E3%82%B9" dan="16,16,16,16" rate="2155.59,2132.97,2049.85,2117.12" sx="M,M,M,M"/><TAIKYOKU oya="0"/><INIT seed="0,0,0,1,0,2" ten="250,250,250,250" oya="0" hai0="98,110,108,34,3,60,89,46,75,52,88,58,101" hai1="24,45,122,28,119,27,49,20,83,71,14,74,100" hai2="68,16,42,63,129,102,17,9,5,134,30,6,135" hai3="78,93,4,107,8,56,37,19,99,85,87,76,36"/><T130/><D75/><U70/><E119/><V128/><F42/><W44/><G19/><N who="2" m="7241" /><F30/><W54/><G107/><T104/><D34/><U23/><E122/><V10/><F102/><W106/><G106/><T96/><D130/><N who="2" m="50282" /><F68/><W127/><G127/><T95/><D3/><U61/><E100/><V66/><F66/><W67/><G67/><T1/><D1/><U80/><E14/><N who="2" m="5423" /><F63/><W41/><G37/><T94/><D46/><U112/><E61/><V72/><F72/><W73/><G73/><T64/><D64/><U113/><E28/><V133/><F133/><W91/><G78/><T115/><D115/><U26/><E74/><V132/><F132/><W29/><G29/><T53/><D53/><U81/><E49/><V124/><F124/><W79/><G79/><T38/><D38/><U82/><N who="1" m="20480" /><DORA hai="109" /><U59/><E59/><V31/><F31/><W0/><REACH who="3" step="1"/><G76/><REACH who="3" ten="250,250,250,240" step="2"/><T40/><REACH who="0" step="1"/><D40/><REACH who="0" ten="240,250,250,240" step="2"/><U13/><E112/><V131/><F131/><W86/><G86/><AGARI ba="0,2" hai="52,58,60,86,88,89,94,95,96,98,101,104,108,110" machi="86" ten="40,12000,1" yaku="1,1,2,1,54,2,53,1" doraHai="2,109" doraHaiUra="62,50" who="0" fromWho="3" sc="240,140,250,0,250,0,240,-120" /><INIT seed="0,1,0,2,1,43" ten="380,250,250,120" oya="0" hai0="63,49,60,38,113,99,119,45,54,93,135,16,116" hai1="47,3,69,107,46,110,48,28,10,72,23,78,126" hai2="89,2,34,39,31,61,108,65,24,52,79,117,131" hai3="85,81,8,66,53,77,75,40,51,37,9,105,124"/><T115/><D135/><U67/><E110/><V18/><F117/><N who="0" m="45130" /><D93/><U70/><E107/><V134/><F108/><W86/><G105/><T90/><D99/><U25/><E126/><V1/><F134/><W88/><G124/><T91/><D91/><U12/><E3/><V98/><F39/><W7/><G66/><T15/><D90/><U76/><E67/><V73/><F131/><W121/><G121/><T0/><D0/><U56/><E56/><V100/><F89/><W103/><G103/><T84/><D84/><U96/><E96/><V74/><F18/><W94/><G85/><T59/><D16/><U71/><E72/><V104/><F52/><W50/><G53/><N who="0" m="29871" /><D38/><U106/><E106/><V64/><F64/><W32/><G32/><T68/><D15/><U132/><E132/><V123/><F123/><W92/><G92/><T29/><D29/><U125/><E125/><V55/><F55/><W80/><G94/><T102/><D102/><U111/><E111/><V35/><F35/><W5/><G5/><T127/><D127/><U97/><E97/><V95/><F95/><W133/><G133/><T41/><D41/><U57/><E78/><V109/><F109/><W20/><G20/><T62/><D68/><U36/><E76/><V17/><F17/><W120/><G120/><T129/><D129/><U44/><E36/><V30/><F30/><W11/><REACH who="3" step="1"/><G7/><REACH who="3" ten="380,250,250,110" step="2"/><T19/><D19/><U26/><E23/><V42/><F74/><W14/><G14/><T87/><D87/><U114/><E12/><V130/><F130/><W22/><G22/><T128/><D128/><RYUUKYOKU ba="1,1" sc="380,15,250,-15,250,-15,110,15" hai0="54,59,60,62,63,113,115" hai3="8,9,11,37,40,50,51,75,77,80,81,86,88" /><INIT seed="0,2,1,5,5,0" ten="395,235,235,125" oya="0" hai0="96,34,8,111,53,79,63,114,44,21,65,11,76" hai1="89,124,83,116,80,31,72,112,134,113,5,15,133" hai2="106,93,57,9,49,81,127,117,20,17,90,61,71" hai3="59,110,60,92,51,36,35,2,129,52,64,69,27"/><T18/><D114/><N who="1" m="44139" /><E116/><V40/><F106/><W12/><G2/><T119/><D34/><U91/><E31/><V48/><F117/><W3/><G3/><T74/><D119/><U43/><E43/><V123/><F71/><W118/><G118/><T115/><D115/><U68/><E68/><V107/><F107/><W42/><G110/><T121/><D121/><U1/><E1/><V131/><F123/><W94/><G129/><T29/><D29/><U108/><E108/><V32/><F32/><W6/><G27/><T39/><D111/><U24/><E24/><V88/><F127/><W97/><G35/><T102/><D74/><U73/><E124/><V54/><F131/><W62/><G62/><T109/><D109/><U101/><E101/><V41/><F9/><N who="3" m="4151" /><G97/><T26/><D11/><N who="1" m="4591" /><E72/><V4/><F4/><W46/><AGARI ba="2,1" hai="36,42,46,51,52,59,60,64,69,92,94" m="4151" machi="46" ten="30,4000,0" yaku="24,1,52,1,54,1" doraHai="0" who="3" fromWho="3" sc="395,-22,235,-12,235,-12,125,56" /><INIT seed="1,0,0,5,0,78" ten="373,223,223,181" oya="1" hai0="53,94,26,34,68,56,135,49,52,118,45,120,115" hai1="19,8,88,10,58,42,100,11,9,31,76,29,16" hai2="87,40,112,130,82,59,96,55,51,125,48,66,24" hai3="30,23,73,21,13,85,122,91,93,64,99,97,6"/><U22/><N who="1" m="2048" /><DORA hai="7" /><U119/><E119/><V60/><F112/><W74/><G122/><T110/><D118/><U84/><E100/><V12/><F125/><W81/><G6/><T71/><D115/><U27/><E42/><V98/><F12/><W36/><G36/><T116/><D116/><U14/><E76/><V127/><F130/><W65/><G74/><T4/><D4/><U38/><E38/><V57/><F127/><W0/><G73/><T128/><D120/><U123/><E123/><V46/><REACH who="2" step="1"/><F24/><REACH who="2" ten="373,223,213,181" step="2"/><N who="3" m="16655" /><G0/><T2/><D128/><U117/><E117/><V77/><AGARI ba="0,1" hai="40,46,48,51,55,57,59,60,66,77,82,87,96,98" machi="77" ten="20,12000,2" yaku="1,1,0,1,7,1,8,1,52,1,53,2" doraHai="78,7" doraHaiUra="75,63" who="2" fromWho="2" sc="373,-30,223,-60,213,130,181,-30" /><INIT seed="2,0,0,3,4,50" ten="343,163,343,151" oya="2" hai0="51,60,59,90,31,103,78,56,95,77,52,65,119" hai1="79,18,68,8,83,101,61,116,27,1,107,89,98" hai2="19,123,23,22,46,73,122,118,75,110,54,132,21" hai3="94,25,2,104,92,91,20,45,44,131,5,102,133"/><V36/><F118/><W39/><G104/><T38/><D119/><U109/><E109/><V117/><F117/><W6/><G131/><T134/><D38/><U9/><E116/><V11/><F110/><W120/><G120/><T33/><D134/><U48/><E89/><V47/><F132/><W128/><G128/><T15/><D103/><U121/><E121/><V99/><F99/><N who="3" m="59751" /><G2/><T66/><D66/><U69/><E48/><V127/><F127/><W58/><G39/><T70/><D70/><U96/><E96/><V105/><F105/><W135/><G135/><T67/><D67/><U125/><E125/><V55/><F36/><W16/><G133/><T4/><D33/><U3/><E61/><V53/><F11/><W72/><G72/><N who="2" m="27721" /><F19/><W85/><G58/><T32/><D31/><U62/><E1/><V49/><F49/><W40/><G40/><T13/><D32/><U7/><E62/><V10/><F10/><W87/><G85/><T30/><D30/><U76/><E9/><V41/><F41/><W93/><G94/><T124/><D124/><U74/><E8/><V106/><F106/><W114/><G114/><T100/><D100/><U126/><E107/><V84/><F84/><W14/><G14/><N who="0" m="5131" /><D4/><AGARI ba="0,0" hai="4,5,6,16,20,25,44,45,87,91,93" m="59751" machi="4" ten="30,2000,0" yaku="8,1,54,1" doraHai="50" who="3" fromWho="0" sc="343,-20,163,0,343,0,151,20" /><INIT seed="3,0,0,1,4,119" ten="323,163,343,171" oya="3" hai0="100,33,46,22,126,56,74,77,69,3,6,76,51" hai1="60,81,112,110,109,101,31,127,1,116,108,59,58" hai2="45,84,40,96,39,131,35,66,26,93,50,30,129" hai3="104,13,54,57,55,135,92,37,72,67,79,122,80"/><W97/><G37/><T95/><D126/><U25/><E112/><V62/><F84/><W128/><G135/><T118/><D69/><U106/><E127/><V124/><F124/><W19/><G128/><T105/><D33/><U49/><E116/><V52/><F93/><W21/><G104/><T71/><D71/><U65/><E1/><V38/><F96/><W91/><G67/><T17/><D118/><U113/><E113/><V130/><REACH who="2" step="1"/><F40/><REACH who="2" ten="323,163,333,171" step="2"/><W15/><G55/><T8/><D74/><U61/><E81/><V42/><F42/><W10/><G10/><T107/><D105/><U78/><E106/><V99/><F99/><W68/><G68/><AGARI ba="0,1" hai="26,30,35,38,39,45,50,52,62,66,68,129,130,131" machi="68" ten="40,5200,0" yaku="1,1,19,1,54,1,53,0" doraHai="119" doraHaiUra="88" who="2" fromWho="3" sc="323,0,163,0,333,62,171,-52" /><INIT seed="4,0,0,2,0,65" ten="323,163,395,119" oya="0" hai0="15,5,70,98,24,94,8,51,20,39,134,41,125" hai1="10,32,71,58,80,66,103,63,17,49,118,21,42" hai2="109,13,22,50,38,128,45,114,52,83,76,53,44" hai3="26,28,126,123,48,112,40,78,95,129,4,120,11"/><T99/><D134/><U131/><E131/><V0/><F0/><W87/><G129/><T19/><D125/><U54/><E118/><V55/><F109/><W47/><G126/><T36/><D99/><U97/><E32/><V73/><F128/><W68/><G112/><T77/><D77/><U101/><E42/><V127/><F127/><W61/><G95/><T30/><D70/><U84/><E10/><V1/><F1/><W29/><G61/><T105/><D105/><U14/><REACH who="1" step="1"/><E97/><REACH who="1" ten="323,153,395,119" step="2"/><V60/><F114/><W111/><G111/><T92/><D39/><U90/><AGARI ba="0,1" hai="14,17,21,49,54,58,63,66,71,80,84,90,101,103" machi="90" ten="20,8000,1" yaku="1,1,2,1,0,1,7,1,52,1,53,0" doraHai="65" doraHaiUra="119" who="1" fromWho="1" sc="323,-40,153,90,395,-20,119,-20" /><INIT seed="5,0,0,5,4,63" ten="283,243,375,99" oya="1" hai0="52,105,51,41,14,100,73,71,22,58,88,101,49" hai1="18,2,77,66,132,75,79,86,65,45,3,26,31" hai2="114,89,127,115,107,24,68,57,134,76,111,20,13" hai3="121,99,82,74,96,4,108,11,34,30,55,118,119"/><U129/><E75/><V40/><F68/><W90/><G121/><T43/><D73/><U112/><E18/><V84/><F111/><W48/><G108/><T94/><D105/><U97/><E97/><V62/><F107/><W130/><G30/><T67/><D71/><U32/><E112/><N who="2" m="43051" /><F40/><N who="0" m="15434" /><D49/><U35/><E45/><V69/><F69/><W109/><G34/><T36/><D36/><U104/><E104/><V46/><F46/><W64/><G64/><N who="1" m="24682" /><E35/><V123/><F123/><W19/><G109/><T50/><D50/><U44/><E44/><V135/><F76/><N who="1" m="29257" /><E86/><V120/><F120/><W92/><G74/><T83/><D67/><U33/><E33/><V128/><F13/><W93/><G19/><N who="0" m="10615" /><D83/><U7/><E7/><V102/><F102/><W25/><G82/><T126/><D126/><U12/><E12/><V29/><F127/><W5/><G5/><T0/><D0/><U125/><E125/><V21/><F21/><W131/><G4/><T133/><D133/><U27/><E27/><V17/><F17/><W60/><G25/><T56/><D56/><U85/><E85/><AGARI ba="0,0" hai="51,52,58,85,88,94,100,101" m="10615,15434" machi="85" ten="30,7700,0" yaku="25,1,8,1,54,2" doraHai="63" who="0" fromWho="1" sc="283,77,243,-77,375,0,99,0" /><INIT seed="6,0,0,0,5,1" ten="360,166,375,99" oya="2" hai0="102,87,39,73,86,14,57,133,20,65,49,25,91" hai1="17,81,10,2,21,132,42,115,50,85,36,32,118" hai2="55,117,43,109,134,79,113,54,98,13,3,64,30" hai3="24,80,101,5,94,4,37,12,15,119,23,108,111"/><V70/><F3/><W110/><G37/><T40/><D133/><U82/><E118/><V122/><F117/><W27/><G80/><T93/><D73/><U22/><E132/><V31/><F122/><W46/><G46/><T84/><D102/><U35/><E36/><V11/><F134/><W75/><G75/><T9/><D39/><U8/><E2/><V95/><F43/><W112/><G119/><T89/><D65/><U41/><E85/><V58/><F109/><W67/><G67/><T38/><D38/><U106/><E50/><V26/><F70/><W34/><G94/><T124/><D124/><U16/><REACH who="1" step="1"/><E106/><REACH who="1" ten="360,156,375,99" step="2"/><V125/><F125/><W104/><G104/><T6/><D93/><U103/><E103/><V129/><F79/><W48/><G48/><T47/><REACH who="0" step="1"/><D57/><REACH who="0" ten="350,156,375,99" step="2"/><U130/><E130/><V128/><F128/><W29/><G101/><T131/><D131/><U74/><E74/><V120/><F129/><W56/><G56/><T88/><D88/><U76/><E76/><V100/><F58/><W77/><G77/><T66/><D66/><U71/><E71/><V107/><F64/><W51/><G51/><T105/><D105/><U59/><E59/><V78/><F107/><W116/><G116/><T44/><D44/><U127/><E127/><V83/><F78/><W7/><REACH who="3" step="1"/><G112/><AGARI ba="0,2" hai="8,10,16,17,21,22,32,35,41,42,81,82,112,115" machi="112" ten="25,6400,0" yaku="1,1,22,2,54,1,53,0" doraHai="1" doraHaiUra="60" who="1" fromWho="3" sc="350,0,156,84,375,0,99,-64" /><INIT seed="7,0,0,1,3,98" ten="350,240,375,35" oya="3" hai0="124,46,58,68,77,61,52,78,122,43,57,37,89" hai1="73,109,59,15,25,47,120,5,131,83,87,42,22" hai2="14,127,111,30,75,107,36,7,53,91,100,62,38" hai3="32,125,90,10,28,99,112,6,85,0,27,63,105"/><W69/><G90/><T97/><D122/><U35/><E109/><V64/><F111/><W102/><G85/><T128/><D128/><U26/><E131/><V94/><F75/><W84/><G84/><T115/><D115/><U118/><E120/><V108/><F108/><W81/><G81/><T134/><D134/><U82/><E73/><V45/><F30/><W44/><G44/><T70/><D124/><U93/><E35/><V39/><F127/><W67/><REACH who="3" step="1"/><G125/><REACH who="3" ten="350,240,375,25" step="2"/><T24/><D89/><U129/><E83/><V72/><F72/><W55/><G55/><T18/><D97/><U31/><E47/><V54/><F45/><W95/><G95/><T133/><D133/><U86/><E93/><V11/><F91/><W19/><G19/><T51/><D78/><U123/><E87/><V40/><F94/><W60/><G60/><T104/><D77/><U16/><E16/><V96/><REACH who="2" step="1"/><F40/><REACH who="2" ten="350,240,365,25" step="2"/><W130/><G130/><T88/><D43/><U110/><E42/><V56/><AGARI ba="0,2" hai="7,11,14,36,38,39,53,54,56,62,64,96,100,107" machi="56" ten="30,8000,1" yaku="1,1,2,1,0,1,52,1,53,1" doraHai="98" doraHaiUra="3" who="2" fromWho="2" sc="350,-20,240,-20,365,100,25,-40" owari="330,13.0,220,-18.0,465,57.0,-15,-52.0" /></mjloggm>