<mjloggm ver="2.3"><GO type="169" lobby="0"/><UN n0="%6D%61%74%6F%30%36%30%33" n1="%E5%B0%8F%E6%89%8B%E8%BF%94%E6%92%B2%E6%BB%85%E4%BC%9A%E9%95%B7" n2="%E3%83%9E%E3%83%8A%E3%83%96%E9%9B%B6" n3="%E3%82%A2%E3%83%AB%E4%B8%AD%40%E3%83%86%E3%83%B3%E3%83%91" dan="18,17,16,17" rate="2254.65,2162.38,2141.51,2211.44" sx="M,F,M,M"/><TAIKYOKU oya="0"/><INIT seed="0,0,0,4,4,105" ten="250,250,250,250" oya="0" hai0="32,36,85,120,129,47,128,37,122,69,131,90,39" hai1="5,68,115,14,2,33,26,35,10,46,27,53,6" hai2="30,15,116,86,79,134,28,22,100,43,111,95,45" hai3="102,9,58,71,110,72,57,104,3,107,92,67,98"/><T25/><D69/><U50/><E68/><V65/><F111/><W97/><G110/><T93/><REACH who="0" step="1"/><D47/><REACH who="0" ten="240,250,250,250" step="2"/><U83/><E115/><V119/><F45/><W106/><G71/><T11/><D11/><N who="1" m="2487" /><E46/><V78/><F119/><W81/><G58/><T124/><D124/><U13/><E53/><V56/><F116/><W55/><G67/><T7/><D7/><N who="1" m="3295" /><E50/><V41/><F56/><W114/><G114/><T48/><D48/><U44/><E44/><V62/><F65/><W16/><G55/><T99/><D99/><U8/><E83/><V21/><F62/><W80/><G57/><T38/><N who="0" m="9216" /><DORA hai="54" /><T17/><D17/><U108/><E108/><V70/><F70/><W87/><G16/><T31/><AGARI ba="0,1" hai="25,31,32,85,90,93,120,122,128,129,131" m="9216" machi="31" ten="70,12000,1" yaku="1,1,0,1,19,1,53,1" doraHai="105,54" doraHaiUra="88,112" who="0" fromWho="0" sc="240,130,250,-40,250,-40,250,-40" /><INIT seed="0,1,0,1,4,116" ten="370,210,210,210" oya="0" hai0="117,17,107,38,99,1,94,23,87,28,84,103,105" hai1="52,50,129,11,91,85,19,29,35,59,127,5,69" hai2="70,49,57,51,97,121,61,34,15,3,56,96,53" hai3="119,132,135,25,6,100,68,58,73,14,4,33,54"/><T64/><D117/><U98/><E127/><V92/><F3/><W126/><G119/><T130/><D1/><U21/><E129/><V42/><F34/><W41/><G126/><T79/><D38/><U122/><E69/><V133/><F133/><W48/><G68/><T20/><D130/><U77/><E77/><V109/><F109/><W0/><G0/><T95/><D64/><U55/><E98/><V24/><F24/><W45/><G73/><T82/><D28/><U12/><E35/><V74/><F74/><W112/><G112/><T18/><D18/><U80/><E122/><V46/><F15/><W26/><G100/><N who="0" m="60535" /><D17/><U67/><E29/><V71/><F97/><W120/><G6/><T36/><D20/><U83/><E83/><V30/><F30/><W75/><G120/><T72/><D23/><U102/><E102/><V62/><F121/><W2/><G75/><T78/><D36/><U63/><REACH who="1" step="1"/><E50/><REACH who="1" ten="370,200,210,210" step="2"/><V110/><F110/><W76/><G33/><T22/><D103/><U8/><E8/><V90/><REACH who="2" step="1"/><F51/><REACH who="2" ten="370,200,200,210" step="2"/><W7/><G48/><T37/><D37/><U111/><E111/><V9/><F9/><W10/><G10/><T40/><D22/><U125/><E125/><V66/><AGARI ba="1,2" hai="42,46,49,53,56,57,61,62,66,70,71,90,92,96" machi="66" ten="20,2700,0" yaku="1,1,0,1,7,1,53,0" doraHai="116" doraHaiUra="104" who="2" fromWho="2" sc="370,-14,200,-8,200,50,210,-8" /><INIT seed="1,0,0,2,3,19" ten="356,192,250,202" oya="1" hai0="122,49,59,58,92,102,56,112,62,27,72,30,8" hai1="57,108,71,65,38,82,85,128,16,88,25,29,96" hai2="135,61,15,28,134,14,81,64,18,66,107,60,124" hai3="110,40,9,69,111,13,6,117,54,20,132,32,7"/><U91/><E38/><V51/><F107/><W68/><G32/><T4/><D112/><U34/><E128/><V126/><F28/><W125/><G40/><T5/><D72/><U94/><E108/><N who="3" m="41514" /><G125/><N who="2" m="48233" /><F51/><W127/><G127/><T104/><D104/><U10/><E71/><V87/><F87/><W131/><G132/><N who="2" m="50729" /><F81/><W48/><G131/><T79/><D122/><U3/><E3/><V75/><F75/><W130/><G130/><T11/><D49/><U121/><E121/><V97/><F97/><W98/><G98/><T83/><D83/><U106/><E106/><V114/><F114/><W86/><G86/><T23/><D62/><N who="2" m="24170" /><F18/><N who="3" m="10319" /><G117/><T45/><D79/><U35/><E35/><V24/><F24/><W101/><G101/><T36/><D102/><U93/><E82/><V123/><F123/><W1/><G7/><T67/><D4/><U115/><E115/><V80/><F80/><W77/><G77/><T22/><D5/><U118/><E118/><V43/><F43/><W73/><G73/><T31/><D27/><U116/><E116/><V46/><F46/><AGARI ba="0,0" hai="1,6,9,46,48,54,68,69" m="10319,41514" machi="46" ten="30,2000,0" yaku="14,1,52,1" doraHai="19" who="3" fromWho="2" sc="356,0,192,0,250,-20,202,20" /><INIT seed="2,0,0,4,5,99" ten="356,192,230,222" oya="2" hai0="16,109,101,125,45,23,12,57,108,103,120,17,2" hai1="87,105,131,72,89,111,43,77,8,90,126,53,112" hai2="36,38,93,64,22,124,66,113,132,102,20,50,54" hai3="80,116,68,30,75,37,82,118,46,1,61,128,55"/><V86/><F113/><W18/><G128/><T51/><D2/><U40/><E112/><V84/><F132/><W104/><G30/><T92/><D120/><U10/><E131/><V29/><F124/><W48/><G1/><T31/><D125/><U34/><E34/><V58/><F38/><W96/><G75/><T130/><D130/><U26/><E105/><V13/><F36/><W41/><G82/><T21/><D57/><U52/><E72/><V49/><F49/><W115/><G80/><T4/><D4/><U73/><E73/><V15/><F15/><W98/><G98/><T114/><D31/><U122/><E126/><V28/><F28/><W0/><G0/><T94/><D114/><U5/><E26/><V74/><F74/><W33/><G33/><T71/><D71/><U135/><E135/><V107/><F107/><W27/><G115/><T65/><D65/><N who="2" m="25194" /><F29/><W133/><G133/><T88/><D109/><U59/><E77/><V25/><F25/><W85/><G68/><T83/><D108/><U42/><E111/><V56/><F56/><N who="3" m="34975" /><G37/><T78/><D78/><U119/><E122/><V127/><F127/><W7/><G7/><T9/><D83/><U123/><E123/><V97/><F22/><N who="0" m="8202" /><D17/><AGARI ba="0,0" hai="13,17,20,50,54,58,84,86,93,97,102" m="25194" machi="17" ten="30,2900,0" yaku="8,1,52,1" doraHai="99" who="2" fromWho="0" sc="356,-29,192,0,230,29,222,0" /><INIT seed="2,1,0,5,3,42" ten="327,192,259,222" oya="2" hai0="124,39,73,5,41,94,125,45,65,38,93,50,71" hai1="69,88,118,68,58,121,22,129,30,80,63,32,134" hai2="75,117,54,132,103,18,112,15,26,79,10,96,135" hai3="4,100,120,37,85,13,116,92,72,27,110,11,14"/><V122/><F117/><W114/><G116/><T86/><D73/><U70/><E118/><V89/><F122/><W127/><G72/><T46/><D5/><U107/><E107/><V21/><F112/><W6/><G120/><T101/><D38/><U77/><E32/><V104/><F89/><W3/><G110/><T31/><D31/><U90/><E134/><V76/><F75/><W20/><G127/><N who="0" m="48715" /><D101/><U133/><E133/><N who="2" m="51275" /><F54/><W59/><G100/><T78/><D65/><U109/><E109/><V82/><F82/><W49/><G37/><T64/><D64/><U130/><E121/><V2/><F2/><W40/><G3/><T81/><D71/><U74/><E30/><AGARI ba="1,0" hai="10,15,18,21,26,30,76,79,96,103,104" m="51275" machi="30" ten="30,1500,0" yaku="20,1" doraHai="42" who="2" fromWho="1" sc="327,0,192,-18,259,18,222,0" /><INIT seed="2,2,0,2,0,10" ten="327,174,277,222" oya="2" hai0="99,135,59,76,72,87,6,57,108,126,111,3,9" hai1="128,109,8,69,114,58,22,12,90,70,80,117,115" hai2="127,71,92,35,82,132,49,67,81,29,39,48,121" hai3="119,61,133,134,68,15,55,47,21,101,78,118,110"/><V32/><F121/><W123/><G123/><T36/><D36/><U97/><E117/><V88/><F39/><W65/><G78/><T79/><D72/><U53/><E128/><V20/><F132/><N who="3" m="50795" /><G101/><T51/><D135/><U98/><E109/><N who="0" m="42057" /><D126/><U37/><E37/><V96/><F127/><W41/><G110/><T24/><D24/><U46/><E70/><V91/><F35/><W74/><G74/><T23/><D23/><U56/><E69/><V95/><F32/><W45/><G21/><T14/><D3/><U1/><E22/><V105/><F105/><W26/><G26/><T16/><D6/><U116/><E1/><V43/><F43/><W40/><G15/><T102/><D51/><N who="2" m="19530" /><F71/><W124/><G55/><T63/><D87/><N who="1" m="50535" /><E115/><V130/><F67/><W83/><G83/><N who="2" m="31753" /><F130/><W122/><G122/><T27/><D27/><U54/><E114/><V5/><F5/><W103/><G103/><T25/><D25/><U106/><E106/><V33/><F33/><W17/><G17/><T104/><D63/><N who="1" m="36239" /><E46/><N who="3" m="17418" /><G124/><T89/><D89/><U38/><E38/><V7/><F7/><W64/><G64/><T84/><D84/><U107/><E107/><V0/><F0/><W93/><G118/><T28/><D28/><U120/><E116/><V60/><F60/><W77/><G119/><T30/><D30/><U129/><E129/><V42/><F20/><W86/><G40/><T62/><D57/><U131/><E120/><V44/><F29/><W4/><G4/><T85/><D85/><U73/><E131/><V113/><F113/><W66/><G41/><T31/><D31/><RYUUKYOKU ba="2,0" sc="327,30,174,-10,277,-10,222,-10" hai0="9,14,16,59,62,76,79,99,102,104" /><INIT seed="3,3,0,4,5,98" ten="357,164,267,212" oya="3" hai0="117,69,16,128,64,90,103,51,96,44,41,86,84" hai1="7,74,18,115,38,113,104,83,106,12,127,29,111" hai2="48,3,26,62,135,9,71,94,95,55,133,32,6" hai3="107,100,14,11,65,124,116,58,30,129,87,15,125"/><W56/><G116/><T66/><D117/><U20/><E38/><V120/><F120/><W89/><G30/><T88/><D128/><U40/><E40/><V101/><F32/><W102/><G129/><T42/><D42/><U49/><E111/><V10/><F10/><W126/><G107/><T67/><D69/><U13/><E127/><V105/><F26/><W123/><G123/><T114/><D114/><U1/><E49/><V75/><F75/><W76/><G76/><T61/><D61/><U22/><E83/><V37/><F37/><W131/><G15/><T21/><D103/><N who="3" m="39465" /><G65/><T4/><D4/><U91/><E91/><N who="0" m="34857" /><D96/><U54/><E74/><V80/><F80/><N who="3" m="49383" /><G131/><T25/><AGARI ba="3,0" hai="16,21,25,41,44,51,64,66,67,84,86" m="34857" machi="25" ten="30,4000,0" yaku="8,1,54,2" doraHai="98" who="0" fromWho="0" sc="357,49,164,-13,267,-13,212,-23" /><INIT seed="4,0,0,4,3,74" ten="406,151,254,189" oya="0" hai0="111,132,42,131,93,79,77,91,108,54,3,68,106" hai1="59,46,61,96,89,109,53,16,36,19,72,30,90" hai2="8,15,64,22,84,52,10,124,75,119,57,123,39" hai3="40,101,118,85,94,113,28,117,98,83,60,92,17"/><T27/><D106/><U49/><E109/><N who="0" m="42057" /><D68/><U7/><E72/><V97/><F123/><W125/><G28/><T32/><D3/><U43/><E7/><V99/><F75/><W29/><G29/><N who="0" m="19519" /><D132/><U81/><E30/><V2/><F124/><W121/><G125/><T107/><D107/><U127/><E127/><V44/><F119/><W104/><G40/><T88/><D131/><U50/><E36/><V26/><F2/><W66/><G113/><T48/><D42/><U34/><E34/><V56/><F39/><W133/><G133/><T116/><D116/><U62/><E90/><N who="0" m="34345" /><D93/><N who="1" m="56367" /><E81/><V103/><F103/><W6/><G94/><T45/><AGARI ba="0,0" hai="45,48,54,77,79" m="34345,19519,42057" machi="45" ten="30,11700,0" yaku="10,1,52,2,54,1" doraHai="74" who="0" fromWho="0" sc="406,117,151,-39,254,-39,189,-39" /><INIT seed="4,1,0,4,2,108" ten="523,112,215,150" oya="0" hai0="55,32,47,57,23,22,20,38,91,9,110,35,44" hai1="42,88,14,109,130,71,29,104,103,95,61,56,43" hai2="123,92,45,80,40,59,39,19,113,99,52,26,98" hai3="106,107,77,37,102,129,124,97,128,134,125,120,17"/><T133/><D110/><U68/><E109/><V122/><F80/><W101/><G37/><T53/><D133/><U24/><E130/><N who="3" m="50282" /><G120/><T114/><D9/><U82/><E82/><V13/><F99/><N who="3" m="61759" /><G17/><T66/><D66/><U116/><E116/><V131/><F131/><W79/><G134/><T58/><D38/><U36/><E104/><V5/><F5/><W7/><G7/><T73/><D20/><U105/><E103/><V30/><F30/><W132/><G132/><T76/><D91/><U81/><E81/><V84/><F84/><W51/><G51/><T117/><D76/><AGARI ba="1,0" hai="76,77,79,97,102,107,124,125" m="61759,50282" machi="76" ten="30,3900,0" yaku="19,1,34,2" doraHai="108" who="3" fromWho="0" sc="523,-42,112,0,215,0,150,42" /><INIT seed="5,0,0,4,1,39" ten="481,112,215,192" oya="1" hai0="86,15,97,78,66,117,116,125,12,108,98,9,115" hai1="95,67,100,74,51,88,45,135,73,110,44,87,102" hai2="85,5,2,0,75,10,129,124,3,4,131,14,76" hai3="105,29,101,25,96,32,64,18,62,22,58,47,17"/><U1/><E1/><N who="2" m="619" /><F75/><W54/><G32/><T83/><D115/><U28/><E135/><V111/><F76/><W41/><REACH who="3" step="1"/><G64/><REACH who="3" ten="481,112,215,182" step="2"/><T48/><D66/><U68/><E67/><V82/><F111/><W40/><G40/><T128/><D108/><U35/><E110/><V118/><F118/><W69/><G69/><T55/><D117/><U27/><E68/><V92/><F124/><W13/><G13/><T16/><D125/><U49/><E74/><V60/><F3/><W65/><G65/><T61/><D116/><U30/><E73/><V24/><F24/><W8/><G8/><T42/><D15/><U34/><E34/><V127/><F127/><W20/><G20/><T89/><D12/><U112/><E112/><V123/><F14/><W90/><G90/><T81/><D89/><U104/><E104/><V91/><F10/><W26/><G26/><T79/><D9/><U46/><REACH who="1" step="1"/><E28/><REACH who="1" ten="481,102,215,182" step="2"/><V132/><F132/><W43/><G43/><T80/><D42/><U63/><E63/><V134/><F60/><W6/><G6/><T52/><D61/><U121/><E121/><V99/><F134/><W57/><G57/><T72/><D72/><U70/><E70/><V84/><F123/><W56/><G56/><T103/><D16/><U50/><AGARI ba="0,2" hai="27,30,35,44,45,46,49,50,51,87,88,95,100,102" machi="50" ten="30,6000,0" yaku="1,1,0,1,54,1,53,0" doraHai="39" doraHaiUra="109" who="1" fromWho="1" sc="481,-20,102,80,215,-20,182,-20" /><INIT seed="5,1,0,5,3,49" ten="461,182,195,162" oya="1" hai0="134,12,95,8,10,32,74,11,24,107,7,59,117" hai1="47,119,81,55,9,70,97,79,2,1,120,132,83" hai2="0,65,109,100,116,90,84,133,25,45,129,52,130" hai3="41,115,48,98,6,102,106,20,126,89,77,22,92"/><U91/><E119/><V13/><F109/><W33/><G33/><T118/><D107/><U64/><E120/><V63/><F116/><W36/><G115/><T53/><D74/><U68/><E132/><V37/><F0/><W123/><G123/><T121/><D121/><U18/><E68/><V4/><F100/><W14/><G126/><T44/><D134/><U103/><E70/><V34/><F133/><W108/><G36/><T38/><D118/><U67/><E1/><V66/><F34/><W35/><G35/><T29/><D117/><U15/><E2/><V40/><F25/><W94/><G77/><T54/><D95/><N who="1" m="58815" /><E79/><V71/><F66/><N who="1" m="25129" /><E91/><V85/><F13/><W111/><G106/><T46/><D38/><U82/><E47/><V93/><F4/><W76/><G76/><T124/><D124/><U78/><E78/><V23/><F23/><W72/><G72/><T3/><D3/><U26/><E26/><V96/><F96/><W88/><G102/><T128/><D44/><U62/><E83/><V99/><F99/><N who="3" m="57735" /><G108/><T43/><D32/><U122/><E122/><V69/><F69/><W61/><G111/><T73/><D73/><U58/><AGARI ba="1,0" hai="9,15,18,55,58,62,81,82" m="25129,58815" machi="58" ten="30,3000,0" yaku="8,1,52,1" doraHai="49" who="1" fromWho="1" sc="461,-11,182,33,195,-11,162,-11" /><INIT seed="5,2,0,5,2,122" ten="450,215,184,151" oya="1" hai0="29,2,114,63,59,45,101,89,50,78,109,133,65" hai1="108,85,70,110,1,94,56,25,53,68,16,75,80" hai2="72,124,90,117,98,49,34,107,18,88,95,62,35" hai3="79,87,77,130,61,8,12,118,126,97,30,58,48"/><U15/><E1/><V100/><F117/><W73/><G126/><T42/><D109/><N who="1" m="42091" /><E94/><V54/><F124/><W125/><G73/><T10/><D114/><U83/><E25/><V84/><F62/><W28/><G130/><T26/><D133/><U91/><E75/><V57/><F72/><W115/><G115/><T51/><D101/><U96/><E96/><V37/><F37/><W19/><G97/><T66/><D26/><U47/><E47/><V40/><F40/><W38/><G118/><T17/><D45/><U5/><E5/><V106/><F106/><W32/><G87/><T36/><D42/><U129/><E83/><V43/><F43/><W4/><G4/><T52/><D2/><U120/><E120/><V93/><F18/><W99/><G19/><T44/><D44/><U55/><E129/><V119/><F119/><W123/><G123/><T127/><D17/><U21/><E55/><V14/><F14/><W111/><G12/><T31/><D52/><U128/><E128/><V82/><F82/><W24/><G24/><T74/><D74/><U132/><E132/><V131/><F131/><W46/><G46/><T3/><D3/><U22/><E22/><V67/><F67/><W39/><G125/><T86/><D31/><U112/><E112/><V103/><F103/><W69/><G30/><T41/><D29/><U23/><E23/><V60/><F60/><AGARI ba="2,0" hai="15,16,21,53,56,60,68,70,80,85,91" m="42091" machi="60" ten="30,12000,1" yaku="10,1,52,3,54,1" doraHai="122" who="1" fromWho="2" sc="450,0,215,126,184,-126,151,0" /><INIT seed="5,3,0,1,1,92" ten="450,341,58,151" oya="1" hai0="46,128,99,0,127,15,76,66,21,133,107,129,106" hai1="124,27,49,94,18,32,11,81,1,25,39,104,16" hai2="132,45,90,9,69,91,115,12,23,102,118,103,62" hai3="26,73,122,13,29,43,83,126,86,135,85,78,125"/><U97/><E39/><V59/><F118/><W61/><G122/><T47/><D0/><U68/><E104/><V121/><F121/><W52/><G135/><T7/><D133/><U98/><E68/><V114/><F132/><W130/><G43/><T34/><D127/><N who="3" m="48649" /><G13/><T65/><D34/><U31/><E124/><V22/><F69/><W36/><G36/><T5/><D76/><U40/><E81/><V63/><F45/><W2/><G2/><T35/><D35/><U33/><E94/><V84/><F84/><W89/><G89/><T100/><D21/><U95/><E95/><V93/><F93/><W14/><G14/><T111/><D111/><U87/><E87/><V17/><F12/><W75/><G75/><T134/><D134/><U123/><E123/><V4/><F4/><W96/><G96/><N who="1" m="36970" /><E32/><V112/><F9/><W60/><G85/><T77/><D107/><U72/><E33/><V6/><F6/><W54/><G86/><T19/><D77/><U109/><E109/><V57/><REACH who="2" step="1"/><F115/><REACH who="2" ten="450,341,48,151" step="2"/><W3/><G83/><T82/><D82/><U55/><E11/><V67/><F67/><W117/><G117/><T50/><D106/><U88/><E1/><V108/><F108/><W113/><G3/><T44/><D100/><U58/><E72/><V20/><F20/><W110/><G113/><T41/><D99/><U38/><E88/><V42/><F42/><W51/><G110/><T8/><D5/><U71/><E71/><V64/><F64/><N who="0" m="24682" /><D7/><U56/><E40/><V79/><F79/><W28/><G78/><T119/><D119/><U80/><E80/><RYUUKYOKU ba="3,1" sc="450,15,341,-15,48,15,151,-15" hai0="8,15,19,41,44,46,47,50,128,129" hai2="17,22,23,57,59,62,63,90,91,102,103,112,114" /><INIT seed="6,4,1,3,0,62" ten="465,326,63,136" oya="2" hai0="103,19,122,14,6,96,89,100,37,105,26,114,131" hai1="129,20,55,119,42,118,31,60,65,68,7,78,98" hai2="29,113,77,25,43,97,47,28,90,1,83,24,45" hai3="92,125,61,84,117,120,93,54,99,76,16,21,52"/><V53/><F1/><W106/><G117/><T57/><D37/><U59/><E129/><V132/><F132/><W11/><G120/><T107/><D122/><U17/><E78/><V46/><F113/><W2/><G106/><T115/><D131/><U67/><E31/><V32/><F53/><W94/><G125/><T41/><D41/><U70/><E7/><V135/><F135/><W56/><G2/><T88/><D57/><U39/><E98/><V85/><F97/><W128/><G11/><N who="0" m="4471" /><D103/><U91/><E91/><V134/><F134/><W15/><G128/><T127/><D107/><U101/><E101/><V38/><REACH who="2" step="1"/><F77/><REACH who="2" ten="465,326,53,136" step="2"/><W35/><G54/><T33/><D96/><U75/><E55/><V112/><F112/><W74/><G99/><T121/><D115/><U123/><E119/><V66/><F66/><W10/><G35/><AGARI ba="4,2" hai="24,25,28,29,32,35,38,43,45,46,47,83,85,90" machi="35" ten="30,5800,0" yaku="1,1,7,1,9,1,53,0" doraHai="62" doraHaiUra="95" who="2" fromWho="3" sc="465,0,326,0,53,90,136,-70" /><INIT seed="6,5,0,0,2,38" ten="465,326,143,66" oya="2" hai0="22,120,61,109,79,1,76,0,48,18,51,40,2" hai1="55,33,119,27,72,134,95,75,49,122,63,7,67" hai2="26,14,8,86,24,127,82,70,28,107,15,97,87" hai3="73,100,4,64,74,102,34,68,53,31,57,132,78"/><V129/><F70/><W21/><G34/><T35/><D109/><U92/><E119/><V60/><F60/><W116/><G116/><T80/><D120/><U23/><E33/><V46/><F129/><W103/><G132/><T101/><D35/><U121/><E7/><V108/><F108/><W43/><G4/><T58/><D101/><U131/><E134/><V12/><F127/><W117/><G117/><T114/><D114/><U124/><E131/><V56/><F8/><W59/><G68/><T115/><D115/><U44/><E75/><V133/><F133/><W71/><G71/><T85/><D79/><U83/><E83/><V125/><F125/><W123/><G123/><N who="1" m="47114" /><E72/><V20/><F26/><N who="3" m="16847" /><G78/><T128/><D40/><N who="1" m="24711" /><E124/><V41/><F56/><W42/><G73/><T118/><D118/><U94/><E67/><V29/><F29/><W39/><G39/><T104/><D104/><U37/><E37/><V135/><F135/><W65/><G74/><T89/><D76/><U30/><E55/><V52/><F52/><W13/><G13/><T25/><REACH who="0" step="1"/><D128/><REACH who="0" ten="455,326,143,66" step="2"/><U17/><E63/><V66/><F107/><W90/><G90/><T99/><D99/><U105/><E105/><V45/><F97/><W9/><G65/><AGARI ba="5,1" hai="0,1,2,18,22,25,48,51,58,61,65,80,85,89" machi="65" ten="40,1300,0" yaku="1,1,53,0" doraHai="38" doraHaiUra="10" who="0" fromWho="3" sc="455,38,326,0,143,0,66,-28" /><INIT seed="7,0,0,4,2,114" ten="493,326,143,38" oya="3" hai0="6,13,56,118,116,14,79,2,31,85,123,133,105" hai1="46,12,32,61,106,81,72,22,109,99,63,98,36" hai2="7,97,25,26,49,17,100,20,129,33,43,122,45" hai3="8,70,103,89,92,132,29,119,65,117,108,60,124"/><W113/><G113/><T51/><D105/><U42/><E32/><V57/><F129/><W76/><G124/><T120/><D2/><U16/><E109/><V35/><F122/><W104/><G132/><T131/><D31/><U121/><E121/><V38/><F7/><W24/><G108/><T52/><D123/><U73/><E73/><V115/><F115/><W53/><G76/><T58/><D120/><U64/><E106/><V135/><F135/><W134/><G134/><T5/><D133/><U101/><E101/><V71/><F71/><W62/><G8/><T126/><D131/><U19/><E63/><V80/><F80/><W50/><G62/><T78/><D85/><U59/><E19/><V0/><F0/><W87/><G103/><T21/><D21/><U41/><E41/><V93/><F26/><W130/><G104/><T11/><D126/><U37/><E37/><V47/><F57/><W23/><REACH who="3" step="1"/><G130/><REACH who="3" ten="493,326,143,28" step="2"/><T96/><D11/><U67/><E61/><V9/><F9/><W86/><G86/><T28/><D79/><U128/><E128/><V75/><F75/><W84/><G84/><T102/><D78/><U55/><E72/><V4/><F4/><W112/><G112/><T18/><D102/><U1/><E98/><V15/><F15/><W110/><G110/><T40/><D5/><U68/><E99/><V69/><F69/><W83/><G83/><T90/><D6/><U3/><E81/><V66/><F100/><W30/><G30/><T44/><D96/><U95/><E68/><V77/><F77/><W111/><G111/><T27/><D28/><RYUUKYOKU ba="0,1" sc="493,-10,326,-10,143,-10,28,30" hai3="23,24,29,50,53,60,65,70,87,89,92,117,119" /><INIT seed="7,1,1,5,5,69" ten="483,316,133,58" oya="3" hai0="95,124,76,64,56,122,37,114,51,97,0,113,96" hai1="85,106,82,29,78,105,87,39,19,132,89,121,134" hai2="53,30,129,6,118,36,20,33,66,71,130,62,65" hai3="99,119,18,90,44,57,28,131,1,116,86,101,110"/><W77/><G110/><T123/><D37/><U81/><E121/><V88/><F118/><W74/><G131/><N who="2" m="50185" /><F36/><W7/><G28/><T35/><D0/><U15/><E39/><V72/><F72/><W43/><G57/><T104/><D76/><U91/><E78/><V16/><F6/><W34/><G34/><T13/><D35/><U14/><E29/><V100/><F100/><W107/><G18/><AGARI ba="1,1" hai="14,15,18,19,81,82,85,87,89,91,105,106,132,134" machi="18" ten="25,1600,0" yaku="22,2" doraHai="69" who="1" fromWho="3" sc="483,0,316,29,133,0,58,-19" owari="483,58.0,345,15.0,133,-27.0,39,-46.0" /></mjloggm>