<mjloggm ver="2.3"><GO type="225" lobby="0"/><UN n0="%E9%9F%93%E8%A1%9B%E9%9D%92" n1="%E3%81%8D%E3%82%82" n2="%E3%82%AF%E3%82%A3%E3%82%A6" n3="%E8%A8%88%E7%AE%97%E6%A9%9F%E8%87%AA%E7%84%B6" dan="16,16,16,17" rate="2189.14,2075.44,2101.09,2244.91" sx="F,M,M,M"/><TAIKYOKU oya="0"/><INIT seed="0,0,0,1,5,78" ten="250,250,250,250" oya="0" hai0="33,80,54,91,116,25,96,15,11,113,124,56,74" hai1="38,6,98,84,7,135,83,71,129,48,10,101,14" hai2="1,20,106,59,13,63,112,114,122,118,32,49,97" hai3="36,117,95,100,55,125,27,123,3,23,18,130,86"/><T72/><D113/><U73/><E73/><V35/><F49/><W103/><G117/><T105/><D116/><U121/><E38/><V67/><F59/><W120/><G3/><T45/><D124/><U0/><E129/><V94/><F63/><W16/><G36/><T107/><D33/><U134/><E71/><V104/><F67/><W50/><G125/><T88/><D25/><U66/><E66/><V133/><F94/><W119/><G119/><T34/><D34/><N who="2" m="12842" /><F97/><W61/><G61/><T9/><D9/><U31/><E48/><V79/><F79/><W22/><G130/><T40/><D105/><U42/><E42/><V12/><F118/><W102/><G86/><N who="0" m="50247" /><D107/><U30/><E0/><V47/><F47/><W131/><G131/><T87/><D96/><U17/><E134/><V76/><F122/><N who="3" m="46635" /><G95/><N who="0" m="54783" /><D40/><U93/><E121/><V81/><F133/><W58/><G102/><T57/><D72/><U69/><E69/><V127/><F127/><W108/><G108/><T4/><D74/><U60/><E60/><V89/><F1/><W90/><G90/><T109/><D109/><U85/><E135/><V126/><F126/><W68/><G68/><T29/><D29/><N who="1" m="10763" /><E85/><V75/><F112/><W5/><G5/><T43/><D43/><U19/><E7/><V82/><F114/><W62/><G62/><T24/><D24/><AGARI ba="0,0" hai="16,18,22,23,24,27,50,55,58,100,103" m="46635" machi="24" ten="30,2000,0" yaku="13,1,54,1" doraHai="78" who="3" fromWho="0" sc="250,-20,250,0,250,0,250,20" /><INIT seed="1,0,0,2,0,80" ten="230,250,250,270" oya="1" hai0="84,116,132,9,78,86,63,19,119,121,128,125,33" hai1="39,115,105,18,113,48,118,65,56,102,60,1,106" hai2="6,96,50,41,95,25,87,93,42,135,29,8,23" hai3="94,127,97,2,112,32,28,131,85,26,81,20,40"/><U89/><E118/><V61/><F135/><W73/><G112/><T36/><D36/><U104/><E39/><V51/><F61/><W129/><G2/><T126/><D33/><U109/><E109/><V30/><F30/><W43/><G73/><T38/><D38/><U27/><E1/><V74/><F74/><W64/><G32/><T101/><D132/><U66/><E102/><V103/><F50/><W49/><G64/><T37/><D37/><U4/><E4/><V7/><F51/><W117/><G127/><N who="0" m="48651" /><D128/><N who="3" m="49225" /><G49/><T24/><D121/><U52/><E89/><N who="2" m="53439" /><F8/><W88/><G117/><N who="0" m="45131" /><D101/><AGARI ba="0,0" hai="20,26,28,40,43,81,85,88,94,97,101" m="49225" machi="101" ten="30,3900,0" yaku="19,1,52,1,54,1" doraHai="80" who="3" fromWho="0" sc="230,-39,250,0,250,0,270,39" /><INIT seed="2,0,0,4,0,76" ten="191,250,250,309" oya="2" hai0="83,26,92,122,32,31,24,134,114,133,107,12,71" hai1="48,94,59,27,43,54,38,78,131,44,6,14,49" hai2="21,29,11,47,40,23,74,113,16,56,65,75,10" hai3="70,105,90,87,61,98,104,4,57,68,46,116,88"/><V111/><F113/><W125/><G116/><T106/><D114/><U20/><E131/><V34/><F75/><W39/><G125/><T8/><D122/><U91/><E78/><V100/><F74/><W118/><G118/><T109/><D71/><U96/><E14/><V126/><F100/><W130/><G4/><T30/><D109/><U18/><REACH who="1" step="1"/><E6/><REACH who="1" ten="191,240,250,309" step="2"/><V81/><F111/><W93/><G130/><T89/><D133/><U101/><E101/><V3/><F3/><W19/><G90/><T77/><D134/><U13/><E13/><V22/><F126/><W69/><G19/><T33/><D12/><U63/><AGARI ba="0,1" hai="18,20,27,38,43,44,48,49,54,59,63,91,94,96" machi="63" ten="20,8000,1" yaku="1,1,0,1,7,1,25,2,53,0" doraHai="76" doraHaiUra="9" who="1" fromWho="1" sc="191,-20,240,90,250,-40,309,-20" /><INIT seed="3,0,0,3,2,60" ten="171,330,210,289" oya="3" hai0="14,22,90,29,33,85,97,92,51,66,34,121,4" hai1="75,9,71,2,35,42,109,110,123,54,124,130,119" hai2="96,91,8,15,50,69,36,111,125,10,12,30,11" hai3="49,56,76,79,89,28,98,73,132,122,48,95,17"/><W31/><G122/><T47/><D121/><U64/><RYUUKYOKU type="yao9" ba="0,0" sc="171,0,330,0,210,0,289,0" hai1="2,9,35,42,54,64,71,75,109,110,119,123,124,130" /><INIT seed="3,1,0,5,2,3" ten="171,330,210,289" oya="3" hai0="75,105,47,85,86,4,117,133,48,126,15,67,16" hai1="78,115,102,66,2,116,80,91,29,58,9,132,87" hai2="17,57,36,30,45,125,101,49,52,26,37,10,46" hai3="56,94,83,60,114,77,42,134,64,73,99,81,13"/><W62/><G114/><T72/><D117/><U20/><E115/><V69/><F125/><W34/><G34/><T103/><D126/><U128/><E132/><V18/><F69/><W39/><G134/><T63/><D133/><U51/><E128/><V90/><F101/><W79/><G39/><T84/><D105/><U55/><E116/><V11/><F30/><W54/><G42/><T25/><D103/><U121/><E121/><V21/><F37/><W0/><G0/><T119/><D119/><U61/><E102/><V23/><F36/><W35/><G35/><T28/><D72/><U96/><E2/><V124/><F124/><W68/><G13/><T43/><D75/><U100/><E9/><N who="2" m="3083" /><F90/><W6/><G6/><T123/><D123/><U82/><E29/><V92/><F92/><W44/><G44/><T27/><D28/><U31/><E31/><V24/><AGARI ba="1,0" hai="17,18,21,23,24,26,45,46,49,52,57" m="3083" machi="24" ten="30,2000,0" yaku="8,1,54,1" doraHai="3" who="2" fromWho="2" sc="171,-6,330,-6,210,23,289,-11" owari="165,-33.0,324,42.0,233,-17.0,278,8.0" /></mjloggm>