<mjloggm ver="2.3"><GO type="169" lobby="0"/><UN n0="%73%65%61%73%74%6F%72%79" n1="%E3%81%97%E3%82%89%E3%82%86%E3%81%8D%E2%99%AA" n2="%E5%BD%A9%E4%BA%AC" n3="%E3%81%8B%E3%81%8B%E3%81%8B%E3%81%8B" dan="16,16,17,16" rate="2096.00,2013.19,2205.82,2145.22" sx="M,M,M,M"/><TAIKYOKU oya="0"/><INIT seed="0,0,0,5,4,34" ten="250,250,250,250" oya="0" hai0="57,0,25,126,65,121,86,45,42,51,84,77,97" hai1="68,81,98,11,24,78,120,128,43,27,18,100,26" hai2="61,131,66,9,48,117,39,56,129,14,116,95,111" hai3="17,12,1,104,4,109,83,134,20,64,73,113,32"/><T96/><D121/><U114/><E128/><N who="2" m="49227" /><F39/><W93/><G104/><T94/><D126/><U92/><E114/><V118/><F95/><W88/><G113/><T7/><D25/><U89/><E68/><V79/><F79/><W108/><G32/><T135/><D135/><U67/><E67/><V127/><F127/><W132/><G64/><T99/><D77/><U76/><E43/><V35/><F35/><W80/><G73/><T107/><D107/><U10/><E120/><V49/><F111/><N who="3" m="42571" /><G4/><AGARI ba="0,0" hai="4,9,14,48,49,56,61,66,116,117,118" m="49227" machi="4" ten="40,2600,0" yaku="12,1,19,1" doraHai="34" who="2" fromWho="3" sc="250,0,250,0,250,26,250,-26" /><INIT seed="1,0,0,5,3,70" ten="250,250,276,224" oya="1" hai0="17,6,99,52,51,50,5,23,92,82,107,93,81" hai1="30,12,114,42,14,87,131,119,117,73,75,32,134" hai2="34,49,43,101,16,24,111,77,20,78,37,94,4" hai3="62,69,113,115,18,103,123,109,29,1,132,100,10"/><U0/><E114/><V124/><F111/><W11/><G123/><T89/><D107/><U2/><E42/><V130/><F49/><W71/><G29/><T118/><D118/><U41/><E41/><V84/><F34/><W27/><G1/><T39/><D39/><U68/><E87/><V85/><F4/><N who="0" m="1642" /><D50/><U67/><E67/><V97/><F130/><W65/><G65/><T28/><D93/><U8/><E68/><V3/><F3/><W102/><G102/><T72/><D28/><U91/><E30/><V60/><F124/><W31/><G31/><T105/><D105/><U88/><E32/><V83/><F60/><W76/><G76/><T35/><D35/><U53/><E8/><V25/><F25/><W106/><G18/><T74/><D74/><U40/><E40/><V108/><F108/><W126/><G109/><T59/><D72/><U121/><E53/><V66/><F66/><W33/><G33/><T125/><D125/><U21/><E21/><V47/><REACH who="2" step="1"/><F78/><REACH who="2" ten="250,250,266,224" step="2"/><W44/><G126/><T104/><D104/><U45/><E131/><V112/><F112/><W19/><G106/><T7/><D7/><U135/><REACH who="1" step="1"/><E45/><REACH who="1" ten="250,240,266,224" step="2"/><V80/><F80/><W86/><G44/><T63/><D51/><U54/><E54/><V79/><F79/><W95/><G115/><T61/><D61/><U38/><E38/><V133/><F133/><W128/><G113/><T13/><AGARI ba="0,2" hai="13,17,23,52,59,63,81,82,89,92,99" m="1642" machi="13" ten="30,2000,0" yaku="8,1,54,1" doraHai="70" who="0" fromWho="0" sc="250,40,240,-10,266,-5,224,-5" /><INIT seed="2,0,0,3,2,123" ten="290,230,261,219" oya="2" hai0="67,110,64,58,37,84,102,120,31,87,6,78,36" hai1="28,59,63,103,18,40,17,49,10,26,114,66,20" hai2="15,39,42,92,0,116,54,68,51,107,131,97,32" hai3="16,27,105,128,55,52,77,118,41,95,12,134,60"/><V70/><F32/><W48/><G105/><T30/><D120/><U5/><E114/><V72/><F0/><W23/><G118/><T61/><D102/><U25/><E25/><V4/><F72/><W21/><G134/><T13/><D78/><U125/><E125/><V132/><F107/><W80/><G128/><T44/><D44/><U45/><REACH who="1" step="1"/><E103/><REACH who="1" ten="290,220,261,219" step="2"/><V22/><F116/><W100/><G60/><T11/><D61/><U3/><AGARI ba="0,1" hai="3,5,10,17,18,20,26,28,40,45,49,59,63,66" machi="3" ten="20,5200,0" yaku="1,1,2,1,0,1,7,1,53,0" doraHai="123" doraHaiUra="96" who="1" fromWho="1" sc="290,-13,220,62,261,-26,219,-13" /><INIT seed="3,0,0,1,0,132" ten="277,282,235,206" oya="3" hai0="93,32,67,0,121,100,123,6,42,117,64,27,13" hai1="111,5,131,4,56,51,28,55,129,127,48,103,119" hai2="112,1,50,36,113,9,72,60,73,71,69,118,106" hai3="90,75,128,17,25,14,20,108,57,115,116,98,124"/><W43/><G116/><T86/><D117/><U65/><E103/><V30/><F118/><W37/><G115/><T77/><D0/><U19/><E28/><V34/><F106/><W39/><G75/><T83/><D123/><U92/><E119/><V107/><F50/><W89/><G128/><T18/><D121/><U58/><E19/><V23/><F107/><W29/><G108/><T7/><D32/><U70/><E92/><V104/><F104/><W12/><G12/><T35/><D35/><U26/><E26/><V11/><F23/><W63/><G124/><T97/><D42/><U79/><E79/><V54/><F36/><W46/><G98/><T22/><D6/><U44/><E70/><V105/><F105/><W66/><REACH who="3" step="1"/><G37/><REACH who="3" ten="277,282,235,196" step="2"/><T41/><D13/><U2/><E111/><V52/><F73/><W120/><G120/><T78/><D97/><U53/><E129/><V40/><F72/><W49/><G49/><T126/><D126/><U61/><E127/><V130/><F113/><W95/><G95/><T82/><D93/><U8/><E131/><V122/><F130/><W88/><G88/><T80/><D100/><U74/><E74/><V16/><F112/><W114/><G114/><T110/><D110/><U76/><E76/><V85/><F122/><W94/><G94/><T21/><D78/><U24/><E24/><V62/><F1/><W133/><G133/><T59/><D27/><U99/><E99/><V3/><F3/><W31/><G31/><T87/><D77/><U109/><E109/><V101/><F30/><W125/><G125/><T96/><D96/><RYUUKYOKU ba="0,1" sc="277,-15,282,15,235,-15,196,15" hai1="2,4,5,8,44,48,51,53,55,56,58,61,65" hai3="14,17,20,25,29,39,43,46,57,63,66,89,90" /><INIT seed="3,1,1,1,4,23" ten="262,297,220,211" oya="3" hai0="78,30,115,10,39,103,122,68,84,126,132,26,28" hai1="63,36,77,4,101,47,116,106,62,119,52,129,16" hai2="45,96,40,0,125,76,80,85,65,128,12,124,35" hai3="41,70,3,90,102,37,27,53,43,130,127,51,14"/><W71/><G3/><T15/><D122/><U64/><E4/><V95/><F0/><W72/><G72/><T48/><D39/><U24/><E77/><V120/><F35/><W5/><G102/><T109/><D68/><U6/><E6/><V135/><F128/><W9/><G127/><N who="2" m="48713" /><F135/><W2/><G2/><T56/><D132/><U18/><E129/><V31/><F31/><W105/><G105/><T8/><D115/><U25/><E101/><V87/><F65/><W110/><G130/><T55/><D30/><U29/><E106/><V99/><F12/><W79/><G79/><T21/><D126/><U123/><E123/><V86/><F120/><W34/><G37/><T107/><D109/><U73/><E73/><N who="2" m="43023" /><F95/><W46/><G110/><T94/><D107/><U113/><E113/><V66/><F66/><W117/><G71/><T81/><D15/><U19/><E29/><V83/><F83/><W49/><G70/><T57/><D56/><N who="1" m="35079" /><E47/><V100/><F100/><W91/><G34/><T13/><D13/><U108/><E36/><AGARI ba="1,1" hai="36,40,45,85,86,87,96,99" m="43023,48713" machi="36" ten="30,1000,0" yaku="18,1" doraHai="23" who="2" fromWho="1" sc="262,0,297,-13,220,23,211,0" /><INIT seed="4,0,0,2,3,50" ten="262,284,243,211" oya="0" hai0="6,4,88,36,114,93,7,95,113,55,77,103,8" hai1="91,97,21,78,54,90,83,60,98,122,15,61,25" hai2="135,132,129,43,53,130,134,75,12,27,47,29,56" hai3="116,57,79,67,28,87,18,84,22,73,126,31,121"/><T131/><D36/><U86/><E122/><V76/><F75/><W125/><G116/><T85/><D131/><N who="2" m="50186" /><F76/><W26/><G73/><T102/><D77/><U118/><E118/><V42/><F47/><W33/><G121/><T111/><D111/><U115/><E15/><V124/><F12/><W104/><G104/><T99/><D8/><U44/><E115/><V38/><F38/><W46/><G46/><T70/><D70/><U0/><E0/><V101/><F101/><W51/><G87/><T23/><D23/><U20/><E78/><V11/><F11/><W92/><G92/><T3/><D3/><U10/><E10/><V106/><F106/><W117/><G117/><T2/><D2/><U41/><E21/><N who="2" m="15599" /><F124/><N who="3" m="47723" /><G33/><T59/><REACH who="0" step="1"/><D103/><REACH who="0" ten="252,284,243,211" step="2"/><U66/><E20/><V128/><F128/><W13/><G13/><T72/><D72/><U127/><E127/><V89/><F89/><W110/><G110/><T107/><D107/><U30/><E90/><V39/><F39/><W37/><G37/><T69/><D69/><U109/><E109/><V120/><F120/><W64/><G28/><T81/><D81/><U32/><E30/><V17/><F17/><W48/><G31/><T65/><D65/><U1/><E66/><V71/><F71/><W35/><G35/><T19/><D19/><U52/><E32/><V74/><F74/><W14/><G14/><T49/><AGARI ba="0,1" hai="4,6,7,49,55,59,85,88,93,95,99,102,113,114" machi="49" ten="30,11700,0" yaku="1,1,0,1,52,1,54,1,53,0" doraHai="50" doraHaiUra="63" who="0" fromWho="0" sc="252,127,284,-39,243,-39,211,-39" /><INIT seed="4,1,0,0,0,83" ten="379,245,204,172" oya="0" hai0="113,5,107,22,84,15,69,60,18,130,121,133,93" hai1="55,79,73,82,110,30,63,106,10,127,9,66,1" hai2="2,77,131,111,118,125,65,70,122,53,58,114,54" hai3="35,135,16,78,33,103,17,104,68,74,46,80,98"/><T105/><D121/><U62/><E110/><V88/><F2/><W48/><G135/><T40/><D133/><U29/><E106/><V76/><F122/><W8/><G68/><T23/><D130/><U4/><E127/><V134/><F134/><W57/><G57/><T109/><D109/><U67/><E55/><N who="2" m="21003" /><F70/><W49/><G49/><T25/><D40/><U61/><REACH who="1" step="1"/><E10/><REACH who="1" ten="379,235,204,172" step="2"/><V102/><F111/><W47/><G8/><T124/><D124/><U117/><E117/><V36/><F118/><W50/><G104/><T24/><D107/><U123/><E123/><V64/><F125/><W89/><G35/><T27/><D105/><U45/><E45/><V14/><F131/><W31/><G46/><T51/><D113/><U3/><E3/><V90/><F114/><W71/><G33/><T32/><D32/><U86/><E86/><V97/><F65/><AGARI ba="1,1" hai="1,4,9,29,30,61,62,63,65,66,67,73,79,82" machi="65" ten="40,5200,0" yaku="1,1,53,2" doraHai="83" doraHaiUra="26" who="1" fromWho="2" sc="379,0,235,65,204,-55,172,0" /><INIT seed="5,0,0,4,4,58" ten="379,300,149,172" oya="1" hai0="13,34,122,116,74,89,55,46,50,106,109,93,90" hai1="135,4,22,23,107,45,6,73,85,78,130,123,11" hai2="94,103,28,77,29,132,49,47,57,82,33,59,83" hai3="121,104,54,115,16,12,60,114,35,70,71,51,81"/><U87/><E123/><V65/><F132/><W40/><G121/><T72/><D122/><U66/><E107/><V3/><F3/><W2/><G2/><T42/><D106/><U117/><E117/><V48/><F33/><W131/><G35/><T14/><D34/><U133/><E130/><V36/><F36/><W67/><G71/><T27/><D116/><U44/><E66/><V95/><F65/><W119/><G119/><T118/><D118/><U69/><E69/><V39/><F39/><W5/><G5/><T86/><D27/><U63/><E11/><V17/><F17/><W9/><G40/><T8/><D109/><U15/><E15/><V0/><F0/><W111/><G111/><T96/><D42/><U43/><E78/><V101/><REACH who="2" step="1"/><F47/><REACH who="2" ten="379,300,139,172" step="2"/><N who="3" m="28031" /><G131/><T38/><D38/><U120/><E120/><V125/><F125/><W30/><G30/><T52/><D14/><U112/><E44/><V20/><F20/><W98/><G115/><T88/><D13/><U97/><E112/><V126/><F126/><W99/><G114/><T25/><D8/><U7/><E45/><V102/><F102/><W100/><G100/><T61/><D25/><U127/><E127/><V92/><F92/><W18/><G104/><T124/><D124/><U21/><E21/><V76/><AGARI ba="0,1" hai="28,29,48,49,57,59,76,77,82,83,94,95,101,103" machi="76" ten="25,8000,1" yaku="1,1,0,1,22,2,8,1,53,0" doraHai="58" doraHaiUra="37" who="2" fromWho="2" sc="379,-20,300,-40,139,90,172,-20" /><INIT seed="6,0,0,4,3,124" ten="359,260,229,152" oya="2" hai0="129,50,100,126,40,30,21,79,106,76,95,107,6" hai1="26,117,62,53,130,45,15,27,1,34,57,112,116" hai2="113,32,80,98,46,7,69,109,120,93,49,12,19" hai3="122,17,101,134,132,2,29,88,75,61,92,78,77"/><V16/><F69/><W118/><G2/><T115/><D126/><U105/><E1/><V111/><F32/><W119/><G29/><T123/><D123/><U38/><E105/><V25/><F120/><W127/><G122/><T74/><D6/><U104/><E104/><V64/><F113/><W81/><G17/><T103/><D115/><U58/><E38/><V59/><F80/><N who="3" m="45119" /><G61/><T108/><D108/><N who="2" m="41546" /><F25/><W86/><G101/><T14/><D74/><U99/><E45/><V11/><F59/><W84/><G127/><T51/><D30/><U63/><E34/><V114/><F114/><W85/><G85/><T33/><D33/><U67/><E99/><V73/><F64/><W89/><G89/><T44/><D44/><U39/><E112/><V110/><N who="2" m="41554" /><V4/><DORA hai="23" /><F4/><W56/><G56/><T31/><D31/><U37/><E67/><V82/><F82/><W65/><G65/><T41/><D14/><U22/><E15/><V96/><F73/><W91/><G91/><T128/><D21/><U68/><E22/><V83/><F83/><W66/><G66/><T35/><D35/><U94/><E68/><V60/><F60/><W70/><G70/><T42/><D40/><U54/><E94/><AGARI ba="0,0" hai="41,42,50,51,76,79,94,95,100,103,106,107,128,129" machi="94" ten="25,6400,0" yaku="22,2,52,2" doraHai="124,23" who="0" fromWho="1" sc="359,64,260,-64,229,0,152,0" /><INIT seed="7,0,0,5,5,88" ten="423,196,229,152" oya="3" hai0="73,79,91,128,119,70,108,43,113,36,109,90,53" hai1="101,25,19,76,105,54,116,83,95,65,7,74,2" hai2="133,97,103,130,85,59,39,16,127,72,37,13,52" hai3="38,45,1,24,11,114,20,110,94,84,41,57,42"/><W58/><G114/><T80/><D70/><U121/><E121/><V44/><F72/><W98/><G110/><T107/><D119/><U129/><E116/><V63/><F130/><W99/><G42/><T15/><D107/><U21/><E65/><V46/><F133/><W61/><G58/><T131/><D15/><U27/><E7/><V26/><F127/><W77/><G1/><T33/><D33/><U40/><E40/><V10/><F39/><W66/><G11/><T30/><D30/><U9/><E2/><V6/><F85/><W47/><G47/><N who="0" m="24039" /><D53/><U69/><E9/><V62/><F62/><W82/><REACH who="3" step="1"/><G94/><REACH who="3" ten="423,196,229,142" step="2"/><T96/><D113/><U122/><E95/><N who="2" m="58815" /><F37/><W81/><G81/><T124/><D109/><U5/><E83/><V71/><F71/><W111/><G111/><T100/><D108/><U112/><E69/><V134/><F134/><W102/><G102/><T86/><D124/><U115/><E101/><V104/><F104/><W60/><G60/><T132/><D132/><U49/><E105/><V35/><F46/><W51/><G51/><T118/><D118/><U92/><E49/><V0/><F44/><W56/><G56/><T31/><D80/><U117/><E115/><V67/><F0/><W55/><G55/><T28/><D100/><U23/><E54/><V64/><F52/><W18/><AGARI ba="0,1" hai="18,20,24,38,41,45,57,61,66,77,82,84,98,99" machi="18" ten="20,3900,0" yaku="1,1,0,1,7,1,53,0" doraHai="88" doraHaiUra="50" who="3" fromWho="3" sc="423,-13,196,-13,229,-13,142,49" /><INIT seed="7,1,0,2,1,25" ten="410,183,216,191" oya="3" hai0="106,37,101,90,91,31,10,71,62,99,41,65,93" hai1="121,20,8,135,127,103,114,29,75,117,125,53,11" hai2="98,30,107,50,130,120,113,14,38,15,95,43,133" hai3="70,19,134,48,18,102,116,44,87,55,66,17,89"/><W129/><G116/><T51/><D37/><U105/><E121/><V97/><F113/><W9/><G134/><T124/><D124/><N who="1" m="47691" /><E135/><V45/><F133/><W80/><G129/><T26/><D10/><U115/><E75/><V118/><F118/><W4/><G102/><T104/><D104/><U132/><E132/><V16/><F130/><W36/><G36/><T47/><D93/><U5/><E117/><V74/><F74/><W22/><G70/><T13/><D13/><N who="1" m="5263" /><E11/><V3/><F3/><W34/><G34/><AGARI ba="1,0" hai="26,31,34,41,47,51,62,65,71,90,91,99,101,106" machi="34" ten="30,7700,0" yaku="7,1,25,2,52,1" doraHai="25" who="0" fromWho="3" sc="410,80,183,0,216,0,191,-80" owari="490,59.0,183,-22.0,216,2.0,111,-39.0" /></mjloggm>