<mjloggm ver="2.3"><GO type="169" lobby="0"/><UN n0="%E3%81%A6%E3%82%93%E3%81%A6%E3%81%93%E7%8B%90" n1="%E3%81%8A%E3%82%8A%E3%81%BE%E3%81%A4" n2="%E8%8F%8A%E7%94%B0%E5%84%AA%E4%B8%80%E9%83%8E" n3="%67%75%73%68" dan="16,16,16,16" rate="2196.58,2083.08,2034.46,2137.41" sx="M,M,M,M"/><TAIKYOKU oya="0"/><INIT seed="0,0,0,0,5,127" ten="250,250,250,250" oya="0" hai0="14,64,71,3,105,81,75,114,9,131,51,63,40" hai1="82,68,23,129,125,46,18,94,41,80,39,134,98" hai2="57,42,24,99,102,6,16,66,128,33,35,87,135" hai3="112,113,50,49,69,124,58,77,86,93,88,130,91"/><T56/><D105/><U85/><E68/><V96/><F135/><W104/><G69/><T110/><D114/><N who="3" m="44137" /><G58/><T121/><D131/><U101/><E125/><V95/><F6/><W27/><G27/><T20/><D121/><U103/><E134/><V65/><F42/><W32/><G32/><T54/><D110/><U47/><E103/><V59/><F87/><N who="3" m="52383" /><G49/><T34/><D34/><U13/><E129/><V62/><F128/><W44/><G50/><T111/><D111/><U116/><E116/><V126/><F126/><W97/><G44/><T2/><D20/><U106/><E106/><V89/><F16/><W107/><G124/><T123/><D123/><U17/><E85/><V79/><F24/><W117/><G117/><T21/><D21/><U118/><E118/><V83/><F59/><W60/><G60/><T30/><D30/><U12/><REACH who="1" step="1"/><E46/><REACH who="1" ten="250,240,250,250" step="2"/><V133/><F133/><W55/><G130/><T115/><D115/><U37/><E37/><V4/><F102/><W70/><G70/><T73/><D73/><U11/><AGARI ba="0,1" hai="11,12,13,17,18,23,39,41,47,80,82,94,98,101" machi="11" ten="20,2700,0" yaku="1,1,0,1,7,1,53,0" doraHai="127" doraHaiUra="45" who="1" fromWho="1" sc="250,-13,240,37,250,-7,250,-7" /><INIT seed="1,0,0,1,2,76" ten="237,277,243,243" oya="1" hai0="67,133,94,92,44,13,122,43,64,45,20,74,56" hai1="97,87,42,105,131,129,68,102,16,49,90,33,126" hai2="37,6,71,63,115,69,48,125,10,95,62,98,121" hai3="15,81,101,23,100,72,1,25,2,7,80,128,110"/><U46/><E33/><V0/><F121/><W135/><G110/><T61/><D133/><U130/><E68/><V38/><F125/><W108/><G108/><T27/><D122/><U109/><E109/><V18/><F48/><W132/><G15/><T70/><D74/><U134/><E134/><N who="3" m="51242" /><G72/><T84/><D67/><U89/><E126/><V19/><F115/><W35/><G35/><T50/><D70/><U79/><REACH who="1" step="1"/><E16/><REACH who="1" ten="237,267,243,243" step="2"/><V12/><F19/><N who="3" m="12543" /><G128/><T83/><D13/><U59/><E59/><V39/><F71/><W60/><G7/><T107/><D45/><U30/><E30/><V34/><F69/><W14/><G14/><T17/><REACH who="0" step="1"/><D107/><REACH who="0" ten="227,267,243,243" step="2"/><U26/><E26/><V78/><F0/><W73/><G1/><T75/><D75/><U65/><E65/><V114/><F12/><W3/><G2/><T51/><D51/><U120/><E120/><V104/><F104/><W54/><G73/><T29/><D29/><U93/><E93/><V124/><F95/><W96/><G3/><T40/><D40/><U52/><E52/><V106/><F124/><W5/><G54/><T22/><D22/><U28/><E28/><V58/><F106/><W112/><G60/><T21/><D21/><U116/><E116/><V88/><F63/><W31/><G31/><T8/><D8/><U4/><E4/><V55/><F6/><W118/><G5/><T41/><D41/><U113/><E113/><V103/><F62/><W85/><G112/><T53/><D53/><U9/><E9/><V24/><F55/><W47/><G118/><T57/><D57/><U127/><E127/><RYUUKYOKU ba="0,2" sc="227,15,267,15,243,-15,243,-15" hai0="17,20,27,43,44,50,56,61,64,83,84,92,94" hai1="42,46,49,79,87,89,90,97,102,105,129,130,131" /><INIT seed="1,1,2,5,5,113" ten="242,282,228,228" oya="1" hai0="39,103,52,135,120,68,80,65,17,32,117,73,118" hai1="84,89,126,60,38,19,124,41,115,121,62,119,15" hai2="87,13,132,57,133,42,109,20,46,104,69,81,91" hai3="5,92,10,127,99,131,28,7,111,78,40,79,25"/><U49/><E115/><V129/><F104/><W64/><G111/><T16/><D39/><U101/><E121/><V76/><F69/><W67/><G127/><N who="1" m="48682" /><E38/><V30/><F129/><W26/><G131/><T2/><D103/><U21/><E101/><V45/><F57/><W134/><G134/><T18/><D135/><U61/><E119/><V102/><F102/><W51/><G40/><T50/><D120/><U1/><E1/><V106/><F106/><W44/><G67/><T36/><D2/><U83/><E41/><V72/><F109/><W54/><G64/><T14/><D36/><U27/><E49/><V48/><F46/><W116/><G116/><T43/><D43/><U95/><E27/><N who="3" m="10250" /><G28/><T70/><D32/><U75/><E75/><V63/><F30/><W110/><G110/><T33/><D33/><U105/><E105/><V24/><F24/><W88/><G10/><T31/><D31/><U0/><E0/><V93/><F63/><W128/><G128/><T94/><D94/><AGARI ba="1,2" hai="15,19,21,60,61,62,83,84,89,94,95" m="48682" machi="94" ten="30,1500,0" yaku="18,1" doraHai="113" who="1" fromWho="0" sc="242,-18,282,38,228,0,228,0" /><INIT seed="1,2,0,1,4,53" ten="224,320,228,228" oya="1" hai0="90,35,62,2,14,74,131,26,9,93,33,43,121" hai1="95,117,24,83,57,52,112,135,120,106,81,125,47" hai2="88,34,30,44,40,5,116,50,89,127,38,123,108" hai3="27,58,22,114,101,124,79,10,4,70,100,77,39"/><U16/><E106/><V82/><F116/><W91/><G70/><T119/><D74/><U65/><E112/><V75/><F123/><W113/><G39/><T76/><D119/><U8/><E120/><V129/><F127/><W1/><G124/><T71/><D121/><U134/><E125/><V32/><F108/><W130/><G130/><T49/><D76/><U111/><E117/><V48/><F129/><W61/><G91/><T7/><D131/><U66/><E47/><V51/><F30/><W63/><G63/><T86/><D2/><U0/><E95/><V13/><F34/><W41/><G41/><T78/><D78/><U85/><E0/><V118/><F32/><W56/><G56/><T110/><D110/><U17/><E17/><V3/><F13/><W54/><G79/><T25/><D35/><U94/><E94/><V55/><F118/><W132/><G77/><T92/><D33/><U87/><E83/><V37/><F75/><W64/><G64/><N who="1" m="24682" /><E81/><V42/><F82/><W122/><G122/><T20/><D71/><U46/><E46/><V45/><F55/><W96/><G132/><N who="1" m="50730" /><E111/><V59/><F59/><W73/><G73/><T11/><D43/><U115/><E115/><V68/><F68/><W28/><G101/><T29/><D29/><U84/><E24/><V60/><F60/><W12/><REACH who="3" step="1"/><G1/><REACH who="3" ten="224,320,228,218" step="2"/><N who="0" m="239" /><D62/><N who="1" m="36135" /><E87/><V23/><F3/><W105/><AGARI ba="2,1" hai="4,10,12,22,27,28,54,58,61,96,100,105,113,114" machi="105" ten="20,8000,1" yaku="1,1,0,1,7,1,52,1,53,1" doraHai="53" doraHaiUra="99" who="3" fromWho="3" sc="224,-22,320,-42,228,-22,218,96" /><INIT seed="2,0,0,1,1,76" ten="202,278,206,314" oya="2" hai0="33,86,53,14,55,26,44,81,94,8,96,15,82" hai1="131,61,50,29,102,75,124,74,78,47,114,64,52" hai2="58,104,65,1,118,34,87,37,9,43,4,39,56" hai3="45,85,132,13,25,111,95,30,106,20,130,77,105"/><V120/><F118/><W21/><G111/><T115/><D115/><U72/><E114/><V31/><F120/><W98/><G130/><T18/><D33/><U68/><E124/><V2/><F104/><W88/><G132/><T108/><D108/><U67/><E131/><V109/><F109/><W0/><G0/><T23/><D86/><U127/><E127/><V40/><F2/><W54/><G106/><T117/><D14/><U62/><E102/><V122/><F122/><W46/><G54/><N who="0" m="20491" /><D44/><U135/><E29/><V92/><F39/><W69/><G69/><T73/><D73/><U121/><E135/><V17/><F17/><N who="3" m="10287" /><G105/><T49/><D49/><U89/><E89/><V79/><F37/><W11/><G11/><T59/><D59/><U91/><E91/><V7/><F7/><W22/><G22/><T134/><D117/><U5/><E5/><V70/><F58/><W66/><G66/><T84/><D84/><U101/><E101/><V6/><F6/><W42/><G42/><T19/><D134/><U99/><E99/><V90/><F79/><W16/><G30/><T57/><D57/><U28/><E28/><V41/><F70/><W60/><G60/><T51/><D51/><U107/><E107/><V97/><F34/><W12/><G12/><T93/><D96/><U27/><E27/><V119/><F119/><W10/><G10/><T129/><D129/><U103/><E103/><V71/><F71/><W38/><G38/><T116/><D116/><U32/><E121/><V128/><F128/><W48/><G48/><T100/><D100/><U133/><E133/><RYUUKYOKU ba="0,0" sc="202,15,278,-15,206,-15,314,15" hai0="8,15,18,19,23,26,81,82,93,94" hai3="16,21,25,45,46,77,85,88,95,98" /><INIT seed="3,1,0,0,2,28" ten="217,263,191,329" oya="3" hai0="3,63,122,41,48,129,67,53,16,135,116,54,36" hai1="26,37,42,125,15,81,113,105,34,10,59,43,33" hai2="99,35,115,120,71,49,62,51,25,79,107,5,18" hai3="20,80,2,17,98,89,102,72,65,11,40,74,110"/><W22/><G110/><T97/><D3/><U87/><E105/><V123/><F115/><W77/><G72/><T24/><D116/><U90/><E113/><V119/><F119/><W44/><G65/><T30/><D122/><N who="2" m="46634" /><F5/><W9/><G89/><T108/><D135/><U82/><E125/><V111/><F79/><W86/><G86/><T76/><D129/><U38/><E59/><V7/><F7/><W21/><G17/><T0/><D0/><U118/><E118/><V56/><F71/><W6/><G11/><T132/><D132/><U27/><E10/><V94/><F107/><W109/><G109/><T131/><D131/><U64/><E87/><V70/><F70/><W84/><G84/><T121/><D16/><U58/><E58/><V73/><F73/><W101/><REACH who="3" step="1"/><G98/><REACH who="3" ten="217,263,191,319" step="2"/><T112/><D97/><U127/><E90/><N who="2" m="55767" /><F18/><W14/><G14/><T32/><D108/><U126/><REACH who="1" step="1"/><E15/><REACH who="1" ten="217,253,191,319" step="2"/><V57/><F111/><W75/><G75/><T117/><D117/><U68/><E68/><V13/><F13/><W23/><N who="3" m="5120" /><DORA hai="39" /><W19/><G19/><T130/><D130/><U55/><E55/><V61/><F25/><W78/><G78/><T69/><D76/><U114/><E114/><V133/><F133/><W124/><G124/><T12/><D121/><U85/><E85/><V8/><F8/><W106/><G106/><T134/><D112/><U93/><E93/><V1/><F1/><W60/><G60/><T29/><D134/><U31/><E31/><V88/><F62/><W128/><G128/><T92/><D29/><U104/><E104/><V83/><F61/><RYUUKYOKU ba="1,2" sc="217,-15,253,15,191,-15,319,15" hai1="26,27,33,34,37,38,42,43,64,81,82,126,127" hai3="2,6,9,40,44,74,77,80,101,102" /><INIT seed="3,2,2,0,0,67" ten="202,268,176,334" oya="3" hai0="100,46,31,48,39,111,56,20,85,86,74,16,4" hai1="40,108,102,88,59,95,91,119,83,101,105,11,109" hai2="19,36,23,61,77,58,110,116,60,69,122,15,9" hai3="134,133,6,106,24,64,124,63,72,92,81,130,98"/><W94/><G124/><T34/><D74/><U12/><E119/><V131/><F116/><W5/><G106/><T89/><D111/><N who="1" m="42571" /><E40/><V126/><F36/><W107/><G107/><T44/><D4/><N who="3" m="1641" /><G98/><T25/><D100/><N who="1" m="38507" /><E105/><V1/><F110/><W84/><G24/><T78/><D78/><U75/><E75/><V8/><F131/><W65/><G72/><T42/><D56/><U82/><E59/><V127/><F77/><N who="3" m="46127" /><G130/><T103/><D103/><U70/><E70/><V26/><F122/><W35/><G35/><T47/><D39/><U132/><E132/><N who="3" m="50794" /><G65/><T45/><REACH who="0" step="1"/><D89/><REACH who="0" ten="192,268,176,334" step="2"/><N who="1" m="34379" /><E95/><V112/><F127/><W113/><G113/><T13/><AGARI ba="2,3" hai="13,16,20,25,31,34,42,44,45,46,47,48,85,86" machi="13" ten="30,4000,0" yaku="1,1,0,1,54,1,53,0" doraHai="67" doraHaiUra="3" who="0" fromWho="0" sc="192,76,268,-12,176,-12,334,-22" /><INIT seed="4,0,0,4,4,88" ten="268,256,164,312" oya="0" hai0="100,19,24,99,48,18,116,27,80,123,95,49,120" hai1="30,124,37,105,114,118,46,63,84,29,94,55,14" hai2="15,76,41,127,78,28,2,1,16,85,77,91,39" hai3="22,50,134,110,6,58,11,59,60,7,57,125,71"/><T103/><D99/><U102/><E118/><V52/><F127/><W98/><G110/><T54/><D80/><U8/><E124/><V42/><F28/><W47/><G125/><T132/><D54/><U32/><E105/><V92/><F39/><W44/><G134/><T66/><D66/><U135/><E135/><V128/><F128/><W68/><G22/><T36/><D36/><U81/><E32/><V70/><F70/><W33/><G33/><T53/><D53/><U17/><E114/><V107/><F107/><W106/><G6/><T10/><D132/><U101/><E37/><V90/><F90/><W21/><G21/><T122/><D120/><U75/><E75/><V72/><F72/><W93/><G106/><T109/><D10/><U115/><E115/><V26/><F26/><W83/><G83/><T126/><D126/><U87/><E102/><V113/><F113/><W65/><G71/><T61/><D61/><U131/><E131/><V34/><F34/><W69/><G68/><T23/><D23/><U56/><E46/><V108/><F108/><W9/><G50/><T79/><D79/><U117/><E117/><V4/><F4/><W86/><G86/><T74/><D74/><U112/><E112/><V130/><F130/><W43/><G43/><N who="2" m="16393" /><F52/><W64/><G64/><T96/><D116/><U67/><E55/><V40/><N who="2" m="16401" /><V62/><DORA hai="51" /><F62/><W97/><G97/><T89/><D96/><N who="1" m="59543" /><E84/><V73/><F73/><W129/><G129/><T0/><D109/><U111/><E111/><V13/><F13/><W104/><G104/><T45/><D123/><RYUUKYOKU ba="0,0" sc="268,-15,256,15,164,15,312,-15" hai1="8,14,17,29,30,56,63,67,81,87" hai2="1,2,15,16,76,77,78,85,91,92" /><INIT seed="5,1,0,4,0,36" ten="253,271,179,297" oya="1" hai0="59,125,133,1,38,72,33,45,104,3,99,70,43" hai1="88,81,79,111,65,76,77,5,13,93,12,50,74" hai2="116,58,19,96,134,119,100,56,102,121,6,82,75" hai3="132,67,129,53,0,32,64,61,92,35,105,110,16"/><U28/><E111/><V106/><F121/><W73/><G105/><T46/><D59/><U80/><E65/><V114/><F134/><W27/><G132/><T115/><D133/><U83/><E74/><V54/><F114/><W135/><G135/><T22/><D22/><U112/><E112/><V68/><F68/><W85/><G73/><T52/><D115/><U84/><E28/><V14/><F102/><W39/><G0/><T97/><D33/><U25/><E25/><V63/><F6/><W122/><G110/><T57/><D72/><U10/><E13/><V91/><F58/><W89/><G39/><T123/><D70/><U66/><E66/><V55/><F55/><W90/><G67/><T113/><D113/><U131/><E131/><V78/><REACH who="2" step="1"/><F91/><REACH who="2" ten="253,271,169,297" step="2"/><W24/><G129/><T40/><D123/><U7/><E50/><V21/><AGARI ba="1,1" hai="14,19,21,54,56,63,75,78,82,96,100,106,116,119" machi="21" ten="20,5200,0" yaku="1,1,2,1,0,1,7,1,53,0" doraHai="36" doraHaiUra="34" who="2" fromWho="2" sc="253,-14,271,-27,169,65,297,-14" /><INIT seed="6,0,0,0,5,47" ten="239,244,234,283" oya="2" hai0="62,72,112,126,79,121,30,53,111,81,73,75,59" hai1="76,67,1,108,12,63,133,110,99,86,23,135,4" hai2="49,95,89,35,92,25,45,17,36,123,78,8,44" hai3="56,9,94,5,128,125,58,71,51,0,122,120,70"/><V68/><F123/><W22/><G128/><T52/><D111/><U3/><E99/><V66/><F68/><W127/><G22/><T96/><D121/><N who="3" m="46697" /><G94/><T87/><D112/><U26/><E86/><V6/><F66/><W60/><G9/><T109/><D109/><N who="1" m="42091" /><E76/><V20/><F78/><W100/><G100/><T55/><D126/><N who="3" m="48137" /><G5/><T105/><REACH who="0" step="1"/><D30/><REACH who="0" ten="229,244,234,283" step="2"/><U77/><E135/><V27/><F35/><W18/><G0/><T80/><D80/><U130/><E133/><V40/><F27/><W107/><G107/><T129/><D129/><U134/><E1/><V19/><F19/><W28/><G18/><T21/><D21/><U97/><E23/><V43/><F89/><W10/><G28/><T82/><D82/><U38/><E3/><AGARI ba="0,1" hai="3,6,8,17,20,25,36,40,43,44,45,49,92,95" machi="3" ten="30,2900,0" yaku="7,1,52,1" doraHai="47" who="2" fromWho="1" sc="229,0,244,-29,234,39,283,0" /><INIT seed="6,1,0,2,4,133" ten="229,215,273,283" oya="2" hai0="97,21,100,14,73,76,94,98,63,77,123,90,109" hai1="114,118,46,120,113,80,72,74,20,27,54,31,11" hai2="124,43,89,88,3,66,23,22,107,117,9,129,33" hai3="68,34,18,127,130,39,52,2,10,44,111,42,106"/><V56/><F117/><W65/><G111/><T71/><D109/><U122/><E118/><V50/><F33/><W45/><G106/><T37/><D123/><N who="1" m="47147" /><E11/><V6/><F107/><W85/><G34/><T40/><D73/><N who="1" m="28267" /><E80/><V134/><F134/><W7/><G130/><T48/><D37/><U79/><E79/><V132/><F132/><W36/><G65/><T58/><D71/><U86/><E86/><V102/><F23/><W49/><G68/><T19/><D40/><U115/><E54/><V93/><F22/><W87/><G36/><T91/><D48/><U61/><E46/><V24/><F24/><W8/><G127/><T112/><D112/><N who="1" m="28675" /><U25/><DORA hai="35" /><E25/><V12/><F129/><W83/><REACH who="3" step="1"/><G83/><REACH who="3" ten="229,215,273,273" step="2"/><T110/><D110/><U16/><E61/><V38/><F38/><W84/><G84/><T70/><D63/><U135/><E135/><V64/><F64/><W28/><G28/><AGARI ba="1,1" hai="16,20,27,28,31" m="28675,28267,47147" machi="28" ten="50,6400,0" yaku="13,1,15,1,54,1" doraHai="133,35" who="1" fromWho="3" sc="229,0,215,77,273,0,273,-67" /><INIT seed="7,0,0,4,5,30" ten="229,292,273,206" oya="3" hai0="114,96,102,94,12,8,6,64,85,59,92,20,41" hai1="100,49,43,132,11,78,127,108,56,28,107,110,58" hai2="98,93,13,121,15,89,67,70,1,91,135,17,21" hai3="36,4,32,40,118,111,19,77,61,125,31,90,62"/><W51/><G118/><T69/><D114/><U60/><E78/><V73/><F135/><W83/><G125/><T29/><D69/><U66/><E132/><V117/><F73/><W97/><G111/><T95/><D41/><U52/><E28/><V113/><F1/><W116/><G36/><T45/><D45/><U80/><E80/><V7/><F113/><W133/><G116/><T2/><D85/><U71/><E127/><V128/><F67/><W63/><G133/><T38/><D38/><U54/><E43/><V134/><F70/><W72/><G4/><T3/><D3/><U120/><E120/><V23/><F7/><W81/><G19/><T76/><D76/><U88/><E88/><V101/><F121/><W68/><G68/><T18/><D64/><U74/><E74/><V115/><F115/><W84/><G97/><T22/><D59/><U16/><E100/><V129/><F134/><W131/><G131/><T53/><D53/><U55/><E107/><V48/><F48/><W87/><G72/><T24/><AGARI ba="0,0" hai="2,6,8,12,18,20,22,24,29,92,94,95,96,102" machi="24" ten="30,1100,0" yaku="0,1" doraHai="30" who="0" fromWho="0" sc="229,11,292,-3,273,-3,206,-5" /><INIT seed="8,0,0,3,5,121" ten="240,289,270,201" oya="0" hai0="18,21,63,112,58,65,41,46,122,34,102,15,91" hai1="44,45,109,123,94,85,20,95,51,86,76,93,11" hai2="113,99,111,7,97,130,127,54,9,26,0,19,49" hai3="50,129,75,133,88,105,40,126,10,5,77,56,67"/><T134/><D112/><U82/><E109/><V23/><F127/><W89/><G126/><T27/><D134/><U119/><E119/><V52/><F130/><W135/><G105/><T106/><D122/><U24/><E123/><V8/><F111/><W3/><G129/><T38/><D91/><U96/><E11/><V101/><F113/><W72/><G67/><T1/><D1/><U100/><E86/><V62/><F9/><W92/><G89/><T31/><D102/><U30/><E45/><V115/><F115/><W43/><G43/><AGARI ba="0,0" hai="20,24,30,43,44,51,76,82,85,93,94,95,96,100" machi="43" ten="30,2000,0" yaku="7,1,8,1" doraHai="121" who="1" fromWho="3" sc="240,0,289,20,270,0,201,-20" owari="240,-16.0,309,41.0,270,7.0,181,-32.0" /></mjloggm>