<mjloggm ver="2.3"><GO type="169" lobby="0"/><UN n0="%74%6E%66%73%68%32%30%34" n1="%E3%82%BB%E3%83%B3%E3%83%88%E3%82%A2%E3%83%AA%E3%82%B7%E3%82%A2" n2="%E4%B8%BB%E5%B8%AD" n3="%E3%81%BF%E3%81%8B%E3%81%8B%E2%99%AA" dan="17,17,16,16" rate="2152.50,2072.98,2141.22,2146.69" sx="M,M,M,M"/><TAIKYOKU oya="0"/><INIT seed="0,0,0,1,2,29" ten="250,250,250,250" oya="0" hai0="112,89,45,133,51,106,50,23,71,91,77,21,82" hai1="122,40,19,43,90,37,57,26,101,75,18,49,87" hai2="132,135,65,107,100,39,93,134,72,59,67,38,27" hai3="60,22,11,32,7,123,97,30,44,24,76,46,35"/><T13/><D112/><U117/><E117/><V102/><F72/><W56/><G123/><T88/><D71/><U2/><E75/><V79/><F79/><W113/><G113/><T131/><D133/><U42/><E2/><V61/><F107/><W126/><G126/><T69/><D69/><U86/><E37/><N who="2" m="13835" /><F67/><W48/><G76/><T12/><D106/><U85/><E101/><N who="2" m="39019" /><F93/><W41/><G97/><T25/><D131/><U58/><E122/><V124/><F27/><W103/><G46/><T118/><D118/><U94/><E26/><V15/><F15/><N who="0" m="5706" /><D25/><U6/><E6/><V116/><F124/><W52/><G103/><T80/><D77/><U73/><E73/><V111/><F111/><W109/><G109/><T55/><D51/><U125/><E125/><V78/><F78/><W105/><G105/><T81/><AGARI ba="0,0" hai="21,23,45,50,55,80,81,82,88,89,91" m="5706" machi="81" ten="40,3900,0" yaku="8,1,54,1" doraHai="29" who="0" fromWho="0" sc="250,39,250,-13,250,-13,250,-13" /><INIT seed="0,1,0,1,1,42" ten="289,237,237,237" oya="0" hai0="71,67,109,105,108,14,7,104,16,3,18,34,35" hai1="129,54,22,46,77,112,103,133,68,9,65,98,92" hai2="87,124,60,31,84,119,79,24,107,73,17,27,117" hai3="2,126,38,97,41,1,61,118,131,94,127,47,13"/><T50/><D71/><U135/><E129/><V110/><F107/><W69/><G118/><N who="2" m="45065" /><F110/><N who="0" m="42602" /><D67/><U33/><E33/><N who="0" m="12297" /><D50/><N who="1" m="29015" /><E112/><V49/><F124/><N who="3" m="47659" /><G13/><T36/><D36/><U56/><E77/><V78/><F17/><N who="0" m="6762" /><D14/><U83/><E68/><V93/><F73/><W70/><G131/><T102/><D102/><U85/><E65/><V66/><F66/><N who="3" m="41167" /><G70/><T29/><D29/><U89/><E103/><AGARI ba="1,0" hai="1,2,38,41,47,94,97,103" m="41167,47659" machi="103" ten="30,2000,0" yaku="18,1,52,1" doraHai="42" who="3" fromWho="1" sc="289,0,237,-23,237,0,237,23" /><INIT seed="1,0,0,4,0,119" ten="289,214,237,260" oya="1" hai0="111,42,13,128,14,44,93,77,38,43,121,89,59" hai1="6,122,20,0,106,68,124,96,101,82,34,62,90" hai2="15,132,65,47,76,5,51,56,116,23,30,4,1" hai3="115,16,69,79,37,31,109,80,41,133,92,113,11"/><U60/><E124/><V105/><F116/><W103/><G109/><T24/><D111/><U95/><E34/><V85/><F105/><W129/><G133/><T120/><D77/><U72/><E68/><V8/><F132/><W81/><G129/><T127/><D128/><U78/><E122/><N who="0" m="47209" /><D127/><U125/><E125/><V61/><F1/><W64/><G31/><T39/><D24/><U110/><E110/><V94/><F4/><W35/><G35/><T28/><D28/><U2/><E20/><V40/><F76/><W53/><G53/><T83/><D83/><U135/><E135/><V32/><F32/><W126/><G80/><T117/><D59/><U74/><E74/><V12/><F30/><W52/><G81/><T36/><D117/><U100/><E100/><V29/><F29/><W70/><G103/><T10/><D43/><U57/><E6/><V45/><F45/><W17/><G41/><T104/><D104/><U67/><REACH who="1" step="1"/><E62/><REACH who="1" ten="289,204,237,260" step="2"/><V75/><F61/><W102/><G126/><T50/><D10/><U97/><AGARI ba="0,1" hai="0,2,57,60,67,72,78,82,90,95,96,97,101,106" machi="97" ten="20,7800,0" yaku="1,1,2,1,0,1,7,1,53,0" doraHai="119" doraHaiUra="18" who="1" fromWho="1" sc="289,-26,204,88,237,-26,260,-26" /><INIT seed="1,1,0,3,0,108" ten="263,292,211,234" oya="1" hai0="48,135,101,79,46,37,87,32,16,114,39,115,73" hai1="41,131,126,113,133,36,120,26,35,122,63,50,98" hai2="65,74,129,100,96,40,107,103,83,110,69,70,5" hai3="106,61,20,23,54,44,58,118,13,38,130,72,112"/><U67/><E98/><V12/><F110/><W66/><G130/><T99/><D73/><U52/><E26/><V34/><F129/><W90/><G118/><T86/><D32/><U30/><E30/><V4/><F103/><W29/><G106/><T59/><D59/><N who="1" m="33175" /><E35/><V11/><F40/><W97/><G72/><T21/><D135/><U80/><E80/><V132/><F132/><W95/><G112/><T7/><D7/><U33/><E33/><V24/><F4/><W22/><G38/><T49/><D87/><U134/><E131/><V121/><F83/><W111/><G111/><T76/><D86/><U56/><E126/><V43/><F74/><W91/><G91/><T71/><D79/><U88/><E88/><V3/><F3/><W31/><G13/><T14/><D76/><U27/><E27/><V81/><F81/><W89/><G90/><T10/><D10/><U117/><E117/><V60/><F43/><W18/><G18/><T124/><D124/><U116/><E116/><V119/><F119/><W0/><G0/><T127/><D127/><U93/><E93/><V84/><F84/><W123/><G123/><N who="1" m="47146" /><E113/><V19/><F121/><W6/><G6/><T25/><D25/><U15/><E15/><V102/><F102/><W85/><G97/><T42/><D99/><U78/><E78/><V128/><F128/><W62/><G31/><T2/><D101/><U9/><E9/><V75/><F75/><W125/><G29/><T57/><D2/><U28/><E28/><N who="2" m="19719" /><F5/><W68/><G125/><T8/><D115/><U51/><E36/><N who="0" m="13897" /><D114/><U77/><E77/><RYUUKYOKU ba="1,0" sc="263,-30,292,10,211,10,234,10" hai1="41,51,56,63,67,133,134" hai2="11,12,19,60,65,69,70,96,100,107" hai3="20,22,23,44,54,58,61,62,66,68,85,89,95" /><INIT seed="1,2,0,5,4,7" ten="233,302,221,244" oya="1" hai0="84,127,29,125,109,51,71,36,25,56,55,17,58" hai1="106,42,108,105,66,49,0,110,67,73,22,6,79" hai2="54,32,19,8,2,88,45,133,124,72,35,82,31" hai3="57,41,53,104,86,129,135,20,131,117,4,94,77"/><U112/><E112/><V18/><F133/><W23/><G104/><T120/><D71/><U59/><E22/><V116/><F116/><W62/><G135/><T9/><D36/><U101/><E73/><V40/><F124/><N who="0" m="47690" /><D109/><N who="1" m="42091" /><E79/><N who="2" m="44391" /><F54/><W14/><G117/><T68/><D68/><U132/><E132/><V61/><F61/><W69/><G41/><T118/><D118/><U98/><E106/><V12/><F88/><N who="3" m="53527" /><G77/><T115/><D84/><U47/><E59/><V33/><F12/><W102/><G102/><T39/><D39/><U114/><E114/><V21/><F21/><W83/><G83/><T107/><D107/><U123/><E123/><V87/><F87/><W103/><G103/><T65/><D115/><U111/><N who="1" m="42099" /><U121/><DORA hai="93" /><E121/><V13/><F13/><W70/><G69/><T130/><D120/><U100/><E100/><V43/><F35/><W97/><G70/><T50/><D58/><U75/><E75/><V28/><F33/><W78/><G131/><T10/><D130/><U99/><E99/><V113/><F113/><W5/><G129/><T15/><D56/><U38/><E38/><N who="2" m="21655" /><F32/><W46/><G78/><T74/><D74/><U1/><E1/><V126/><F126/><W26/><G97/><T11/><D65/><U90/><E90/><V85/><F2/><W44/><G23/><N who="0" m="15551" /><D55/><U3/><E3/><V81/><F43/><W91/><G53/><T122/><D122/><U24/><E24/><V60/><F85/><W16/><G26/><T63/><D15/><U128/><E128/><V92/><F31/><W48/><G91/><T134/><D134/><RYUUKYOKU ba="2,0" sc="233,-10,302,30,221,-10,244,-10" hai1="0,6,42,47,49,66,67,98,101,105" /><INIT seed="1,3,0,1,4,124" ten="223,332,211,234" oya="1" hai0="128,134,122,44,43,51,55,29,16,79,23,98,80" hai1="95,119,70,101,102,72,107,121,48,25,11,57,5" hai2="67,6,90,135,37,129,104,115,78,34,108,21,65" hai3="111,133,39,100,109,83,86,8,63,69,106,62,91"/><U46/><E70/><V93/><F104/><W12/><G133/><T89/><D134/><U3/><E107/><V127/><F34/><W45/><G69/><T4/><D122/><U33/><E121/><V96/><F135/><W54/><G100/><T71/><D71/><U123/><E123/><V32/><F32/><W9/><G106/><T131/><D4/><U114/><E72/><V20/><F37/><W132/><G132/><T59/><D29/><U103/><E114/><V66/><F115/><W26/><G26/><T74/><D98/><U92/><E57/><V14/><F78/><W87/><G87/><T61/><REACH who="0" step="1"/><D89/><REACH who="0" ten="213,332,211,234" step="2"/><U94/><E119/><V0/><F6/><W49/><G109/><T116/><D116/><U77/><E77/><V64/><F108/><W47/><G111/><T35/><D35/><U36/><E33/><V22/><F96/><W42/><REACH who="3" step="1"/><G9/><REACH who="3" ten="213,332,211,224" step="2"/><T68/><D68/><U84/><E11/><V117/><F117/><W15/><G15/><AGARI ba="3,2" hai="15,16,23,43,44,51,55,59,61,74,79,80,128,131" machi="15" ten="40,8000,1" yaku="1,1,52,2,54,1,53,1" doraHai="124" doraHaiUra="19" who="0" fromWho="3" sc="213,109,332,0,211,0,224,-89" /><INIT seed="2,0,0,0,4,135" ten="322,332,211,135" oya="2" hai0="7,85,35,125,92,2,87,57,124,96,94,114,49" hai1="70,104,60,28,81,39,4,115,122,15,83,34,65" hai2="121,23,45,132,53,89,40,95,105,17,103,32,75" hai3="16,31,52,123,67,9,61,134,68,102,116,79,3"/><V22/><F22/><W120/><BYE who="2" /><G116/><UN n2="%E4%B8%BB%E5%B8%AD" /><T41/><D35/><U42/><E115/><V51/><F132/><W91/><G134/><T37/><D114/><U69/><E122/><V26/><F121/><W127/><G31/><T112/><D112/><U101/><E70/><V88/><F32/><W90/><G127/><N who="0" m="48715" /><D37/><U12/><E83/><V50/><F75/><W11/><G79/><T111/><D111/><U77/><E4/><V126/><F126/><W110/><G102/><N who="0" m="60679" /><D94/><U106/><E106/><V30/><F105/><W48/><G110/><T78/><D78/><U133/><E39/><V93/><F30/><W24/><G90/><N who="2" m="34921" /><F103/><W99/><G91/><T29/><D29/><U19/><E28/><V97/><F97/><W100/><G120/><T58/><D41/><U86/><E42/><V84/><F84/><N who="0" m="32330" /><D49/><U131/><E34/><V113/><F113/><W117/><G123/><T118/><D118/><U129/><E133/><V64/><F95/><W38/><G38/><T21/><D21/><U20/><E20/><V14/><F93/><W107/><G117/><T54/><D54/><U119/><E119/><V130/><F51/><W13/><G48/><T56/><D7/><U43/><E43/><V108/><F108/><W59/><G52/><T46/><D46/><U44/><E44/><V55/><F55/><W66/><G66/><T80/><D2/><U98/><E19/><N who="2" m="12671" /><F64/><W8/><G3/><T82/><AGARI ba="0,0" hai="56,57,58,80,82" m="32330,60679,48715" machi="82" ten="40,8000,1" yaku="18,1,52,3" doraHai="135" who="0" fromWho="0" sc="322,80,332,-20,211,-40,135,-20" /><INIT seed="3,0,0,5,1,72" ten="402,312,171,115" oya="3" hai0="4,38,49,107,44,125,22,130,15,39,25,3,68" hai1="54,127,20,30,70,81,112,116,12,110,26,99,115" hai2="40,62,66,71,57,5,120,90,76,73,103,52,60" hai3="46,80,63,61,86,105,87,122,47,11,124,17,123"/><W91/><G124/><T1/><D107/><U41/><E127/><V65/><F120/><W83/><G105/><T84/><D125/><U131/><E110/><V113/><F113/><W89/><G17/><T19/><D68/><U14/><E70/><V74/><F40/><W53/><G53/><T29/><D130/><U96/><E41/><V93/><F103/><W85/><G11/><T10/><D84/><U100/><E99/><V9/><F66/><W0/><REACH who="3" step="1"/><G85/><REACH who="3" ten="402,312,171,105" step="2"/><T64/><D64/><U32/><E54/><V27/><F74/><W34/><G34/><T67/><D67/><U7/><E32/><V18/><F18/><W16/><G16/><T98/><D19/><U114/><E114/><V119/><F73/><W101/><G101/><T92/><D10/><U23/><E100/><V24/><F119/><W111/><G111/><T48/><D29/><U133/><E116/><V82/><F9/><W37/><G37/><T97/><D39/><U55/><E55/><V121/><F52/><W108/><G108/><T78/><D38/><U56/><E30/><V2/><F121/><W134/><G134/><T118/><D118/><U33/><E133/><V132/><F132/><W69/><G69/><T75/><D75/><U42/><E33/><V13/><F71/><W88/><G88/><T8/><D8/><U43/><E115/><V51/><F90/><W6/><G6/><T129/><D4/><U35/><E7/><V102/><F5/><W28/><G28/><T117/><D117/><U45/><E112/><V31/><F31/><W59/><G59/><T94/><D49/><RYUUKYOKU ba="0,1" sc="402,-10,312,-10,171,-10,105,30" hai3="0,46,47,61,63,80,83,86,87,89,91,122,123" /><INIT seed="3,1,1,3,2,123" ten="392,302,161,135" oya="3" hai0="131,84,56,29,118,22,27,130,124,45,5,132,26" hai1="79,75,101,17,90,95,60,77,23,129,97,24,102" hai2="2,55,20,0,51,83,30,40,43,46,34,125,25" hai3="86,116,71,81,69,85,89,53,88,80,106,59,65"/><W68/><G116/><T117/><D45/><U49/><E129/><N who="0" m="49161" /><D56/><U41/><E75/><V87/><F125/><W109/><G106/><T57/><D57/><U103/><REACH who="1" step="1"/><E60/><REACH who="1" ten="392,292,161,135" step="2"/><V64/><F34/><W10/><G109/><T39/><D118/><U93/><E93/><V94/><F94/><W114/><G114/><T78/><D117/><U7/><E7/><V36/><F64/><W135/><G135/><T120/><D5/><U105/><E105/><V112/><F112/><W19/><G65/><T14/><D132/><U121/><E121/><V92/><F92/><W18/><REACH who="3" step="1"/><G10/><REACH who="3" ten="392,292,161,125" step="2"/><T28/><D120/><U44/><AGARI ba="1,3" hai="17,23,24,41,44,49,77,79,90,95,97,101,102,103" machi="44" ten="30,4000,0" yaku="1,1,0,1,8,1,53,0" doraHai="123" doraHaiUra="62" who="1" fromWho="1" sc="392,-11,292,73,161,-11,125,-21" /><INIT seed="4,0,0,5,1,38" ten="381,365,150,104" oya="0" hai0="18,106,62,9,47,6,130,123,95,102,126,91,57" hai1="32,121,2,65,100,118,25,66,61,68,117,97,70" hai2="45,99,20,93,64,7,43,75,28,24,103,113,41" hai3="56,11,131,76,1,127,132,54,50,69,39,31,125"/><T67/><D123/><U17/><E2/><V26/><F75/><W71/><G132/><T129/><D126/><N who="3" m="48137" /><G131/><T92/><D106/><N who="1" m="63759" /><E17/><V134/><F134/><W128/><G76/><T58/><D102/><U23/><E23/><N who="2" m="15391" /><F113/><W89/><G89/><T115/><D115/><U0/><E0/><V15/><F45/><W112/><G128/><N who="0" m="49259" /><D18/><U5/><E5/><V33/><F33/><W107/><G107/><T109/><D109/><U34/><E121/><V12/><F64/><W63/><G112/><T40/><D58/><U36/><E36/><V3/><F3/><W84/><G84/><T21/><D21/><U119/><E25/><V94/><F94/><W114/><G114/><T35/><D35/><U29/><E29/><N who="2" m="17607" /><F7/><N who="3" m="1519" /><G31/><T120/><D120/><U98/><E32/><V19/><F19/><W72/><G72/><T104/><D104/><U105/><E34/><V73/><F73/><W88/><G39/><N who="0" m="21919" /><D95/><U110/><E110/><V46/><F46/><N who="3" m="27991" /><G88/><T4/><D9/><U22/><E105/><V60/><F60/><W10/><G10/><T13/><D13/><AGARI ba="0,0" hai="12,13,15,41,43,93,99,103" m="17607,15391" machi="13" ten="30,3900,0" yaku="8,1,52,2" doraHai="38" who="2" fromWho="0" sc="381,-39,365,0,150,39,104,0" /><INIT seed="5,0,0,5,0,15" ten="342,365,189,104" oya="1" hai0="30,106,57,129,6,38,1,50,55,114,49,131,109" hai1="13,83,8,130,64,26,99,89,4,97,46,134,118" hai2="66,80,75,88,78,68,115,0,45,7,71,63,133" hai3="67,5,91,127,12,36,69,25,85,65,44,29,34"/><U40/><E118/><V52/><F133/><W87/><G127/><T116/><D109/><U135/><E64/><V107/><F107/><W61/><G67/><T41/><D106/><U14/><E130/><N who="0" m="49673" /><D30/><U74/><E26/><V100/><F115/><W104/><G104/><T19/><D116/><U42/><E42/><V3/><F100/><W72/><G72/><T9/><D114/><U94/><E99/><V47/><F71/><W120/><G120/><T18/><D38/><U53/><E53/><V16/><F45/><AGARI ba="0,0" hai="1,6,9,18,19,41,45,49,50,55,57" m="49673" machi="45" ten="30,3900,0" yaku="19,1,52,2" doraHai="15" who="0" fromWho="2" sc="342,39,365,0,189,-39,104,0" /><INIT seed="6,0,0,0,5,29" ten="381,365,150,104" oya="2" hai0="61,41,97,12,112,72,24,70,26,58,119,3,115" hai1="110,121,43,68,106,81,134,50,107,19,51,46,18" hai2="135,80,87,114,55,4,90,0,67,31,126,63,69" hai3="118,45,57,86,117,111,76,84,52,1,10,21,17"/><V38/><F38/><W96/><G111/><T95/><D3/><U48/><E110/><V53/><F31/><W11/><G45/><T108/><D108/><U7/><E68/><V101/><F114/><N who="0" m="43562" /><D72/><U32/><E7/><V27/><F126/><W20/><G117/><T100/><D119/><U102/><E134/><V91/><F135/><W75/><G118/><T99/><D70/><U113/><E32/><V62/><F101/><W25/><G75/><T71/><D71/><U42/><E102/><V14/><F0/><W64/><G64/><N who="0" m="38967" /><D41/><U93/><E93/><V6/><F27/><W122/><G122/><T103/><D12/><U79/><E113/><V8/><F62/><W2/><G2/><T5/><D5/><U56/><E43/><V16/><REACH who="2" step="1"/><F91/><REACH who="2" ten="381,365,140,104" step="2"/><W23/><G1/><T60/><D60/><U105/><E121/><V59/><F59/><W82/><G96/><T9/><D26/><U85/><E56/><V109/><F109/><W30/><G30/><T127/><D24/><U130/><E130/><V22/><F22/><N who="3" m="8811" /><G86/><T116/><D116/><U131/><E131/><V15/><F15/><W35/><G35/><T33/><D33/><U36/><AGARI ba="0,1" hai="18,19,36,42,46,48,50,51,79,81,85,105,106,107" machi="36" ten="40,1500,0" yaku="0,1" doraHai="29" who="1" fromWho="1" sc="381,-4,365,25,140,-7,104,-4" /><INIT seed="7,0,0,3,1,25" ten="377,390,133,100" oya="3" hai0="30,24,89,96,15,87,122,94,45,129,80,68,6" hai1="100,131,57,35,98,22,16,58,73,41,61,130,112" hai2="83,39,60,63,74,121,128,51,38,11,3,102,12" hai3="32,65,90,23,108,69,47,104,36,31,13,66,4"/><W79/><G104/><T93/><D122/><U78/><E35/><V111/><F3/><W92/><G32/><T120/><D120/><U54/><E41/><V20/><F121/><W62/><G108/><T105/><D68/><U95/><E112/><V18/><F111/><W82/><G66/><T124/><D124/><U33/><E33/><V1/><F128/><N who="1" m="49193" /><E73/><V10/><F102/><W21/><G31/><T127/><D127/><U99/><E78/><V109/><F109/><W70/><G70/><T118/><D118/><U117/><E58/><V134/><F134/><W46/><G4/><T113/><D129/><U28/><E99/><V53/><F38/><W84/><G13/><T106/><D113/><U71/><E28/><V52/><F39/><W42/><REACH who="3" step="1"/><G47/><REACH who="3" ten="377,390,133,90" step="2"/><T8/><D45/><U119/><E71/><V26/><F1/><W56/><G56/><T101/><D106/><U75/><E119/><V107/><F107/><W2/><G2/><T17/><D6/><U91/><E117/><V126/><F126/><W103/><G103/><T67/><D67/><U37/><E57/><N who="2" m="32927" /><F12/><W125/><G125/><T49/><D24/><U29/><E100/><V19/><F19/><W85/><AGARI ba="0,1" hai="21,23,36,42,46,62,65,69,79,82,84,85,90,92" machi="85" ten="20,3900,0" yaku="1,1,0,1,7,1,53,0" doraHai="25" doraHaiUra="0" who="3" fromWho="3" sc="377,-13,390,-13,133,-13,90,49" /><INIT seed="7,1,0,0,4,37" ten="364,377,120,139" oya="3" hai0="40,11,74,46,99,124,19,53,4,119,107,3,125" hai1="8,113,97,9,26,15,101,102,60,86,98,117,7" hai2="109,104,112,126,63,14,66,105,115,56,131,79,33" hai3="83,118,0,49,100,128,89,77,65,62,5,95,12"/><W35/><G118/><T88/><D119/><U59/><E113/><N who="2" m="43595" /><F109/><W127/><G35/><T69/><D69/><U116/><E116/><V64/><F33/><W25/><G0/><T13/><D74/><U71/><E71/><V17/><F131/><W72/><G128/><T55/><D107/><N who="2" m="41034" /><F126/><N who="0" m="48746" /><D99/><N who="1" m="37899" /><E26/><V2/><F2/><W28/><G49/><N who="0" m="26823" /><D88/><U34/><E34/><V51/><F79/><W135/><G127/><T29/><D29/><U82/><E9/><AGARI ba="1,0" hai="3,4,9,11,13,19,53,55" m="26823,48746" machi="9" ten="30,2000,0" yaku="18,1,52,1" doraHai="37" who="0" fromWho="1" sc="364,23,377,-23,120,0,139,0" owari="387,49.0,354,15.0,120,-38.0,139,-26.0" /></mjloggm>