<mjloggm ver="2.3"><GO type="169" lobby="0"/><UN n0="%E3%81%88%E3%81%88%E3%81%88%E3%81%88%E3%81%88%E3%81%88%E3%81%88" n1="%E2%91%A3%E3%82%BB%E3%83%B3%E3%83%81" n2="%E3%82%B5%E3%82%A6%E3%83%8A%E5%B0%8F%E5%83%A7" n3="%6B%6F%7A%61%6B%69%6E%67" dan="16,18,18,16" rate="2100.65,2253.42,2215.70,2073.86" sx="M,M,M,M"/><TAIKYOKU oya="0"/><INIT seed="0,0,0,3,4,22" ten="250,250,250,250" oya="0" hai0="7,15,43,117,48,21,69,114,45,71,54,107,90" hai1="52,92,104,5,106,49,93,53,9,59,131,110,84" hai2="13,102,3,95,64,108,25,19,1,32,20,78,74" hai3="41,109,128,82,91,14,29,40,42,132,38,24,51"/><T39/><D114/><U28/><E110/><V70/><F108/><W115/><G109/><T79/><D117/><U2/><E131/><V68/><F74/><W33/><G115/><T16/><D107/><U0/><E0/><V55/><F78/><W67/><G128/><T46/><D79/><U27/><E92/><V103/><F55/><W85/><G132/><T47/><D7/><U113/><E113/><V97/><F103/><W44/><G67/><T127/><D127/><U134/><E134/><V35/><F35/><W135/><G135/><T81/><REACH who="0" step="1"/><D46/><REACH who="0" ten="240,250,250,250" step="2"/><U57/><E106/><V60/><F70/><W99/><G99/><T17/><D17/><U58/><E104/><V72/><F72/><W30/><G30/><T116/><D116/><U98/><E84/><AGARI ba="0,1" hai="15,16,21,39,43,45,47,48,54,69,71,81,84,90" machi="84" ten="40,7700,0" yaku="1,1,54,1,53,1" doraHai="22" doraHaiUra="10" who="0" fromWho="1" sc="240,87,250,-77,250,0,250,0" /><INIT seed="0,1,0,4,2,65" ten="327,173,250,250" oya="0" hai0="67,119,68,62,132,17,63,55,117,135,59,40,31" hai1="35,96,104,46,110,115,129,73,70,69,75,37,11" hai2="74,111,134,6,93,22,81,32,108,72,100,60,92" hai3="8,102,83,0,10,88,64,52,105,45,61,89,9"/><T49/><D31/><U95/><E95/><V87/><F32/><W38/><G0/><T97/><D17/><U33/><E11/><V19/><F6/><W7/><G7/><T3/><D97/><U58/><E58/><V114/><F60/><W71/><G83/><T50/><D3/><U21/><E21/><V2/><F2/><W109/><G109/><N who="2" m="42057" /><F114/><W107/><G102/><T4/><D4/><U48/><E48/><N who="0" m="18537" /><D40/><N who="1" m="22799" /><E110/><V54/><F100/><W77/><G77/><T121/><D121/><U23/><E23/><V130/><F22/><W79/><G79/><T106/><D106/><U80/><E129/><V86/><F130/><W27/><G27/><T133/><AGARI ba="1,0" hai="55,59,62,63,67,68,117,119,132,133,135" m="18537" machi="133" ten="40,12000,1" yaku="20,1,34,2,52,1" doraHai="65" who="0" fromWho="0" sc="327,123,173,-41,250,-41,250,-41" /><INIT seed="0,2,0,0,2,102" ten="450,132,209,209" oya="0" hai0="43,77,109,47,116,93,78,28,37,69,64,0,1" hai1="65,62,55,113,76,87,39,12,25,70,67,91,120" hai2="53,97,30,85,126,94,106,14,31,15,111,51,84" hai3="75,40,46,59,115,18,90,8,33,104,44,100,132"/><T42/><D116/><U23/><E120/><V80/><F111/><W74/><G115/><T135/><D109/><U114/><E39/><V98/><F126/><W110/><G110/><T124/><D124/><U108/><E108/><V49/><F94/><W21/><G33/><T88/><D135/><U38/><E38/><V48/><F53/><W130/><G130/><T83/><D28/><U71/><E76/><V27/><F80/><W56/><G132/><T54/><D43/><U72/><E72/><V9/><F9/><W36/><G8/><T129/><D129/><U41/><E41/><V52/><F52/><W58/><G46/><T118/><D118/><U17/><E55/><V24/><REACH who="2" step="1"/><F51/><REACH who="2" ten="450,132,199,209" step="2"/><W117/><G117/><T128/><D54/><U26/><E67/><V57/><F57/><W61/><G61/><T13/><D128/><U121/><E70/><V20/><F20/><W123/><G123/><T122/><D122/><U6/><E121/><V2/><F2/><W101/><G44/><T112/><D64/><U119/><E119/><V133/><F133/><W60/><G60/><T99/><D69/><U4/><E114/><V3/><F3/><N who="0" m="1098" /><D112/><U134/><E113/><V32/><F32/><W131/><G131/><T81/><D83/><N who="1" m="49663" /><E134/><V105/><AGARI ba="2,1" hai="14,15,24,27,30,31,48,49,84,85,97,98,105,106" machi="105" ten="25,12000,2" yaku="1,1,0,1,22,2,52,2,53,0" doraHai="102" doraHaiUra="86" who="2" fromWho="2" sc="450,-62,132,-32,199,136,209,-32" /><INIT seed="1,0,0,3,1,42" ten="388,100,335,177" oya="1" hai0="55,69,104,4,100,32,121,26,89,128,60,125,96" hai1="62,16,90,33,102,113,120,114,19,13,97,35,43" hai2="122,80,123,108,65,116,37,20,40,82,133,28,71" hai3="47,132,127,94,67,21,48,83,66,73,105,109,130"/><U61/><E120/><V78/><F116/><W135/><G105/><T29/><D121/><U27/><E90/><V52/><F82/><W3/><G3/><T88/><D125/><U30/><E35/><V106/><F106/><W2/><G2/><T1/><D128/><U98/><E19/><V81/><F81/><W64/><G127/><T57/><REACH who="0" step="1"/><D69/><REACH who="0" ten="378,100,335,177" step="2"/><U101/><E114/><V86/><F71/><W24/><G130/><T87/><D87/><U79/><E113/><V11/><F86/><W70/><G70/><T34/><D34/><U84/><E84/><V126/><F126/><W63/><G132/><T0/><D0/><U25/><E98/><V129/><F133/><W23/><G135/><T14/><D14/><U6/><E97/><V10/><F129/><W131/><G131/><T134/><D134/><U76/><E13/><V74/><F122/><W15/><G15/><T58/><D58/><U117/><E117/><V44/><F123/><W31/><G73/><T85/><D85/><U103/><E79/><V115/><F115/><W41/><G109/><T111/><D111/><U118/><E76/><V49/><F108/><W92/><G83/><T112/><D112/><U119/><E119/><V91/><F78/><W36/><G24/><T75/><D75/><U7/><E118/><V46/><F74/><W124/><G124/><T51/><D51/><U68/><E68/><V8/><F80/><W59/><G48/><T5/><D5/><N who="1" m="1547" /><E43/><V12/><F40/><W77/><G77/><T56/><D56/><U38/><E38/><V39/><F39/><W53/><G36/><RYUUKYOKU ba="0,1" sc="378,15,100,15,335,-15,177,-15" hai0="1,4,26,29,32,55,57,60,88,89,96,100,104" hai1="16,25,27,30,33,61,62,101,102,103" /><INIT seed="1,1,1,4,4,112" ten="393,115,320,162" oya="1" hai0="108,9,7,83,65,135,13,52,43,79,111,1,53" hai1="133,122,48,78,87,32,92,37,95,100,60,5,88" hai2="39,4,22,29,31,71,98,131,25,38,20,2,118" hai3="18,102,82,109,97,104,26,124,12,86,11,103,123"/><U16/><E37/><V36/><F71/><W121/><G109/><N who="0" m="42059" /><D135/><U45/><E133/><V116/><F131/><W110/><G110/><T66/><D43/><U41/><E122/><V67/><F67/><N who="0" m="25610" /><D1/><U15/><E32/><V8/><F98/><W3/><G124/><T120/><D120/><U34/><E34/><V117/><REACH who="2" step="1"/><F22/><REACH who="2" ten="393,115,310,162" step="2"/><W99/><G121/><T68/><D68/><U69/><E69/><V24/><F24/><W27/><G123/><T44/><D44/><U77/><E60/><V130/><F130/><W59/><G27/><T14/><D14/><U19/><E5/><V107/><F107/><W51/><G26/><T73/><AGARI ba="1,2" hai="7,9,13,52,53,73,79,83" m="25610,42059" machi="73" ten="30,2000,0" yaku="14,1,54,1" doraHai="112" who="0" fromWho="0" sc="393,43,115,-11,310,-6,162,-6" /><INIT seed="2,0,0,2,3,48" ten="436,104,304,156" oya="2" hai0="14,81,112,57,42,72,133,92,99,66,3,109,27" hai1="49,108,130,16,58,73,68,18,41,79,53,13,39" hai2="24,8,115,2,110,87,122,101,46,123,98,17,128" hai3="51,106,20,11,56,23,118,94,69,15,125,103,96"/><V119/><F115/><W43/><G69/><T9/><D3/><U100/><E108/><V124/><F119/><W54/><G125/><T89/><D112/><U55/><E130/><V75/><F75/><W105/><G118/><T127/><D109/><U83/><E68/><V120/><F110/><W37/><G37/><T52/><D127/><U59/><E100/><V62/><F124/><W44/><G106/><T78/><D133/><U86/><E73/><V93/><F128/><W82/><G82/><T19/><D42/><U91/><E39/><V71/><F24/><W1/><G1/><T111/><D111/><U47/><E91/><V29/><F29/><W95/><G95/><T50/><D66/><U116/><E116/><V80/><F46/><W114/><G105/><T84/><REACH who="0" step="1"/><D27/><REACH who="0" ten="426,104,304,156" step="2"/><U102/><E102/><V117/><F117/><W6/><G114/><T65/><D65/><U126/><E126/><V31/><F2/><W135/><G135/><T77/><D77/><U21/><E18/><V88/><F31/><W38/><AGARI ba="0,1" hai="6,11,15,20,23,38,43,44,51,54,56,94,96,103" machi="38" ten="20,2700,0" yaku="0,1,7,1,52,1" doraHai="48" who="3" fromWho="3" sc="426,-7,104,-7,304,-13,156,37" /><INIT seed="3,0,0,2,3,86" ten="419,97,291,193" oya="3" hai0="91,78,4,125,10,49,112,44,40,17,132,92,102" hai1="116,90,38,75,107,15,48,83,25,106,21,119,58" hai2="34,37,79,24,113,33,126,63,52,36,1,99,6" hai3="87,66,94,55,5,70,108,82,68,118,3,84,71"/><W51/><G118/><T127/><D132/><U62/><E38/><V69/><F113/><W103/><G66/><T111/><D111/><U64/><E15/><V117/><F117/><N who="1" m="45129" /><E48/><V28/><F126/><N who="0" m="48138" /><D78/><N who="1" m="44511" /><E90/><V31/><F79/><W12/><G3/><T85/><D112/><U14/><E14/><V120/><F1/><W23/><G108/><T80/><D17/><AGARI ba="0,0" hai="17,21,25,58,62,64,106,107" m="44511,45129" machi="17" ten="30,1000,0" yaku="12,1" doraHai="86" who="1" fromWho="0" sc="419,-10,97,10,291,0,193,0" /><INIT seed="4,0,0,5,1,101" ten="409,107,291,193" oya="0" hai0="47,19,98,1,135,103,77,30,10,41,133,70,50" hai1="29,33,81,114,125,123,45,75,131,94,67,71,102" hai2="115,48,51,17,97,108,23,5,38,56,69,82,31" hai3="124,55,54,21,13,64,105,7,74,95,80,126,68"/><T104/><D70/><U116/><E94/><V118/><F38/><W119/><G119/><T112/><D112/><U25/><E45/><V22/><F108/><W9/><G95/><T91/><D30/><U86/><E86/><V99/><F115/><W127/><G68/><T4/><D77/><N who="1" m="44223" /><E114/><V15/><F69/><W52/><G64/><T8/><REACH who="0" step="1"/><D91/><REACH who="0" ten="399,107,291,193" step="2"/><U73/><E71/><V53/><F31/><W20/><REACH who="3" step="1"/><G105/><REACH who="3" ten="399,107,291,183" step="2"/><T93/><D93/><U18/><E116/><V88/><F118/><W49/><G49/><T113/><D113/><U14/><E123/><V78/><F51/><W106/><G106/><T59/><D59/><U28/><E33/><V12/><F56/><W46/><G46/><T16/><D16/><U65/><E18/><V84/><F48/><W79/><AGARI ba="0,2" hai="7,9,13,20,21,52,54,55,74,79,80,124,126,127" machi="79" ten="40,8000,1" yaku="1,1,0,1,18,1,54,1,53,0" doraHai="101" doraHaiUra="92" who="3" fromWho="3" sc="399,-40,107,-20,291,-20,183,100" /><INIT seed="5,0,0,5,5,105" ten="359,87,271,283" oya="1" hai0="114,115,117,133,134,10,97,20,30,72,90,125,123" hai1="121,104,73,77,0,107,106,80,68,27,43,33,99" hai2="127,59,49,132,109,96,81,78,69,21,44,13,54" hai3="52,16,61,25,65,46,11,41,110,35,79,124,3"/><U83/><E121/><V102/><F109/><W84/><G110/><T116/><D123/><U1/><E99/><V51/><F127/><W71/><G124/><T118/><D125/><U135/><E135/><N who="0" m="51721" /><D10/><U36/><E68/><V47/><F69/><W122/><G122/><T26/><D72/><U100/><E100/><V34/><F34/><W7/><G84/><T93/><AGARI ba="0,0" hai="20,26,30,90,93,97,114,115,116,117,118" m="51721" machi="93" ten="40,1500,0" yaku="20,1" doraHai="105" who="0" fromWho="0" sc="359,15,87,-7,271,-4,283,-4" /><INIT seed="6,0,0,3,2,117" ten="374,80,267,279" oya="2" hai0="64,98,105,102,72,58,91,34,114,69,135,47,86" hai1="44,65,134,48,104,120,108,36,68,131,45,14,122" hai2="61,51,53,7,90,10,59,88,119,21,1,37,46" hai3="74,23,128,99,80,106,3,49,97,132,52,79,73"/><V5/><F119/><W62/><G3/><T81/><D114/><U0/><E0/><V109/><F109/><W110/><G110/><T123/><D69/><U118/><E104/><V116/><F116/><W40/><G128/><T32/><D123/><N who="1" m="47147" /><E108/><V129/><F129/><W27/><G132/><T112/><D47/><U103/><E118/><V12/><F37/><W100/><G97/><T41/><D41/><N who="1" m="22567" /><E103/><V56/><F56/><W111/><G62/><T101/><D91/><U126/><E131/><V28/><F7/><W71/><G71/><T42/><D98/><U125/><E14/><V87/><F87/><W30/><G40/><T82/><D86/><U115/><E115/><V16/><REACH who="2" step="1"/><F28/><REACH who="2" ten="374,80,257,279" step="2"/><W22/><G111/><T25/><D58/><U2/><E134/><V11/><F11/><W63/><G74/><T18/><D72/><U83/><E2/><V113/><F113/><W95/><G73/><T54/><D112/><U50/><E83/><V55/><AGARI ba="0,1" hai="1,5,10,12,16,21,46,51,53,55,59,61,88,90" machi="55" ten="20,18000,2" yaku="1,1,0,1,7,1,54,2,53,1" doraHai="117" doraHaiUra="9" who="2" fromWho="2" sc="374,-60,80,-60,257,190,279,-60" /><INIT seed="6,1,0,5,1,14" ten="314,20,447,219" oya="2" hai0="133,66,49,59,17,36,46,60,98,34,77,52,18" hai1="94,19,0,105,115,76,55,110,29,80,68,70,45" hai2="62,124,48,106,9,96,121,41,27,15,54,93,16" hai3="95,128,38,123,8,61,117,33,3,129,103,107,63"/><V12/><F121/><W114/><G38/><T89/><D133/><U25/><E115/><V78/><F124/><W127/><G123/><T88/><D34/><U87/><E105/><V21/><F106/><W102/><G127/><T134/><D134/><U73/><E0/><V50/><F78/><W51/><G33/><T118/><D118/><U125/><E110/><V30/><F41/><W116/><G107/><T39/><D77/><U119/><E119/><V69/><F69/><W100/><G114/><T65/><D39/><U10/><E125/><V28/><F28/><W104/><G104/><T20/><D36/><U71/><E45/><V83/><F83/><W2/><G51/><T67/><D18/><U5/><E55/><V122/><F122/><W32/><G95/><N who="0" m="56679" /><D89/><U101/><E5/><V31/><F31/><W64/><G32/><T99/><D99/><U86/><E101/><N who="2" m="60559" /><F15/><AGARI ba="1,0" hai="15,17,20,46,49,52,59,60,65,66,67" m="56679" machi="15" ten="30,7700,0" yaku="8,1,52,1,54,2" doraHai="14" who="0" fromWho="2" sc="314,80,20,0,447,-80,219,0" /><INIT seed="7,0,0,3,4,65" ten="394,20,367,219" oya="3" hai0="37,67,4,39,81,8,125,32,86,135,110,117,129" hai1="66,12,18,132,1,11,112,74,23,44,84,133,7" hai2="104,106,24,126,113,85,120,46,3,71,16,95,115" hai3="13,69,103,34,111,21,29,47,50,87,78,94,123"/><W57/><G123/><T36/><D110/><U96/><E74/><V108/><F3/><W43/><G111/><T30/><D117/><U25/><E96/><V6/><F6/><W116/><G116/><T77/><D125/><U35/><E44/><V102/><F108/><W100/><G34/><T27/><D135/><U124/><E84/><V64/><F126/><W40/><G40/><T90/><D67/><U76/><E76/><V56/><F56/><W79/><G69/><T97/><D129/><U59/><E59/><V73/><F73/><W92/><G57/><T62/><D62/><U45/><E66/><V121/><F46/><W33/><G33/><T54/><D54/><U17/><E45/><V49/><F49/><W131/><G131/><T0/><REACH who="0" step="1"/><D97/><REACH who="0" ten="384,20,367,219" step="2"/><U128/><E124/><V63/><F120/><W70/><G70/><T2/><D2/><U130/><E112/><N who="2" m="43083" /><F121/><W10/><G100/><T52/><D52/><U58/><E58/><V101/><F101/><W26/><G103/><T20/><D20/><U51/><E51/><V61/><F61/><W134/><G134/><T119/><D119/><U19/><E132/><V41/><F41/><W68/><G68/><T38/><N who="0" m="9216" /><DORA hai="99" /><T48/><D48/><U15/><E133/><V60/><F60/><W89/><REACH who="3" step="1"/><G94/><REACH who="3" ten="384,20,367,209" step="2"/><T14/><D14/><N who="1" m="5163" /><E130/><V53/><F102/><W127/><G127/><T109/><D109/><U93/><E128/><V22/><F53/><W98/><G98/><T118/><D118/><U88/><E35/><V82/><F95/><W91/><G91/><AGARI ba="0,2" hai="0,4,8,27,30,32,77,81,86,90,91" m="9216" machi="91" ten="70,8000,1" yaku="1,1,53,2" doraHai="65,99" doraHaiUra="72,80" who="0" fromWho="3" sc="384,100,20,0,367,0,209,-80" /><AGARI ba="0,0" hai="16,22,24,63,64,71,82,85,91,104,106" m="43083" machi="91" ten="30,3900,0" yaku="15,1,52,1,54,1" doraHai="65,99" who="2" fromWho="3" sc="484,0,20,0,367,39,129,-39" owari="484,58.0,20,-48.0,406,21.0,90,-31.0" /></mjloggm>