<mjloggm ver="2.3"><GO type="225" lobby="0"/><UN n0="%E5%BE%80%E5%B9%B4%E3%81%AE%E3%82%B4%E3%83%AA%E3%83%A9" n1="%E8%8F%B1%E5%B7%9D%E6%85%8E%E5%90%BE" n2="%E5%AE%89%E8%97%A4%E3%82%AB%E3%82%B1%E3%83%AB" n3="%E9%BA%BB%E9%9B%80%E3%81%9F%E3%81%AE%E3%81%97" dan="16,16,16,16" rate="2098.30,2119.73,2045.39,2151.53" sx="M,M,M,F"/><TAIKYOKU oya="0"/><INIT seed="0,0,0,4,2,128" ten="250,250,250,250" oya="0" hai0="95,116,56,134,117,16,126,105,104,99,77,42,74" hai1="5,124,47,83,39,58,55,52,113,57,127,26,68" hai2="88,93,110,15,71,2,84,53,51,60,123,50,108" hai3="70,37,121,107,43,61,45,101,14,19,46,35,78"/><T81/><D42/><N who="1" m="23007" /><E5/><V44/><F2/><W38/><G35/><T41/><D41/><U91/><E26/><V23/><F123/><W135/><G121/><T109/><D56/><U118/><E118/><V100/><F100/><W67/><G78/><T131/><D16/><U85/><E68/><V31/><F51/><W69/><G101/><T96/><D131/><U36/><E36/><V11/><F23/><W75/><G107/><T59/><D59/><N who="1" m="22539" /><E113/><V9/><F31/><W86/><G75/><T97/><D126/><AGARI ba="0,0" hai="52,55,83,85,91,124,126,127" m="22539,23007" machi="126" ten="30,2000,0" yaku="18,1,54,1" doraHai="128" who="1" fromWho="0" sc="250,-20,250,20,250,0,250,0" /><INIT seed="1,0,0,2,0,109" ten="230,270,250,250" oya="1" hai0="110,22,72,104,129,35,132,98,59,26,121,48,108" hai1="46,32,101,5,9,47,97,62,50,124,118,56,63" hai2="88,71,24,21,27,6,51,23,45,17,90,84,106" hai3="111,92,44,76,85,83,19,33,31,103,135,122,43"/><U30/><E118/><V93/><F106/><W14/><G122/><T78/><D35/><U11/><E124/><V73/><F73/><W0/><G111/><T49/><D121/><U86/><E32/><V74/><F74/><W102/><G0/><T20/><D132/><U79/><E30/><V80/><F71/><W64/><G135/><T117/><D117/><U36/><E36/><V10/><F6/><W58/><G33/><T42/><D129/><U125/><E125/><V123/><F10/><W95/><G31/><T99/><D72/><U15/><E79/><V107/><F107/><W131/><G131/><T120/><D120/><U70/><E70/><V53/><F123/><W52/><G44/><T37/><D104/><U1/><E86/><V3/><F3/><W119/><G64/><T115/><D78/><U87/><E87/><V41/><F90/><W38/><G38/><T60/><D37/><U18/><E56/><V12/><F23/><N who="3" m="11767" /><G43/><T29/><D20/><U2/><E47/><V4/><F4/><W55/><G55/><T68/><D68/><U128/><E128/><V7/><F7/><W61/><G119/><T105/><D110/><U100/><E2/><V130/><F130/><W113/><G113/><T57/><D108/><U34/><E34/><V94/><F41/><W69/><G69/><T134/><D115/><U81/><E81/><V75/><F75/><W16/><G16/><T77/><D134/><U28/><E28/><V96/><REACH who="2" step="1"/><F94/><AGARI ba="0,0" hai="52,58,61,76,83,85,92,94,95,102,103" m="11767" machi="94" ten="30,2000,0" yaku="8,1,54,1" doraHai="109" who="3" fromWho="2" sc="230,0,270,0,250,-20,250,20" /><INIT seed="2,0,0,2,0,128" ten="230,270,230,270" oya="2" hai0="104,112,132,124,97,85,101,39,109,27,131,14,25" hai1="20,53,87,0,12,108,113,16,116,34,130,76,65" hai2="18,69,50,6,44,31,110,73,54,9,57,121,125" hai3="22,4,45,68,135,115,96,42,118,86,3,102,30"/><V92/><F69/><W40/><G118/><T106/><D39/><U122/><E116/><V78/><F121/><W67/><G115/><T15/><D112/><U114/><E130/><V59/><F125/><W47/><G4/><T72/><D131/><U70/><E122/><V134/><F110/><W56/><G3/><T120/><D120/><U82/><E108/><V46/><F31/><W38/><G86/><T103/><D109/><U98/><E0/><V84/><F73/><W71/><G22/><T127/><D85/><U119/><E34/><V129/><F129/><W35/><G30/><T60/><D60/><U95/><E119/><V89/><F78/><W126/><G35/><T23/><D23/><U107/><E107/><V29/><F29/><W81/><G81/><T61/><D61/><U41/><E41/><V13/><F134/><W94/><G126/><T10/><D10/><U49/><E65/><V7/><F46/><W19/><G135/><T64/><D64/><U32/><E70/><V17/><F7/><W90/><G19/><AGARI ba="0,0" hai="6,9,13,17,18,19,44,50,54,57,59,84,89,92" machi="19" ten="40,2000,0" yaku="8,1" doraHai="128" who="2" fromWho="3" sc="230,0,270,0,230,20,270,-20" /><INIT seed="2,1,0,4,1,14" ten="230,270,250,250" oya="2" hai0="59,108,18,41,15,48,103,58,9,56,132,66,60" hai1="84,52,20,71,85,91,86,99,35,53,79,70,65" hai2="0,31,32,19,89,121,64,43,95,38,101,8,123" hai3="23,10,3,122,61,24,74,88,44,82,107,7,29"/><V133/><F133/><W75/><G122/><T2/><D132/><U130/><E35/><V90/><F101/><W78/><G107/><T125/><D108/><U63/><E130/><V87/><F64/><W33/><G74/><T11/><D125/><U127/><E127/><V110/><F110/><W119/><G119/><T102/><D2/><U93/><E71/><V22/><F32/><W98/><G61/><T36/><D36/><U45/><E79/><V67/><F67/><W94/><REACH who="3" step="1"/><G44/><REACH who="3" ten="230,270,250,240" step="2"/><N who="0" m="25615" /><D11/><U135/><E135/><V129/><F8/><W28/><G28/><T55/><D59/><U49/><REACH who="1" step="1"/><E20/><AGARI ba="1,1" hai="3,7,10,20,23,24,29,33,75,78,82,88,94,98" machi="20" ten="40,5200,0" yaku="1,1,54,1,53,1" doraHai="14" doraHaiUra="104" who="3" fromWho="1" sc="230,0,270,-55,250,0,240,65" /><INIT seed="3,0,0,4,1,40" ten="230,215,250,305" oya="3" hai0="14,80,121,92,21,108,93,65,124,68,85,100,102" hai1="125,41,18,135,63,104,75,7,106,39,59,31,133" hai2="1,71,99,6,58,26,48,126,79,127,62,45,69" hai3="55,132,94,27,20,60,15,2,84,66,5,46,97"/><W77/><G2/><T117/><D117/><U87/><E75/><V64/><F79/><W105/><G105/><T22/><D121/><U134/><E125/><N who="2" m="47627" /><F1/><W52/><G132/><T129/><D124/><U73/><E73/><V61/><F6/><W95/><G46/><T70/><D129/><U36/><E7/><V24/><F99/><W28/><G15/><T51/><D108/><U47/><E31/><V119/><F119/><W101/><G5/><T53/><D70/><N who="2" m="26634" /><F62/><W122/><G122/><T42/><D68/><U90/><E18/><V112/><F112/><W32/><G32/><T67/><D14/><U0/><E39/><V38/><F38/><W76/><G66/><T91/><D67/><U115/><E115/><V110/><F110/><W74/><G74/><T56/><D65/><N who="1" m="39167" /><E0/><V128/><F128/><W23/><G23/><N who="0" m="8715" /><D42/><AGARI ba="0,0" hai="24,26,42,45,48,58,61,64" m="26634,47627" machi="42" ten="30,2000,0" yaku="18,1,52,1" doraHai="40" who="2" fromWho="0" sc="230,-20,215,0,250,20,305,0" owari="210,-29.0,215,-18.0,270,7.0,305,40.0" /></mjloggm>