<mjloggm ver="2.3"><GO type="169" lobby="0"/><UN n0="%E3%83%95%E3%82%B5%E3%82%A6%E3%83%9F%E3%82%B3%E3%83%83%E3%83%97" n1="%E6%9C%A8%E6%BC%8F%E3%82%8C%E6%97%A5" n2="%E3%81%8B%E3%81%A4%E3%81%A9%E3%82%93" n3="%E3%83%8A%E3%83%A0%E3%82%B5%E3%83%BC%E3%83%B3%EF%BC%81" dan="17,17,17,16" rate="2258.56,2204.68,2224.72,2040.08" sx="M,M,F,M"/><TAIKYOKU oya="0"/><INIT seed="0,0,0,0,5,92" ten="250,250,250,250" oya="0" hai0="65,69,7,135,8,56,5,110,83,117,54,132,134" hai1="26,9,25,127,82,34,49,119,53,84,77,66,115" hai2="20,16,63,24,37,121,38,70,12,75,126,14,44" hai3="43,0,23,22,31,133,73,51,112,113,71,101,35"/><T93/><D117/><U85/><E119/><V80/><F121/><W100/><G73/><T74/><D110/><U107/><E127/><V10/><F126/><W18/><G71/><T123/><D123/><U62/><E115/><V55/><F70/><W42/><G35/><T104/><D104/><U89/><E107/><V11/><F63/><W36/><G36/><T39/><D39/><U91/><E34/><V125/><F125/><W76/><G0/><T131/><D131/><U114/><E114/><V111/><F111/><W30/><G76/><N who="0" m="44439" /><D69/><U97/><E9/><V60/><F60/><W59/><G59/><T120/><D65/><U67/><E62/><V79/><F55/><W124/><G124/><T52/><D120/><U108/><E108/><V4/><REACH who="2" step="1"/><F44/><REACH who="2" ten="250,250,240,250" step="2"/><W21/><G113/><T17/><D54/><U78/><E53/><V48/><F48/><W15/><G51/><N who="0" m="30751" /><D93/><U32/><E49/><V81/><F81/><W116/><G112/><T106/><D106/><U129/><E82/><V130/><F130/><W41/><G116/><T103/><D103/><U47/><E129/><V13/><F13/><AGARI ba="0,1" hai="5,7,8,13,17,132,134,135" m="30751,44439" machi="13" ten="30,2900,0" yaku="20,1,54,1" doraHai="92" who="0" fromWho="2" sc="250,39,250,0,240,-29,250,0" /><INIT seed="0,1,0,1,4,83" ten="289,250,211,250" oya="0" hai0="109,29,1,19,16,69,11,20,104,111,119,133,46" hai1="134,17,34,27,89,61,35,80,96,132,9,126,43" hai2="118,57,114,121,62,78,71,45,50,76,87,51,130" hai3="49,56,74,129,120,23,18,82,0,93,91,42,122"/><T68/><D119/><U106/><E43/><V13/><F121/><W113/><G113/><T95/><D104/><U7/><E61/><V116/><F114/><W28/><G0/><T105/><D105/><U38/><E38/><V115/><F115/><W135/><G28/><T72/><D72/><U127/><E106/><V131/><F13/><W2/><G2/><T4/><D133/><N who="1" m="51307" /><E96/><V58/><F76/><W77/><G135/><T60/><D46/><U110/><E89/><V52/><F78/><W47/><G56/><T65/><D69/><U8/><E80/><V32/><F87/><W36/><G129/><N who="2" m="49161" /><F32/><N who="1" m="12329" /><E110/><N who="0" m="41993" /><D95/><U123/><E123/><V15/><F15/><W66/><G66/><T14/><D1/><N who="1" m="111" /><E9/><V117/><F51/><W112/><G112/><T33/><D33/><U100/><E100/><V10/><F10/><W24/><G36/><T94/><D94/><U103/><E103/><V98/><F98/><W5/><G122/><T63/><D60/><U102/><E102/><V22/><F22/><AGARI ba="1,0" hai="17,22,27,126,127" m="111,12329,51307" machi="22" ten="40,5200,0" yaku="20,1,34,2" doraHai="83" who="1" fromWho="2" sc="289,0,250,55,211,-55,250,0" /><INIT seed="1,0,0,3,5,95" ten="289,305,156,250" oya="1" hai0="1,52,40,55,86,132,28,21,41,5,17,60,13" hai1="25,58,47,126,100,118,30,72,122,0,51,101,82" hai2="10,63,120,104,42,49,93,2,24,65,129,29,62" hai3="14,39,34,44,103,76,121,19,135,67,31,134,108"/><U57/><E118/><V131/><F104/><W111/><G121/><T12/><D132/><N who="3" m="50729" /><G76/><T15/><D28/><U119/><E0/><V73/><F73/><W16/><G67/><T77/><D1/><U116/><E122/><V133/><F120/><W88/><G103/><T112/><D112/><U89/><E126/><V48/><F133/><W128/><G128/><N who="2" m="49225" /><F93/><W50/><G39/><T68/><D68/><U90/><E72/><V64/><F10/><N who="3" m="6231" /><G19/><T71/><D71/><U114/><E114/><V26/><F2/><W127/><G127/><T99/><D41/><U70/><E70/><N who="2" m="42263" /><F42/><N who="3" m="24855" /><G88/><T105/><D40/><U54/><E90/><V9/><F9/><W109/><G31/><T27/><D5/><U87/><E119/><V61/><F29/><W66/><G66/><T23/><D23/><N who="1" m="15679" /><E116/><V74/><F74/><W91/><G91/><T94/><D105/><U6/><E6/><V7/><F7/><W20/><G20/><T125/><D125/><U81/><E81/><V97/><F65/><W79/><G79/><T110/><D77/><U80/><E80/><V102/><F24/><W115/><G115/><T83/><D83/><U3/><E3/><V98/><F26/><W35/><AGARI ba="0,0" hai="34,35,108,109,111" m="24855,6231,50729" machi="35" ten="40,5200,0" yaku="14,1,20,1,54,1" doraHai="95" who="3" fromWho="3" sc="289,-13,305,-26,156,-13,250,52" /><INIT seed="2,0,0,3,4,7" ten="276,279,143,302" oya="2" hai0="128,3,8,36,38,73,13,106,59,49,93,44,69" hai1="109,71,9,124,122,12,20,131,91,50,113,78,4" hai2="92,123,99,43,6,37,104,27,1,56,23,129,114" hai3="101,51,57,64,40,2,134,52,54,32,81,74,28"/><V85/><F114/><W67/><G2/><T108/><D106/><U116/><E71/><V95/><F123/><W19/><G134/><T21/><D108/><U102/><E113/><V47/><F129/><W84/><G74/><T97/><D69/><U89/><E116/><V72/><F72/><W5/><G5/><T11/><D3/><U35/><E35/><V46/><F85/><W125/><G125/><T29/><D73/><U130/><E78/><V82/><F82/><W66/><G101/><T133/><D133/><U135/><E109/><V110/><F110/><W96/><G96/><T87/><D87/><U17/><E124/><V121/><F121/><W15/><G40/><T86/><D86/><U63/><E102/><V48/><F56/><W98/><G98/><T111/><D128/><N who="1" m="49195" /><E63/><V0/><F104/><W61/><G28/><T90/><D111/><U14/><E135/><V80/><F80/><W18/><G32/><T26/><D59/><U115/><E115/><V120/><F120/><W100/><G100/><T65/><D65/><U77/><E77/><V53/><F99/><W22/><G19/><T127/><D127/><U10/><E122/><V16/><REACH who="2" step="1"/><F0/><REACH who="2" ten="276,279,133,302" step="2"/><W24/><G84/><T39/><REACH who="0" step="1"/><D13/><REACH who="0" ten="266,279,133,302" step="2"/><U94/><E14/><V105/><F105/><W41/><G81/><T76/><D76/><U83/><E83/><V45/><F45/><N who="3" m="26031" /><G15/><T103/><D103/><U119/><E12/><V60/><F60/><W118/><G118/><T70/><D70/><U88/><E119/><V42/><F42/><AGARI ba="0,2" hai="8,11,21,26,29,36,38,39,42,44,49,90,93,97" machi="42" ten="40,5200,0" yaku="1,1,52,2,53,0" doraHai="7" doraHaiUra="117" who="0" fromWho="2" sc="266,72,279,0,133,-52,302,0" /><INIT seed="3,0,0,0,0,118" ten="338,279,81,302" oya="3" hai0="69,100,24,133,9,82,135,22,17,41,84,111,0" hai1="89,128,8,113,68,81,26,2,30,108,6,31,29" hai2="39,90,38,70,56,129,98,16,79,59,45,33,86" hai3="34,19,15,58,123,116,42,20,21,75,54,44,46"/><W87/><G75/><T43/><D111/><U12/><E68/><V121/><F70/><W14/><G116/><T93/><D69/><U92/><E81/><V127/><F129/><W125/><G34/><T47/><D0/><U77/><E77/><V101/><F33/><W119/><G119/><T103/><D9/><U126/><E113/><V27/><F127/><W73/><G73/><T112/><D112/><U32/><E108/><V25/><F79/><W71/><G71/><T83/><D43/><U37/><E37/><V50/><F39/><W115/><G115/><T40/><D41/><U88/><E89/><V96/><F38/><W7/><G125/><T52/><D40/><U67/><E67/><V18/><F45/><W99/><G99/><N who="2" m="37929" /><F101/><N who="0" m="38986" /><D93/><U57/><E128/><V120/><F25/><W48/><G42/><T51/><D84/><U5/><E126/><V10/><F10/><W80/><G7/><T78/><D78/><U11/><E57/><N who="2" m="22091" /><F50/><W91/><G46/><T76/><D76/><U94/><E94/><N who="2" m="54615" /><F27/><W49/><G44/><T53/><D53/><U13/><E2/><V105/><F105/><W3/><G3/><T61/><D61/><U28/><E28/><V65/><F65/><W74/><G74/><T36/><D36/><U62/><E62/><V109/><F109/><W95/><G49/><T117/><D117/><U1/><E1/><V104/><F104/><W85/><G80/><T35/><D35/><U55/><E55/><V64/><F64/><W102/><G102/><T114/><D114/><U130/><E130/><V122/><AGARI ba="0,0" hai="16,18,120,121,122" m="54615,22091,37929" machi="122" ten="40,8000,1" yaku="13,1,52,3,54,1" doraHai="118" who="2" fromWho="2" sc="338,-20,279,-20,81,80,302,-40" /><INIT seed="4,0,0,2,4,95" ten="318,259,161,262" oya="0" hai0="64,85,124,80,77,41,119,53,88,86,16,60,83" hai1="125,39,49,134,58,18,23,66,25,89,94,27,48" hai2="56,90,12,97,96,104,65,52,72,28,34,54,32" hai3="120,47,8,123,100,113,29,0,44,14,79,24,1"/><T114/><D119/><U102/><E39/><V62/><F72/><W21/><G79/><T73/><D114/><U108/><E108/><V37/><F37/><W74/><G74/><T10/><D124/><U130/><E125/><V19/><F32/><W111/><G111/><T112/><D112/><U109/><E109/><V126/><F126/><W101/><G113/><T122/><D122/><N who="3" m="46633" /><G47/><T67/><D41/><U36/><E36/><V33/><F33/><W46/><G46/><T5/><D73/><U81/><E134/><V118/><F118/><W121/><N who="3" m="46641" /><W57/><DORA hai="13" /><G57/><N who="0" m="34863" /><D5/><U131/><E102/><N who="3" m="39530" /><G44/><T99/><D99/><N who="2" m="37962" /><F104/><W55/><G55/><N who="2" m="21033" /><F34/><W71/><G71/><T87/><D85/><U50/><E50/><V82/><F28/><W68/><G68/><T98/><D98/><U51/><E51/><V92/><F82/><W76/><G1/><T107/><D107/><U69/><E81/><V103/><F103/><W59/><G59/><T106/><D106/><U63/><E69/><V61/><F61/><W4/><G0/><T132/><D132/><U128/><E49/><V133/><F133/><W15/><G15/><AGARI ba="0,0" hai="10,15,16,64,67,77,80,83,86,87,88" m="34863" machi="15" ten="30,11600,0" yaku="8,1,52,1,54,2" doraHai="95,13" who="0" fromWho="3" sc="318,116,259,0,161,0,262,-116" /><INIT seed="4,1,0,2,0,20" ten="434,259,161,146" oya="0" hai0="45,84,43,56,118,93,86,25,69,88,129,67,35" hai1="23,91,127,66,131,21,105,24,44,98,71,51,107" hai2="82,114,17,28,34,68,39,48,59,104,31,117,130" hai3="95,55,37,36,73,110,77,103,42,50,12,33,125"/><T58/><D118/><U13/><E127/><V11/><F39/><W16/><G110/><T83/><D129/><U132/><E131/><V109/><F130/><W32/><G125/><T113/><D113/><U8/><E132/><V5/><F109/><W38/><G42/><T97/><D69/><U22/><E66/><V7/><F68/><W119/><G119/><T80/><D67/><U81/><E71/><V65/><F104/><W75/><G103/><T123/><D123/><U122/><E122/><V99/><F117/><W76/><G95/><T62/><D62/><U9/><E9/><V126/><F126/><W133/><G133/><T87/><D35/><U46/><E46/><V120/><F120/><W61/><G61/><T54/><D25/><U79/><E91/><V134/><F114/><W4/><G4/><T135/><D135/><U115/><E98/><V47/><F99/><W128/><G128/><T106/><D106/><U2/><E2/><V57/><F82/><W40/><G40/><T52/><D58/><N who="2" m="22026" /><F65/><W1/><G1/><T19/><D56/><U78/><E107/><V60/><F60/><W72/><G33/><T108/><D108/><U112/><E105/><V111/><F111/><W26/><G32/><T100/><D80/><U94/><E81/><V29/><F34/><W27/><G77/><T64/><D64/><U49/><E115/><V116/><F116/><W70/><G76/><T96/><D83/><U74/><E112/><V10/><F134/><W63/><G70/><T15/><D97/><U101/><E79/><V30/><N who="2" m="7168" /><DORA hai="3" /><V41/><F17/><RYUUKYOKU ba="1,0" sc="434,-10,259,-10,161,30,146,-10" hai2="5,7,10,11,41,47,48" /><INIT seed="5,2,0,1,5,63" ten="424,249,191,136" oya="1" hai0="33,51,68,52,67,6,82,72,54,106,60,14,102" hai1="22,78,38,97,31,58,29,115,75,71,41,61,77" hai2="39,96,89,122,18,48,107,87,125,100,55,88,35" hai3="27,62,50,20,16,21,76,127,42,79,19,129,57"/><U111/><E71/><V32/><F122/><W131/><G127/><T85/><D72/><U65/><E115/><V24/><F39/><W126/><G126/><T119/><D119/><U7/><E111/><V99/><F125/><W69/><G69/><T124/><D124/><U45/><E7/><V8/><F99/><W133/><G133/><T9/><D33/><U46/><E75/><V112/><F89/><W25/><G50/><T73/><D73/><U11/><E11/><V59/><F112/><W10/><G10/><T105/><D102/><U0/><E0/><V53/><F53/><W101/><G42/><T4/><D4/><U34/><E34/><V80/><REACH who="2" step="1"/><F8/><REACH who="2" ten="424,249,181,136" step="2"/><W30/><G101/><T70/><D54/><U2/><E38/><V118/><F118/><W5/><G5/><T49/><D6/><U123/><E123/><V91/><F91/><W43/><G43/><T130/><D9/><U93/><E41/><V26/><F26/><W83/><G79/><T108/><D108/><U12/><E78/><V128/><F128/><W56/><G131/><T1/><D52/><U121/><E121/><V3/><F3/><W116/><G129/><T132/><D1/><U47/><E77/><V37/><F37/><W13/><G116/><T110/><D130/><U86/><E2/><V81/><F81/><W117/><G117/><T64/><D82/><U17/><E97/><V66/><F66/><N who="3" m="39239" /><G76/><T44/><D110/><U98/><E86/><V103/><F103/><AGARI ba="2,1" hai="12,17,22,29,31,45,46,47,58,61,65,93,98,103" machi="103" ten="40,3900,0" yaku="8,1,52,1" doraHai="63" who="1" fromWho="2" sc="424,0,249,55,181,-45,136,0" /><INIT seed="5,3,0,1,1,18" ten="424,304,136,136" oya="1" hai0="80,58,20,108,32,134,7,107,83,47,23,45,91" hai1="31,121,15,77,71,129,9,114,112,14,118,72,106" hai2="124,55,135,102,87,64,86,43,0,109,38,11,79" hai3="56,96,36,133,100,29,111,21,33,66,1,2,127"/><U126/><E71/><V119/><F109/><W67/><G33/><T49/><D108/><U35/><E106/><V27/><F119/><W82/><G111/><T61/><D32/><U117/><E77/><V85/><F64/><W17/><G36/><T103/><D134/><U40/><E72/><V120/><F120/><W16/><G29/><T52/><D7/><U53/><E40/><V76/><F135/><W110/><G110/><T50/><D107/><U65/><E53/><V44/><F124/><W34/><G34/><T63/><D103/><U8/><E65/><V104/><F55/><W41/><G41/><N who="0" m="24751" /><D63/><U22/><E121/><V30/><F0/><W93/><G133/><T51/><D51/><U101/><E101/><V88/><F11/><N who="1" m="4169" /><E126/><V62/><F62/><W128/><G127/><T125/><D125/><U98/><E98/><V131/><F102/><W48/><G67/><N who="0" m="39351" /><D83/><U6/><E6/><V99/><F104/><W5/><G5/><T97/><D80/><U123/><E123/><V19/><F38/><W116/><G116/><N who="1" m="44650" /><E129/><V78/><F43/><W84/><G128/><T115/><D115/><N who="1" m="44075" /><E35/><V90/><F131/><W28/><G1/><T132/><D132/><U54/><E54/><V69/><F69/><W12/><G2/><T10/><D97/><U94/><E94/><V75/><F75/><W70/><G70/><T39/><D39/><U13/><E31/><V92/><F99/><W26/><G66/><T46/><D52/><U59/><E59/><V74/><F74/><W60/><G56/><T130/><D130/><U81/><E81/><V42/><F92/><RYUUKYOKU ba="3,0" sc="424,-10,304,30,136,-10,136,-10" hai1="13,14,15,22" /><INIT seed="5,4,0,3,0,85" ten="414,334,126,126" oya="1" hai0="24,13,89,104,135,5,72,73,50,28,128,105,20" hai1="51,27,40,59,46,64,26,36,125,119,67,86,103" hai2="84,111,113,15,41,121,54,65,18,39,16,118,95" hai3="31,22,23,110,92,19,133,129,102,96,120,71,10"/><U90/><E119/><V8/><F111/><W87/><G120/><T114/><D114/><U115/><E115/><V62/><F118/><W47/><G110/><T7/><D135/><U99/><E125/><V37/><F113/><W58/><G71/><T9/><D128/><U124/><E124/><V88/><F121/><W112/><G112/><T14/><D50/><U33/><E33/><V66/><F41/><W134/><G129/><T116/><D116/><U78/><E78/><V82/><F18/><W108/><G108/><T123/><D123/><U30/><E36/><V69/><F65/><W63/><G47/><T44/><D44/><U109/><E109/><V122/><F122/><W75/><G75/><T81/><D72/><U38/><E38/><V48/><F95/><W76/><G10/><T131/><D131/><U106/><E59/><AGARI ba="4,0" hai="8,15,16,37,39,48,54,59,62,66,69,82,84,88" machi="59" ten="30,7700,0" yaku="7,1,52,1,54,2" doraHai="85" who="2" fromWho="1" sc="414,0,334,-89,126,89,126,0" /><INIT seed="6,0,0,0,0,123" ten="414,245,215,126" oya="2" hai0="44,116,63,124,88,128,104,107,56,22,3,99,39" hai1="93,130,66,69,57,51,67,100,126,58,71,112,70" hai2="122,23,55,18,103,8,43,127,4,84,114,49,132" hai3="35,11,5,28,14,6,113,36,41,52,30,54,21"/><V129/><F122/><W79/><G79/><T76/><D3/><U34/><E34/><V62/><F114/><W91/><G113/><T78/><D128/><U102/><E112/><V73/><F73/><W65/><G65/><N who="1" m="24586" /><E93/><V19/><F129/><W131/><G131/><T32/><D32/><U75/><E130/><V133/><F103/><N who="1" m="39465" /><E51/><V17/><F62/><W117/><G117/><T119/><D63/><U120/><E75/><V31/><F84/><W15/><G35/><T72/><D72/><U29/><E29/><V125/><F31/><W2/><G2/><T48/><D48/><U53/><E53/><V46/><F55/><W97/><G41/><T13/><D107/><U9/><E9/><V45/><F45/><W85/><G97/><T74/><D99/><U109/><E126/><N who="2" m="48139" /><F23/><W105/><G105/><T106/><D22/><U20/><E20/><V86/><F86/><W101/><G101/><T83/><D106/><U40/><E40/><V77/><F77/><W108/><G21/><T59/><D78/><U134/><E120/><V82/><F82/><W96/><G96/><T98/><D124/><U47/><E47/><V33/><F33/><W121/><G121/><T92/><D104/><U10/><E10/><V60/><F60/><W7/><G11/><T111/><D74/><U90/><E90/><V12/><AGARI ba="0,0" hai="4,8,12,17,18,19,43,46,49,132,133" m="48139" machi="12" ten="40,2100,0" yaku="18,1" doraHai="123" who="2" fromWho="2" sc="414,-7,245,-7,215,21,126,-7" /><INIT seed="6,1,0,2,0,19" ten="407,238,236,119" oya="2" hai0="67,64,112,50,83,54,35,1,25,36,119,10,135" hai1="82,93,63,52,75,77,47,39,85,70,74,60,133" hai2="106,27,121,22,56,113,18,95,20,43,0,13,72" hai3="65,51,53,14,73,129,16,62,17,4,29,125,123"/><V24/><F106/><W34/><G123/><T9/><D36/><U98/><E133/><V126/><F72/><W3/><G73/><T12/><D112/><U76/><E70/><V109/><F121/><W91/><G125/><T38/><D38/><U128/><E128/><V130/><F113/><W61/><G129/><T11/><D1/><U117/><E117/><V71/><F71/><W66/><G3/><T118/><D135/><U40/><E77/><V44/><F130/><W84/><G4/><T122/><D122/><U8/><E63/><V97/><F0/><W90/><G29/><T101/><D101/><U124/><E8/><V103/><F109/><W33/><G51/><T78/><D25/><N who="2" m="9802" /><F56/><W134/><G53/><T23/><D35/><U96/><E124/><V32/><F32/><W131/><G131/><T81/><D119/><U21/><E98/><V69/><F69/><W79/><G79/><T108/><D78/><U100/><E21/><N who="2" m="11471" /><F126/><W86/><REACH who="3" step="1"/><G14/><REACH who="3" ten="407,238,236,109" step="2"/><T30/><D12/><U94/><E75/><V48/><AGARI ba="1,1" hai="20,22,43,44,48,95,97,103" m="11471,9802" machi="48" ten="30,11700,0" yaku="8,1,52,3" doraHai="19" who="2" fromWho="2" sc="407,-40,238,-40,236,130,109,-40" /><INIT seed="6,2,0,5,5,98" ten="367,198,366,69" oya="2" hai0="122,34,76,0,121,57,61,80,54,103,49,13,99" hai1="64,70,38,7,9,51,20,23,97,8,29,73,96" hai2="106,28,22,72,101,6,1,95,75,52,129,74,47" hai3="66,48,3,87,78,131,77,35,18,62,113,110,33"/><V37/><F106/><W58/><G110/><T94/><D0/><U118/><E38/><V5/><F129/><W90/><G3/><T14/><D34/><U109/><E73/><V41/><F1/><W81/><G131/><T40/><D40/><U117/><E51/><V65/><F65/><W135/><G135/><T31/><D31/><U84/><E84/><V133/><F133/><W123/><G123/><T19/><D61/><U60/><E109/><V116/><F116/><W91/><G113/><T15/><REACH who="0" step="1"/><D19/><REACH who="0" ten="357,198,366,69" step="2"/><U108/><E108/><V92/><F28/><W125/><G35/><T127/><D127/><U63/><E29/><V120/><F120/><W46/><G33/><T115/><D115/><U134/><E134/><V111/><F111/><W30/><G30/><T93/><D93/><U26/><E63/><V88/><F22/><W105/><G105/><T42/><D42/><U124/><E23/><V85/><REACH who="2" step="1"/><F52/><REACH who="2" ten="357,198,356,69" step="2"/><W100/><G125/><T17/><D17/><U59/><E124/><V68/><F68/><W79/><G18/><T119/><D119/><U45/><E118/><V25/><F25/><W128/><G128/><T67/><D67/><U39/><E117/><V102/><F102/><W24/><G100/><T43/><D43/><U16/><E20/><V69/><F69/><W32/><G32/><T36/><D36/><U27/><E27/><V4/><F4/><W71/><G24/><T114/><D114/><U44/><E26/><V126/><F126/><W112/><G112/><T132/><D132/><U86/><E16/><V89/><F89/><N who="3" m="51439" /><G71/><T50/><D50/><RYUUKYOKU ba="2,2" sc="357,10,198,-30,356,10,69,10" hai0="13,14,15,49,54,57,76,80,94,99,103,121,122" hai2="5,6,37,41,47,72,74,75,85,88,92,95,101" hai3="46,48,58,62,66,77,78,79,90,91" /><INIT seed="6,3,2,2,5,112" ten="367,168,366,79" oya="2" hai0="100,91,6,14,93,115,39,40,117,85,68,75,54" hai1="29,109,80,66,11,24,46,73,50,99,18,3,129" hai2="131,62,61,84,38,81,33,58,125,92,121,57,23" hai3="102,107,69,76,96,111,88,5,126,4,1,15,45"/><V53/><F121/><W10/><G111/><T132/><D75/><U34/><E109/><V105/><F105/><W128/><G69/><T110/><D110/><U27/><E66/><V19/><F33/><W135/><G76/><T116/><D115/><U104/><E129/><V49/><F125/><W56/><G126/><T74/><D74/><U90/><E3/><V47/><F131/><W123/><G123/><T7/><D68/><U103/><E73/><V2/><F2/><W37/><G135/><T78/><D78/><U60/><E60/><N who="2" m="23147" /><F92/><W21/><G128/><T95/><D132/><U43/><E27/><N who="2" m="14847" /><F38/><W113/><G56/><T59/><D40/><U119/><E43/><V9/><F9/><W89/><G113/><T42/><D42/><U87/><E11/><V98/><F98/><W52/><G37/><T0/><D0/><U12/><E99/><V65/><F65/><W82/><G82/><T32/><D32/><U124/><E124/><V35/><F35/><W13/><G1/><T114/><D39/><U77/><E34/><V44/><F44/><W8/><G21/><T48/><D114/><U127/><E127/><V79/><AGARI ba="3,2" hai="47,49,53,57,58,79,81,84" m="14847,23147" machi="79" ten="30,1500,0" yaku="8,1" doraHai="112" who="2" fromWho="2" sc="367,-8,168,-8,366,44,79,-8" /><INIT seed="6,4,0,0,1,35" ten="359,160,410,71" oya="2" hai0="90,10,70,122,105,6,115,36,75,87,83,9,50" hai1="123,62,130,94,78,18,60,72,99,135,24,22,51" hai2="53,2,134,114,41,68,63,55,104,119,129,102,117" hai3="98,118,12,132,17,58,8,126,4,42,40,25,81"/><V74/><F74/><W65/><G118/><N who="2" m="45065" /><F102/><W92/><G132/><T56/><D122/><U133/><E130/><V82/><F82/><W111/><G111/><T48/><D70/><U20/><E123/><V131/><F2/><W80/><G126/><T91/><D36/><U11/><E51/><V64/><F104/><W19/><G65/><T54/><D105/><U67/><E11/><V33/><F33/><W37/><G58/><T113/><D75/><U101/><E78/><V107/><F107/><W106/><G106/><T45/><D91/><U21/><E72/><V125/><F134/><N who="1" m="51209" /><E62/><V23/><F23/><N who="3" m="13567" /><G37/><T59/><D10/><U16/><E24/><V79/><F79/><W0/><G0/><T128/><D128/><N who="2" m="49226" /><F125/><W5/><G5/><T15/><REACH who="0" step="1"/><D59/><AGARI ba="4,0" hai="16,18,20,21,22,59,60,67,94,99,101" m="51209" machi="59" ten="30,2000,0" yaku="20,1,54,1" doraHai="35" who="1" fromWho="0" sc="359,-32,160,32,410,0,71,0" /><INIT seed="7,0,0,3,5,77" ten="327,192,410,71" oya="3" hai0="13,95,21,41,121,109,110,90,38,53,81,98,52" hai1="117,0,100,70,88,2,4,36,105,86,118,44,12" hai2="73,106,83,60,99,80,49,26,126,30,42,17,133" hai3="94,45,9,122,93,34,66,15,120,101,111,58,46"/><W14/><G34/><T16/><D121/><U82/><E70/><V5/><F73/><W128/><G128/><T123/><D123/><U135/><E135/><V22/><F5/><W29/><G29/><T24/><D38/><U84/><E100/><V97/><F126/><W43/><G111/><T89/><D41/><N who="1" m="22567" /><E105/><V63/><F106/><W112/><G112/><T33/><D33/><U74/><E74/><V76/><F76/><W124/><G124/><T59/><D13/><N who="3" m="4617" /><G9/><T31/><D31/><U103/><E103/><V68/><F17/><W114/><G114/><T107/><D107/><U1/><E12/><V47/><F68/><W71/><G71/><T23/><D23/><U85/><E4/><V75/><F75/><W67/><G46/><T8/><D8/><U78/><E78/><V115/><F133/><W57/><G57/><T132/><D132/><U39/><E39/><V125/><F125/><W64/><G58/><T65/><D110/><U108/><E108/><V32/><F32/><W113/><G113/><T116/><D109/><U102/><E102/><V129/><F129/><W61/><G61/><N who="2" m="23625" /><F115/><W92/><G101/><T37/><D37/><U20/><E20/><V7/><F7/><W87/><G87/><N who="0" m="50415" /><D116/><U69/><E69/><V127/><F127/><W119/><G119/><AGARI ba="0,0" hai="0,1,2,82,84,85,86,88,117,118,119" m="22567" machi="119" ten="40,5200,0" yaku="12,1,52,1,54,1" doraHai="77" who="1" fromWho="3" sc="327,0,192,52,410,0,71,-52" owari="327,13.0,244,-16.0,410,51.0,19,-48.0" /></mjloggm>