<mjloggm ver="2.3"><GO type="185" lobby="0"/><UN n0="%E3%81%97%E3%82%87%E3%81%86%E3%81%90%E3%82%93%EF%BC%94" n1="%E9%96%A2%E8%A5%BF%E9%9B%80%E5%A3%AB%E4%BC%9A" n2="%74%61%6B%61%2D%31%31%36" n3="" dan="17,16,16,0" rate="2207.95,2109.54,2143.87,1500.00" sx="M,M,M,C"/><TAIKYOKU oya="0"/><INIT seed="0,0,0,2,3,108" ten="350,350,350,0" oya="0" hai0="100,83,126,77,47,53,68,79,98,52,81,125,76" hai1="69,94,103,2,49,104,118,102,90,117,84,41,135" hai2="36,0,34,112,92,63,72,121,97,40,56,32,64" hai3=""/><T67/><D68/><U1/><E69/><V37/><N who="2" m="31008" /><V73/><F0/><T43/><D67/><U133/><E41/><V65/><F112/><T127/><D83/><U111/><E111/><V115/><F115/><T45/><D81/><U130/><E130/><V57/><F40/><T106/><REACH who="0" step="1"/><D47/><REACH who="0" ten="340,350,350,0" step="2"/><U123/><N who="1" m="31520" /><U93/><E1/><V70/><F70/><T122/><N who="0" m="31264" /><T38/><AGARI ba="0,1" hai="38,43,45,52,53,76,77,79,98,100,106,125,126,127" m="31264" machi="38" ten="40,12000,2" yaku="1,1,4,1,0,1,18,1,52,1,54,1,53,0" doraHai="108" doraHaiUra="88" who="0" fromWho="0" sc="340,130,350,-60,350,-60,0,0" /><INIT seed="0,1,0,0,0,2" ten="470,290,290,0" oya="0" hai0="46,83,43,76,48,97,1,47,77,92,110,41,112" hai1="123,55,84,57,103,125,35,65,135,59,74,80,32" hai2="67,0,96,58,129,40,33,86,42,102,39,108,89" hai3=""/><T90/><D112/><U133/><N who="1" m="31520" /><U113/><E74/><V101/><F0/><T93/><D1/><U36/><E36/><V63/><F108/><T72/><D110/><U70/><E125/><V37/><F129/><T116/><D116/><U50/><E103/><V100/><F96/><T61/><D61/><U131/><E70/><V44/><F33/><T134/><D134/><N who="1" m="51211" /><E131/><V128/><F128/><T66/><D66/><U106/><E106/><V122/><N who="2" m="31264" /><V53/><F53/><T127/><D127/><U124/><E113/><V64/><F64/><T107/><D77/><U105/><E105/><V62/><F62/><T85/><D107/><U95/><E95/><V54/><F67/><T52/><REACH who="0" step="1"/><D46/><REACH who="0" ten="460,290,290,0" step="2"/><U126/><E126/><V132/><F132/><T98/><D98/><U121/><N who="1" m="31008" /><U3/><E3/><V75/><F44/><T117/><D117/><U78/><E124/><V38/><REACH who="2" step="1"/><F75/><REACH who="2" ten="460,290,280,0" step="2"/><T49/><D49/><U94/><E65/><V130/><F130/><T51/><D51/><U56/><E50/><V79/><F79/><T114/><D114/><U73/><E55/><V88/><F88/><AGARI ba="1,2" hai="41,43,47,48,52,72,76,83,85,88,90,92,93,97" machi="88" ten="30,11600,0" yaku="1,1,7,1,54,2,53,0" doraHai="2" doraHaiUra="120" who="0" fromWho="2" sc="460,138,290,0,280,-118,0,0" /><AGARI ba="1,0" hai="32,35,56,57,59,73,78,80,84,88,94" m="31008,51211,31520" machi="88" ten="30,12000,2" yaku="20,1,52,4,54,1" doraHai="2" who="1" fromWho="2" sc="598,0,290,120,162,-120,0,0" /><INIT seed="0,2,0,3,5,125" ten="598,410,42,0" oya="0" hai0="133,135,45,95,68,63,52,106,115,112,62,89,105" hai1="99,0,123,71,57,75,77,47,41,130,66,53,92" hai2="58,80,111,104,107,46,117,51,64,65,72,37,128" hai3=""/><T56/><D45/><U126/><N who="1" m="31520" /><U60/><E0/><V34/><F34/><T131/><D68/><U69/><E126/><V35/><F35/><T108/><D108/><U120/><N who="1" m="30752" /><U2/><E2/><V98/><F111/><T49/><D49/><U124/><E124/><V50/><F37/><T33/><D33/><U59/><E77/><V70/><F70/><T36/><D36/><U110/><E110/><V81/><F117/><T42/><D42/><U74/><E59/><V88/><F58/><T119/><D119/><U83/><E83/><V116/><F116/><T114/><D63/><U87/><E87/><V96/><F72/><T132/><REACH who="0" step="1"/><D131/><REACH who="0" ten="588,410,42,0" step="2"/><U32/><E32/><V85/><F128/><T79/><D79/><U94/><E71/><V39/><F39/><T100/><D100/><U109/><E109/><V86/><F46/><T55/><D55/><U134/><E130/><V93/><F51/><T84/><AGARI ba="2,1" hai="52,56,62,84,89,95,105,106,112,114,115,132,133,135" machi="84" ten="40,8000,1" yaku="1,1,0,1,20,1,54,1,53,1" doraHai="125" doraHaiUra="48" who="0" fromWho="0" sc="588,94,410,-42,42,-42,0,0" /><INIT seed="0,3,0,4,2,48" ten="682,368,0,0" oya="0" hai0="131,95,52,99,133,80,88,124,83,46,86,89,84" hai1="68,61,51,91,37,63,62,1,94,3,106,34,54" hai2="135,111,117,55,56,97,57,118,0,45,47,128,35" hai3=""/><T65/><D133/><U104/><E34/><V82/><F35/><T102/><D131/><U123/><N who="1" m="31520" /><U127/><E37/><V126/><F0/><T105/><D124/><U75/><E75/><V98/><F135/><T114/><D114/><U42/><E42/><V87/><F128/><T125/><D65/><U103/><E68/><V134/><F134/><T38/><D125/><U122/><N who="1" m="31264" /><U72/><E72/><V50/><F57/><T112/><D112/><U96/><E127/><V41/><F47/><T107/><D38/><U67/><E67/><V132/><F126/><T108/><D108/><U116/><E116/><N who="2" m="44651" /><F111/><T53/><D46/><U121/><N who="1" m="31008" /><U120/><N who="1" m="30752" /><U69/><E69/><V81/><F132/><T2/><D2/><U73/><E73/><V76/><F82/><T119/><D119/><U40/><E40/><V77/><F76/><T70/><D70/><U129/><E129/><V110/><F110/><T109/><D109/><U130/><E130/><V93/><F93/><T100/><D95/><U43/><E43/><V79/><F79/><T71/><D71/><U113/><E106/><V78/><F78/><T101/><D105/><U115/><E3/><V49/><AGARI ba="3,0" hai="41,45,49,50,55,56,77,81,87,97,98" m="44651" machi="49" ten="30,1500,0" yaku="12,1,52,1" doraHai="48" who="2" fromWho="2" sc="682,-13,368,-8,0,21,0,0" /><INIT seed="1,0,0,1,2,36" ten="669,360,21,0" oya="1" hai0="71,57,101,110,43,116,115,102,76,51,0,114,97" hai1="88,34,131,91,54,46,126,67,32,109,135,38,90" hai2="68,129,73,125,37,56,92,93,3,58,40,107,99" hai3=""/><U130/><E135/><V35/><F35/><T119/><D71/><U122/><N who="1" m="31264" /><U133/><E133/><V81/><F3/><T47/><D110/><U100/><E67/><V89/><F68/><T87/><D57/><U96/><E126/><V95/><F125/><T64/><D64/><U80/><E80/><V60/><F129/><N who="1" m="49161" /><E109/><V61/><F107/><T134/><D0/><U104/><E38/><V77/><F40/><T62/><D134/><U48/><AGARI ba="0,0" hai="32,34,46,48,54,88,90,91,96,100,104" m="49161,31264" machi="48" ten="40,5200,0" yaku="19,1,52,1,54,1" doraHai="36" who="1" fromWho="1" sc="669,-26,360,52,21,-26,0,0" owari="643,60.0,412,1.0,-5,-61.0,0,0.0" /></mjloggm>