<mjloggm ver="2.3"><GO type="225" lobby="0"/><UN n0="%E8%88%B9%E8%A6%8B%E7%B5%90%E8%A1%A3%E3%81%A1%E3%82%83%E3%82%93" n1="%E5%AE%89%E8%97%A4%E3%82%AB%E3%82%B1%E3%83%AB" n2="%E5%BE%80%E5%B9%B4%E3%81%AE%E3%82%B4%E3%83%AA%E3%83%A9" n3="%E8%8F%B1%E5%B7%9D%E6%85%8E%E5%90%BE" dan="16,16,16,16" rate="2167.48,2051.09,2096.23,2121.79" sx="F,M,M,M"/><TAIKYOKU oya="0"/><INIT seed="0,0,0,0,3,106" ten="250,250,250,250" oya="0" hai0="0,2,131,46,36,94,66,71,118,99,116,88,117" hai1="119,120,109,108,11,135,3,104,18,68,84,20,42" hai2="22,24,57,67,1,53,58,8,4,125,90,102,31" hai3="101,83,64,35,59,130,74,110,133,39,48,34,13"/><T93/><D131/><U5/><E104/><V44/><F125/><W76/><G39/><T21/><D71/><U52/><E68/><V124/><F124/><W43/><G130/><T72/><D66/><U15/><E119/><V17/><F102/><W79/><G133/><T111/><D111/><U65/><E65/><V7/><F7/><W54/><G110/><T69/><D69/><U92/><E135/><V37/><F90/><W9/><G101/><T41/><D72/><U122/><E42/><V96/><F96/><W98/><G98/><T25/><REACH who="0" step="1"/><D94/><REACH who="0" ten="240,250,250,250" step="2"/><U63/><E109/><V70/><F67/><W14/><G64/><T49/><D49/><U12/><E108/><V80/><F70/><W81/><G74/><T128/><D128/><U91/><E122/><V126/><F126/><W38/><G38/><T82/><D82/><U73/><E120/><V60/><F80/><W16/><G83/><T47/><D47/><U121/><E73/><V6/><F44/><N who="3" m="25631" /><G81/><T40/><D40/><U127/><E127/><V29/><F37/><W32/><G79/><T19/><AGARI ba="0,1" hai="0,2,19,21,25,36,41,46,88,93,99,116,117,118" machi="19" ten="30,6000,0" yaku="1,1,0,1,54,1,53,0" doraHai="106" doraHaiUra="51" who="0" fromWho="0" sc="240,70,250,-20,250,-20,250,-20" /><INIT seed="0,1,0,4,3,129" ten="310,230,230,230" oya="0" hai0="98,82,106,91,100,55,130,50,20,58,32,96,92" hai1="54,15,33,132,97,75,94,12,3,124,22,89,48" hai2="67,21,105,26,29,102,45,90,30,61,39,8,74" hai3="104,111,95,84,110,0,99,76,85,77,79,81,122"/><T114/><D114/><U4/><E33/><V73/><F30/><W123/><G0/><T34/><D130/><U65/><E75/><V47/><F90/><W126/><G104/><T83/><REACH who="0" step="1"/><D20/><REACH who="0" ten="300,230,230,230" step="2"/><U120/><E22/><V5/><F21/><W121/><G126/><T131/><D131/><U57/><E124/><V88/><F8/><W68/><G68/><T62/><D62/><U64/><E120/><V59/><F61/><W93/><G81/><AGARI ba="1,1" hai="32,34,50,55,58,81,82,83,91,92,96,98,100,106" machi="81" ten="40,2000,0" yaku="1,1,53,0" doraHai="129" doraHaiUra="27" who="0" fromWho="3" sc="300,33,230,0,230,0,230,-23" /><INIT seed="0,2,0,1,0,36" ten="333,230,230,207" oya="0" hai0="29,124,34,28,85,8,114,109,73,101,7,35,71" hai1="55,51,131,126,9,23,132,63,67,81,1,87,32" hai2="134,72,50,86,11,104,27,18,6,103,47,97,112" hai3="15,17,76,92,14,30,102,42,113,135,96,24,78"/><T118/><D73/><U22/><E32/><V116/><F72/><W108/><G113/><T46/><D71/><U98/><E126/><V2/><F112/><W117/><G117/><T74/><D74/><U105/><E131/><V45/><F116/><W75/><G135/><T4/><D124/><U44/><E132/><V122/><F134/><W10/><G108/><T5/><D109/><U60/><E60/><V33/><F122/><W120/><G120/><T31/><D118/><U48/><E105/><V26/><F45/><W56/><G75/><T0/><D114/><U119/><E119/><V133/><F133/><W57/><G15/><T54/><D101/><U121/><E98/><V38/><F38/><W68/><G68/><T82/><D54/><U43/><E121/><V19/><F86/><W3/><G3/><T84/><D46/><N who="1" m="25695" /><E9/><V107/><F107/><W53/><G42/><T80/><D85/><U62/><E1/><V21/><F33/><N who="0" m="12298" /><D82/><U69/><E69/><V91/><F91/><W39/><G39/><T79/><D79/><N who="3" m="30249" /><G53/><T61/><D80/><U64/><E63/><V99/><F99/><W125/><G125/><T37/><D84/><U93/><E62/><V41/><REACH who="2" step="1"/><F27/><REACH who="2" ten="333,230,220,207" step="2"/><W59/><G24/><T65/><D37/><U130/><E130/><V13/><F13/><W89/><G89/><T66/><D66/><U77/><E64/><V58/><F58/><W129/><G129/><T128/><D128/><U94/><E67/><V20/><F20/><AGARI ba="2,1" hai="20,22,23,44,51,55,77,81,87,93,94" m="25695" machi="20" ten="30,2000,0" yaku="8,1,52,1" doraHai="36" who="1" fromWho="2" sc="333,0,230,36,220,-26,207,0" /><INIT seed="1,0,0,1,5,129" ten="333,266,194,207" oya="1" hai0="127,22,78,122,102,41,72,38,107,91,130,128,48" hai1="25,29,76,70,35,110,85,116,112,89,69,99,77" hai2="6,4,14,12,114,97,105,21,59,67,133,92,74" hai3="86,93,120,34,100,20,18,49,71,131,11,79,47"/><U84/><E112/><V37/><F37/><W10/><G120/><T42/><D122/><U28/><E116/><V98/><F74/><W51/><G131/><N who="0" m="50219" /><D127/><U81/><E110/><V1/><F1/><W5/><G34/><T118/><D118/><U65/><E29/><V82/><F114/><W88/><G71/><T32/><D32/><U104/><E65/><V55/><F67/><W53/><G100/><T50/><D78/><U134/><E77/><V62/><F82/><W23/><G79/><T60/><D72/><U2/><E2/><V17/><F105/><W90/><G90/><T61/><D102/><U63/><E99/><V95/><F133/><W13/><REACH who="3" step="1"/><G49/><REACH who="3" ten="333,266,194,197" step="2"/><T52/><D91/><U125/><E89/><N who="2" m="55439" /><F14/><AGARI ba="0,1" hai="5,10,11,13,14,18,20,23,47,51,53,86,88,93" machi="14" ten="30,7700,0" yaku="1,1,7,1,8,1,54,1,53,0" doraHai="129" doraHaiUra="115" who="3" fromWho="2" sc="333,0,266,0,194,-77,197,87" /><INIT seed="2,0,0,3,3,48" ten="333,266,117,284" oya="2" hai0="5,24,8,93,35,71,118,89,91,43,78,83,20" hai1="92,19,49,95,131,27,59,64,1,47,100,115,129" hai2="105,57,122,10,101,45,29,106,56,52,18,44,66" hai3="68,74,99,61,33,123,63,34,9,62,88,125,127"/><V77/><F122/><W4/><G123/><T102/><D71/><U31/><E1/><V94/><F77/><W13/><G74/><T38/><D35/><U30/><E115/><V135/><F29/><W97/><G68/><T40/><D118/><U85/><E19/><V3/><F135/><W65/><G65/><T12/><D102/><U116/><E116/><V103/><F106/><W54/><G54/><T79/><D38/><U22/><E31/><V37/><F105/><W23/><G23/><T114/><D114/><U16/><E30/><V104/><F104/><W73/><G73/><T98/><D91/><U58/><E95/><V51/><F37/><W124/><G88/><T121/><D121/><U36/><E36/><V32/><F32/><AGARI ba="0,0" hai="4,9,13,32,33,34,61,62,63,97,99,124,125,127" machi="32" ten="50,1600,0" yaku="18,1" doraHai="48" who="3" fromWho="2" sc="333,0,266,0,117,-16,284,16" /><INIT seed="3,0,0,1,0,76" ten="333,266,101,300" oya="3" hai0="99,104,21,32,24,16,13,66,107,135,88,53,94" hai1="33,78,124,79,119,4,51,23,2,64,55,34,91" hai2="85,36,103,68,9,29,74,73,14,98,95,82,49" hai3="70,102,62,40,38,100,92,86,10,1,31,52,77"/><W26/><G38/><T25/><D135/><U20/><E119/><V47/><F36/><W50/><G40/><T37/><D37/><U105/><E105/><V127/><F68/><W71/><G1/><T96/><D66/><U7/><E64/><V123/><F127/><W97/><G10/><T6/><D32/><U130/><E124/><V59/><F29/><W121/><G121/><T134/><D134/><U117/><E117/><V54/><F123/><W109/><G109/><T101/><D53/><U118/><E118/><V48/><F48/><W133/><G133/><T39/><D39/><U35/><E130/><V84/><F84/><W120/><G102/><T57/><D57/><U122/><E122/><V17/><REACH who="2" step="1"/><F59/><REACH who="2" ten="333,266,91,300" step="2"/><N who="3" m="35175" /><G120/><T65/><D104/><U69/><E69/><V93/><F93/><W3/><G71/><T115/><D115/><U45/><E51/><V132/><F132/><W83/><G70/><T58/><D6/><U22/><E4/><V89/><AGARI ba="0,1" hai="9,14,17,47,49,54,73,74,82,85,89,95,98,103" machi="89" ten="20,16000,3" yaku="1,1,0,1,7,1,25,2,52,1,53,2" doraHai="76" doraHaiUra="106" who="2" fromWho="2" sc="333,-40,266,-40,91,170,300,-80" /><INIT seed="4,0,0,1,0,19" ten="293,226,261,220" oya="0" hai0="116,101,108,78,0,67,9,88,39,76,131,66,112" hai1="16,58,52,87,15,124,102,17,121,128,100,80,53" hai2="30,89,122,54,98,21,2,25,130,35,90,93,60" hai3="75,97,36,40,110,104,113,5,31,38,10,105,120"/><T29/><D116/><U68/><E68/><V64/><F122/><W115/><G110/><T28/><D39/><N who="3" m="14889" /><G40/><T34/><D108/><U94/><E121/><V103/><F2/><N who="3" m="311" /><G31/><T69/><D34/><U91/><E124/><V62/><F130/><W14/><G120/><T6/><D131/><U85/><E128/><V132/><F132/><W22/><G75/><T86/><D101/><N who="1" m="39019" /><E58/><N who="2" m="34903" /><F35/><W95/><G95/><T82/><D112/><N who="3" m="43081" /><G97/><T56/><D69/><U127/><E127/><V18/><F18/><AGARI ba="0,0" hai="14,18,22,104,105" m="43081,311,14889" machi="18" ten="30,2000,0" yaku="15,1,52,1" doraHai="19" who="3" fromWho="2" sc="293,0,226,0,261,-20,220,20" /><INIT seed="5,0,0,2,3,74" ten="293,226,241,240" oya="1" hai0="84,6,15,107,71,98,47,16,68,38,4,100,81" hai1="63,97,29,30,77,36,86,37,43,133,0,23,111" hai2="128,79,7,135,18,129,82,109,35,46,67,90,76" hai3="2,106,55,119,33,80,45,17,87,28,104,60,95"/><U9/><E111/><V40/><F35/><W93/><G119/><T1/><D38/><U114/><E133/><V44/><F135/><W92/><G2/><T8/><D47/><U27/><E114/><V3/><F67/><W73/><G73/><T78/><D4/><U124/><E124/><V134/><F109/><W126/><G126/><T54/><D54/><U56/><E29/><V10/><F18/><W59/><G17/><T88/><D78/><N who="2" m="29738" /><F40/><W85/><G45/><T52/><D52/><U105/><E43/><V53/><F53/><W62/><G62/><T118/><D118/><U120/><E120/><V57/><F57/><W101/><G101/><T26/><D26/><U65/><E0/><V50/><F50/><W131/><G131/><N who="2" m="50249" /><F134/><W39/><G39/><T115/><D115/><U75/><E37/><V112/><F112/><W20/><G33/><T91/><D91/><U83/><E36/><V61/><F61/><W14/><G14/><T5/><D5/><U102/><E75/><V121/><F121/><W116/><G116/><T123/><D123/><U58/><REACH who="1" step="1"/><E9/><AGARI ba="0,0" hai="1,6,8,9,15,16,68,71,81,84,88,98,100,107" machi="9" ten="30,3900,0" yaku="7,1,54,2" doraHai="74" who="0" fromWho="1" sc="293,39,226,-39,241,0,240,0" owari="332,43.0,187,-31.0,241,4.0,240,-16.0" /></mjloggm>