<mjloggm ver="2.3"><GO type="225" lobby="0"/><UN n0="%E5%AE%89%E8%97%A4%E3%82%AB%E3%82%B1%E3%83%AB" n1="%E3%82%8C%E3%81%A3%E3%81%A9%E3%81%A9%E3%81%A3%E3%81%90" n2="%E5%BE%80%E5%B9%B4%E3%81%AE%E3%82%B4%E3%83%AA%E3%83%A9" n3="%E3%82%B7%E3%83%B3%E3%83%95%E3%82%A9%E3%83%8B%E3%82%A2" dan="16,16,16,18" rate="2062.67,2065.25,2092.17,2231.30" sx="M,F,M,M"/><TAIKYOKU oya="0"/><INIT seed="0,0,0,4,2,106" ten="250,250,250,250" oya="0" hai0="20,80,46,118,119,78,37,123,75,1,45,101,103" hai1="62,36,58,129,29,86,96,93,56,131,98,41,64" hai2="133,27,19,0,42,21,49,70,52,24,87,44,122" hai3="74,111,107,82,67,112,76,50,115,68,97,15,114"/><T11/><D123/><U32/><E36/><V84/><F0/><W12/><G111/><T31/><D31/><U33/><E41/><V132/><F70/><W40/><G68/><T85/><D20/><U22/><E56/><V25/><F122/><W48/><G67/><T126/><D126/><U65/><E86/><V100/><F100/><N who="0" m="38474" /><D46/><U69/><E69/><V81/><F42/><W51/><G107/><T60/><D60/><U13/><E65/><V72/><F72/><W77/><G97/><N who="1" m="37482" /><E93/><V14/><REACH who="2" step="1"/><F87/><REACH who="2" ten="250,250,240,250" step="2"/><W79/><G40/><N who="0" m="22671" /><D85/><U55/><E64/><V63/><F63/><W102/><G102/><T6/><AGARI ba="0,1" hai="1,6,11,75,78,80,118,119" m="22671,38474" machi="6" ten="30,3000,0" yaku="25,1,52,1" doraHai="106" who="0" fromWho="0" sc="250,40,250,-10,240,-10,250,-10" /><INIT seed="0,1,0,2,1,134" ten="290,240,230,240" oya="0" hai0="90,35,62,94,65,133,77,53,122,75,117,36,58" hai1="37,86,92,20,112,80,69,100,22,118,64,81,119" hai2="110,33,4,68,30,6,18,93,124,116,127,39,96" hai3="73,107,34,43,132,52,44,21,32,66,113,56,9"/><T85/><D35/><U8/><E37/><V19/><F68/><W106/><G113/><T111/><D36/><U27/><E112/><V57/><F39/><W24/><G73/><T61/><D117/><U105/><E105/><V15/><F116/><W128/><G66/><T71/><D122/><U121/><E121/><V125/><F110/><W74/><G74/><T38/><D38/><U1/><E69/><V104/><F104/><W108/><G44/><T28/><D133/><U102/><E64/><V87/><F87/><W82/><G43/><T23/><D111/><U78/><E20/><V47/><F57/><W95/><G95/><T84/><D75/><U60/><E60/><V101/><F47/><W26/><G82/><T42/><D42/><U2/><E2/><V76/><F76/><W0/><G21/><T135/><D135/><U114/><E114/><V29/><F18/><W13/><G0/><T41/><D41/><U14/><E1/><V11/><F33/><N who="3" m="12907" /><G128/><T5/><D77/><N who="1" m="46351" /><E92/><V55/><F55/><W115/><G115/><T97/><D5/><AGARI ba="1,0" hai="4,5,6,11,15,19,29,30,93,96,101,124,125,127" machi="5" ten="40,8000,1" yaku="18,1,52,3" doraHai="134" who="2" fromWho="0" sc="290,-83,240,0,230,83,240,0" /><INIT seed="1,0,0,5,1,13" ten="207,240,313,240" oya="1" hai0="66,22,125,97,117,91,110,24,28,27,57,43,132" hai1="31,129,85,41,72,4,113,87,112,46,131,54,29" hai2="40,79,62,33,106,44,115,17,11,59,80,39,92" hai3="34,76,9,107,104,36,124,96,69,126,101,6,123"/><U93/><E72/><V108/><F106/><W61/><G123/><T56/><D117/><U133/><E4/><V90/><F33/><W60/><G36/><T1/><D1/><U38/><E133/><V37/><F37/><W5/><G34/><T55/><D132/><U19/><E54/><V26/><F108/><W8/><G76/><T12/><D110/><U25/><E113/><V114/><F26/><W2/><G104/><T20/><D125/><N who="3" m="48233" /><G69/><T134/><D134/><U21/><E112/><V16/><F11/><W15/><AGARI ba="0,0" hai="2,5,6,8,9,15,60,61,96,101,107" m="48233" machi="15" ten="30,1100,0" yaku="18,1" doraHai="13" who="3" fromWho="3" sc="207,-3,240,-5,313,-3,240,11" /><INIT seed="2,0,0,3,0,23" ten="204,235,310,251" oya="2" hai0="125,40,20,115,102,6,62,129,31,17,28,42,118" hai1="74,47,53,49,93,33,69,120,76,58,75,68,61" hai2="85,21,38,91,79,9,59,119,39,90,111,25,80" hai3="10,128,14,67,88,96,112,29,82,50,0,132,100"/><V92/><F119/><W16/><G128/><T116/><D115/><U106/><E106/><V36/><F111/><W87/><G132/><T11/><D129/><U126/><E33/><V30/><F9/><W22/><G112/><T60/><D125/><U135/><E126/><V26/><F59/><W108/><G108/><T70/><D102/><U5/><E135/><V51/><F51/><W99/><G67/><T98/><D98/><U101/><E5/><V45/><F45/><W109/><G109/><T56/><D70/><U77/><E74/><V44/><F44/><W46/><G100/><T110/><D110/><U18/><E75/><V86/><F91/><W13/><G0/><T123/><D123/><U65/><E120/><V64/><F64/><W95/><G95/><T37/><D62/><U105/><E105/><V57/><F57/><W103/><G29/><N who="0" m="11339" /><D37/><U72/><E72/><V2/><F2/><W104/><G103/><T41/><D118/><U122/><E122/><V78/><F78/><W63/><G63/><T7/><D11/><U89/><E101/><V32/><F39/><W117/><G104/><T113/><D113/><U52/><E65/><V66/><F66/><W84/><G84/><T3/><D3/><U27/><E69/><V94/><F94/><W131/><G131/><T107/><D107/><U81/><E81/><V134/><F134/><W127/><G127/><T54/><D116/><U24/><E68/><V1/><F1/><W48/><G117/><T12/><AGARI ba="0,0" hai="6,7,12,17,20,40,41,42,54,56,60" m="11339" machi="12" ten="30,1100,0" yaku="8,1" doraHai="23" who="0" fromWho="0" sc="204,11,235,-3,310,-5,251,-3" /><INIT seed="3,0,0,5,0,119" ten="215,232,305,248" oya="3" hai0="35,97,113,87,101,47,67,41,92,86,80,110,75" hai1="6,99,91,26,8,118,130,96,79,85,50,15,83" hai2="78,90,77,53,88,128,54,106,132,24,5,115,104" hai3="21,82,68,25,93,11,95,12,134,4,61,122,126"/><W125/><G82/><T56/><D35/><U103/><E118/><V52/><F115/><W62/><G134/><T39/><D113/><U117/><E117/><V131/><F5/><W33/><G33/><T60/><REACH who="0" step="1"/><D110/><REACH who="0" ten="205,232,305,248" step="2"/><U32/><E32/><V1/><F132/><W36/><G122/><T58/><D58/><U7/><E130/><V16/><F131/><W102/><G68/><T129/><D129/><U133/><E133/><V38/><F128/><W70/><G70/><T44/><D44/><U111/><E111/><V114/><F114/><W94/><G102/><T65/><D65/><U57/><E103/><V14/><F106/><W105/><G105/><T55/><D55/><U30/><E57/><V51/><F54/><W76/><G126/><T121/><D121/><U46/><E46/><V69/><F53/><W0/><G125/><T28/><D28/><U66/><E66/><V2/><F69/><W27/><G27/><T84/><D84/><N who="1" m="48255" /><E26/><V48/><F24/><W112/><G112/><T123/><D123/><U37/><E30/><V23/><F104/><W49/><G25/><T40/><D40/><U18/><E99/><V100/><F100/><W109/><G109/><T31/><D31/><U120/><E96/><V34/><F34/><W20/><G62/><T3/><D3/><U64/><E64/><V74/><F1/><W43/><G61/><T98/><D98/><U29/><E29/><V19/><F2/><W10/><G0/><T63/><D63/><U73/><E120/><V72/><F52/><W89/><G43/><T22/><D22/><U135/><E135/><RYUUKYOKU ba="0,1" sc="205,30,232,-10,305,-10,248,-10" hai0="39,41,47,56,60,67,75,80,86,87,92,97,101" /><INIT seed="4,1,1,3,5,2" ten="235,222,295,238" oya="0" hai0="96,117,48,112,44,61,135,46,85,125,10,36,70" hai1="100,34,99,111,98,132,116,23,84,129,122,108,56" hai2="66,133,35,78,5,114,17,54,16,20,110,32,62" hai3="101,79,67,60,25,26,104,7,65,0,63,103,38"/><T37/><D117/><U83/><E34/><V126/><F110/><W51/><G38/><T59/><D125/><U19/><E116/><V73/><F126/><W8/><G79/><T27/><D135/><U1/><E132/><V31/><F54/><W90/><G51/><T121/><D121/><U80/><E122/><V13/><F114/><W58/><G90/><T42/><D112/><U47/><E1/><V75/><F5/><W53/><G53/><T28/><D70/><U41/><E129/><V130/><F130/><W77/><G77/><T12/><D85/><U49/><E56/><V57/><F31/><W33/><G33/><T71/><D96/><U134/><E134/><V55/><F75/><W93/><G104/><T69/><D37/><U87/><E100/><V128/><F128/><W72/><G72/><T94/><D94/><U22/><E108/><V81/><F133/><W11/><G11/><T124/><D36/><U120/><E120/><V50/><F17/><W131/><G131/><T109/><D46/><AGARI ba="1,1" hai="13,16,20,32,35,46,50,55,57,62,66,73,78,81" machi="46" ten="30,2000,0" yaku="7,1,54,1" doraHai="2" who="2" fromWho="0" sc="235,-23,222,0,295,33,238,0" owari="212,-29.0,222,-18.0,328,43.0,238,4.0" /></mjloggm>