<mjloggm ver="2.3"><GO type="169" lobby="0"/><UN n0="%E3%81%82%E3%81%84%E3%81%A0%E3%81%A6" n1="%EF%BC%8A%EF%BC%8A%E8%8D%92%E5%B7%9D%E6%86%A9%EF%BC%8A%EF%BC%8A" n2="%73%61%6E%64%69%72%69%73" n3="%E5%AE%9F%E5%AD%98" dan="16,18,17,17" rate="2097.36,2222.57,2200.64,2167.19" sx="M,M,M,M"/><TAIKYOKU oya="0"/><INIT seed="0,0,0,2,2,127" ten="250,250,250,250" oya="0" hai0="45,115,123,44,26,88,6,86,73,102,18,110,96" hai1="97,116,105,50,124,7,126,35,33,103,101,16,47" hai2="46,23,119,51,75,98,84,71,132,60,107,0,99" hai3="65,129,114,63,11,128,85,52,22,120,15,109,3"/><T134/><D115/><U49/><E116/><V58/><F132/><W54/><G114/><T48/><D123/><U70/><E70/><V30/><F119/><W104/><G120/><T28/><D73/><U68/><E68/><V55/><F75/><W87/><G104/><T59/><D6/><U42/><E7/><V31/><F0/><W76/><G3/><T4/><D4/><U82/><E82/><V66/><F107/><W72/><G72/><T61/><D18/><U135/><E135/><V36/><F84/><N who="3" m="32331" /><G76/><T130/><D130/><N who="3" m="50281" /><G109/><T29/><D110/><U125/><E103/><V92/><F23/><W91/><G91/><T34/><D28/><U80/><E80/><V111/><F111/><W78/><G78/><T100/><D134/><U83/><E83/><V90/><F99/><W121/><G121/><T19/><D96/><U81/><E81/><V67/><F67/><W37/><G37/><T113/><D113/><U20/><REACH who="1" step="1"/><E50/><REACH who="1" ten="250,240,250,250" step="2"/><V32/><F36/><W118/><G118/><T79/><D79/><U112/><E112/><V40/><F51/><W57/><G11/><T89/><D100/><U38/><E38/><V39/><F39/><W13/><G13/><AGARI ba="0,1" hai="13,16,20,33,35,42,47,49,97,101,105,124,125,126" machi="13" ten="40,5200,0" yaku="1,1,18,1,54,1,53,0" doraHai="127" doraHaiUra="106" who="1" fromWho="3" sc="250,0,240,62,250,0,250,-52" /><INIT seed="1,0,0,3,1,121" ten="250,302,250,198" oya="1" hai0="22,39,105,104,80,132,83,37,23,2,75,118,110" hai1="96,44,61,45,65,108,52,38,119,7,62,48,66" hai2="5,109,17,13,10,19,127,133,84,16,35,59,30" hai3="3,46,25,9,49,50,117,76,120,99,94,32,86"/><U88/><E119/><V98/><F98/><W87/><G120/><T116/><D2/><U43/><E108/><V8/><F84/><W125/><G117/><T72/><REACH who="0" step="1"/><D132/><REACH who="0" ten="240,302,250,198" step="2"/><U55/><E7/><N who="2" m="3231" /><F133/><W53/><G3/><T129/><D129/><U113/><E113/><V130/><F130/><W90/><G125/><T93/><D93/><U82/><E82/><V34/><F59/><W78/><G94/><T85/><D85/><U91/><E96/><V122/><F122/><W57/><G99/><T42/><D42/><N who="1" m="24631" /><E91/><V11/><F127/><W100/><G87/><T29/><D29/><U79/><E88/><V103/><F103/><W12/><G100/><T107/><D107/><U112/><E112/><V20/><F109/><AGARI ba="0,1" hai="22,23,37,39,72,75,80,83,104,105,109,110,116,118" machi="109" ten="25,8000,1" yaku="1,1,22,2,52,2,53,0" doraHai="121" doraHaiUra="47" who="0" fromWho="2" sc="240,90,302,0,250,-80,198,0" /><INIT seed="2,0,0,0,0,2" ten="330,302,170,198" oya="2" hai0="44,32,110,35,69,75,42,57,29,121,109,105,12" hai1="114,62,45,41,86,26,4,16,68,59,56,132,134" hai2="17,9,61,63,31,104,49,67,99,125,71,82,84" hai3="22,77,106,7,102,27,117,93,19,129,108,119,58"/><V34/><F125/><W8/><G108/><N who="0" m="41579" /><D105/><U80/><E114/><V95/><F104/><W76/><G129/><T51/><D75/><U64/><E4/><V23/><F63/><W128/><G128/><T107/><D107/><U103/><E103/><V36/><F36/><W52/><G106/><T79/><D79/><U60/><E26/><V11/><F49/><W111/><G111/><T24/><D69/><U83/><E16/><V135/><F135/><N who="1" m="51753" /><E86/><V0/><F0/><W5/><G117/><T6/><D121/><U124/><E124/><V101/><F31/><W48/><G119/><T20/><D57/><N who="1" m="22091" /><E62/><V47/><F34/><N who="0" m="12842" /><D12/><U113/><E113/><V98/><F98/><W131/><G131/><T30/><D29/><U54/><E54/><V72/><F72/><W66/><G66/><T43/><D6/><N who="3" m="2057" /><G8/><T85/><D85/><U21/><E21/><V92/><F9/><W88/><G102/><T78/><D78/><U81/><E81/><V13/><F11/><W46/><G58/><T33/><N who="0" m="12850" /><T120/><DORA hai="40" /><D120/><U100/><E100/><V15/><F101/><W50/><G50/><AGARI ba="0,0" hai="41,45,50,60,64,68,80,83" m="22091,51753" machi="50" ten="30,2000,0" yaku="20,1,52,1" doraHai="2,40" who="1" fromWho="3" sc="330,0,302,20,170,0,198,-20" /><INIT seed="3,0,0,2,5,121" ten="330,322,170,178" oya="3" hai0="17,108,82,101,118,36,67,92,89,119,31,122,33" hai1="8,112,113,47,2,130,6,116,95,19,45,16,13" hai2="66,12,84,60,83,134,74,37,20,23,105,52,34" hai3="106,99,100,24,10,131,42,120,103,98,97,41,70"/><W14/><G120/><T18/><D36/><U26/><E95/><V85/><F34/><W65/><G131/><T68/><D122/><U28/><E130/><V57/><F134/><W58/><G70/><T35/><D68/><U132/><E132/><V22/><F105/><W51/><G24/><N who="0" m="18663" /><D82/><U104/><E104/><V133/><F37/><W71/><G71/><T48/><D48/><U81/><E81/><V115/><F115/><W75/><G75/><T87/><D101/><U127/><E127/><V73/><F133/><W125/><G125/><T90/><D90/><U61/><E61/><V54/><F85/><W128/><G128/><T64/><D67/><U91/><E91/><V49/><F12/><W43/><G106/><T44/><D44/><U129/><E129/><V59/><REACH who="2" step="1"/><F66/><REACH who="2" ten="330,322,160,178" step="2"/><W111/><G65/><T53/><D64/><U39/><E39/><V21/><N who="2" m="5120" /><DORA hai="114" /><V27/><F27/><W55/><REACH who="3" step="1"/><G111/><REACH who="3" ten="330,322,160,168" step="2"/><T46/><D108/><U32/><E113/><V29/><F29/><W96/><N who="3" m="24576" /><DORA hai="62" /><W93/><G93/><T3/><D92/><U117/><E112/><V124/><F124/><W50/><G50/><T94/><D94/><U126/><E126/><V15/><F15/><W63/><G63/><T80/><D3/><U110/><E110/><V69/><F69/><W77/><G77/><AGARI ba="0,2" hai="49,52,54,57,59,60,73,74,77,83,84" m="5120" machi="77" ten="50,8000,1" yaku="1,1,54,1,53,2" doraHai="121,114,62" doraHaiUra="79,123,72" who="2" fromWho="3" sc="330,0,322,0,160,100,168,-80" /><INIT seed="4,0,0,2,5,83" ten="330,322,260,88" oya="0" hai0="75,55,4,128,59,22,61,96,44,74,49,95,81" hai1="98,11,0,91,132,100,47,27,29,2,39,121,88" hai2="113,116,117,17,3,125,26,10,60,24,114,119,69" hai3="104,102,127,53,15,28,18,108,115,9,30,82,32"/><T103/><D128/><U67/><E121/><V35/><F69/><W72/><G108/><T120/><D120/><U85/><E132/><V46/><F46/><W42/><G115/><N who="2" m="44041" /><F60/><W118/><G118/><T109/><D109/><U48/><E39/><V94/><F94/><W12/><G127/><T90/><D4/><U107/><E67/><V43/><F43/><W73/><G42/><T65/><D22/><U92/><E91/><V20/><F125/><W33/><G102/><T8/><D8/><U101/><E101/><V14/><F35/><W57/><G104/><T50/><D50/><U135/><E135/><V80/><F80/><W6/><G32/><T16/><D16/><U21/><REACH who="1" step="1"/><E11/><REACH who="1" ten="330,312,260,88" step="2"/><V76/><F76/><W56/><G9/><T62/><D103/><U77/><E77/><V89/><F89/><W36/><G36/><T87/><REACH who="0" step="1"/><D62/><REACH who="0" ten="320,312,260,88" step="2"/><U93/><E93/><V31/><F31/><W99/><G30/><T66/><D66/><U97/><E97/><V122/><F122/><W19/><G99/><T111/><D111/><U58/><E58/><V110/><F110/><W130/><G28/><T105/><D105/><U5/><E5/><AGARI ba="0,2" hai="3,5,10,14,17,20,24,26,116,117,119" m="44041" machi="5" ten="40,8000,1" yaku="12,1,15,1,34,2" doraHai="83" who="2" fromWho="1" sc="320,0,312,-80,260,100,88,0" /><INIT seed="5,0,0,0,0,94" ten="320,232,360,88" oya="1" hai0="56,64,110,67,6,2,116,107,15,127,105,89,21" hai1="115,126,96,128,84,32,109,122,12,104,36,41,18" hai2="78,53,133,30,16,35,52,25,123,85,68,131,83" hai3="103,37,93,59,22,121,135,87,40,63,9,45,111"/><U69/><RYUUKYOKU type="yao9" ba="0,0" sc="320,0,232,0,360,0,88,0" hai1="12,18,32,36,41,69,84,96,104,109,115,122,126,128" /><INIT seed="5,1,0,5,1,74" ten="320,232,360,88" oya="1" hai0="17,97,23,24,19,38,86,103,14,60,9,0,53" hai1="122,39,130,135,12,36,10,58,105,72,37,49,27" hai2="120,109,117,115,116,62,52,57,41,4,81,125,63" hai3="92,77,76,11,26,133,33,64,104,21,66,83,98"/><U94/><E122/><V25/><F109/><W87/><G133/><T42/><D38/><U88/><E135/><V107/><F120/><W67/><G33/><T13/><D42/><U128/><E105/><V68/><F107/><W48/><G104/><T110/><D110/><U75/><E27/><V54/><F125/><W132/><G132/><T20/><D0/><U61/><E49/><V15/><F115/><W18/><G48/><T101/><D86/><U50/><E50/><V47/><F25/><W99/><G11/><T78/><D78/><N who="3" m="30313" /><G92/><T30/><D97/><U71/><E71/><V80/><F68/><W106/><G106/><T65/><D53/><U59/><E75/><V46/><F41/><W100/><G100/><T91/><D91/><AGARI ba="1,0" hai="18,21,26,64,66,67,83,87,91,98,99" m="30313" machi="91" ten="30,7700,0" yaku="8,1,52,3" doraHai="74" who="3" fromWho="0" sc="320,-80,232,0,360,0,88,80" /><INIT seed="6,0,0,3,1,83" ten="240,232,360,168" oya="2" hai0="135,133,58,2,82,33,3,72,59,102,84,122,69" hai1="108,32,10,111,123,81,16,129,121,18,21,19,60" hai2="50,75,90,14,1,9,40,15,52,91,116,55,96" hai3="71,113,105,42,120,107,118,76,39,24,26,56,20"/><V93/><F116/><W8/><G71/><T5/><D122/><N who="1" m="46603" /><E60/><V79/><F1/><N who="0" m="10" /><D69/><U124/><E81/><V62/><F75/><W112/><G120/><T31/><D72/><U109/><E124/><V132/><F132/><N who="0" m="50762" /><D5/><U66/><E66/><V70/><F79/><W115/><G118/><T17/><D102/><U100/><E100/><V89/><F15/><W46/><G8/><T36/><D36/><U87/><E87/><V119/><F119/><W43/><G43/><T44/><D44/><U61/><E61/><V88/><F62/><W74/><G56/><T63/><D63/><U38/><E38/><V25/><F25/><W12/><G12/><T45/><D45/><U67/><E67/><V0/><F0/><W85/><G26/><N who="0" m="18679" /><D17/><U57/><E57/><V98/><F98/><W23/><G74/><T99/><D99/><U54/><E54/><V127/><F70/><W101/><G101/><T97/><D97/><U92/><E111/><V103/><F103/><W80/><G23/><T35/><D35/><U30/><E32/><V7/><F127/><W117/><G117/><T34/><D34/><U27/><E109/><V73/><F73/><W68/><G68/><T64/><D64/><U114/><E108/><V131/><F131/><W4/><G4/><T28/><D28/><AGARI ba="0,0" hai="20,24,28,39,42,46,76,80,85,105,107,112,113,115" machi="28" ten="40,5200,0" yaku="15,1,11,1,52,1" doraHai="83" who="3" fromWho="0" sc="240,-52,232,0,360,0,168,52" /><INIT seed="7,0,0,0,0,37" ten="188,232,360,220" oya="3" hai0="78,131,118,77,2,50,38,13,42,115,31,73,99" hai1="124,34,97,89,22,128,116,79,120,43,5,8,55" hai2="86,76,107,132,96,62,28,92,20,44,45,94,18" hai3="117,91,105,87,106,98,23,54,84,19,14,72,21"/><W41/><G72/><T40/><D38/><U112/><E34/><V75/><F132/><W82/><G117/><T122/><D2/><U48/><E120/><V80/><F28/><W30/><G98/><T113/><D118/><U129/><E116/><V47/><F75/><W10/><G105/><T64/><D122/><U81/><E112/><N who="0" m="43081" /><D131/><N who="1" m="50251" /><E124/><V27/><F107/><W16/><G106/><T7/><D31/><U90/><E43/><N who="0" m="16425" /><D73/><U119/><E97/><V65/><F96/><W135/><G135/><T49/><D99/><U111/><E22/><V36/><F36/><W103/><G103/><T26/><D64/><U53/><E111/><V25/><F25/><W134/><G134/><T12/><D26/><U123/><E123/><V102/><F102/><W58/><G41/><T51/><D7/><U56/><E55/><V108/><F108/><W46/><G30/><T1/><D1/><N who="1" m="47" /><E119/><V59/><AGARI ba="0,0" hai="18,20,27,44,45,47,59,62,65,76,80,86,92,94" machi="59" ten="30,2000,0" yaku="0,1,8,1" doraHai="37" who="2" fromWho="2" sc="188,-5,232,-5,360,20,220,-10" owari="183,-32.0,227,3.0,380,48.0,210,-19.0" /></mjloggm>