<mjloggm ver="2.3"><GO type="169" lobby="0"/><UN n0="%E3%83%9C%E3%83%9E%E3%83%BC" n1="%4E%6F%6D%65%72%63%79" n2="%E7%95%99%E3%83%81%E3%83%A7%E3%83%AD" n3="%45%75%6D%65%6E%65%73" dan="16,16,16,17" rate="2172.54,2169.96,2117.17,2180.11" sx="M,F,M,M"/><TAIKYOKU oya="0"/><INIT seed="0,0,0,3,5,5" ten="250,250,250,250" oya="0" hai0="67,55,42,4,22,90,95,93,124,54,118,117,135" hai1="99,49,110,1,125,69,75,104,121,36,82,132,92" hai2="9,21,6,91,68,37,35,18,98,88,10,76,78" hai3="15,119,26,86,12,50,131,47,115,30,130,52,70"/><T16/><D42/><U19/><RYUUKYOKU type="yao9" ba="0,0" sc="250,0,250,0,250,0,250,0" hai1="1,19,36,49,69,75,82,92,99,104,110,121,125,132" /><INIT seed="0,1,0,5,2,77" ten="250,250,250,250" oya="0" hai0="54,126,108,16,67,39,107,14,97,118,128,47,127" hai1="110,60,102,132,63,98,40,85,29,11,92,76,64" hai2="81,59,21,56,104,120,8,55,80,105,51,58,79" hai3="103,42,106,57,82,87,26,7,28,99,50,91,94"/><T5/><D5/><U34/><E110/><V124/><F120/><W86/><G7/><T111/><D118/><U109/><E109/><N who="0" m="42057" /><D128/><U61/><E132/><V6/><F124/><N who="0" m="47658" /><D67/><U12/><E40/><V4/><F4/><W130/><G130/><T30/><D30/><U133/><E133/><V114/><F114/><W131/><G131/><T129/><D129/><U121/><E121/><V15/><F21/><W113/><G113/><T134/><D134/><U122/><E122/><V3/><F3/><W90/><G42/><N who="0" m="23007" /><D54/><U37/><E29/><V44/><REACH who="2" step="1"/><F79/><REACH who="2" ten="250,250,240,250" step="2"/><W84/><G28/><T45/><D45/><U115/><E115/><V1/><F1/><W66/><G66/><T112/><D112/><U23/><E64/><V36/><F36/><W13/><G13/><T75/><D75/><U78/><E37/><V100/><F100/><W9/><G103/><N who="0" m="62959" /><D14/><U88/><E34/><V69/><F69/><W10/><G26/><T125/><D125/><U41/><E23/><V71/><F71/><W95/><G57/><T48/><D48/><U65/><E65/><V46/><F46/><W119/><G50/><T27/><D27/><U38/><E38/><V62/><F62/><W49/><G49/><T35/><D35/><U101/><E41/><V33/><F33/><W52/><G119/><T83/><D16/><N who="1" m="8223" /><E102/><V70/><F70/><W20/><G20/><T0/><D0/><U17/><E17/><V53/><F53/><W89/><G52/><T117/><D117/><U2/><E2/><V135/><F135/><W96/><G10/><T18/><D18/><U31/><E31/><RYUUKYOKU ba="1,1" sc="250,10,250,10,240,10,250,-30" hai0="83" hai1="60,61,63,76,78,85,88,92,98,101" hai2="6,8,15,44,51,55,56,58,59,80,81,104,105" /><INIT seed="0,2,1,4,0,18" ten="260,260,250,220" oya="0" hai0="7,53,62,29,96,58,85,68,44,35,128,131,45" hai1="2,75,130,118,69,52,122,123,105,104,4,125,41" hai2="107,27,3,76,40,77,25,57,80,112,65,83,101" hai3="70,79,132,103,127,71,32,16,135,36,73,94,19"/><T114/><D114/><U8/><E118/><V119/><F3/><W60/><G36/><T92/><D7/><U67/><E75/><V48/><F112/><W54/><G32/><T38/><D85/><U99/><E41/><V59/><F119/><W81/><G127/><T17/><D38/><U117/><E130/><N who="0" m="49705" /><D68/><U82/><E117/><V72/><F101/><W26/><G103/><N who="0" m="60807" /><D17/><U28/><E125/><V88/><F107/><W9/><G94/><T98/><D98/><U14/><E104/><V111/><F72/><W116/><G116/><T106/><D106/><U93/><E105/><V24/><F88/><W47/><G19/><T23/><D35/><U97/><E97/><V31/><F76/><W22/><G9/><T10/><D10/><U110/><E82/><V61/><F77/><W86/><G86/><T56/><D56/><U124/><E124/><V20/><F59/><N who="3" m="34935" /><G47/><T90/><D90/><U21/><E69/><V51/><F80/><W39/><G39/><T109/><D109/><U102/><E110/><V33/><F111/><W1/><G1/><T121/><D121/><U15/><E122/><V84/><F33/><W108/><G108/><T30/><D30/><U13/><E123/><V115/><F115/><W91/><G91/><T133/><D133/><AGARI ba="2,1" hai="16,22,26,70,71,73,79,81,132,133,135" m="34935" machi="133" ten="30,3900,0" yaku="20,1,52,1,54,1" doraHai="18" who="3" fromWho="0" sc="260,-45,260,0,250,0,220,55" /><INIT seed="1,0,0,5,4,111" ten="215,260,250,275" oya="1" hai0="135,32,24,1,11,127,114,57,110,47,69,34,92" hai1="130,132,60,8,84,12,17,76,107,100,29,35,0" hai2="48,109,43,36,51,54,90,94,70,85,117,80,81" hai3="59,2,30,18,9,93,78,126,58,108,50,98,27"/><U115/><E0/><V113/><F117/><W105/><G108/><T116/><D47/><U25/><E130/><V62/><F109/><W40/><G126/><T52/><D69/><U89/><E76/><V102/><F36/><W68/><G68/><T131/><D116/><U99/><E132/><V106/><F70/><W83/><G105/><T39/><D110/><U7/><E60/><V133/><F133/><W103/><G40/><T73/><D39/><U125/><E125/><V79/><F43/><W101/><G101/><T121/><D73/><U75/><E75/><N who="2" m="43135" /><F81/><W15/><G50/><T13/><D121/><U66/><E66/><V122/><F122/><W53/><G53/><T4/><D127/><U104/><E104/><V42/><F42/><W74/><REACH who="3" step="1"/><G2/><REACH who="3" ten="215,260,250,265" step="2"/><T82/><D82/><U23/><E115/><V19/><F48/><W5/><G5/><T38/><D114/><U87/><REACH who="1" step="1"/><E89/><REACH who="1" ten="215,250,250,265" step="2"/><V72/><F90/><W97/><G97/><T77/><D135/><U112/><E112/><V46/><F113/><W55/><G55/><T10/><D52/><U124/><E124/><V21/><F54/><W22/><AGARI ba="0,2" hai="9,15,18,22,27,30,58,59,74,78,83,93,98,103" machi="22" ten="20,2700,0" yaku="1,1,0,1,7,1,53,0" doraHai="111" doraHaiUra="134" who="3" fromWho="3" sc="215,-7,250,-13,250,-7,265,47" /><INIT seed="2,0,0,5,0,92" ten="208,237,243,312" oya="2" hai0="28,94,91,46,5,0,67,48,20,11,22,107,112" hai1="16,19,72,69,63,23,9,2,82,37,39,34,59" hai2="74,119,127,78,12,134,128,14,101,21,6,98,105" hai3="4,88,38,24,35,13,79,108,55,100,58,90,102"/><V60/><F119/><W42/><G108/><T45/><D107/><U61/><E34/><V15/><F128/><W51/><G79/><T73/><D73/><U30/><E30/><V131/><F131/><W10/><G35/><T54/><D112/><U126/><E126/><V113/><F113/><W123/><G123/><T7/><D67/><U130/><E69/><V87/><F127/><W103/><REACH who="3" step="1"/><G24/><REACH who="3" ten="208,237,243,302" step="2"/><T114/><D114/><U57/><E130/><V83/><F134/><W68/><G68/><T96/><D28/><U95/><E72/><V31/><F74/><W52/><G52/><T76/><D76/><U50/><E39/><V135/><F135/><W120/><G120/><T64/><D64/><U97/><E37/><V71/><F71/><W36/><G36/><T27/><D27/><U75/><E75/><V110/><F110/><W133/><G133/><T29/><D29/><U18/><E82/><V81/><F83/><W25/><G25/><T106/><D5/><U117/><E117/><V116/><F116/><W62/><G62/><T65/><D65/><U32/><E61/><V85/><F60/><W26/><G26/><T1/><D7/><N who="1" m="1271" /><E32/><V86/><F6/><W121/><G121/><T43/><D0/><U33/><E33/><V124/><F124/><W44/><AGARI ba="0,1" hai="4,10,13,38,42,44,51,55,58,88,90,100,102,103" machi="44" ten="30,7900,0" yaku="1,1,0,1,54,1,53,1" doraHai="92" doraHaiUra="53" who="3" fromWho="3" sc="208,-20,237,-20,243,-39,302,89" /><INIT seed="3,0,0,5,0,104" ten="188,217,204,391" oya="3" hai0="16,103,110,81,60,68,128,90,19,89,9,23,119" hai1="63,31,84,17,70,85,125,11,117,127,118,30,67" hai2="77,1,86,122,5,4,27,83,55,48,80,36,91" hai3="112,47,129,44,56,64,107,61,58,133,87,92,40"/><W102/><G112/><T82/><D110/><U21/><E11/><V109/><F36/><W115/><G115/><T33/><D33/><U54/><E54/><V130/><F109/><W26/><G133/><T76/><D119/><N who="1" m="45579" /><E85/><V62/><F130/><W37/><G129/><T97/><D128/><U66/><E66/><V73/><F122/><W6/><G6/><T15/><D82/><U74/><E84/><V120/><F120/><W71/><G47/><T69/><D69/><U50/><E50/><V8/><F5/><W79/><G92/><T99/><D99/><U14/><E74/><V25/><REACH who="2" step="1"/><F62/><REACH who="2" ten="188,217,194,391" step="2"/><W78/><G61/><T24/><D60/><U72/><E72/><V28/><F28/><AGARI ba="0,1" hai="14,17,21,28,30,31,63,67,70,125,127" m="45579" machi="28" ten="30,1000,0" yaku="12,1" doraHai="104" who="1" fromWho="2" sc="188,0,217,20,194,-10,391,0" /><INIT seed="4,0,0,2,5,130" ten="188,237,184,391" oya="0" hai0="24,36,9,101,97,57,109,33,93,65,17,122,56" hai1="90,35,45,74,135,84,46,11,59,92,58,30,21" hai2="71,76,43,48,132,40,85,121,28,62,0,39,133" hai3="126,38,117,94,112,14,49,50,73,3,89,104,54"/><T78/><D36/><U1/><E35/><V19/><F39/><W111/><G3/><T83/><D122/><U108/><E108/><V100/><F121/><W26/><G111/><T82/><D109/><U27/><E74/><V52/><F0/><W115/><G104/><T91/><D33/><U18/><E135/><N who="2" m="51787" /><F28/><W69/><G69/><T25/><D82/><U8/><E1/><V77/><F100/><W86/><G26/><N who="0" m="10347" /><D78/><N who="2" m="30314" /><F85/><W87/><G86/><N who="0" m="50655" /><D65/><U47/><E30/><V125/><F125/><W98/><G126/><T72/><D72/><U134/><E134/><V103/><F103/><W4/><G38/><T131/><D131/><U120/><E120/><V64/><F19/><W5/><G73/><T37/><D37/><U105/><E105/><V29/><F29/><W68/><G87/><T75/><D75/><U129/><E129/><V31/><F31/><W99/><G99/><T96/><D96/><U61/><E84/><V13/><F13/><AGARI ba="0,0" hai="9,13,17,56,57,93,97,101" m="50655,10347" machi="13" ten="30,1500,0" yaku="8,1" doraHai="130" who="0" fromWho="2" sc="188,15,237,0,184,-15,391,0" /><INIT seed="4,1,0,1,3,68" ten="203,237,169,391" oya="0" hai0="14,34,124,134,10,86,96,126,25,91,3,111,115" hai1="132,5,77,95,22,105,32,62,13,40,118,72,98" hai2="108,107,99,19,20,94,50,56,49,64,92,11,65" hai3="55,36,73,67,24,42,39,51,81,41,106,37,116"/><T76/><D3/><U135/><E118/><V28/><F107/><W112/><G106/><T0/><D0/><U127/><E127/><N who="0" m="48681" /><D111/><U60/><E32/><V29/><F108/><W80/><G116/><T63/><D134/><U46/><E105/><V83/><F11/><W102/><G102/><T54/><D76/><U90/><E132/><V31/><F83/><W33/><G112/><T17/><D96/><U109/><E135/><V4/><F4/><W47/><G67/><T35/><D115/><U89/><E109/><V85/><F85/><W128/><G128/><T79/><D79/><U114/><E114/><V1/><F1/><W52/><G73/><T38/><D38/><U121/><E121/><V113/><F92/><W103/><G103/><T117/><D25/><U23/><E77/><V110/><F110/><W101/><G101/><T26/><D26/><U100/><E72/><V58/><F113/><W18/><G81/><N who="0" m="49615" /><D117/><U82/><E82/><V15/><F64/><W7/><G80/><T70/><D54/><U122/><E122/><V129/><F129/><W12/><G55/><T104/><D104/><U59/><E100/><N who="2" m="60535" /><F65/><AGARI ba="1,0" hai="10,14,17,34,35,63,65,70" m="49615,48681" machi="65" ten="30,1500,0" yaku="18,1" doraHai="68" who="0" fromWho="2" sc="203,18,237,0,169,-18,391,0" /><INIT seed="4,2,0,3,3,124" ten="221,237,151,391" oya="0" hai0="41,83,18,105,52,29,62,66,126,19,118,17,27" hai1="91,97,50,25,116,3,115,48,11,61,55,44,64" hai2="13,129,30,59,70,84,4,68,31,100,58,8,5" hai3="45,10,6,67,38,65,102,7,33,20,26,108,69"/><T2/><D2/><U76/><E116/><V77/><F100/><W113/><G108/><T93/><D105/><U95/><E76/><V110/><F110/><W35/><G102/><T47/><D118/><U131/><E115/><V14/><F77/><W73/><G73/><T54/><D126/><U1/><E131/><V106/><F84/><W90/><G90/><T127/><D83/><U53/><E11/><V57/><F8/><W34/><G45/><T87/><D87/><U112/><E112/><V24/><F24/><W103/><G38/><T43/><D93/><U133/><E133/><V21/><F21/><W49/><G49/><T42/><D47/><U36/><E36/><V79/><F79/><W39/><G10/><T89/><D89/><U85/><E85/><V120/><F58/><W78/><G7/><T80/><D80/><U75/><E75/><V114/><F114/><W117/><G6/><T123/><D123/><U98/><E98/><V121/><F106/><W71/><G78/><T22/><REACH who="0" step="1"/><D127/><REACH who="0" ten="211,237,151,391" step="2"/><U12/><E3/><V28/><REACH who="2" step="1"/><F30/><REACH who="2" ten="211,237,141,391" step="2"/><W130/><G113/><T72/><D72/><U107/><E107/><V82/><F82/><W128/><G117/><T23/><D23/><U96/><E91/><V109/><F109/><W51/><G20/><T81/><D81/><U37/><E96/><V99/><F99/><W60/><G33/><T134/><D134/><U94/><E97/><V0/><F0/><W15/><G34/><T63/><D63/><U86/><E1/><V101/><F101/><W46/><G35/><T135/><D135/><U74/><E61/><RYUUKYOKU ba="2,2" sc="211,15,237,-15,141,15,391,-15" hai0="17,18,19,22,27,29,41,42,43,52,54,62,66" hai2="4,5,13,14,28,31,57,59,68,70,120,121,129" /><INIT seed="4,3,2,0,3,117" ten="226,222,156,376" oya="0" hai0="51,119,2,74,21,36,126,42,100,4,35,118,97" hai1="94,50,122,73,47,1,109,14,52,20,60,30,123" hai2="66,39,101,112,71,43,107,132,83,40,32,81,7" hai3="22,23,127,120,80,9,11,19,79,69,13,26,28"/><T92/><D74/><U88/><E109/><V0/><F112/><W104/><G69/><T55/><D35/><U34/><E1/><V41/><F39/><W87/><G104/><T12/><D2/><U64/><E73/><V6/><F32/><W113/><G113/><T29/><D126/><U102/><E102/><V58/><F71/><W105/><G105/><T135/><D135/><U57/><E34/><V53/><F132/><W49/><G127/><T98/><D98/><U54/><E64/><V134/><F134/><W86/><G120/><T65/><D65/><U130/><E130/><V106/><F66/><W18/><G49/><T77/><D77/><U91/><E91/><V33/><F33/><W128/><G128/><T76/><D76/><U61/><E61/><V16/><F106/><W72/><G9/><T75/><D75/><U56/><E47/><V68/><F68/><W103/><G103/><T110/><D110/><U114/><E114/><V27/><F101/><W78/><G79/><T131/><D131/><U90/><E90/><V45/><F45/><W17/><G17/><N who="0" m="10407" /><D29/><U89/><E89/><V124/><F107/><W93/><G93/><T108/><D4/><N who="2" m="1578" /><F0/><W15/><AGARI ba="3,2" hai="11,13,15,18,19,22,23,26,28,72,78,80,86,87" machi="15" ten="20,1500,0" yaku="0,1,7,1" doraHai="117" who="3" fromWho="3" sc="226,-10,222,-7,156,-7,376,44" /><INIT seed="5,0,0,5,2,12" ten="216,215,149,420" oya="1" hai0="89,32,113,88,111,43,6,57,110,17,64,117,105" hai1="135,50,11,119,7,26,53,9,115,86,22,31,101" hai2="48,76,96,33,95,8,51,0,129,103,75,61,13" hai3="2,108,37,46,80,116,25,125,128,47,131,58,1"/><U15/><E119/><V133/><F0/><W92/><G108/><T134/><D105/><U21/><E115/><V18/><F33/><W59/><G92/><T91/><D32/><U104/><E135/><V98/><F133/><W107/><G107/><T34/><D34/><U97/><E86/><V42/><F129/><W100/><G100/><T41/><D117/><U36/><E36/><V123/><F123/><W81/><G25/><T118/><D6/><U127/><E127/><V102/><F42/><W67/><G67/><T27/><D134/><U56/><E11/><V87/><F75/><W93/><G93/><T83/><D83/><U72/><E72/><V84/><F61/><W112/><G37/><T130/><D118/><U44/><REACH who="1" step="1"/><E22/><REACH who="1" ten="216,205,149,420" step="2"/><V85/><REACH who="2" step="1"/><F76/><REACH who="2" ten="216,205,139,420" step="2"/><W114/><G116/><T45/><D111/><U74/><E74/><V73/><F73/><W77/><G77/><T24/><D110/><U120/><E120/><V62/><F62/><W70/><G114/><T28/><D113/><U68/><E68/><V38/><F38/><W14/><G112/><T10/><D130/><U90/><E90/><V94/><AGARI ba="0,2" hai="8,13,18,48,51,84,85,87,94,95,96,98,102,103" machi="94" ten="30,8000,1" yaku="1,1,0,1,9,1,8,1,52,1,53,0" doraHai="12" doraHaiUra="109" who="2" fromWho="2" sc="216,-20,205,-40,139,100,420,-20" /><INIT seed="6,0,0,1,2,33" ten="196,165,239,400" oya="2" hai0="99,84,39,58,32,125,43,121,78,120,134,11,74" hai1="67,97,98,6,105,25,130,119,47,83,21,10,40" hai2="22,107,111,80,19,4,123,35,27,114,71,116,135" hai3="13,110,17,66,106,2,14,91,72,68,85,117,49"/><V48/><F71/><W59/><G110/><T54/><D74/><U101/><E119/><V24/><F107/><W34/><G2/><T55/><D32/><U46/><E130/><V61/><F61/><W102/><G72/><T56/><D134/><U103/><E67/><V87/><F116/><W26/><G117/><T90/><D125/><U94/><E83/><V92/><F123/><W69/><G13/><T62/><D78/><U93/><E40/><V132/><F114/><W64/><G64/><T15/><D99/><U133/><E105/><V52/><F111/><W131/><G26/><T3/><D43/><U36/><E36/><V50/><F92/><W126/><G34/><T129/><D39/><U81/><E81/><V88/><F4/><W113/><G131/><T104/><D104/><U73/><E73/><V18/><F35/><W100/><G106/><T63/><D129/><U118/><E133/><N who="2" m="51275" /><F52/><W95/><G126/><T124/><D124/><U37/><E118/><V30/><F30/><W1/><G69/><T82/><REACH who="0" step="1"/><D3/><REACH who="0" ten="186,165,239,400" step="2"/><U53/><E37/><V29/><F29/><W20/><G1/><T89/><D89/><U0/><REACH who="1" step="1"/><E53/><REACH who="1" ten="186,155,239,400" step="2"/><V45/><F87/><W128/><G128/><T51/><D51/><U9/><E9/><V127/><F48/><W12/><G49/><T96/><D96/><U77/><E77/><V108/><F127/><W38/><G85/><T7/><AGARI ba="0,2" hai="7,11,15,54,55,56,58,62,63,82,84,90,120,121" machi="7" ten="20,5200,0" yaku="1,1,0,1,7,1,9,1,53,0" doraHai="33" doraHaiUra="109" who="0" fromWho="0" sc="186,72,155,-13,239,-26,400,-13" /><INIT seed="7,0,0,3,3,72" ten="258,142,213,387" oya="3" hai0="109,101,68,88,34,4,12,54,84,80,11,132,19" hai1="53,9,75,74,69,52,59,121,3,66,14,82,15" hai2="28,63,10,89,36,64,67,27,71,123,103,127,65" hai3="91,31,62,33,83,13,85,49,96,48,16,97,124"/><W77/><G124/><T46/><D68/><U106/><E121/><V70/><F36/><W45/><G31/><T5/><D34/><U61/><E106/><V93/><F127/><W117/><G62/><T108/><D132/><U105/><E105/><V29/><F123/><W110/><G117/><T43/><D43/><U78/><E75/><V126/><F126/><W39/><G110/><T17/><D101/><U44/><E44/><V38/><F38/><W119/><G119/><T130/><D130/><U92/><E53/><V47/><F103/><W55/><G39/><T20/><D108/><U42/><E42/><V125/><F125/><W23/><G33/><T21/><D21/><U98/><E3/><V7/><F70/><W114/><G114/><T122/><D122/><U51/><REACH who="1" step="1"/><E9/><REACH who="1" ten="258,132,213,387" step="2"/><V0/><F47/><N who="3" m="28063" /><G91/><AGARI ba="0,1" hai="14,15,51,52,59,61,66,69,74,78,82,91,92,98" machi="91" ten="30,8000,1" yaku="1,1,7,1,52,1,54,1,53,1" doraHai="72" doraHaiUra="56" who="1" fromWho="3" sc="258,0,132,90,213,0,387,-80" owari="258,6.0,222,-18.0,213,-29.0,307,41.0" /></mjloggm>