<mjloggm ver="2.3"><GO type="169" lobby="0"/><UN n0="%62%6F%6F%6B%65%72%4B" n1="%E9%8A%80%E8%89%B2%E3%81%84%E3%81%8C%E3%81%90%E3%82%8A" n2="%52%65%64%62%75%6C%6C" n3="%75%72%61%74%61%6D%61" dan="16,18,18,16" rate="2099.24,2285.28,2188.07,2069.71" sx="M,M,F,M"/><TAIKYOKU oya="0"/><INIT seed="0,0,0,2,0,119" ten="250,250,250,250" oya="0" hai0="126,118,26,129,134,79,30,127,46,124,69,125,97" hai1="120,86,0,94,95,71,2,65,73,78,37,20,80" hai2="17,48,53,25,92,38,13,116,61,54,28,24,113" hai3="12,83,81,102,90,36,41,107,106,93,84,100,34"/><T104/><D118/><U49/><E37/><V14/><F113/><W66/><G34/><N who="0" m="20823" /><D79/><U39/><E39/><V76/><F38/><W52/><G66/><T72/><D46/><U130/><E130/><V33/><F116/><W135/><G135/><T128/><D69/><U31/><E73/><V89/><F76/><W55/><G41/><T67/><D67/><U43/><E0/><V59/><F24/><W58/><G36/><T57/><D57/><U87/><E2/><V32/><F17/><W64/><G106/><T111/><D111/><U47/><E71/><V40/><F32/><W35/><G35/><T23/><D23/><U131/><E131/><N who="0" m="50249" /><D124/><U99/><E65/><V63/><F40/><W4/><G107/><T98/><D72/><U1/><E1/><V122/><F61/><N who="3" m="37943" /><G83/><T96/><D104/><U15/><E31/><V105/><F105/><W56/><G93/><T5/><D5/><U85/><E94/><V45/><F13/><W110/><G110/><T68/><D68/><U19/><E80/><V115/><F14/><W114/><G81/><T6/><D6/><U60/><E78/><V77/><F77/><W18/><G56/><T3/><D3/><U27/><E60/><V109/><F109/><W9/><G4/><T123/><D123/><U108/><E120/><V42/><F122/><W112/><G55/><T7/><D7/><U74/><E74/><V70/><F70/><W75/><G75/><T101/><D101/><N who="3" m="39017" /><G52/><T121/><D121/><U133/><E108/><V88/><F54/><W91/><G90/><N who="2" m="34921" /><F92/><W29/><G29/><T132/><AGARI ba="0,0" hai="96,97,98,125,126,127,132,134" m="50249,20823" machi="132" ten="50,12000,1" yaku="5,1,30,2,18,1,19,1" doraHai="119" who="0" fromWho="0" sc="250,120,250,-40,250,-40,250,-40" /><INIT seed="0,1,0,1,5,48" ten="370,210,210,210" oya="0" hai0="1,25,99,31,115,92,44,106,91,45,26,35,11" hai1="85,63,105,2,68,103,53,117,75,14,81,3,120" hai2="69,78,43,125,131,95,54,51,56,64,67,73,109" hai3="83,127,19,0,4,38,41,61,40,96,134,42,37"/><T121/><D115/><U58/><E120/><V80/><F109/><W10/><G134/><T72/><D72/><U122/><E117/><V12/><F131/><W84/><G127/><T97/><D26/><U29/><E75/><V124/><F43/><W118/><G118/><T101/><REACH who="0" step="1"/><D121/><REACH who="0" ten="360,210,210,210" step="2"/><U71/><E122/><V132/><F124/><W104/><G38/><T76/><D76/><U70/><E29/><V22/><F125/><W6/><G37/><T60/><D60/><U16/><E105/><V111/><F132/><W135/><G135/><T107/><D107/><U93/><E103/><V21/><F78/><W66/><G104/><T36/><D36/><U62/><E63/><V113/><F73/><W57/><G61/><T65/><D65/><U89/><REACH who="1" step="1"/><E93/><REACH who="1" ten="360,200,210,210" step="2"/><V87/><F95/><W102/><G102/><T110/><D110/><U74/><E74/><V130/><F111/><W52/><G66/><T59/><D59/><U77/><E77/><V108/><F56/><W79/><G57/><T30/><D30/><U7/><E7/><AGARI ba="1,2" hai="1,7,11,25,31,35,44,45,91,92,97,99,101,106" machi="7" ten="40,2000,0" yaku="1,1,53,0" doraHai="48" doraHaiUra="47" who="0" fromWho="1" sc="360,43,200,-23,210,0,210,0" /><INIT seed="0,2,0,2,1,8" ten="403,177,210,210" oya="0" hai0="135,40,72,1,85,36,54,37,52,59,106,100,43" hai1="56,119,78,60,132,62,128,50,133,101,2,129,123" hai2="51,116,28,109,27,95,57,121,87,71,44,34,99" hai3="103,126,48,91,42,75,118,49,11,25,6,112,108"/><T65/><D72/><U70/><E78/><V19/><F121/><W117/><G112/><T77/><D1/><U68/><E101/><V14/><F71/><N who="1" m="27177" /><E2/><V81/><F109/><W111/><G75/><T130/><D106/><U33/><E33/><V122/><F122/><W83/><G103/><T13/><D100/><U105/><E105/><V134/><F134/><N who="1" m="51817" /><E119/><V20/><F57/><W61/><G25/><T67/><D135/><U22/><E22/><V7/><F7/><W45/><G6/><T88/><D77/><U9/><E9/><V113/><F116/><W98/><G11/><T38/><D130/><N who="1" m="50283" /><E123/><V114/><F95/><W131/><G131/><T120/><D120/><U47/><E56/><V58/><F58/><W86/><G118/><T53/><D59/><U15/><E15/><V92/><F92/><W80/><G117/><T89/><D13/><U90/><E90/><N who="0" m="34921" /><D85/><U12/><E12/><V31/><F99/><W17/><G98/><T16/><D16/><U0/><E0/><V66/><F19/><W74/><G17/><T69/><D69/><U24/><E24/><V124/><F27/><W3/><G86/><T29/><D29/><U104/><E104/><V46/><F31/><W64/><G74/><T93/><D93/><U26/><E26/><V73/><F28/><W102/><G102/><T10/><D10/><U63/><E63/><V4/><F73/><W35/><G61/><T23/><D23/><U96/><E96/><V127/><F20/><W30/><G3/><T39/><N who="0" m="9728" /><DORA hai="84" /><T55/><N who="0" m="13824" /><DORA hai="125" /><T32/><D32/><U82/><E82/><RYUUKYOKU ba="2,0" sc="403,15,177,15,210,-15,210,-15" hai0="40,43,65,67" hai1="47,50,60,62" /><INIT seed="0,3,0,4,2,39" ten="418,192,195,195" oya="0" hai0="14,84,93,121,43,131,24,12,21,41,28,134,75" hai1="25,56,54,22,34,129,71,2,73,55,83,57,98" hai2="105,88,101,108,81,132,94,48,20,125,95,77,33" hai3="76,46,115,13,67,130,7,117,53,128,116,16,85"/><T107/><D75/><U133/><E34/><V36/><F36/><W86/><G115/><T89/><D107/><U80/><E71/><V78/><F33/><W31/><G67/><T113/><D113/><U11/><E73/><V23/><F48/><N who="3" m="28823" /><G7/><T120/><D131/><N who="3" m="50217" /><G31/><T112/><D134/><U29/><E133/><V38/><F38/><W4/><G4/><T102/><D112/><U135/><E135/><V42/><F108/><W124/><G124/><T91/><D102/><U10/><E98/><V122/><F101/><W58/><G58/><T9/><D91/><U27/><E129/><V70/><F88/><W100/><G100/><T60/><D60/><N who="1" m="35863" /><E25/><V127/><F132/><W126/><G126/><T52/><D52/><U35/><E2/><V110/><F110/><W6/><G6/><T64/><D64/><U119/><E119/><N who="3" m="45642" /><G76/><T61/><D61/><N who="1" m="36031" /><E35/><V92/><F70/><W8/><AGARI ba="3,0" hai="8,13,16,85,86" m="45642,50217,28823" machi="8" ten="30,2000,0" yaku="19,1,54,1" doraHai="39" who="3" fromWho="3" sc="418,-13,192,-8,195,-8,195,29" /><INIT seed="1,0,0,5,4,49" ten="405,184,187,224" oya="1" hai0="91,108,112,62,88,30,31,90,103,7,26,71,133" hai1="45,111,59,36,38,14,116,123,40,50,16,32,68" hai2="22,28,83,29,19,92,34,57,11,93,33,63,121" hai3="127,74,77,4,64,48,99,23,102,120,101,1,9"/><U35/><E123/><V105/><F105/><W76/><G120/><T89/><D112/><U94/><E116/><V65/><F121/><W70/><G102/><T43/><D108/><U56/><E111/><V124/><F33/><W18/><G127/><T131/><D131/><U10/><E68/><V52/><F124/><W66/><G74/><T20/><D43/><U86/><E35/><V85/><F11/><W114/><G114/><T39/><D39/><U42/><E32/><V82/><F82/><W72/><G72/><T25/><D7/><U13/><E38/><V117/><F117/><W24/><G48/><T115/><D133/><U95/><E40/><V119/><F65/><W46/><G46/><T134/><D134/><U125/><E125/><V135/><F119/><W87/><G70/><T37/><D91/><N who="1" m="53623" /><E36/><V8/><F8/><W15/><G1/><T113/><D37/><U109/><E109/><V110/><F110/><W98/><G87/><T122/><D122/><U54/><E42/><V104/><F104/><W6/><G6/><T106/><D106/><U41/><E41/><V55/><F34/><W118/><G118/><T132/><D132/><U100/><E14/><N who="2" m="9591" /><F135/><W73/><G73/><T5/><D71/><U0/><E0/><V84/><F84/><W126/><G126/><T12/><D113/><U79/><E79/><N who="3" m="30282" /><G99/><AGARI ba="0,0" hai="10,13,16,45,50,54,56,59,95,99,100" m="53623" machi="99" ten="30,5800,0" yaku="8,1,52,1,54,1" doraHai="49" who="1" fromWho="3" sc="405,0,184,58,187,0,224,-58" /><INIT seed="1,1,0,4,5,52" ten="405,242,187,166" oya="1" hai0="3,92,107,53,19,54,59,65,28,16,50,101,119" hai1="99,42,95,7,26,64,118,13,70,55,49,39,127" hai2="110,38,57,63,31,33,131,32,116,41,132,22,74" hai3="82,125,61,10,58,21,44,1,17,135,111,2,105"/><U100/><E118/><V109/><F74/><W48/><G105/><T88/><D3/><U62/><E127/><V75/><F75/><W43/><G125/><T103/><D65/><U45/><E26/><N who="2" m="16855" /><F116/><W94/><G135/><T51/><D28/><U115/><E115/><V76/><F76/><W12/><G111/><N who="2" m="42505" /><F131/><W40/><G40/><T30/><D30/><U86/><E86/><V14/><F14/><W73/><G94/><T37/><D37/><U56/><E13/><V20/><F20/><W67/><G73/><T77/><D77/><U47/><REACH who="1" step="1"/><E7/><REACH who="1" ten="405,232,187,166" step="2"/><V68/><F132/><W8/><G1/><T69/><D119/><U79/><E79/><V81/><F32/><W6/><G6/><T123/><D123/><U134/><E134/><V104/><F33/><W114/><G2/><T87/><D69/><AGARI ba="1,1" hai="39,42,45,47,49,55,56,62,64,69,70,95,99,100" machi="69" ten="40,3900,0" yaku="1,1,52,1,53,0" doraHai="52" doraHaiUra="102" who="1" fromWho="0" sc="405,-42,232,52,187,0,166,0" /><INIT seed="1,2,0,2,2,100" ten="363,284,187,166" oya="1" hai0="110,95,33,73,70,135,130,56,80,118,62,20,31" hai1="52,22,83,120,86,34,81,107,71,125,84,4,54" hai2="85,15,5,101,28,6,39,11,128,114,3,69,89" hai3="72,58,76,61,124,57,13,66,104,102,109,51,50"/><U77/><E34/><V45/><F69/><W116/><G124/><T47/><D20/><U41/><E120/><V87/><F128/><W21/><G116/><T131/><D95/><U53/><E125/><V44/><F28/><W90/><G109/><T18/><D18/><U48/><E71/><V98/><F114/><W93/><G102/><T30/><D31/><U94/><E107/><V23/><F39/><W0/><G0/><T75/><D30/><U121/><E121/><V115/><F85/><W46/><G104/><T123/><D80/><U9/><E22/><V122/><F115/><W111/><G111/><T1/><D47/><U26/><E26/><V129/><F129/><W16/><G58/><T97/><D56/><U134/><E134/><V96/><F96/><W27/><G76/><T36/><D97/><U40/><E94/><V117/><F117/><W25/><G72/><T99/><D99/><U35/><E35/><V126/><F122/><W106/><G106/><T2/><D62/><U17/><E17/><V8/><F23/><W43/><G51/><T127/><D75/><U88/><REACH who="1" step="1"/><E48/><REACH who="1" ten="363,274,187,166" step="2"/><V67/><F126/><W108/><REACH who="3" step="1"/><G108/><REACH who="3" ten="363,274,187,156" step="2"/><T19/><D130/><U105/><E105/><V37/><F37/><W12/><G12/><AGARI ba="2,2" hai="4,9,12,40,41,52,53,54,77,81,83,84,86,88" machi="12" ten="40,12000,1" yaku="1,1,8,1,54,2,53,0" doraHai="100" doraHaiUra="55" who="1" fromWho="3" sc="363,0,274,146,187,0,156,-126" /><INIT seed="1,3,0,3,4,99" ten="363,420,187,30" oya="1" hai0="56,112,83,48,2,45,117,3,14,104,71,26,29" hai1="114,109,100,84,82,63,126,105,118,110,119,68,31" hai2="32,101,127,80,37,107,33,34,54,4,59,24,133" hai3="39,103,108,11,15,19,20,8,57,5,60,121,85"/><U64/><E114/><V72/><F133/><W23/><G39/><T43/><D71/><U16/><E31/><N who="2" m="19559" /><F54/><W122/><G108/><N who="1" m="41578" /><E126/><V40/><F59/><W50/><G50/><T90/><D117/><N who="1" m="44555" /><E16/><V6/><F6/><W88/><G103/><T81/><D14/><U78/><E100/><V79/><F4/><W9/><G121/><T35/><D104/><AGARI ba="3,0" hai="63,64,68,78,82,84,104,105" m="44555,41578" machi="104" ten="30,2900,0" yaku="14,1,10,1" doraHai="99" who="1" fromWho="0" sc="363,-38,420,38,187,0,30,0" /><INIT seed="1,4,0,5,1,11" ten="325,458,187,30" oya="1" hai0="88,104,67,101,75,115,77,62,95,121,120,122,6" hai1="92,80,33,99,127,72,42,108,90,37,69,129,54" hai2="82,107,18,13,116,86,43,134,84,20,21,3,124" hai3="24,29,34,5,9,94,74,85,97,112,45,16,118"/><U83/><E69/><V87/><F116/><W96/><G74/><T117/><D6/><U73/><E33/><V79/><F3/><W25/><G112/><T123/><D67/><U35/><E35/><V26/><F107/><W103/><G118/><T109/><D117/><U63/><E42/><V131/><F131/><W61/><G85/><N who="0" m="52623" /><D62/><U32/><E37/><V28/><F134/><W78/><G78/><T113/><D109/><U58/><E32/><V135/><F135/><W93/><G45/><T40/><D40/><U30/><E108/><V133/><F133/><W41/><G41/><T76/><D123/><U66/><E129/><V100/><F100/><W51/><G51/><T19/><D19/><U14/><E30/><V102/><F102/><W98/><G61/><T81/><D77/><U47/><E73/><V125/><REACH who="2" step="1"/><F43/><REACH who="2" ten="325,458,177,30" step="2"/><W31/><G103/><T64/><D64/><U39/><E66/><V1/><F1/><W10/><G34/><T132/><D132/><U53/><E53/><V114/><F114/><N who="0" m="43530" /><D101/><U70/><E54/><V119/><F119/><W7/><G96/><T89/><D89/><U27/><E99/><V60/><F60/><W2/><G2/><T12/><D104/><U44/><E90/><V50/><F50/><W68/><G68/><T23/><D122/><U91/><E70/><V48/><F48/><W105/><G105/><T15/><D121/><U110/><E91/><V49/><F49/><W59/><G59/><T8/><D120/><U22/><E58/><V38/><F38/><W126/><G126/><AGARI ba="4,1" hai="13,18,20,21,26,28,79,82,84,86,87,124,125,126" machi="126" ten="40,5200,0" yaku="1,1,18,1,52,1,53,0" doraHai="11" doraHaiUra="71" who="2" fromWho="3" sc="325,0,458,0,177,74,30,-64" owari="325,13.0,458,55.0,251,-15.0,-34,-53.0" /></mjloggm>