<mjloggm ver="2.3"><GO type="185" lobby="0"/><UN n0="%79%61%6F%39" n1="%E3%83%A1%E3%83%95%E3%82%A3%E3%82%B9%E3%83%88%E2%85%A1" n2="%E5%A4%9A%E6%9E%97%E6%99%8B" n3="" dan="16,16,16,0" rate="2083.92,2139.21,2197.32,1500.00" sx="M,M,M,C"/><TAIKYOKU oya="0"/><INIT seed="0,0,0,0,1,64" ten="350,350,350,0" oya="0" hai0="3,68,58,32,70,63,129,130,84,53,99,79,55" hai1="125,46,97,112,90,66,101,108,37,83,103,92,135" hai2="77,98,74,43,113,86,111,44,2,81,41,131,33" hai3=""/><T124/><D3/><U51/><E108/><V36/><F2/><T72/><D32/><U50/><E125/><V62/><F33/><T80/><D124/><U61/><E135/><V82/><F111/><T49/><D72/><U126/><E126/><V116/><F131/><N who="0" m="50186" /><D99/><U128/><E128/><V35/><F35/><T73/><D73/><U52/><E37/><V65/><F41/><T134/><D134/><U117/><E117/><V89/><F116/><T110/><D110/><U69/><E112/><V42/><F42/><T122/><N who="0" m="31264" /><T95/><D95/><U47/><E83/><V132/><F132/><T119/><D119/><U123/><N who="1" m="31520" /><U106/><E106/><V100/><F113/><T59/><AGARI ba="0,0" hai="49,53,55,58,59,63,68,70,79,80,84" m="31264,50186" machi="59" ten="30,7800,0" yaku="19,1,52,3" doraHai="64" who="0" fromWho="0" sc="350,78,350,-39,350,-39,0,0" /><INIT seed="0,1,0,3,5,69" ten="428,311,311,0" oya="0" hai0="68,86,71,2,44,88,46,32,112,89,127,73,33" hai1="134,52,82,121,0,107,100,120,66,118,128,105,63" hai2="126,64,61,75,42,60,116,123,72,58,45,49,34" hai3=""/><T76/><D112/><U93/><N who="1" m="30752" /><U87/><N who="1" m="31008" /><U53/><E0/><V103/><N who="2" m="31520" /><V51/><F34/><T80/><D2/><U78/><E118/><V129/><F116/><T133/><D133/><U48/><E134/><V77/><F129/><T65/><D127/><U74/><E128/><V56/><F126/><T98/><D89/><U125/><E125/><V104/><F77/><T101/><D32/><U36/><E36/><V114/><F114/><T55/><D33/><U40/><E40/><V79/><F79/><T83/><D65/><U110/><E110/><V130/><F51/><T94/><D44/><U122/><N who="1" m="31264" /><U81/><E93/><V70/><F70/><T131/><D131/><U3/><E3/><V62/><F62/><T85/><D85/><U84/><E74/><V132/><F132/><T41/><REACH who="0" step="1"/><D55/><REACH who="0" ten="418,311,311,0" step="2"/><U96/><E87/><V35/><F130/><T47/><D47/><U117/><E117/><V119/><F119/><T102/><D102/><U113/><E84/><V99/><F35/><T67/><D67/><AGARI ba="1,1" hai="42,45,49,56,58,60,61,64,67,72,75,99,103,104" m="31520" machi="67" ten="30,3900,0" yaku="7,1,9,1,52,1" doraHai="69" who="2" fromWho="0" sc="418,-41,311,0,311,51,0,0" /><INIT seed="1,0,0,4,2,92" ten="377,311,362,0" oya="1" hai0="129,104,87,32,57,3,101,68,77,86,128,134,119" hai1="34,85,52,0,40,121,103,71,42,73,66,69,106" hai2="126,1,58,88,48,83,35,2,67,76,81,79,107" hai3=""/><U64/><N who="1" m="31008" /><U97/><E0/><V112/><F35/><T51/><D68/><U111/><E73/><V116/><F116/><T37/><D37/><U108/><E34/><V45/><F107/><T115/><D115/><U38/><E85/><V50/><F112/><T74/><D74/><U53/><E38/><V123/><N who="2" m="31520" /><V33/><F33/><T130/><D3/><U113/><E113/><V82/><F126/><T118/><D32/><U131/><E131/><V99/><F1/><T133/><D57/><U127/><E127/><V41/><F2/><T54/><D54/><U36/><E36/><V95/><F50/><T117/><D51/><U46/><E46/><V135/><F135/><N who="0" m="51722" /><D77/><U98/><E103/><V55/><F41/><T80/><D80/><U43/><E43/><V93/><F76/><T114/><D114/><U96/><REACH who="1" step="1"/><E98/><AGARI ba="0,0" hai="86,87,98,101,104,117,118,119,128,129,130" m="51722" machi="98" ten="50,12000,2" yaku="12,1,19,1,20,1,34,2,52,1" doraHai="92" who="0" fromWho="1" sc="377,120,311,-120,362,0,0,0" /><INIT seed="2,0,0,2,4,90" ten="497,191,362,0" oya="2" hai0="78,66,33,122,60,73,59,58,131,94,121,117,0" hai1="99,69,107,128,109,39,50,101,87,134,76,124,56" hai2="120,48,116,96,47,114,110,70,80,53,62,41,51" hai3=""/><V64/><N who="2" m="30752" /><V129/><F116/><T100/><N who="0" m="31008" /><T55/><N who="0" m="31264" /><T88/><D0/><U133/><E39/><V36/><F114/><T54/><D33/><U119/><E69/><V49/><F80/><T52/><D100/><U65/><E119/><V95/><F129/><T115/><D117/><U106/><E107/><V44/><F110/><T57/><D131/><U37/><E37/><V75/><F75/><T77/><D115/><U68/><E128/><V132/><F132/><T83/><REACH who="0" step="1"/><D78/><REACH who="0" ten="487,191,362,0" step="2"/><U38/><E76/><V111/><F111/><T127/><D127/><U81/><E124/><V34/><F34/><T135/><D135/><U105/><E101/><AGARI ba="0,1" hai="36,41,44,47,48,49,51,53,62,64,70,95,96,101" m="30752" machi="101" ten="30,5800,0" yaku="7,1,52,2" doraHai="90" who="2" fromWho="1" sc="487,0,191,-58,362,68,0,0" /><INIT seed="2,1,0,5,1,123" ten="487,133,430,0" oya="2" hai0="78,107,130,134,121,79,84,94,85,63,113,39,0" hai1="131,80,60,72,109,110,81,46,58,98,61,42,1" hai2="69,125,73,65,2,74,108,90,91,101,93,32,71" hai3=""/><V129/><F2/><T76/><N who="0" m="31008" /><T83/><D0/><U33/><E1/><V135/><F32/><T115/><D39/><U104/><E33/><V53/><F125/><T103/><D107/><U99/><E131/><V82/><F129/><T118/><D130/><U51/><E61/><V70/><F135/><T66/><D118/><U96/><E104/><V119/><F119/><T117/><D117/><U120/><N who="1" m="30752" /><U112/><E112/><N who="0" m="43081" /><D134/><U64/><REACH who="1" step="1"/><E72/><REACH who="1" ten="487,123,430,0" step="2"/><V35/><F35/><T47/><D63/><U38/><E38/><V127/><F74/><T40/><D66/><U50/><E50/><V43/><F65/><T44/><D44/><U68/><E68/><V48/><F71/><T59/><D59/><U102/><E102/><V57/><F101/><T95/><D103/><U126/><E126/><V3/><F127/><T49/><D49/><U128/><E128/><V55/><F3/><T75/><D75/><U54/><E54/><V124/><F124/><T37/><D47/><U56/><E56/><V92/><F57/><T62/><D37/><U106/><E106/><V86/><F48/><T89/><D62/><U45/><E45/><V67/><F67/><T87/><D40/><U34/><E34/><V105/><F43/><RYUUKYOKU ba="1,1" sc="487,10,123,10,430,-20,0,0" hai0="76,78,79,83,84,85,87,89,94,95" hai1="42,46,51,58,60,64,80,81,96,98,99,109,110" /><INIT seed="4,2,1,1,3,110" ten="497,133,410,0" oya="0" hai0="134,112,133,119,84,82,117,49,78,75,44,2,42" hai1="51,36,34,86,135,1,131,90,115,89,72,111,80" hai2="92,46,87,55,130,54,85,105,132,126,103,95,114" hai3=""/><T101/><D2/><U56/><E1/><V73/><F73/><T52/><D101/><U104/><E36/><V67/><F130/><T91/><D112/><U128/><E34/><V106/><F132/><N who="0" m="50794" /><D42/><U109/><E135/><V99/><F126/><T33/><D33/><U81/><E104/><V60/><F106/><T98/><D98/><U76/><E56/><V58/><F114/><T113/><D113/><U61/><E51/><V41/><F87/><T40/><D40/><U53/><E61/><V57/><F85/><T0/><D0/><U32/><E53/><V123/><N who="2" m="31520" /><V39/><F55/><T107/><D107/><U96/><E32/><V66/><REACH who="2" step="1"/><F67/><REACH who="2" ten="497,133,400,0" step="2"/><T43/><D43/><U120/><N who="1" m="30752" /><U3/><E3/><V37/><F37/><T83/><AGARI ba="2,2" hai="44,49,52,75,78,82,83,84,91,117,119" m="50794" machi="83" ten="30,2000,0" yaku="20,1,54,1" doraHai="110" who="0" fromWho="0" sc="497,44,133,-12,400,-12,0,0" /><INIT seed="4,3,0,4,4,57" ten="541,121,388,0" oya="0" hai0="80,125,41,113,122,38,50,126,117,104,36,46,112" hai1="81,73,94,120,118,37,121,68,53,51,33,119,89" hai2="44,133,77,58,79,64,56,72,100,83,85,111,96" hai3=""/><T61/><N who="0" m="31264" /><T132/><D104/><U35/><N who="1" m="30752" /><U54/><N who="1" m="31008" /><U135/><E37/><N who="0" m="14441" /><D80/><U82/><E68/><V88/><F111/><T1/><D1/><U0/><E0/><V76/><F133/><T124/><D132/><U128/><E135/><V45/><F72/><T131/><D117/><U101/><E101/><V92/><F58/><T123/><N who="0" m="31520" /><T67/><D131/><U95/><E51/><V69/><F69/><AGARI ba="3,0" hai="41,46,50,61,67,69,112,113,124,125,126" m="31520,14441,31264" machi="69" ten="40,18000,2" yaku="18,1,34,2,52,3" doraHai="57" who="0" fromWho="2" sc="541,186,121,0,388,-186,0,0" /><INIT seed="4,4,0,1,0,107" ten="727,121,202,0" oya="0" hai0="43,131,78,126,86,82,34,89,72,67,120,38,94" hai1="69,92,128,124,61,132,103,115,119,117,104,3,52" hai2="63,90,74,47,73,130,112,53,37,83,100,55,134" hai3=""/><T84/><N who="0" m="30752" /><T42/><D34/><U50/><E3/><V40/><F134/><T44/><D126/><U68/><E104/><V102/><F130/><T1/><D1/><U109/><E109/><V65/><F112/><T80/><D131/><U85/><E128/><V57/><F90/><T77/><D67/><U75/><E75/><V62/><F53/><T41/><AGARI ba="4,0" hai="38,41,42,43,44,72,77,78,80,82,84,86,89,94" m="30752" machi="41" ten="30,4000,0" yaku="0,1,52,2" doraHai="107" who="0" fromWho="0" sc="727,48,121,-24,202,-24,0,0" /><INIT seed="4,5,0,1,4,63" ten="775,97,178,0" oya="0" hai0="98,37,121,110,57,55,3,40,105,53,120,112,78" hai1="135,129,66,79,91,102,85,1,80,127,126,124,113" hai2="118,65,61,109,99,123,38,133,97,67,42,58,52" hai3=""/><T107/><N who="0" m="30752" /><T51/><N who="0" m="31008" /><T70/><D3/><U71/><E1/><V108/><N who="2" m="31520" /><V90/><F118/><T95/><D70/><U130/><E113/><V101/><F133/><T92/><D112/><U60/><E135/><V34/><F34/><T41/><D110/><U83/><REACH who="1" step="1"/><E102/><REACH who="1" ten="775,87,178,0" step="2"/><V122/><N who="2" m="31264" /><V77/><F109/><T84/><D107/><U131/><E131/><V49/><F108/><T103/><D105/><U128/><E128/><V45/><F77/><T93/><D37/><U36/><E36/><V117/><F117/><T125/><D125/><U94/><E94/><V106/><F38/><T47/><D93/><U62/><E62/><V46/><F106/><T119/><D119/><U81/><E81/><V88/><F101/><T69/><D92/><U2/><E2/><V114/><F114/><T100/><D100/><U87/><AGARI ba="5,1" hai="60,66,71,79,80,83,85,87,91,124,126,127,129,130" machi="87" ten="40,6000,1" yaku="1,1,0,1,18,1,52,1,53,0" doraHai="63" doraHaiUra="115" who="1" fromWho="1" sc="775,-45,87,80,178,-25,0,0" /><INIT seed="5,0,0,2,2,50" ten="730,167,153,0" oya="1" hai0="114,115,65,116,119,102,37,55,3,125,70,105,95" hai1="100,40,104,94,73,109,56,53,62,75,126,36,32" hai2="84,127,87,118,1,44,41,107,97,76,51,106,68" hai3=""/><U49/><E32/><V80/><F1/><T42/><D3/><U92/><E126/><V58/><F118/><T90/><D125/><U108/><E104/><V61/><F68/><T43/><D102/><U33/><E33/><V113/><F127/><T63/><D105/><U110/><E36/><V78/><F113/><N who="0" m="43018" /><D55/><U67/><E40/><N who="0" m="15401" /><D37/><U121/><N who="1" m="31008" /><U112/><E112/><V48/><F97/><AGARI ba="0,0" hai="63,65,70,90,95,97,116,119" m="15401,43018" machi="97" ten="30,1000,0" yaku="15,1" doraHai="50" who="0" fromWho="2" sc="730,10,167,0,153,-10,0,0" /><INIT seed="6,0,0,3,5,102" ten="740,167,143,0" oya="2" hai0="110,127,39,133,59,2,70,105,73,64,121,76,58" hai1="67,100,95,111,81,57,94,130,112,32,45,97,40" hai2="33,75,35,83,134,118,129,114,87,49,53,91,77" hai3=""/><V117/><F134/><T52/><RYUUKYOKU type="yao9" ba="0,0" sc="740,0,167,0,143,0,0,0" hai0="2,39,52,58,59,64,70,73,76,105,110,121,127,133" /><INIT seed="6,1,0,1,0,135" ten="740,167,143,0" oya="2" hai0="74,58,34,111,72,78,112,61,89,39,77,114,68" hai1="60,93,108,95,99,118,86,90,88,75,41,110,0" hai2="120,127,33,109,53,83,62,98,80,48,123,103,57" hai3=""/><V117/><N who="2" m="30752" /><V70/><N who="2" m="31520" /><V79/><F33/><T85/><D111/><U2/><E75/><N who="0" m="28713" /><D39/><U92/><E118/><V54/><F117/><T105/><D105/><U51/><E93/><V40/><F109/><T73/><D68/><U104/><E104/><V121/><N who="2" m="31008" /><V119/><F119/><T134/><D73/><U55/><E41/><V52/><F70/><T38/><D38/><U101/><E101/><V129/><F129/><T42/><D42/><U56/><E60/><V32/><F32/><T94/><D34/><U115/><E110/><V124/><F40/><T69/><D69/><U97/><E108/><V45/><F53/><T116/><D116/><U65/><E65/><V132/><F132/><T35/><D35/><U59/><BYE who="0" /><E0/><UN n0="%79%61%6F%39" /><V50/><BYE who="0" /><F62/><UN n0="%79%61%6F%39" /><T47/><D47/><U100/><E2/><V67/><F67/><T113/><D134/><U46/><E115/><V81/><REACH who="2" step="1"/><F79/><REACH who="2" ten="740,167,133,0" step="2"/><T133/><D133/><U76/><E76/><V96/><F96/><T71/><D71/><U84/><E99/><V82/><N who="2" m="20480" /><DORA hai="36" /><V102/><F102/><T87/><D87/><U44/><E100/><V3/><F3/><T131/><D131/><U1/><E1/><V49/><F49/><T37/><D37/><RYUUKYOKU ba="1,1" sc="740,10,167,-20,133,10,0,0" hai0="58,61,77,78,85,89,94,112,113,114" hai2="45,48,50,52,54,57,98,103,124,127" /><INIT seed="6,2,1,1,2,111" ten="750,147,143,0" oya="2" hai0="99,109,59,38,81,122,62,114,96,105,46,108,124" hai1="43,133,56,84,54,0,79,87,45,104,110,115,73" hai2="85,48,1,107,44,2,63,82,41,35,98,113,88" hai3=""/><V55/><F35/><T103/><N who="0" m="31264" /><T106/><D114/><U66/><E110/><V68/><F113/><T95/><D124/><U134/><E115/><V131/><F131/><T50/><D81/><U36/><E0/><V118/><F118/><T57/><D38/><U83/><E104/><V32/><F32/><T135/><D135/><N who="1" m="51723" /><E66/><V77/><F68/><T127/><D127/><U90/><E90/><V125/><F125/><T69/><D69/><U33/><E33/><V130/><F130/><T61/><D61/><AGARI ba="2,1" hai="36,43,45,54,56,61,73,79,83,84,87" m="51723" machi="61" ten="30,1000,0" yaku="20,1" doraHai="111" who="1" fromWho="0" sc="750,-14,147,24,143,0,0,0" owari="736,69.0,171,-23.0,143,-46.0,0,0.0" /></mjloggm>