<mjloggm ver="2.3"><GO type="169" lobby="0"/><UN n0="%E3%81%8A%E3%81%8A%E3%81%8F%E3%81%95" n1="%E3%81%8B%E3%81%8B%E3%81%8B%E3%81%8B" n2="%74%75%63%6B%62%6F%63%6B" n3="%E3%82%A2%E3%83%A1%E3%83%B3%E3%83%9D%E3%81%A6%E3%81%B5" dan="17,16,17,17" rate="2213.84,2159.42,2106.95,2223.17" sx="M,M,M,M"/><TAIKYOKU oya="0"/><INIT seed="0,0,0,4,2,12" ten="250,250,250,250" oya="0" hai0="51,46,35,75,45,42,78,11,29,123,52,119,115" hai1="77,90,105,3,17,107,26,5,62,86,116,53,23" hai2="25,76,84,18,134,88,114,101,50,60,9,10,15" hai3="80,0,14,133,93,65,59,89,129,39,130,81,64"/><T27/><D123/><U120/><E116/><V2/><F114/><W111/><G0/><T121/><D121/><U30/><E120/><V113/><F113/><W32/><G39/><T127/><D115/><U103/><E77/><V1/><F101/><W47/><G32/><T74/><D119/><U66/><E53/><V87/><F134/><W91/><G133/><T21/><D127/><U82/><E103/><V4/><F25/><W56/><G47/><T131/><D131/><N who="3" m="50185" /><G111/><T43/><D78/><U132/><E132/><V19/><F60/><W98/><G14/><T97/><D97/><U79/><E30/><V36/><F36/><W112/><G91/><T109/><D109/><U31/><E31/><V68/><F68/><W124/><G124/><T55/><D11/><U135/><E135/><V44/><F2/><W48/><G48/><T70/><D70/><U34/><E34/><V13/><F76/><W61/><G112/><T126/><D126/><U58/><E5/><N who="2" m="3279" /><F1/><W22/><G22/><T108/><D108/><U67/><E3/><V37/><F37/><W33/><G33/><T54/><REACH who="0" step="1"/><D35/><REACH who="0" ten="240,250,250,250" step="2"/><U94/><REACH who="1" step="1"/><E67/><REACH who="1" ten="240,240,250,250" step="2"/><V104/><F104/><W99/><G65/><T8/><D8/><U63/><E63/><V28/><F28/><W16/><G64/><T69/><D69/><U96/><AGARI ba="0,2" hai="17,23,26,58,62,66,79,82,86,90,94,96,105,107" machi="96" ten="20,8000,1" yaku="1,1,0,1,7,1,52,1,53,1" doraHai="12" doraHaiUra="20" who="1" fromWho="1" sc="240,-40,240,100,250,-20,250,-20" /><INIT seed="1,0,0,2,5,41" ten="200,340,230,230" oya="1" hai0="132,79,46,25,72,5,8,113,80,134,87,95,9" hai1="26,89,73,82,109,108,36,39,31,49,65,16,115" hai2="68,6,76,101,131,33,58,106,18,64,67,23,60" hai3="11,20,111,123,32,90,114,57,40,70,28,15,35"/><U124/><E115/><V71/><F33/><W122/><G70/><T21/><D113/><U118/><E118/><V2/><F131/><W129/><G40/><T74/><D8/><U91/><E124/><V78/><F2/><W34/><G57/><T54/><D95/><U126/><E126/><V69/><F6/><N who="3" m="3575" /><G90/><N who="1" m="34314" /><E65/><V4/><F4/><W51/><G51/><T63/><D63/><U94/><E94/><V37/><F37/><W100/><G100/><T10/><D10/><U119/><E119/><V48/><F106/><W81/><G81/><T133/><D9/><U43/><E82/><V130/><F101/><W121/><G114/><T125/><D5/><U29/><E73/><V107/><F130/><W92/><G92/><T88/><D125/><U104/><E104/><V112/><F112/><W38/><G38/><N who="1" m="14378" /><E43/><V75/><F107/><W128/><G128/><T93/><D74/><U120/><E49/><V1/><F75/><W105/><G105/><T27/><D21/><U86/><E86/><V0/><F78/><W19/><G129/><T7/><D7/><U102/><E102/><V66/><F76/><W59/><G32/><T56/><D56/><U116/><E116/><V24/><REACH who="2" step="1"/><F48/><AGARI ba="0,0" hai="25,27,46,48,54,72,79,80,87,88,93,132,133,134" machi="48" ten="40,5200,0" yaku="20,1,52,1,54,1" doraHai="41" who="0" fromWho="2" sc="200,52,340,0,230,-52,230,0" /><INIT seed="2,0,0,1,2,70" ten="252,340,178,230" oya="2" hai0="77,57,66,109,84,81,22,87,108,96,42,133,21" hai1="30,67,51,78,36,127,116,12,54,10,47,125,99" hai2="1,90,46,11,63,131,106,75,82,115,29,58,94" hai3="23,61,34,45,134,9,65,79,74,14,105,129,98"/><V132/><F115/><W4/><G34/><T19/><D133/><U85/><E116/><V40/><F106/><W16/><G134/><T76/><D42/><U91/><E78/><V18/><F132/><W26/><G129/><T7/><D7/><U95/><E67/><V68/><F68/><W5/><G74/><T121/><D121/><U103/><E30/><V89/><F29/><W83/><G105/><T92/><D66/><U27/><E27/><V118/><F118/><W17/><G98/><T53/><D22/><U52/><E54/><V69/><F69/><W35/><G35/><T130/><D130/><U59/><E36/><V107/><F107/><W28/><G28/><T56/><D56/><U128/><E59/><V124/><F131/><W62/><G65/><T39/><D39/><U15/><E128/><V111/><F124/><N who="1" m="47689" /><E10/><V38/><F94/><AGARI ba="0,0" hai="12,15,47,51,52,85,91,94,95,99,103" m="47689" machi="94" ten="30,2000,0" yaku="18,1,54,1" doraHai="70" who="1" fromWho="2" sc="252,0,340,20,178,-20,230,0" /><INIT seed="3,0,0,3,5,100" ten="252,360,158,230" oya="3" hai0="45,128,105,131,42,126,30,68,83,24,90,35,23" hai1="130,43,91,2,28,125,20,74,110,29,99,109,98" hai2="78,101,44,77,122,76,17,40,61,75,115,124,48" hai3="72,8,22,7,108,86,9,39,32,25,119,70,84"/><W10/><G119/><T36/><D126/><U82/><E2/><V14/><F115/><W5/><G39/><T51/><D68/><U16/><E130/><V19/><F124/><W0/><G70/><T88/><D105/><U112/><E112/><V62/><F75/><W13/><G72/><T53/><D35/><U107/><E43/><V80/><F122/><W103/><G103/><T21/><D21/><U56/><E56/><V87/><F101/><W132/><G132/><T96/><D96/><N who="1" m="36907" /><E107/><V50/><F50/><W12/><G108/><N who="1" m="41578" /><E125/><V129/><F129/><N who="0" m="49738" /><D83/><U11/><E11/><N who="3" m="4170" /><G86/><T104/><D104/><U71/><E71/><V33/><F33/><W18/><G84/><T52/><D53/><U134/><E134/><V15/><F15/><N who="3" m="5707" /><G5/><T89/><D89/><U120/><E120/><V94/><F94/><W3/><G0/><T123/><D123/><U117/><E117/><V102/><F102/><W4/><G4/><T93/><D93/><U92/><E82/><V97/><F97/><W6/><G6/><T95/><D95/><U59/><E74/><V34/><F34/><AGARI ba="0,0" hai="3,7,10,18,22,25,32,34" m="5707,4170" machi="34" ten="30,12000,1" yaku="35,5" doraHai="100" who="3" fromWho="2" sc="252,0,360,0,158,-120,230,120" /><INIT seed="3,1,0,1,1,128" ten="252,360,38,350" oya="3" hai0="74,53,28,25,123,20,99,106,36,23,58,69,5" hai1="51,82,127,88,1,121,66,97,104,73,131,7,90" hai2="61,39,76,48,135,86,9,107,12,71,119,38,42" hai3="112,27,22,18,64,3,19,30,0,102,117,96,47"/><W122/><G122/><T50/><D123/><U115/><E121/><V72/><F119/><W16/><G117/><T45/><D74/><U37/><E115/><V126/><F107/><W100/><G112/><T44/><D69/><U4/><E37/><V62/><F72/><W130/><G130/><T24/><D5/><U11/><E131/><V41/><F126/><W40/><G64/><T101/><REACH who="0" step="1"/><D36/><REACH who="0" ten="242,360,38,350" step="2"/><U65/><E7/><V14/><F71/><W81/><G3/><T113/><D113/><U105/><E4/><V59/><F39/><W84/><G0/><T68/><D68/><U133/><E1/><V63/><F38/><W57/><G57/><T108/><D108/><U70/><E70/><V110/><F110/><W21/><G47/><T103/><D103/><U83/><E73/><V92/><F59/><W26/><G40/><T93/><D93/><U17/><E127/><V10/><F92/><N who="3" m="58375" /><G102/><T55/><D55/><U129/><E129/><V13/><F42/><W125/><G125/><T114/><D114/><U116/><E104/><V33/><F33/><W80/><G80/><T46/><D46/><U77/><E105/><V2/><F2/><W35/><G35/><T94/><D94/><U49/><E82/><N who="2" m="47431" /><F135/><W52/><G52/><T132/><D132/><U34/><E133/><V29/><F29/><AGARI ba="1,1" hai="20,23,24,25,28,29,44,45,50,53,58,99,101,106" machi="29" ten="30,3900,0" yaku="1,1,7,1,9,1,53,0" doraHai="128" doraHaiUra="75" who="0" fromWho="2" sc="242,52,360,0,38,-42,350,0" owari="294,-11.0,360,46.0,-4,-50.0,350,15.0" /></mjloggm>