<mjloggm ver="2.3"><GO type="169" lobby="0"/><UN n0="%E3%81%A1%E3%82%87%E3%82%8A%E3%81%8A" n1="%73%41%67%61%E3%81%95%E3%82%93" n2="%E5%BD%BC%E5%A5%B3%E6%AC%B2%E3%81%97%E3%81%84%E3%82%88" n3="%E2%80%A0%E7%99%BD%E5%85%8E%E2%80%A0" dan="18,16,16,16" rate="2193.34,2072.05,2165.58,2133.72" sx="M,M,M,M"/><TAIKYOKU oya="0"/><INIT seed="0,0,0,3,4,116" ten="250,250,250,250" oya="0" hai0="41,1,126,77,90,83,59,125,70,135,73,44,48" hai1="31,89,123,120,91,65,93,69,88,104,98,79,107" hai2="129,81,117,45,97,30,71,14,86,92,5,122,64" hai3="46,12,133,128,6,38,66,78,61,26,82,119,87"/><T134/><D1/><U54/><E31/><V10/><F117/><W20/><G119/><T96/><D70/><U0/><E0/><V110/><F110/><W47/><G128/><T68/><D68/><U2/><E2/><V111/><F111/><W9/><G38/><T131/><D59/><U52/><E65/><V17/><F129/><W76/><G133/><N who="0" m="50699" /><D131/><U3/><E3/><V28/><F122/><N who="1" m="46633" /><E69/><V132/><F132/><W50/><G78/><T57/><D57/><U94/><E79/><V51/><F71/><W67/><G61/><T74/><D74/><U27/><E27/><V35/><F64/><W72/><G47/><T7/><D7/><U114/><E114/><V100/><F35/><W37/><G72/><T101/><D90/><U49/><E49/><V13/><F13/><W85/><G37/><T34/><D34/><U58/><E58/><V25/><F25/><W24/><G24/><T29/><D29/><U60/><E60/><V106/><F106/><AGARI ba="0,0" hai="41,44,48,73,77,83,96,101,106,125,126" m="50699" machi="106" ten="30,1500,0" yaku="20,1" doraHai="116" who="0" fromWho="2" sc="250,15,250,0,250,-15,250,0" /><INIT seed="0,1,0,0,0,84" ten="265,250,235,250" oya="0" hai0="39,115,127,72,87,31,20,65,133,99,132,71,79" hai1="123,80,131,66,107,124,104,48,37,93,44,86,110" hai2="64,101,1,88,3,30,36,128,18,52,5,85,4" hai3="91,12,17,59,130,58,77,38,40,32,24,0,51"/><T116/><D116/><U46/><E66/><V73/><F128/><W41/><G130/><T57/><D115/><U60/><E131/><V47/><F73/><W45/><G0/><T94/><D39/><U10/><E60/><V61/><F101/><W111/><G77/><T82/><D71/><U2/><E123/><V8/><F30/><W28/><G111/><T43/><D43/><U68/><E68/><V11/><F18/><W69/><G69/><T90/><D127/><U121/><E93/><V6/><F6/><W105/><G105/><T50/><D31/><U119/><E124/><V75/><F75/><W62/><G62/><T98/><D20/><U35/><E110/><V63/><F64/><W34/><G34/><T108/><D108/><U22/><E22/><V25/><F25/><W42/><G91/><T27/><D27/><U21/><E21/><V114/><F114/><W135/><G135/><N who="0" m="51787" /><D65/><U26/><E26/><V16/><F16/><W49/><G38/><T103/><D57/><U14/><E2/><V122/><F122/><W67/><G67/><T100/><D50/><U7/><E35/><V112/><F112/><W106/><G106/><N who="0" m="63767" /><D72/><U118/><E121/><V89/><F63/><W120/><G120/><T95/><D79/><N who="1" m="46367" /><E118/><V29/><F29/><W53/><G51/><T13/><D13/><U70/><E70/><V54/><F36/><W126/><G126/><T83/><AGARI ba="1,0" hai="82,83,87,90,94,95,99,103" m="63767,51787" machi="83" ten="30,11700,0" yaku="20,1,34,2,52,1" doraHai="84" who="0" fromWho="0" sc="265,120,250,-40,235,-40,250,-40" /><INIT seed="0,2,0,4,3,2" ten="385,210,195,210" oya="0" hai0="89,68,61,131,28,74,35,11,82,20,43,16,29" hai1="53,65,107,84,96,85,47,36,91,121,126,106,30" hai2="10,103,14,64,31,15,134,57,69,113,94,87,104" hai3="120,32,115,40,23,125,99,93,56,76,38,18,119"/><T33/><D43/><U95/><E126/><V12/><F113/><W25/><G119/><T27/><D131/><U37/><E121/><V130/><F130/><W1/><G125/><T59/><D68/><U13/><E30/><V51/><F134/><W118/><G118/><T110/><D110/><U117/><E117/><V3/><F31/><W67/><G115/><T86/><D74/><U112/><E65/><V73/><F73/><W42/><G32/><T135/><D135/><U70/><E70/><V75/><F75/><W124/><G124/><T55/><D29/><U81/><E85/><V50/><F69/><W5/><G76/><T9/><REACH who="0" step="1"/><D35/><REACH who="0" ten="375,210,195,210" step="2"/><U102/><E112/><V60/><F104/><W21/><G42/><T80/><D80/><U90/><E107/><V45/><F94/><W129/><G129/><T0/><D0/><U109/><E109/><V54/><F3/><W17/><G40/><T52/><D52/><U97/><E37/><V116/><F54/><W44/><G38/><T122/><D122/><U101/><E36/><V7/><F116/><W88/><G120/><T63/><D63/><U79/><E53/><V48/><F60/><N who="3" m="38279" /><G1/><T24/><AGARI ba="2,1" hai="9,11,16,20,24,27,28,33,55,59,61,82,86,89" machi="24" ten="20,7800,0" yaku="1,1,0,1,7,1,54,1,53,0" doraHai="2" doraHaiUra="62" who="0" fromWho="0" sc="375,94,210,-28,195,-28,210,-28" /><INIT seed="0,3,0,2,1,116" ten="469,182,167,182" oya="0" hai0="47,10,49,40,78,109,122,6,61,52,90,73,3" hai1="13,68,85,94,45,37,71,96,67,19,128,95,11" hai2="105,35,82,62,135,117,134,118,50,20,98,110,114" hai3="15,107,113,72,53,31,70,103,119,56,74,30,41"/><T42/><D122/><U12/><E128/><V127/><F35/><W91/><G70/><T124/><D124/><U8/><E67/><V48/><F20/><W81/><G113/><T89/><D109/><U130/><E130/><V92/><F62/><W23/><G119/><N who="2" m="45577" /><F48/><W26/><G41/><T21/><D21/><U112/><E112/><V7/><F50/><W9/><G31/><T54/><D42/><U0/><E0/><V79/><F7/><W115/><G115/><T58/><D54/><U33/><E33/><V29/><F29/><W102/><G107/><T77/><D77/><U22/><E22/><V123/><F114/><W17/><G74/><T59/><D59/><U24/><E24/><V108/><F127/><W131/><G131/><T63/><D63/><U133/><E133/><N who="2" m="50699" /><F123/><W93/><G53/><T36/><D61/><U97/><E45/><V5/><F5/><W84/><G56/><T106/><D106/><U104/><E104/><V57/><F57/><W75/><G75/><T44/><D47/><U43/><E43/><V126/><F105/><W111/><G111/><N who="2" m="42537" /><F126/><W1/><G1/><T83/><AGARI ba="3,0" hai="3,6,10,36,40,44,49,52,58,73,78,83,89,90" machi="83" ten="30,11700,0" yaku="0,1,25,2,54,1" doraHai="116" who="0" fromWho="0" sc="469,126,182,-42,167,-42,182,-42" /><INIT seed="0,4,0,2,2,15" ten="595,140,125,140" oya="0" hai0="40,16,112,123,27,118,105,131,133,62,121,13,12" hai1="0,26,100,78,18,117,82,79,84,41,124,7,30" hai2="29,25,90,4,69,70,101,74,47,106,110,77,71" hai3="132,14,58,64,120,10,99,11,59,49,83,88,104"/><T23/><D105/><U75/><E117/><V42/><F110/><W128/><G132/><T24/><D118/><U130/><E100/><V96/><F4/><W86/><G128/><T94/><D112/><U80/><E130/><V98/><F98/><W126/><G126/><T135/><D131/><U109/><E109/><V56/><F56/><W76/><G120/><N who="0" m="46155" /><D40/><U51/><E124/><V87/><F74/><W44/><G10/><T55/><D94/><U97/><E97/><V73/><F73/><W134/><G134/><N who="0" m="51211" /><D55/><U46/><E0/><V91/><F77/><W57/><G104/><T5/><D62/><U53/><E7/><V52/><F87/><W43/><G64/><T21/><D5/><U65/><E65/><V33/><REACH who="2" step="1"/><F52/><REACH who="2" ten="595,140,115,140" step="2"/><W103/><G103/><T116/><D116/><U50/><E53/><V35/><F35/><W127/><G127/><T85/><D85/><U45/><E45/><V9/><F9/><W38/><G99/><T2/><D2/><U31/><REACH who="1" step="1"/><E50/><AGARI ba="4,1" hai="25,29,33,42,47,50,69,70,71,90,91,96,101,106" machi="50" ten="40,1300,0" yaku="1,1,53,0" doraHai="15" doraHaiUra="8" who="2" fromWho="1" sc="595,0,140,-25,115,35,140,0" /><INIT seed="1,0,0,4,2,83" ten="595,115,150,140" oya="1" hai0="27,130,95,57,60,68,23,96,65,131,5,28,63" hai1="103,8,31,56,119,10,53,88,112,29,48,118,21" hai2="41,4,114,3,54,51,123,101,74,73,98,32,7" hai3="64,126,18,72,45,79,36,1,124,49,109,133,106"/><U55/><E112/><V11/><F123/><W86/><G106/><T128/><D5/><U120/><E103/><V61/><F114/><W17/><G36/><T19/><D19/><U125/><E120/><V66/><F32/><W113/><G113/><T76/><D76/><U108/><E125/><V34/><F34/><W12/><G1/><T25/><D25/><U132/><E132/><V92/><F4/><W46/><G109/><T9/><D9/><U135/><E135/><V102/><F102/><W105/><G105/><T44/><D44/><U58/><E21/><V85/><F41/><W13/><G133/><T40/><D40/><U69/><E69/><V75/><F85/><W99/><G99/><T62/><D68/><U67/><E67/><V94/><F94/><W84/><G79/><T134/><D134/><U110/><E48/><V22/><F22/><W16/><G64/><T77/><D77/><U20/><E20/><V81/><F81/><W70/><G70/><T80/><D80/><U35/><E35/><V111/><F111/><W71/><G71/><T43/><D43/><U33/><E33/><V50/><F66/><W127/><G72/><T121/><D121/><U97/><E97/><V78/><F78/><W116/><G116/><T100/><AGARI ba="0,0" hai="23,27,28,57,60,62,63,65,95,96,100,128,130,131" machi="100" ten="30,7900,0" yaku="0,1,25,2,19,1" doraHai="83" who="0" fromWho="0" sc="595,79,115,-39,150,-20,140,-20" /><INIT seed="2,0,0,2,4,75" ten="674,76,130,120" oya="2" hai0="5,50,58,65,70,77,129,16,98,86,100,55,93" hai1="135,109,68,89,82,130,40,19,73,52,22,79,26" hai2="46,30,78,83,14,123,59,29,43,113,28,80,116" hai3="7,106,94,103,110,76,133,111,57,96,120,88,2"/><V37/><F113/><W105/><G2/><T33/><D33/><U61/><E130/><V66/><F116/><W9/><G120/><T21/><D5/><U125/><E109/><N who="3" m="41482" /><G57/><T95/><D70/><U48/><E135/><V122/><F14/><N who="3" m="5439" /><G133/><T10/><D10/><U36/><E125/><V35/><F35/><W84/><G76/><T118/><D129/><U62/><E68/><V60/><REACH who="2" step="1"/><F83/><AGARI ba="0,0" hai="83,84,88,94,96,103,105,106" m="5439,41482" machi="83" ten="30,2000,0" yaku="14,1,54,1" doraHai="75" who="3" fromWho="2" sc="674,0,76,0,130,-20,120,20" /><INIT seed="3,0,0,2,1,107" ten="674,76,110,140" oya="3" hai0="43,69,124,18,86,92,53,119,130,98,19,73,109" hai1="102,22,120,70,13,32,93,46,40,10,85,26,125" hai2="64,4,122,63,80,72,95,38,16,117,133,35,27" hai3="94,75,96,23,21,49,114,55,34,15,51,126,65"/><W66/><G114/><T131/><D119/><U62/><E32/><V57/><F117/><W97/><G34/><T116/><D116/><U128/><E125/><V50/><F133/><W6/><G126/><T9/><D69/><U83/><E120/><V2/><F122/><W68/><G68/><T42/><D109/><U134/><E128/><V105/><F38/><W84/><G75/><T31/><D31/><U123/><E123/><V111/><F111/><W7/><G84/><T132/><D132/><U56/><E70/><V113/><F105/><W67/><G94/><T5/><D86/><U11/><E134/><V33/><F113/><W77/><G77/><T112/><D112/><U48/><E93/><V78/><F50/><N who="3" m="18955" /><G55/><T0/><D53/><U101/><E56/><V110/><F110/><W30/><G15/><T100/><D73/><U37/><E62/><V8/><REACH who="2" step="1"/><F95/><REACH who="2" ten="674,76,100,140" step="2"/><W24/><G23/><AGARI ba="0,1" hai="2,4,8,16,23,27,33,35,57,63,64,72,78,80" machi="23" ten="40,8000,1" yaku="1,1,2,1,52,1,54,1,53,0" doraHai="107" doraHaiUra="81" who="2" fromWho="3" sc="674,0,76,0,100,90,140,-80" /><INIT seed="4,0,0,4,0,114" ten="674,76,190,60" oya="0" hai0="53,127,61,128,1,43,76,46,17,79,19,130,124" hai1="20,5,45,47,97,118,25,120,34,116,12,54,21" hai2="84,89,9,95,72,48,32,98,13,56,15,74,83" hai3="38,113,131,49,36,10,51,129,107,24,88,39,2"/><T109/><D1/><U29/><E120/><V99/><F32/><W64/><G107/><T68/><D76/><U100/><E47/><V65/><F74/><W75/><G75/><T18/><D109/><U50/><E34/><V87/><F72/><W132/><G113/><T135/><D79/><U90/><E90/><V125/><F125/><N who="0" m="48202" /><D53/><U82/><E82/><V102/><F87/><W122/><G64/><T0/><D0/><U86/><E86/><V101/><F9/><W123/><G24/><T126/><N who="0" m="48210" /><T115/><DORA hai="44" /><D115/><U27/><E12/><V121/><F121/><N who="3" m="46091" /><G132/><T78/><D78/><U57/><E5/><V31/><F31/><W23/><G23/><T106/><D106/><U52/><E25/><V33/><F33/><W134/><G88/><T73/><D73/><U66/><E66/><V104/><F65/><W6/><G134/><T55/><D68/><U103/><E21/><V92/><F104/><W133/><G133/><T80/><D80/><U7/><E7/><V16/><F16/><W40/><G40/><T93/><D93/><U70/><E70/><V91/><F91/><W42/><G42/><T117/><D117/><U69/><E69/><V37/><F37/><W112/><G112/><T110/><D110/><U8/><E8/><V35/><F35/><W81/><G81/><T67/><D135/><U85/><E85/><V14/><F83/><W11/><G10/><T94/><D94/><N who="1" m="58423" /><E103/><N who="2" m="60871" /><F84/><W60/><G60/><T30/><D67/><U105/><E105/><V96/><F96/><W111/><G111/><T108/><D108/><U4/><E4/><RYUUKYOKU ba="0,0" sc="674,-30,76,10,190,10,60,10" hai1="20,27,29,45,50,52,54,57,116,118" hai2="13,14,15,48,56,89,95,99,101,102" hai3="2,6,11,36,38,39,49,51,129,131" /><INIT seed="5,1,0,2,3,121" ten="644,86,200,70" oya="1" hai0="123,117,11,90,9,119,112,94,86,60,133,76,58" hai1="109,6,50,88,135,134,63,29,126,64,82,103,42" hai2="19,81,78,26,56,37,55,25,106,5,111,127,91" hai3="122,52,41,61,72,98,40,124,39,71,104,93,118"/><U7/><E29/><V85/><F111/><W66/><G122/><T129/><D112/><U15/><E103/><V83/><F127/><W97/><G124/><T24/><D123/><U45/><E126/><V89/><F37/><W120/><G120/><T0/><D129/><U73/><E15/><V1/><F106/><W13/><G118/><T18/><D133/><N who="1" m="50699" /><E73/><V62/><F1/><W74/><G104/><T108/><D108/><U27/><E27/><V43/><F5/><W110/><G110/><T95/><D76/><U132/><N who="1" m="50707" /><U77/><DORA hai="57" /><E77/><V99/><F43/><W22/><G41/><T131/><D131/><U48/><E48/><V100/><F19/><W116/><G116/><T59/><D0/><U105/><E105/><V125/><F125/><W65/><G40/><T80/><D119/><U115/><E115/><V114/><F114/><W35/><G35/><T128/><D128/><U10/><E10/><N who="0" m="3593" /><D59/><N who="1" m="36991" /><E109/><V23/><F23/><W130/><G39/><T102/><D102/><U17/><E17/><V79/><F79/><W2/><G13/><T51/><D51/><U31/><E31/><V53/><F100/><W84/><G2/><T75/><D75/><U34/><E34/><V46/><F78/><W38/><G38/><T92/><D117/><U54/><E42/><V96/><F25/><W32/><G32/><T14/><D24/><U30/><E30/><V70/><F26/><W20/><G130/><T101/><D101/><U12/><E12/><V49/><F70/><W68/><G74/><T8/><D58/><U28/><E28/><V67/><F67/><RYUUKYOKU ba="1,0" sc="644,10,86,10,200,10,70,-30" hai0="8,14,18,60,80,86,90,92,94,95" hai1="6,7,45,50,54,82,88" hai2="46,49,53,55,56,62,81,83,85,89,91,96,99" /><INIT seed="5,2,0,2,2,9" ten="654,96,210,40" oya="1" hai0="33,28,95,111,22,67,105,54,78,35,64,68,96" hai1="61,125,21,57,113,83,6,128,3,131,39,14,49" hai2="52,15,16,82,94,107,104,27,74,126,44,84,56" hai3="118,129,103,77,66,58,30,31,132,70,17,36,51"/><U127/><E3/><V23/><F126/><N who="1" m="48137" /><E39/><V100/><F74/><W4/><G129/><N who="1" m="49738" /><E49/><V63/><F107/><W86/><G132/><T106/><D111/><U71/><E71/><V0/><F104/><W91/><G118/><T37/><D37/><U38/><E38/><V89/><F0/><W101/><G36/><T25/><D68/><U1/><E1/><V130/><F130/><W62/><G4/><T97/><D106/><U5/><E113/><V29/><F44/><W115/><G77/><T102/><D78/><U110/><E83/><V47/><F47/><W41/><G115/><T135/><D135/><U42/><E42/><V116/><F116/><W20/><G70/><T69/><D69/><U50/><E50/><V40/><F40/><W48/><G48/><T43/><D43/><U10/><E21/><N who="2" m="15599" /><F100/><N who="3" m="38475" /><G51/><T134/><D35/><U109/><E5/><V11/><F82/><N who="3" m="49623" /><G41/><T65/><D33/><U34/><E34/><V8/><AGARI ba="2,0" hai="8,11,15,16,23,52,56,63,84,89,94" m="15599" machi="8" ten="30,7900,0" yaku="8,1,52,1,54,2" doraHai="9" who="2" fromWho="2" sc="654,-22,96,-41,210,85,40,-22" /><INIT seed="6,0,0,0,1,102" ten="632,55,295,18" oya="2" hai0="71,89,132,86,25,8,16,50,13,116,76,48,30" hai1="101,3,56,21,44,134,97,135,109,70,78,95,122" hai2="61,133,22,108,123,82,63,77,60,107,7,31,55" hai3="2,14,79,126,100,94,83,58,67,121,69,118,66"/><V12/><F123/><W49/><G2/><T113/><D71/><U111/><E3/><V120/><F120/><W41/><G121/><T6/><D113/><U92/><E70/><V127/><F127/><W131/><G118/><T40/><D116/><U35/><E35/><V98/><F133/><N who="1" m="50697" /><E44/><V54/><F108/><N who="1" m="41545" /><E21/><V42/><F42/><W112/><G112/><T99/><D132/><U64/><E64/><N who="3" m="24618" /><G131/><T29/><D76/><U115/><E115/><V17/><F7/><W129/><G129/><T81/><D99/><N who="1" m="59623" /><E56/><V62/><F31/><N who="0" m="11786" /><D40/><U74/><E122/><V128/><F128/><W53/><G126/><T104/><D104/><U119/><E119/><V124/><F124/><W52/><G69/><T33/><D33/><U84/><E84/><V20/><F20/><AGARI ba="0,0" hai="6,8,13,16,20,25,48,50,81,86,89" m="11786" machi="20" ten="30,2000,0" yaku="8,1,54,1" doraHai="102" who="0" fromWho="2" sc="632,20,55,0,295,-20,18,0" /><INIT seed="7,0,0,3,5,70" ten="652,55,275,18" oya="3" hai0="28,126,99,90,31,38,80,81,49,62,45,121,35" hai1="128,16,3,103,133,69,73,32,79,15,127,96,102" hai2="24,58,56,46,92,106,25,5,36,84,98,64,17" hai3="109,120,72,4,19,105,110,134,47,115,97,83,123"/><W100/><G4/><T85/><D121/><N who="3" m="46665" /><G19/><T93/><D38/><U65/><E3/><V21/><F5/><W30/><G30/><N who="0" m="11307" /><D126/><U63/><E127/><V116/><F17/><W27/><G27/><T9/><D35/><U89/><E32/><V50/><F25/><W39/><G115/><T41/><D9/><U114/><E114/><V34/><F24/><W119/><G119/><T2/><D2/><U82/><E133/><V68/><F34/><W23/><G23/><T20/><D20/><U0/><E0/><V95/><F21/><W40/><G134/><T122/><D122/><U67/><E67/><V8/><F8/><W132/><G132/><T7/><D7/><U18/><E18/><V14/><F14/><W6/><G6/><T86/><D62/><U113/><E113/><V101/><F116/><W37/><G37/><T33/><D33/><U94/><E128/><V44/><F36/><W59/><G59/><T108/><D80/><U11/><AGARI ba="0,0" hai="11,15,16,63,65,69,73,79,82,89,94,96,102,103" machi="11" ten="20,2700,0" yaku="0,1,7,1,54,1" doraHai="70" who="1" fromWho="1" sc="652,-7,55,27,275,-7,18,-13" owari="645,74.0,82,-32.0,268,7.0,5,-49.0" /></mjloggm>