<mjloggm ver="2.3"><GO type="169" lobby="0"/><UN n0="%E5%A4%A7%E5%AE%AE%E5%BF%8D%76" n1="%E3%82%82%E3%81%BF%E3%81%95%E3%81%92" n2="%77%69%6C%73%6F%6E" n3="%E3%81%A6%E3%82%93%E3%81%A6%E3%81%93%E7%8B%90" dan="17,16,16,16" rate="2207.24,2115.70,2136.92,2164.58" sx="M,M,M,M"/><TAIKYOKU oya="0"/><INIT seed="0,0,0,3,2,12" ten="250,250,250,250" oya="0" hai0="93,69,75,104,135,105,77,47,39,23,116,98,32" hai1="21,16,14,106,96,83,8,73,57,49,108,68,7" hai2="48,117,94,62,102,63,25,99,90,33,46,55,1" hai3="53,111,124,15,91,29,24,36,72,64,115,86,97"/><T121/><D116/><U100/><E108/><V50/><F1/><W3/><G72/><T112/><D112/><U125/><E125/><V56/><F117/><W10/><G36/><T119/><D119/><U35/><E35/><V19/><F33/><W130/><G64/><T6/><D32/><U13/><E68/><V38/><F38/><W54/><G3/><T70/><D121/><U84/><E73/><V78/><F78/><W87/><G115/><T59/><D77/><U107/><E49/><V67/><F102/><W110/><G97/><T4/><D75/><U0/><E57/><V34/><F34/><N who="3" m="20775" /><G86/><T129/><D98/><U40/><E40/><V42/><REACH who="2" step="1"/><F67/><REACH who="2" ten="250,250,240,250" step="2"/><W132/><G124/><T5/><D39/><U43/><E0/><V134/><F134/><W28/><G132/><T114/><D135/><U76/><E43/><V66/><F66/><W44/><G54/><T133/><D133/><U95/><AGARI ba="0,1" hai="7,8,13,14,16,21,76,83,84,95,96,100,106,107" machi="95" ten="20,5200,0" yaku="0,1,7,1,52,1,54,1" doraHai="12" who="1" fromWho="1" sc="250,-26,250,62,240,-13,250,-13" /><INIT seed="1,0,0,5,0,103" ten="224,312,227,237" oya="1" hai0="98,2,31,118,59,125,12,123,18,68,23,117,42" hai1="111,92,6,21,38,77,26,7,100,102,34,130,14" hai2="40,64,119,114,126,13,73,83,33,56,51,20,78" hai3="29,121,97,89,90,112,60,84,99,0,53,129,107"/><U81/><E34/><V28/><F119/><W47/><G0/><T96/><D68/><U87/><E38/><V5/><F33/><W120/><G29/><T85/><D2/><U101/><E130/><V110/><F110/><W91/><G60/><T113/><D113/><U3/><E3/><V74/><F126/><W8/><G8/><T69/><D69/><U48/><E111/><V63/><F114/><W76/><G53/><T9/><D125/><U39/><E39/><V104/><F28/><W16/><G16/><T131/><D131/><U124/><E124/><V116/><F116/><W25/><G25/><T10/><D123/><N who="3" m="47177" /><G47/><T72/><D72/><U55/><E92/><V80/><F5/><W36/><G36/><T11/><D42/><U58/><REACH who="1" step="1"/><E14/><REACH who="1" ten="224,302,227,237" step="2"/><V122/><F13/><W65/><G129/><T32/><D118/><U95/><E95/><V133/><F122/><W93/><G112/><T19/><D117/><U88/><E88/><V82/><F133/><W15/><G15/><T132/><D132/><U128/><E128/><V109/><F109/><W127/><G127/><T50/><D32/><U27/><E27/><V1/><F1/><W30/><G91/><T79/><D12/><U108/><E108/><V135/><F135/><W24/><G90/><T41/><D79/><U61/><E61/><V46/><F78/><W66/><G76/><T37/><D37/><U67/><E67/><N who="3" m="25610" /><G107/><T134/><D134/><U43/><E43/><V35/><F104/><W57/><G89/><T62/><D62/><U75/><E75/><N who="2" m="28683" /><F35/><W106/><G106/><T105/><D105/><RYUUKYOKU ba="0,1" sc="224,-15,302,15,227,15,237,-15" hai1="6,7,21,26,48,55,58,77,81,87,100,101,102" hai2="20,40,46,51,56,63,64,80,82,83" /><INIT seed="1,1,1,2,0,29" ten="209,317,242,222" oya="1" hai0="64,119,123,79,12,18,41,109,68,15,50,8,33" hai1="131,118,94,87,46,67,59,25,112,38,97,54,102" hai2="99,32,85,45,72,120,10,71,132,96,53,92,78" hai3="91,70,95,30,5,43,13,58,128,101,48,125,134"/><U0/><E118/><V21/><F120/><W129/><G70/><T84/><D119/><U49/><E112/><V27/><F71/><W55/><G125/><T111/><D123/><U83/><E131/><V86/><F132/><W3/><G134/><T11/><D64/><U51/><E0/><V110/><F110/><W81/><G3/><T121/><D68/><U42/><E38/><V1/><F72/><W77/><G101/><T57/><D121/><U65/><REACH who="1" step="1"/><E25/><REACH who="1" ten="209,307,242,222" step="2"/><V63/><F1/><W108/><G129/><T76/><D109/><U9/><E9/><V113/><F10/><W39/><G108/><T93/><D111/><U26/><E26/><V28/><F113/><W22/><G128/><T61/><D11/><U7/><E7/><V133/><F133/><W115/><G115/><T40/><D8/><U52/><E52/><V130/><F130/><W23/><G5/><T34/><D41/><U60/><E60/><V36/><F36/><W47/><G13/><T31/><D40/><U126/><E126/><V4/><F4/><W17/><G17/><T100/><D61/><U114/><E114/><V90/><F63/><W14/><G14/><T106/><D18/><U127/><E127/><V2/><F2/><W20/><G30/><T66/><D31/><U73/><E73/><V24/><F24/><W69/><G39/><T37/><D37/><U6/><E6/><V116/><F116/><W74/><G43/><T122/><D122/><U35/><E35/><V80/><F32/><W104/><G55/><N who="0" m="31991" /><D34/><U107/><E107/><V98/><F53/><N who="3" m="29855" /><G104/><T105/><D106/><RYUUKYOKU ba="1,2" sc="209,-15,307,15,242,15,222,-15" hai1="42,46,49,51,54,59,65,67,83,87,94,97,102" hai2="21,27,28,45,78,80,85,86,90,92,96,98,99" /><INIT seed="1,2,2,0,1,97" ten="194,322,257,207" oya="1" hai0="119,98,110,9,109,14,73,52,31,132,118,57,106" hai1="80,41,103,56,8,92,113,77,68,10,40,107,135" hai2="29,5,50,60,71,87,84,45,127,59,64,128,6" hai3="37,44,63,67,34,38,120,93,81,134,122,55,27"/><U13/><E68/><V26/><F127/><W22/><G34/><T58/><D73/><U18/><E113/><V33/><F128/><W23/><G134/><T35/><D132/><U131/><E131/><V78/><F71/><W12/><G81/><T102/><D57/><U94/><E135/><V0/><F0/><W25/><G12/><T91/><D91/><U95/><E56/><V86/><REACH who="2" step="1"/><F78/><REACH who="2" ten="194,322,247,207" step="2"/><W125/><G125/><T88/><D118/><U7/><E77/><V53/><AGARI ba="2,3" hai="5,6,26,29,33,45,50,53,59,60,64,84,86,87" machi="53" ten="30,4000,0" yaku="1,1,2,1,0,1,53,0" doraHai="97" doraHaiUra="69" who="2" fromWho="2" sc="194,-12,322,-22,247,76,207,-12" /><INIT seed="2,0,0,4,1,41" ten="182,300,323,195" oya="2" hai0="117,37,4,16,55,1,52,60,36,128,40,108,32" hai1="123,88,45,64,120,121,5,25,116,28,127,113,59" hai2="24,98,66,135,106,71,8,112,102,34,38,49,15" hai3="110,81,131,79,97,75,90,51,122,126,68,9,67"/><V48/><F112/><W21/><G122/><T6/><D32/><U105/><E116/><V27/><F38/><W58/><G110/><T14/><D108/><U84/><E113/><V132/><F49/><W101/><G131/><T61/><D117/><U77/><E127/><V83/><F83/><W103/><G126/><T74/><D74/><U111/><E111/><V33/><F27/><W63/><G21/><T76/><D76/><U30/><E105/><V57/><F71/><W39/><G39/><T50/><D128/><U56/><E77/><V134/><F24/><W22/><G22/><T0/><D40/><U43/><E5/><V11/><F11/><W87/><G9/><T96/><D50/><N who="1" m="26943" /><E64/><V99/><F99/><W82/><G97/><T26/><D96/><U109/><E109/><V31/><F31/><N who="1" m="11817" /><E25/><V3/><F3/><W19/><G19/><T115/><D26/><U94/><AGARI ba="0,0" hai="56,59,84,88,94,120,121,123" m="11817,26943" machi="94" ten="40,5200,0" yaku="13,1,52,1,54,1" doraHai="41" who="1" fromWho="1" sc="182,-13,300,52,323,-26,195,-13" /><INIT seed="3,0,0,3,4,21" ten="169,352,297,182" oya="3" hai0="71,106,69,61,99,81,120,47,129,82,20,14,3" hai1="22,24,46,52,34,66,6,133,77,57,68,93,67" hai2="76,63,32,13,115,31,15,131,26,2,124,78,127" hai3="29,125,135,73,65,132,7,112,83,96,90,114,75"/><W28/><G65/><T108/><D120/><U53/><E133/><N who="3" m="51274" /><G7/><T74/><D3/><U87/><E34/><V102/><F102/><W1/><G1/><T9/><D108/><U0/><E0/><V40/><F40/><W72/><G28/><T4/><D129/><U123/><E6/><V79/><F115/><N who="3" m="44075" /><G29/><T113/><D113/><U25/><E123/><V126/><F131/><W18/><G18/><T130/><D130/><U121/><E121/><V43/><F2/><W54/><G54/><N who="1" m="21098" /><E22/><V10/><F10/><W60/><G60/><T45/><D61/><N who="1" m="38191" /><E68/><V44/><REACH who="2" step="1"/><F63/><REACH who="2" ten="169,352,287,182" step="2"/><W8/><G8/><T111/><D9/><U36/><E36/><AGARI ba="0,1" hai="13,15,26,31,32,36,43,44,76,78,79,124,126,127" machi="36" ten="50,8000,1" yaku="1,1,2,1,18,1,52,1,53,0" doraHai="21" doraHaiUra="118" who="2" fromWho="1" sc="169,0,352,-80,287,90,182,0" /><INIT seed="4,0,0,2,2,17" ten="169,272,377,182" oya="0" hai0="127,95,111,124,108,42,70,12,11,102,5,65,49" hai1="32,67,47,112,87,59,10,33,72,14,116,128,106" hai2="131,40,1,46,27,55,86,58,56,43,133,98,6" hai3="130,73,90,101,24,76,135,107,25,8,113,120,99"/><T129/><D129/><U37/><E72/><V21/><F131/><W23/><G130/><T74/><D74/><U85/><E106/><V62/><F133/><W45/><G113/><T18/><D65/><U121/><E121/><V134/><F134/><W31/><G135/><T119/><D70/><U84/><E116/><V34/><F34/><W28/><G120/><T94/><D119/><U110/><E110/><N who="0" m="42025" /><D102/><U35/><E112/><V16/><F1/><W82/><G8/><T115/><D115/><U19/><E128/><V122/><F122/><W22/><G45/><N who="0" m="25783" /><D5/><U91/><E67/><N who="2" m="39367" /><F6/><W36/><G90/><T29/><D29/><U57/><E91/><V53/><F98/><W63/><G63/><T79/><D79/><U4/><E4/><V103/><F103/><W118/><G118/><T13/><D13/><U105/><E105/><V109/><F109/><W117/><G117/><T69/><D69/><U15/><E15/><V64/><F64/><W93/><G36/><T51/><D51/><U44/><E37/><V71/><F71/><W38/><G38/><T75/><D75/><U96/><E14/><V88/><F46/><W2/><G107/><T52/><D52/><N who="2" m="20042" /><F58/><W104/><G104/><T100/><D100/><U50/><E57/><V97/><F97/><W80/><G2/><T89/><D89/><U30/><E96/><V0/><F0/><W114/><G114/><T20/><D11/><U48/><E10/><V77/><F77/><W26/><G26/><T9/><D9/><U66/><E66/><V78/><F78/><W83/><AGARI ba="0,0" hai="22,23,24,25,28,31,73,76,80,82,83,93,99,101" machi="83" ten="30,7900,0" yaku="0,1,9,1,52,2" doraHai="17" who="3" fromWho="3" sc="169,-39,272,-20,377,-20,182,79" /><INIT seed="5,0,0,1,2,58" ten="130,252,357,261" oya="1" hai0="65,26,51,86,71,92,81,111,73,102,96,4,125" hai1="30,55,107,83,79,52,84,113,31,91,85,99,50" hai2="89,27,103,78,67,14,23,94,80,66,127,74,40" hai3="122,109,82,104,135,108,110,42,59,20,32,119,124"/><U49/><E113/><V90/><F127/><W93/><G32/><T101/><D111/><U12/><E107/><V33/><F40/><W48/><G104/><T19/><D73/><U17/><E99/><V95/><F33/><W114/><G82/><T18/><D125/><U10/><E55/><V38/><F38/><W120/><G93/><T115/><D115/><U129/><E129/><V25/><F103/><W9/><G20/><T132/><D132/><U13/><E12/><V8/><F94/><W54/><G9/><T53/><D102/><U11/><E11/><V44/><F44/><N who="3" m="25623" /><G124/><T72/><D72/><U15/><E49/><V87/><F90/><W3/><G3/><T121/><D121/><U69/><E69/><V118/><F118/><W24/><G24/><T6/><D26/><U47/><E15/><V35/><F25/><W28/><G28/><T123/><D123/><N who="3" m="47145" /><G114/><T128/><D128/><U29/><E30/><V76/><F76/><W22/><G22/><T56/><D4/><U0/><E0/><V60/><F35/><W106/><G106/><T34/><D34/><U57/><E57/><N who="2" m="37135" /><F27/><W116/><G135/><T37/><D6/><U46/><E46/><V45/><F23/><W134/><G134/><T112/><D112/><U63/><E29/><V7/><F45/><W133/><G133/><T61/><REACH who="0" step="1"/><D37/><REACH who="0" ten="120,252,357,261" step="2"/><U1/><E31/><V105/><F105/><W100/><G100/><T88/><AGARI ba="0,1" hai="18,19,51,53,56,61,65,71,81,86,88,92,96,101" machi="88" ten="20,12000,2" yaku="1,1,2,1,0,1,7,1,52,1,54,1,53,0" doraHai="58" doraHaiUra="131" who="0" fromWho="0" sc="120,130,252,-60,357,-30,261,-30" /><INIT seed="6,0,0,0,3,22" ten="250,192,327,231" oya="2" hai0="38,135,87,126,31,26,61,78,123,47,93,21,117" hai1="35,125,57,71,12,133,74,55,5,15,45,85,50" hai2="1,132,75,33,37,107,104,128,51,0,4,60,52" hai3="32,65,27,11,70,92,82,98,114,96,112,88,10"/><V13/><F37/><W30/><G70/><T41/><D123/><U40/><E74/><V134/><F75/><W103/><G65/><T95/><D135/><N who="2" m="51754" /><F33/><W43/><G43/><T28/><D126/><U77/><E133/><V17/><F128/><W63/><G63/><T90/><D117/><U84/><E71/><V42/><F42/><W19/><G19/><T46/><D46/><U53/><E35/><V73/><F73/><W127/><G127/><T18/><D78/><U113/><E113/><N who="3" m="43626" /><G82/><T79/><D79/><U105/><E105/><AGARI ba="0,0" hai="10,11,27,30,32,88,92,96,98,103,105" m="43626" machi="105" ten="30,7700,0" yaku="15,1,11,1,52,1,54,1" doraHai="22" who="3" fromWho="1" sc="250,0,192,-77,327,0,231,77" /><INIT seed="7,0,0,5,1,83" ten="250,115,327,308" oya="3" hai0="96,102,4,5,33,59,119,73,110,104,39,65,67" hai1="42,97,13,125,53,54,68,112,28,25,43,87,3" hai2="86,16,22,40,49,15,127,79,7,1,30,81,34" hai3="108,12,69,23,64,130,116,6,128,17,75,120,52"/><W90/><G116/><T129/><D119/><U133/><E68/><V107/><F107/><W66/><G120/><T77/><D110/><U27/><E125/><V122/><F127/><W93/><G75/><T91/><D129/><N who="3" m="49769" /><G108/><T0/><D39/><U57/><E112/><V48/><F122/><W19/><G69/><T76/><D33/><U72/><E72/><V100/><F100/><W29/><G29/><T37/><D37/><U45/><E3/><V61/><F40/><W121/><G121/><T98/><D0/><U132/><E97/><V32/><F32/><W131/><N who="3" m="49777" /><W114/><DORA hai="109" /><G114/><T24/><D24/><U10/><E28/><V124/><F124/><W106/><G106/><T56/><D104/><U14/><E10/><N who="2" m="2415" /><F61/><W41/><G41/><T60/><D73/><U94/><E94/><V84/><F84/><N who="3" m="52423" /><G6/><T95/><D102/><U111/><E111/><V70/><F70/><W92/><G92/><T11/><D95/><U46/><REACH who="1" step="1"/><E57/><REACH who="1" ten="250,105,327,308" step="2"/><V20/><F30/><W50/><G19/><T115/><D11/><U88/><E88/><V80/><F16/><W123/><G123/><T118/><D115/><U26/><E26/><V71/><F71/><W36/><G36/><T2/><D2/><U58/><E58/><AGARI ba="0,1" hai="12,17,23,50,52,58,64,66" m="52423,49777" machi="58" ten="40,12000,1" yaku="25,1,19,1,52,1,54,1" doraHai="83,109" who="3" fromWho="1" sc="250,0,105,-120,327,0,308,130" owari="250,-15.0,-15,-52.0,327,13.0,438,54.0" /></mjloggm>