<mjloggm ver="2.3"><GO type="225" lobby="0"/><UN n0="%64%61%7A%61%69" n1="%63%61%74%6D%65%56%47%43" n2="%E5%A4%A9%E3%83%8E%E5%B7%9D%E6%B2%99%E5%A4%9C" n3="%E4%B8%8A%E9%96%93%E7%AB%9C%E4%B9%9F" dan="16,16,16,16" rate="2083.30,2231.94,2166.92,2082.52" sx="M,M,F,M"/><TAIKYOKU oya="0"/><INIT seed="0,0,0,0,0,47" ten="250,250,250,250" oya="0" hai0="75,94,86,0,91,83,53,93,110,18,4,1,36" hai1="97,108,87,133,109,15,65,135,45,30,27,44,50" hai2="118,79,2,33,82,117,8,106,39,26,35,99,124" hai3="5,103,131,10,48,98,92,52,51,7,120,76,17"/><T38/><D110/><N who="1" m="42603" /><E45/><V130/><F39/><W31/><G131/><T58/><D36/><U85/><E97/><V105/><F130/><W64/><G120/><T132/><D38/><U126/><E15/><V73/><F124/><W6/><G31/><T21/><D132/><N who="1" m="50763" /><E65/><V127/><F127/><W40/><G64/><T55/><D55/><N who="1" m="30151" /><E126/><V112/><F112/><W81/><G40/><T61/><D4/><U29/><E29/><N who="2" m="19639" /><F35/><AGARI ba="0,0" hai="27,30,35,85,87" m="30151,50763,42603" machi="35" ten="30,3900,0" yaku="14,1,20,1,52,1" doraHai="47" who="1" fromWho="2" sc="250,0,250,39,250,-39,250,0" /><INIT seed="1,0,0,3,2,125" ten="250,289,211,250" oya="1" hai0="37,111,22,82,67,106,25,1,122,0,14,29,95" hai1="131,58,9,115,51,10,28,47,21,18,61,19,81" hai2="54,123,43,98,79,92,72,121,134,107,34,56,88" hai3="44,8,100,129,84,65,133,75,96,112,93,46,42"/><U102/><E131/><V101/><F34/><W71/><G75/><T86/><D106/><U11/><E102/><V128/><F43/><W12/><G133/><T53/><D37/><U59/><E81/><N who="2" m="45287" /><F134/><W66/><G112/><T4/><D111/><U104/><E104/><V90/><F128/><W94/><G71/><T120/><D67/><N who="1" m="39351" /><E59/><V89/><F54/><W57/><G129/><T77/><D95/><U2/><E2/><V68/><F68/><W33/><G33/><T60/><D60/><U39/><E39/><V73/><F73/><W76/><G57/><T35/><D53/><N who="1" m="29951" /><E115/><V5/><F5/><W55/><G55/><T116/><D116/><U64/><E64/><V108/><F56/><W45/><G42/><T132/><D132/><U99/><E99/><N who="2" m="61887" /><F108/><W85/><G66/><T3/><D35/><U48/><E48/><V91/><AGARI ba="0,0" hai="88,89,90,91,92,98,121,123" m="61887,45287" machi="91" ten="30,4000,0" yaku="34,2,54,1" doraHai="125" who="2" fromWho="2" sc="250,-10,289,-20,211,40,250,-10" /><INIT seed="2,0,0,0,4,25" ten="240,269,251,240" oya="2" hai0="17,16,130,135,134,11,105,50,112,113,129,44,52" hai1="128,20,29,71,114,83,8,62,6,77,116,48,104" hai2="34,78,102,36,88,4,3,121,19,22,85,49,61" hai3="15,70,13,111,45,59,14,120,2,60,109,1,5"/><V91/><F36/><W98/><G120/><T12/><D105/><U123/><E114/><N who="0" m="44137" /><D17/><U24/><E116/><V87/><F121/><W28/><G70/><T76/><D76/><U97/><E128/><AGARI ba="0,0" hai="11,12,16,44,50,52,128,129,130,134,135" m="44137" machi="128" ten="30,3900,0" yaku="19,1,54,2" doraHai="25" who="0" fromWho="1" sc="240,39,269,-39,251,0,240,0" /><INIT seed="3,0,0,3,4,5" ten="279,230,251,240" oya="3" hai0="32,78,50,46,132,8,80,53,117,37,98,33,39" hai1="63,34,82,124,54,107,42,128,16,81,17,44,110" hai2="76,89,30,45,96,29,20,7,51,18,26,94,11" hai3="0,75,102,24,91,41,22,114,62,74,109,49,4"/><W105/><G114/><T9/><D117/><U104/><E34/><V116/><F76/><W90/><G109/><T118/><D118/><U36/><E110/><V38/><F38/><W135/><G135/><T100/><D132/><U43/><E43/><V58/><F58/><W68/><G102/><T59/><D33/><U14/><E124/><V65/><F65/><W70/><G105/><T106/><D32/><U23/><E128/><V15/><REACH who="2" step="1"/><F116/><REACH who="2" ten="279,230,241,240" step="2"/><W27/><G49/><T92/><D39/><U67/><E36/><V12/><F12/><W25/><G62/><T101/><D37/><U47/><E67/><V21/><F21/><W3/><G22/><T108/><D59/><U130/><E23/><V97/><F97/><W86/><G27/><T60/><D60/><U134/><E63/><V115/><F115/><W112/><G112/><T129/><D129/><U28/><E130/><V120/><F120/><W40/><G86/><T121/><D121/><U99/><E134/><V55/><AGARI ba="0,1" hai="7,11,15,18,20,26,29,30,45,51,55,89,94,96" machi="55" ten="20,12000,2" yaku="1,1,0,1,7,1,8,1,52,1,53,1" doraHai="5" doraHaiUra="84" who="2" fromWho="2" sc="279,-30,230,-30,241,130,240,-60" owari="249,5.0,200,-20.0,371,47.0,180,-32.0" /></mjloggm>