<mjloggm ver="2.3"><GO type="169" lobby="0"/><UN n0="%6D%61%63%70%61%63" n1="%73%41%67%61%E3%81%95%E3%82%93" n2="%E5%B0%8F%E6%89%8B%E8%BF%94%E6%92%B2%E6%BB%85%E4%BC%9A%E9%95%B7" n3="%E3%81%84%E3%81%84%E3%81%9E" dan="17,16,17,16" rate="2171.06,2070.40,2140.61,2124.18" sx="M,M,F,M"/><TAIKYOKU oya="0"/><INIT seed="0,0,0,2,4,113" ten="250,250,250,250" oya="0" hai0="1,3,104,28,75,129,109,99,14,67,6,87,120" hai1="71,19,34,102,114,130,5,132,24,131,80,93,61" hai2="88,46,133,122,48,11,85,30,16,45,29,108,72" hai3="43,40,21,36,8,63,82,123,53,9,57,51,52"/><T47/><D75/><U50/><E114/><V27/><F72/><W38/><G82/><T125/><D120/><U105/><E5/><V42/><F108/><W54/><G21/><T41/><D67/><U74/><E93/><V10/><F133/><W62/><G123/><T127/><D28/><N who="2" m="10858" /><F46/><N who="3" m="27895" /><G8/><N who="0" m="4375" /><D129/><N who="1" m="49163" /><E34/><V25/><F122/><W135/><G9/><N who="2" m="3081" /><F16/><W15/><G15/><T35/><D35/><U101/><E105/><V107/><F107/><W96/><G96/><T98/><D109/><U33/><E33/><V58/><F58/><N who="3" m="35143" /><G135/><T86/><D104/><U81/><E74/><V112/><F112/><W31/><G31/><T91/><D87/><U69/><E132/><V68/><F68/><N who="1" m="26185" /><E19/><V44/><F44/><W128/><G128/><T32/><D32/><U59/><E24/><V20/><F20/><W95/><G95/><AGARI ba="0,0" hai="25,27,42,45,48,85,88,95" m="3081,10858" machi="95" ten="30,2000,0" yaku="8,1,54,1" doraHai="113" who="2" fromWho="3" sc="250,0,250,0,250,20,250,-20" /><INIT seed="1,0,0,3,1,114" ten="250,250,270,230" oya="1" hai0="128,79,52,66,26,120,65,115,43,38,93,71,18" hai1="81,132,31,36,62,94,63,127,42,1,23,76,50" hai2="20,97,60,100,2,27,10,131,75,44,32,48,102" hai3="80,0,86,99,35,22,104,107,53,105,91,87,92"/><U129/><E1/><V133/><F75/><W58/><G35/><T89/><D115/><U55/><E129/><V108/><F32/><W25/><G0/><T118/><D118/><U125/><E36/><V41/><F131/><W122/><G122/><T37/><D79/><U111/><E42/><V109/><F133/><W73/><G73/><T78/><D78/><U46/><E132/><V40/><F40/><W3/><G3/><T34/><D34/><U24/><E94/><V83/><F83/><W106/><N who="3" m="26624" /><DORA hai="57" /><W117/><G117/><T69/><D43/><U124/><REACH who="1" step="1"/><E111/><REACH who="1" ten="250,240,270,230" step="2"/><V101/><F109/><W15/><G80/><T64/><D128/><U33/><E33/><V84/><F108/><W28/><REACH who="3" step="1"/><G15/><REACH who="3" ten="250,240,270,220" step="2"/><T126/><D120/><U51/><E51/><AGARI ba="0,2" hai="22,25,28,51,53,58,86,87,91,92,99" m="26624" machi="51" ten="70,4500,0" yaku="1,1,2,1,53,0" doraHai="114,57" doraHaiUra="7,72" who="3" fromWho="1" sc="250,0,240,-45,270,0,220,65" /><INIT seed="2,0,0,5,4,7" ten="250,195,270,285" oya="2" hai0="109,110,127,93,86,95,129,9,111,57,26,82,85" hai1="4,39,55,97,54,80,21,108,102,58,83,88,1" hai2="72,128,34,81,48,77,92,63,131,22,74,44,114" hai3="5,134,20,98,124,59,40,73,76,70,52,118,103"/><V78/><F34/><W66/><G118/><T23/><D129/><N who="2" m="49738" /><F63/><W56/><G134/><T53/><D127/><U8/><E39/><V122/><F114/><W6/><G124/><T3/><D3/><U120/><E120/><V132/><F122/><W79/><G70/><T84/><D82/><U60/><E108/><V105/><F105/><W33/><G33/><T106/><D106/><U18/><E54/><N who="2" m="29959" /><F132/><W62/><G40/><T51/><REACH who="0" step="1"/><D9/><REACH who="0" ten="240,195,270,285" step="2"/><U67/><E67/><V126/><F126/><W45/><G73/><T13/><D13/><U32/><E32/><V46/><F81/><W28/><G76/><T99/><D99/><U29/><E80/><V16/><F78/><W41/><G79/><T133/><D133/><U12/><E83/><V25/><F77/><W30/><G98/><T69/><D69/><U27/><E102/><V64/><F92/><W42/><G103/><T17/><AGARI ba="0,1" hai="17,23,26,51,53,57,84,85,86,93,95,109,110,111" machi="17" ten="40,5200,0" yaku="1,1,0,1,14,1,53,0" doraHai="7" doraHaiUra="135" who="0" fromWho="0" sc="240,62,195,-13,270,-26,285,-13" /><INIT seed="3,0,0,3,3,54" ten="302,182,244,272" oya="3" hai0="99,45,129,13,92,24,111,127,11,0,98,95,110" hai1="122,2,86,63,26,100,90,59,30,4,32,28,72" hai2="57,62,89,27,12,82,68,135,61,132,35,78,17" hai3="84,58,52,105,96,39,77,85,5,80,93,128,44"/><W123/><G123/><T10/><D0/><U37/><E37/><V134/><F68/><W119/><G119/><T81/><D24/><U46/><E72/><V133/><F62/><W125/><G128/><T101/><D129/><U91/><E46/><V106/><F106/><W42/><G125/><T65/><D127/><U97/><E30/><V48/><F48/><W15/><G105/><T126/><D126/><U38/><E38/><V55/><N who="2" m="33792" /><DORA hai="88" /><V83/><F89/><W108/><G108/><N who="0" m="41515" /><D65/><U20/><E32/><V117/><F117/><W25/><G25/><T71/><D71/><U29/><E29/><N who="2" m="19903" /><F78/><W34/><G34/><T22/><D45/><U94/><E122/><V1/><F1/><W107/><G107/><T7/><D81/><U21/><E2/><V75/><F75/><W33/><G33/><T53/><D53/><U9/><E86/><V3/><F3/><W60/><G85/><T69/><D69/><U87/><E87/><V104/><F104/><W131/><G131/><T64/><D64/><U114/><E114/><V23/><AGARI ba="0,0" hai="12,17,23,55,57,61,82,83" m="19903,33792" machi="23" ten="60,4000,0" yaku="20,1,52,1" doraHai="54,88" who="2" fromWho="2" sc="302,-10,182,-10,244,40,272,-20" /><INIT seed="4,0,0,3,1,104" ten="292,172,284,252" oya="0" hai0="44,41,59,0,61,89,51,54,42,48,93,50,112" hai1="19,34,5,36,132,30,21,107,83,103,96,65,86" hai2="124,29,119,40,105,39,13,35,116,123,32,84,62" hai3="66,122,56,94,74,109,1,111,98,90,70,79,82"/><T17/><D0/><U130/><E36/><V43/><F123/><W135/><G1/><T4/><D112/><U33/><E5/><V31/><F105/><W37/><G37/><T47/><D4/><U120/><E132/><V26/><F39/><W100/><G70/><T113/><D113/><U99/><E120/><V38/><F38/><W76/><G122/><T10/><D10/><U108/><E108/><V106/><F106/><N who="3" m="63767" /><G56/><T97/><REACH who="0" step="1"/><D17/><REACH who="0" ten="282,172,284,252" step="2"/><U67/><E130/><V64/><F116/><W88/><G135/><T126/><D126/><U15/><E30/><V45/><F124/><W92/><G111/><T117/><D117/><U133/><E133/><V71/><F119/><W3/><G3/><T77/><D77/><U9/><E9/><V80/><F31/><W24/><G109/><T22/><D22/><U53/><E34/><V14/><F32/><W52/><G76/><T20/><D20/><U49/><E33/><V75/><F35/><W78/><G79/><T69/><D69/><U73/><E21/><V8/><F8/><W2/><G2/><T25/><D25/><U55/><E19/><V57/><F71/><W134/><G24/><T131/><D131/><U68/><E68/><V121/><F121/><W102/><G134/><T60/><AGARI ba="0,1" hai="41,42,44,47,48,50,51,54,59,60,61,89,93,97" machi="60" ten="30,11700,0" yaku="1,1,0,1,9,1,8,1,53,0" doraHai="104" doraHaiUra="114" who="0" fromWho="0" sc="282,127,172,-39,284,-39,252,-39" /><INIT seed="4,1,0,5,2,72" ten="409,133,245,213" oya="0" hai0="46,13,100,119,101,67,61,54,14,41,34,110,79" hai1="104,117,132,115,82,24,91,21,26,33,44,78,130" hai2="35,38,36,68,128,63,47,131,11,118,125,83,52" hai3="4,22,10,124,73,116,48,20,121,30,12,29,113"/><T5/><D34/><U60/><E104/><V75/><F35/><W62/><G73/><T81/><D119/><U0/><E117/><V40/><F118/><W98/><G116/><T56/><D110/><U95/><E0/><V126/><F11/><W86/><G113/><T59/><D14/><U23/><E33/><V99/><F99/><W120/><G98/><T51/><D13/><U85/><E130/><N who="2" m="49707" /><F36/><W65/><G124/><N who="2" m="47721" /><F83/><W129/><G129/><T3/><D5/><U102/><E132/><V66/><F75/><W15/><G86/><N who="0" m="48447" /><D3/><U18/><E102/><N who="0" m="39529" /><D59/><U87/><E115/><V114/><F114/><W58/><G120/><T27/><D27/><U31/><E60/><V9/><F9/><W112/><G121/><T17/><D17/><U71/><E71/><N who="2" m="42463" /><F52/><AGARI ba="1,0" hai="41,46,51,52,54,56,61,67" m="39529,48447" machi="52" ten="30,5800,0" yaku="8,1,52,1,54,1" doraHai="72" who="0" fromWho="2" sc="409,61,133,0,245,-61,213,0" /><INIT seed="4,2,0,0,2,14" ten="470,133,184,213" oya="0" hai0="48,17,76,32,104,86,67,3,66,108,68,92,80" hai1="132,34,41,91,74,45,127,89,27,40,93,112,123" hai2="125,82,33,13,9,94,100,98,6,69,75,77,21" hai3="64,81,129,1,131,72,107,39,120,119,49,60,24"/><T61/><D104/><U90/><E74/><V4/><F33/><W0/><G119/><T19/><D3/><U30/><E123/><V130/><F69/><W38/><G49/><T103/><D32/><U87/><E127/><V122/><F122/><W71/><G24/><T62/><D108/><U29/><E132/><V105/><F125/><W133/><G120/><T124/><D124/><U117/><E117/><V70/><F70/><W58/><G58/><T35/><D35/><U5/><E5/><V18/><F130/><N who="3" m="49675" /><G107/><T121/><D121/><U52/><E112/><V10/><F10/><W128/><G133/><T46/><D103/><U97/><E30/><V55/><F55/><W85/><G72/><T73/><D92/><U51/><REACH who="1" step="1"/><E90/><REACH who="1" ten="470,123,184,213" step="2"/><V84/><F9/><W102/><G128/><T59/><D73/><U25/><E25/><V116/><F116/><W63/><G102/><T99/><D99/><U20/><E20/><V65/><F65/><W101/><G101/><T53/><AGARI ba="2,1" hai="17,19,46,48,53,59,61,62,66,67,68,76,80,86" machi="53" ten="20,7800,0" yaku="0,1,7,1,52,2" doraHai="14" who="0" fromWho="0" sc="470,94,123,-28,184,-28,213,-28" /><INIT seed="4,3,0,3,0,106" ten="564,95,156,185" oya="0" hai0="74,24,6,4,103,43,84,3,89,108,87,78,36" hai1="60,107,64,40,8,77,11,56,21,59,124,2,96" hai2="111,5,32,9,50,83,114,118,46,44,48,79,27" hai3="123,105,72,117,51,76,122,128,35,119,26,92,14"/><T25/><D36/><U65/><E40/><V71/><F111/><W120/><G51/><T104/><D43/><U54/><E124/><V86/><F114/><W99/><G14/><T132/><D104/><U88/><E77/><V7/><F71/><W33/><G26/><T57/><D103/><U82/><E107/><V37/><F37/><W49/><G49/><T20/><D20/><U70/><E70/><V85/><F118/><N who="3" m="45067" /><G105/><T31/><D57/><U115/><E115/><V34/><F27/><W135/><G135/><T101/><D25/><U39/><E39/><V63/><F63/><W121/><G128/><T97/><D6/><U116/><E116/><V112/><F112/><W126/><G126/><T53/><D4/><U62/><E2/><V30/><F30/><W81/><N who="3" m="30720" /><DORA hai="10" /><W134/><G134/><T23/><D24/><U67/><E21/><V38/><F38/><W91/><AGARI ba="3,0" hai="33,35,72,76,81,91,92,99" m="30720,45067" machi="91" ten="60,4000,0" yaku="13,1,52,1" doraHai="106,10" who="3" fromWho="3" sc="564,-23,95,-13,156,-13,185,49" /><INIT seed="5,0,0,3,2,85" ten="541,82,143,234" oya="1" hai0="58,81,61,82,77,65,32,129,97,15,64,116,21" hai1="62,130,48,36,114,26,18,101,128,47,34,93,2" hai2="22,80,63,55,41,83,119,3,29,125,117,135,110" hai3="84,39,51,133,25,89,68,67,131,103,7,69,113"/><U74/><E74/><V109/><F3/><W70/><G39/><T132/><D32/><U92/><E2/><V54/><F29/><W9/><G113/><T104/><D116/><N who="2" m="44618" /><F22/><W94/><G133/><T134/><D129/><N who="1" m="49771" /><E36/><V59/><F83/><W87/><G131/><T127/><D127/><U121/><E121/><V108/><F80/><W112/><G103/><T42/><D77/><U19/><E114/><V122/><F122/><W27/><G67/><T0/><D64/><U49/><E62/><V111/><N who="2" m="27648" /><DORA hai="123" /><V16/><F16/><N who="1" m="6185" /><E101/><V99/><F99/><W96/><G112/><T102/><D0/><U98/><E98/><V28/><F28/><W8/><G96/><T13/><D134/><U44/><E26/><V23/><F135/><W10/><G25/><T73/><D132/><U14/><E14/><V43/><F23/><W45/><G27/><T88/><D73/><U6/><E6/><V91/><F125/><W86/><G7/><T33/><D13/><U12/><E12/><V53/><F91/><W66/><G89/><T107/><D88/><U52/><E34/><V11/><F11/><W50/><G10/><T37/><D33/><U1/><E1/><V5/><F5/><W24/><G9/><T57/><D15/><U106/><E106/><V115/><F115/><W35/><G8/><T78/><D104/><U100/><E100/><V90/><F90/><W20/><G35/><T31/><D107/><U60/><E60/><V118/><N who="2" m="44626" /><V124/><DORA hai="126" /><F124/><W95/><G24/><N who="0" m="16783" /><D102/><U30/><E30/><V38/><F38/><W40/><G20/><RYUUKYOKU ba="0,0" sc="541,-15,82,15,143,15,234,-15" hai1="44,47,48,49,52,92,93" hai2="41,43,53,54,55,59,63" /><INIT seed="5,1,0,2,5,1" ten="526,97,158,219" oya="1" hai0="114,28,61,76,129,79,52,84,48,22,82,46,118" hai1="43,60,132,8,21,24,19,53,9,78,64,106,110" hai2="44,42,122,97,15,101,36,85,45,40,90,88,10" hai3="23,11,7,14,57,72,70,25,18,71,39,115,51"/><U95/><E106/><V119/><F119/><W26/><G39/><T73/><D118/><U111/><E78/><V91/><F122/><W100/><G72/><T56/><D114/><U96/><E132/><V17/><F85/><W38/><G115/><T99/><D129/><U55/><E43/><V58/><F58/><W33/><G38/><T130/><D130/><U135/><E135/><V80/><F80/><W50/><G100/><T27/><D73/><U74/><E74/><V54/><F54/><W66/><G71/><T63/><D63/><U107/><E107/><V16/><F17/><W92/><G70/><T68/><D68/><U77/><E77/><V4/><F16/><W93/><G33/><T108/><D108/><N who="1" m="41515" /><E64/><V83/><F83/><W65/><G26/><T120/><D120/><U29/><E29/><V32/><F32/><W0/><G0/><T94/><D79/><U103/><E60/><V6/><F6/><W12/><G25/><T75/><D75/><U112/><E112/><V128/><F128/><W35/><G35/><T37/><D37/><U3/><E9/><V113/><F113/><W123/><G123/><T98/><D94/><N who="3" m="36457" /><G66/><AGARI ba="1,0" hai="22,27,28,46,48,52,56,61,66,76,82,84,98,99" machi="66" ten="30,3900,0" yaku="7,1,8,1,54,1" doraHai="1" who="0" fromWho="3" sc="526,42,97,0,158,0,219,-42" /><INIT seed="6,0,0,5,5,25" ten="568,97,158,177" oya="2" hai0="50,24,28,116,118,113,69,39,119,19,13,71,16" hai1="42,72,46,3,14,32,108,5,85,86,51,127,79" hai2="59,21,0,102,7,41,23,9,8,26,131,27,84" hai3="60,33,87,30,98,44,117,111,68,75,45,94,134"/><V11/><F131/><W18/><G117/><T130/><D39/><U126/><E108/><V17/><F102/><W56/><G111/><T90/><D130/><U93/><E32/><V120/><F41/><W105/><G75/><T83/><D113/><U2/><E72/><V99/><F99/><W54/><G68/><N who="0" m="26187" /><D50/><U38/><E38/><V1/><F84/><W76/><G105/><T20/><D13/><U123/><E123/><V22/><F59/><W112/><G134/><T66/><D66/><U100/><E100/><V110/><F120/><W63/><G63/><T52/><D52/><U49/><E49/><V101/><F101/><N who="3" m="60631" /><G30/><T74/><D90/><U124/><E86/><V97/><F97/><W82/><G33/><T80/><D80/><U43/><E43/><V89/><F89/><W107/><G107/><T37/><D37/><U121/><E121/><V12/><F110/><W122/><G112/><T88/><D88/><N who="1" m="53391" /><E79/><AGARI ba="0,0" hai="16,19,20,24,28,74,79,83,116,118,119" m="26187" machi="79" ten="40,5200,0" yaku="12,1,52,1,54,1" doraHai="25" who="0" fromWho="1" sc="568,52,97,-52,158,0,177,0" /><INIT seed="7,0,0,1,2,124" ten="620,45,158,177" oya="3" hai0="115,66,39,45,131,36,33,133,123,43,53,92,103" hai1="129,31,83,20,120,64,106,47,16,73,118,96,109" hai2="18,125,17,88,14,100,85,25,19,8,94,95,61" hai3="70,110,114,119,29,128,12,113,10,15,102,97,87"/><W42/><G119/><T98/><D33/><U32/><E64/><V84/><F125/><W80/><G70/><T79/><D123/><U49/><E109/><V60/><F25/><W54/><G110/><T48/><D131/><U38/><E38/><V101/><F85/><W27/><G128/><T112/><D66/><U44/><E118/><V130/><F130/><W35/><G54/><T78/><D39/><U69/><E69/><V56/><F94/><W65/><G65/><T89/><D89/><U82/><E129/><V3/><F3/><W9/><G42/><T13/><D13/><U107/><E120/><V34/><F34/><W2/><G2/><T55/><D133/><U40/><E96/><V59/><F61/><W6/><G10/><T57/><REACH who="0" step="1"/><D53/><REACH who="0" ten="610,45,158,177" step="2"/><U77/><E82/><V127/><F127/><W122/><G12/><T67/><D67/><U68/><E68/><V62/><F62/><W11/><G122/><T63/><D63/><U134/><E134/><V7/><F60/><W81/><G81/><T46/><D46/><U74/><E74/><V111/><F111/><W90/><G11/><T72/><D72/><U26/><REACH who="1" step="1"/><E44/><REACH who="1" ten="610,35,158,177" step="2"/><V0/><F0/><N who="3" m="199" /><G80/><T71/><D71/><U86/><E86/><V5/><F84/><W52/><G87/><T24/><D24/><U21/><E21/><V37/><F37/><W135/><G27/><T30/><D30/><U99/><E99/><V91/><F8/><W1/><G97/><T105/><D105/><U51/><E51/><V41/><F14/><W116/><G15/><T4/><D4/><U76/><E76/><AGARI ba="0,2" hai="36,43,45,48,55,57,76,78,79,92,98,103,112,115" machi="76" ten="40,8000,1" yaku="1,1,6,1,53,2" doraHai="124" doraHaiUra="108" who="0" fromWho="1" sc="610,100,35,-80,158,0,177,0" owari="710,81.0,-45,-55.0,158,-24.0,177,-2.0" /></mjloggm>