<mjloggm ver="2.3"><GO type="169" lobby="0"/><UN n0="%73%61%6E%64%69%72%69%73" n1="%E7%8B%82%E7%8A%AC" n2="%E3%81%AF%E3%81%98%E3%82%81%E3%81%A3%E3%81%A1" n3="%E3%81%86%E3%81%95%E3%81%8E%E3%83%95%E3%82%A1%E3%83%B3%E3%82%B7%E3%83%BC" dan="17,16,17,17" rate="2206.77,2148.28,2215.63,2144.56" sx="M,M,F,F"/><TAIKYOKU oya="0"/><INIT seed="0,0,0,0,2,69" ten="250,250,250,250" oya="0" hai0="119,79,105,100,20,29,8,66,58,48,9,88,27" hai1="31,124,117,28,85,54,90,97,0,126,99,84,60" hai2="19,115,25,17,30,128,51,107,34,10,16,53,43" hai3="61,72,47,74,36,106,103,24,59,96,81,42,87"/><T130/><D119/><U134/><E0/><V14/><F128/><W95/><G106/><T50/><D130/><U129/><E129/><V1/><F115/><W63/><G24/><T7/><D79/><U37/><E117/><V108/><F108/><W65/><REACH who="3" step="1"/><G63/><REACH who="3" ten="250,250,250,240" step="2"/><T70/><D105/><U118/><E60/><V64/><F107/><W26/><G26/><T73/><D27/><U22/><E118/><V113/><F113/><W135/><G135/><T23/><D29/><U68/><E134/><V102/><F25/><W11/><G11/><T83/><D9/><U98/><E28/><V101/><F30/><W104/><G104/><T13/><D8/><U3/><E31/><V94/><F10/><W21/><G21/><T18/><D23/><U57/><E22/><V82/><F1/><W76/><AGARI ba="0,1" hai="36,42,47,59,61,65,72,74,76,81,87,95,96,103" machi="76" ten="20,5200,0" yaku="1,1,0,1,7,1,52,1,53,0" doraHai="69" doraHaiUra="45" who="3" fromWho="3" sc="250,-26,250,-13,250,-13,240,62" /><INIT seed="1,0,0,5,5,25" ten="224,237,237,302" oya="1" hai0="33,30,120,37,110,45,20,87,113,57,5,70,40" hai1="6,29,35,14,28,26,73,75,95,115,116,84,121" hai2="129,123,61,36,16,100,62,131,103,10,68,71,55" hai3="74,3,18,92,76,60,72,1,43,56,112,0,97"/><U117/><E84/><V63/><F36/><W127/><G112/><T83/><D113/><U7/><E95/><V69/><F55/><W4/><G127/><T132/><D110/><U11/><E115/><V86/><F123/><W46/><G4/><N who="1" m="1578" /><E121/><V98/><F86/><W111/><G18/><T134/><D70/><U135/><E75/><V90/><F90/><W31/><G111/><T64/><D120/><U41/><E41/><V96/><F16/><W59/><G31/><N who="1" m="11850" /><E73/><V101/><REACH who="2" step="1"/><F10/><REACH who="2" ten="224,237,227,302" step="2"/><W39/><G74/><T133/><D87/><U9/><E135/><V102/><N who="2" m="25600" /><DORA hai="81" /><V118/><F118/><N who="1" m="45673" /><E26/><V42/><F42/><W65/><G72/><T24/><D134/><U82/><E82/><V108/><F108/><W21/><G43/><T38/><D83/><U77/><E77/><V79/><F79/><W12/><G76/><T94/><D133/><U47/><E47/><V48/><F48/><W22/><G46/><T23/><D132/><U2/><E35/><V78/><F78/><W44/><G44/><T130/><D45/><U128/><E128/><AGARI ba="0,1" hai="61,62,63,68,69,71,96,98,128,129,131" m="25600" machi="128" ten="70,12000,2" yaku="1,1,29,2,28,2,19,1,53,0" doraHai="25,81" doraHaiUra="114,49" who="2" fromWho="1" sc="224,0,237,-120,227,130,302,0" /><INIT seed="2,0,0,0,2,24" ten="224,117,357,302" oya="2" hai0="7,130,2,63,20,0,96,80,39,105,4,49,79" hai1="95,30,67,22,45,73,5,132,93,131,88,13,109" hai2="78,108,100,50,114,97,59,40,34,60,42,115,116" hai3="27,65,66,128,44,113,16,70,81,56,134,84,98"/><V101/><F116/><W62/><G134/><T133/><D130/><U6/><E73/><V119/><F119/><W82/><G128/><T21/><D39/><U99/><E131/><V125/><F125/><W64/><G113/><T26/><D133/><U18/><E132/><V9/><F34/><W51/><G98/><T124/><D124/><U58/><E109/><V76/><F108/><W3/><G3/><T94/><D105/><U46/><E95/><V48/><F9/><W107/><G107/><T31/><D49/><U69/><E69/><V74/><F97/><W12/><G27/><T120/><D120/><U91/><E91/><V102/><F74/><W135/><G135/><T53/><D21/><U29/><E46/><V1/><F101/><W85/><G85/><N who="0" m="48287" /><D0/><U10/><E45/><V38/><F1/><W55/><G70/><T8/><D8/><U19/><E19/><V47/><F47/><W37/><G37/><T126/><D2/><U52/><E67/><N who="3" m="25674" /><G84/><T41/><D41/><U43/><E43/><V33/><F38/><W71/><G71/><T106/><D106/><U77/><E77/><V90/><F33/><W117/><G117/><T17/><D17/><U14/><E5/><V61/><REACH who="2" step="1"/><F59/><REACH who="2" ten="224,117,347,302" step="2"/><W103/><G103/><N who="0" m="60823" /><D126/><U72/><REACH who="1" step="1"/><E72/><REACH who="1" ten="224,107,347,302" step="2"/><V23/><F23/><AGARI ba="0,2" hai="12,16,23,44,51,55,56,62,66,81,82" m="25674" machi="23" ten="30,2000,0" yaku="8,1,54,1" doraHai="24" who="3" fromWho="2" sc="224,0,107,0,347,-20,302,40" /><INIT seed="3,0,0,3,2,77" ten="224,107,327,342" oya="3" hai0="26,70,7,42,61,0,94,4,125,120,22,121,68" hai1="27,95,37,12,115,31,18,107,23,21,118,83,85" hai2="29,36,5,56,58,3,46,11,105,38,97,19,91" hai3="8,41,100,15,55,17,87,62,20,43,54,30,113"/><W130/><G130/><T59/><D125/><U44/><E118/><V78/><F29/><W52/><G113/><T14/><D42/><N who="3" m="15881" /><G100/><T96/><D0/><U99/><E115/><V60/><F46/><W48/><G62/><T16/><D70/><U10/><E37/><V119/><F119/><W129/><G129/><T64/><D68/><U106/><E44/><V66/><F58/><N who="3" m="33031" /><G87/><T93/><D93/><U112/><E10/><V81/><F19/><N who="3" m="8679" /><G30/><T131/><D131/><U104/><E112/><V135/><F135/><W114/><G114/><T28/><D121/><U109/><E109/><V75/><REACH who="2" step="1"/><F91/><REACH who="2" ten="224,107,317,342" step="2"/><W65/><G65/><T116/><D116/><U34/><E34/><V84/><F84/><W108/><G108/><T110/><D110/><U13/><E13/><AGARI ba="0,1" hai="13,17,20,54,55" m="8679,33031,15881" machi="13" ten="30,2900,0" yaku="8,1,54,1" doraHai="77" who="3" fromWho="1" sc="224,0,107,-29,317,0,342,39" /><INIT seed="3,1,0,2,3,25" ten="224,78,317,381" oya="3" hai0="123,118,11,50,19,13,52,97,100,66,43,121,64" hai1="92,35,51,133,112,77,41,38,109,15,113,20,91" hai2="120,44,124,65,103,62,45,54,10,63,96,98,37" hai3="115,128,131,7,111,78,125,104,30,33,18,74,9"/><W34/><G104/><T48/><D118/><U5/><E35/><V127/><F120/><W40/><G115/><T101/><D123/><U39/><E109/><V4/><F96/><W84/><G74/><T114/><D114/><U21/><E133/><V47/><F54/><W82/><G125/><N who="2" m="48201" /><F65/><W22/><G40/><T108/><D108/><U86/><E39/><V31/><F31/><W99/><G99/><T55/><D43/><U88/><E38/><V61/><F37/><W134/><G134/><T23/><D11/><U76/><E113/><V71/><F71/><W80/><G80/><T0/><D0/><U70/><E70/><V53/><F53/><W129/><G111/><T58/><D121/><U132/><E132/><V6/><F10/><W105/><G105/><AGARI ba="1,0" hai="4,6,44,45,47,61,62,63,98,103,105" m="48201" machi="105" ten="40,1300,0" yaku="18,1" doraHai="25" who="2" fromWho="3" sc="224,0,78,0,317,16,381,-16" /><INIT seed="4,0,0,0,2,25" ten="224,78,333,365" oya="0" hai0="78,83,53,17,135,36,69,33,37,38,108,54,63" hai1="99,3,8,44,84,5,129,94,45,55,32,40,113" hai2="124,19,71,59,92,1,103,115,96,70,47,118,34" hai3="122,77,91,21,48,98,101,9,112,68,134,123,29"/><T86/><D135/><U119/><E129/><V14/><F115/><W133/><G68/><T67/><D108/><U114/><E119/><V125/><F1/><W121/><G112/><T46/><D46/><U51/><E32/><V109/><F109/><W105/><G77/><T80/><D33/><U111/><E111/><V52/><F118/><W58/><G9/><T120/><D120/><U39/><REACH who="1" step="1"/><E84/><REACH who="1" ten="224,68,333,365" step="2"/><V20/><F34/><W30/><G21/><T23/><REACH who="0" step="1"/><D83/><REACH who="0" ten="214,68,333,365" step="2"/><U79/><E79/><V93/><F125/><W104/><G134/><T66/><D66/><U0/><E0/><V89/><F124/><W73/><G133/><T13/><AGARI ba="0,2" hai="13,17,23,36,37,38,53,54,63,67,69,78,80,86" machi="13" ten="30,3000,0" yaku="1,1,0,1,53,0" doraHai="25" doraHaiUra="106" who="0" fromWho="0" sc="214,50,68,-10,333,-10,365,-10" /><INIT seed="4,1,0,5,5,10" ten="264,58,323,355" oya="0" hai0="43,115,105,30,27,0,8,110,87,98,34,24,134" hai1="22,127,85,90,122,54,17,80,82,74,60,108,48" hai2="26,4,13,94,59,36,56,133,83,12,124,106,91" hai3="65,107,20,61,51,70,131,16,49,23,103,55,5"/><T64/><D115/><U130/><E127/><V38/><F106/><W7/><G131/><T53/><D134/><U100/><E122/><V86/><F133/><W33/><G33/><T1/><D110/><U116/><E130/><V132/><F132/><W76/><G76/><T135/><D135/><U19/><E116/><V31/><F124/><W52/><G107/><T68/><D43/><U88/><E108/><V104/><F104/><W25/><G103/><T18/><D53/><U73/><E100/><V35/><F4/><W6/><G23/><T81/><D98/><U37/><E37/><V84/><F38/><W75/><G75/><T112/><D112/><U113/><E113/><V32/><F32/><W120/><G120/><T72/><D72/><U77/><E60/><V28/><F28/><W9/><G51/><T67/><D105/><U119/><E119/><V58/><REACH who="2" step="1"/><F36/><REACH who="2" ten="264,58,313,355" step="2"/><W109/><G109/><T96/><D30/><U92/><E74/><V128/><F128/><W95/><G95/><T57/><D34/><U79/><E92/><V29/><F29/><W111/><G111/><T42/><D96/><U121/><E121/><V114/><F114/><W101/><G101/><T78/><D0/><U118/><E118/><V3/><F3/><W62/><G7/><T21/><D1/><U102/><E102/><V40/><F40/><W14/><G6/><T2/><D42/><U123/><E123/><V63/><F63/><W69/><G49/><T47/><D2/><U97/><E97/><V50/><F50/><W41/><G41/><T44/><D18/><N who="1" m="6667" /><E22/><V15/><F15/><RYUUKYOKU ba="1,1" sc="264,-30,58,10,313,10,355,10" hai1="48,54,73,77,79,80,82,85,88,90" hai2="12,13,26,31,35,56,58,59,83,84,86,91,94" hai3="5,9,14,16,20,25,52,55,61,62,65,69,70" /><INIT seed="5,2,1,2,3,69" ten="234,68,323,365" oya="1" hai0="19,82,78,68,132,110,65,97,89,1,108,90,85" hai1="6,24,109,70,99,114,101,5,23,74,33,102,47" hai2="73,17,83,135,0,10,116,95,122,60,84,44,13" hai3="129,131,72,48,7,118,18,111,103,107,39,76,42"/><U55/><E114/><V56/><F116/><W80/><G111/><T9/><D132/><U81/><E109/><V128/><F122/><W37/><G118/><T30/><D30/><U104/><E33/><V96/><F135/><W119/><G119/><T38/><D38/><U105/><E70/><V133/><F128/><N who="3" m="49227" /><G7/><T58/><D68/><U113/><E113/><V115/><F73/><W12/><G103/><T92/><D1/><U8/><E102/><V53/><F133/><W59/><G107/><T66/><D110/><U57/><E47/><V21/><F115/><W126/><G126/><T51/><D108/><U106/><E81/><V16/><F0/><W31/><G31/><T127/><D127/><U120/><E74/><V34/><F34/><W124/><G124/><T43/><D78/><U40/><E40/><V87/><F44/><N who="3" m="25623" /><G59/><T52/><REACH who="0" step="1"/><D43/><REACH who="0" ten="224,68,323,365" step="2"/><U20/><E120/><V14/><REACH who="2" step="1"/><F83/><REACH who="2" ten="224,68,313,365" step="2"/><W130/><G130/><T50/><D50/><U64/><E64/><V2/><F2/><W94/><G94/><T29/><D29/><N who="1" m="17543" /><E106/><V63/><F63/><W27/><G80/><T117/><D117/><U4/><E105/><V25/><F25/><W49/><G27/><T88/><D88/><AGARI ba="2,3" hai="10,13,14,16,17,21,53,56,60,84,87,88,95,96" machi="88" ten="30,12000,2" yaku="1,1,7,1,8,1,54,2,53,1" doraHai="69" doraHaiUra="54" who="2" fromWho="0" sc="224,-126,68,0,313,156,365,0" /><INIT seed="6,0,0,1,4,79" ten="98,68,469,365" oya="2" hai0="56,134,77,49,112,89,100,6,107,114,121,129,67" hai1="38,80,55,23,5,26,50,122,30,10,82,39,8" hai2="108,119,61,40,115,75,21,76,22,117,15,27,104" hai3="57,81,24,127,65,4,3,11,1,33,85,19,47"/><V125/><F104/><W97/><G127/><T133/><D121/><U13/><E122/><V60/><F125/><W68/><G68/><T58/><D129/><U29/><E29/><V43/><F115/><N who="0" m="44074" /><D77/><U78/><E8/><V131/><F131/><W92/><G47/><T32/><D32/><U66/><E66/><V0/><F0/><W18/><G1/><T71/><D6/><U87/><REACH who="1" step="1"/><E82/><REACH who="1" ten="98,58,469,365" step="2"/><V59/><F117/><W42/><G65/><T34/><D67/><U130/><E130/><V126/><F119/><W35/><G81/><T83/><D83/><U9/><E9/><V41/><F126/><W54/><G11/><T109/><D134/><U111/><E111/><V74/><F108/><W118/><G118/><T106/><D133/><U93/><E93/><V99/><F74/><W96/><G92/><T105/><D109/><U62/><E62/><V95/><F61/><W48/><G35/><T86/><D34/><U63/><E63/><V52/><F75/><W36/><G33/><T69/><D107/><U31/><E31/><V128/><F128/><W101/><G19/><T73/><D73/><U51/><E51/><V46/><F60/><W37/><G48/><T16/><D16/><U91/><E91/><V44/><F76/><W102/><G18/><T72/><D72/><U98/><E98/><V84/><F99/><W28/><G97/><N who="0" m="61583" /><D106/><U132/><E132/><V113/><F113/><W17/><G17/><T12/><D49/><U25/><E25/><V64/><F27/><W124/><G24/><T103/><D71/><U120/><E120/><V123/><F123/><RYUUKYOKU ba="0,1" sc="98,-10,58,30,469,-10,365,-10" hai1="5,10,13,23,26,30,38,39,50,55,78,80,87" /><INIT seed="7,1,1,4,1,59" ten="88,88,459,355" oya="3" hai0="84,12,24,52,25,134,76,63,26,125,111,116,47" hai1="85,67,123,79,69,80,71,75,120,124,15,44,33" hai2="70,43,62,60,48,22,89,9,112,66,16,3,11" hai3="118,113,135,104,49,23,13,109,90,50,0,40,6"/><W51/><G118/><T129/><D116/><U18/><E33/><V131/><F112/><W57/><G113/><T88/><D111/><U53/><E124/><V8/><F62/><W61/><G104/><T86/><D134/><U103/><E103/><V102/><F102/><W27/><G135/><T122/><D122/><U117/><E117/><V4/><F131/><W94/><G0/><T97/><D129/><U127/><E127/><V46/><F89/><W21/><G109/><T2/><D2/><U119/><E119/><V114/><F114/><W91/><G40/><T100/><D76/><U133/><E133/><V108/><F108/><W77/><G77/><T110/><D125/><U1/><E1/><V105/><F105/><W81/><G81/><N who="0" m="49167" /><D86/><U96/><E96/><V37/><F37/><W35/><G35/><T98/><D100/><U95/><E95/><V28/><F28/><N who="3" m="17519" /><G94/><T68/><D110/><U92/><E92/><V128/><F128/><W19/><G6/><T83/><D83/><U126/><E126/><V58/><F70/><N who="1" m="26633" /><E67/><AGARI ba="1,1" hai="13,19,23,49,50,51,57,61,67,90,91" m="17519" machi="67" ten="30,2900,0" yaku="8,1,52,1" doraHai="59" who="3" fromWho="1" sc="88,0,88,-32,459,0,355,42" /><INIT seed="7,2,0,5,2,86" ten="88,56,459,397" oya="3" hai0="27,101,29,0,98,53,81,84,99,30,132,72,37" hai1="93,61,119,22,130,118,10,95,20,60,79,50,44" hai2="105,32,6,122,111,116,17,117,42,5,83,2,8" hai3="25,33,38,97,63,3,121,39,77,19,41,135,69"/><W62/><G121/><T16/><D0/><U90/><E79/><V59/><F105/><W80/><G135/><T15/><D72/><U31/><E130/><V102/><F102/><W103/><G3/><T82/><D37/><U100/><E119/><V46/><F32/><W110/><G110/><T67/><D132/><U109/><E109/><V126/><F6/><W113/><G113/><T51/><D67/><U34/><E118/><V88/><F122/><W66/><G62/><T65/><D65/><U94/><E34/><V49/><F111/><W123/><G41/><T74/><D74/><U36/><E36/><V115/><F115/><W18/><G18/><T68/><D68/><U7/><E100/><V124/><F17/><W75/><G123/><T129/><D129/><U57/><E61/><V87/><F59/><W24/><G24/><T92/><D99/><U11/><E31/><N who="0" m="11785" /><D84/><U64/><E90/><V91/><F91/><W108/><G108/><T54/><D27/><U73/><E73/><V4/><F4/><W70/><G70/><T35/><D35/><U114/><E114/><V107/><F107/><N who="3" m="63983" /><G19/><T131/><D131/><U21/><REACH who="1" step="1"/><E7/><REACH who="1" ten="88,46,459,397" step="2"/><V9/><F117/><W23/><G23/><N who="0" m="11679" /><D51/><U134/><E134/><V12/><F116/><W71/><G71/><T56/><D101/><U48/><E48/><V127/><F127/><W112/><G112/><T96/><D82/><U120/><E120/><V128/><F128/><W125/><G125/><T89/><D81/><U78/><E78/><V13/><F2/><W47/><G47/><T45/><D45/><U76/><E76/><RYUUKYOKU ba="2,1" sc="88,-30,46,10,459,10,397,10" hai1="10,11,20,21,22,44,50,57,60,64,93,94,95" hai2="5,8,9,12,13,42,46,49,83,87,88,124,126" hai3="25,33,38,39,63,66,69,75,77,80" /><INIT seed="7,3,1,1,5,118" ten="58,56,469,407" oya="3" hai0="61,56,25,0,93,81,35,73,77,76,51,117,65" hai1="113,54,38,16,11,7,134,84,121,78,124,23,30" hai2="120,53,34,91,31,27,96,72,111,122,28,29,37" hai3="5,48,114,126,45,20,66,92,83,52,116,94,47"/><W85/><G116/><T89/><D117/><U133/><E121/><N who="2" m="46699" /><F111/><W9/><G114/><T100/><D0/><N who="1" m="487" /><E113/><V64/><F72/><W4/><G126/><T2/><D2/><U104/><E124/><V98/><F37/><W40/><G66/><T109/><D109/><U1/><E1/><V46/><F64/><W101/><G20/><T102/><D77/><U86/><E38/><V12/><F12/><N who="3" m="5159" /><G101/><T44/><D25/><N who="1" m="16703" /><E78/><V130/><F130/><W125/><G5/><T105/><D35/><U103/><E16/><V70/><F70/><W10/><G10/><T112/><D105/><U43/><E43/><V132/><F132/><N who="1" m="50793" /><E54/><V127/><F96/><AGARI ba="3,1" hai="84,86,96,103,104" m="50793,16703,487" machi="96" ten="30,1000,0" yaku="20,1" doraHai="118" who="1" fromWho="2" sc="58,0,56,29,469,-19,407,0" owari="58,-44.0,85,-31.0,450,54.0,407,21.0" /></mjloggm>