<mjloggm ver="2.3"><GO type="185" lobby="0"/><UN n0="%E3%81%99%E3%81%9A%E3%82%81%E3%82%AF%E3%83%AC%E3%82%A4%E3%82%B8%E3%83%BC" n1="%E3%81%97%E3%81%8B%E3%81%BE%E3%82%81" n2="%41%74%72%69%61" n3="" dan="18,16,17,0" rate="2317.62,2113.41,2268.35,1500.00" sx="M,M,F,C"/><TAIKYOKU oya="0"/><INIT seed="0,0,0,3,3,124" ten="350,350,350,0" oya="0" hai0="117,63,134,109,87,90,132,115,85,69,123,52,81" hai1="38,129,3,70,86,120,75,133,89,57,119,79,36" hai2="73,49,114,80,118,48,76,105,51,64,127,42,91" hai3=""/><T41/><N who="0" m="31520" /><T54/><D115/><U100/><N who="1" m="30752" /><U99/><E119/><V88/><F114/><T59/><D117/><U68/><E3/><V112/><F112/><T45/><D69/><U101/><E101/><V106/><F118/><T60/><D109/><U33/><E33/><V95/><F127/><T46/><D87/><U74/><E133/><N who="0" m="51305" /><D41/><U1/><E1/><V55/><F64/><T97/><D97/><U96/><E96/><V126/><F126/><T130/><D130/><U72/><E129/><V0/><F0/><T62/><D54/><U34/><E34/><V128/><F128/><T94/><D81/><U113/><E113/><V58/><F42/><T110/><D110/><U61/><E68/><V104/><REACH who="2" step="1"/><F95/><REACH who="2" ten="350,350,340,0" step="2"/><T84/><D84/><U32/><E86/><V47/><F47/><AGARI ba="0,1" hai="45,46,47,52,59,60,62,63,85,90,94" m="51305,31520" machi="47" ten="30,5800,0" yaku="20,1,52,1,54,1" doraHai="124" who="0" fromWho="2" sc="350,68,350,0,340,-58,0,0" /><INIT seed="0,1,0,2,3,126" ten="418,350,282,0" oya="0" hai0="71,123,54,33,115,130,135,108,101,85,47,39,103" hai1="86,112,79,99,118,40,70,51,111,82,88,76,34" hai2="120,91,53,42,121,37,104,95,67,52,114,129,57" hai3=""/><T61/><D115/><U87/><E34/><V49/><N who="2" m="30752" /><V132/><N who="2" m="31008" /><V107/><F114/><T69/><N who="0" m="31520" /><T113/><D33/><U66/><E112/><V36/><F132/><T1/><D1/><U98/><E111/><V100/><F129/><T62/><D135/><U110/><E118/><V92/><F67/><T97/><D85/><U59/><E110/><V94/><F91/><T84/><D84/><U72/><E70/><V32/><F32/><T127/><D127/><U119/><E119/><V50/><F42/><T124/><D124/><U116/><E116/><V55/><F100/><T65/><D108/><U64/><E72/><V109/><F109/><T41/><D113/><U75/><E75/><V125/><F125/><T117/><D117/><U105/><E105/><N who="2" m="40523" /><F57/><T46/><D130/><U133/><E133/><V134/><F134/><T0/><D101/><U2/><E2/><V128/><F128/><T48/><D0/><U60/><E66/><V35/><F35/><T122/><N who="0" m="31264" /><T68/><D62/><U106/><E60/><V93/><N who="2" m="23552" /><DORA hai="81" /><V80/><F80/><T63/><D61/><U96/><E82/><V90/><F90/><T58/><D58/><U43/><E59/><V78/><F78/><RYUUKYOKU ba="1,0" sc="418,10,350,-20,282,10,0,0" hai0="39,41,46,47,48,54,63,65,68,69,71,97,103" hai2="36,37,49,50,52,53,55" /><INIT seed="0,2,0,3,1,125" ten="428,330,292,0" oya="0" hai0="39,36,47,129,35,132,54,38,55,114,42,101,43" hai1="41,118,126,76,70,130,89,94,64,65,63,58,110" hai2="100,56,96,59,135,66,109,83,49,74,134,102,37" hai3=""/><T45/><D35/><U95/><E118/><V121/><N who="2" m="31008" /><V32/><F32/><T111/><D101/><U124/><E110/><V3/><F3/><T44/><D114/><U52/><E76/><V1/><F37/><T103/><D103/><U84/><E41/><N who="0" m="15369" /><D132/><U0/><E0/><V53/><F1/><T69/><D111/><U88/><E65/><V133/><F109/><T57/><D129/><U123/><N who="1" m="31520" /><U98/><REACH who="1" step="1"/><E130/><REACH who="1" ten="428,320,292,0" step="2"/><V62/><REACH who="2" step="1"/><F96/><REACH who="2" ten="428,320,282,0" step="2"/><T51/><D55/><U40/><E40/><V104/><F104/><T80/><D38/><U122/><N who="1" m="31264" /><U92/><E92/><V77/><AGARI ba="2,2" hai="49,53,56,59,62,66,74,77,83,100,102,133,134,135" m="31008" machi="77" ten="40,6000,1" yaku="1,1,0,1,20,1,52,1,53,0" doraHai="125" doraHaiUra="34" who="2" fromWho="2" sc="428,-42,320,-22,282,84,0,0" /><INIT seed="1,0,0,5,3,122" ten="386,298,366,0" oya="1" hai0="92,77,67,36,37,123,52,57,85,87,2,54,127" hai1="116,106,40,76,53,101,41,131,125,121,64,93,109" hai2="124,120,79,104,100,46,42,51,47,63,135,102,133" hai3=""/><U82/><N who="1" m="31008" /><U43/><E116/><V89/><N who="2" m="30752" /><V55/><F124/><T90/><N who="0" m="31520" /><T132/><D2/><U97/><E125/><V56/><F79/><T34/><D34/><U66/><E131/><V103/><F104/><T99/><D132/><U114/><E114/><V39/><REACH who="2" step="1"/><F89/><REACH who="2" ten="386,298,356,0" step="2"/><T110/><D77/><U130/><E130/><V98/><F98/><T1/><D99/><U113/><E113/><V3/><F3/><T75/><D1/><U44/><E106/><V83/><F83/><T58/><D90/><U33/><E33/><V61/><F61/><T0/><D0/><U88/><E88/><V117/><F117/><T73/><D127/><U81/><E109/><V112/><F112/><T32/><D32/><U134/><E134/><V71/><F71/><T65/><D92/><U35/><E35/><V94/><F94/><T78/><D78/><U62/><E82/><V105/><F105/><T38/><D38/><U91/><E91/><V50/><F50/><T69/><D69/><U129/><E62/><V111/><F111/><AGARI ba="0,1" hai="36,37,52,54,57,58,65,67,73,75,85,87,110,111" m="31520" machi="111" ten="25,12000,2" yaku="22,2,52,3,54,1" doraHai="122" who="0" fromWho="2" sc="386,130,298,0,356,-120,0,0" /><INIT seed="2,0,0,4,4,3" ten="516,298,236,0" oya="2" hai0="67,76,84,103,96,78,59,60,104,42,41,45,35" hai1="82,81,39,98,77,130,122,2,126,102,89,117,93" hai2="121,87,91,51,53,88,86,46,80,115,90,75,69" hai3=""/><V125/><N who="2" m="31008" /><V110/><F115/><T131/><D131/><U72/><N who="1" m="31264" /><U92/><E2/><V55/><F125/><T49/><D35/><U47/><E126/><V113/><F113/><T48/><D84/><U85/><E130/><V119/><F119/><T70/><D70/><U105/><E39/><V107/><F107/><T134/><D134/><U83/><E47/><AGARI ba="0,0" hai="41,42,45,47,48,49,59,60,67,76,78,96,103,104" machi="47" ten="40,1300,0" yaku="9,1" doraHai="3" who="0" fromWho="1" sc="516,13,298,-13,236,0,0,0" /><INIT seed="4,0,0,2,2,59" ten="529,285,236,0" oya="0" hai0="101,93,96,113,125,104,124,132,82,46,73,54,127" hai1="115,106,118,66,68,94,92,133,112,65,56,47,107" hai2="110,41,81,116,135,95,0,128,43,50,72,117,69" hai3=""/><T61/><D113/><N who="1" m="43595" /><E118/><V37/><F0/><T60/><D132/><U70/><E133/><V42/><F135/><T86/><D73/><U57/><E47/><V126/><F110/><T2/><D104/><N who="1" m="39979" /><E56/><V97/><F126/><T122/><N who="0" m="31264" /><T45/><D2/><U48/><E48/><V55/><F128/><T134/><D134/><U103/><E103/><V90/><F69/><N who="1" m="26729" /><E57/><V130/><F130/><T105/><D105/><U100/><E100/><V39/><F117/><T89/><D45/><U38/><E38/><V88/><F116/><T129/><D129/><U75/><E75/><V36/><F72/><T58/><D46/><U98/><E98/><V114/><F114/><T49/><AGARI ba="0,0" hai="49,54,58,60,61,82,86,89,93,96,101,124,125,127" m="31264" machi="49" ten="30,8000,1" yaku="0,1,18,1,52,3" doraHai="59" who="0" fromWho="0" sc="529,80,285,-40,236,-40,0,0" /><INIT seed="4,1,0,0,3,80" ten="609,245,196,0" oya="0" hai0="87,109,120,71,69,85,83,81,68,107,39,78,56" hai1="41,103,2,101,125,117,35,113,123,74,84,88,40" hai2="112,114,51,72,38,131,37,60,124,111,92,115,54" hai3=""/><T97/><N who="0" m="30752" /><T3/><D3/><U70/><E2/><V46/><F72/><T121/><N who="0" m="31008" /><T100/><D39/><U64/><N who="1" m="31520" /><U57/><E117/><V63/><F111/><T129/><D129/><U62/><E35/><V105/><F105/><T96/><D109/><U32/><E32/><V53/><F131/><T73/><D97/><U95/><E74/><V132/><F92/><T49/><D49/><U50/><E125/><V47/><F124/><T104/><D107/><U79/><E79/><V133/><F115/><T65/><REACH who="0" step="1"/><D81/><REACH who="0" ten="599,245,196,0" step="2"/><U75/><E113/><V135/><F135/><T89/><D89/><U52/><E75/><V42/><F51/><T45/><D45/><U106/><E106/><V82/><F82/><T58/><D58/><U1/><E1/><V34/><F34/><T36/><D36/><U126/><E126/><V90/><F90/><T86/><D86/><U43/><AGARI ba="1,1" hai="40,41,43,50,52,57,62,64,70,84,88,95,101,103" m="31520" machi="43" ten="30,6000,1" yaku="0,1,52,2,54,2" doraHai="80" who="1" fromWho="1" sc="599,-41,245,72,196,-21,0,0" /><INIT seed="5,0,0,3,2,100" ten="558,317,175,0" oya="1" hai0="34,73,92,132,52,81,58,35,123,111,124,50,119" hai1="87,46,128,109,41,75,67,69,70,112,38,79,32" hai2="36,89,48,120,44,37,82,104,0,108,97,102,1" hai3=""/><U45/><E32/><V126/><N who="2" m="30752" /><V43/><F108/><T72/><N who="0" m="31520" /><T76/><D111/><U130/><E75/><V3/><F126/><T125/><D73/><U129/><E109/><V103/><F103/><T54/><D132/><U40/><E112/><V115/><F115/><T107/><D107/><U99/><E67/><V127/><F127/><N who="0" m="48714" /><D119/><U53/><E53/><V56/><F56/><T47/><D92/><U49/><E99/><V61/><F61/><AGARI ba="0,0" hai="34,35,47,50,52,54,58,61,72,76,81" m="48714,31520" machi="61" ten="30,3900,0" yaku="18,1,52,1,54,1" doraHai="100" who="0" fromWho="2" sc="558,39,317,0,175,-39,0,0" /><INIT seed="6,0,0,3,3,128" ten="597,317,136,0" oya="2" hai0="79,114,63,126,35,34,49,122,60,135,92,119,51" hai1="110,54,71,80,112,124,47,1,120,56,38,134,91" hai2="121,83,59,98,85,107,111,89,115,106,93,117,37" hai3=""/><V0/><N who="2" m="31008" /><V88/><F0/><T123/><D92/><U95/><N who="1" m="30752" /><U53/><E71/><V86/><F37/><T103/><D79/><U101/><E110/><V82/><F111/><T97/><D97/><U104/><E104/><N who="2" m="39979" /><F59/><T58/><D58/><U108/><E108/><V130/><F130/><T76/><D51/><U57/><E1/><V75/><F115/><T125/><D49/><U127/><E112/><V133/><F117/><T70/><D114/><U129/><E129/><V50/><F50/><T64/><D119/><U102/><E38/><V41/><F41/><T36/><D70/><U39/><E39/><V40/><F40/><T78/><D36/><U132/><E56/><V48/><F48/><T55/><D64/><U67/><E57/><V87/><F133/><T52/><D135/><U109/><E132/><V113/><F113/><T96/><D60/><U94/><E134/><V62/><F62/><T105/><D63/><U74/><E67/><V77/><AGARI ba="0,0" hai="75,77,82,83,85,86,87,88,89,93,98" m="39979,31008" machi="77" ten="30,12000,2" yaku="35,5,52,1,54,1" doraHai="128" who="2" fromWho="2" sc="597,-60,317,-60,136,120,0,0" /><INIT seed="6,1,0,5,2,97" ten="537,257,256,0" oya="2" hai0="79,105,88,50,51,42,82,118,119,114,104,109,131" hai1="46,106,73,62,47,78,92,56,69,100,126,111,112" hai2="98,32,101,40,58,86,65,71,39,121,37,99,55" hai3=""/><V45/><N who="2" m="31008" /><V54/><F32/><T38/><D109/><U94/><E111/><V3/><F3/><T103/><D38/><U102/><E69/><V57/><F37/><T113/><D88/><U128/><E126/><V1/><F1/><T63/><D131/><U48/><E128/><V74/><F74/><T33/><D33/><U34/><E34/><V133/><F133/><T110/><D63/><U66/><E112/><V129/><F129/><T43/><D82/><U76/><E106/><V117/><F117/><T77/><D110/><U59/><E73/><V52/><F86/><T108/><D108/><U90/><E90/><V122/><N who="2" m="31264" /><V124/><F124/><T75/><D75/><U68/><E68/><V134/><F134/><T116/><D119/><U49/><E62/><V96/><REACH who="2" step="1"/><F101/><AGARI ba="1,0" hai="42,43,50,51,77,79,101,103,104,105,113,114,116,118" machi="101" ten="25,6400,0" yaku="22,2,52,2" doraHai="97" who="0" fromWho="2" sc="537,66,257,0,256,-66,0,0" owari="603,55.0,257,-14.0,190,-41.0,0,0.0" /></mjloggm>