<mjloggm ver="2.3"><GO type="185" lobby="0"/><UN n0="%E8%8A%B1%E9%AD%81" n1="%E3%81%9F%E3%82%93%E3%82%86%E3%81%86" n2="%E7%B6%BE%E7%80%AC%E7%A9%82%E4%B9%83%E9%A6%99" n3="" dan="17,16,17,0" rate="2364.72,2218.38,2320.77,1500.00" sx="F,F,F,C"/><TAIKYOKU oya="0"/><INIT seed="0,0,0,0,3,99" ten="350,350,350,0" oya="0" hai0="97,50,35,59,110,128,76,122,85,40,108,69,91" hai1="133,1,100,125,49,83,120,119,54,41,126,46,45" hai2="105,47,96,79,102,72,67,86,56,78,60,88,94" hai3=""/><T129/><N who="0" m="31264" /><T39/><D69/><U117/><N who="1" m="30752" /><U131/><E1/><V61/><F72/><T135/><D35/><U98/><E83/><V55/><REACH who="2" step="1"/><F47/><REACH who="2" ten="350,350,340,0" step="2"/><T58/><D135/><U114/><E133/><V127/><F127/><N who="1" m="48649" /><E114/><V52/><F52/><T123/><N who="0" m="31520" /><T57/><D39/><U70/><E131/><N who="0" m="50249" /><D76/><U33/><E33/><V0/><F0/><T121/><N who="0" m="31008" /><T68/><D68/><AGARI ba="0,1" hai="55,56,60,61,67,68,78,79,86,88,94,96,102,105" machi="68" ten="30,8000,1" yaku="1,1,7,1,52,1,54,1,53,1" doraHai="99" doraHaiUra="65" who="2" fromWho="0" sc="350,-80,350,0,340,90,0,0" /><INIT seed="1,0,0,4,4,127" ten="270,350,430,0" oya="1" hai0="126,50,88,45,49,102,59,93,38,99,79,63,130" hai1="106,98,125,65,103,35,108,2,40,92,129,56,110" hai2="84,51,53,119,70,124,114,101,42,121,64,73,69" hai3=""/><U82/><E2/><V115/><N who="2" m="31008" /><V3/><F73/><T32/><D32/><U72/><E35/><V95/><F3/><T118/><D118/><U120/><N who="1" m="30752" /><U61/><E125/><V57/><F124/><T33/><D33/><U39/><E92/><V80/><F119/><T122/><N who="0" m="31264" /><T134/><D126/><U67/><E67/><V86/><F42/><T94/><D134/><U68/><E56/><V96/><F86/><T54/><D79/><U133/><E133/><V46/><F57/><T41/><REACH who="0" step="1"/><D130/><REACH who="0" ten="260,350,430,0" step="2"/><U117/><E117/><V75/><F115/><T66/><D66/><U76/><REACH who="1" step="1"/><E129/><REACH who="1" ten="260,340,430,0" step="2"/><V74/><F64/><T132/><D132/><U105/><E105/><V131/><F131/><T60/><D60/><U81/><E81/><V58/><F80/><T135/><D135/><U109/><E109/><V48/><F95/><T91/><D91/><U36/><E36/><V37/><F37/><T85/><AGARI ba="0,2" hai="38,41,45,49,50,54,59,63,85,88,93,94,99,102" m="31264" machi="85" ten="20,6000,1" yaku="1,1,0,1,7,1,52,1,54,1,53,0" doraHai="127" doraHaiUra="34" who="0" fromWho="0" sc="260,80,340,-40,430,-20,0,0" /><INIT seed="2,0,0,5,0,84" ten="340,300,410,0" oya="2" hai0="125,121,109,44,60,82,120,70,66,112,116,132,45" hai1="128,36,50,74,54,48,42,96,58,78,56,86,85" hai2="62,87,71,107,35,102,91,73,55,108,119,65,52" hai3=""/><V83/><F119/><T75/><N who="0" m="30752" /><T97/><N who="0" m="31008" /><T49/><D116/><U79/><E128/><V37/><F35/><T104/><D109/><U94/><E36/><V64/><F37/><T98/><D132/><U131/><E131/><V46/><F108/><T76/><D125/><U135/><E135/><V43/><F65/><T68/><D112/><U103/><E74/><V41/><F73/><T118/><D118/><U117/><E117/><V38/><REACH who="2" step="1"/><F43/><REACH who="2" ten="340,300,400,0" step="2"/><T89/><D68/><U69/><E69/><V123/><N who="2" m="31520" /><V100/><F100/><T130/><D130/><U127/><E127/><V129/><F129/><T59/><D70/><U114/><E114/><V63/><F63/><T106/><D49/><U90/><E42/><V0/><F0/><T1/><D1/><U47/><E50/><V124/><F124/><T72/><D72/><U32/><E32/><V88/><F88/><T134/><D134/><U77/><E103/><V39/><F39/><T53/><D66/><U33/><E33/><V81/><F81/><T133/><D133/><U93/><E93/><V40/><F40/><T51/><D51/><U61/><E61/><V105/><F105/><T122/><N who="0" m="31264" /><T115/><D115/><U95/><E95/><RYUUKYOKU ba="0,1" sc="340,-20,300,10,400,10,0,0" hai1="47,48,54,56,58,77,78,79,85,86,90,94,96" hai2="38,41,46,52,55,62,64,71,83,87,91,102,107" /><INIT seed="2,1,1,1,2,129" ten="320,310,410,0" oya="2" hai0="50,115,34,105,2,108,49,46,56,36,62,94,68" hai1="128,103,83,118,132,130,32,69,42,113,110,119,60" hai2="90,116,124,97,1,99,43,0,75,63,95,33,112" hai3=""/><V35/><F112/><T59/><D34/><U66/><E32/><V54/><F116/><N who="1" m="44585" /><E103/><V98/><F75/><T87/><D2/><U111/><E83/><V64/><F35/><T77/><D105/><U84/><E84/><V120/><N who="2" m="30752" /><V86/><F33/><T38/><D108/><N who="1" m="41515" /><E113/><V96/><F124/><T76/><D115/><U3/><E3/><V78/><F54/><T89/><D49/><U58/><E132/><V107/><F107/><T91/><D91/><U80/><E80/><V102/><F78/><T123/><N who="0" m="31520" /><T88/><D89/><U109/><N who="1" m="41523" /><U85/><DORA hai="114" /><E85/><V121/><N who="2" m="31008" /><V39/><F98/><T126/><D126/><U125/><E125/><V79/><F79/><T40/><D76/><U122/><N who="1" m="31264" /><U48/><E42/><V51/><F102/><T133/><D77/><U52/><AGARI ba="1,1" hai="48,52,58,60,66,69,128,130" m="31264,41523,44585" machi="52" ten="50,12000,3" yaku="12,1,14,1,34,2,52,4,54,1" doraHai="129,114" who="1" fromWho="1" sc="320,-41,310,132,410,-81,0,0" /><INIT seed="4,0,0,3,4,35" ten="279,442,329,0" oya="0" hai0="100,107,135,130,106,98,88,114,68,36,1,85,65" hai1="110,47,86,75,66,113,122,82,126,109,42,97,56" hai2="115,90,57,48,37,45,124,73,46,112,116,58,50" hai3=""/><T80/><D114/><N who="2" m="43562" /><F73/><T101/><D130/><U77/><N who="1" m="31264" /><U99/><E113/><V67/><F90/><T62/><D135/><U105/><E126/><V71/><F124/><T33/><D33/><U92/><E97/><V34/><F34/><T123/><N who="0" m="31520" /><T0/><D36/><U111/><E56/><N who="2" m="21611" /><F116/><T52/><D52/><U3/><E66/><V91/><F91/><T108/><D108/><U74/><E105/><V102/><F102/><T127/><D127/><U117/><E117/><V69/><F37/><T44/><D44/><N who="2" m="17002" /><F67/><T118/><D118/><U84/><E75/><V81/><F81/><T128/><D128/><U49/><E74/><V121/><N who="2" m="31008" /><V63/><F63/><T64/><D65/><U55/><E86/><V43/><F43/><T60/><D62/><U32/><E32/><V40/><F40/><T2/><REACH who="0" step="1"/><D101/><REACH who="0" ten="269,442,329,0" step="2"/><U39/><E39/><V38/><F38/><T103/><D103/><U95/><E42/><V59/><F48/><T89/><D89/><U72/><E110/><V93/><F50/><T129/><D129/><U119/><E109/><V132/><F132/><T76/><D76/><U133/><E111/><V79/><F79/><T70/><D70/><N who="2" m="26634" /><F59/><T41/><D41/><U51/><E133/><RYUUKYOKU ba="0,1" sc="269,10,442,-20,329,10,0,0" hai0="0,1,2,60,64,68,80,85,88,98,100,106,107" hai2="93" /><INIT seed="4,1,1,5,4,33" ten="279,422,339,0" oya="0" hai0="102,0,78,64,35,60,54,2,50,119,130,90,40" hai1="85,133,67,121,44,37,42,70,47,48,131,135,86" hai2="77,132,56,46,117,116,1,59,65,39,127,120,91" hai3=""/><T112/><D119/><U53/><N who="1" m="31008" /><U94/><E131/><V101/><N who="2" m="30752" /><V55/><F127/><T126/><D35/><U38/><E94/><V72/><F132/><N who="1" m="50761" /><E86/><V118/><F101/><T76/><D126/><U125/><E85/><V103/><F103/><T107/><D130/><U41/><E125/><V108/><F91/><T43/><D112/><U123/><N who="1" m="31520" /><U66/><E70/><V87/><F87/><T52/><D90/><U109/><E109/><V106/><F108/><T82/><D102/><U122/><N who="1" m="31264" /><U95/><E95/><V105/><F105/><T79/><D82/><U129/><E129/><V96/><F106/><T3/><D107/><U71/><E71/><V115/><F96/><T62/><D50/><U84/><E84/><V74/><F117/><T75/><D75/><U88/><E88/><V97/><F116/><T49/><D49/><U110/><E110/><V114/><F118/><T57/><REACH who="0" step="1"/><D62/><REACH who="0" ten="269,422,339,0" step="2"/><U100/><E100/><V36/><F74/><T93/><D93/><U80/><E80/><V111/><F72/><T73/><D73/><U92/><E92/><V45/><F111/><T89/><D89/><U51/><E51/><V61/><F61/><T32/><D32/><U34/><E34/><RYUUKYOKU ba="1,2" sc="269,10,422,10,339,-20,0,0" hai0="0,2,3,40,43,52,54,57,60,64,76,78,79" hai1="37,38,41,42,44,47,48,53,66,67" /><INIT seed="4,2,2,1,0,129" ten="279,432,319,0" oya="0" hai0="82,134,132,133,3,49,46,54,119,114,57,121,65" hai1="115,103,52,81,102,126,120,78,60,125,90,117,116" hai2="71,62,118,39,59,69,1,108,89,135,76,74,58" hai3=""/><T92/><N who="0" m="31008" /><T34/><D119/><U36/><N who="1" m="30752" /><U124/><E36/><V106/><F118/><N who="1" m="45673" /><E115/><V101/><F108/><T107/><D107/><U96/><E60/><V56/><F1/><T84/><D3/><U85/><E52/><V73/><F39/><T64/><D92/><AGARI ba="2,2" hai="78,81,85,90,92,96,102,103,124,125,126" m="45673,30752" machi="92" ten="40,8000,1" yaku="18,1,34,2,52,1" doraHai="129" who="1" fromWho="0" sc="279,-84,432,104,319,0,0,0" /><INIT seed="5,0,0,1,0,122" ten="195,536,319,0" oya="1" hai0="132,130,35,61,81,63,37,83,96,117,114,73,0" hai1="76,80,64,134,75,105,127,101,43,110,46,128,89" hai2="100,70,36,92,38,78,47,57,66,135,95,88,67" hai3=""/><U99/><E127/><V109/><F135/><T102/><D35/><U91/><E134/><V124/><F124/><T112/><D0/><U51/><E128/><V111/><F70/><T56/><D132/><U79/><E79/><V33/><F33/><T39/><D130/><U115/><E115/><N who="0" m="44073" /><D117/><U71/><E71/><V52/><F78/><T82/><D73/><U104/><E64/><V54/><F47/><T77/><D77/><U107/><E110/><V106/><F106/><T72/><D72/><U129/><E129/><V116/><F57/><T125/><D125/><U59/><E59/><V131/><F131/><T68/><D68/><U60/><E60/><N who="0" m="23113" /><D56/><U74/><E74/><V90/><REACH who="2" step="1"/><F100/><REACH who="2" ten="195,536,309,0" step="2"/><T93/><AGARI ba="0,1" hai="37,39,81,82,83,93,96,102" m="23113,44073" machi="93" ten="40,1100,0" yaku="15,1" doraHai="122" who="0" fromWho="0" sc="195,21,536,-7,309,-4,0,0" /><INIT seed="6,0,0,1,0,117" ten="216,529,305,0" oya="2" hai0="93,64,59,43,2,70,75,55,100,52,124,103,84" hai1="89,83,107,34,57,71,65,110,133,58,135,72,98" hai2="40,131,92,109,77,88,85,125,0,111,78,105,76" hai3=""/><V51/><F0/><T128/><D2/><U44/><E34/><V86/><F40/><T87/><D75/><U127/><E110/><N who="2" m="41995" /><F51/><T97/><D124/><U121/><N who="1" m="31008" /><U32/><E32/><V49/><F49/><T94/><D128/><U62/><E127/><V123/><N who="2" m="31520" /><V47/><F47/><T3/><D3/><U126/><E126/><V112/><F125/><T63/><D43/><U73/><E44/><V69/><F69/><T46/><D46/><U50/><E107/><V104/><F131/><T37/><D37/><U39/><E39/><V113/><F86/><T56/><D70/><U41/><E41/><V120/><N who="2" m="30752" /><V42/><F42/><T45/><D45/><U116/><E71/><V119/><F119/><T36/><D36/><U130/><E116/><V35/><F35/><T101/><D64/><U99/><E130/><V81/><F92/><T54/><D63/><U82/><E50/><V60/><F60/><T79/><D97/><U74/><E98/><V102/><F102/><T53/><N who="0" m="13312" /><DORA hai="118" /><T38/><D38/><U95/><E58/><N who="0" m="22057" /><D79/><U106/><E106/><AGARI ba="0,0" hai="76,77,78,81,85,88,104,105,106,112,113" m="30752,31520,41995" machi="106" ten="40,24000,3" yaku="10,1,34,2,52,6,54,1" doraHai="117,118" who="2" fromWho="1" sc="216,0,529,-240,305,240,0,0" owari="216,-38.0,289,-11.0,545,49.0,0,0.0" /></mjloggm>