<mjloggm ver="2.3"><GO type="169" lobby="0"/><UN n0="%EF%BC%BC%28%EF%BC%BE%6F%EF%BC%BE%29%EF%BC%8F%E2%98%85" n1="%E9%95%B7%E5%B2%A1" n2="%6B%6F%6A%69%6D%6F%6E%39" n3="%E8%BC%9D%E5%A4%9C%E6%9C%88" dan="17,17,16,17" rate="2235.62,2189.97,2090.76,2201.06" sx="M,M,M,F"/><TAIKYOKU oya="0"/><INIT seed="0,0,0,3,5,46" ten="250,250,250,250" oya="0" hai0="75,68,25,121,71,35,45,110,98,112,36,23,128" hai1="97,2,109,105,52,38,83,19,4,86,5,99,89" hai2="3,114,43,113,49,111,22,119,8,82,88,18,135" hai3="73,133,94,29,11,26,16,59,55,96,100,39,129"/><T84/><D112/><U120/><E120/><V77/><F111/><W65/><G129/><T122/><D75/><U63/><E38/><V127/><F135/><W74/><G133/><T70/><D35/><U0/><E109/><V34/><F34/><W64/><G39/><T21/><D110/><U58/><E0/><V107/><F107/><W126/><G126/><T85/><D128/><U47/><E2/><V130/><F130/><W115/><G115/><T57/><D57/><U9/><E105/><V13/><F127/><W27/><G74/><T17/><D98/><N who="1" m="37387" /><E47/><V40/><F119/><W131/><G73/><T15/><D121/><U69/><E69/><V81/><F43/><W124/><G124/><T91/><D122/><U95/><E83/><V118/><F118/><W37/><G37/><T80/><D85/><U117/><E117/><V125/><F125/><W6/><G6/><T134/><D134/><U106/><E106/><V62/><F3/><W79/><G79/><T78/><D78/><U41/><E41/><V87/><F81/><W104/><G104/><T33/><D33/><U76/><E76/><V7/><F77/><W123/><G123/><T132/><D132/><U67/><E67/><N who="3" m="25674" /><G131/><T61/><D61/><U51/><E63/><V92/><F62/><N who="3" m="36223" /><G29/><T1/><D1/><U12/><AGARI ba="0,0" hai="4,5,9,12,19,51,52,58,86,89,95" m="37387" machi="12" ten="30,4000,0" yaku="8,1,52,1,54,1" doraHai="46" who="1" fromWho="1" sc="250,-20,250,40,250,-10,250,-10" /><INIT seed="1,0,0,2,5,46" ten="230,290,240,240" oya="1" hai0="41,132,69,2,94,81,60,52,130,134,128,8,44" hai1="51,62,57,117,43,89,110,101,100,45,70,35,113" hai2="129,120,73,18,118,74,127,122,13,49,48,86,68" hai3="108,84,90,83,67,53,63,10,47,24,97,14,58"/><U125/><E113/><V106/><F106/><W36/><G108/><T111/><D94/><U95/><E117/><V4/><F118/><W34/><G36/><T27/><D27/><U9/><E125/><V80/><F68/><W85/><G34/><T65/><D81/><U26/><E110/><V28/><F28/><W109/><G109/><T30/><D30/><U72/><E72/><V7/><F127/><W25/><G97/><T79/><D79/><U6/><E70/><V99/><F99/><W59/><G85/><T135/><D111/><U31/><E57/><V39/><F39/><W23/><G23/><T102/><D102/><U11/><E62/><V121/><F129/><N who="0" m="49770" /><D8/><U32/><E32/><V93/><F93/><W3/><G3/><T105/><D2/><U56/><E56/><V40/><F40/><W17/><REACH who="3" step="1"/><G47/><REACH who="3" ten="230,290,240,230" step="2"/><T123/><D105/><U131/><E131/><V29/><F74/><W22/><G22/><T107/><D107/><U75/><E75/><V115/><F73/><W77/><G77/><T19/><D123/><U126/><E126/><V15/><F115/><W92/><G92/><T104/><D104/><U0/><REACH who="1" step="1"/><E11/><REACH who="1" ten="230,280,240,230" step="2"/><V133/><F121/><W124/><G124/><T96/><D135/><U61/><E61/><AGARI ba="0,2" hai="10,14,17,24,25,53,58,59,61,63,67,83,84,90" machi="61" ten="30,7700,0" yaku="1,1,7,1,8,1,53,1" doraHai="46" doraHaiUra="50" who="3" fromWho="1" sc="230,0,280,-77,240,0,230,97" /><INIT seed="2,0,0,3,4,67" ten="230,203,240,327" oya="2" hai0="28,88,16,99,117,112,20,30,57,13,121,25,113" hai1="52,97,33,11,79,107,21,3,127,24,38,22,82" hai2="116,135,106,36,126,64,89,109,85,129,75,102,73" hai3="123,18,7,10,17,120,48,63,34,91,4,103,122"/><V118/><F36/><W115/><G103/><T40/><D121/><U96/><E38/><V92/><F64/><W35/><G63/><T44/><D117/><N who="2" m="45162" /><F129/><W77/><G77/><T133/><D133/><U6/><E127/><V54/><F54/><W108/><G48/><T8/><D30/><U5/><E5/><N who="3" m="2122" /><G91/><T76/><D76/><U71/><E71/><V70/><F70/><W12/><G108/><T80/><D57/><U124/><E124/><V128/><F126/><W105/><G105/><T15/><D13/><U2/><E2/><V78/><F128/><W68/><G68/><T86/><REACH who="0" step="1"/><D99/><REACH who="0" ten="220,203,240,327" step="2"/><U69/><E69/><V9/><F135/><W60/><G12/><T29/><D29/><U100/><E96/><N who="2" m="61767" /><F109/><W66/><G123/><T37/><AGARI ba="0,1" hai="8,15,16,20,25,28,37,40,44,80,86,88,112,113" machi="37" ten="20,8000,1" yaku="1,1,0,1,7,1,54,2,53,0" doraHai="67" doraHaiUra="59" who="0" fromWho="0" sc="220,90,203,-20,240,-40,327,-20" /><INIT seed="3,0,0,2,3,32" ten="310,183,200,307" oya="3" hai0="116,78,103,66,134,48,112,98,94,28,101,7,93" hai1="26,54,60,63,20,132,114,79,58,25,95,81,50" hai2="69,82,5,57,52,128,8,131,55,15,62,47,30" hai3="113,74,1,40,41,17,87,108,89,65,23,86,31"/><W36/><G113/><T125/><D28/><U39/><E114/><V16/><F69/><W53/><G74/><T84/><D112/><U14/><E39/><V45/><F30/><W106/><G106/><T130/><D66/><U43/><E132/><V67/><F82/><W56/><G108/><T80/><D116/><U119/><E119/><V2/><F47/><W115/><G115/><T109/><D7/><U90/><E14/><V24/><F24/><W59/><G1/><T126/><D48/><U72/><E43/><V105/><F105/><W0/><G0/><T49/><D49/><U77/><E79/><V51/><REACH who="2" step="1"/><F67/><REACH who="2" ten="310,183,190,307" step="2"/><W71/><G31/><T29/><D29/><U102/><E26/><V110/><F110/><W61/><G71/><T6/><D109/><U122/><E122/><V12/><F12/><N who="3" m="9639" /><G36/><T83/><D83/><U85/><E25/><V124/><F124/><W107/><G107/><T18/><D80/><U76/><E77/><V10/><AGARI ba="0,1" hai="2,5,8,10,15,16,45,51,52,55,57,62,128,131" machi="10" ten="30,8000,1" yaku="1,1,0,1,52,1,54,2,53,0" doraHai="32" doraHaiUra="64" who="2" fromWho="2" sc="310,-20,183,-20,190,90,307,-40" /><INIT seed="4,0,0,1,4,100" ten="290,163,280,267" oya="0" hai0="11,39,94,43,45,22,3,89,32,29,124,14,117" hai1="108,38,79,77,25,1,98,132,24,13,42,102,6" hai2="2,35,8,75,16,122,50,68,23,0,58,90,20" hai3="126,119,84,47,66,128,114,131,15,76,109,28,62"/><T97/><D117/><U78/><E108/><V73/><F68/><W106/><G119/><T48/><D124/><U64/><E132/><V82/><F23/><W92/><G109/><T111/><D111/><U130/><E130/><V63/><F50/><W30/><G126/><T53/><D32/><U95/><E1/><V56/><F58/><W65/><G114/><T86/><D3/><U52/><E64/><V55/><F35/><W105/><G15/><T85/><D22/><U104/><E38/><V37/><F37/><W120/><G47/><T91/><D29/><N who="3" m="11369" /><G120/><T36/><D43/><U110/><E42/><V41/><F41/><W31/><G31/><T9/><D97/><U69/><E69/><V10/><F2/><W135/><G135/><T40/><D9/><N who="1" m="4279" /><E104/><N who="3" m="40042" /><G62/><T57/><D39/><U7/><E7/><V17/><F122/><W112/><G112/><T113/><D113/><U107/><E107/><V59/><F0/><W118/><G118/><T96/><D89/><U121/><E121/><V44/><F90/><N who="3" m="53319" /><G76/><N who="1" m="19458" /><U49/><DORA hai="46" /><E110/><V101/><F8/><W60/><G60/><T5/><AGARI ba="0,0" hai="5,11,14,36,40,45,48,53,57,85,86,91,94,96" machi="5" ten="20,3900,0" yaku="0,1,7,1,52,1" doraHai="100,46" who="0" fromWho="0" sc="290,39,163,-13,280,-13,267,-13" /><INIT seed="4,1,0,0,5,10" ten="329,150,267,254" oya="0" hai0="57,14,52,33,98,6,104,122,135,103,30,82,97" hai1="29,132,41,39,84,37,38,125,107,80,19,127,128" hai2="121,28,111,116,7,60,110,13,102,42,90,66,70" hai3="68,34,73,1,12,100,31,71,58,59,45,27,40"/><T76/><D122/><U109/><E109/><V81/><F121/><W79/><G1/><T20/><D33/><U21/><E107/><V113/><F113/><W112/><G112/><T8/><D135/><U62/><E132/><V92/><F116/><W65/><G100/><T114/><D114/><U61/><E41/><V35/><F42/><W51/><G79/><T108/><D108/><U55/><E29/><V101/><F81/><W4/><G73/><T69/><D69/><U105/><E105/><V94/><F94/><W130/><G130/><T106/><D30/><U117/><E117/><V3/><F3/><W9/><REACH who="3" step="1"/><G65/><REACH who="3" ten="329,150,267,244" step="2"/><T49/><D103/><U134/><E128/><V89/><F102/><W32/><G32/><T43/><D106/><U47/><E134/><V96/><F111/><W133/><G133/><T24/><D104/><U16/><E127/><V75/><F75/><W93/><G93/><T36/><D76/><U46/><E125/><V91/><F110/><W26/><G26/><T88/><D82/><U72/><E72/><V126/><F126/><W18/><G18/><T124/><D124/><U99/><E19/><V15/><REACH who="2" step="1"/><F7/><REACH who="2" ten="329,150,257,244" step="2"/><W50/><G50/><T74/><D74/><U44/><E80/><V131/><F131/><W53/><G53/><T78/><D52/><U11/><E55/><V54/><F54/><W123/><G123/><T23/><D49/><U85/><E37/><V22/><F22/><W0/><G0/><T63/><D36/><U25/><E38/><V2/><F2/><W56/><AGARI ba="1,2" hai="4,9,12,27,31,34,40,45,51,56,58,59,68,71" machi="56" ten="30,4000,0" yaku="1,1,0,1,52,1,53,0" doraHai="10" doraHaiUra="95" who="3" fromWho="3" sc="329,-21,150,-11,257,-11,244,63" /><INIT seed="5,0,0,1,2,87" ten="308,139,246,307" oya="1" hai0="61,35,2,24,67,79,113,84,47,4,111,110,1" hai1="44,88,130,98,41,15,45,14,129,54,100,20,101" hai2="11,31,119,96,123,89,39,135,57,109,50,59,102" hai3="115,71,106,53,94,78,81,5,8,68,51,72,131"/><U92/><E54/><V134/><F109/><W121/><G106/><T29/><D113/><U55/><E55/><V83/><F39/><W85/><G115/><T58/><D47/><U22/><E22/><V19/><F31/><W124/><G121/><T63/><D111/><U97/><E45/><V66/><F119/><W86/><G131/><N who="1" m="50186" /><E20/><V90/><F123/><W26/><G26/><T125/><D110/><U0/><E0/><V23/><F83/><W93/><G71/><T132/><D4/><U34/><E34/><V46/><F11/><W49/><G68/><T30/><D30/><U27/><E27/><V128/><F128/><W118/><G118/><T127/><D132/><N who="2" m="50730" /><F66/><W33/><G33/><T120/><D63/><U10/><E98/><V9/><F9/><W69/><G69/><T37/><D37/><N who="1" m="21551" /><E15/><N who="2" m="9727" /><F59/><W12/><G8/><T18/><D120/><U80/><E80/><V36/><F57/><W76/><G81/><N who="0" m="47167" /><D18/><AGARI ba="0,0" hai="10,14,18,88,92,97,100,101" m="21551,50186" machi="18" ten="30,5800,0" yaku="19,1,52,1,54,1" doraHai="87" who="1" fromWho="0" sc="308,-58,139,58,246,0,307,0" /><INIT seed="5,1,0,0,5,59" ten="250,197,246,307" oya="1" hai0="36,75,66,48,21,53,51,72,55,130,106,23,77" hai1="2,135,61,100,40,134,34,29,70,87,52,104,96" hai2="117,101,62,67,64,46,111,74,7,3,88,42,98" hai3="105,73,16,65,39,99,38,92,85,89,37,97,8"/><U13/><E2/><V94/><F111/><W6/><G73/><T125/><D36/><U45/><E13/><V58/><F74/><W119/><G119/><T76/><D76/><U31/><E87/><V41/><F117/><W93/><G105/><T122/><D106/><U103/><E103/><V17/><F17/><W78/><G78/><T123/><D66/><N who="1" m="41295" /><E52/><V10/><F67/><W118/><G118/><T9/><D77/><U56/><E56/><V0/><F0/><W131/><G65/><T12/><D12/><U33/><E31/><V25/><F25/><W47/><G47/><T11/><REACH who="0" step="1"/><D125/><REACH who="0" ten="240,197,246,307" step="2"/><U129/><E129/><AGARI ba="1,1" hai="9,11,21,23,48,51,53,55,72,75,122,123,129,130" machi="129" ten="25,6400,0" yaku="1,1,2,1,22,2,53,0" doraHai="59" doraHaiUra="115" who="0" fromWho="1" sc="240,77,197,-67,246,0,307,0" /><INIT seed="6,0,0,4,0,118" ten="317,130,246,307" oya="2" hai0="38,94,37,57,68,97,108,81,69,34,105,84,114" hai1="110,7,123,77,44,25,135,83,132,52,61,5,91" hai2="111,35,133,67,60,129,72,6,85,82,9,126,71" hai3="120,20,76,14,48,13,31,80,2,62,3,128,39"/><V87/><F129/><W16/><G39/><T11/><D105/><U53/><E110/><V50/><F35/><W4/><G128/><T119/><D34/><U41/><E91/><V51/><F111/><W73/><G120/><T63/><D108/><U27/><E41/><V115/><F115/><W131/><G131/><T26/><D114/><U18/><E44/><V33/><F33/><W74/><G74/><T40/><D119/><U102/><E102/><V22/><F133/><W124/><G124/><T92/><D92/><U49/><E61/><V15/><F126/><W116/><G116/><T88/><D26/><U117/><E117/><V95/><F22/><W46/><G62/><T130/><D11/><U17/><E83/><V75/><F95/><W79/><G79/><T65/><D130/><U112/><E77/><V55/><F51/><W109/><G31/><T70/><REACH who="0" step="1"/><D40/><REACH who="0" ten="307,130,246,307" step="2"/><U12/><E112/><V90/><REACH who="2" step="1"/><F87/><REACH who="2" ten="307,130,236,307" step="2"/><W64/><G109/><T103/><AGARI ba="0,2" hai="37,38,57,63,65,68,69,70,81,84,88,94,97,103" machi="103" ten="30,8000,1" yaku="1,1,2,1,0,1,54,1,53,1" doraHai="118" doraHaiUra="98" who="0" fromWho="0" sc="307,100,130,-20,236,-40,307,-20" /><INIT seed="7,0,0,2,0,43" ten="407,110,196,287" oya="3" hai0="86,125,15,23,80,42,92,67,127,79,110,38,45" hai1="126,104,44,18,131,118,37,31,17,121,25,0,91" hai2="2,68,89,12,120,93,100,117,85,32,51,128,46" hai3="61,97,10,115,7,99,39,27,75,109,52,50,73"/><W135/><G39/><T22/><D110/><U77/><E104/><V34/><F2/><W64/><G109/><T132/><D132/><U48/><E121/><V111/><F68/><W87/><G135/><T54/><D67/><U19/><E131/><V70/><F70/><W101/><G115/><T24/><D54/><U105/><E126/><N who="0" m="48137" /><D15/><U11/><E118/><V69/><F69/><W84/><G27/><T94/><D23/><U33/><E37/><V58/><F58/><W30/><G30/><AGARI ba="0,0" hai="22,24,30,38,42,45,79,80,86,92,94" m="48137" machi="30" ten="30,2000,0" yaku="18,1,52,1" doraHai="43" who="0" fromWho="3" sc="407,20,110,0,196,0,287,-20" owari="427,52.0,110,-39.0,196,-20.0,267,7.0" /></mjloggm>