<mjloggm ver="2.3"><GO type="185" lobby="0"/><UN n0="%E9%9B%80%E3%82%B0%E3%83%A9%E3%83%BC" n1="%E3%81%B6%E3%82%8B%E3%81%AF%E3%81%A4" n2="%E3%81%95%E3%81%A8%E3%81%95%E3%81%A8%31%31" n3="" dan="16,16,17,0" rate="2112.35,2125.48,2255.17,1500.00" sx="M,M,M,C"/><TAIKYOKU oya="0"/><INIT seed="0,0,0,4,2,57" ten="350,350,350,0" oya="0" hai0="100,95,78,101,54,3,91,61,66,93,59,56,40" hai1="58,106,39,2,97,96,112,82,123,67,52,131,38" hai2="80,127,130,63,94,60,77,118,126,65,89,53,47" hai3=""/><T92/><D3/><U134/><N who="1" m="31520" /><U50/><E2/><V121/><N who="2" m="31008" /><V128/><F118/><T79/><D40/><U119/><E119/><V73/><F47/><T117/><D117/><U36/><E131/><N who="2" m="50219" /><F53/><T105/><D105/><U132/><E112/><V103/><F103/><N who="0" m="39498" /><D91/><U107/><E82/><V120/><N who="2" m="30752" /><V76/><F76/><T85/><D85/><U35/><E35/><V115/><F115/><T45/><D45/><U114/><E114/><V51/><F51/><AGARI ba="0,0" hai="51,54,56,59,61,66,78,79,92,93,95" m="39498" machi="51" ten="30,2900,0" yaku="8,1,52,1" doraHai="57" who="0" fromWho="2" sc="350,29,350,0,350,-29,0,0" /><INIT seed="0,1,0,0,2,99" ten="379,350,321,0" oya="0" hai0="95,64,37,1,36,66,53,46,78,38,32,3,45" hai1="59,39,104,56,0,49,60,120,54,70,121,125,123" hai2="83,109,92,67,73,131,102,130,124,80,97,71,51" hai3=""/><T65/><D32/><U48/><N who="1" m="30752" /><U89/><N who="1" m="31008" /><U41/><N who="1" m="31520" /><U106/><E0/><V118/><F67/><T115/><D115/><U94/><E125/><V100/><F71/><T133/><D133/><U61/><E70/><V68/><F68/><T84/><D53/><U122/><N who="1" m="31264" /><U119/><E119/><V110/><F51/><T98/><D84/><U129/><E129/><N who="2" m="49163" /><F124/><T75/><D78/><U113/><E113/><V43/><F43/><T44/><REACH who="0" step="1"/><D75/><REACH who="0" ten="369,350,321,0" step="2"/><U90/><E41/><V77/><F118/><T81/><D81/><U86/><E39/><V52/><F52/><T117/><D117/><U50/><E59/><V116/><F116/><T63/><D63/><U111/><E61/><V132/><F132/><T57/><D57/><U69/><E69/><V88/><F83/><T87/><D87/><U33/><E33/><V42/><F42/><T76/><D76/><U107/><E60/><V91/><F73/><T103/><AGARI ba="1,1" hai="1,3,36,37,38,44,45,46,64,65,66,95,98,103" machi="103" ten="40,12000,2" yaku="1,1,0,1,29,2,52,1,53,1" doraHai="99" doraHaiUra="96" who="0" fromWho="0" sc="369,132,350,-61,321,-61,0,0" /><INIT seed="0,2,0,0,1,102" ten="501,289,260,0" oya="0" hai0="125,72,62,80,109,118,134,111,53,132,82,84,117" hai1="3,48,50,119,103,35,46,69,133,88,68,45,98" hai2="131,91,60,127,76,33,99,108,115,54,65,63,120" hai3=""/><T96/><D53/><U105/><E119/><N who="0" m="45577" /><D62/><U59/><E3/><V58/><N who="2" m="30752" /><V38/><F33/><T67/><D67/><U116/><E35/><V56/><F38/><T64/><D64/><U113/><E116/><V42/><F42/><T110/><D125/><U85/><E113/><V39/><F39/><T61/><D61/><U94/><E133/><N who="0" m="51305" /><D72/><U79/><E79/><V75/><F115/><T92/><D84/><U51/><REACH who="1" step="1"/><E59/><REACH who="1" ten="501,279,260,0" step="2"/><V34/><F34/><T41/><D41/><U97/><E97/><V77/><F99/><T71/><D71/><AGARI ba="2,1" hai="45,46,48,50,51,68,69,71,85,88,94,98,103,105" machi="71" ten="40,5200,0" yaku="1,1,52,1,54,1,53,0" doraHai="102" doraHaiUra="112" who="1" fromWho="0" sc="501,-56,279,66,260,0,0,0" /><INIT seed="1,0,0,1,3,134" ten="445,345,260,0" oya="1" hai0="126,62,71,46,54,47,50,132,1,80,127,65,36" hai1="131,89,75,119,108,129,59,109,82,83,52,70,98" hai2="66,91,2,124,61,84,100,92,64,116,78,87,35" hai3=""/><U102/><E119/><V117/><F35/><T44/><D1/><U58/><E70/><V114/><F2/><T105/><D105/><U88/><E75/><V118/><F114/><T104/><D104/><U101/><E52/><V133/><F133/><T48/><D132/><U103/><E98/><V74/><F74/><T67/><D80/><N who="1" m="30763" /><E58/><V3/><F3/><T38/><D67/><U110/><E59/><V43/><F43/><T120/><N who="0" m="30752" /><T32/><D32/><U93/><E93/><V57/><F66/><T90/><D90/><AGARI ba="0,0" hai="88,89,90,101,102,103,108,109,110,129,131" m="30763" machi="90" ten="40,18000,2" yaku="28,2,14,1,10,1,34,2,54,1" doraHai="134" who="1" fromWho="0" sc="445,-180,345,180,260,0,0,0" /><INIT seed="1,1,0,5,2,116" ten="265,525,260,0" oya="1" hai0="2,41,72,83,75,45,121,37,100,117,82,39,90" hai1="67,111,109,3,127,35,65,79,103,52,126,53,122" hai2="130,87,110,135,129,47,102,46,124,131,118,114,54" hai3=""/><U49/><N who="1" m="31264" /><U96/><E3/><V85/><F118/><T95/><N who="0" m="31008" /><T108/><D2/><U70/><E35/><V73/><F73/><T80/><D117/><U59/><E79/><V69/><F69/><T104/><D39/><U134/><E134/><V107/><F135/><T105/><D108/><N who="1" m="41547" /><E53/><V63/><F110/><T0/><D0/><U128/><E128/><V74/><F74/><T71/><D71/><U34/><E34/><V132/><F132/><T115/><D115/><U81/><E81/><V43/><F114/><T38/><D38/><U68/><E68/><V120/><N who="2" m="30752" /><V55/><F131/><T36/><D36/><U1/><E1/><V76/><F76/><T93/><D80/><U60/><E67/><V88/><F130/><T92/><D83/><U101/><E101/><V58/><F102/><T62/><D82/><U61/><E60/><V89/><F63/><T40/><D100/><U113/><E113/><V119/><F129/><T97/><D72/><U66/><E66/><V32/><F32/><T106/><D75/><U86/><E86/><V48/><F55/><T125/><D62/><U99/><E99/><V98/><F54/><T42/><D97/><U51/><E51/><V57/><F98/><RYUUKYOKU ba="1,0" sc="265,-10,525,20,260,-10,0,0" hai1="49,52,59,61,65,70,96,103,126,127" /><INIT seed="1,2,0,3,4,72" ten="255,545,250,0" oya="1" hai0="46,69,40,114,135,3,0,39,98,65,81,43,102" hai1="54,44,129,41,93,50,58,57,96,113,67,59,108" hai2="37,115,89,49,62,75,78,64,34,63,125,32,123" hai3=""/><U85/><E113/><V130/><N who="2" m="31520" /><V82/><F37/><T131/><D114/><U92/><E129/><V90/><F115/><T127/><D131/><U121/><N who="1" m="31008" /><U132/><E132/><V56/><F130/><T134/><D43/><U52/><E108/><V88/><F125/><T122/><N who="0" m="31264" /><T77/><D127/><U94/><E67/><V118/><F118/><T86/><D69/><U97/><E85/><V73/><F73/><T66/><D65/><U61/><E59/><V91/><N who="2" m="22528" /><DORA hai="60" /><V119/><F119/><T100/><D66/><U111/><REACH who="1" step="1"/><E111/><REACH who="1" ten="255,535,250,0" step="2"/><V133/><F133/><T38/><D135/><U2/><E2/><V68/><F68/><T106/><D134/><U79/><E79/><V110/><F110/><T45/><D0/><U128/><E128/><V117/><F117/><T83/><D3/><U80/><E80/><V95/><F64/><T70/><D81/><U35/><E35/><V51/><F32/><T105/><D70/><U1/><E1/><V116/><F34/><T55/><D83/><U107/><E107/><V71/><F71/><T84/><D77/><U42/><E42/><V120/><N who="2" m="30752" /><V87/><F82/><T99/><D40/><U74/><E74/><V124/><F75/><RYUUKYOKU ba="2,1" sc="255,10,535,10,250,-20,0,0" hai0="38,39,45,46,55,84,86,98,99,100,102,105,106" hai1="41,44,50,52,54,57,58,61,92,93,94,96,97" /><INIT seed="1,3,1,4,5,119" ten="265,545,230,0" oya="1" hai0="77,69,67,79,96,63,38,46,41,98,48,111,2" hai1="91,88,61,57,109,102,40,127,50,99,0,81,3" hai2="100,78,70,125,80,64,55,116,131,87,71,49,39" hai3=""/><U124/><E109/><V126/><F39/><T34/><D2/><U73/><E0/><V1/><F1/><T113/><D34/><U65/><E3/><V75/><F116/><T130/><D113/><U47/><E73/><V85/><F131/><T132/><D130/><U89/><REACH who="1" step="1"/><E81/><REACH who="1" ten="265,535,230,0" step="2"/><V106/><F126/><T123/><N who="0" m="31520" /><T62/><D111/><U83/><E83/><V66/><F125/><T101/><D132/><U112/><E112/><V59/><F75/><T115/><D115/><U134/><E134/><V51/><F80/><T45/><D63/><U84/><E84/><V35/><F87/><T120/><N who="0" m="30752" /><T128/><D128/><U44/><E44/><V72/><F85/><T104/><REACH who="0" step="1"/><D96/><REACH who="0" ten="255,535,230,0" step="2"/><U86/><E86/><V56/><F72/><T68/><D68/><U54/><E54/><AGARI ba="3,3" hai="38,41,45,46,48,54,62,67,69,77,79,98,101,104" m="30752,31520" machi="54" ten="30,12000,2" yaku="1,1,7,1,52,4,53,1" doraHai="119" doraHaiUra="94" who="0" fromWho="1" sc="255,156,535,-126,230,0,0,0" /><INIT seed="2,0,0,1,5,65" ten="411,409,230,0" oya="2" hai0="100,41,95,93,43,85,126,60,69,34,70,40,62" hai1="79,123,118,111,96,46,51,49,36,33,119,131,39" hai2="114,90,2,57,122,0,87,110,74,101,104,32,72" hai3=""/><V59/><N who="2" m="31264" /><V83/><F114/><T91/><D34/><U78/><N who="1" m="31520" /><U77/><E33/><V86/><F32/><T47/><D126/><U121/><N who="1" m="31008" /><U61/><E131/><V102/><F110/><T55/><D100/><U3/><E3/><V115/><F115/><T116/><D116/><N who="1" m="44587" /><E111/><V103/><F104/><T98/><D70/><U82/><E96/><V67/><F2/><T71/><D71/><U92/><E92/><V97/><F97/><T53/><D69/><U99/><E99/><V112/><F112/><T50/><D55/><U134/><E134/><V132/><F132/><T135/><D135/><U80/><E61/><N who="0" m="23657" /><D98/><U58/><E58/><V127/><F0/><T66/><D66/><U130/><E130/><V42/><F67/><T105/><D105/><U88/><E88/><V120/><N who="2" m="30752" /><V54/><F59/><T64/><D64/><U128/><E128/><V37/><F127/><T73/><D73/><U125/><E125/><V48/><REACH who="2" step="1"/><F86/><REACH who="2" ten="411,409,220,0" step="2"/><T1/><D1/><U129/><E129/><V35/><F35/><T81/><AGARI ba="0,1" hai="40,41,43,47,50,53,81,85,91,93,95" m="23657" machi="81" ten="30,800,0" yaku="8,1" doraHai="65" who="0" fromWho="0" sc="411,18,409,-3,220,-5,0,0" /><INIT seed="4,0,0,5,3,55" ten="429,406,215,0" oya="0" hai0="86,112,129,35,81,54,117,32,83,127,121,44,67" hai1="126,100,69,76,114,59,53,78,38,109,52,94,51" hai2="77,47,73,72,99,48,108,64,101,58,68,119,42" hai3=""/><T49/><N who="0" m="31008" /><T104/><D117/><U71/><E109/><V130/><F108/><T2/><D2/><U106/><E38/><V56/><F119/><T134/><D104/><U98/><E126/><V133/><F133/><T84/><D127/><U115/><E106/><V102/><F130/><T66/><D134/><U92/><E92/><V3/><F102/><T90/><D129/><U63/><E76/><V96/><F96/><T34/><REACH who="0" step="1"/><D112/><REACH who="0" ten="419,406,215,0" step="2"/><N who="1" m="43051" /><E78/><AGARI ba="0,1" hai="32,34,35,44,49,54,66,67,78,81,83,84,86,90" m="31008" machi="78" ten="40,3900,0" yaku="1,1,52,1,53,0" doraHai="55" doraHaiUra="33" who="0" fromWho="1" sc="419,49,406,-39,215,0,0,0" /><INIT seed="4,1,0,1,5,75" ten="468,367,215,0" oya="0" hai0="130,110,49,58,42,45,85,1,40,117,126,61,34" hai1="132,103,76,62,93,121,82,38,112,120,91,84,129" hai2="52,125,65,107,37,86,69,3,59,72,98,135,118" hai3=""/><T131/><D1/><U116/><N who="1" m="30752" /><U113/><N who="1" m="31008" /><U104/><E38/><V124/><F72/><T46/><D34/><U60/><E116/><V67/><F37/><T115/><D117/><U32/><E32/><V33/><F33/><T122/><N who="0" m="31264" /><T0/><D0/><U127/><E132/><V36/><F36/><T105/><D105/><U95/><E127/><V90/><F135/><T119/><D119/><U70/><E129/><N who="0" m="49161" /><D126/><N who="2" m="48746" /><F3/><T133/><D133/><U64/><E60/><V123/><N who="2" m="31520" /><V50/><F69/><T96/><D110/><U89/><E104/><V41/><F118/><T80/><D115/><N who="1" m="44107" /><E103/><V87/><F107/><T106/><D106/><U63/><E63/><V73/><F67/><T74/><D74/><U100/><E100/><V92/><F73/><T35/><D35/><U109/><E109/><V56/><F41/><T94/><D46/><U111/><E111/><V39/><F39/><T108/><D108/><U128/><E128/><V101/><F101/><T77/><D40/><U97/><E93/><V78/><F65/><T134/><D134/><U88/><AGARI ba="1,0" hai="62,64,70,76,82,84,88,89,91,95,97" m="44107,31008,30752" machi="88" ten="30,9000,2" yaku="15,1,11,1,52,3,54,1" doraHai="75" who="1" fromWho="1" sc="468,-61,367,92,215,-31,0,0" /><INIT seed="5,0,0,2,3,103" ten="407,459,184,0" oya="1" hai0="90,60,40,73,107,75,115,127,121,0,77,42,92" hai1="55,114,108,78,98,44,51,64,94,79,63,124,120" hai2="126,135,87,81,122,134,119,109,128,33,86,104,101" hai3=""/><U123/><N who="1" m="30752" /><U45/><N who="1" m="31520" /><U39/><E114/><V68/><N who="2" m="31264" /><V95/><F68/><T56/><N who="0" m="31008" /><T117/><D0/><U74/><E124/><V99/><F33/><T130/><D127/><U53/><E108/><V102/><F126/><T38/><D115/><U100/><E74/><V61/><F61/><T52/><D130/><U83/><E83/><V89/><F109/><T46/><D117/><U133/><E133/><N who="2" m="50699" /><F128/><T70/><D42/><U97/><E97/><V62/><F62/><T36/><D36/><U72/><E72/><V66/><F66/><T54/><D54/><U1/><E1/><V88/><F102/><T37/><D37/><U2/><E2/><V105/><F119/><T118/><D118/><U65/><E65/><V84/><F84/><T41/><D41/><U129/><E129/><V85/><F85/><T49/><D77/><U47/><E39/><V111/><F111/><T93/><D75/><U59/><REACH who="1" step="1"/><E53/><REACH who="1" ten="407,449,184,0" step="2"/><V113/><F113/><T71/><D73/><U32/><E32/><V3/><F3/><T96/><D38/><U35/><E35/><V58/><F58/><AGARI ba="0,1" hai="44,45,47,51,55,58,59,63,64,78,79,94,98,100" m="31520,30752" machi="58" ten="40,12000,1" yaku="1,1,8,1,52,2,53,0" doraHai="103" doraHaiUra="110" who="1" fromWho="2" sc="407,0,449,130,184,-120,0,0" /><INIT seed="5,1,0,5,3,50" ten="407,579,64,0" oya="1" hai0="122,92,76,38,54,3,37,42,73,129,53,100,98" hai1="131,77,104,67,64,102,79,46,123,96,47,133,112" hai2="118,108,109,93,65,105,66,40,72,34,132,95,43" hai3=""/><U99/><N who="1" m="31520" /><U114/><E131/><V117/><F105/><T126/><N who="0" m="31264" /><T63/><D3/><U59/><E133/><V135/><REACH who="2" step="1"/><F72/><REACH who="2" ten="407,579,54,0" step="2"/><T56/><D73/><U124/><E124/><V35/><AGARI ba="1,1" hai="34,35,40,43,65,66,93,95,108,109,117,118,132,135" machi="35" ten="25,9000,2" yaku="1,1,2,1,0,1,22,2,53,2" doraHai="50" doraHaiUra="2" who="2" fromWho="2" sc="407,-31,579,-61,54,102,0,0" /><INIT seed="6,0,0,4,1,51" ten="376,518,156,0" oya="2" hai0="32,73,64,63,104,60,44,135,70,61,76,109,40" hai1="131,119,49,66,107,87,67,33,37,38,62,81,128" hai2="68,52,124,106,53,122,92,99,127,36,85,2,126" hai3=""/><V42/><N who="2" m="31264" /><V82/><F2/><T65/><D32/><U130/><E33/><V105/><F68/><T96/><D109/><U86/><E107/><N who="2" m="40971" /><F42/><T110/><D110/><U39/><E119/><V79/><F36/><T115/><D135/><U129/><E129/><V1/><F1/><T108/><D108/><U47/><E81/><V41/><F41/><T35/><D35/><U103/><E103/><AGARI ba="0,0" hai="52,53,79,82,85,92,99,103,124,126,127" m="40971,31264" machi="103" ten="40,12000,1" yaku="18,1,52,3,54,1" doraHai="51" who="2" fromWho="1" sc="376,0,518,-120,156,120,0,0" /><INIT seed="6,1,0,1,3,83" ten="376,398,276,0" oya="2" hai0="62,104,86,129,105,135,3,33,101,71,53,77,112" hai1="88,89,40,54,49,119,58,93,125,106,46,109,70" hai2="107,61,37,60,2,117,50,84,90,0,74,108,98" hai3=""/><V44/><F117/><T48/><D3/><U36/><E109/><V32/><F32/><T134/><D33/><U110/><E110/><V82/><F108/><T75/><D75/><U85/><E119/><V113/><F37/><T55/><D129/><U35/><E35/><V127/><F127/><T116/><D116/><U47/><E125/><V97/><F0/><T68/><D112/><U94/><E70/><N who="0" m="26665" /><D62/><N who="2" m="24170" /><F2/><T123/><N who="0" m="31520" /><T132/><D101/><U92/><E106/><N who="0" m="41065" /><D48/><U133/><E133/><V41/><F74/><T126/><D126/><U64/><E64/><V51/><F107/><T79/><D86/><U131/><E131/><V124/><F124/><T66/><D66/><U45/><E94/><V1/><F1/><T87/><D87/><AGARI ba="1,0" hai="36,40,45,46,47,49,54,58,85,87,88,89,92,93" machi="87" ten="30,8000,1" yaku="7,1,9,1,52,2,54,1" doraHai="83" who="1" fromWho="0" sc="376,-82,398,82,276,0,0,0" owari="294,-11.0,480,43.0,276,-32.0,0,0.0" /></mjloggm>