<mjloggm ver="2.3"><GO type="169" lobby="0"/><UN n0="%E9%81%8A%E8%B5%B0" n1="%42%41%4E%44%49%54" n2="%6B%69%79%6F%70%69%6E" n3="%E3%82%AE%E3%82%AC%E3%83%9E%E3%82%A4%E3%83%B3" dan="17,16,16,16" rate="2173.38,2157.10,2126.08,2131.07" sx="M,M,M,M"/><TAIKYOKU oya="0"/><INIT seed="0,0,0,1,4,27" ten="250,250,250,250" oya="0" hai0="99,83,65,17,123,24,33,111,4,114,124,52,54" hai1="66,30,61,131,86,84,69,127,47,81,120,3,49" hai2="91,113,90,75,68,97,38,48,7,94,23,110,100" hai3="36,128,71,108,93,64,15,59,16,50,92,5,125"/><T29/><D123/><U85/><E120/><V126/><F113/><W60/><G108/><T115/><D111/><U46/><E3/><V70/><F38/><W109/><G109/><T19/><D124/><U14/><E127/><V76/><F126/><W82/><G125/><T32/><D32/><U13/><E131/><V20/><F7/><W107/><G107/><T55/><D65/><U62/><E81/><V116/><F116/><W12/><G128/><T122/><D122/><U135/><E135/><V102/><F48/><W6/><G36/><T72/><D4/><U41/><E62/><V67/><F110/><W57/><G82/><T78/><REACH who="0" step="1"/><D99/><REACH who="0" ten="240,250,250,250" step="2"/><U18/><E66/><V106/><F67/><W37/><G5/><T10/><D10/><U1/><E69/><V8/><F8/><N who="3" m="4119" /><G71/><T103/><D103/><U28/><E1/><V112/><F70/><W117/><G117/><T118/><D118/><U79/><E79/><V2/><F68/><W25/><G37/><T35/><D35/><U56/><E47/><V44/><F44/><W0/><G0/><T9/><D9/><U129/><E129/><V88/><F2/><W80/><G64/><T134/><D134/><U45/><E45/><V53/><F102/><W96/><G96/><T121/><D121/><U74/><E46/><V22/><F76/><W39/><G39/><T21/><D21/><U104/><E56/><V87/><F100/><W77/><G59/><T42/><D42/><U98/><E41/><V11/><F97/><W51/><G77/><T26/><D26/><U58/><E98/><V101/><F101/><RYUUKYOKU ba="0,1" sc="240,30,250,-10,250,-10,250,-10" hai0="17,19,24,29,33,52,54,55,72,78,83,114,115" /><INIT seed="0,1,1,0,1,85" ten="270,240,240,240" oya="0" hai0="121,70,24,61,72,11,0,104,30,51,94,52,38" hai1="66,128,58,90,50,64,10,80,106,42,21,8,53" hai2="9,118,3,23,27,7,17,41,43,36,39,68,119" hai3="25,18,78,92,6,65,15,13,62,99,75,35,114"/><T20/><D104/><U83/><E128/><V57/><F68/><W96/><G114/><T40/><D121/><U131/><E131/><V95/><F57/><W117/><G117/><N who="2" m="44553" /><F95/><W44/><G6/><T97/><D72/><U111/><E106/><V100/><F100/><W46/><G99/><T102/><D38/><AGARI ba="1,1" hai="3,7,9,17,23,27,36,38,39,41,43" m="44553" machi="38" ten="30,1000,0" yaku="12,1" doraHai="85" who="2" fromWho="0" sc="270,-13,240,0,240,23,240,0" /><INIT seed="1,0,0,4,3,49" ten="257,240,263,240" oya="1" hai0="124,56,41,61,135,111,82,101,118,95,26,94,73" hai1="90,0,10,127,63,76,33,67,46,69,37,102,62" hai2="2,133,84,43,60,50,70,92,7,103,15,98,86" hai3="104,96,55,71,88,45,14,114,126,24,42,66,29"/><U99/><E127/><V113/><F2/><W52/><G114/><T119/><D124/><U35/><E76/><V130/><F130/><W8/><G126/><T51/><D135/><U12/><E90/><V68/><F133/><W93/><G104/><T78/><D111/><U11/><E63/><V17/><F7/><W83/><G83/><T39/><D39/><U100/><E0/><V47/><F113/><W16/><G66/><T44/><D26/><U115/><E115/><V38/><F38/><W36/><G71/><T18/><D18/><U31/><E102/><V5/><F5/><W40/><G40/><T87/><D87/><U54/><E37/><V106/><F106/><W3/><G3/><T64/><REACH who="0" step="1"/><D101/><REACH who="0" ten="247,240,263,240" step="2"/><U125/><E125/><V30/><F86/><W22/><AGARI ba="0,1" hai="8,14,16,22,24,29,36,42,45,52,55,88,93,96" machi="22" ten="20,12000,2" yaku="0,1,7,1,52,2,54,3" doraHai="49" who="3" fromWho="3" sc="247,-30,240,-60,263,-30,240,130" /><INIT seed="2,0,0,2,3,66" ten="217,180,233,370" oya="2" hai0="101,36,100,65,57,128,99,18,60,73,17,62,10" hai1="80,96,51,111,32,92,78,131,25,1,13,41,115" hai2="28,110,37,77,68,94,132,75,9,74,112,3,118" hai3="40,21,47,79,97,48,122,87,105,44,12,63,15"/><V35/><RYUUKYOKU type="yao9" ba="0,0" sc="217,0,180,0,233,0,370,0" hai2="3,9,28,35,37,68,74,75,77,94,110,112,118,132" /><INIT seed="2,1,0,0,1,115" ten="217,180,233,370" oya="2" hai0="76,16,77,18,72,122,131,27,8,6,22,103,61" hai1="111,70,36,57,84,97,49,33,3,106,37,80,121" hai2="26,126,85,30,110,98,54,134,90,40,119,64,116" hai3="109,93,63,114,31,59,58,112,120,96,86,24,104"/><V123/><F123/><W53/><G120/><T69/><D122/><U132/><E121/><RYUUKYOKU type="kaze4" ba="1,0" sc="217,0,180,0,233,0,370,0" /><INIT seed="2,2,0,5,1,92" ten="217,180,233,370" oya="2" hai0="91,30,79,49,58,97,64,15,71,86,50,26,106" hai1="130,37,85,73,127,53,1,33,75,54,3,121,112" hai2="128,120,42,0,88,18,51,80,76,48,135,113,83" hai3="94,87,102,40,117,5,78,74,14,2,100,21,99"/><V46/><F113/><W11/><G117/><T125/><D125/><U105/><RYUUKYOKU type="yao9" ba="2,0" sc="217,0,180,0,233,0,370,0" hai1="1,3,33,37,53,54,73,75,85,105,112,121,127,130" /><INIT seed="2,3,0,3,4,65" ten="217,180,233,370" oya="2" hai0="98,0,82,76,95,129,71,81,27,47,38,109,45" hai1="40,103,134,77,32,115,16,28,87,125,92,52,102" hai2="55,79,4,34,26,75,105,30,111,14,42,10,60" hai3="91,22,1,85,73,80,3,104,56,66,67,94,50"/><V84/><F111/><W128/><G128/><T133/><D109/><U15/><E115/><V48/><F105/><W18/><G104/><T89/><D129/><U72/><E134/><V126/><F126/><W88/><G1/><T13/><D133/><U64/><E40/><V68/><F75/><W106/><G3/><T44/><D0/><U49/><E125/><V61/><F68/><W132/><G106/><T135/><D135/><U78/><E72/><V107/><F107/><W7/><G7/><T83/><D71/><U31/><E64/><V46/><REACH who="2" step="1"/><F55/><REACH who="2" ten="217,180,223,370" step="2"/><N who="3" m="31863" /><G73/><T5/><D38/><U100/><E32/><V116/><F116/><W33/><G132/><T8/><REACH who="0" step="1"/><D27/><REACH who="0" ten="207,180,223,370" step="2"/><U123/><E123/><V12/><F12/><N who="3" m="9543" /><G33/><T41/><D41/><U93/><E15/><V29/><F29/><W69/><G69/><T119/><D119/><U9/><E31/><V25/><F25/><W124/><G124/><T23/><D23/><U58/><E28/><V101/><F101/><W121/><G121/><T54/><D54/><U122/><E122/><V108/><F108/><W20/><G20/><T57/><D57/><U62/><E103/><V113/><F113/><W90/><G66/><T39/><D39/><U120/><E120/><V51/><F51/><W11/><G67/><T2/><D2/><U6/><E102/><V43/><F43/><W21/><G21/><T70/><D70/><U118/><E100/><V99/><F99/><N who="3" m="57799" /><G11/><T37/><D37/><U74/><E9/><V36/><F36/><W110/><G110/><T53/><D53/><N who="1" m="32047" /><E118/><V35/><F35/><W17/><G17/><RYUUKYOKU ba="3,2" sc="207,10,180,-30,223,10,370,10" hai0="5,8,13,44,45,47,76,81,82,83,89,95,98" hai2="4,10,14,26,30,34,42,46,48,60,61,79,84" hai3="80,85,90,91" /><INIT seed="2,4,2,5,4,94" ten="217,150,233,380" oya="2" hai0="26,114,42,41,16,0,90,126,24,105,106,10,88" hai1="57,60,121,86,40,51,9,91,131,134,37,36,12" hai2="58,116,14,123,27,19,113,43,25,79,124,4,77" hai3="55,11,71,6,63,120,1,132,129,95,135,128,5"/><V54/><F113/><W3/><G120/><T104/><D114/><U74/><E74/><V48/><F116/><W127/><G95/><T61/><D61/><U81/><E131/><N who="3" m="50250" /><G55/><T89/><D126/><U50/><E134/><V119/><F124/><W69/><G127/><T98/><D98/><U56/><E121/><V8/><F119/><W111/><G111/><T23/><REACH who="0" step="1"/><D26/><REACH who="0" ten="207,150,233,380" step="2"/><U110/><E60/><V85/><F123/><W70/><G63/><T100/><D100/><U49/><E110/><V108/><F108/><W99/><G99/><T30/><D30/><U34/><E34/><V53/><F27/><W59/><G59/><T109/><D109/><U67/><E67/><V68/><F58/><W39/><G39/><T112/><D112/><U62/><E57/><V17/><F25/><W97/><G97/><T76/><D76/><U33/><E33/><V2/><F79/><W29/><G29/><T18/><D18/><U87/><E62/><V118/><F17/><W32/><G32/><T46/><D46/><U15/><E56/><V130/><F118/><W96/><G96/><T28/><D28/><U101/><E101/><V92/><F130/><W52/><G135/><T80/><D80/><U133/><E133/><V7/><F77/><W117/><G132/><T38/><D38/><U83/><E37/><V31/><F31/><W20/><G117/><T78/><D78/><U84/><E83/><V65/><F19/><W102/><G102/><T22/><D22/><U82/><E82/><V125/><F125/><W35/><G20/><T107/><N who="0" m="26624" /><DORA hai="73" /><T122/><D122/><RYUUKYOKU ba="4,3" sc="207,30,150,-10,233,-10,380,-10" hai0="0,10,16,23,24,41,42,88,89,90" /><INIT seed="3,5,3,0,3,4" ten="237,140,223,370" oya="3" hai0="106,65,78,1,116,14,110,132,21,41,22,93,0" hai1="44,120,74,8,94,31,36,10,57,87,91,83,16" hai2="85,24,114,97,100,115,13,53,66,55,77,39,86" hai3="3,34,103,126,2,112,75,99,113,48,26,61,76"/><W30/><G126/><T18/><D106/><U104/><E104/><V38/><F24/><W111/><G48/><T46/><D116/><U28/><E120/><V50/><F13/><W117/><G117/><T84/><D110/><U119/><E119/><V25/><F25/><W67/><G111/><T64/><D132/><U43/><E57/><V123/><F50/><W82/><G113/><T108/><D108/><U47/><E47/><V73/><F73/><W12/><G12/><T56/><D21/><U131/><E131/><V88/><F77/><W118/><G112/><T37/><D56/><U79/><REACH who="1" step="1"/><E16/><REACH who="1" ten="237,130,223,370" step="2"/><V89/><F123/><W69/><G118/><T127/><D127/><U90/><E90/><V29/><F100/><W107/><AGARI ba="5,4" hai="2,3,26,30,34,61,67,69,75,76,82,99,103,107" machi="107" ten="20,18000,2" yaku="0,1,7,1,25,2,33,3" doraHai="4" who="3" fromWho="3" sc="237,-65,130,-65,223,-65,370,235" /><INIT seed="3,6,0,2,4,4" ten="172,65,158,605" oya="3" hai0="47,34,26,108,33,96,124,98,128,75,7,100,111" hai1="61,133,74,129,29,24,121,25,130,50,101,86,66" hai2="11,89,43,76,90,57,70,78,77,67,22,95,126" hai3="64,97,28,40,32,117,94,30,104,110,8,44,15"/><W65/><G117/><T56/><D75/><U135/><E74/><V105/><F105/><W35/><G104/><T116/><D116/><U80/><E121/><V120/><F126/><W6/><G110/><N who="0" m="42027" /><D128/><N who="1" m="49259" /><E101/><V131/><F131/><W37/><G30/><N who="0" m="19671" /><D124/><U13/><E50/><V114/><F114/><W62/><G28/><T134/><D134/><N who="1" m="51211" /><E29/><V132/><F120/><W49/><G37/><T87/><D34/><U10/><E86/><V68/><F132/><W123/><G65/><T91/><D47/><U82/><E25/><V73/><F73/><W17/><G123/><T113/><D113/><U21/><E21/><V122/><F22/><W19/><G35/><T54/><D100/><U2/><E2/><V125/><F67/><W53/><G32/><T18/><D18/><N who="1" m="8503" /><E24/><V31/><F31/><W45/><G45/><T102/><D102/><U118/><E118/><V115/><F122/><W69/><G40/><T81/><D7/><U5/><E5/><V1/><F43/><W39/><G39/><T58/><D58/><AGARI ba="6,0" hai="58,61,66,80,82" m="8503,51211,49259" machi="58" ten="30,3900,0" yaku="19,1,20,1,52,1" doraHai="4" who="1" fromWho="0" sc="172,-57,65,57,158,0,605,0" /><INIT seed="4,0,0,1,2,29" ten="115,122,158,605" oya="0" hai0="19,41,57,13,46,115,67,0,15,95,88,101,31" hai1="25,50,45,78,79,28,96,8,63,56,111,12,119" hai2="118,39,132,73,99,61,9,24,21,100,49,86,80" hai3="128,47,32,107,48,114,129,110,33,106,123,133,10"/><T74/><D74/><U62/><E111/><V5/><F39/><W69/><G110/><T117/><D117/><U59/><E119/><V40/><F132/><W23/><G69/><T2/><D115/><U71/><E71/><V82/><F73/><W77/><G114/><T93/><D31/><U121/><E121/><V92/><F61/><W18/><G10/><T65/><D101/><U70/><E70/><V38/><F38/><W51/><G77/><T90/><D57/><N who="1" m="22091" /><E96/><V1/><F118/><W127/><G51/><T105/><D19/><N who="1" m="8583" /><E25/><V135/><F135/><W44/><G133/><T64/><D64/><U20/><E20/><V22/><F22/><W124/><G123/><T58/><D58/><U6/><E6/><V17/><F86/><W36/><G36/><T134/><D134/><U102/><E102/><V112/><F112/><W89/><G89/><T131/><D46/><U43/><E28/><V54/><F40/><W26/><G47/><AGARI ba="0,0" hai="1,5,9,17,21,24,47,49,54,80,82,92,99,100" machi="47" ten="30,1000,0" yaku="7,1" doraHai="29" who="2" fromWho="3" sc="115,0,122,0,158,10,605,-10" /><INIT seed="5,0,0,1,4,123" ten="115,122,168,595" oya="1" hai0="26,85,125,102,41,88,89,84,13,44,131,43,81" hai1="22,10,3,80,66,65,74,100,52,57,101,28,86" hai2="35,34,1,9,30,79,21,96,69,106,97,58,33" hai3="32,105,129,126,128,93,42,111,14,73,19,36,116"/><U70/><E74/><V92/><F69/><W54/><G111/><T124/><D26/><N who="1" m="16471" /><E70/><V68/><F68/><W135/><G105/><T12/><D102/><N who="1" m="39531" /><E10/><V119/><F106/><W63/><G73/><T109/><D131/><U4/><E4/><V49/><F1/><W24/><G126/><N who="0" m="48747" /><D109/><U76/><E3/><V6/><F9/><W23/><G32/><T75/><D75/><U99/><E99/><V0/><F96/><W122/><G36/><N who="0" m="21543" /><D43/><U113/><E113/><V108/><F0/><W53/><G42/><T2/><D2/><U5/><E5/><V48/><F6/><W18/><G122/><T133/><D133/><U31/><E31/><V98/><F30/><W56/><G135/><T94/><AGARI ba="0,0" hai="12,13,81,84,85,88,89,94" m="21543,48747" machi="94" ten="30,2000,0" yaku="18,1,54,1" doraHai="123" who="0" fromWho="0" sc="115,20,122,-10,168,-5,595,-5" /><INIT seed="6,0,0,5,4,30" ten="135,112,163,590" oya="2" hai0="53,132,8,22,105,77,127,4,43,58,130,48,27" hai1="14,0,60,45,106,72,114,98,25,107,26,20,17" hai2="69,41,79,39,100,78,104,125,121,117,94,65,59" hai3="10,80,113,35,16,120,12,119,57,86,99,11,23"/><V7/><F117/><W133/><G119/><T31/><D127/><U61/><E0/><V62/><F121/><W70/><G120/><T54/><D132/><U101/><E72/><V135/><F104/><W122/><G70/><T50/><D130/><U19/><E114/><V102/><F125/><W76/><G122/><T29/><D105/><U2/><E2/><V85/><F7/><W82/><G35/><T75/><D43/><U5/><E107/><V131/><F135/><W38/><G133/><T111/><D111/><U52/><E5/><V24/><F131/><W51/><G38/><T46/><D75/><U32/><E32/><V67/><F41/><W95/><G82/><T33/><D77/><U126/><E126/><V47/><F47/><W108/><G113/><T116/><D116/><U109/><E109/><V9/><F39/><W83/><G83/><T13/><D33/><U90/><E90/><N who="2" m="53583" /><F9/><W88/><G108/><T40/><REACH who="0" step="1"/><D40/><REACH who="0" ten="125,112,163,590" step="2"/><U3/><E106/><V87/><F79/><W73/><G73/><T63/><D63/><U97/><E61/><V112/><F78/><W123/><G123/><T55/><D55/><AGARI ba="0,1" hai="10,11,12,16,23,51,55,57,76,80,86,88,95,99" machi="55" ten="40,5200,0" yaku="8,1,54,2" doraHai="30" who="3" fromWho="0" sc="125,-52,112,0,163,0,590,62" /><INIT seed="7,0,0,5,1,8" ten="73,112,163,652" oya="3" hai0="98,33,107,93,40,78,13,96,53,132,47,83,6" hai1="37,14,28,25,3,0,79,73,123,125,36,124,70" hai2="44,105,10,113,34,54,109,17,67,119,103,87,15" hai3="101,75,7,69,2,122,68,38,134,90,50,4,121"/><W20/><G75/><T64/><D33/><N who="1" m="20623" /><E123/><V110/><F119/><W77/><G38/><N who="1" m="14954" /><E70/><V43/><F34/><W41/><G77/><T92/><D132/><U128/><E128/><V89/><F113/><W23/><G134/><T72/><D64/><U116/><E116/><V16/><F67/><W81/><G101/><T62/><D62/><U127/><E14/><N who="2" m="7255" /><F43/><W114/><G114/><T61/><D61/><U84/><E84/><V48/><F105/><W97/><G41/><T42/><D53/><U59/><E59/><V76/><F76/><W51/><G97/><T39/><D42/><U56/><E56/><V130/><F103/><W1/><G81/><AGARI ba="0,0" hai="0,3,73,79,81,124,125,127" m="14954,20623" machi="81" ten="40,2600,0" yaku="18,1,23,1" doraHai="8" who="1" fromWho="3" sc="73,0,112,26,163,0,652,-26" owari="73,-43.0,138,-26.0,163,-4.0,626,73.0" /></mjloggm>