<mjloggm ver="2.3"><GO type="169" lobby="0"/><UN n0="%EF%BC%8A%EF%BC%8A%E8%8D%92%E5%B7%9D%E6%86%A9%EF%BC%8A%EF%BC%8A" n1="%7A%6B%75%72%74" n2="%E4%B8%8A%E9%96%93%E7%AB%9C%E4%B9%9F" n3="%E3%83%89%E3%83%A9%EF%BC%91%EF%BC%92%EF%BC%90%EF%BC%85" dan="18,17,16,17" rate="2228.71,2243.73,2077.36,2245.17" sx="M,M,M,M"/><TAIKYOKU oya="0"/><INIT seed="0,0,0,4,5,11" ten="250,250,250,250" oya="0" hai0="76,91,22,107,63,65,48,115,46,28,61,21,4" hai1="102,122,110,108,103,62,118,37,2,89,69,44,15" hai2="6,29,27,68,113,135,112,127,39,24,117,99,80" hai3="131,104,49,105,0,74,95,70,71,128,129,97,100"/><T7/><D115/><U5/><E122/><V18/><F80/><W10/><G74/><T19/><D107/><N who="3" m="41033" /><G49/><T84/><D76/><U16/><E118/><V58/><F99/><W33/><G33/><T116/><D116/><U52/><E2/><V85/><F85/><W47/><G47/><T20/><D28/><U1/><E1/><V114/><F58/><W55/><G55/><T23/><D4/><AGARI ba="0,0" hai="0,4,10,70,71,95,97,100,128,129,131" m="41033" machi="4" ten="40,1300,0" yaku="19,1" doraHai="11" who="3" fromWho="0" sc="250,-13,250,0,250,0,250,13" /><INIT seed="1,0,0,5,1,41" ten="237,250,250,263" oya="1" hai0="35,36,66,22,115,102,8,6,3,2,53,123,71" hai1="76,100,31,60,111,27,130,95,74,85,40,58,126" hai2="32,20,19,124,0,86,73,105,97,113,16,11,21" hai3="87,28,17,75,134,13,80,30,125,34,56,88,99"/><U47/><E130/><V122/><F73/><W64/><G75/><T78/><D115/><U37/><E126/><V120/><F97/><W118/><G34/><T109/><D35/><U59/><E74/><V117/><F86/><W55/><G134/><T70/><D2/><U29/><E111/><V65/><F65/><W93/><G64/><T83/><D109/><U1/><E1/><V106/><F32/><W49/><G118/><T25/><D123/><U54/><E27/><V92/><F92/><W45/><G56/><T132/><D132/><U50/><E100/><V15/><F117/><W68/><G68/><T5/><D5/><U94/><E94/><V4/><F124/><W129/><G129/><T23/><D102/><U63/><E37/><V42/><F113/><W112/><G112/><T69/><D66/><U82/><E95/><V9/><F42/><W10/><G125/><T46/><D25/><U128/><E128/><V39/><F39/><W89/><AGARI ba="0,0" hai="10,13,17,28,30,45,49,55,80,87,88,89,93,99" machi="89" ten="20,12000,2" yaku="0,1,7,1,25,2,8,1,52,1,54,1" doraHai="41" who="3" fromWho="3" sc="237,-30,250,-60,250,-30,263,120" /><INIT seed="2,0,0,2,0,104" ten="207,190,220,383" oya="2" hai0="68,101,114,82,97,110,77,107,71,20,27,120,87" hai1="91,45,116,32,85,30,86,133,3,50,2,130,58" hai2="117,95,18,42,81,36,123,29,4,22,74,72,115" hai3="52,125,80,100,0,76,46,105,126,128,98,34,119"/><V90/><F117/><W61/><G119/><T135/><D120/><U6/><E116/><V57/><F123/><W23/><G34/><T25/><D114/><U99/><E133/><V66/><F115/><W64/><G0/><T9/><D135/><U88/><E130/><V7/><F29/><W108/><G128/><T16/><D110/><U39/><E39/><V44/><F81/><W106/><G106/><T62/><D62/><U79/><E58/><V12/><F66/><W69/><G108/><T78/><D78/><U17/><E79/><V113/><F113/><W43/><G23/><T89/><D9/><U94/><E6/><V84/><REACH who="2" step="1"/><F57/><REACH who="2" ten="207,190,210,383" step="2"/><W1/><G125/><T10/><D77/><U38/><E30/><V124/><F124/><W24/><G126/><T75/><D71/><U28/><E28/><V51/><F51/><W53/><G80/><T8/><D68/><U121/><E121/><V41/><F41/><W112/><G43/><T54/><D54/><U13/><E38/><V33/><F33/><W131/><G53/><T37/><D37/><U47/><E32/><V14/><F14/><W49/><G112/><T111/><D111/><U67/><E67/><V103/><F103/><W59/><G1/><T31/><D75/><AGARI ba="0,1" hai="4,7,12,18,22,36,42,44,72,74,75,84,90,95" machi="75" ten="40,12000,1" yaku="1,1,52,3,53,0" doraHai="104" doraHaiUra="129" who="2" fromWho="0" sc="207,-120,190,0,210,130,383,0" /><INIT seed="2,1,0,4,2,14" ten="87,190,340,383" oya="2" hai0="71,79,127,94,87,97,6,106,49,42,23,12,131" hai1="21,16,88,30,130,135,17,96,11,69,19,7,110" hai2="40,73,117,4,121,84,55,107,132,29,52,62,92" hai3="124,77,37,53,102,39,45,59,65,64,115,18,1"/><V95/><F107/><W114/><G1/><T93/><D71/><U75/><E75/><V99/><F73/><W50/><G102/><T78/><D131/><U70/><E130/><V44/><F117/><W63/><G77/><T101/><D127/><U109/><E135/><V15/><F121/><W80/><G80/><T46/><D79/><U120/><E120/><V104/><F104/><W20/><G124/><T103/><D101/><U111/><E30/><V34/><F132/><W134/><G134/><T61/><D61/><U56/><E56/><V5/><F29/><W48/><G18/><T129/><D129/><U2/><E21/><V9/><F34/><W66/><G20/><T33/><D33/><U31/><E31/><V122/><F122/><W22/><G22/><T100/><D100/><U35/><E35/><V118/><F118/><W89/><G89/><T32/><D32/><U112/><E112/><N who="3" m="43050" /><G50/><T90/><D90/><U57/><E57/><V58/><F4/><W81/><G81/><N who="0" m="47543" /><D23/><U3/><E3/><V67/><F84/><W113/><N who="3" m="43058" /><W60/><DORA hai="68" /><G60/><T85/><D85/><U125/><E125/><V8/><F8/><AGARI ba="1,0" hai="6,8,12,42,46,49,93,94,97,103,106" m="47543" machi="8" ten="30,1000,0" yaku="25,1" doraHai="14,68" who="0" fromWho="2" sc="87,13,190,0,340,-13,383,0" /><INIT seed="3,0,0,5,2,34" ten="100,190,327,383" oya="3" hai0="104,105,57,63,50,77,14,116,39,33,114,68,118" hai1="52,40,54,2,17,106,134,92,11,44,59,22,93" hai2="89,119,24,65,67,113,10,31,132,108,81,135,120" hai3="72,121,1,23,61,80,125,26,4,28,6,97,100"/><W13/><G121/><T124/><D39/><U85/><E106/><V95/><F113/><W75/><G125/><T90/><D33/><U12/><E134/><N who="2" m="51243" /><F119/><W123/><G123/><T101/><D124/><U73/><E73/><V56/><F120/><W78/><G75/><T66/><D114/><U117/><E117/><V71/><F71/><W19/><G61/><T69/><D69/><U53/><E59/><V15/><F81/><W7/><G97/><T91/><D118/><U99/><E85/><N who="2" m="52655" /><F56/><W42/><G42/><T20/><D116/><U36/><REACH who="1" step="1"/><E99/><REACH who="1" ten="100,180,327,383" step="2"/><V32/><F108/><W38/><G100/><T115/><D57/><U130/><E130/><V47/><F47/><W18/><G38/><T49/><D101/><U27/><E27/><V37/><F37/><W46/><G46/><T87/><D115/><U127/><E127/><V82/><F82/><W94/><G94/><T131/><D105/><U126/><E126/><V129/><F129/><W9/><REACH who="3" step="1"/><G19/><AGARI ba="0,1" hai="10,15,19,24,31,32,65,67" m="52655,51243" machi="19" ten="30,1000,0" yaku="20,1" doraHai="34" who="2" fromWho="3" sc="100,0,180,0,327,20,383,-10" /><INIT seed="4,0,0,3,2,74" ten="100,180,347,373" oya="0" hai0="24,57,82,68,122,58,109,88,60,44,76,27,63" hai1="84,70,21,3,39,0,33,73,37,10,38,116,48" hai2="104,1,115,18,31,126,15,26,98,28,90,121,59" hai3="41,34,102,72,50,67,13,40,94,127,25,30,65"/><T22/><D122/><U4/><E116/><V124/><F121/><W133/><G72/><T125/><D125/><U42/><E73/><V96/><F115/><W118/><G118/><T49/><D109/><U81/><E33/><V52/><F1/><W114/><G133/><T12/><D68/><U108/><E108/><V100/><F90/><W47/><G41/><T130/><D130/><U79/><E70/><V89/><F89/><W107/><G107/><T56/><D12/><U2/><REACH who="1" step="1"/><E21/><REACH who="1" ten="100,170,347,373" step="2"/><V29/><F124/><W95/><G34/><T134/><D134/><U111/><E111/><V120/><F126/><W14/><G127/><T64/><D22/><U93/><E93/><V17/><F120/><W55/><G94/><T128/><D128/><U105/><E105/><V80/><F104/><W45/><G95/><T99/><D99/><U123/><E123/><V91/><F96/><W54/><G114/><T132/><D132/><U101/><E101/><V20/><F98/><W75/><G102/><T131/><D131/><U119/><E119/><V69/><F100/><W5/><G75/><T86/><D88/><U51/><E51/><N who="2" m="31135" /><F69/><W36/><G50/><T135/><D135/><U7/><E7/><V62/><F91/><W117/><G5/><T19/><D63/><U112/><E112/><V103/><F62/><W83/><G117/><T53/><D60/><U16/><E16/><V110/><F103/><W87/><G30/><T106/><D106/><U71/><E71/><V92/><F92/><W6/><G6/><T66/><D19/><N who="2" m="7178" /><F110/><W113/><G113/><T9/><D86/><RYUUKYOKU ba="0,1" sc="100,-10,170,30,347,-10,373,-10" hai1="0,2,3,4,10,37,38,39,42,48,79,81,84" /><INIT seed="5,1,1,0,2,46" ten="90,200,337,363" oya="1" hai0="32,132,126,26,40,87,63,66,112,127,71,14,96" hai1="49,3,25,45,22,0,81,128,76,82,92,19,6" hai2="102,39,48,37,31,53,41,64,129,86,38,18,61" hai3="118,122,94,1,65,109,23,117,57,103,80,85,13"/><U75/><E128/><V133/><F31/><W28/><G1/><T58/><D132/><U130/><E130/><V62/><F129/><W51/><G109/><T43/><D112/><U105/><E105/><V121/><F102/><W135/><G122/><T24/><D14/><U119/><E119/><V5/><F5/><W54/><G65/><T30/><D24/><U100/><E6/><V114/><F86/><W33/><G135/><T50/><D87/><U60/><E60/><V120/><F18/><N who="3" m="10703" /><G80/><T11/><D11/><U68/><E68/><V47/><F133/><W131/><G103/><T107/><D58/><U70/><E70/><N who="2" m="42255" /><F114/><W123/><G123/><N who="2" m="47177" /><F62/><W79/><G79/><T73/><D73/><U17/><E82/><V74/><F74/><W93/><G131/><T110/><D110/><U111/><E111/><V83/><F83/><W113/><G113/><T115/><D115/><U97/><REACH who="1" step="1"/><E19/><REACH who="1" ten="90,190,337,363" step="2"/><V99/><F99/><W35/><G117/><T2/><D2/><U90/><E90/><V20/><F20/><W104/><G118/><T56/><D96/><U69/><E69/><V8/><F8/><W134/><G134/><T125/><REACH who="0" step="1"/><D107/><REACH who="0" ten="80,190,337,363" step="2"/><U98/><E98/><V116/><F116/><W10/><G104/><T59/><D59/><AGARI ba="1,3" hai="37,38,39,41,47,48,53,59" m="47177,42255" machi="59" ten="30,7700,0" yaku="24,1,34,2,52,1" doraHai="46" who="2" fromWho="0" sc="80,-80,190,0,337,110,363,0" /><INIT seed="6,0,0,1,4,119" ten="0,190,447,363" oya="2" hai0="53,33,39,73,51,46,132,123,99,74,124,26,11" hai1="42,37,50,19,116,7,127,67,56,100,61,94,13" hai2="25,58,23,48,62,10,133,111,91,90,32,75,104" hai3="40,49,54,71,0,60,4,12,118,30,41,6,129"/><V96/><F32/><W103/><G118/><T57/><D132/><U28/><E116/><V114/><F75/><W92/><G0/><T120/><D124/><U69/><E127/><V79/><F79/><W106/><G106/><T82/><D99/><U89/><E7/><V134/><F48/><W24/><G71/><T72/><D82/><U115/><E28/><V108/><F10/><W135/><G60/><T44/><D11/><U80/><E115/><V1/><F1/><W70/><G70/><T55/><D39/><U47/><E80/><V122/><F114/><W29/><G129/><T65/><D65/><U76/><E100/><N who="2" m="62471" /><F90/><W131/><G131/><T52/><D57/><U63/><E76/><V31/><F91/><W3/><G3/><T130/><D130/><U64/><E37/><V117/><F122/><N who="0" m="46634" /><D51/><U9/><E89/><V102/><F102/><W21/><G30/><T45/><D26/><U59/><E94/><V5/><F5/><W121/><G121/><T93/><D33/><U77/><E77/><V110/><F117/><W35/><G35/><T20/><D20/><U109/><E69/><V83/><F83/><W88/><G103/><T101/><D101/><U2/><E2/><V15/><F15/><W128/><G128/><T38/><D38/><U86/><E86/><V34/><F34/><W66/><G66/><AGARI ba="0,0" hai="23,25,31,58,62,66,108,110,111,133,134" m="62471" machi="66" ten="30,1500,0" yaku="10,1" doraHai="119" who="2" fromWho="3" sc="0,0,190,0,447,15,363,-15" /><INIT seed="6,1,0,0,3,135" ten="0,190,462,348" oya="2" hai0="74,95,83,36,13,24,10,100,80,109,66,117,106" hai1="57,42,31,94,114,33,92,16,124,7,18,51,14" hai2="15,0,37,17,86,69,53,55,48,134,64,41,79" hai3="60,112,38,30,97,88,89,84,34,101,6,126,111"/><V19/><F0/><W128/><G38/><T73/><D36/><U25/><E114/><V120/><F120/><W65/><G112/><T131/><D66/><U75/><E75/><N who="0" m="28681" /><D24/><U52/><E42/><V49/><F134/><W32/><G111/><T72/><D13/><U77/><E77/><V40/><F69/><W82/><G6/><T105/><D10/><U39/><E39/><V5/><F64/><W71/><G128/><T8/><D8/><U115/><E115/><V81/><F5/><W98/><G126/><T96/><D109/><U45/><E124/><V108/><F108/><W63/><G63/><T59/><D59/><U90/><E7/><V50/><F19/><W87/><G30/><T78/><D131/><U12/><E45/><V56/><F37/><W121/><G121/><T28/><D28/><U23/><E90/><V102/><F102/><W110/><G110/><T46/><D46/><U58/><E58/><N who="2" m="33063" /><F50/><W43/><G43/><T99/><D117/><U116/><E116/><V123/><F123/><W27/><G27/><T47/><D47/><U11/><AGARI ba="1,0" hai="11,12,14,16,18,23,25,31,33,51,52,57,92,94" machi="11" ten="20,5200,0" yaku="0,1,7,1,54,2" doraHai="135" who="1" fromWho="1" sc="0,-14,190,55,462,-27,348,-14" owari="-14,-51.0,245,-15.0,435,53.0,334,13.0" /></mjloggm>