<mjloggm ver="2.3"><GO type="225" lobby="0"/><UN n0="%E3%83%81%E3%83%BC%E3%83%88%E3%82%A4%E7%9F%AD%E6%9C%9F%E5%A4%A7%E5%AD%A6" n1="%E8%A3%81%E3%81%8D%E3%81%AE%E9%BE%8D" n2="%6E%61%6F%6B%69%33%39" n3="%E7%AB%8B%E8%8F%AF%E5%A5%8F" dan="16,16,17,16" rate="2148.55,2033.96,2157.38,2128.11" sx="M,F,M,F"/><TAIKYOKU oya="0"/><INIT seed="0,0,0,1,0,88" ten="250,250,250,250" oya="0" hai0="21,133,42,89,54,59,68,6,109,23,2,33,12" hai1="8,53,66,125,76,85,17,82,49,87,58,86,78" hai2="34,108,128,41,99,98,103,118,45,84,112,24,77" hai3="123,4,93,5,83,132,127,115,9,44,61,55,80"/><T35/><D68/><U30/><E125/><V29/><F112/><W18/><G115/><T7/><D2/><U64/><E30/><V14/><F108/><W43/><G127/><T75/><D75/><U117/><E117/><V130/><F118/><W135/><G123/><T124/><D124/><U19/><E78/><V126/><F126/><W116/><G116/><T56/><D54/><U129/><E129/><N who="2" m="49771" /><F14/><W15/><G61/><T97/><D89/><U134/><E134/><N who="3" m="51242" /><G55/><T101/><D133/><U67/><REACH who="1" step="1"/><E8/><REACH who="1" ten="250,240,250,250" step="2"/><V63/><F77/><W36/><G5/><T0/><D7/><U16/><AGARI ba="0,1" hai="16,17,19,49,53,58,64,66,67,76,82,85,86,87" machi="16" ten="30,8000,1" yaku="1,1,2,1,0,1,8,1,54,1,53,0" doraHai="88" doraHaiUra="107" who="1" fromWho="1" sc="250,-40,240,90,250,-20,250,-20" /><INIT seed="1,0,0,2,1,3" ten="210,330,230,230" oya="1" hai0="88,91,65,68,93,73,39,7,30,52,120,115,11" hai1="100,84,56,50,94,111,43,27,126,9,12,20,35" hai2="70,41,134,57,23,83,78,15,122,55,129,105,87" hai3="133,40,77,85,125,99,5,79,6,121,21,62,18"/><U44/><E35/><V22/><F122/><W17/><G121/><T25/><D120/><U96/><E126/><V104/><F70/><W80/><G125/><T82/><D115/><U108/><E84/><V51/><F129/><W76/><G133/><T117/><D117/><U66/><E66/><V60/><F134/><W103/><G40/><T58/><D39/><U90/><E56/><V26/><F15/><W36/><G36/><T135/><D135/><U8/><E100/><V109/><F22/><W86/><G62/><T32/><D68/><U131/><E131/><V102/><F102/><W97/><G77/><T124/><D65/><U92/><E92/><V38/><F38/><W31/><G31/><T19/><D19/><U1/><E1/><V110/><F41/><W98/><G103/><T46/><D46/><U123/><E123/><V45/><F45/><W116/><G116/><T112/><D112/><U2/><E2/><V114/><F60/><W29/><G29/><T28/><D30/><N who="1" m="17767" /><E12/><V107/><REACH who="2" step="1"/><F114/><REACH who="2" ten="210,330,220,230" step="2"/><W74/><G74/><T34/><D124/><U72/><E72/><V64/><F64/><W47/><G47/><T42/><D42/><U89/><E44/><V54/><F54/><W67/><G67/><T71/><D71/><U49/><E43/><V95/><F95/><W118/><G118/><T119/><D119/><U24/><E50/><V16/><AGARI ba="0,1" hai="16,23,26,51,55,57,78,83,87,104,105,107,109,110" machi="16" ten="40,8000,1" yaku="1,1,0,1,54,1,53,1" doraHai="3" doraHaiUra="53" who="2" fromWho="2" sc="210,-20,330,-40,220,90,230,-20" /><INIT seed="2,0,0,3,4,23" ten="190,290,310,210" oya="2" hai0="57,73,94,1,128,70,59,44,25,80,28,95,30" hai1="2,117,64,51,118,5,82,66,86,55,36,9,111" hai2="21,81,102,35,115,129,89,58,92,106,53,67,68" hai3="7,47,75,132,74,15,103,134,93,52,96,98,107"/><V56/><F35/><W29/><G29/><T135/><D70/><U10/><E36/><V19/><F115/><W27/><G27/><T99/><D1/><U69/><E111/><V14/><F68/><W39/><G7/><T37/><D135/><N who="3" m="51753" /><G15/><T101/><D128/><U105/><E105/><V6/><F129/><W119/><G119/><T72/><D95/><U22/><E10/><V34/><F34/><W123/><G123/><T71/><D71/><U76/><E22/><V127/><F106/><W84/><G84/><T63/><D57/><U12/><E2/><V126/><F102/><N who="3" m="62935" /><G39/><T133/><D133/><U121/><E121/><V40/><F6/><W124/><G124/><T46/><D30/><U8/><E8/><V17/><F17/><W85/><G85/><T24/><D37/><U113/><E113/><V32/><F32/><W49/><AGARI ba="0,0" hai="47,49,52,74,75,93,96,103" m="62935,51753" machi="49" ten="30,2000,0" yaku="20,1,54,1" doraHai="23" who="3" fromWho="3" sc="190,-5,290,-5,310,-10,210,20" /><INIT seed="3,0,0,1,5,120" ten="185,285,300,230" oya="3" hai0="66,70,74,15,88,83,48,41,38,81,108,129,69" hai1="52,135,57,87,16,37,79,9,76,121,28,93,7" hai2="10,25,94,4,61,45,134,50,131,24,78,19,133" hai3="21,36,6,71,89,46,128,53,31,63,95,40,64"/><W103/><G103/><T23/><D38/><U100/><E37/><V110/><F78/><W99/><G6/><T14/><D129/><U72/><E72/><V82/><F82/><W39/><G128/><T107/><D107/><U105/><E105/><V77/><F77/><W30/><G39/><T58/><D74/><U116/><E135/><N who="2" m="51723" /><F131/><W56/><REACH who="3" step="1"/><G21/><REACH who="3" ten="185,285,300,220" step="2"/><T80/><D23/><U119/><E7/><V115/><F4/><W104/><G104/><T65/><D108/><U126/><E100/><V68/><F110/><W51/><AGARI ba="0,1" hai="30,31,36,40,46,51,53,56,63,64,71,89,95,99" machi="51" ten="20,18000,2" yaku="1,1,0,1,7,1,24,2,53,1" doraHai="120" doraHaiUra="67" who="3" fromWho="3" sc="185,-60,285,-60,300,-60,220,190" owari="125,-37.0,225,-17.0,240,4.0,410,50.0" /></mjloggm>