<mjloggm ver="2.3"><GO type="169" lobby="0"/><UN n0="%E3%81%8D%E3%81%BF%E3%81%A9%E3%82%8A%E3%82%93" n1="%E5%AE%89%E8%89%AF%E5%B2%A1%E8%8A%B1%E7%81%AB" n2="%79%6F%75%61%6C%70%68%61" n3="%E3%82%8F%E3%81%98%E2%98%86%E5%BD%A1" dan="17,16,17,16" rate="2199.51,2098.87,2146.04,2153.94" sx="F,M,M,M"/><TAIKYOKU oya="0"/><INIT seed="0,0,0,5,5,89" ten="250,250,250,250" oya="0" hai0="28,62,101,111,112,125,5,117,97,40,96,53,36" hai1="120,124,34,14,90,57,64,133,25,134,94,100,59" hai2="13,20,15,107,60,0,93,87,50,79,98,58,42" hai3="21,132,51,67,47,33,61,46,1,99,115,37,27"/><T78/><D112/><U39/><E120/><V32/><F32/><W55/><G115/><T130/><D117/><U43/><E124/><V106/><F0/><W109/><G109/><T126/><D28/><N who="1" m="19727" /><E100/><V35/><F35/><W71/><G132/><N who="1" m="50794" /><E14/><V116/><F107/><W68/><G33/><T88/><D130/><U77/><E77/><V82/><F106/><W65/><G1/><T41/><D111/><U135/><N who="1" m="50802" /><U119/><DORA hai="54" /><E64/><N who="2" m="38935" /><F20/><W56/><G99/><T52/><D78/><U49/><E39/><V108/><F108/><W128/><G128/><T122/><D5/><U17/><E17/><V76/><F76/><W30/><REACH who="3" step="1"/><G67/><REACH who="3" ten="250,250,250,240" step="2"/><T19/><D97/><N who="1" m="57559" /><E119/><V10/><F116/><W73/><G73/><T127/><D126/><U86/><E86/><V131/><F131/><W92/><G92/><T118/><D96/><U8/><E8/><V16/><F93/><W114/><G114/><T113/><D113/><U12/><E12/><N who="2" m="7191" /><F98/><W48/><G48/><T4/><D125/><U2/><E2/><V22/><F22/><W66/><G66/><T104/><D127/><U103/><E103/><V9/><F9/><W23/><G23/><T95/><D101/><U31/><E31/><V3/><F3/><W72/><G72/><T44/><D95/><U29/><E29/><V83/><F83/><W70/><G70/><T105/><D105/><U85/><E85/><V74/><F74/><W18/><G18/><T81/><D19/><U6/><E6/><V123/><F123/><W80/><G80/><T11/><D122/><U121/><E121/><V110/><F110/><RYUUKYOKU ba="0,1" sc="250,-30,250,10,250,10,240,10" hai1="43,49,57,59" hai2="13,15,42,50,79,82,87" hai3="21,27,30,37,46,47,51,55,56,61,65,68,71" /><INIT seed="1,1,1,4,3,83" ten="220,260,260,250" oya="1" hai0="118,22,72,107,3,101,13,82,104,53,14,91,127" hai1="65,102,36,1,42,47,67,29,108,9,122,16,28" hai2="17,40,114,89,121,68,59,70,132,90,115,61,54" hai3="120,94,106,39,116,57,10,49,117,27,76,77,4"/><U44/><E122/><V21/><F121/><W63/><G120/><T52/><D118/><N who="3" m="45673" /><G39/><T93/><D3/><U119/><E119/><V86/><F132/><W23/><G94/><T79/><D127/><U80/><E108/><V41/><F70/><W96/><G49/><T19/><D14/><U18/><E102/><V37/><F68/><W75/><G96/><T46/><D46/><N who="1" m="17451" /><E1/><V112/><F37/><W20/><G106/><T125/><D125/><U85/><E42/><V130/><F130/><W111/><G111/><T100/><D100/><U43/><E43/><V133/><F89/><W88/><G88/><T30/><D30/><N who="1" m="11883" /><E36/><V135/><F135/><W128/><G128/><T110/><D110/><U126/><E126/><V25/><REACH who="2" step="1"/><F133/><REACH who="2" ten="220,260,250,250" step="2"/><W31/><G77/><T69/><D69/><U58/><E58/><V124/><F124/><W24/><G76/><T103/><D103/><U99/><E99/><V123/><F123/><W60/><G57/><T32/><D104/><U87/><E80/><AGARI ba="1,2" hai="17,21,25,40,41,54,59,61,80,86,90,112,114,115" machi="80" ten="40,5200,0" yaku="1,1,11,1,52,1,53,0" doraHai="83" doraHaiUra="45" who="2" fromWho="1" sc="220,0,260,-55,250,75,250,0" /><INIT seed="2,0,0,0,0,24" ten="220,205,325,250" oya="2" hai0="112,96,11,45,14,67,25,132,114,29,126,7,61" hai1="129,8,47,5,42,3,28,0,21,135,40,52,18" hai2="93,15,116,113,71,105,62,46,128,65,100,49,91" hai3="83,111,72,33,98,38,75,60,131,36,34,101,124"/><V118/><F113/><W55/><G111/><T102/><D126/><U63/><E135/><V107/><F128/><W89/><G124/><T121/><D121/><U56/><E129/><V39/><F39/><W37/><G131/><T76/><D45/><U117/><E117/><V31/><F15/><W119/><G119/><T73/><D132/><U125/><E125/><V9/><F9/><W103/><G89/><T20/><D76/><U88/><E0/><V6/><F6/><W94/><G103/><T79/><D79/><U27/><E47/><V30/><F118/><W108/><G108/><T41/><D41/><U134/><E134/><V127/><F116/><W59/><REACH who="3" step="1"/><G83/><REACH who="3" ten="220,205,325,240" step="2"/><T23/><D112/><U32/><REACH who="1" step="1"/><E88/><REACH who="1" ten="220,195,325,240" step="2"/><V13/><F127/><W35/><AGARI ba="0,2" hai="33,34,35,36,37,38,55,59,60,72,75,94,98,101" machi="35" ten="40,5200,0" yaku="1,1,2,1,0,1,53,0" doraHai="24" doraHaiUra="19" who="3" fromWho="3" sc="220,-13,195,-13,325,-26,240,72" /><INIT seed="3,0,0,5,0,81" ten="207,182,299,312" oya="3" hai0="77,84,85,10,73,108,47,26,88,17,40,25,94" hai1="1,3,5,41,32,51,75,43,42,105,28,87,59" hai2="18,27,128,53,60,24,35,22,7,104,9,102,123" hai3="115,83,122,31,50,8,76,14,92,124,97,116,44"/><W79/><G122/><T16/><D73/><U134/><E75/><V109/><F123/><W90/><G116/><T80/><D108/><U30/><E105/><V72/><F72/><W106/><G115/><T99/><D99/><U125/><E125/><V127/><F102/><W121/><G121/><T4/><D26/><U113/><E113/><V111/><F104/><W130/><G124/><T93/><D93/><U135/><E32/><V20/><F127/><W2/><G130/><T36/><D25/><U58/><E5/><V39/><F39/><W33/><G2/><AGARI ba="0,0" hai="2,4,10,16,17,36,40,47,77,80,84,85,88,94" machi="2" ten="30,8000,1" yaku="7,1,52,2,54,2" doraHai="81" who="0" fromWho="3" sc="207,80,182,0,299,0,312,-80" /><INIT seed="4,0,0,3,3,21" ten="287,182,299,232" oya="0" hai0="78,134,20,36,17,15,100,112,70,68,114,88,57" hai1="89,12,28,97,130,29,91,135,101,102,34,18,126" hai2="56,73,76,38,4,82,48,121,99,67,27,104,50" hai3="7,113,8,132,30,94,3,14,26,107,80,31,96"/><T35/><D36/><U6/><E135/><V40/><F121/><W105/><G132/><T110/><D134/><U128/><E6/><V83/><F38/><W59/><G113/><N who="0" m="43627" /><D35/><U120/><E120/><V13/><F82/><W10/><G80/><T86/><D100/><U53/><E53/><V45/><F104/><W63/><G8/><T117/><D117/><U25/><E126/><V133/><F99/><W72/><G72/><T9/><D78/><U123/><E123/><V108/><F108/><W58/><G3/><T109/><D57/><U0/><E0/><V16/><F4/><W92/><G59/><T79/><D79/><U32/><E97/><V11/><F133/><W85/><G85/><T77/><D77/><U116/><E116/><V24/><REACH who="2" step="1"/><F50/><REACH who="2" ten="287,182,289,232" step="2"/><W103/><G105/><T122/><D122/><U75/><E75/><V64/><F64/><W95/><G107/><T118/><D118/><U44/><E130/><V90/><F90/><W19/><G7/><N who="0" m="3519" /><D110/><U115/><E128/><V51/><F51/><W22/><REACH who="3" step="1"/><G31/><REACH who="3" ten="287,182,289,222" step="2"/><T74/><D109/><U81/><E29/><V69/><F69/><W41/><G41/><T84/><D74/><U2/><E115/><V60/><AGARI ba="0,2" hai="11,13,16,24,27,40,45,48,56,60,67,73,76,83" machi="60" ten="30,8000,1" yaku="1,1,0,1,52,2,54,1,53,0" doraHai="21" doraHaiUra="111" who="2" fromWho="2" sc="287,-40,182,-20,289,100,222,-20" /><INIT seed="5,0,0,5,2,60" ten="247,162,389,202" oya="1" hai0="27,83,6,116,65,122,19,3,72,84,39,135,110" hai1="105,132,108,82,20,75,24,70,129,100,121,97,2" hai2="94,76,101,37,69,9,88,85,61,111,123,120,54" hai3="4,50,40,133,46,127,118,35,21,12,16,102,26"/><U42/><E121/><V67/><F111/><W106/><G133/><T93/><D110/><U131/><E108/><V73/><F37/><W87/><G127/><T98/><D39/><U124/><E2/><V13/><F101/><W10/><G118/><T80/><D72/><U92/><E132/><V79/><F54/><W104/><G102/><T115/><D115/><U68/><E42/><V31/><F31/><W99/><G99/><T63/><D116/><U89/><E124/><V22/><F22/><W77/><G35/><T62/><D62/><U78/><E131/><V53/><F53/><W0/><G0/><T90/><D6/><U130/><E130/><V38/><F38/><W56/><G56/><T7/><D7/><U113/><E113/><V119/><F119/><W57/><G57/><T49/><D3/><U114/><E114/><V103/><F103/><W59/><G59/><T8/><D49/><U48/><E48/><V128/><F128/><W30/><G30/><T29/><D8/><U47/><E47/><V51/><F51/><W55/><G55/><T125/><D29/><U107/><E129/><V126/><F126/><W64/><G64/><T23/><D122/><U86/><E107/><V45/><F45/><W117/><G117/><T43/><D43/><U18/><AGARI ba="0,0" hai="18,20,24,68,70,75,78,82,86,89,92,97,100,105" machi="18" ten="20,7800,0" yaku="0,1,7,1,24,2" doraHai="60" who="1" fromWho="1" sc="247,-26,162,78,389,-26,202,-26" /><INIT seed="5,1,0,5,4,27" ten="221,240,363,176" oya="1" hai0="11,70,115,109,48,119,87,117,66,60,75,26,113" hai1="6,133,40,135,97,5,124,118,95,72,51,121,58" hai2="77,29,38,45,13,74,25,67,108,106,93,96,131" hai3="69,43,91,28,92,126,80,65,122,94,63,1,125"/><U71/><E118/><V123/><F108/><W105/><G122/><T103/><D75/><U19/><E71/><V120/><F106/><W24/><G105/><T35/><D103/><U78/><E121/><V33/><F131/><W42/><G1/><T64/><D109/><U89/><E124/><N who="3" m="47722" /><G80/><T9/><D64/><U56/><E19/><V36/><F67/><W81/><G81/><T53/><D87/><U8/><E78/><V14/><F77/><W34/><G94/><T2/><D2/><U104/><E104/><V30/><F74/><W18/><G18/><T111/><D111/><U57/><E72/><V37/><F45/><W41/><G42/><T98/><D98/><AGARI ba="1,0" hai="24,28,34,41,43,63,65,69,91,92,98" m="47722" machi="98" ten="30,2000,0" yaku="18,1,52,1" doraHai="27" who="3" fromWho="0" sc="221,-23,240,0,363,0,176,23" /><INIT seed="6,0,0,2,1,39" ten="198,240,363,199" oya="2" hai0="44,104,4,97,35,5,26,81,77,124,41,95,66" hai1="19,99,116,61,18,33,57,73,9,31,62,82,60" hai2="21,94,80,121,48,43,134,65,8,112,69,125,30" hai3="10,58,118,37,23,132,135,53,96,55,46,15,34"/><V32/><F121/><W131/><G34/><T75/><D104/><U108/><E108/><V88/><F32/><W106/><G118/><T28/><D66/><U101/><E116/><V91/><F80/><W59/><G23/><T103/><REACH who="0" step="1"/><D124/><REACH who="0" ten="188,240,363,199" step="2"/><U113/><E62/><V50/><F65/><W117/><G117/><T78/><D78/><U79/><E61/><V123/><F125/><W54/><G131/><T72/><D72/><U87/><E73/><V71/><F123/><W114/><G114/><T2/><D2/><U42/><E113/><V11/><F112/><W120/><G120/><T29/><D29/><U64/><E31/><V74/><F30/><W16/><G106/><T56/><D56/><U51/><E60/><V133/><F74/><W7/><G59/><T109/><D109/><U126/><E57/><V92/><F71/><W119/><G119/><T49/><AGARI ba="0,1" hai="4,5,26,28,35,41,44,49,75,77,81,95,97,103" machi="49" ten="20,5200,0" yaku="1,1,0,1,7,1,52,1,53,0" doraHai="39" doraHaiUra="13" who="0" fromWho="0" sc="188,62,240,-13,363,-26,199,-13" /><INIT seed="7,0,0,0,4,109" ten="250,227,337,186" oya="3" hai0="28,1,52,41,110,86,95,7,40,76,84,134,8" hai1="104,36,124,128,26,5,70,57,98,56,123,9,62" hai2="6,97,0,69,48,100,37,118,54,107,67,22,66" hai3="106,68,77,60,58,33,65,13,103,122,18,99,130"/><W113/><G130/><T47/><D110/><U121/><E36/><V4/><F37/><W19/><G122/><T87/><D28/><U49/><E128/><V131/><F0/><W94/><G33/><T120/><D120/><U119/><E119/><V15/><F66/><W125/><G125/><T81/><D134/><U111/><E111/><V79/><F79/><W44/><G113/><T93/><D41/><U29/><E124/><V74/><F74/><W12/><G77/><T115/><D115/><U92/><E104/><V112/><F67/><W85/><G44/><T42/><D52/><U127/><E49/><V10/><F69/><W101/><G68/><T114/><D42/><U27/><E70/><V20/><F118/><W83/><G106/><T91/><D114/><U50/><E50/><V31/><F131/><W73/><G73/><N who="0" m="43151" /><D93/><U30/><E26/><V82/><F31/><W78/><REACH who="3" step="1"/><G101/><REACH who="3" ten="250,227,337,176" step="2"/><T72/><D72/><U2/><E127/><V32/><F32/><W51/><G51/><T23/><D23/><U64/><E56/><V75/><F112/><W3/><G3/><T24/><D47/><U89/><REACH who="1" step="1"/><E30/><REACH who="1" ten="250,217,337,176" step="2"/><V126/><F126/><W35/><G35/><AGARI ba="0,2" hai="2,5,9,27,29,35,57,62,64,89,92,98,121,123" machi="35" ten="30,7700,0" yaku="1,1,2,1,7,1,53,1" doraHai="109" doraHaiUra="55" who="1" fromWho="3" sc="250,0,217,97,337,0,176,-77" owari="250,-15.0,314,11.0,337,44.0,99,-40.0" /></mjloggm>