<mjloggm ver="2.3"><GO type="169" lobby="0"/><UN n0="%E5%90%8D%E5%89%8D%E6%9C%AA%E5%AE%9A" n1="%73%61%6C%61%6D%61%6E" n2="%65%69%6B%31" n3="%E3%81%8F%E3%81%85%E3%81%A1%E3%82%83%E3%82%93%EF%BC%A0%50%45" dan="17,16,18,16" rate="2121.26,2112.42,2212.23,2186.95" sx="M,M,M,M"/><TAIKYOKU oya="0"/><INIT seed="0,0,0,5,1,26" ten="250,250,250,250" oya="0" hai0="84,71,122,98,134,100,27,92,115,72,119,39,63" hai1="11,132,15,9,110,55,126,24,16,86,135,76,32" hai2="111,17,52,128,31,107,121,73,79,30,125,94,7" hai3="35,51,103,37,2,114,127,113,12,57,28,18,105"/><T46/><D115/><U131/><E110/><V106/><F121/><W81/><G37/><T6/><D119/><U61/><E126/><V33/><F33/><W40/><G2/><T96/><D72/><U38/><E38/><V25/><F7/><W50/><G127/><T104/><D134/><N who="1" m="51243" /><E131/><V10/><F125/><W43/><G105/><T20/><D6/><U14/><E76/><V99/><F111/><W23/><G103/><T117/><D122/><U48/><E61/><V58/><F128/><W133/><G133/><T118/><D84/><U41/><E41/><V101/><F107/><W47/><G81/><T123/><D123/><U8/><E86/><V97/><F79/><W64/><G64/><T54/><D39/><U49/><E49/><V56/><F73/><W62/><G62/><T67/><D54/><U85/><E85/><V60/><F58/><W5/><G5/><T77/><D46/><N who="1" m="28055" /><E14/><V69/><F69/><W90/><G40/><T13/><D13/><U19/><E19/><V108/><F108/><W80/><G50/><T21/><D77/><U116/><E116/><V75/><F75/><W68/><G68/><T70/><D70/><U95/><E95/><V120/><F120/><W3/><G3/><T129/><D129/><U66/><E66/><V109/><F109/><W93/><G57/><T45/><D45/><U82/><E82/><V74/><F74/><W36/><G80/><T91/><D117/><U1/><E1/><V130/><F130/><W78/><G78/><T87/><D118/><U53/><E53/><V83/><F83/><W65/><G36/><RYUUKYOKU ba="0,0" sc="250,-10,250,30,250,-10,250,-10" hai1="8,9,11,15,16,24,32" /><INIT seed="1,1,0,1,0,27" ten="240,280,240,240" oya="1" hai0="17,92,134,70,37,15,51,2,129,94,45,16,103" hai1="131,105,79,0,100,35,14,97,55,128,56,69,130" hai2="63,124,34,1,67,82,135,66,126,6,18,60,111" hai3="78,47,32,58,33,133,40,132,127,61,28,123,48"/><U89/><E0/><V87/><F34/><W3/><G123/><T86/><D70/><U122/><E122/><V29/><F111/><W65/><G127/><N who="2" m="48681" /><F135/><N who="3" m="51787" /><G3/><T43/><D134/><U96/><E79/><N who="2" m="46559" /><F18/><W50/><G78/><T88/><D2/><U64/><E35/><N who="3" m="13386" /><G48/><T85/><D37/><U120/><E120/><V90/><F90/><W62/><G61/><N who="2" m="23625" /><F29/><AGARI ba="1,0" hai="28,29,40,47,50,58,62,65" m="13386,51787" machi="29" ten="30,3900,0" yaku="20,1,52,2" doraHai="27" who="3" fromWho="2" sc="240,0,280,0,240,-42,240,42" /><INIT seed="2,0,0,4,5,10" ten="240,280,198,282" oya="2" hai0="135,116,121,71,32,74,12,78,113,83,46,88,73" hai1="51,102,17,72,36,18,66,67,57,4,106,76,80" hai2="54,86,21,28,33,41,97,128,62,122,119,1,75" hai3="9,77,104,131,23,65,7,8,30,85,133,44,25"/><V29/><F119/><W53/><G104/><T13/><D113/><U70/><E36/><V132/><F122/><W105/><G105/><T19/><D121/><U43/><E4/><V64/><F75/><W45/><G131/><T127/><D74/><U123/><E123/><V120/><F120/><W134/><G65/><T39/><D71/><U125/><E125/><V35/><F1/><W118/><G118/><T115/><D116/><U79/><E79/><V49/><F128/><W5/><G53/><T47/><D32/><U15/><E70/><V69/><F132/><N who="3" m="50795" /><G85/><T59/><D135/><U56/><E67/><V98/><F41/><W22/><G77/><T6/><D39/><U100/><E106/><V99/><F86/><W27/><G45/><T50/><D127/><U107/><E107/><V24/><REACH who="2" step="1"/><F29/><REACH who="2" ten="240,280,188,282" step="2"/><N who="3" m="17591" /><G44/><AGARI ba="0,1" hai="21,24,28,33,35,44,49,54,62,64,69,97,98,99" machi="44" ten="40,12000,1" yaku="1,1,53,3" doraHai="10" doraHaiUra="93" who="2" fromWho="3" sc="240,0,280,0,188,130,282,-120" /><INIT seed="2,1,0,5,5,110" ten="240,280,318,162" oya="2" hai0="101,43,20,69,3,102,55,26,131,98,49,8,133" hai1="56,9,100,81,86,76,48,79,67,87,54,50,11" hai2="27,108,13,112,105,12,47,96,15,63,45,23,38" hai3="0,74,6,2,84,91,29,114,103,32,109,106,111"/><V68/><F108/><N who="3" m="41547" /><G74/><T126/><D133/><U40/><E67/><V51/><F38/><W4/><G106/><T88/><D131/><U117/><E117/><V116/><F116/><W52/><G103/><T118/><D126/><U46/><REACH who="1" step="1"/><E100/><REACH who="1" ten="240,270,318,162" step="2"/><V5/><F68/><W7/><G114/><T59/><D69/><U122/><E122/><V18/><F112/><W1/><G32/><T53/><D118/><U44/><E44/><V19/><F47/><W124/><G124/><T80/><D101/><U39/><E39/><V121/><F121/><W85/><G29/><T22/><D102/><U25/><E25/><V41/><F105/><W120/><G120/><T83/><D26/><U65/><E65/><V57/><F96/><W129/><G129/><T92/><D43/><U113/><E113/><V17/><REACH who="2" step="1"/><F5/><REACH who="2" ten="240,270,308,162" step="2"/><W115/><G115/><T58/><D98/><U71/><E71/><V95/><F95/><W35/><G7/><T28/><D92/><U134/><E134/><V16/><F16/><W78/><G4/><T107/><D107/><U119/><E119/><V24/><F24/><W33/><G6/><T77/><D28/><U127/><E127/><V62/><F62/><W64/><G1/><T70/><D70/><U10/><E10/><V94/><F94/><W128/><G2/><T72/><D8/><U135/><E135/><V14/><N who="2" m="3072" /><DORA hai="130" /><V34/><F34/><W37/><G0/><T61/><D3/><U73/><E73/><V123/><F123/><W90/><G35/><T82/><D82/><AGARI ba="1,2" hai="9,11,40,46,48,50,54,56,76,79,81,82,86,87" machi="82" ten="40,5200,0" yaku="1,1,9,1,8,1,53,0" doraHai="110,130" doraHaiUra="99,125" who="1" fromWho="0" sc="240,-55,270,75,308,0,162,0" /><INIT seed="3,0,0,4,4,43" ten="185,345,308,162" oya="3" hai0="87,39,95,72,52,112,17,108,63,58,82,114,91" hai1="68,79,10,104,44,28,89,6,110,41,47,71,56" hai2="80,100,69,42,67,93,34,99,57,70,119,90,123" hai3="27,78,73,94,12,102,53,122,117,37,4,2,131"/><W125/><G117/><T124/><D108/><U62/><E104/><V96/><F119/><W127/><G122/><T23/><D124/><N who="3" m="47689" /><G131/><T21/><D39/><U88/><E110/><V120/><F34/><W18/><G37/><T84/><D72/><U74/><E28/><V65/><F42/><W32/><G73/><T85/><D23/><U26/><E26/><V128/><F128/><W107/><G78/><T25/><REACH who="0" step="1"/><D82/><REACH who="0" ten="175,345,308,162" step="2"/><N who="1" m="45431" /><E68/><V36/><F36/><W105/><G32/><T15/><D15/><U19/><E71/><V45/><F70/><W116/><G116/><T135/><D135/><U40/><E10/><V132/><F69/><W106/><G27/><T11/><D11/><U5/><E6/><V129/><F132/><W92/><G2/><T13/><D13/><U113/><E5/><V30/><F80/><W38/><G4/><T31/><D31/><U77/><E113/><AGARI ba="0,1" hai="17,21,25,52,58,63,84,85,87,91,95,112,113,114" machi="113" ten="40,5200,0" yaku="1,1,11,1,54,1,53,0" doraHai="43" doraHaiUra="8" who="0" fromWho="1" sc="175,62,345,-52,308,0,162,0" /><INIT seed="4,0,0,0,4,77" ten="237,293,308,162" oya="0" hai0="2,16,82,102,135,127,95,132,13,68,35,99,83" hai1="80,86,63,19,112,61,54,89,55,4,64,129,56" hai2="49,114,18,66,119,17,29,75,107,33,94,25,3" hai3="90,59,38,81,91,117,47,44,53,118,43,0,20"/><T122/><D68/><U97/><E129/><V62/><F3/><W45/><G0/><T40/><D122/><U57/><E112/><V108/><F108/><W128/><G128/><T126/><D40/><U46/><E4/><V123/><F123/><W116/><G20/><N who="0" m="11279" /><D35/><U72/><E72/><V131/><F131/><W78/><G43/><T24/><D24/><U9/><E46/><V105/><F75/><W27/><G27/><T98/><D98/><U73/><E73/><V52/><F114/><W22/><G22/><T110/><D110/><U88/><E64/><V111/><F119/><W30/><G30/><T104/><D104/><U36/><E36/><V5/><F111/><W60/><REACH who="3" step="1"/><G38/><REACH who="3" ten="237,293,308,152" step="2"/><T74/><D2/><U120/><E120/><V115/><F29/><W31/><G31/><T130/><D130/><U10/><E19/><V103/><F18/><W48/><G48/><T28/><D28/><U6/><E6/><V23/><F5/><W69/><G69/><T101/><D74/><AGARI ba="0,1" hai="44,45,47,53,59,60,74,78,81,90,91,116,117,118" machi="74" ten="50,3200,0" yaku="1,1,52,1,53,0" doraHai="77" doraHaiUra="15" who="3" fromWho="0" sc="237,-32,293,0,308,0,152,42" /><INIT seed="5,0,0,3,3,10" ten="205,293,308,194" oya="1" hai0="105,86,125,96,99,46,85,95,32,63,50,110,120" hai1="92,9,82,11,94,6,90,19,124,129,123,72,126" hai2="24,111,37,8,84,122,2,55,97,66,87,71,17" hai3="116,103,70,134,30,47,132,7,49,35,118,1,67"/><U25/><E123/><V64/><F111/><W73/><G103/><T36/><D110/><U127/><E129/><V33/><F122/><W42/><G73/><T54/><D120/><U107/><E107/><V101/><F37/><W14/><G1/><T117/><D117/><N who="3" m="45161" /><G30/><T38/><D125/><U80/><E72/><V69/><F55/><W78/><G78/><T130/><D32/><U57/><E94/><V40/><F40/><W131/><G35/><T29/><D29/><U83/><E57/><V113/><F2/><W41/><G41/><T104/><D130/><U27/><E19/><V4/><F4/><W34/><G34/><T65/><D104/><U15/><REACH who="1" step="1"/><E11/><REACH who="1" ten="205,283,308,194" step="2"/><V88/><F8/><N who="3" m="4383" /><G131/><T98/><D105/><U93/><E93/><V26/><F17/><W77/><G77/><T44/><D95/><U61/><E61/><AGARI ba="0,1" hai="42,47,49,61,67,70,132,134" m="4383,45161" machi="61" ten="30,2000,0" yaku="12,1,52,1" doraHai="10" who="3" fromWho="1" sc="205,0,283,-20,308,0,194,30" /><INIT seed="6,0,0,5,2,35" ten="205,263,308,224" oya="2" hai0="47,91,96,88,38,63,58,86,117,15,75,72,51" hai1="23,6,36,2,124,66,16,52,126,115,110,50,13" hai2="30,26,108,28,106,24,100,104,119,97,7,92,85" hai3="125,61,46,39,89,25,48,31,77,102,73,101,74"/><V19/><F119/><W22/><G125/><N who="1" m="48234" /><E110/><V78/><F108/><W33/><G39/><T62/><D38/><U4/><E36/><V69/><F69/><W57/><G33/><T43/><D117/><U122/><E122/><V55/><F19/><W111/><G111/><T14/><D72/><U42/><E42/><V128/><F128/><W17/><G73/><T129/><D75/><U29/><E115/><V68/><F68/><W11/><G74/><T127/><D129/><U103/><E66/><V70/><F70/><W71/><G77/><T53/><D63/><U99/><E29/><V44/><F7/><W116/><G89/><T109/><D109/><U56/><E2/><V8/><F8/><W90/><G90/><T132/><D132/><U120/><E120/><V76/><F106/><AGARI ba="0,0" hai="4,6,13,16,23,50,52,56,99,103,106" m="48234" machi="106" ten="30,3900,0" yaku="18,1,54,2" doraHai="35" who="1" fromWho="2" sc="205,0,263,39,308,-39,224,0" /><INIT seed="7,0,0,2,1,68" ten="205,302,269,224" oya="3" hai0="13,65,96,23,94,110,81,62,77,106,115,49,18" hai1="123,74,98,56,67,15,113,33,87,120,60,24,117" hai2="50,45,135,57,17,132,78,112,10,2,102,83,48" hai3="108,91,39,54,26,89,32,121,64,29,93,55,111"/><W19/><G121/><T130/><D110/><N who="3" m="42025" /><G64/><T35/><D35/><U79/><E74/><V37/><F102/><W100/><G19/><T80/><D130/><U128/><E15/><N who="2" m="7415" /><F2/><W82/><G39/><T107/><D49/><U16/><E33/><V25/><F25/><W58/><G82/><T69/><D81/><N who="1" m="47551" /><E98/><V52/><F112/><W42/><G42/><T9/><D115/><U104/><E104/><V105/><F105/><W6/><G6/><T44/><D44/><U72/><E72/><V103/><F37/><W119/><G119/><T131/><D131/><U70/><E70/><V40/><F83/><W30/><G30/><T95/><D9/><U12/><E113/><V134/><F103/><W73/><G73/><T71/><D71/><U86/><E128/><V124/><F78/><W21/><G32/><T28/><D28/><U0/><E0/><V47/><F124/><W122/><G122/><T126/><D126/><U34/><E117/><V59/><AGARI ba="0,0" hai="40,45,47,48,50,52,57,59,132,134,135" m="7415" machi="59" ten="40,2700,0" yaku="20,1,54,1" doraHai="68" who="2" fromWho="2" sc="205,-7,302,-7,269,27,224,-13" /><INIT seed="8,0,0,1,1,128" ten="198,295,296,211" oya="0" hai0="130,105,82,21,88,117,109,86,80,9,41,75,98" hai1="97,7,38,127,57,55,66,72,37,73,68,70,124" hai2="89,77,87,135,3,59,20,58,64,103,111,31,34" hai3="29,2,18,36,27,110,113,40,116,32,39,69,126"/><T102/><D9/><U122/><E122/><V13/><F135/><W67/><G110/><T74/><D41/><U22/><E7/><V61/><F111/><W25/><G126/><N who="1" m="48170" /><E97/><V120/><F120/><W123/><G113/><T26/><D109/><U49/><E22/><V0/><F77/><W94/><G2/><T28/><D130/><U92/><E92/><V112/><F112/><W132/><G94/><T62/><D117/><U134/><E134/><V131/><F131/><W125/><G123/><T63/><REACH who="0" step="1"/><D82/><REACH who="0" ten="188,295,296,211" step="2"/><U101/><E37/><V15/><F0/><W24/><G40/><T119/><D119/><U42/><E38/><V115/><F3/><W118/><G39/><T104/><D104/><U50/><E42/><V1/><F1/><W90/><G36/><T96/><D96/><U52/><E72/><AGARI ba="0,1" hai="21,26,28,62,63,72,74,75,80,86,88,98,102,105" machi="72" ten="40,3900,0" yaku="1,1,54,1,53,0" doraHai="128" doraHaiUra="133" who="0" fromWho="1" sc="188,49,295,-39,296,0,211,0" /><INIT seed="8,1,0,1,1,12" ten="237,256,296,211" oya="0" hai0="23,85,33,105,132,54,109,129,30,95,4,90,91" hai1="16,119,134,63,82,84,128,38,46,18,86,74,99" hai2="62,22,67,32,73,78,19,14,51,135,83,25,81" hai3="130,131,21,77,45,64,93,65,111,0,108,110,126"/><T49/><D132/><U112/><E119/><V68/><F135/><W98/><G0/><T120/><D120/><U3/><E3/><V69/><F51/><W26/><G77/><T117/><D105/><U92/><E134/><V100/><F100/><N who="3" m="60495" /><G45/><T15/><D117/><U59/><E74/><V6/><F83/><W35/><G35/><T36/><D36/><U124/><E38/><V42/><F42/><W2/><G2/><T48/><D109/><N who="3" m="27905" /><W40/><DORA hai="114" /><G40/><T52/><D33/><U118/><E46/><V103/><F103/><W72/><G72/><T56/><D91/><N who="1" m="55711" /><E118/><V80/><F80/><W107/><G107/><T66/><D66/><N who="1" m="39295" /><E112/><V122/><F122/><W71/><G71/><T94/><D94/><U87/><E82/><V127/><F69/><W125/><G65/><T53/><D30/><U89/><E89/><V39/><F39/><W115/><G64/><T31/><D56/><U27/><E27/><V61/><F32/><W9/><G9/><N who="0" m="4519" /><D129/><N who="3" m="49161" /><G115/><T55/><N who="0" m="13312" /><DORA hai="34" /><T113/><D113/><U75/><E128/><V13/><F62/><W123/><G123/><T8/><D8/><U70/><E70/><V28/><F61/><W20/><G20/><T88/><D90/><U17/><E75/><V58/><F68/><W7/><G7/><T10/><D10/><U133/><E133/><V43/><F67/><W37/><G37/><T116/><D116/><U41/><E41/><V44/><F73/><W102/><G102/><T76/><D76/><U121/><E121/><V24/><F6/><W79/><G79/><T101/><D101/><U57/><E57/><RYUUKYOKU ba="1,0" sc="237,10,256,10,296,-30,211,10" hai0="23,31,48,49,85,88,95" hai1="16,17,18,84,86,87,124" hai3="21,26,125,126" /><INIT seed="8,2,0,2,0,18" ten="247,266,266,221" oya="0" hai0="36,112,78,133,57,60,106,50,96,35,25,15,73" hai1="77,105,34,135,65,130,122,103,45,59,1,83,102" hai2="12,79,115,58,90,17,119,55,75,108,49,61,81" hai3="0,117,82,121,63,52,16,10,67,68,72,46,88"/><T53/><D112/><U23/><E34/><V93/><F108/><W24/><G117/><T43/><D36/><U110/><E110/><V95/><F119/><W74/><G121/><T126/><D133/><U8/><E122/><V47/><F115/><W27/><G72/><T19/><D126/><U6/><E105/><V127/><F127/><W116/><G116/><T7/><D73/><U48/><E135/><V85/><F79/><W37/><G74/><T125/><D78/><U69/><E69/><V42/><REACH who="2" step="1"/><F75/><REACH who="2" ten="247,266,256,221" step="2"/><W70/><G70/><T21/><D125/><U129/><E77/><V56/><F56/><W123/><G123/><T9/><D35/><U32/><E59/><V11/><AGARI ba="2,1" hai="11,12,17,42,47,49,55,58,61,81,85,90,93,95" machi="11" ten="20,8000,1" yaku="1,1,0,1,7,1,8,1,53,1" doraHai="18" doraHaiUra="84" who="2" fromWho="2" sc="247,-42,266,-22,256,96,221,-22" owari="205,-19.0,244,4.0,352,45.0,199,-30.0" /></mjloggm>