<mjloggm ver="2.3"><GO type="169" lobby="0"/><UN n0="%E3%82%82%E3%83%BC%E3%82%8A%E3%83%BC" n1="%6D%61%74%6F%30%36%30%33" n2="%4B%69%7A%75%6E%65%72" n3="%E3%83%A2%E3%83%AD%E3%83%98%E3%82%A4%E3%83%A4" dan="16,18,17,16" rate="2203.75,2240.93,2145.13,2075.57" sx="M,M,F,M"/><TAIKYOKU oya="0"/><INIT seed="0,0,0,5,3,22" ten="250,250,250,250" oya="0" hai0="115,134,126,117,125,39,18,11,100,135,68,32,74" hai1="112,102,50,116,132,60,7,52,73,103,48,26,79" hai2="66,99,113,105,123,63,29,40,27,98,1,111,30" hai3="77,82,45,76,20,4,91,36,89,127,97,25,62"/><T21/><D39/><U2/><E116/><V43/><F113/><W94/><G4/><T35/><D68/><U67/><E112/><V13/><F123/><W84/><G127/><N who="0" m="48651" /><D115/><U65/><E132/><N who="0" m="50729" /><D74/><U131/><E131/><V64/><F111/><W38/><G38/><T120/><D100/><U71/><E67/><V34/><F66/><W23/><G23/><T119/><D11/><U54/><E102/><V8/><F1/><W92/><G62/><T122/><D117/><U78/><E103/><V14/><F105/><W96/><G36/><T5/><D5/><U49/><E7/><V17/><F14/><W31/><G45/><T15/><D119/><U47/><E47/><V133/><F29/><W46/><G46/><T107/><D107/><U58/><E73/><V6/><F6/><W44/><G44/><T101/><D101/><AGARI ba="0,0" hai="20,25,31,76,77,82,84,89,91,92,94,96,97,101" machi="101" ten="30,3900,0" yaku="7,1,8,1,52,1" doraHai="22" who="3" fromWho="0" sc="250,-39,250,0,250,0,250,39" /><INIT seed="1,0,0,1,2,32" ten="211,250,250,289" oya="1" hai0="42,114,86,81,22,58,6,101,52,87,130,109,113" hai1="122,37,31,94,74,97,63,116,67,112,95,4,27" hai2="2,132,55,64,40,66,70,33,92,50,15,107,73" hai3="19,91,47,25,98,41,96,8,44,93,11,61,126"/><U83/><E112/><V35/><F107/><W129/><G129/><T133/><D130/><U34/><E116/><V51/><F132/><W72/><G72/><T128/><D133/><U99/><E122/><V29/><F73/><W12/><G126/><T125/><D125/><U69/><E37/><V23/><F70/><W75/><G75/><T121/><D121/><U78/><E4/><V76/><F76/><W14/><G25/><T119/><D119/><U56/><E97/><V79/><F79/><W111/><G111/><T118/><D118/><U18/><E18/><V28/><F40/><W117/><G117/><T106/><D106/><U82/><E82/><V48/><F55/><W54/><G41/><T46/><D109/><U57/><REACH who="1" step="1"/><E94/><REACH who="1" ten="211,240,250,289" step="2"/><V60/><F92/><W102/><G98/><T105/><D128/><U71/><E71/><V53/><F28/><W120/><G120/><T127/><D127/><U45/><E45/><V89/><F29/><W68/><G68/><T110/><D110/><U39/><E39/><V108/><F108/><W123/><G123/><T49/><D113/><U80/><E80/><V115/><F115/><W131/><G131/><T24/><D114/><U5/><E5/><V30/><F30/><W13/><G19/><N who="0" m="12383" /><D6/><U90/><AGARI ba="0,1" hai="27,31,34,56,57,63,67,69,74,78,83,90,95,99" machi="90" ten="20,3900,0" yaku="1,1,0,1,7,1,53,0" doraHai="32" doraHaiUra="17" who="1" fromWho="1" sc="211,-13,240,49,250,-13,289,-13" /><INIT seed="1,1,0,2,1,74" ten="198,289,237,276" oya="1" hai0="128,87,33,24,130,65,31,104,58,125,14,66,103" hai1="122,96,52,18,26,92,38,127,82,105,101,49,135" hai2="43,54,20,77,64,133,6,22,28,5,60,61,70" hai3="9,90,94,89,48,95,117,55,100,68,29,110,27"/><U13/><E122/><V97/><F133/><W44/><G68/><T11/><D125/><U8/><E127/><V102/><F43/><W134/><G134/><T45/><D104/><U19/><E135/><V4/><F28/><W2/><G110/><T113/><D113/><U131/><E38/><V83/><F54/><W40/><G100/><T124/><D124/><U3/><E131/><N who="0" m="50217" /><D103/><U99/><E3/><V116/><F60/><W118/><G9/><T85/><D45/><U37/><E37/><V109/><F109/><W0/><G40/><T108/><D108/><U32/><E32/><V75/><REACH who="2" step="1"/><F116/><REACH who="2" ten="198,289,227,276" step="2"/><W73/><G29/><T36/><D66/><U78/><E105/><AGARI ba="1,1" hai="4,5,6,20,22,61,64,70,75,77,83,97,102,105" machi="105" ten="40,5200,0" yaku="1,1,2,1,52,1,53,0" doraHai="74" doraHaiUra="10" who="2" fromWho="1" sc="198,0,289,-55,227,65,276,0" /><INIT seed="2,0,0,4,1,96" ten="198,234,292,276" oya="2" hai0="12,133,46,26,84,76,47,40,134,103,67,135,130" hai1="99,107,120,121,9,54,90,0,116,50,19,45,109" hai2="10,112,104,66,65,1,5,110,132,58,114,106,44" hai3="29,48,126,28,86,55,27,33,24,95,13,68,81"/><V72/><F132/><W15/><G68/><T105/><D130/><U87/><E116/><V89/><F110/><W42/><G95/><T7/><D67/><U93/><E109/><V62/><F72/><W63/><G63/><T83/><D26/><U70/><E70/><V111/><F111/><W25/><G42/><T2/><D2/><U118/><E118/><V101/><F66/><W131/><G126/><T94/><D105/><U20/><E9/><V49/><F89/><W3/><G3/><T88/><D12/><N who="3" m="4681" /><G33/><T92/><D7/><U129/><E129/><V124/><F124/><W36/><G36/><T123/><D123/><N who="1" m="47179" /><E0/><V56/><F56/><N who="3" m="32871" /><G131/><T30/><D30/><U8/><E8/><V60/><F60/><W73/><G73/><N who="0" m="43407" /><D40/><U6/><E6/><V34/><F34/><W127/><G127/><T31/><D31/><U4/><E4/><V14/><F1/><W125/><G125/><T71/><D71/><U91/><E107/><V102/><F106/><W52/><G52/><T75/><D75/><U35/><E35/><V117/><F104/><W59/><G59/><T22/><D22/><U57/><E57/><V53/><REACH who="2" step="1"/><F117/><REACH who="2" ten="198,234,282,276" step="2"/><W122/><G122/><T78/><D78/><AGARI ba="0,1" hai="24,25,27,28,29,78,81,86" m="32871,4681" machi="78" ten="30,1000,0" yaku="8,1" doraHai="96" who="3" fromWho="0" sc="198,-10,234,0,282,0,276,20" /><INIT seed="3,0,0,3,4,123" ten="188,234,282,296" oya="3" hai0="127,22,117,128,96,114,57,93,94,0,58,99,56" hai1="5,47,62,102,74,116,88,34,132,50,98,71,43" hai2="29,124,48,15,67,95,24,131,86,118,68,80,19" hai3="11,46,14,49,42,113,77,100,23,44,64,63,21"/><W119/><G119/><T8/><D117/><U108/><E116/><V55/><F118/><RYUUKYOKU type="kaze4" ba="0,0" sc="188,0,234,0,282,0,296,0" /><INIT seed="3,1,0,2,0,4" ten="188,234,282,296" oya="3" hai0="33,40,114,41,83,58,53,42,31,104,19,35,95" hai1="20,47,124,27,77,131,119,38,32,76,127,59,103" hai2="92,57,37,109,82,46,69,125,11,110,122,133,128" hai3="26,84,21,64,126,98,99,88,18,85,130,23,15"/><W97/><G130/><T14/><D104/><U12/><E131/><V30/><F69/><W108/><G126/><N who="1" m="48170" /><E119/><V8/><F125/><W60/><G108/><N who="2" m="41577" /><F128/><W68/><REACH who="3" step="1"/><G88/><REACH who="3" ten="188,234,282,286" step="2"/><T22/><D114/><U44/><E77/><V5/><F122/><W75/><G75/><T116/><D116/><U28/><E76/><V73/><F133/><W25/><G25/><T120/><D120/><U43/><E27/><V36/><F73/><W17/><AGARI ba="1,1" hai="15,17,18,21,23,26,60,64,68,84,85,97,98,99" machi="17" ten="30,3000,0" yaku="1,1,0,1,53,0" doraHai="4" doraHaiUra="89" who="3" fromWho="3" sc="188,-11,234,-11,282,-11,286,43" /><INIT seed="3,2,0,5,1,25" ten="177,223,271,329" oya="3" hai0="102,99,20,78,100,16,2,26,67,94,112,60,90" hai1="66,8,10,103,96,32,75,109,128,7,122,119,12" hai2="21,68,108,70,54,50,105,38,6,132,80,84,27" hai3="23,86,28,55,35,13,11,113,93,34,48,45,69"/><W3/><G69/><T120/><D120/><U97/><E122/><V36/><F108/><W33/><G3/><T22/><D2/><U65/><E75/><V133/><F105/><W82/><G113/><T30/><D112/><U57/><E109/><V62/><F6/><W114/><G114/><T129/><D129/><U104/><E128/><V89/><F38/><W73/><G93/><T31/><D78/><U87/><E119/><V134/><F36/><W64/><G64/><T76/><D76/><U111/><E111/><V107/><F62/><W4/><G73/><T88/><D102/><U101/><E32/><V49/><F107/><W98/><G98/><T18/><D90/><U116/><E116/><V77/><F77/><W41/><G55/><T72/><D100/><U9/><E87/><V135/><N who="2" m="33792" /><DORA hai="95" /><V79/><F79/><N who="3" m="46431" /><G23/><T83/><D83/><U123/><E123/><V24/><F50/><W1/><G1/><T53/><D72/><U46/><E46/><N who="2" m="27959" /><F21/><W130/><G130/><T44/><D44/><U124/><E124/><V115/><F115/><W59/><G59/><N who="0" m="34927" /><D67/><U117/><E117/><V40/><F40/><W56/><G56/><T92/><D92/><U19/><E57/><V42/><F42/><W14/><G14/><AGARI ba="2,0" hai="14,16,18,20,22,26,30,31,88,94,99" m="34927" machi="14" ten="30,12000,2" yaku="25,1,8,1,52,3,54,2" doraHai="25,95" who="0" fromWho="3" sc="177,126,223,0,271,0,329,-126" /><INIT seed="4,0,0,4,3,31" ten="303,223,271,203" oya="0" hai0="73,122,126,98,106,30,87,132,13,53,61,17,2" hai1="0,22,116,68,44,20,32,67,125,59,39,72,90" hai2="34,63,129,62,16,11,114,76,119,10,42,37,69" hai3="21,115,112,41,86,104,14,77,28,24,4,58,111"/><T54/><D2/><U127/><E116/><V103/><F114/><W46/><G104/><T89/><D73/><U38/><E68/><V108/><F108/><W70/><G70/><T40/><D122/><U66/><E0/><V85/><F129/><W50/><G58/><T48/><D132/><U1/><E1/><V99/><F119/><W9/><REACH who="3" step="1"/><G111/><REACH who="3" ten="303,223,271,193" step="2"/><T74/><D106/><U130/><E59/><V8/><F69/><W12/><G12/><T93/><D13/><U57/><E57/><V94/><F63/><W91/><G91/><T84/><D89/><U100/><E90/><V43/><F62/><W95/><G95/><T29/><D93/><U7/><E130/><V36/><F94/><W15/><G15/><T123/><D61/><U18/><E100/><V49/><F103/><W88/><G88/><T3/><D3/><U6/><E127/><V47/><F76/><W71/><G71/><T117/><D126/><U65/><E125/><V27/><F47/><W82/><AGARI ba="0,1" hai="4,9,14,21,24,28,41,46,50,77,82,86,112,115" machi="82" ten="30,8000,1" yaku="1,1,0,1,25,2,53,1" doraHai="31" doraHaiUra="75" who="3" fromWho="3" sc="303,-40,223,-20,271,-20,193,90" /><INIT seed="5,0,0,1,4,63" ten="263,203,251,283" oya="1" hai0="85,102,117,82,44,83,52,68,75,50,135,109,28" hai1="61,129,108,51,36,125,33,105,39,40,65,99,88" hai2="27,107,93,17,57,10,16,31,60,91,89,106,132" hai3="9,114,23,12,90,79,73,133,70,26,115,32,3"/><U126/><E33/><V4/><F132/><W111/><G70/><T69/><D135/><U103/><E129/><V110/><F110/><W84/><G79/><T127/><D109/><U2/><E2/><V80/><F80/><W62/><G73/><T67/><D117/><U55/><E108/><V74/><F74/><W14/><G62/><T6/><D127/><U119/><E119/><V46/><F46/><W66/><G66/><T48/><D6/><U22/><E22/><V123/><F123/><W121/><G32/><T81/><D28/><U59/><E88/><V11/><F107/><W101/><G101/><T29/><D29/><U7/><E7/><V25/><F106/><W47/><G3/><T13/><D13/><U76/><E76/><V100/><F60/><W43/><G133/><T21/><D21/><U30/><E30/><V92/><F31/><W120/><G111/><T20/><D20/><U77/><E77/><V72/><F4/><W54/><G54/><T116/><D102/><U78/><E78/><V64/><F100/><W128/><G26/><T124/><D124/><N who="1" m="47723" /><E40/><V56/><F72/><W98/><G23/><T58/><D75/><U122/><E122/><V130/><F130/><W24/><G24/><T97/><D116/><U19/><E19/><V87/><F87/><W49/><G84/><T104/><D85/><U112/><E112/><N who="3" m="43050" /><G128/><T94/><D83/><U113/><E113/><V0/><F0/><W34/><G34/><T53/><D82/><U45/><AGARI ba="0,0" hai="36,39,45,51,55,59,61,65,99,103,105" m="47723" machi="45" ten="30,3000,0" yaku="18,1,52,1" doraHai="63" who="1" fromWho="1" sc="263,-10,203,30,251,-10,283,-10" /><INIT seed="5,1,0,1,5,72" ten="253,233,241,273" oya="1" hai0="62,116,48,98,53,60,26,12,41,70,100,111,65" hai1="54,40,118,102,91,69,130,2,16,33,78,17,18" hai2="43,79,77,71,1,27,50,92,34,32,30,57,58" hai3="66,89,85,82,126,21,45,42,120,106,95,122,39"/><U56/><E118/><V38/><F71/><W15/><G106/><T46/><D116/><U81/><E33/><V63/><F1/><W133/><G133/><T132/><D111/><U83/><E2/><V68/><F92/><W36/><G36/><T67/><D132/><U19/><E69/><V76/><F34/><W64/><G126/><T35/><D12/><U22/><E130/><V88/><F50/><W10/><G21/><T24/><D41/><U135/><E135/><V113/><F113/><W117/><G117/><T86/><D35/><U49/><E102/><V127/><F88/><W103/><G66/><T59/><REACH who="0" step="1"/><D86/><REACH who="0" ten="243,233,241,273" step="2"/><N who="1" m="48439" /><E40/><V134/><F134/><W87/><G87/><T61/><D61/><U104/><E104/><AGARI ba="1,1" hai="24,26,46,48,53,59,60,62,65,67,70,98,100,104" machi="104" ten="30,2000,0" yaku="1,1,7,1,53,0" doraHai="72" doraHaiUra="4" who="0" fromWho="1" sc="243,33,233,-23,241,0,273,0" /><INIT seed="6,0,0,2,5,78" ten="276,210,241,273" oya="2" hai0="64,69,111,24,36,120,26,13,14,0,17,11,80" hai1="5,97,128,53,116,121,47,105,83,73,93,79,23" hai2="51,115,38,43,89,100,92,59,41,81,122,98,60" hai3="87,33,57,119,4,56,118,132,99,70,127,107,113"/><V91/><F122/><W123/><G70/><T112/><D120/><U29/><E116/><V86/><F115/><W52/><G33/><T6/><D36/><U44/><E121/><V50/><F38/><W12/><G123/><T18/><D111/><U27/><E128/><V7/><F7/><W46/><G46/><T110/><D110/><U125/><E125/><V82/><F51/><W42/><G42/><N who="2" m="15881" /><F50/><W109/><G57/><T114/><D64/><U9/><E105/><V130/><F130/><W58/><G56/><T37/><D80/><N who="2" m="30826" /><F86/><W61/><G87/><T74/><D74/><U85/><E73/><V63/><F63/><W54/><G4/><T2/><D69/><U90/><REACH who="1" step="1"/><E53/><AGARI ba="0,0" hai="53,59,60,89,91,92,98,100" m="30826,15881" machi="53" ten="30,11600,0" yaku="8,1,52,3" doraHai="78" who="2" fromWho="1" sc="276,0,210,-116,241,116,273,0" /><INIT seed="6,1,0,4,2,28" ten="276,94,357,273" oya="2" hai0="135,60,103,89,49,2,50,109,102,68,82,17,81" hai1="126,115,92,51,66,86,35,15,21,37,134,23,72" hai2="16,110,114,54,64,77,36,90,41,19,111,13,78" hai3="24,130,57,10,31,129,34,8,76,125,30,121,120"/><V128/><F128/><N who="3" m="49259" /><G76/><T33/><D109/><N who="2" m="41482" /><F64/><W47/><G47/><T80/><D2/><U83/><E83/><BYE who="1" /><V73/><F114/><W87/><G87/><T117/><D117/><U40/><E40/><V52/><F90/><UN n1="%6D%61%74%6F%30%36%30%33" /><W46/><G46/><T27/><D135/><U32/><E37/><V42/><F36/><W65/><G57/><T20/><D68/><U0/><E92/><V3/><F3/><W71/><G65/><T101/><D33/><N who="1" m="12875" /><E51/><N who="0" m="19465" /><D60/><U56/><E86/><AGARI ba="1,0" hai="17,20,27,80,81,82,86,89,101,102,103" m="19465" machi="86" ten="30,1000,0" yaku="8,1" doraHai="28" who="0" fromWho="1" sc="276,13,94,-13,357,0,273,0" /><INIT seed="7,0,0,2,1,34" ten="289,81,357,273" oya="3" hai0="15,120,94,102,53,69,25,114,57,132,68,19,129" hai1="0,134,77,73,87,82,58,80,116,50,21,66,2" hai2="131,119,75,56,135,92,110,27,112,6,51,52,108" hai3="31,96,3,85,65,17,38,32,37,79,41,46,76"/><W54/><G38/><T12/><D120/><U97/><E134/><V100/><F112/><W130/><G130/><T26/><D114/><U90/><E116/><V95/><F119/><W126/><G126/><T103/><D129/><U89/><E21/><V124/><F75/><W104/><G65/><T28/><D132/><U4/><E4/><V78/><F78/><W101/><G3/><T35/><D25/><U111/><E111/><V84/><F135/><W45/><G17/><T24/><D24/><U5/><E5/><V18/><F6/><W49/><REACH who="3" step="1"/><G85/><REACH who="3" ten="289,81,357,263" step="2"/><T44/><D15/><U125/><E125/><V99/><F124/><W16/><G16/><T13/><D13/><U72/><E72/><V23/><F131/><W1/><G1/><T8/><D44/><U127/><E127/><V42/><F110/><W39/><G39/><T74/><D74/><U61/><E97/><V63/><F108/><W115/><G115/><T106/><D106/><U11/><E11/><V64/><F84/><W9/><G9/><T14/><D14/><U10/><E10/><V33/><F64/><W47/><G47/><T128/><D128/><U7/><E7/><V133/><F133/><W81/><G81/><T48/><REACH who="0" step="1"/><D94/><REACH who="0" ten="279,81,357,263" step="2"/><U105/><E105/><V86/><F95/><W98/><G98/><T83/><D83/><U40/><E90/><V122/><F122/><W20/><G20/><T88/><D88/><U71/><E71/><AGARI ba="0,2" hai="8,12,19,26,28,35,48,53,57,68,69,71,102,103" machi="71" ten="40,1300,0" yaku="1,1,53,0" doraHai="34" doraHaiUra="36" who="0" fromWho="1" sc="279,33,81,-13,357,0,263,0" owari="312,11.0,68,-43.0,357,46.0,263,-14.0" /></mjloggm>