<mjloggm ver="2.3"><GO type="225" lobby="0"/><UN n0="%E4%B8%8A%E9%96%93%E7%AB%9C%E4%B9%9F" n1="%63%61%74%6D%65%56%47%43" n2="%E5%AE%89%E8%97%A4%E3%82%AB%E3%82%B1%E3%83%AB" n3="%E3%83%8A%E3%83%99%E3%83%AA%E3%83%B3" dan="16,16,16,16" rate="2075.14,2223.05,2062.13,2108.83" sx="M,M,M,M"/><TAIKYOKU oya="0"/><INIT seed="0,0,0,3,0,112" ten="250,250,250,250" oya="0" hai0="16,92,74,88,9,28,125,31,38,8,45,27,121" hai1="49,50,78,109,96,1,110,11,53,134,44,42,22" hai2="120,83,73,14,101,97,7,0,23,127,60,70,48" hai3="99,71,90,18,61,85,37,43,64,115,21,130,89"/><T13/><D121/><U119/><E119/><V2/><F120/><W104/><G115/><T67/><D74/><U114/><E114/><V26/><F127/><W132/><G130/><T122/><D122/><U75/><E134/><V68/><F48/><W131/><G131/><T118/><D118/><U93/><E22/><V84/><F73/><W40/><G132/><T33/><D125/><U124/><E124/><V10/><F70/><W133/><G37/><T129/><D129/><U123/><E123/><V56/><F68/><W12/><G133/><T69/><D31/><U54/><E75/><V47/><F47/><W111/><G111/><N who="1" m="42506" /><E78/><V98/><F0/><W25/><G12/><T65/><D69/><U29/><E29/><V30/><F2/><W32/><G32/><T39/><D8/><U94/><E42/><V82/><F101/><W76/><G76/><T126/><D126/><U6/><E96/><V86/><F86/><W87/><G85/><T80/><D80/><U103/><E103/><V95/><F95/><W55/><G104/><T77/><D77/><U81/><E81/><N who="2" m="30731" /><F84/><W35/><G99/><T91/><D91/><U52/><E54/><AGARI ba="0,0" hai="7,10,14,23,26,30,54,56,60,97,98" m="30731" machi="54" ten="30,1000,0" yaku="8,1" doraHai="112" who="2" fromWho="1" sc="250,0,250,-10,250,10,250,0" /><INIT seed="1,0,0,4,2,84" ten="250,240,260,250" oya="1" hai0="93,87,49,126,51,128,47,71,132,3,59,34,44" hai1="57,67,122,35,102,14,109,130,103,42,4,83,119" hai2="54,48,15,88,6,20,99,21,72,70,123,66,111" hai3="18,116,101,36,76,11,24,114,98,133,61,53,23"/><U19/><E119/><V86/><F72/><W107/><G114/><T0/><D34/><U127/><E122/><V80/><F123/><W129/><G116/><T82/><D71/><U56/><E35/><V1/><F1/><W124/><G36/><T121/><D121/><U8/><E127/><V110/><F70/><W90/><G124/><T100/><D126/><U96/><E130/><V16/><F66/><W13/><G129/><T105/><D105/><U10/><E42/><V97/><F6/><W50/><G76/><T85/><D128/><U125/><E125/><V45/><REACH who="2" step="1"/><F21/><REACH who="2" ten="250,240,250,250" step="2"/><W7/><G133/><T62/><D132/><U68/><E68/><V118/><F118/><W75/><G75/><T69/><D69/><U81/><E67/><V55/><F55/><W74/><G74/><T22/><D22/><U64/><E64/><V60/><F60/><W108/><G61/><T12/><D0/><U32/><E32/><V58/><F58/><W120/><G120/><T91/><D3/><U78/><E4/><V112/><F112/><W77/><G7/><T43/><D62/><U30/><E57/><V17/><F17/><W134/><G134/><T63/><D59/><U113/><E56/><V131/><F131/><W38/><G23/><T5/><D63/><U28/><E19/><V40/><F40/><W135/><G18/><T92/><D5/><N who="1" m="3343" /><E113/><V37/><F37/><W104/><G38/><T95/><D43/><U89/><E10/><V39/><F39/><W25/><G135/><T2/><D2/><U106/><E28/><V73/><F73/><W94/><G11/><RYUUKYOKU ba="0,1" sc="250,-10,240,-10,250,30,250,-10" hai2="15,16,20,45,48,54,80,86,88,97,99,110,111" /><INIT seed="2,1,1,4,4,5" ten="240,230,280,240" oya="2" hai0="15,128,12,68,20,135,100,69,2,62,59,89,130" hai1="93,91,55,101,51,86,102,63,1,61,9,85,39" hai2="94,54,31,87,7,95,24,121,6,60,125,116,122" hai3="53,79,132,10,83,73,50,17,113,32,72,46,13"/><V3/><F116/><W37/><G132/><T52/><D135/><U35/><E39/><V16/><F125/><W33/><G113/><T90/><D2/><U42/><E42/><V119/><F119/><W104/><G104/><T44/><D100/><N who="1" m="38507" /><E35/><V56/><F95/><W21/><G72/><T107/><D107/><U8/><E1/><V66/><F66/><W49/><G37/><T88/><D44/><N who="1" m="28135" /><E86/><V48/><F3/><W134/><G134/><T112/><D112/><U38/><E38/><V67/><F122/><W77/><G77/><T106/><D106/><U41/><E41/><V133/><F121/><W118/><G118/><T28/><D28/><U82/><E82/><V120/><F120/><W111/><G111/><T78/><D78/><U19/><E19/><V18/><F133/><W103/><G103/><T81/><D81/><U57/><E63/><V34/><F6/><W40/><REACH who="3" step="1"/><G21/><REACH who="3" ten="240,230,280,230" step="2"/><T115/><D115/><U11/><E11/><V114/><F114/><W23/><G23/><T74/><D74/><U27/><E27/><V124/><F24/><W76/><G76/><T26/><D26/><U92/><E92/><V98/><F94/><W96/><G96/><T75/><D75/><U58/><E58/><AGARI ba="1,2" hai="10,13,17,32,33,40,46,49,50,53,58,73,79,83" machi="58" ten="30,7700,0" yaku="1,1,7,1,52,1,53,1" doraHai="5" doraHaiUra="14" who="3" fromWho="1" sc="240,0,230,-80,280,0,230,100" /><INIT seed="3,0,0,0,0,75" ten="240,150,280,330" oya="3" hai0="67,130,84,4,95,134,83,35,101,23,8,27,93" hai1="72,127,66,74,94,57,68,53,131,40,102,108,31" hai2="60,103,15,54,64,90,22,21,112,117,14,49,36" hai3="10,113,82,0,20,99,55,9,114,29,70,86,104"/><W88/><G70/><T61/><D35/><U47/><E108/><V107/><F36/><W128/><G0/><T76/><D101/><U34/><E127/><V111/><F112/><W91/><G104/><T38/><D38/><U48/><E131/><V79/><F117/><W18/><G29/><T37/><D37/><U19/><E19/><V121/><F121/><W50/><G114/><T56/><D134/><U24/><E94/><V97/><F90/><W78/><G128/><T73/><D73/><U85/><E85/><V16/><F111/><W42/><G42/><T92/><D130/><U122/><E122/><V77/><F14/><N who="3" m="9303" /><G113/><T125/><D125/><U45/><E45/><V17/><F17/><W12/><G99/><T69/><D69/><U120/><E120/><V30/><F22/><W133/><G133/><T132/><D132/><U89/><E89/><N who="3" m="34378" /><G12/><N who="0" m="5127" /><D95/><U26/><E26/><V52/><F30/><AGARI ba="0,0" hai="23,27,30,56,61,67,76,83,84,92,93" m="5127" machi="30" ten="30,2000,0" yaku="8,1,52,1" doraHai="75" who="0" fromWho="2" sc="240,20,150,0,280,-20,330,0" owari="260,6.0,150,-35.0,260,-14.0,330,43.0" /></mjloggm>