<mjloggm ver="2.3"><GO type="169" lobby="0"/><UN n0="%E3%81%B5%E3%81%98%E3%81%8B%E3%81%A4" n1="%E9%81%8A%E3%81%B3%E5%BF%83" n2="%73%69%6E%73%69%73%74" n3="%E3%81%BE%E3%81%93%E3%81%A8%E3%81%95%E3%82%93" dan="16,18,18,16" rate="2142.45,2207.33,2245.37,2117.37" sx="M,M,M,M"/><TAIKYOKU oya="0"/><INIT seed="0,0,0,4,4,37" ten="250,250,250,250" oya="0" hai0="104,105,21,78,46,71,54,91,121,14,74,23,124" hai1="28,24,100,57,58,10,133,88,85,69,76,30,83" hai2="4,42,125,20,7,48,33,40,16,93,134,97,62" hai3="19,56,86,53,116,111,79,67,113,127,41,25,77"/><T70/><D121/><U17/><E69/><V106/><F33/><W39/><G113/><T52/><D124/><U44/><E133/><V38/><F38/><W80/><G116/><T122/><D122/><U64/><E100/><V51/><F106/><W3/><G127/><T13/><D46/><U107/><E107/><V68/><F134/><W118/><G3/><T61/><D61/><N who="1" m="37935" /><E76/><V2/><F2/><W87/><G111/><T8/><D8/><U114/><E114/><V9/><F9/><W94/><G67/><T49/><D49/><N who="2" m="19018" /><F68/><W45/><G118/><T99/><D99/><U110/><E110/><V84/><F84/><W15/><G25/><T102/><D78/><U63/><E44/><V47/><F62/><W1/><G1/><T34/><D102/><U128/><E128/><V131/><F47/><W103/><G103/><T130/><D91/><U6/><E6/><N who="2" m="2091" /><F131/><W119/><G119/><T11/><D11/><U89/><E89/><N who="2" m="55471" /><F125/><W120/><G120/><T26/><D26/><AGARI ba="0,0" hai="16,20,26,40,42" m="55471,2091,19018" machi="26" ten="30,7700,0" yaku="8,1,52,2,54,1" doraHai="37" who="2" fromWho="0" sc="250,-77,250,0,250,77,250,0" /><INIT seed="1,0,0,0,5,119" ten="173,250,327,250" oya="1" hai0="100,16,13,72,12,48,93,69,62,129,47,35,10" hai1="110,60,111,118,116,131,64,112,6,105,50,67,99" hai2="126,101,38,32,95,15,37,113,97,77,61,91,39" hai3="56,82,80,2,3,46,25,132,84,79,94,7,4"/><U8/><E105/><V106/><F32/><W127/><G132/><T43/><D129/><U24/><E99/><V87/><F126/><W75/><G127/><T44/><D72/><U81/><E112/><V70/><F113/><W122/><G94/><T73/><D35/><U11/><E131/><V45/><F15/><W34/><G56/><T125/><D73/><U78/><E50/><V128/><F128/><W74/><G34/><T57/><D125/><U31/><E24/><V19/><F19/><W36/><G25/><T30/><D69/><U53/><E53/><V96/><F70/><W83/><G83/><T9/><D47/><U55/><E55/><V88/><F61/><W134/><G84/><T52/><D93/><U23/><E23/><V104/><F77/><W33/><G33/><T18/><D100/><U51/><E51/><V14/><F14/><W109/><G46/><T42/><REACH who="0" step="1"/><D30/><REACH who="0" ten="163,250,327,250" step="2"/><U107/><E31/><V22/><F104/><W41/><G74/><T29/><D29/><U124/><E107/><V76/><F45/><W66/><G75/><T40/><AGARI ba="0,1" hai="9,10,12,13,16,18,40,42,43,44,48,52,57,62" machi="40" ten="20,12000,2" yaku="1,1,0,1,7,1,9,1,8,1,54,2,53,0" doraHai="119" doraHaiUra="27" who="0" fromWho="0" sc="163,130,250,-60,327,-30,250,-30" /><INIT seed="2,0,0,0,2,109" ten="293,190,297,220" oya="2" hai0="2,101,85,67,92,54,50,115,134,77,11,64,52" hai1="108,30,29,24,129,45,69,73,20,6,98,104,110" hai2="68,53,65,125,124,71,0,123,36,126,43,105,93" hai3="72,12,76,41,57,55,15,83,106,4,128,95,97"/><V18/><F105/><W59/><G128/><T17/><D134/><U90/><E69/><N who="2" m="26699" /><F0/><W51/><G106/><T49/><D2/><U34/><E73/><V84/><F18/><W19/><G4/><T8/><D77/><U113/><E6/><V25/><F25/><W116/><G116/><T63/><D17/><U87/><E129/><V131/><F131/><W10/><G41/><T56/><D115/><U66/><E66/><N who="0" m="25129" /><D101/><N who="1" m="62519" /><E45/><N who="2" m="23783" /><F65/><W70/><G70/><T130/><D130/><U82/><E30/><V111/><F123/><W89/><G12/><T21/><D21/><U32/><E32/><V91/><F53/><W78/><G78/><T114/><D114/><U3/><E3/><V133/><F111/><N who="1" m="42537" /><E34/><V14/><F14/><W27/><REACH who="3" step="1"/><G27/><REACH who="3" ten="293,190,297,210" step="2"/><T99/><D8/><U102/><E102/><V121/><F121/><W35/><G35/><T60/><D11/><U9/><E9/><V80/><F133/><W61/><G61/><T58/><D63/><U46/><E113/><V31/><F31/><W81/><G81/><AGARI ba="0,1" hai="80,81,84,91,93,124,125,126" m="23783,26699" machi="81" ten="40,2000,0" yaku="18,1" doraHai="109" who="2" fromWho="3" sc="293,0,190,0,297,30,210,-20" /><INIT seed="2,1,0,0,5,26" ten="293,190,327,190" oya="2" hai0="89,98,95,99,62,16,11,13,131,24,107,109,51" hai1="115,47,135,79,133,75,43,60,50,64,105,17,48" hai2="70,34,0,44,19,103,8,55,9,86,45,112,67" hai3="32,73,83,21,92,25,129,46,119,59,130,116,65"/><V71/><F112/><W80/><G46/><T1/><D109/><U69/><E105/><V29/><F86/><W108/><G32/><T134/><D134/><N who="1" m="51211" /><E17/><V37/><F103/><W36/><G36/><T126/><D131/><N who="3" m="50185" /><G92/><T58/><D126/><U72/><E79/><V128/><F128/><W57/><G108/><T61/><D1/><U118/><E115/><V20/><F67/><W63/><G59/><T33/><D51/><N who="1" m="27135" /><E118/><N who="3" m="45098" /><G73/><AGARI ba="1,0" hai="48,50,60,64,69,72,73,75" m="27135,51211" machi="73" ten="30,1000,0" yaku="20,1" doraHai="26" who="1" fromWho="3" sc="293,0,190,13,327,0,190,-13" /><INIT seed="3,0,0,2,2,86" ten="293,203,327,177" oya="3" hai0="58,104,127,46,130,8,82,72,4,85,35,79,51" hai1="18,6,70,73,92,103,59,71,10,57,111,105,112" hai2="55,14,67,90,123,66,12,50,63,43,1,110,100" hai3="40,122,34,17,95,25,32,81,129,75,62,15,53"/><W9/><G122/><T49/><D104/><U107/><E112/><V13/><F1/><W60/><G129/><T21/><D130/><U78/><E111/><V120/><F100/><W126/><G126/><T56/><D127/><U39/><E39/><V93/><F43/><W117/><G117/><T116/><D116/><U0/><E57/><V83/><F83/><W2/><G40/><T124/><D124/><U119/><E18/><V74/><F74/><W54/><G2/><T106/><D106/><U69/><E119/><V47/><F110/><W20/><G34/><T41/><D35/><U115/><E115/><V97/><REACH who="2" step="1"/><F67/><REACH who="2" ten="293,203,317,177" step="2"/><W101/><G81/><T98/><D72/><U102/><E103/><V3/><F3/><W61/><G75/><T131/><D131/><U133/><E102/><V96/><F96/><N who="3" m="59551" /><G32/><T89/><D98/><U26/><E105/><V36/><F36/><W38/><G38/><T91/><D21/><U88/><E107/><V135/><F135/><W48/><G48/><T64/><D51/><U118/><E118/><V5/><F5/><AGARI ba="0,1" hai="5,9,15,17,20,25,53,54,60,61,62" m="59551" machi="5" ten="30,1500,0" yaku="8,1" doraHai="86" who="3" fromWho="2" sc="293,0,203,0,317,-15,177,25" /><INIT seed="3,1,0,5,0,79" ten="293,203,302,202" oya="3" hai0="30,50,88,93,118,25,11,107,125,106,111,55,10" hai1="23,61,123,86,87,5,128,70,94,90,21,116,17" hai2="12,59,105,32,92,39,78,47,26,35,133,110,122" hai3="89,119,7,8,132,60,36,101,4,42,14,62,3"/><W67/><G119/><T64/><D118/><U27/><E123/><V38/><F105/><W28/><G132/><T40/><D111/><U96/><E116/><V134/><F110/><W83/><G101/><T97/><D125/><U48/><E128/><V56/><F122/><W112/><G112/><T82/><D64/><U77/><E5/><V102/><F12/><W104/><G104/><T131/><D131/><U15/><E70/><V63/><F78/><W44/><G28/><T52/><D107/><U129/><E129/><V69/><F69/><W9/><REACH who="3" step="1"/><G67/><REACH who="3" ten="293,203,302,192" step="2"/><T135/><D135/><U130/><E130/><V98/><F133/><W109/><G109/><T65/><D106/><U80/><E61/><V45/><F63/><W124/><G124/><T37/><D65/><U49/><E96/><V31/><F134/><W58/><G58/><T95/><D30/><AGARI ba="1,1" hai="15,17,21,23,27,30,48,49,77,80,86,87,90,94" machi="30" ten="30,3900,0" yaku="7,1,8,1,52,1" doraHai="79" who="1" fromWho="0" sc="293,-42,203,52,302,0,192,0" /><INIT seed="4,0,0,4,4,125" ten="251,255,302,192" oya="0" hai0="60,27,82,128,8,124,40,17,1,5,53,48,47" hai1="66,9,131,86,31,74,130,62,63,101,126,36,97" hai2="87,41,68,37,96,54,89,2,33,46,135,134,110" hai3="115,69,30,65,121,3,98,112,77,119,28,6,116"/><T4/><D124/><U23/><E74/><V64/><F2/><W51/><G77/><T10/><D128/><N who="1" m="49195" /><E126/><V95/><F33/><W25/><G98/><T55/><D60/><U83/><E36/><V70/><F110/><W105/><G105/><T78/><D27/><N who="1" m="16895" /><E9/><V39/><F39/><W100/><G100/><T79/><D17/><U81/><E86/><V114/><F87/><W71/><G30/><T34/><D34/><U117/><E117/><V129/><F129/><W59/><G116/><T99/><D99/><U26/><E26/><V24/><F24/><W75/><G25/><T42/><D42/><U61/><E66/><V73/><F64/><W76/><G28/><T45/><D45/><U85/><E85/><V84/><F73/><W113/><G119/><T72/><REACH who="0" step="1"/><D79/><REACH who="0" ten="241,255,302,192" step="2"/><U120/><E120/><V67/><F46/><W29/><G121/><T12/><AGARI ba="0,1" hai="1,4,5,8,10,12,40,47,48,53,55,72,78,82" machi="12" ten="20,7800,0" yaku="1,1,2,1,0,1,7,1,53,0" doraHai="125" doraHaiUra="102" who="0" fromWho="0" sc="241,88,255,-26,302,-26,192,-26" /><INIT seed="4,1,0,3,2,35" ten="329,229,276,166" oya="0" hai0="101,130,19,87,48,110,88,102,66,127,74,84,104" hai1="73,57,50,65,55,34,103,78,114,39,100,8,82" hai2="60,32,111,105,76,0,70,69,62,29,124,18,49" hai3="129,81,115,61,20,52,63,45,24,17,36,123,85"/><T128/><D66/><U125/><E34/><V40/><F18/><W119/><G119/><T113/><D19/><U59/><E125/><V117/><F40/><W27/><G115/><T77/><D48/><U126/><E126/><V135/><F49/><N who="3" m="28719" /><G36/><T90/><D127/><U1/><E114/><V15/><F76/><N who="3" m="46247" /><G129/><N who="0" m="49771" /><D113/><U68/><E68/><V134/><F15/><N who="3" m="9279" /><G123/><T53/><D53/><U42/><E59/><V118/><F124/><W116/><G116/><T51/><D51/><U16/><E65/><V38/><F38/><W46/><G46/><T71/><D71/><U99/><E39/><V79/><F69/><W83/><G83/><N who="0" m="45495" /><D110/><U25/><E42/><V64/><F70/><W108/><G108/><T21/><D21/><U106/><E55/><V37/><F37/><W75/><G75/><T58/><D58/><U93/><E73/><V23/><F23/><W86/><G86/><N who="0" m="32811" /><D104/><U133/><E106/><V97/><F105/><W72/><G72/><T22/><D22/><U56/><E50/><V30/><F117/><W122/><G122/><T31/><D31/><U131/><E56/><V94/><F29/><W2/><G2/><T7/><D7/><U44/><E1/><V33/><F0/><W98/><G27/><T91/><AGARI ba="1,0" hai="88,90,91,101,102" m="32811,45495,49771" machi="91" ten="40,12000,1" yaku="19,1,34,2,54,1" doraHai="35" who="0" fromWho="0" sc="329,123,229,-41,276,-41,166,-41" /><INIT seed="4,2,0,3,5,127" ten="452,188,235,125" oya="0" hai0="19,90,133,41,83,107,71,119,23,128,132,0,40" hai1="22,99,11,121,81,126,82,102,118,73,78,24,2" hai2="91,29,117,55,42,48,100,15,52,77,34,13,59" hai3="9,12,124,25,85,60,96,84,38,21,123,92,130"/><T26/><D71/><U53/><E121/><V80/><F117/><W18/><G124/><T98/><D119/><U61/><E118/><V65/><F100/><W62/><G123/><T17/><D0/><U86/><E126/><V10/><F34/><W79/><G38/><T120/><D120/><U93/><E61/><N who="2" m="38079" /><F29/><W49/><G49/><T31/><D107/><U129/><E11/><V51/><F77/><W45/><G45/><T44/><D98/><U57/><E2/><V33/><F33/><W94/><G94/><T74/><D41/><U88/><E57/><N who="2" m="32903" /><F42/><W43/><G43/><T54/><D40/><U116/><E53/><V67/><F67/><W114/><G114/><T6/><D6/><U109/><E116/><V39/><F10/><W64/><G79/><T46/><D54/><U111/><E129/><V75/><F75/><W5/><G130/><T115/><D128/><U36/><E36/><V30/><F30/><AGARI ba="2,0" hai="22,24,30,73,78,81,82,86,88,93,99,102,109,111" machi="30" ten="30,2000,0" yaku="7,1,54,1" doraHai="127" who="1" fromWho="2" sc="452,0,188,26,235,-26,125,0" /><INIT seed="5,0,0,1,5,64" ten="452,214,209,125" oya="1" hai0="4,117,105,119,65,31,53,22,19,97,120,111,39" hai1="45,56,81,29,35,66,48,93,82,60,127,118,94" hai2="1,10,47,74,28,63,42,27,112,95,57,98,113" hai3="89,43,96,14,70,84,87,71,92,132,121,49,131"/><U59/><E118/><V3/><F74/><W109/><G121/><T133/><D53/><U51/><E127/><V21/><F10/><W128/><G109/><T79/><D79/><U67/><E35/><V108/><F108/><W77/><G132/><T125/><D31/><U30/><E45/><V20/><F20/><W54/><G43/><T9/><D65/><U7/><E7/><V36/><F63/><AGARI ba="0,0" hai="29,30,48,51,56,59,60,63,66,67,81,82,93,94" machi="63" ten="25,4800,0" yaku="22,2,8,1" doraHai="64" who="1" fromWho="2" sc="452,0,214,48,209,-48,125,0" /><INIT seed="5,1,0,0,2,133" ten="452,262,161,125" oya="1" hai0="95,59,82,45,93,124,52,100,12,73,111,89,34" hai1="70,30,29,118,128,42,123,63,108,57,56,44,129" hai2="27,126,5,38,119,104,47,20,7,64,41,80,114" hai3="107,83,125,130,71,112,78,97,15,10,39,9,37"/><U4/><E118/><V92/><F119/><W49/><G112/><T1/><D34/><U127/><E4/><V121/><F121/><W103/><G130/><N who="1" m="50282" /><E70/><V98/><F104/><W86/><G71/><T24/><D1/><U91/><E91/><V72/><F64/><W46/><G125/><T60/><D111/><U62/><E123/><V90/><F114/><W120/><G10/><T2/><D124/><U28/><E127/><V135/><F135/><W131/><G120/><T35/><D2/><U96/><E96/><V110/><F110/><W134/><G134/><T69/><D69/><U115/><E115/><V79/><REACH who="2" step="1"/><F126/><REACH who="2" ten="452,262,151,125" step="2"/><W75/><G131/><T76/><D100/><U48/><E108/><V116/><F116/><W113/><G113/><T67/><D67/><U22/><E62/><V117/><F117/><W11/><G75/><T105/><D60/><U122/><E122/><V17/><AGARI ba="1,1" hai="5,7,17,20,27,38,41,47,72,79,80,90,92,98" machi="17" ten="20,2700,0" yaku="1,1,0,1,7,1,53,0" doraHai="133" doraHaiUra="81" who="2" fromWho="2" sc="452,-8,262,-14,151,40,125,-8" /><INIT seed="6,0,0,4,1,46" ten="444,248,191,117" oya="2" hai0="53,86,69,134,72,43,118,74,126,101,77,82,87" hai1="119,81,107,16,71,65,12,132,88,18,56,36,92" hai2="131,11,96,99,45,61,94,33,22,79,35,9,47" hai3="37,110,123,93,27,128,30,0,127,8,13,103,105"/><V2/><F131/><W52/><G110/><T51/><D69/><U42/><E71/><V95/><F22/><W39/><G123/><T55/><D134/><U121/><E107/><V117/><F79/><W50/><G128/><T31/><D126/><U63/><E119/><V120/><F2/><W108/><G108/><T114/><D118/><U109/><E109/><V6/><F117/><W23/><G105/><T57/><D114/><U76/><E36/><V32/><F61/><W67/><G127/><T111/><D101/><U24/><E42/><V90/><F120/><W17/><G67/><T112/><D31/><U89/><E24/><V19/><F19/><W85/><G0/><T62/><D43/><U59/><E18/><V44/><F6/><W100/><G39/><T38/><D112/><U58/><E89/><AGARI ba="0,0" hai="9,11,32,33,35,44,45,47,89,90,94,95,96,99" machi="89" ten="50,2400,0" yaku="9,1" doraHai="46" who="2" fromWho="1" sc="444,0,248,-24,191,24,117,0" /><INIT seed="6,1,0,2,2,25" ten="444,224,215,117" oya="2" hai0="21,135,40,13,104,24,55,128,123,68,111,41,125" hai1="62,113,91,87,116,51,10,36,53,44,38,11,117" hai2="79,30,109,12,99,92,106,65,95,46,129,50,56" hai3="57,114,86,131,101,8,96,102,9,130,77,3,88"/><V121/><F121/><W61/><G77/><T108/><D68/><U90/><E113/><V45/><F129/><W59/><G114/><T110/><D128/><N who="3" m="49193" /><G57/><T63/><D104/><U71/><E91/><V26/><F106/><N who="3" m="63783" /><G102/><T115/><D115/><U78/><E78/><V60/><F109/><W14/><G3/><T124/><D123/><U15/><E11/><V84/><F12/><W20/><G14/><T4/><D135/><U73/><E73/><V19/><F19/><W98/><G98/><T34/><D34/><U16/><E71/><V76/><F92/><N who="3" m="54295" /><G20/><T33/><D13/><U69/><E69/><V75/><F75/><W70/><G70/><T2/><D33/><U107/><E62/><V94/><F94/><W103/><G103/><T5/><D2/><U127/><E38/><V67/><F67/><AGARI ba="1,0" hai="8,9,59,61,67" m="54295,63783,49193" machi="67" ten="30,2000,0" yaku="19,1,54,1" doraHai="25" who="3" fromWho="2" sc="444,0,224,0,215,-23,117,23" /><INIT seed="7,0,0,3,1,121" ten="444,224,192,140" oya="3" hai0="22,110,38,104,24,113,0,45,120,103,132,11,5" hai1="53,44,68,6,106,67,16,76,125,61,79,92,58" hai2="88,134,94,41,30,119,66,65,78,64,62,69,102" hai3="42,1,34,52,122,15,25,10,108,84,4,99,33"/><W112/><G122/><T80/><D120/><U130/><E106/><V46/><F119/><W117/><G117/><T100/><D110/><U26/><E6/><V95/><F134/><W82/><G112/><T97/><D113/><U127/><E130/><V21/><F78/><W51/><G42/><T9/><D132/><U124/><E44/><V77/><F77/><W75/><G75/><T29/><D103/><U27/><E92/><V32/><F32/><W73/><G73/><T135/><D135/><U3/><E3/><V48/><F95/><W28/><G99/><T59/><D59/><U109/><E109/><V47/><F47/><W18/><G108/><T71/><D71/><U87/><E87/><V56/><F69/><W7/><G33/><T111/><D111/><U107/><E107/><V37/><F102/><W101/><G101/><T85/><D11/><U118/><E27/><N who="2" m="16751" /><F37/><W31/><G31/><T23/><D45/><U8/><E118/><V126/><F126/><W17/><G17/><T89/><D38/><U14/><E26/><V36/><F36/><W39/><G39/><T96/><D97/><AGARI ba="0,0" hai="41,46,48,56,62,64,65,66,88,94,97" m="16751" machi="97" ten="30,2000,0" yaku="8,1,54,1" doraHai="121" who="2" fromWho="0" sc="444,-20,224,0,192,20,140,0" owari="424,53.0,224,2.0,212,-19.0,140,-36.0" /></mjloggm>