<mjloggm ver="2.3"><GO type="185" lobby="0"/><UN n0="%41%74%72%69%61" n1="%E3%81%97%E3%81%8B%E3%81%BE%E3%82%81" n2="%E8%8A%B1%E9%AD%81" n3="" dan="17,16,17,0" rate="2274.47,2112.72,2359.89,1500.00" sx="F,M,F,C"/><TAIKYOKU oya="0"/><INIT seed="0,0,0,4,3,49" ten="350,350,350,0" oya="0" hai0="99,67,104,84,95,115,127,91,116,40,38,70,114" hai1="100,45,128,48,2,69,119,58,85,120,37,79,81" hai2="92,124,66,93,86,43,63,61,36,80,35,135,110" hai3=""/><T77/><D116/><U112/><E2/><V122/><N who="2" m="31264" /><V101/><F35/><T103/><D127/><U105/><N who="1" m="30752" /><U68/><E119/><V108/><F124/><T47/><REACH who="0" step="1"/><D77/><REACH who="0" ten="340,350,350,0" step="2"/><U107/><E112/><V53/><F135/><T54/><D54/><U3/><E3/><V50/><F108/><T72/><D72/><U113/><E113/><V59/><F110/><T76/><D76/><U134/><E134/><V97/><F66/><T65/><D65/><U57/><E79/><V52/><F53/><T56/><D56/><U0/><E57/><V41/><F41/><T133/><D133/><U60/><E58/><V64/><F64/><T83/><D83/><U73/><E81/><V55/><F55/><T129/><D129/><U111/><E128/><V118/><F118/><T96/><D96/><U88/><E73/><V106/><F61/><AGARI ba="0,1" hai="38,40,47,61,67,70,84,91,95,99,103,104,114,115" machi="61" ten="40,2000,0" yaku="1,1,53,0" doraHai="49" doraHaiUra="78" who="0" fromWho="2" sc="340,30,350,0,350,-20,0,0" /><INIT seed="0,1,0,3,0,79" ten="370,350,330,0" oya="0" hai0="59,70,126,114,34,99,129,92,1,127,37,85,115" hai1="87,33,76,68,35,78,86,39,113,48,124,112,50" hai2="61,94,96,110,58,57,46,3,45,98,122,81,104" hai3=""/><T118/><D70/><U91/><E39/><V52/><N who="2" m="31264" /><V111/><F3/><T117/><D1/><U62/><E124/><N who="0" m="47657" /><D37/><U134/><E134/><V72/><F104/><T64/><D34/><N who="1" m="12811" /><E78/><V123/><N who="2" m="31520" /><V53/><F72/><T121/><N who="0" m="31008" /><T43/><D43/><U55/><E76/><V36/><F81/><T40/><D40/><U49/><E86/><V100/><F36/><T102/><D129/><U56/><E68/><V77/><F77/><T0/><D0/><U42/><E42/><V82/><F82/><T125/><D125/><U80/><E80/><V120/><N who="2" m="30752" /><V88/><F110/><T103/><D103/><U51/><E91/><V135/><F111/><T71/><D71/><U108/><E108/><V2/><F135/><T132/><D132/><U130/><E130/><V32/><F32/><T60/><D85/><U116/><E87/><V66/><F2/><T128/><D128/><U90/><E90/><V65/><F100/><T97/><D99/><U105/><E113/><AGARI ba="1,0" hai="59,60,64,92,97,102,113,114,115,117,118" m="31008,47657" machi="113" ten="30,2900,0" yaku="18,1,52,1" doraHai="79" who="0" fromWho="1" sc="370,31,350,-31,330,0,0,0" /><INIT seed="0,2,0,5,1,86" ten="401,319,330,0" oya="0" hai0="43,94,60,38,112,81,109,47,1,49,55,119,105" hai1="37,100,56,87,64,61,65,75,52,48,32,125,122" hai2="91,53,73,2,123,63,33,46,128,117,80,70,121" hai3=""/><T77/><D1/><U88/><N who="1" m="31264" /><U126/><E32/><V66/><N who="2" m="31008" /><V97/><N who="2" m="31520" /><V84/><F2/><T129/><D105/><U40/><E75/><V45/><F33/><T124/><D112/><U101/><E37/><V111/><F111/><T0/><D0/><U74/><E74/><V134/><F128/><T104/><D104/><U57/><E40/><V102/><F134/><T115/><D115/><U69/><E65/><V107/><F117/><T90/><D119/><U131/><E69/><V79/><REACH who="2" step="1"/><F53/><REACH who="2" ten="401,319,320,0" step="2"/><T98/><D129/><U39/><E131/><V51/><F51/><T72/><D109/><U92/><REACH who="1" step="1"/><E39/><REACH who="1" ten="401,309,320,0" step="2"/><V85/><F85/><T89/><D38/><U36/><E36/><V114/><F114/><T76/><D72/><U78/><E78/><V62/><F62/><T83/><D77/><U113/><E113/><V71/><F71/><T50/><D76/><U120/><N who="1" m="30752" /><U135/><E135/><V95/><AGARI ba="2,2" hai="45,46,63,66,70,73,79,80,84,91,95,97,102,107" m="31520,31008" machi="95" ten="20,12000,3" yaku="1,1,0,1,7,1,24,2,52,3,53,1" doraHai="86" doraHaiUra="99" who="2" fromWho="2" sc="401,-82,309,-42,320,144,0,0" /><INIT seed="1,0,0,4,0,125" ten="319,267,464,0" oya="1" hai0="62,77,35,66,57,71,108,78,0,97,109,116,105" hai1="79,91,61,2,94,122,130,118,111,44,59,90,107" hai2="46,42,60,38,81,36,134,43,51,64,124,98,75" hai3=""/><U127/><E2/><V74/><F124/><T80/><D0/><U96/><N who="1" m="31264" /><U112/><E118/><V110/><F110/><N who="0" m="42602" /><D35/><U56/><E127/><V85/><F134/><T113/><D113/><U93/><E112/><V101/><F74/><T88/><D116/><U100/><E111/><V58/><F75/><T106/><D71/><U128/><E79/><N who="0" m="30217" /><D80/><U53/><E44/><V120/><N who="2" m="30752" /><V1/><F1/><T40/><D40/><U131/><E59/><V86/><F81/><T49/><D49/><U34/><E34/><V99/><F99/><T92/><AGARI ba="0,0" hai="57,62,66,88,92,97,105,106" m="30217,42602" machi="92" ten="30,1500,0" yaku="14,1,54,1" doraHai="125" who="0" fromWho="0" sc="319,15,267,-10,464,-5,0,0" /><INIT seed="2,0,0,0,0,84" ten="334,257,459,0" oya="2" hai0="57,49,63,108,72,100,117,82,88,106,33,3,98" hai1="1,66,53,135,95,104,47,81,74,77,46,121,115" hai2="70,85,56,62,80,38,112,32,55,76,50,89,59" hai3=""/><V102/><F112/><T37/><D37/><U113/><N who="1" m="31008" /><U43/><E104/><V54/><F32/><T71/><D33/><U116/><E116/><V83/><F38/><T94/><D117/><U45/><E1/><V109/><F109/><T35/><D35/><U90/><E135/><V122/><N who="2" m="31264" /><V92/><F70/><T110/><D3/><U99/><E66/><V133/><F133/><T86/><D49/><U60/><E43/><V119/><F119/><T93/><D71/><U125/><E125/><V105/><REACH who="2" step="1"/><F76/><REACH who="2" ten="334,257,449,0" step="2"/><T65/><D110/><U79/><E79/><V78/><F78/><T130/><D108/><U52/><REACH who="1" step="1"/><E60/><REACH who="1" ten="334,247,449,0" step="2"/><V73/><F73/><T118/><D118/><U40/><E40/><V34/><F34/><T41/><D72/><U58/><E58/><V0/><F0/><T87/><D41/><U39/><E39/><V64/><F64/><T123/><N who="0" m="31520" /><T51/><D51/><U127/><E127/><V42/><F42/><T2/><D2/><U132/><E132/><V61/><F61/><T124/><D124/><U134/><E134/><V69/><F69/><T97/><D57/><U128/><E128/><V96/><AGARI ba="0,2" hai="50,54,55,56,59,62,80,83,85,89,92,96,102,105" m="31264" machi="96" ten="30,7800,0" yaku="1,1,0,1,52,2,53,0" doraHai="84" doraHaiUra="68" who="2" fromWho="2" sc="334,-39,247,-39,449,98,0,0" /><INIT seed="2,1,0,1,5,0" ten="295,208,547,0" oya="2" hai0="72,68,69,74,82,34,76,87,73,80,102,2,38" hai1="95,126,110,54,37,118,132,94,36,66,57,130,32" hai2="133,52,63,59,45,50,88,134,92,33,71,125,85" hai3=""/><V49/><F125/><T97/><D2/><U122/><N who="1" m="31264" /><U113/><E126/><V131/><F131/><T42/><D80/><U105/><E105/><V65/><REACH who="2" step="1"/><F33/><REACH who="2" ten="295,208,537,0" step="2"/><T47/><REACH who="0" step="1"/><D34/><REACH who="0" ten="285,208,537,0" step="2"/><U107/><E32/><V84/><F84/><T108/><D108/><U77/><E110/><V89/><F89/><T109/><D109/><U129/><E129/><V81/><F81/><T1/><D1/><U103/><E130/><V39/><F39/><T41/><D41/><AGARI ba="1,2" hai="41,45,49,50,52,59,63,65,71,85,88,92,133,134" machi="41" ten="40,7700,0" yaku="1,1,54,2,53,0" doraHai="0" doraHaiUra="106" who="2" fromWho="0" sc="285,-79,208,0,537,99,0,0" /><INIT seed="2,2,0,2,4,67" ten="206,208,636,0" oya="2" hai0="80,40,44,87,1,88,47,69,119,66,113,125,117" hai1="106,126,73,84,59,74,77,97,102,72,121,123,120" hai2="42,78,94,48,104,0,68,33,32,110,127,41,133" hai3=""/><V112/><F112/><T61/><D1/><U71/><N who="1" m="30752" /><U115/><N who="1" m="31008" /><U70/><N who="1" m="31520" /><U89/><E115/><V118/><F118/><T101/><D113/><U114/><E114/><V107/><F0/><T55/><D125/><U75/><E126/><V54/><F127/><T76/><D101/><U64/><N who="1" m="18944" /><DORA hai="36" /><U60/><REACH who="1" step="1"/><E77/><REACH who="1" ten="206,198,636,0" step="2"/><V86/><F78/><T134/><D134/><U37/><E37/><V34/><F133/><T91/><D119/><U116/><E116/><V96/><F32/><T63/><D117/><U53/><E53/><V79/><F54/><T111/><D111/><U109/><E109/><V135/><F79/><T124/><D124/><U122/><N who="1" m="31264" /><U105/><E105/><V93/><F104/><T85/><D76/><U51/><E51/><V132/><F48/><T129/><D129/><U49/><E49/><V46/><F107/><T3/><D3/><U108/><E108/><V95/><F110/><T52/><D55/><U56/><E56/><V38/><F33/><T58/><REACH who="0" step="1"/><D40/><REACH who="0" ten="196,198,636,0" step="2"/><U2/><E2/><V90/><F41/><T50/><D50/><U92/><AGARI ba="2,2" hai="59,60,64,70,71,84,89,92,97,102,106" m="31264,18944,31520,31008,30752" machi="92" ten="60,12000,3" yaku="1,1,0,1,52,6,53,1" doraHai="67,36" doraHaiUra="43,62" who="1" fromWho="1" sc="196,-42,198,144,636,-82,0,0" /><INIT seed="4,0,0,0,2,80" ten="154,342,554,0" oya="0" hai0="53,45,87,67,46,39,113,117,101,61,85,109,96" hai1="55,90,35,99,82,41,86,115,107,38,100,95,71" hai2="106,78,77,83,103,73,70,48,135,59,89,88,119" hai3=""/><T79/><D113/><U63/><E35/><V131/><F70/><T37/><D117/><U36/><E115/><V112/><F112/><T105/><D109/><U60/><E41/><V93/><F119/><T122/><N who="0" m="31264" /><T133/><D133/><U58/><REACH who="1" step="1"/><E107/><REACH who="1" ten="154,332,554,0" step="2"/><V123/><N who="2" m="31520" /><V108/><F106/><T76/><D76/><U51/><E51/><V64/><F135/><T128/><D128/><U56/><E56/><V1/><F131/><T81/><D46/><U74/><E74/><V47/><F78/><T102/><D102/><U44/><E44/><V84/><F73/><T111/><D111/><U134/><E134/><V92/><F108/><T75/><D37/><U116/><E116/><V130/><F130/><T121/><N who="0" m="31008" /><T114/><D114/><U32/><E32/><V127/><F103/><T0/><D0/><U118/><E118/><V120/><F1/><T98/><D98/><U125/><E125/><V110/><F127/><T3/><D3/><U33/><E33/><V72/><F110/><T132/><D132/><U94/><E94/><V43/><N who="2" m="30752" /><V50/><F47/><T57/><REACH who="0" step="1"/><D39/><REACH who="0" ten="144,332,554,0" step="2"/><U91/><E91/><V97/><F89/><T129/><D129/><U2/><E2/><V66/><F97/><RYUUKYOKU ba="0,2" sc="144,10,332,10,554,-20,0,0" hai0="45,53,57,61,67,75,79,81,85,87,96,101,105" hai1="36,38,55,58,60,63,71,82,86,90,95,99,100" /><INIT seed="4,1,2,5,5,135" ten="154,342,534,0" oya="0" hai0="42,87,127,134,43,125,88,94,103,111,124,37,35" hai1="70,41,45,122,113,126,34,102,101,75,74,48,119" hai2="128,131,1,53,83,55,62,69,54,112,71,132,129" hai3=""/><T2/><D2/><U123/><E34/><V82/><F132/><T51/><D134/><U86/><N who="1" m="31264" /><U115/><N who="1" m="31520" /><U118/><E70/><N who="2" m="26635" /><F1/><T98/><D35/><U73/><E86/><V114/><F62/><T106/><D111/><U65/><E65/><V80/><AGARI ba="1,2" hai="53,54,55,80,82,83,112,114,128,129,131" m="26635" machi="80" ten="50,6000,1" yaku="29,2,28,2,19,1" doraHai="135" who="2" fromWho="2" sc="154,-41,342,-21,534,82,0,0" /><INIT seed="5,0,0,2,4,66" ten="113,321,616,0" oya="1" hai0="79,132,129,127,69,71,59,36,34,86,63,48,134" hai1="45,73,111,3,97,78,56,106,102,87,67,122,61" hai2="57,43,76,90,49,55,70,94,52,107,126,41,75" hai3=""/><U33/><N who="1" m="31264" /><U53/><E3/><V98/><F126/><T119/><D34/><U74/><E33/><V62/><F107/><T40/><D86/><U37/><E111/><V81/><F70/><N who="0" m="26634" /><D79/><U115/><E115/><V116/><F116/><T68/><N who="0" m="26642" /><T60/><DORA hai="89" /><D127/><U38/><E38/><V128/><F128/><T85/><D85/><U130/><E130/><V120/><N who="2" m="30752" /><V46/><AGARI ba="0,0" hai="41,43,46,49,52,55,57,62,75,76,81,90,94,98" m="30752" machi="46" ten="20,9000,2" yaku="4,1,0,1,7,1,52,2,54,1" doraHai="66,89" who="2" fromWho="2" sc="113,-30,321,-60,616,90,0,0" /><INIT seed="6,0,0,5,2,32" ten="83,261,706,0" oya="2" hai0="70,52,59,72,55,1,75,129,74,51,0,44,73" hai1="36,80,60,116,106,63,125,57,101,108,93,111,35" hai2="48,53,109,104,131,100,69,91,92,46,98,96,127" hai3=""/><V65/><F127/><T50/><N who="0" m="18432" /><DORA hai="41" /><T110/><D70/><U135/><E35/><V62/><F131/><T43/><D110/><U78/><E135/><V67/><F67/><T79/><D79/><U82/><E106/><V2/><F109/><T128/><REACH who="0" step="1"/><D43/><REACH who="0" ten="73,261,706,0" step="2"/><U3/><E111/><V117/><F117/><T56/><D56/><U86/><E108/><V103/><F103/><T94/><D94/><U107/><E57/><V124/><F124/><T122/><N who="0" m="31264" /><T133/><D133/><U115/><E93/><V81/><F81/><T45/><D45/><U120/><E82/><V77/><F77/><T64/><D64/><U54/><E78/><V113/><F113/><T95/><D95/><U130/><E80/><V49/><F49/><T61/><D61/><U37/><E63/><V119/><F119/><T97/><D97/><U66/><E60/><V132/><F132/><T68/><D68/><U126/><E116/><V105/><F104/><T85/><D85/><U34/><E86/><V47/><F46/><T39/><D39/><U118/><E36/><V33/><F33/><T58/><D58/><U114/><E37/><V87/><F96/><T102/><D102/><U38/><N who="1" m="30752" /><U83/><E101/><V99/><F87/><RYUUKYOKU ba="0,1" sc="73,10,261,-20,706,10,0,0" hai0="0,1,44,50,51,52,55,59,128,129" hai2="2,47,48,53,62,65,69,91,92,98,99,100,105" owari="83,-52.0,241,-16.0,726,68.0,0,0.0" /></mjloggm>