<mjloggm ver="2.3"><GO type="169" lobby="0"/><UN n0="%E3%81%8B%E3%81%A5%E3%81%8D%EF%BC%B8%EF%BC%A9" n1="%E9%87%8C%E6%9C%A8%E4%BB%81" n2="%E3%81%86%E3%81%95%E3%81%8E%E3%83%95%E3%82%A1%E3%83%B3%E3%82%B7%E3%83%BC" n3="%E3%81%94%E3%81%AB%E3%82%87" dan="16,16,17,17" rate="2085.74,2104.21,2146.74,2168.73" sx="M,M,F,M"/><TAIKYOKU oya="0"/><INIT seed="0,0,0,2,4,131" ten="250,250,250,250" oya="0" hai0="19,84,91,12,53,125,112,134,34,29,10,86,40" hai1="39,98,97,111,49,67,38,68,92,75,58,104,123" hai2="127,45,30,21,37,108,83,66,41,78,6,115,74" hai3="22,57,61,96,135,114,2,3,132,89,27,28,133"/><T59/><D112/><U128/><E123/><V50/><F115/><W124/><G124/><T48/><D125/><U118/><E118/><V17/><F127/><W82/><G114/><T56/><D134/><U81/><E49/><V85/><F108/><W73/><G73/><T113/><D113/><U117/><E58/><V13/><F66/><N who="3" m="39215" /><G82/><T44/><D86/><U88/><E117/><V120/><F120/><W25/><G25/><T100/><D100/><N who="1" m="62487" /><E97/><V69/><F69/><W87/><G87/><T52/><D34/><U55/><E55/><N who="0" m="21065" /><D29/><U0/><E111/><V18/><F74/><W5/><G5/><T103/><D103/><U102/><E102/><V4/><F30/><W95/><AGARI ba="0,0" hai="2,3,22,27,28,89,95,96,132,133,135" m="39215" machi="95" ten="40,8000,1" yaku="20,1,52,3" doraHai="131" who="3" fromWho="3" sc="250,-40,250,-20,250,-20,250,80" /><INIT seed="1,0,0,4,3,36" ten="210,230,230,330" oya="1" hai0="40,48,69,73,62,53,77,50,51,19,124,118,126" hai1="110,21,94,38,93,61,67,52,103,91,12,54,130" hai2="59,0,101,109,29,33,121,31,112,66,34,6,20" hai3="87,96,132,120,81,2,25,8,114,9,119,99,10"/><U128/><E110/><V95/><F121/><W44/><G114/><T79/><D118/><U134/><E134/><V58/><F109/><W89/><G120/><T45/><D19/><N who="1" m="10471" /><E38/><V3/><F112/><W68/><G132/><T74/><D77/><U102/><E130/><V63/><F59/><W42/><G2/><N who="2" m="553" /><F29/><W27/><G68/><T39/><D79/><U7/><E128/><V115/><F6/><W82/><G82/><T18/><D18/><U15/><E67/><V92/><F92/><N who="1" m="35433" /><E91/><V13/><F13/><W83/><G83/><T30/><D30/><U100/><E61/><V32/><F32/><W88/><G89/><T117/><D74/><U104/><E104/><V107/><F107/><W47/><G47/><T49/><D73/><U113/><E113/><V24/><F115/><W127/><G119/><T26/><D26/><N who="3" m="9737" /><G127/><N who="0" m="48683" /><D117/><U116/><E116/><V78/><F78/><W106/><G106/><T70/><D62/><U133/><E133/><V28/><F28/><W85/><G85/><T23/><D23/><U43/><E7/><V17/><F17/><W35/><G35/><T41/><D41/><U97/><E43/><V76/><F76/><W129/><G129/><T108/><D108/><U60/><E60/><V11/><F11/><N who="3" m="2819" /><W56/><DORA hai="80" /><G56/><AGARI ba="0,0" hai="39,40,45,48,49,50,51,53,56,69,70" m="48683" machi="56" ten="30,7700,0" yaku="18,1,34,2,52,1" doraHai="36,80" who="0" fromWho="3" sc="210,77,230,0,230,0,330,-77" /><INIT seed="2,0,0,2,0,115" ten="287,230,230,253" oya="2" hai0="85,61,25,135,89,92,0,87,40,47,6,107,22" hai1="102,49,84,79,70,45,86,66,74,55,57,38,12" hai2="39,43,103,34,95,114,120,113,106,3,58,9,129" hai3="122,116,78,23,59,104,26,63,21,62,118,83,110"/><V81/><F120/><W18/><G122/><T4/><D107/><U132/><E132/><V16/><F129/><W76/><G110/><T19/><D135/><U31/><E31/><V97/><F34/><W94/><G104/><T60/><D87/><U91/><E102/><V29/><F29/><W124/><G124/><T134/><D134/><U130/><E130/><V88/><F81/><W42/><G42/><T20/><D20/><U37/><E74/><V123/><F123/><W13/><G94/><T24/><D24/><U133/><E133/><V53/><F43/><W7/><G76/><T131/><D131/><U119/><E119/><V35/><F35/><W11/><G23/><T93/><D93/><U121/><E121/><V56/><F39/><W1/><G1/><T71/><D71/><U32/><E70/><V75/><F75/><W109/><G109/><T52/><D0/><U48/><E32/><V17/><F58/><W117/><REACH who="3" step="1"/><G59/><REACH who="3" ten="287,230,230,243" step="2"/><N who="0" m="34919" /><D61/><U127/><E127/><V128/><F128/><W99/><G99/><T73/><D73/><AGARI ba="0,1" hai="7,11,13,18,21,26,62,63,73,78,83,116,117,118" machi="73" ten="40,8000,1" yaku="1,1,52,3,53,0" doraHai="115" doraHaiUra="51" who="3" fromWho="0" sc="287,-80,230,0,230,0,243,90" /><INIT seed="3,0,0,4,3,82" ten="207,230,230,333" oya="3" hai0="53,93,68,107,112,86,7,94,122,29,57,90,65" hai1="66,117,10,108,128,27,2,49,56,96,13,50,26" hai2="91,21,84,102,63,103,134,12,0,106,18,25,99" hai3="11,85,58,89,95,22,16,40,127,135,124,6,113"/><W80/><G135/><T43/><D107/><U59/><E2/><V38/><F134/><W129/><G129/><T104/><D104/><U81/><E128/><V77/><F0/><W5/><G113/><T60/><D122/><U9/><E108/><V61/><F38/><W35/><G35/><T48/><D112/><U69/><E69/><V30/><F77/><W92/><G40/><T111/><D111/><U87/><E117/><V121/><F103/><W100/><G58/><N who="1" m="22058" /><E66/><V83/><REACH who="2" step="1"/><F121/><REACH who="2" ten="207,230,220,333" step="2"/><W47/><G127/><T109/><D109/><U28/><E28/><V120/><F120/><W101/><G124/><T78/><D29/><U115/><E115/><V33/><AGARI ba="0,1" hai="12,18,21,25,30,33,61,63,83,84,91,99,102,106" machi="33" ten="20,8000,1" yaku="1,1,0,1,7,1,52,1,53,1" doraHai="82" doraHaiUra="97" who="2" fromWho="2" sc="207,-20,230,-20,220,90,333,-40" /><INIT seed="4,0,0,1,0,29" ten="187,210,310,293" oya="0" hai0="55,47,81,119,73,78,97,117,64,90,74,116,118" hai1="68,115,13,1,109,7,37,128,103,94,126,24,124" hai2="91,77,106,63,72,92,18,122,75,130,127,16,49" hai3="67,48,83,28,100,45,125,58,53,98,12,46,111"/><T96/><N who="0" m="29696" /><DORA hai="59" /><T120/><D120/><U2/><E109/><V32/><F106/><W69/><G125/><N who="1" m="48234" /><E128/><V4/><F127/><W36/><G111/><T129/><D129/><U26/><E37/><V20/><F122/><W14/><G83/><T114/><D114/><U123/><E123/><V17/><F4/><W52/><G45/><T40/><D74/><U85/><E115/><V89/><F130/><W9/><G28/><T51/><D90/><N who="1" m="53583" /><E68/><V88/><F32/><W11/><G11/><T70/><REACH who="0" step="1"/><D40/><REACH who="0" ten="177,210,310,293" step="2"/><U87/><E103/><V19/><F75/><W134/><G134/><T99/><D99/><U23/><E87/><V10/><F72/><W43/><G100/><T30/><D30/><N who="1" m="17695" /><E26/><V22/><F91/><W95/><G98/><T132/><D132/><U27/><E27/><V71/><F89/><W66/><G43/><T33/><D33/><U34/><E34/><V35/><F35/><W6/><G95/><T93/><D93/><U108/><E108/><V50/><F10/><AGARI ba="0,1" hai="1,2,7,10,13" m="17695,53583,48234" machi="10" ten="30,1000,0" yaku="18,1" doraHai="29,59" who="1" fromWho="2" sc="177,0,210,20,310,-10,293,0" /><INIT seed="5,0,0,1,2,90" ten="177,230,300,293" oya="1" hai0="41,112,58,101,30,85,20,42,135,110,100,69,28" hai1="94,24,114,29,102,122,96,93,80,48,134,59,9" hai2="22,97,73,36,38,40,32,2,105,89,121,119,115" hai3="117,47,33,77,35,3,127,10,18,16,8,34,72"/><U27/><E122/><V84/><F121/><W61/><G72/><T133/><D69/><U21/><E114/><V125/><F119/><W83/><G61/><T70/><D70/><U99/><E134/><N who="0" m="51209" /><D110/><U1/><E80/><V56/><F32/><W68/><G68/><T0/><D0/><U45/><E59/><V131/><F2/><W71/><G71/><T79/><D112/><U124/><E124/><V15/><F73/><W130/><G3/><T52/><D85/><U31/><E1/><V7/><F115/><W88/><G127/><T132/><N who="0" m="51217" /><T126/><DORA hai="108" /><D79/><U128/><E9/><V55/><F38/><W106/><G77/><T25/><D30/><N who="1" m="11275" /><E21/><V75/><F75/><W60/><G33/><T82/><D82/><U43/><E128/><V91/><F131/><W13/><G34/><T51/><D126/><U12/><E12/><V87/><F15/><W63/><G35/><T54/><D54/><U19/><E19/><V111/><F55/><W5/><G130/><T23/><D20/><U50/><E50/><V95/><F22/><W66/><G8/><T123/><D123/><U76/><E76/><V14/><F125/><W65/><G10/><T74/><D74/><U26/><E26/><V109/><F109/><W11/><G11/><T120/><D120/><U64/><E64/><V6/><F111/><W92/><G66/><T37/><D37/><U39/><E39/><V17/><F36/><W67/><G65/><T62/><D51/><U98/><E98/><V118/><F97/><W46/><G67/><T57/><D58/><U78/><E78/><RYUUKYOKU ba="0,0" sc="177,15,230,15,300,-15,293,-15" hai0="23,25,28,41,42,52,57,62,100,101" hai1="24,27,43,45,48,93,94,96,99,102" /><INIT seed="5,1,0,5,2,96" ten="192,245,285,278" oya="1" hai0="78,109,61,74,130,71,89,99,69,118,80,92,39" hai1="73,10,111,14,3,11,121,21,117,104,15,9,2" hai2="83,72,134,58,135,101,44,60,34,66,102,98,5" hai3="90,37,62,112,31,42,51,85,106,105,86,22,6"/><U50/><E117/><V63/><F34/><W59/><G37/><T133/><D109/><U52/><E121/><V122/><F122/><W4/><G106/><T16/><D118/><U7/><E111/><V25/><F5/><W88/><G105/><T35/><D35/><U79/><E104/><V129/><F129/><W48/><G112/><T82/><D39/><U87/><E73/><V33/><F44/><N who="3" m="25623" /><G51/><T120/><D120/><U97/><E21/><V67/><F98/><W43/><G43/><T75/><D130/><U32/><E32/><V57/><F33/><W94/><G31/><T114/><D133/><N who="2" m="50698" /><F25/><W91/><G22/><T110/><D110/><U13/><E97/><V126/><F126/><W108/><G108/><T64/><D114/><U81/><REACH who="1" step="1"/><E7/><REACH who="1" ten="192,235,285,278" step="2"/><N who="3" m="2602" /><G86/><T115/><D115/><U1/><E1/><V68/><F68/><W36/><G36/><T132/><D132/><U93/><E93/><V23/><F23/><W41/><G41/><T17/><D71/><U29/><E29/><V70/><F70/><W123/><G123/><T77/><AGARI ba="1,1" hai="16,17,61,64,69,74,75,77,78,80,82,89,92,99" machi="77" ten="30,4000,0" yaku="0,1,9,1,54,1" doraHai="96" who="0" fromWho="0" sc="192,53,235,-21,285,-11,278,-11" /><INIT seed="6,0,0,0,0,101" ten="245,214,274,267" oya="2" hai0="65,115,118,128,63,79,15,14,114,27,55,30,77" hai1="1,121,113,125,56,76,5,41,111,13,95,48,45" hai2="110,51,11,74,72,7,80,102,26,86,43,70,0" hai3="82,10,119,66,23,2,42,3,127,75,4,90,37"/><V38/><F110/><W36/><G119/><T62/><D128/><U12/><E111/><V99/><F70/><W135/><G2/><T35/><D118/><U73/><E113/><N who="0" m="43017" /><D55/><U81/><E125/><V71/><F71/><W59/><G127/><T18/><D63/><U9/><E121/><V68/><F68/><W57/><G36/><T109/><D109/><U122/><E122/><V28/><F51/><W53/><G135/><T133/><D133/><U132/><E132/><V103/><F103/><W116/><G116/><T69/><D15/><U98/><REACH who="1" step="1"/><E56/><REACH who="1" ten="245,204,274,267" step="2"/><V105/><F38/><W50/><G59/><T93/><D93/><U54/><E54/><V46/><F43/><W88/><G37/><T32/><D32/><U16/><E16/><V108/><F108/><W97/><G42/><T60/><D60/><U64/><E64/><V29/><F46/><W100/><G66/><T25/><D25/><U17/><E17/><V31/><REACH who="2" step="1"/><F26/><REACH who="2" ten="245,204,264,267" step="2"/><W22/><G57/><T44/><D44/><U67/><E67/><V33/><F33/><W20/><G53/><T21/><AGARI ba="0,2" hai="14,18,21,27,30,35,62,65,69,77,79" m="43017" machi="21" ten="30,1100,0" yaku="15,1" doraHai="101" who="0" fromWho="0" sc="245,31,204,-3,264,-5,267,-3" /><INIT seed="7,0,0,5,3,75" ten="276,201,259,264" oya="3" hai0="5,109,102,66,107,10,52,123,68,120,6,55,37" hai1="85,18,25,95,73,101,90,16,0,133,35,60,53" hai2="113,81,135,64,28,67,62,88,87,110,92,46,71" hai3="130,7,117,24,129,36,77,132,124,11,98,8,115"/><W43/><G117/><T96/><D109/><U4/><E73/><V3/><F113/><W58/><G115/><T70/><D37/><U93/><E133/><V54/><F110/><W49/><G132/><T105/><D66/><U42/><E42/><V39/><F135/><W126/><G36/><T128/><D10/><N who="3" m="3625" /><G7/><T21/><D21/><U2/><E4/><V89/><F3/><W23/><G98/><T63/><D63/><U33/><E0/><V91/><F28/><N who="3" m="17439" /><G77/><T13/><D96/><N who="1" m="59551" /><E2/><V100/><F67/><W65/><G43/><T114/><D114/><U83/><E35/><V40/><F100/><W41/><G41/><T26/><D102/><U45/><E33/><V82/><F91/><W108/><G108/><T27/><D13/><U84/><E25/><V44/><F89/><W69/><G69/><T31/><D31/><U86/><E45/><V48/><AGARI ba="0,0" hai="39,40,44,46,48,54,62,64,71,81,82,87,88,92" machi="48" ten="30,2000,0" yaku="0,1,54,1" doraHai="75" who="2" fromWho="2" sc="276,-5,201,-5,259,20,264,-10" /><INIT seed="8,0,0,5,0,33" ten="271,196,279,254" oya="0" hai0="66,42,104,39,75,83,92,48,25,69,109,129,122" hai1="91,85,46,121,61,40,123,29,115,38,89,135,49" hai2="127,87,107,59,64,132,35,27,5,99,44,63,55" hai3="8,19,76,94,53,10,84,105,57,20,82,47,34"/><T125/><D104/><U65/><E135/><V117/><F132/><W93/><G34/><T130/><D122/><U102/><E115/><V56/><F117/><W51/><G105/><T14/><D125/><U70/><E102/><V11/><F127/><W108/><G108/><T134/><D134/><U23/><E38/><V43/><F87/><W81/><G81/><T86/><D25/><U6/><E6/><V97/><F107/><W80/><G80/><T103/><D75/><U116/><E116/><V77/><F77/><W95/><REACH who="3" step="1"/><G47/><REACH who="3" ten="271,196,279,244" step="2"/><T18/><D109/><U28/><E91/><V128/><F35/><W72/><G72/><T113/><D113/><U74/><E74/><V2/><F128/><W98/><G98/><T73/><D73/><U37/><E37/><V52/><F99/><W114/><G114/><T112/><D39/><U119/><E119/><V110/><F97/><W41/><G41/><T50/><D42/><U54/><E40/><V79/><F110/><W30/><G30/><T22/><D112/><U58/><E70/><V31/><F44/><W24/><AGARI ba="0,1" hai="8,10,19,20,24,51,53,57,76,82,84,93,94,95" machi="24" ten="30,4000,0" yaku="1,1,0,1,8,1,53,0" doraHai="33" doraHaiUra="120" who="3" fromWho="3" sc="271,-20,196,-10,279,-10,244,50" /><INIT seed="9,0,0,0,5,43" ten="251,186,269,294" oya="1" hai0="89,53,131,133,92,81,28,118,80,98,121,102,100" hai1="74,76,30,38,120,6,127,40,115,112,85,57,39" hai2="122,101,70,25,96,77,47,95,88,56,66,54,91" hai3="17,14,0,103,3,19,61,21,24,32,36,23,10"/><U67/><E74/><V110/><F122/><W27/><G36/><N who="1" m="13866" /><E30/><V22/><F110/><W16/><G103/><N who="0" m="39467" /><D121/><U51/><E6/><V2/><F2/><N who="3" m="555" /><G61/><T58/><D131/><U12/><E12/><V90/><F70/><W8/><G32/><T97/><D118/><U107/><E107/><V48/><F77/><W64/><G64/><T84/><D133/><U1/><E1/><V7/><F7/><N who="3" m="3359" /><G10/><T33/><D28/><AGARI ba="0,0" hai="16,17,19,21,23,24,27,28" m="3359,555" machi="28" ten="30,12000,2" yaku="35,5,54,1" doraHai="43" who="3" fromWho="0" sc="251,-120,186,0,269,0,294,120" owari="131,-37.0,186,-21.0,269,7.0,414,51.0" /></mjloggm>