<mjloggm ver="2.3"><GO type="225" lobby="0"/><UN n0="%E3%83%8A%E3%83%99%E3%83%AA%E3%83%B3" n1="%E3%83%A2%E3%83%83%E3%83%83%E3%83%83%E3%83%83%E3%83%83%E3%82%B3%E3%82%B9" n2="%79%6A%69%72%6F" n3="%E5%AE%89%E8%97%A4%E3%82%AB%E3%82%B1%E3%83%AB" dan="16,16,17,16" rate="2106.81,2094.49,2173.86,2067.91" sx="M,M,M,M"/><TAIKYOKU oya="0"/><INIT seed="0,0,0,3,3,52" ten="250,250,250,250" oya="0" hai0="58,29,106,124,107,129,131,74,83,53,96,47,24" hai1="14,26,95,9,42,0,57,20,50,134,28,44,82" hai2="86,25,40,11,48,110,99,92,65,6,43,130,104" hai3="59,117,97,112,89,32,72,27,22,88,76,69,54"/><T5/><D5/><U90/><E134/><V1/><F110/><W21/><G69/><T103/><D47/><U60/><E0/><V39/><F130/><N who="0" m="49674" /><D124/><U101/><E101/><V77/><F104/><W66/><G66/><T85/><D74/><U78/><E78/><V23/><F65/><W115/><G32/><N who="0" m="20519" /><D96/><U67/><E82/><V7/><F39/><W16/><G117/><T84/><D103/><U12/><REACH who="1" step="1"/><E9/><REACH who="1" ten="250,240,250,250" step="2"/><V62/><F11/><W87/><G76/><N who="0" m="46183" /><D85/><AGARI ba="0,1" hai="12,14,20,26,28,42,44,50,57,60,67,85,90,95" machi="85" ten="30,7700,0" yaku="1,1,7,1,8,1,52,1,53,0" doraHai="52" doraHaiUra="122" who="1" fromWho="0" sc="250,-77,240,87,250,0,250,0" /><INIT seed="1,0,0,4,5,63" ten="173,327,250,250" oya="1" hai0="2,51,33,131,133,29,92,81,19,99,20,117,66" hai1="123,44,41,10,94,30,43,126,72,47,116,106,8" hai2="90,32,84,91,24,127,54,96,49,36,17,57,37" hai3="129,93,7,108,77,4,34,59,122,118,78,9,125"/><U28/><E106/><V40/><F127/><W112/><G34/><T110/><D117/><U56/><E116/><V74/><F74/><W85/><G118/><T50/><D2/><U101/><E123/><V48/><F48/><W120/><G112/><T80/><D110/><U6/><E72/><V124/><F124/><W132/><G125/><T114/><D114/><U121/><E121/><V95/><F40/><W103/><G108/><T89/><D131/><U79/><E79/><V15/><F32/><W87/><G129/><T88/><D133/><U35/><E35/><V45/><F24/><W21/><G132/><T102/><D33/><U18/><E18/><V27/><F27/><W113/><G113/><T68/><D29/><U26/><E56/><V97/><F45/><W1/><G4/><T25/><D81/><U128/><E26/><V58/><F58/><W104/><G59/><T3/><D3/><U53/><E6/><V64/><F64/><W83/><G1/><T14/><D14/><U135/><E135/><V69/><F97/><W130/><G130/><T11/><D11/><N who="1" m="4139" /><E44/><V86/><F96/><W75/><G122/><T38/><D38/><U107/><E126/><V119/><F69/><W65/><G120/><T13/><D25/><U61/><E47/><V23/><F119/><W62/><G75/><T67/><D68/><U111/><E128/><V100/><F100/><W73/><G103/><T22/><D22/><U98/><E111/><V5/><F5/><W134/><G7/><T70/><D70/><U105/><E101/><V52/><F54/><W31/><G134/><RYUUKYOKU ba="0,0" sc="173,-10,327,-10,250,30,250,-10" hai2="15,17,23,36,37,49,52,57,84,86,90,91,95" /><INIT seed="2,1,0,0,0,99" ten="163,317,280,240" oya="2" hai0="114,41,122,112,54,22,17,42,0,59,119,61,101" hai1="55,40,65,10,5,23,88,71,135,16,25,47,82" hai2="20,68,34,115,27,75,28,45,64,98,74,124,126" hai3="33,51,49,38,111,81,31,85,129,128,67,84,89"/><V133/><F115/><W70/><G38/><T106/><D122/><U9/><E135/><V50/><F133/><W46/><G111/><T100/><D0/><U109/><E109/><V130/><F130/><W121/><G121/><T43/><D119/><U18/><E71/><V12/><F64/><W80/><G33/><T93/><D106/><U113/><E65/><V11/><F68/><W117/><G31/><T73/><D73/><U44/><E113/><V83/><F34/><W8/><G117/><T19/><D114/><U52/><E18/><V39/><F39/><W132/><G132/><T96/><D112/><U79/><E9/><V15/><F15/><W104/><G104/><T69/><D69/><U107/><E107/><V92/><F83/><W76/><G8/><T58/><D58/><U118/><E118/><V78/><F78/><W102/><G51/><T35/><D35/><U62/><E62/><V95/><F95/><W131/><G67/><T60/><D60/><U32/><E32/><V26/><F26/><W94/><G70/><T86/><D86/><N who="1" m="50263" /><E79/><V56/><F75/><W103/><REACH who="3" step="1"/><G81/><REACH who="3" ten="163,317,280,230" step="2"/><T29/><D101/><U2/><E47/><V123/><F45/><W87/><G87/><T110/><D110/><U66/><E66/><V57/><F123/><W125/><G125/><N who="2" m="48233" /><F74/><W21/><G21/><T30/><REACH who="0" step="1"/><D17/><REACH who="0" ten="153,317,280,230" step="2"/><U127/><E127/><V53/><F56/><W63/><G63/><T1/><D1/><U134/><E134/><V116/><F116/><W13/><G13/><AGARI ba="1,2" hai="13,19,22,29,30,41,42,43,54,59,61,93,96,100" machi="13" ten="40,8000,1" yaku="1,1,8,1,52,1,53,1" doraHai="99" doraHaiUra="97" who="0" fromWho="3" sc="153,103,317,0,280,0,230,-83" /><INIT seed="3,0,0,2,4,53" ten="256,317,280,147" oya="3" hai0="92,37,61,34,28,59,107,78,134,87,91,93,57" hai1="101,116,113,48,112,104,74,77,35,14,0,98,102" hai2="67,119,123,55,30,29,44,23,63,69,111,106,64" hai3="33,131,115,126,5,125,1,25,130,110,6,62,83"/><W45/><G45/><T76/><D107/><U108/><E0/><V71/><F106/><W99/><G99/><T2/><D37/><U18/><E102/><V129/><F119/><W56/><G83/><T105/><D2/><U103/><E103/><V95/><F95/><W133/><G115/><T86/><D105/><U97/><E97/><V12/><F69/><W49/><G49/><T82/><D134/><U128/><E116/><V7/><F71/><W17/><G133/><T10/><D10/><U51/><E77/><N who="0" m="29801" /><D34/><U19/><E74/><V15/><F123/><W90/><G110/><T16/><D28/><U21/><E35/><V47/><F111/><W42/><G42/><T54/><D16/><U84/><E19/><V39/><F39/><W11/><G6/><T127/><D127/><N who="3" m="48649" /><G90/><T124/><D124/><U20/><E108/><V96/><F47/><W58/><G33/><T27/><D27/><U100/><E104/><V9/><F44/><W88/><G88/><N who="0" m="51287" /><D59/><N who="3" m="22569" /><G62/><T4/><D4/><U120/><E112/><V114/><F63/><W41/><G41/><T73/><D73/><U94/><E113/><V89/><F114/><W13/><G25/><T50/><D61/><U135/><E135/><V38/><F7/><W80/><G80/><AGARI ba="0,0" hai="50,54,57,80,87,91,92,93" m="51287,29801" machi="80" ten="30,3900,0" yaku="8,1,52,1,54,1" doraHai="53" who="0" fromWho="3" sc="256,39,317,0,280,0,147,-39" owari="295,10.0,317,41.0,280,-12.0,108,-39.0" /></mjloggm>