<mjloggm ver="2.3"><GO type="169" lobby="0"/><UN n0="%6B%69%79%6F%64%61%69" n1="%E3%81%BE%E3%81%93%E3%81%A8%E3%81%95%E3%82%93" n2="%E6%97%A9%E5%A4%A7%E3%83%80%E3%83%A1%E4%BF%AE%E5%A3%AB" n3="%4E%4F%42%55%53%48%49" dan="17,16,16,17" rate="2243.30,2115.03,2188.46,2184.67" sx="M,M,M,M"/><TAIKYOKU oya="0"/><INIT seed="0,0,0,3,1,79" ten="250,250,250,250" oya="0" hai0="39,104,105,126,108,119,40,49,124,31,17,88,123" hai1="96,8,109,60,107,80,74,9,106,18,0,82,66" hai2="110,131,24,11,93,20,75,37,6,56,122,61,63" hai3="84,34,62,101,76,133,65,32,128,91,29,22,83"/><T4/><D39/><U51/><E109/><V90/><F122/><W77/><G133/><T130/><D119/><U112/><E112/><V13/><F131/><W33/><G128/><T73/><D73/><U46/><E8/><V129/><F129/><W125/><G125/><N who="0" m="48235" /><D4/><U54/><E74/><V26/><F110/><W44/><G101/><T68/><D68/><U69/><E96/><V117/><F37/><W27/><REACH who="3" step="1"/><G44/><REACH who="3" ten="250,250,250,240" step="2"/><N who="0" m="25735" /><D130/><U78/><E78/><V25/><F117/><W115/><G115/><T55/><D108/><U7/><REACH who="1" step="1"/><E18/><REACH who="1" ten="250,240,250,240" step="2"/><V35/><F35/><W100/><G100/><T81/><D17/><U95/><E95/><V135/><F93/><W134/><G134/><T19/><D19/><U72/><E72/><V127/><F75/><W97/><G97/><T43/><D105/><AGARI ba="0,2" hai="0,7,9,46,51,54,60,66,69,80,82,105,106,107" machi="105" ten="40,5200,0" yaku="1,1,52,2,53,0" doraHai="79" doraHaiUra="86" who="1" fromWho="0" sc="250,-52,240,72,250,0,240,0" /><INIT seed="1,0,0,0,0,17" ten="198,312,250,240" oya="1" hai0="114,12,44,119,76,26,92,83,108,42,125,122,30" hai1="25,99,20,66,22,107,120,40,124,33,72,118,95" hai2="65,34,46,132,47,133,54,52,39,100,91,59,110" hai3="43,78,21,0,127,7,96,53,115,45,13,62,55"/><U112/><E112/><V58/><F34/><W15/><G115/><T86/><D119/><U82/><E118/><V32/><F32/><W69/><G127/><T111/><D125/><U38/><E120/><V77/><F100/><W3/><G78/><T64/><D114/><U117/><E117/><V109/><F77/><W135/><G135/><T31/><D122/><U101/><E124/><V28/><F28/><W16/><G96/><T74/><D64/><U81/><E66/><V123/><F91/><W2/><G69/><T19/><D92/><U67/><E67/><V93/><F93/><W14/><G62/><T36/><D74/><U18/><E33/><V116/><F65/><W24/><REACH who="3" step="1"/><G7/><REACH who="3" ten="198,312,250,230" step="2"/><T90/><D76/><U97/><E72/><V134/><F116/><W56/><G56/><N who="2" m="21545" /><F123/><W89/><G89/><T88/><D90/><U49/><E97/><V121/><F121/><W48/><AGARI ba="0,1" hai="0,2,3,13,14,15,16,21,24,43,45,48,53,55" machi="48" ten="40,8000,1" yaku="1,1,0,1,52,1,54,1,53,0" doraHai="17" doraHaiUra="4" who="3" fromWho="3" sc="198,-20,312,-40,250,-20,230,90" /><INIT seed="2,0,0,3,5,7" ten="178,272,230,320" oya="2" hai0="12,83,3,22,19,6,87,49,133,21,91,39,20" hai1="17,67,98,128,131,66,88,97,118,65,26,36,54" hai2="126,57,63,135,18,124,104,70,35,0,96,27,43" hai3="112,78,113,29,60,56,48,125,16,123,103,61,85"/><V109/><F0/><W80/><G123/><T73/><D39/><U69/><E118/><V14/><F135/><W55/><G125/><T93/><D133/><U62/><E36/><V47/><F70/><W2/><G103/><T101/><D3/><U5/><E5/><V99/><F27/><W127/><G29/><T107/><D6/><U77/><E77/><V84/><F35/><W94/><G127/><N who="2" m="48681" /><F84/><W52/><G94/><T111/><D111/><U108/><E108/><V40/><F104/><W15/><G2/><T120/><D120/><U95/><E97/><N who="2" m="37451" /><F47/><W42/><G42/><T130/><D107/><U51/><E69/><V46/><F46/><W64/><G61/><T11/><D101/><U114/><E114/><N who="3" m="44138" /><G48/><T81/><D130/><U1/><E1/><V74/><F74/><W13/><G13/><T28/><D28/><U44/><REACH who="1" step="1"/><E62/><REACH who="1" ten="178,262,230,320" step="2"/><V106/><F109/><W8/><AGARI ba="0,1" hai="8,15,16,52,55,56,60,64,78,80,85" m="44138" machi="8" ten="30,7900,0" yaku="11,1,52,1,54,2" doraHai="7" who="3" fromWho="3" sc="178,-20,262,-20,230,-39,320,89" /><INIT seed="3,0,0,5,5,28" ten="158,242,191,409" oya="3" hai0="93,36,24,42,84,39,103,65,38,133,55,79,10" hai1="46,23,73,106,72,48,116,56,85,98,121,81,96" hai2="37,132,83,114,44,27,8,102,43,7,15,49,124" hai3="87,113,31,17,66,120,34,0,5,80,4,75,29"/><W129/><G113/><T117/><D117/><U111/><E121/><V53/><F114/><W78/><G120/><T12/><D133/><U19/><E111/><V51/><F132/><W89/><G129/><T125/><D125/><U3/><E3/><V58/><F124/><W9/><G5/><T86/><D65/><U41/><E116/><V32/><F102/><W126/><G126/><T68/><D68/><U76/><E56/><V107/><F107/><W91/><G66/><T99/><D42/><U25/><REACH who="1" step="1"/><E106/><REACH who="1" ten="158,232,191,409" step="2"/><V109/><F109/><W104/><G104/><T123/><D123/><U122/><E122/><V1/><F1/><W101/><G101/><T52/><D24/><U47/><E47/><V77/><F27/><W90/><G17/><T26/><D26/><U22/><E22/><V115/><F115/><W94/><G34/><T118/><D118/><U33/><E33/><V110/><F32/><W21/><G21/><T2/><D2/><U92/><E92/><V105/><F105/><W60/><G31/><T82/><REACH who="0" step="1"/><D84/><REACH who="0" ten="148,232,191,409" step="2"/><U62/><E62/><V6/><F110/><W127/><G127/><T13/><D13/><U128/><E128/><V95/><F15/><W20/><G29/><T131/><D131/><U35/><E35/><V54/><F58/><W135/><G135/><T59/><D59/><U11/><E11/><V40/><F8/><W69/><G20/><T64/><D64/><U14/><E14/><V71/><F71/><W70/><G69/><T108/><D108/><U112/><E112/><V63/><F63/><W18/><G60/><T45/><D45/><RYUUKYOKU ba="0,2" sc="148,15,232,15,191,-15,409,-15" hai0="10,12,36,38,39,52,55,79,82,86,93,99,103" hai1="19,23,25,41,46,48,72,73,76,81,85,96,98" /><INIT seed="4,1,2,4,5,28" ten="163,247,176,394" oya="0" hai0="24,38,122,10,27,118,13,130,83,132,25,52,40" hai1="87,69,21,11,117,72,15,55,98,101,79,29,49" hai2="66,85,109,77,20,36,61,89,34,125,78,1,119" hai3="131,5,96,3,112,116,126,108,26,70,88,120,82"/><T67/><D118/><U127/><E117/><V107/><F119/><W43/><G43/><T100/><D122/><U58/><E69/><V128/><F109/><W14/><G26/><T47/><D130/><U81/><E127/><V62/><F1/><W22/><G22/><T95/><D132/><U123/><E123/><V74/><F107/><W111/><G14/><T121/><D121/><U18/><E29/><V80/><F36/><W86/><G5/><T30/><D67/><U99/><E99/><V37/><F37/><W134/><G96/><T104/><D104/><U110/><E110/><V9/><F9/><W106/><G88/><T94/><D100/><U135/><E135/><V42/><F42/><W0/><G86/><T92/><D83/><U91/><E72/><V71/><F125/><W65/><G82/><T23/><REACH who="0" step="1"/><D52/><REACH who="0" ten="153,247,176,394" step="2"/><U33/><E101/><V102/><F102/><W57/><G65/><T73/><D73/><U90/><E55/><V63/><F128/><W133/><G111/><T103/><D103/><U64/><E81/><V48/><F74/><W4/><G134/><T115/><D115/><U39/><E64/><V46/><F66/><W7/><G133/><T56/><D56/><U113/><E58/><V45/><F80/><W129/><G108/><T124/><D124/><U19/><E113/><V32/><F71/><W60/><G126/><T44/><D44/><U114/><E114/><V75/><F75/><W12/><G131/><T41/><D41/><U2/><E90/><V54/><F89/><W51/><G129/><T8/><D8/><N who="1" m="6503" /><E91/><V31/><F54/><RYUUKYOKU ba="1,3" sc="153,30,247,-10,176,-10,394,-10" hai0="10,13,23,24,25,27,30,38,40,47,92,94,95" /><INIT seed="4,2,3,1,5,49" ten="183,237,166,384" oya="0" hai0="27,35,34,121,84,54,26,22,13,119,107,105,48" hai1="44,64,50,132,65,5,10,36,7,47,78,57,0" hai2="110,68,83,109,14,97,76,133,51,41,55,104,20" hai3="9,4,17,46,72,3,56,21,25,111,129,96,61"/><T90/><D119/><U66/><E132/><V117/><F68/><W69/><G111/><T59/><D121/><U108/><E108/><V39/><F133/><W74/><G129/><T19/><D35/><U1/><E78/><V77/><F117/><W75/><G69/><T24/><REACH who="0" step="1"/><D34/><REACH who="0" ten="173,237,166,384" step="2"/><U28/><E36/><V81/><F39/><W33/><G33/><T131/><D131/><U60/><E28/><V86/><F110/><W94/><G75/><T80/><AGARI ba="2,4" hai="13,19,22,24,26,27,48,54,59,80,84,90,105,107" machi="80" ten="30,6000,0" yaku="1,1,0,1,52,1,53,0" doraHai="49" doraHaiUra="113" who="0" fromWho="0" sc="173,106,237,-22,166,-22,384,-22" /><INIT seed="4,3,0,5,2,29" ten="279,215,144,362" oya="0" hai0="101,107,42,122,63,44,112,113,16,108,18,76,1" hai1="47,123,104,12,72,43,67,13,28,46,81,99,5" hai2="110,0,132,51,89,97,21,105,55,9,95,88,8" hai3="15,20,91,56,66,71,79,133,22,114,103,69,119"/><T117/><D117/><U65/><E123/><V10/><F132/><W106/><G119/><T60/><D1/><U135/><E135/><V48/><F110/><W33/><G79/><T116/><D116/><U85/><E72/><V34/><F0/><W23/><G91/><T45/><D122/><U27/><E104/><V59/><F105/><W50/><G103/><T134/><D134/><U35/><E99/><V74/><F74/><W93/><G106/><T36/><D76/><U75/><E75/><V53/><F34/><W61/><G93/><T131/><D131/><U4/><E47/><V57/><REACH who="2" step="1"/><F21/><REACH who="2" ten="279,215,134,362" step="2"/><W111/><G33/><T94/><D107/><U120/><E120/><V32/><F32/><W41/><G23/><T129/><D108/><U52/><E4/><V2/><F2/><W31/><G31/><T83/><D129/><U100/><E35/><V26/><F26/><W84/><G22/><T115/><D18/><U86/><E27/><V6/><F6/><W78/><G20/><T37/><D16/><U96/><E28/><V102/><AGARI ba="3,1" hai="8,9,10,48,51,53,55,57,59,88,89,95,97,102" machi="102" ten="30,8000,1" yaku="1,1,0,1,9,1,8,1,54,1,53,0" doraHai="29" doraHaiUra="64" who="2" fromWho="2" sc="279,-43,215,-23,134,99,362,-23" /><INIT seed="5,0,0,3,2,85" ten="236,192,233,339" oya="1" hai0="97,73,54,108,45,101,13,135,38,95,84,80,23" hai1="130,1,68,128,46,99,120,67,88,53,75,5,2" hai2="65,89,100,87,70,119,36,40,27,78,110,55,103" hai3="11,69,76,116,123,52,114,28,60,24,34,125,39"/><U72/><E120/><V6/><F110/><W17/><G39/><T109/><D135/><U42/><E67/><V56/><F78/><W111/><G76/><T92/><D73/><N who="1" m="28235" /><E53/><V64/><F119/><W16/><G111/><T25/><D13/><U43/><E68/><V102/><F6/><W124/><G123/><T41/><D54/><U129/><E5/><V15/><F70/><W90/><G116/><T115/><D115/><U26/><E26/><V20/><F15/><W94/><G114/><T112/><D112/><U61/><E61/><N who="2" m="35999" /><F40/><N who="1" m="15401" /><E46/><V105/><F105/><W113/><G113/><T31/><D95/><AGARI ba="0,0" hai="1,2,88,95,99,128,129,130" m="15401,28235" machi="95" ten="40,7700,0" yaku="19,1,52,1,54,1" doraHai="85" who="1" fromWho="0" sc="236,-77,192,77,233,0,339,0" /><INIT seed="5,1,0,2,4,113" ten="159,269,233,339" oya="1" hai0="104,4,7,93,132,12,78,22,85,87,50,21,56" hai1="117,76,81,46,49,73,124,90,45,9,98,36,129" hai2="119,55,120,94,111,107,23,97,1,20,65,135,57" hai3="47,3,96,70,95,51,64,28,109,68,123,134,71"/><U116/><E9/><V77/><F111/><W19/><G3/><T74/><D74/><U118/><E36/><V88/><F120/><W83/><G109/><T63/><D104/><U0/><E0/><V32/><F32/><W26/><G123/><T39/><D39/><U91/><E129/><V130/><F130/><W18/><G83/><T67/><D132/><U11/><E124/><V133/><F1/><W54/><G64/><T27/><D22/><U86/><E11/><V31/><F65/><W25/><G134/><N who="2" m="51209" /><F31/><W126/><G126/><T8/><D4/><U13/><E13/><V5/><F5/><W41/><G41/><T37/><D37/><U30/><E30/><V33/><F33/><W110/><G110/><T125/><D78/><U40/><E46/><V52/><F119/><W16/><REACH who="3" step="1"/><G28/><REACH who="3" ten="159,269,233,329" step="2"/><T44/><D125/><U17/><E17/><V53/><F55/><W114/><G114/><T122/><D122/><U60/><E73/><V29/><F53/><W102/><AGARI ba="1,1" hai="16,18,19,25,26,47,51,54,68,70,71,95,96,102" machi="102" ten="40,5200,0" yaku="1,1,0,1,54,1,53,0" doraHai="113" doraHaiUra="6" who="3" fromWho="3" sc="159,-14,269,-27,233,-14,329,65" /><INIT seed="6,0,0,4,2,79" ten="145,242,219,394" oya="2" hai0="28,107,32,116,110,119,13,108,133,72,38,102,37" hai1="98,128,60,112,42,103,43,46,135,12,8,53,95" hai2="74,52,105,35,45,41,31,18,115,120,84,127,25" hai3="21,33,131,49,63,125,47,24,40,48,62,114,69"/><V4/><F74/><W80/><G131/><T104/><D13/><U117/><E128/><V76/><F120/><W44/><G125/><T113/><D102/><U16/><E117/><N who="0" m="45129" /><D72/><U91/><E135/><V22/><F105/><N who="0" m="40522" /><D28/><U67/><E112/><V126/><F115/><W50/><G114/><T118/><N who="0" m="45137" /><T19/><DORA hai="6" /><D113/><U101/><E53/><V99/><F52/><W2/><G33/><T111/><D19/><U86/><E46/><V3/><F99/><W27/><G2/><T124/><D32/><U90/><E103/><V56/><F56/><W10/><G69/><T130/><D130/><U87/><E87/><V100/><F100/><W81/><G50/><T82/><D82/><N who="3" m="31849" /><G10/><T30/><D30/><U51/><E51/><V97/><F127/><W1/><G1/><T29/><D29/><U71/><REACH who="1" step="1"/><E90/><REACH who="1" ten="145,232,219,394" step="2"/><V122/><F126/><W88/><G88/><T17/><D124/><U36/><E36/><N who="0" m="13929" /><D17/><U11/><E11/><V14/><F18/><W54/><G47/><T96/><D96/><U23/><E23/><V15/><F97/><W65/><G21/><T134/><AGARI ba="0,1" hai="108,110,111,133,134" m="13929,40522,45137" machi="134" ten="60,8000,1" yaku="28,2,12,1,31,2" doraHai="79,6" who="0" fromWho="0" sc="145,90,232,-20,219,-40,394,-20" /><INIT seed="7,0,0,5,4,21" ten="235,212,179,374" oya="3" hai0="73,45,103,97,95,117,124,4,23,87,8,88,16" hai1="31,12,118,119,29,24,34,106,92,127,19,133,75" hai2="69,71,44,11,96,105,85,20,14,102,39,93,55" hai3="84,59,61,7,27,89,47,79,91,60,38,81,121"/><W83/><G121/><T78/><D124/><U66/><E106/><V0/><F0/><W107/><G107/><T99/><D117/><N who="1" m="44555" /><E127/><V74/><F74/><W58/><G7/><T56/><D73/><U90/><E75/><V123/><F123/><W120/><G120/><T42/><D78/><U37/><E37/><V101/><F101/><W30/><G47/><T77/><D77/><U135/><E66/><V3/><F3/><W26/><G38/><T122/><D56/><U129/><E31/><V126/><F126/><W86/><G79/><T64/><D64/><U9/><E129/><V63/><F39/><W25/><G30/><T48/><D122/><U54/><E54/><V33/><F33/><W114/><G114/><T50/><D50/><U10/><E10/><V68/><F44/><W40/><G40/><T80/><D99/><AGARI ba="0,0" hai="9,12,19,24,29,34,90,92,99,133,135" m="44555" machi="99" ten="30,2000,0" yaku="12,1,52,1" doraHai="21" who="1" fromWho="0" sc="235,-20,212,20,179,0,374,0" owari="215,-18.0,232,3.0,179,-32.0,374,47.0" /></mjloggm>