<mjloggm ver="2.3"><GO type="169" lobby="0"/><UN n0="%64%61%6E%6E%63%68%69" n1="%63%6C%75%74%63%68%37%33" n2="%E3%82%AB%E3%83%A1%E3%83%83%E3%82%AF%E3%82%B9" n3="%4E%6F%6D%65%72%63%79" dan="17,17,16,16" rate="2159.06,2179.87,2137.94,2167.99" sx="M,M,M,F"/><TAIKYOKU oya="0"/><INIT seed="0,0,0,2,4,130" ten="250,250,250,250" oya="0" hai0="126,60,12,9,95,111,15,129,98,53,16,120,75" hai1="50,48,21,40,106,110,42,17,20,31,127,10,43" hai2="135,14,8,81,125,36,45,133,57,97,29,65,107" hai3="102,19,5,83,104,96,33,118,69,121,54,112,128"/><T71/><D120/><U124/><E106/><V3/><F125/><N who="1" m="48201" /><E31/><V37/><F3/><W73/><G128/><T119/><D119/><U1/><E1/><V22/><F81/><W4/><G118/><T131/><D126/><U25/><E10/><V99/><F57/><W51/><G69/><T113/><D113/><U23/><E110/><V64/><F45/><W88/><G33/><T70/><D75/><U134/><E134/><N who="2" m="51211" /><F22/><AGARI ba="0,0" hai="17,20,21,22,23,25,40,42,43,48,50" m="48201" machi="22" ten="40,1300,0" yaku="18,1" doraHai="130" who="1" fromWho="2" sc="250,0,250,13,250,-13,250,0" /><INIT seed="1,0,0,3,2,70" ten="250,263,237,250" oya="1" hai0="97,68,29,60,109,10,65,71,85,104,86,17,5" hai1="67,122,27,64,117,89,39,94,76,57,119,45,59" hai2="33,90,52,129,22,126,35,69,103,130,6,40,132" hai3="37,100,14,32,101,84,26,83,81,44,43,25,105"/><U12/><E122/><V48/><F69/><W91/><G14/><T4/><D109/><U93/><E76/><V82/><F132/><W133/><G133/><T124/><D124/><U30/><E12/><V92/><F126/><W46/><G83/><T66/><D29/><U54/><E89/><V61/><F61/><W18/><G105/><T55/><D55/><U75/><E75/><V34/><F40/><W79/><G79/><T110/><D110/><U78/><E78/><V36/><F36/><W98/><G98/><T80/><D17/><U1/><E30/><V16/><F6/><W72/><G72/><T15/><D4/><U127/><E27/><V99/><F82/><W31/><REACH who="3" step="1"/><G44/><REACH who="3" ten="250,263,237,240" step="2"/><T96/><D80/><U102/><E45/><V116/><F116/><W73/><G73/><T88/><D97/><U125/><E102/><V9/><F103/><W106/><G106/><T53/><D104/><U77/><E77/><V107/><F107/><W58/><G58/><N who="0" m="34895" /><D96/><U24/><E24/><V120/><F120/><W38/><G38/><T0/><D15/><U115/><E39/><V20/><F9/><W63/><G63/><T74/><D74/><U131/><E127/><V123/><F123/><W95/><G95/><N who="0" m="54671" /><D86/><U8/><E125/><V50/><F99/><W121/><G121/><T56/><D56/><U112/><E59/><V11/><F92/><W2/><G2/><T118/><D118/><U62/><E119/><V47/><F47/><W108/><G108/><T21/><D71/><U114/><E117/><V23/><F90/><W3/><G3/><T13/><D68/><RYUUKYOKU ba="0,1" sc="250,15,263,-15,237,-15,240,15" hai0="0,5,10,13,21,65,66" hai3="18,25,26,31,32,37,43,46,81,84,91,100,101" /><INIT seed="2,1,1,0,1,77" ten="265,248,222,255" oya="2" hai0="62,101,44,12,112,115,36,28,108,9,41,100,15" hai1="26,75,87,113,126,122,6,16,54,38,133,50,104" hai2="135,37,132,63,103,116,88,35,99,74,66,128,68" hai3="72,125,102,51,85,23,109,48,70,49,1,134,93"/><V11/><F116/><W57/><G72/><T46/><D108/><U30/><E75/><V5/><F128/><W0/><G109/><T39/><D28/><U20/><E122/><V24/><F74/><W58/><G70/><T117/><D62/><U84/><E104/><V69/><F37/><W56/><G134/><T83/><D117/><U130/><E38/><V14/><F68/><W43/><G43/><T67/><D67/><U2/><E133/><V82/><F82/><W53/><G53/><T42/><REACH who="0" step="1"/><D9/><REACH who="0" ten="255,248,222,255" step="2"/><U120/><E30/><V110/><F110/><W111/><G111/><T47/><D47/><U89/><E130/><V32/><F132/><W22/><G125/><T78/><D78/><U52/><E126/><V131/><F135/><W73/><G73/><T118/><D118/><U19/><E120/><V34/><F131/><W18/><G23/><T95/><D95/><U60/><E113/><V8/><F8/><W59/><N who="3" m="14336" /><DORA hai="65" /><W107/><G107/><T105/><D105/><U31/><E60/><V33/><F33/><W64/><G64/><T3/><D3/><U40/><E2/><V4/><F34/><W27/><G1/><T114/><D114/><U80/><E6/><V81/><F32/><W21/><G0/><T119/><D119/><U29/><E29/><V124/><F124/><W71/><G22/><T123/><D123/><U97/><E31/><V127/><F127/><W91/><G93/><T94/><D94/><U55/><E19/><N who="2" m="8671" /><F35/><W13/><G18/><T17/><D17/><U79/><E16/><V10/><F10/><W45/><G21/><RYUUKYOKU ba="1,2" sc="255,30,248,-10,222,-10,255,-10" hai0="12,15,36,39,41,42,44,46,83,100,101,112,115" /><INIT seed="3,2,2,1,2,31" ten="285,238,212,245" oya="3" hai0="62,15,20,56,120,37,66,2,10,23,65,85,53" hai1="63,41,122,111,106,45,8,43,22,1,97,86,90" hai2="133,129,82,81,73,127,76,101,116,113,87,135,25" hai3="7,9,16,109,121,48,132,110,46,27,28,72,36"/><W100/><G121/><T104/><D120/><U128/><E111/><N who="3" m="42506" /><G132/><N who="2" m="50761" /><F113/><W58/><G72/><T60/><D104/><U71/><E128/><V78/><F25/><W5/><G36/><T74/><D74/><U77/><E77/><V61/><F61/><W107/><G58/><T44/><D2/><U19/><E122/><V103/><F129/><W42/><G100/><N who="2" m="38473" /><F127/><W14/><G107/><T40/><D85/><U51/><E97/><V118/><AGARI ba="2,2" hai="73,76,78,81,82,87,116,118" m="38473,50761" machi="118" ten="30,4000,0" yaku="20,1,34,2" doraHai="31" who="2" fromWho="2" sc="285,-12,238,-12,212,66,245,-22" /><INIT seed="4,0,0,0,3,40" ten="273,226,278,223" oya="0" hai0="67,62,45,63,28,99,31,10,125,17,13,49,55" hai1="113,65,91,92,107,51,126,94,72,19,23,59,37" hai2="38,108,133,5,100,21,43,71,56,25,2,16,118" hai3="60,106,96,6,123,27,9,14,0,58,36,130,88"/><T1/><D125/><U119/><E37/><V47/><F71/><W117/><G117/><T52/><D1/><U129/><E119/><V89/><F118/><W104/><G36/><T32/><D32/><U33/><E107/><V90/><F108/><W85/><G130/><T64/><D99/><U120/><E120/><V35/><F133/><W29/><G123/><T39/><D39/><U69/><E69/><V73/><F73/><W102/><G104/><T127/><D127/><U12/><E126/><V134/><F134/><W114/><G114/><T135/><D135/><U78/><E129/><V75/><F100/><W53/><G0/><T86/><D86/><U8/><E33/><V101/><F101/><W70/><G70/><T82/><D82/><U105/><E105/><V95/><F75/><W81/><G27/><T74/><D74/><U46/><E78/><V30/><F56/><W50/><REACH who="3" step="1"/><G29/><REACH who="3" ten="273,226,278,213" step="2"/><N who="0" m="11339" /><D55/><U24/><E113/><V128/><F128/><W34/><G34/><T116/><D116/><U103/><E72/><V4/><F2/><W57/><G57/><T3/><D3/><U26/><E59/><V115/><F115/><W11/><G11/><T111/><D111/><U98/><E8/><V48/><F38/><W61/><AGARI ba="0,1" hai="6,9,14,50,53,58,60,61,81,85,88,96,102,106" machi="61" ten="30,4000,0" yaku="1,1,0,1,54,1,53,0" doraHai="40" doraHaiUra="110" who="3" fromWho="3" sc="273,-20,226,-10,278,-10,213,50" /><INIT seed="5,0,0,0,0,119" ten="253,216,268,263" oya="1" hai0="47,72,69,68,134,102,25,82,17,21,46,26,3" hai1="135,15,51,39,52,8,2,108,32,99,116,114,74" hai2="78,126,92,18,94,117,56,79,67,30,45,10,16" hai3="58,22,120,34,54,60,95,42,124,49,133,28,53"/><U37/><E116/><V88/><F117/><W85/><G34/><T0/><D102/><U24/><E2/><V125/><F30/><W91/><G42/><T128/><D128/><U29/><E114/><V12/><F45/><W13/><G133/><T64/><D134/><U90/><E74/><V112/><F112/><W105/><G105/><T41/><D64/><U73/><E73/><V36/><F36/><W63/><G124/><N who="2" m="47721" /><F94/><W4/><G120/><T20/><D72/><U103/><E90/><V93/><F93/><W66/><G66/><T11/><D82/><U40/><E40/><V131/><F131/><W86/><G86/><T83/><D83/><U33/><E33/><V81/><F81/><W111/><G111/><T89/><D89/><U14/><E108/><V44/><F44/><W104/><G104/><T109/><D109/><U129/><E129/><V118/><F18/><N who="3" m="10575" /><G28/><T65/><D65/><U31/><E31/><V127/><N who="2" m="47729" /><V130/><DORA hai="38" /><F130/><W98/><G4/><T80/><D80/><U19/><E135/><V55/><F67/><W61/><G98/><T50/><D47/><AGARI ba="0,0" hai="47,49,53,54,58,60,61,63,85,91,95" m="10575" machi="47" ten="30,1000,0" yaku="8,1" doraHai="119,38" who="3" fromWho="0" sc="253,-10,216,0,268,0,263,10" /><INIT seed="6,0,0,1,4,97" ten="243,216,268,273" oya="2" hai0="118,2,110,26,81,48,96,69,9,20,53,19,123" hai1="80,27,121,105,135,117,3,10,31,29,56,45,61" hai2="43,67,58,92,128,133,83,11,77,85,49,84,114" hai3="78,87,12,112,62,68,111,17,5,18,34,125,21"/><V15/><F114/><W119/><G112/><T47/><D123/><U75/><E121/><V107/><F107/><W24/><G111/><T51/><D110/><U130/><E117/><V126/><F128/><W99/><G119/><T113/><D113/><U89/><E130/><V86/><F133/><W54/><G5/><T132/><D132/><U66/><E105/><V4/><F126/><W93/><G125/><T103/><D69/><U60/><E45/><V116/><F116/><W104/><G104/><T32/><D32/><U129/><E129/><V64/><F92/><W25/><G87/><T39/><D118/><U101/><E75/><V74/><F74/><W59/><G78/><T131/><D131/><U23/><E3/><V33/><F33/><W106/><G106/><T122/><D122/><U52/><E10/><V22/><F64/><W127/><G127/><T65/><D65/><U102/><E31/><V0/><F67/><W13/><G34/><T95/><D81/><U82/><E135/><V120/><F120/><W40/><G40/><T109/><D109/><U42/><E42/><V28/><F0/><W36/><G36/><T6/><REACH who="0" step="1"/><D51/><REACH who="0" ten="233,216,268,273" step="2"/><N who="1" m="30751" /><E80/><V73/><F83/><W14/><G68/><T94/><D94/><U90/><E82/><V115/><F49/><W108/><G108/><T124/><D124/><U16/><E61/><V38/><F115/><W35/><G35/><T100/><D100/><N who="1" m="38507" /><E29/><V37/><F28/><W41/><G62/><T91/><D91/><U134/><E134/><V46/><F37/><AGARI ba="0,1" hai="2,6,9,19,20,26,37,39,47,48,53,95,96,103" machi="37" ten="40,2600,0" yaku="1,1,52,1,53,0" doraHai="97" doraHaiUra="76" who="0" fromWho="2" sc="233,36,216,0,268,-26,273,0" /><INIT seed="7,0,0,2,3,39" ten="269,216,242,273" oya="3" hai0="134,82,38,104,80,118,66,34,127,64,40,30,9" hai1="23,129,84,49,131,97,42,54,63,90,114,4,86" hai2="3,67,77,133,106,110,29,107,12,32,43,99,89" hai3="117,47,41,124,69,125,135,88,100,65,70,10,108"/><W25/><G117/><T18/><D104/><U81/><E114/><V50/><F3/><W73/><G135/><T15/><D118/><U75/><E75/><V8/><F110/><W17/><G108/><T53/><D134/><U103/><E4/><V96/><F77/><W126/><G73/><T93/><D127/><U7/><E7/><V21/><F32/><W61/><G100/><T14/><D30/><U55/><E23/><V51/><F67/><W115/><G115/><T36/><D34/><U101/><E63/><V1/><F1/><W0/><G0/><T48/><D93/><N who="1" m="58543" /><E86/><V24/><F133/><W130/><G130/><N who="1" m="49674" /><E103/><V13/><F13/><N who="3" m="7351" /><G25/><T128/><D128/><U44/><AGARI ba="0,0" hai="42,44,49,54,55,81,84,90" m="49674,58543" machi="44" ten="30,2000,0" yaku="19,1,52,1" doraHai="39" who="1" fromWho="1" sc="269,-5,216,20,242,-5,273,-10" /><INIT seed="8,0,0,0,4,135" ten="264,236,237,263" oya="0" hai0="55,29,96,25,20,16,11,9,102,116,33,0,69" hai1="10,90,8,39,44,57,64,51,31,48,18,122,58" hai2="88,56,26,50,124,129,60,113,114,53,68,81,85" hai3="27,73,23,101,28,32,17,86,6,127,30,123,93"/><T13/><D116/><U76/><E122/><V112/><F129/><W62/><G123/><T89/><D69/><U61/><E76/><V40/><F26/><W52/><G73/><T45/><D89/><U75/><E75/><V115/><N who="2" m="28672" /><DORA hai="106" /><V78/><F124/><W36/><G127/><T41/><D55/><N who="1" m="31975" /><E39/><V97/><F40/><W24/><G36/><T4/><D11/><U100/><E100/><V2/><F2/><W125/><G125/><T98/><D102/><U118/><E118/><V80/><F97/><W126/><G126/><T83/><D83/><U117/><E31/><V111/><F111/><W92/><G6/><T19/><D19/><U34/><E34/><V66/><REACH who="2" step="1"/><F78/><REACH who="2" ten="264,236,227,263" step="2"/><W87/><G27/><T42/><D42/><N who="1" m="24983" /><E117/><V77/><F77/><W5/><G24/><T43/><D43/><U22/><E90/><V65/><F65/><W130/><G130/><T131/><D131/><U99/><E99/><V82/><AGARI ba="0,1" hai="50,53,56,60,66,68,80,81,82,85,88" m="28672" machi="82" ten="60,8000,1" yaku="1,1,0,1,54,1,53,1" doraHai="135,106" doraHaiUra="47,70" who="2" fromWho="2" sc="264,-40,236,-20,227,90,263,-20" owari="224,-18.0,216,-28.0,317,42.0,243,4.0" /></mjloggm>