<mjloggm ver="2.3"><GO type="169" lobby="0"/><UN n0="%E3%82%AD%E3%83%B3%E3%82%B0%E3%81%82%E3%81%A4%E3%81%97" n1="%E2%98%85%E9%B3%B3%E8%9D%B6" n2="%E3%83%9C%E3%83%9E%E3%83%BC" n3="%6D%61%74%6F%30%36%30%33" dan="17,16,16,18" rate="2204.26,2102.89,2174.50,2247.25" sx="M,F,M,M"/><TAIKYOKU oya="0"/><INIT seed="0,0,0,1,3,7" ten="250,250,250,250" oya="0" hai0="80,85,104,67,26,66,63,83,51,118,43,4,90" hai1="1,135,9,89,49,113,58,70,129,47,79,38,56" hai2="71,92,86,44,29,101,116,12,114,32,77,107,8" hai3="18,115,48,42,20,3,96,122,65,117,54,25,87"/><T120/><D120/><U134/><E70/><V57/><F71/><W133/><G115/><T119/><D104/><U31/><E31/><V108/><F114/><W45/><G117/><T123/><D123/><U106/><E106/><V72/><F108/><W128/><G122/><T100/><D100/><U46/><E79/><V124/><F124/><W19/><G128/><T102/><D102/><U109/><E113/><V24/><F116/><W41/><G133/><N who="1" m="50698" /><E89/><V132/><F132/><W0/><G65/><T64/><D63/><U11/><E1/><V75/><F107/><W81/><G96/><T34/><D4/><U93/><E93/><V121/><F121/><W127/><G127/><T17/><D83/><U82/><E82/><V13/><F13/><W61/><G0/><T36/><D36/><U74/><E74/><V98/><F77/><W59/><G3/><T91/><D91/><U111/><E38/><V33/><F86/><W50/><G50/><T84/><D84/><U99/><E99/><V62/><F32/><W95/><G95/><T94/><D94/><U69/><E69/><V39/><F39/><W15/><G41/><T2/><D2/><U105/><E105/><V23/><F33/><W21/><G87/><T27/><D34/><U130/><E130/><V103/><F103/><W112/><G112/><T37/><D37/><U35/><E35/><V5/><F44/><N who="1" m="16937" /><E49/><V40/><F40/><W73/><G73/><T53/><D43/><U28/><E28/><V60/><F60/><W30/><G81/><T131/><D80/><U125/><E125/><V6/><F6/><RYUUKYOKU ba="0,0" sc="250,-15,250,-15,250,15,250,15" hai2="5,8,12,23,24,29,57,62,72,75,92,98,101" hai3="15,18,19,20,21,25,30,42,45,48,54,59,61" /><INIT seed="1,1,0,3,3,18" ten="235,235,265,265" oya="1" hai0="31,96,86,94,83,23,29,53,90,5,27,69,81" hai1="103,117,35,84,39,51,128,45,50,73,13,88,68" hai2="131,32,20,125,55,10,25,78,71,49,56,70,115" hai3="0,110,102,11,113,41,106,48,30,97,26,34,12"/><U42/><E117/><V37/><F37/><W126/><G113/><T121/><D69/><U77/><E35/><V28/><F115/><W22/><G110/><T57/><D121/><U38/><E68/><V135/><F135/><W72/><G72/><T36/><D36/><U61/><E61/><V64/><F131/><W19/><G126/><T87/><D5/><U95/><E128/><V76/><F125/><W66/><G66/><T16/><D87/><U123/><E123/><V82/><F78/><W85/><G85/><T63/><REACH who="0" step="1"/><D81/><REACH who="0" ten="225,235,265,265" step="2"/><U127/><E127/><V91/><F70/><W80/><G80/><T100/><AGARI ba="1,1" hai="16,23,27,29,31,53,57,63,83,86,90,94,96,100" machi="100" ten="20,12000,2" yaku="1,1,2,1,0,1,7,1,8,1,52,1,54,1,53,0" doraHai="18" doraHaiUra="119" who="0" fromWho="0" sc="225,133,235,-61,265,-31,265,-31" /><INIT seed="2,0,0,5,0,73" ten="358,174,234,234" oya="2" hai0="97,52,9,118,76,39,78,60,123,12,47,51,2" hai1="95,121,108,59,44,54,130,16,10,56,61,112,86" hai2="25,89,41,26,74,30,3,106,111,0,5,69,75" hai3="126,77,128,34,23,7,33,87,101,129,6,100,104"/><V37/><F26/><W27/><G104/><T135/><D123/><U65/><E112/><V50/><F50/><W19/><G101/><T64/><D2/><U91/><E108/><V11/><F0/><W120/><G100/><T85/><D135/><U49/><E130/><N who="3" m="50282" /><G120/><T124/><D124/><U92/><E121/><V125/><F89/><W1/><G126/><T114/><D114/><U15/><REACH who="1" step="1"/><E59/><REACH who="1" ten="358,164,234,234" step="2"/><V17/><F111/><W20/><G34/><T83/><D118/><U117/><E117/><V38/><F125/><W32/><G33/><T71/><D39/><U99/><E99/><V134/><F134/><W31/><G32/><T115/><D97/><U90/><E90/><V43/><F38/><W105/><G1/><T8/><D115/><U45/><E45/><V109/><F109/><W80/><G105/><T88/><D9/><U42/><E42/><V28/><F43/><W53/><G53/><T79/><D88/><U57/><E57/><V133/><F133/><W82/><G82/><AGARI ba="0,1" hai="10,15,16,44,49,54,56,61,65,82,86,91,92,95" machi="82" ten="30,12000,2" yaku="1,1,7,1,25,2,8,1,54,1,53,0" doraHai="73" doraHaiUra="72" who="1" fromWho="3" sc="358,0,164,130,234,0,234,-120" /><INIT seed="3,0,0,4,0,104" ten="358,294,234,114" oya="3" hai0="111,126,124,62,60,122,27,43,0,133,46,70,82" hai1="12,54,131,76,26,105,128,34,77,56,41,106,80" hai2="119,21,67,52,11,2,35,95,132,127,22,1,86" hai3="59,121,7,75,115,72,30,68,18,25,100,85,61"/><W33/><G115/><T9/><D122/><U90/><E41/><V71/><F35/><W74/><G121/><T99/><D111/><U5/><E90/><V39/><F39/><W113/><G113/><T58/><D133/><U107/><E5/><V125/><F132/><W81/><G7/><T93/><D0/><U134/><E12/><V83/><F95/><W91/><G68/><T28/><D9/><U102/><E134/><V110/><F119/><W84/><G100/><T20/><D82/><U29/><E102/><V88/><F110/><W116/><G116/><T79/><D79/><U4/><E4/><N who="2" m="1423" /><F2/><W14/><G85/><T6/><D6/><U40/><E40/><V64/><F52/><W92/><G14/><T19/><D19/><U45/><E45/><V53/><F53/><W8/><G8/><T87/><D87/><U73/><REACH who="1" step="1"/><E77/><REACH who="1" ten="358,284,234,114" step="2"/><V47/><F47/><W120/><G120/><T130/><D46/><U3/><E3/><V96/><F88/><W13/><G13/><T36/><D43/><U24/><E24/><V32/><F125/><W63/><G18/><T16/><D16/><U69/><E69/><V23/><F71/><W51/><REACH who="3" step="1"/><G81/><REACH who="3" ten="358,284,234,104" step="2"/><T103/><D70/><U117/><E117/><V109/><F83/><W37/><G37/><T49/><D36/><U98/><E98/><V108/><F96/><W10/><G10/><T55/><D99/><U112/><E112/><V114/><F108/><W66/><G66/><T17/><D17/><U50/><AGARI ba="0,2" hai="26,29,34,50,54,56,73,76,80,105,106,107,128,131" machi="50" ten="40,5200,0" yaku="1,1,0,1,52,1,53,0" doraHai="104" doraHaiUra="65" who="1" fromWho="1" sc="358,-13,284,72,234,-13,104,-26" /><INIT seed="4,0,0,2,3,129" ten="345,356,221,78" oya="0" hai0="83,8,11,48,64,36,93,113,22,79,80,126,53" hai1="77,45,103,7,9,81,34,31,0,101,94,47,85" hai2="60,32,28,95,124,91,84,116,56,110,5,63,2" hai3="127,3,10,44,23,66,134,75,26,90,51,61,121"/><T120/><D120/><U92/><E34/><V33/><F110/><W41/><G127/><T99/><D113/><U25/><E31/><V72/><F72/><W4/><G121/><T89/><D36/><U20/><E0/><V19/><F124/><W70/><G75/><T82/><D126/><U123/><E9/><V18/><F2/><W107/><G107/><T67/><D79/><U86/><E7/><V65/><F5/><W17/><REACH who="3" step="1"/><G90/><REACH who="3" ten="345,356,221,68" step="2"/><T69/><D69/><U21/><E123/><V131/><F131/><W76/><G76/><T55/><D22/><U15/><E77/><V57/><F32/><W108/><G108/><T13/><D11/><U54/><E103/><V42/><F116/><W38/><G38/><T37/><D37/><U6/><E101/><V115/><F115/><W16/><G16/><N who="0" m="8231" /><D55/><U52/><E21/><V39/><F39/><W114/><G114/><T100/><D100/><U122/><E20/><V87/><F33/><W50/><G50/><T128/><D128/><U12/><E122/><V43/><F91/><W135/><AGARI ba="0,1" hai="3,4,10,17,23,26,41,44,51,61,66,70,134,135" machi="135" ten="30,7900,0" yaku="1,1,0,1,52,2,53,0" doraHai="129" doraHaiUra="96" who="3" fromWho="3" sc="345,-39,356,-20,221,-20,68,89" /><INIT seed="5,0,0,1,1,30" ten="306,336,201,157" oya="1" hai0="8,114,135,70,11,83,125,60,129,56,0,43,67" hai1="38,95,122,40,34,86,77,97,66,45,127,101,26" hai2="58,119,109,49,46,115,15,41,116,123,90,10,100" hai3="59,99,24,42,81,73,94,50,110,103,72,107,85"/><U44/><E122/><V93/><F123/><W13/><G110/><T48/><D114/><U22/><E34/><V82/><F115/><W74/><G13/><T1/><D125/><U62/><E44/><V76/><F109/><W65/><G42/><T36/><D129/><U54/><E54/><V9/><F9/><N who="0" m="3658" /><D83/><U47/><E47/><V68/><F68/><W69/><G69/><T134/><D36/><U61/><E127/><V29/><F29/><W64/><G24/><T79/><D79/><U63/><E86/><V51/><F100/><W118/><G118/><T20/><D20/><U2/><E2/><V32/><F32/><W39/><G39/><T25/><D25/><U4/><E4/><V126/><F126/><W91/><G50/><T52/><D43/><U104/><E104/><V55/><F90/><W19/><G19/><T23/><D23/><U21/><E77/><V31/><F93/><W14/><G14/><T108/><D108/><U53/><E21/><V130/><F31/><W98/><REACH who="3" step="1"/><G59/><REACH who="3" ten="306,336,201,147" step="2"/><T17/><D17/><U132/><E26/><V131/><F130/><W84/><G84/><T27/><D27/><U112/><E40/><V124/><F131/><W18/><G18/><T78/><D48/><U71/><E38/><V37/><F37/><W80/><G80/><T120/><D56/><U16/><E71/><V88/><F124/><W35/><G35/><T96/><D70/><U105/><E16/><N who="2" m="8311" /><F116/><W5/><G5/><T7/><D7/><U87/><E87/><N who="2" m="50295" /><F119/><W92/><G92/><T12/><D12/><U6/><E95/><V128/><F128/><RYUUKYOKU ba="0,1" sc="306,-15,336,-15,201,15,147,15" hai2="41,46,49,51,55,58,76" hai3="64,65,72,73,74,81,85,91,94,98,99,103,107" /><INIT seed="6,1,1,0,3,14" ten="291,321,216,162" oya="2" hai0="64,19,95,114,84,77,44,49,133,55,128,60,22" hai1="108,0,20,67,13,2,93,47,131,98,15,100,109" hai2="76,3,102,132,56,42,65,41,9,23,27,1,134" hai3="29,83,39,36,34,58,30,135,52,12,126,31,26"/><V103/><F76/><W21/><G135/><N who="2" m="51753" /><F65/><W104/><G104/><T112/><D128/><U68/><E68/><V25/><F56/><W99/><G126/><T105/><D105/><U124/><E67/><V37/><F37/><W127/><G127/><T123/><D123/><U46/><E124/><V17/><F27/><W7/><G34/><T88/><D77/><U11/><E131/><V53/><F53/><W5/><G83/><T110/><D110/><U35/><E46/><V45/><F9/><W38/><G99/><T66/><D133/><U4/><E47/><V57/><F57/><W82/><G82/><T79/><D79/><U111/><E35/><V125/><F125/><W91/><G91/><T51/><D51/><U73/><E73/><V32/><F32/><W33/><G33/><T117/><D117/><U92/><E111/><V86/><F86/><W8/><REACH who="3" step="1"/><G7/><REACH who="3" ten="291,321,216,152" step="2"/><T118/><D118/><U107/><E4/><V24/><F24/><W43/><G43/><N who="2" m="16393" /><F45/><W18/><G18/><T40/><D40/><U87/><E108/><V80/><F80/><W81/><G81/><T48/><D44/><U78/><E109/><V16/><F17/><W62/><AGARI ba="1,2" hai="5,8,12,21,26,29,30,31,36,38,39,52,58,62" machi="62" ten="30,4000,0" yaku="1,1,0,1,54,1,53,0" doraHai="14" doraHaiUra="74" who="3" fromWho="3" sc="291,-11,321,-11,216,-21,152,63" /><INIT seed="7,0,0,4,5,87" ten="280,310,195,215" oya="3" hai0="115,118,62,132,83,39,49,72,16,101,135,51,0" hai1="4,119,40,130,52,114,134,107,85,55,105,41,37" hai2="22,84,13,104,1,76,93,65,35,110,74,17,6" hai3="80,109,2,69,128,97,68,59,28,57,126,50,18"/><W42/><G2/><T3/><D39/><U32/><E32/><V44/><F104/><W27/><G128/><T24/><D118/><U21/><E107/><V58/><F110/><W25/><G126/><T92/><D62/><U38/><E105/><V26/><F44/><N who="3" m="25879" /><G69/><T34/><D72/><U102/><E102/><V116/><F116/><W64/><G68/><T29/><D83/><U47/><E119/><V61/><F74/><W113/><G28/><T95/><D16/><U121/><E4/><V43/><F43/><W12/><G97/><N who="0" m="59559" /><D95/><U100/><E100/><V120/><F120/><W89/><G113/><T31/><D31/><U131/><E114/><V129/><F129/><N who="1" m="49161" /><E121/><V33/><F1/><W99/><G109/><T71/><D51/><U88/><E21/><V90/><REACH who="2" step="1"/><F76/><REACH who="2" ten="280,310,185,215" step="2"/><W91/><G59/><T36/><D0/><U78/><E78/><V60/><F60/><W11/><G57/><T133/><D3/><U124/><E124/><V111/><F111/><W70/><G70/><T30/><D71/><U48/><E134/><V9/><AGARI ba="0,1" hai="6,9,13,17,22,26,33,35,58,61,65,84,90,93" machi="9" ten="30,4000,0" yaku="1,1,0,1,52,1,53,0" doraHai="87" doraHaiUra="108" who="2" fromWho="2" sc="280,-10,310,-10,185,50,215,-20" owari="270,7.0,300,39.0,235,-16.0,195,-30.0" /></mjloggm>