<mjloggm ver="2.3"><GO type="185" lobby="0"/><UN n0="%E9%9B%80%E3%82%B0%E3%83%A9%E3%83%BC" n1="%E3%81%BE%E3%81%A4%E3%81%AE%E3%81%8F%E3%82%93" n2="%E3%81%95%E3%81%A8%E3%81%95%E3%81%A8%31%31" n3="" dan="16,17,17,0" rate="2111.87,2258.73,2249.38,1500.00" sx="M,M,M,C"/><TAIKYOKU oya="0"/><INIT seed="0,0,0,3,3,52" ten="350,350,350,0" oya="0" hai0="132,98,131,87,41,133,51,83,109,112,126,124,88" hai1="100,130,94,99,79,86,96,64,56,129,103,57,104" hai2="123,95,78,121,93,49,1,46,59,84,62,66,119" hai3=""/><T61/><D61/><U115/><E115/><V54/><N who="2" m="31008" /><V134/><N who="2" m="31520" /><V80/><F1/><T120/><N who="0" m="30752" /><T125/><D112/><U75/><E64/><V82/><F134/><N who="0" m="51818" /><D41/><U116/><E116/><V74/><REACH who="2" step="1"/><F119/><REACH who="2" ten="350,350,340,0" step="2"/><T65/><D65/><U118/><E118/><V44/><F44/><T53/><D109/><U127/><E127/><V117/><F117/><T47/><D98/><U71/><E99/><V101/><F101/><T107/><D107/><U55/><E103/><V43/><F43/><T38/><D38/><U102/><E102/><V68/><F68/><T2/><D2/><U92/><E71/><V70/><F70/><T108/><D108/><U97/><E104/><V73/><F73/><T81/><D81/><U69/><E75/><V90/><AGARI ba="0,1" hai="46,49,54,59,62,66,74,78,80,82,84,90,93,95" m="31520,31008" machi="90" ten="20,12000,3" yaku="1,1,0,1,7,1,52,3,53,2" doraHai="52" doraHaiUra="89" who="2" fromWho="2" sc="350,-80,350,-40,340,130,0,0" /><INIT seed="1,0,0,1,4,121" ten="270,310,470,0" oya="1" hai0="128,51,70,47,40,125,112,50,118,44,76,42,41" hai1="74,35,34,71,131,120,102,48,127,130,2,129,68" hai2="84,33,87,52,117,123,79,58,134,55,104,107,62" hai3=""/><U72/><N who="1" m="30752" /><U92/><E2/><V111/><N who="2" m="31520" /><V53/><F117/><T124/><D76/><U67/><E127/><N who="0" m="48713" /><D112/><U96/><E48/><N who="0" m="18473" /><D70/><N who="1" m="26667" /><E67/><V86/><F134/><T90/><D90/><U77/><E77/><V109/><F79/><T75/><D75/><AGARI ba="0,0" hai="34,35,72,74,75,92,96,102,129,130,131" m="26667,30752" machi="75" ten="40,3900,0" yaku="19,1,52,1" doraHai="121" who="1" fromWho="0" sc="270,-39,310,39,470,0,0,0" /><INIT seed="1,1,0,3,5,46" ten="231,349,470,0" oya="1" hai0="81,117,42,80,57,127,39,123,79,118,84,49,62" hai1="64,51,36,125,60,47,112,44,2,102,96,90,76" hai2="99,116,113,94,128,0,108,110,37,119,120,92,71" hai3=""/><U32/><E112/><V88/><N who="2" m="30752" /><V3/><F71/><T63/><N who="0" m="31520" /><T105/><D105/><U77/><E2/><V126/><F37/><T129/><D127/><U34/><E125/><V50/><F126/><T66/><D129/><U124/><E124/><V132/><F128/><T58/><D39/><U45/><E36/><V111/><F113/><T40/><D118/><N who="2" m="45098" /><F132/><T115/><D117/><U1/><E1/><V78/><F78/><T133/><D133/><U134/><E134/><V73/><F73/><T109/><D109/><U114/><E114/><V82/><F82/><T52/><D115/><U67/><E77/><V121/><N who="2" m="31008" /><V86/><F50/><T61/><D81/><U103/><E76/><V91/><AGARI ba="1,0" hai="0,3,86,88,91,92,94,99,108,110,111" m="31008,45098,30752" machi="91" ten="40,6000,1" yaku="14,1,52,2,54,1" doraHai="46" who="2" fromWho="2" sc="231,-21,349,-41,470,62,0,0" /><INIT seed="2,0,0,2,4,43" ten="210,308,532,0" oya="2" hai0="78,93,107,69,68,60,55,73,118,53,79,49,48" hai1="91,90,128,35,46,2,125,108,40,42,3,133,76" hai2="111,124,100,74,56,61,101,134,86,122,54,75,83" hai3=""/><V92/><N who="2" m="31264" /><V41/><F124/><T117/><D107/><U116/><E76/><V121/><N who="2" m="31008" /><V123/><N who="2" m="31520" /><V32/><F32/><T103/><D103/><U131/><E35/><V80/><F134/><T77/><D73/><U38/><E38/><V110/><F41/><T96/><D60/><U87/><E87/><V98/><F100/><T63/><D63/><U67/><E67/><V105/><F105/><T99/><D78/><U129/><E129/><V39/><F39/><T114/><REACH who="0" step="1"/><D93/><REACH who="0" ten="200,308,532,0" step="2"/><U58/><E2/><V45/><F83/><T59/><D59/><U66/><E3/><V57/><F45/><T104/><D104/><U135/><E46/><V126/><F126/><T50/><D50/><U62/><E125/><V33/><F33/><T47/><D47/><U85/><E131/><V44/><F44/><T36/><D36/><U1/><E128/><V82/><F82/><T37/><D37/><U34/><E1/><V52/><F75/><T71/><D71/><U84/><E34/><V127/><F74/><T64/><D64/><U65/><E65/><V112/><F127/><T0/><D0/><U95/><E66/><V51/><REACH who="2" step="1"/><F112/><AGARI ba="0,1" hai="48,49,53,55,68,69,77,79,96,99,112,114,117,118" machi="112" ten="25,3200,0" yaku="1,1,22,2,53,0" doraHai="43" doraHaiUra="119" who="0" fromWho="2" sc="200,42,308,0,532,-32,0,0" /><INIT seed="4,0,0,1,0,124" ten="242,308,500,0" oya="0" hai0="108,82,87,50,76,115,100,64,61,121,86,106,133" hai1="34,69,39,99,49,85,74,110,132,134,40,135,120" hai2="62,104,2,37,95,116,118,103,60,126,79,73,71" hai3=""/><T35/><N who="0" m="31008" /><T77/><D35/><U3/><E85/><V58/><F2/><T38/><D38/><U102/><E49/><V109/><F37/><T48/><D115/><U47/><N who="1" m="30752" /><U119/><E3/><V114/><F104/><T41/><D133/><U0/><E0/><V122/><N who="2" m="31264" /><V125/><F109/><T90/><D108/><U59/><E110/><V67/><F79/><T70/><D41/><U57/><E34/><V46/><F46/><T89/><D106/><U56/><E69/><V112/><F73/><T51/><REACH who="0" step="1"/><D100/><REACH who="0" ten="232,308,500,0" step="2"/><U65/><E119/><N who="2" m="45611" /><F114/><T53/><D53/><U63/><E74/><V88/><F103/><T80/><AGARI ba="0,1" hai="48,50,51,61,64,70,76,77,80,82,86,87,89,90" m="31008" machi="80" ten="30,7800,0" yaku="1,1,0,1,9,1,52,1,53,0" doraHai="124" doraHaiUra="105" who="0" fromWho="0" sc="232,88,308,-39,500,-39,0,0" /><INIT seed="4,1,0,0,3,133" ten="320,269,461,0" oya="0" hai0="65,64,123,80,100,51,42,79,99,118,94,61,75" hai1="88,130,41,83,107,111,112,53,132,113,128,102,56" hai2="122,40,101,89,47,74,117,110,0,49,60,71,62" hai3=""/><T73/><N who="0" m="31520" /><T77/><D118/><U96/><E111/><V119/><N who="2" m="31264" /><V70/><F74/><T129/><D129/><N who="1" m="49771" /><E41/><V48/><F101/><T109/><D109/><U106/><E132/><V58/><F0/><T33/><D33/><U46/><E46/><V93/><F110/><T92/><D92/><U103/><E53/><V135/><F135/><T115/><D115/><N who="1" m="44107" /><E56/><V108/><F108/><T125/><D125/><U43/><E43/><V90/><F93/><T95/><D94/><U37/><E37/><V69/><F49/><T34/><D34/><U63/><E63/><N who="2" m="24107" /><F58/><T81/><D61/><U52/><E52/><V32/><F32/><T67/><D42/><U87/><E96/><V131/><F131/><T59/><D59/><U127/><E127/><V72/><F69/><T91/><REACH who="0" step="1"/><D51/><REACH who="0" ten="310,269,461,0" step="2"/><U57/><E57/><V134/><F70/><T78/><D78/><U2/><E2/><V121/><F48/><T82/><D82/><U124/><E124/><V114/><F71/><T36/><D36/><U104/><AGARI ba="1,1" hai="83,87,88,102,103,104,106,107" m="44107,49771" machi="104" ten="40,9000,2" yaku="19,1,15,1,11,1,34,2,54,1" doraHai="133" who="1" fromWho="1" sc="310,-61,269,102,461,-31,0,0" /><INIT seed="5,0,0,5,5,43" ten="249,371,430,0" oya="1" hai0="101,93,2,92,71,33,108,47,125,32,39,102,131" hai1="68,109,110,62,55,104,117,120,111,95,78,38,54" hai2="123,67,80,42,69,112,89,135,118,79,128,115,119" hai3=""/><U96/><N who="1" m="30752" /><U84/><E117/><V49/><N who="2" m="31520" /><V121/><N who="2" m="31008" /><V35/><F35/><T103/><D2/><U82/><E104/><V87/><F67/><T59/><D71/><U106/><E106/><V56/><F69/><T53/><D108/><U114/><E114/><N who="2" m="43563" /><F135/><T48/><D125/><U46/><E68/><V64/><F128/><T81/><D131/><U0/><E0/><V45/><F79/><T41/><D33/><U91/><E62/><AGARI ba="0,0" hai="42,45,49,56,62,64,80,87,89,118,119" m="43563,31008,31520" machi="62" ten="30,8000,1" yaku="15,1,11,1,52,3" doraHai="43" who="2" fromWho="1" sc="249,0,371,-80,430,80,0,0" /><INIT seed="6,0,0,2,4,46" ten="249,291,510,0" oya="2" hai0="67,74,66,53,58,94,88,89,127,98,112,134,123" hai1="110,122,80,135,103,77,69,40,121,65,126,117,99" hai2="113,50,97,92,75,133,38,106,79,71,47,59,82" hai3=""/><V96/><F71/><T114/><N who="0" m="31520" /><T32/><D32/><U87/><N who="1" m="31008" /><U85/><N who="1" m="31264" /><U129/><E110/><V72/><F38/><T104/><D74/><U78/><E40/><V93/><F59/><T68/><D68/><U91/><E65/><V37/><F106/><T56/><D104/><U73/><E69/><V54/><F72/><T57/><D127/><U131/><E126/><V95/><F113/><N who="0" m="43626" /><D134/><U128/><E135/><V36/><F133/><T49/><D89/><U84/><E117/><V61/><F61/><T90/><D90/><U60/><E60/><V70/><F70/><T107/><D107/><U125/><E125/><V1/><F1/><T44/><AGARI ba="0,0" hai="44,49,53,56,57,58,66,67,88,94,98" m="43626,31520" machi="44" ten="30,6000,1" yaku="15,1,11,1,52,2,54,1" doraHai="46" who="0" fromWho="0" sc="249,60,291,-20,510,-40,0,0" owari="309,-9.0,271,-33.0,470,42.0,0,0.0" /></mjloggm>