<mjloggm ver="2.3"><GO type="169" lobby="0"/><UN n0="%6D%61%63%70%61%63" n1="%E3%81%84%E3%81%84%E3%81%9E" n2="%E3%81%8F%E3%81%86%E3%81%9F%E3%82%8D" n3="%E5%B0%8F%E6%89%8B%E8%BF%94%E6%92%B2%E6%BB%85%E4%BC%9A%E9%95%B7" dan="17,16,17,17" rate="2169.16,2126.06,2150.49,2146.60" sx="M,M,M,F"/><TAIKYOKU oya="0"/><INIT seed="0,0,0,4,4,8" ten="250,250,250,250" oya="0" hai0="133,1,31,64,20,96,56,102,21,66,15,128,51" hai1="92,11,117,126,75,69,129,84,27,91,110,65,73" hai2="19,44,46,72,68,32,70,28,59,41,124,22,42" hai3="95,57,81,23,13,48,37,82,63,131,113,123,116"/><T99/><D1/><U50/><E117/><V43/><F72/><W26/><G37/><T55/><D128/><U45/><E129/><V49/><F28/><W79/><G116/><T17/><D133/><U18/><E110/><V125/><F32/><W134/><G113/><T61/><D102/><U132/><E132/><V29/><F29/><W12/><G123/><T78/><D78/><U47/><E126/><N who="2" m="48747" /><F22/><W30/><G134/><T86/><D86/><U119/><E119/><V98/><F19/><W88/><G48/><T62/><D62/><U130/><E130/><V4/><F98/><W25/><G25/><T120/><D120/><U39/><E39/><N who="2" m="21567" /><F4/><W60/><G60/><T90/><D90/><U83/><E27/><V118/><F118/><W34/><G34/><T33/><D33/><U5/><E18/><V100/><F100/><W108/><G108/><T93/><D93/><U2/><E92/><V111/><F111/><W76/><G131/><T77/><D77/><N who="3" m="29769" /><G81/><T105/><D105/><U107/><E107/><V53/><F42/><W121/><G82/><T94/><D94/><U3/><E75/><V122/><F122/><W35/><G35/><T58/><REACH who="0" step="1"/><D64/><REACH who="0" ten="240,250,250,250" step="2"/><U67/><E73/><V38/><AGARI ba="0,1" hai="38,43,46,49,53,59,68,70" m="21567,48747" machi="38" ten="30,4000,0" yaku="18,1,34,2" doraHai="8" who="2" fromWho="2" sc="240,-20,250,-10,250,50,250,-10" /><INIT seed="1,0,0,3,1,78" ten="220,240,300,240" oya="1" hai0="104,34,132,12,19,36,39,30,35,41,27,57,65" hai1="134,58,88,18,87,44,126,26,110,120,92,90,96" hai2="79,72,63,9,17,29,129,75,56,76,118,2,127" hai3="114,23,61,89,135,55,131,123,101,31,51,108,73"/><U37/><E120/><V91/><F118/><W21/><G123/><T59/><D104/><U111/><E134/><V47/><F29/><W82/><G135/><T3/><D132/><U16/><E126/><V100/><F100/><W14/><G114/><T128/><D3/><U117/><E117/><V4/><F129/><W1/><G1/><T83/><D128/><U93/><E58/><V99/><F127/><W94/><G108/><N who="1" m="41514" /><E26/><V33/><F33/><W5/><G61/><T7/><D7/><U112/><E112/><V50/><F17/><W54/><G131/><T103/><D103/><U113/><E113/><V11/><F4/><W15/><G73/><T40/><D19/><U125/><E125/><V86/><F2/><W52/><G101/><T133/><D133/><U70/><E70/><V109/><F75/><W64/><G64/><T49/><D65/><U124/><E124/><V98/><F72/><W130/><G130/><T25/><D12/><N who="3" m="4649" /><G5/><T42/><D34/><U97/><E97/><V115/><F99/><N who="3" m="57807" /><G31/><T84/><D35/><U8/><E8/><N who="2" m="3147" /><F98/><W116/><G116/><T122/><D30/><U106/><E106/><V66/><F109/><W13/><N who="3" m="4657" /><W46/><DORA hai="10" /><G23/><T119/><D122/><U68/><E68/><V62/><F115/><W81/><G21/><T95/><D119/><U71/><E71/><V85/><F63/><W22/><G22/><T77/><D27/><U53/><E37/><V48/><F62/><W102/><G102/><T0/><D25/><U45/><E53/><AGARI ba="0,0" hai="46,51,52,53,54,55,81,82" m="57807,4657" machi="53" ten="40,16000,3" yaku="8,1,52,6,54,1" doraHai="78,10" who="3" fromWho="1" sc="220,0,240,-160,300,0,240,160" /><INIT seed="2,0,0,1,5,121" ten="220,80,300,400" oya="2" hai0="57,31,73,109,20,81,58,90,15,72,100,32,105" hai1="125,126,106,89,3,120,78,96,117,33,108,13,59" hai2="98,28,35,111,128,94,60,124,127,12,39,6,119" hai3="91,66,77,5,129,22,85,8,38,64,49,55,80"/><V74/><F119/><W48/><G38/><T101/><D32/><U135/><E3/><V51/><F39/><W26/><G129/><T99/><D101/><N who="1" m="62759" /><E33/><V76/><F51/><W92/><G8/><T10/><D57/><U70/><E70/><V130/><F60/><W29/><G5/><T79/><D73/><U116/><E59/><V67/><F67/><W87/><REACH who="3" step="1"/><G49/><REACH who="3" ten="220,80,300,390" step="2"/><T69/><D10/><U17/><E120/><V54/><F6/><W0/><G0/><T7/><D7/><U1/><E1/><V9/><F9/><W62/><G62/><T34/><D105/><U21/><E117/><V95/><F128/><W40/><G40/><T123/><D123/><U107/><E116/><V37/><F37/><W53/><G53/><T63/><D63/><U68/><E68/><V93/><F54/><W104/><G104/><T14/><D69/><U50/><E107/><V56/><F130/><W82/><G82/><T71/><D81/><U4/><E50/><V42/><F42/><W110/><G110/><T114/><D109/><U19/><E4/><V30/><F111/><W88/><G88/><T133/><D90/><U16/><E108/><V61/><F61/><W18/><G18/><N who="1" m="7274" /><E89/><V65/><F65/><W115/><G115/><T36/><D114/><U2/><E2/><V45/><F95/><W122/><G122/><T118/><D36/><U23/><E78/><V27/><F76/><W25/><G25/><N who="0" m="18799" /><D79/><U44/><E135/><V112/><F112/><W102/><G102/><T47/><D118/><U131/><E131/><V11/><F94/><W75/><G75/><RYUUKYOKU ba="0,1" sc="220,-10,80,-10,300,-10,390,30" hai3="22,26,29,48,55,64,66,77,80,85,87,91,92" /><INIT seed="3,1,1,2,5,101" ten="210,70,290,420" oya="3" hai0="124,1,10,50,118,16,49,54,85,53,72,41,74" hai1="40,115,25,117,94,77,18,24,79,88,133,17,93" hai2="59,46,26,109,81,104,13,108,106,96,29,67,57" hai3="84,5,38,2,58,48,65,15,103,135,27,100,122"/><W128/><G38/><T36/><D118/><U8/><E117/><V45/><F96/><W107/><G122/><T99/><D124/><U76/><E115/><V62/><F13/><W127/><G2/><T14/><D36/><U6/><E133/><V91/><F91/><W34/><G135/><T21/><D85/><U83/><E40/><V86/><F59/><W23/><G34/><T131/><D131/><U70/><E70/><V92/><F92/><W33/><G33/><T43/><D99/><U19/><E83/><V47/><F86/><W39/><G39/><T30/><D30/><U52/><E94/><V51/><F51/><W68/><G68/><T0/><D21/><U12/><REACH who="1" step="1"/><E52/><REACH who="1" ten="210,60,290,420" step="2"/><V56/><F81/><W98/><G65/><T73/><D43/><U66/><E66/><V42/><F42/><W121/><G58/><T28/><D41/><U116/><E116/><V61/><F57/><W123/><G48/><T75/><D50/><U37/><E37/><V112/><F112/><W90/><G123/><T9/><D53/><U35/><E35/><N who="2" m="20919" /><F62/><W132/><G121/><T111/><D49/><U11/><E11/><V80/><F80/><W95/><G132/><T114/><D10/><U129/><E129/><V32/><F32/><W7/><G128/><T60/><D114/><U119/><E119/><V78/><F78/><W97/><G95/><T71/><D71/><U102/><E102/><V20/><F20/><W69/><G100/><T130/><D130/><U22/><E22/><V82/><F82/><W44/><G69/><T63/><N who="0" m="18432" /><DORA hai="55" /><T89/><D60/><RYUUKYOKU ba="1,2" sc="210,-15,60,15,290,15,420,-15" hai1="6,8,12,17,18,19,24,25,76,77,79,88,93" hai2="45,46,47,56,61,67,104,106,108,109" /><INIT seed="4,2,2,4,3,124" ten="195,75,305,405" oya="0" hai0="62,7,15,125,119,101,123,25,100,5,71,120,111" hai1="72,114,42,93,98,83,131,113,76,41,51,122,27" hai2="105,88,22,134,132,117,127,128,67,50,35,28,89" hai3="20,87,121,135,12,57,68,9,34,130,58,59,91"/><T80/><D119/><U43/><E122/><V112/><F127/><W31/><G68/><T32/><D125/><U102/><E27/><N who="2" m="18847" /><F105/><W4/><G121/><T47/><D111/><U75/><E75/><V55/><F67/><W66/><G34/><T10/><D7/><U70/><E70/><V6/><F6/><W44/><G135/><N who="2" m="51753" /><F112/><N who="1" m="43113" /><E51/><V37/><F37/><W63/><G44/><T38/><D123/><U46/><E46/><N who="2" m="28119" /><F128/><AGARI ba="2,2" hai="41,42,43,72,76,83,93,98,102,128,131" m="43113" machi="128" ten="40,8000,1" yaku="15,1,11,1,52,2" doraHai="124" who="1" fromWho="2" sc="195,0,75,106,305,-86,405,0" /><INIT seed="5,0,0,5,1,62" ten="195,181,219,405" oya="1" hai0="101,44,25,29,7,46,60,66,73,92,70,126,0" hai1="111,79,122,1,94,78,74,28,63,49,6,42,104" hai2="129,67,109,90,18,96,15,134,100,108,58,86,11" hai3="130,83,106,132,12,40,131,110,57,3,102,53,65"/><U45/><E122/><V93/><F129/><W19/><G3/><T117/><D73/><U88/><E104/><V115/><F134/><W113/><G110/><T85/><D117/><U69/><E111/><V64/><F115/><W87/><G132/><T20/><D126/><U56/><E69/><V76/><F76/><W81/><G40/><T127/><D127/><U107/><E107/><V61/><REACH who="2" step="1"/><F67/><REACH who="2" ten="195,181,209,405" step="2"/><W68/><G65/><T31/><D66/><N who="1" m="39271" /><E74/><V33/><F33/><W48/><G113/><T80/><D70/><U114/><E114/><V51/><F51/><W121/><G48/><T123/><D60/><U98/><E1/><V118/><F118/><W59/><G130/><T116/><D116/><U119/><E119/><V128/><F128/><W82/><G131/><T5/><D0/><U120/><E120/><V36/><F36/><W17/><G121/><T75/><D123/><U103/><E6/><V8/><F8/><W32/><G32/><T105/><D7/><U95/><E28/><V9/><F9/><W34/><G34/><T37/><D5/><U21/><E21/><V43/><F43/><W99/><G19/><T84/><D37/><U23/><E23/><V89/><F89/><W52/><G17/><T125/><D125/><U47/><E47/><N who="0" m="17961" /><D29/><U16/><E16/><V22/><F22/><W97/><G68/><T24/><D31/><U124/><E124/><V71/><F71/><W41/><G41/><T133/><D133/><U112/><E112/><V39/><F39/><W10/><G10/><T135/><D135/><U35/><E35/><V54/><F54/><RYUUKYOKU ba="0,1" sc="195,-15,181,15,209,15,405,-15" hai1="42,45,49,78,79,88,94,95,98,103" hai2="11,15,18,58,61,64,86,90,93,96,100,108,109" /><INIT seed="5,1,1,0,2,22" ten="180,196,224,390" oya="1" hai0="75,64,67,72,130,82,65,36,87,118,94,98,115" hai1="88,35,19,122,38,129,5,0,31,100,42,132,27" hai2="124,18,68,66,57,28,107,81,53,128,21,17,76" hai3="11,123,14,74,20,62,58,91,119,103,29,61,80"/><U106/><E122/><V49/><F107/><W25/><G119/><T116/><D36/><U26/><E132/><V114/><F124/><W95/><G123/><T34/><D34/><U52/><E129/><V133/><F133/><W48/><G103/><T3/><D3/><U12/><E38/><V44/><F128/><W46/><G80/><T85/><D130/><U43/><E106/><V63/><F114/><W101/><G101/><T92/><D115/><U10/><E100/><V69/><F28/><W102/><G102/><T110/><D98/><U108/><E108/><V13/><REACH who="2" step="1"/><F18/><REACH who="2" ten="180,196,214,390" step="2"/><N who="3" m="8543" /><G74/><AGARI ba="1,2" hai="13,17,21,44,49,53,57,63,66,68,69,74,76,81" machi="74" ten="30,3900,0" yaku="1,1,7,1,53,1" doraHai="22" doraHaiUra="47" who="2" fromWho="3" sc="180,0,196,0,214,62,390,-42" /><INIT seed="6,0,0,1,0,128" ten="180,196,276,348" oya="2" hai0="88,100,95,113,51,108,130,114,101,117,67,61,77" hai1="63,56,29,122,27,119,80,99,6,18,121,5,68" hai2="109,59,106,35,54,135,11,20,8,39,19,41,53" hai3="42,64,22,133,73,76,34,9,79,0,13,23,90"/><V132/><F35/><W28/><G0/><T94/><D51/><U52/><E119/><V21/><F106/><W17/><G73/><T55/><D55/><N who="2" m="21002" /><F59/><W66/><G34/><T105/><D108/><U120/><E18/><V3/><F3/><W75/><G75/><T125/><D77/><N who="3" m="29769" /><G133/><N who="2" m="51273" /><F109/><W44/><G90/><T15/><D105/><U36/><E36/><V43/><F21/><N who="3" m="7691" /><G28/><T24/><D117/><U131/><E131/><V38/><F38/><W98/><G98/><T107/><D130/><U50/><E99/><V123/><F123/><W30/><G30/><T87/><D107/><U12/><E29/><V74/><F74/><W97/><G97/><T60/><D113/><U65/><E120/><V103/><F103/><W104/><G104/><T78/><D114/><U37/><E121/><V110/><F110/><W31/><G31/><T14/><D100/><U82/><E37/><V1/><F39/><W46/><G42/><N who="2" m="15881" /><F1/><W25/><G25/><AGARI ba="0,0" hai="8,11,19,20,25" m="15881,51273,21002" machi="25" ten="30,11600,0" yaku="20,1,52,3" doraHai="128" who="2" fromWho="3" sc="180,0,196,0,276,116,348,-116" /><INIT seed="6,1,0,3,5,72" ten="180,196,392,232" oya="2" hai0="66,52,56,126,107,35,113,95,109,53,8,18,71" hai1="75,124,25,73,39,79,50,114,3,1,88,70,16" hai2="57,104,96,37,43,58,97,21,128,69,47,27,10" hai3="55,111,91,68,129,117,36,13,33,134,110,102,26"/><V17/><F128/><W23/><G117/><T20/><D107/><U9/><E70/><V63/><F69/><W125/><G36/><T135/><D35/><U65/><E65/><V86/><F104/><W85/><G68/><T5/><D109/><U92/><E114/><V34/><F34/><W32/><G32/><T44/><D113/><U81/><E39/><V22/><F10/><W80/><G125/><T90/><D126/><U78/><E124/><V112/><F112/><W100/><G134/><T11/><D135/><U54/><E3/><V64/><F58/><W132/><G129/><T84/><D71/><U89/><E1/><V49/><F37/><W122/><G122/><T121/><D121/><U98/><E79/><V106/><F106/><W29/><G132/><T0/><D44/><U30/><E75/><V94/><F22/><W45/><G111/><T60/><REACH who="0" step="1"/><D11/><REACH who="0" ten="170,196,392,232" step="2"/><U101/><E9/><V2/><F47/><W42/><G33/><T93/><D93/><U130/><E130/><V115/><F94/><W116/><G110/><T19/><D19/><U123/><E123/><V76/><F17/><W6/><G116/><T59/><D59/><N who="1" m="33239" /><E16/><V77/><F57/><W38/><G29/><T15/><AGARI ba="1,1" hai="0,5,8,15,18,20,52,53,56,60,66,84,90,95" machi="15" ten="20,5200,0" yaku="1,1,0,1,7,1,54,1,53,0" doraHai="72" doraHaiUra="24" who="0" fromWho="0" sc="170,65,196,-14,392,-27,232,-14" /><INIT seed="7,0,0,1,4,78" ten="235,182,365,218" oya="3" hai0="1,70,84,62,132,117,5,67,66,108,63,8,24" hai1="129,19,46,85,35,25,50,111,41,52,93,71,77" hai2="27,6,133,9,34,73,76,45,22,37,2,0,47" hai3="60,121,88,92,11,75,112,89,54,106,127,59,51"/><W122/><G106/><T68/><D108/><U131/><E111/><V14/><F133/><W58/><G112/><T115/><D132/><U87/><E71/><V98/><F37/><W101/><G127/><T31/><D115/><U57/><E35/><V128/><F128/><N who="1" m="49225" /><E93/><V64/><F2/><W42/><G75/><T13/><D117/><U48/><E87/><V100/><F64/><N who="3" m="38935" /><G122/><T55/><D55/><U32/><E32/><V110/><F110/><W17/><G42/><T130/><D130/><U103/><E103/><V74/><F74/><W43/><G43/><T28/><D1/><U72/><E72/><V21/><F34/><W3/><G3/><T114/><D114/><U107/><E107/><V81/><F0/><W125/><G125/><T80/><D24/><U94/><E94/><V102/><F102/><W79/><G79/><AGARI ba="0,0" hai="5,8,13,28,31,62,63,66,67,68,70,79,80,84" machi="79" ten="30,3900,0" yaku="7,1,9,1,52,1" doraHai="78" who="0" fromWho="3" sc="235,39,182,0,365,0,218,-39" owari="274,7.0,182,-22.0,365,47.0,179,-32.0" /></mjloggm>