<mjloggm ver="2.3"><GO type="169" lobby="0"/><UN n0="%E3%81%88%E3%81%8C%E3%82%8F%E3%82%8A%E3%81%8A" n1="%E6%96%87%E8%B1%AA" n2="%E5%90%89%E6%BE%A4%E2%98%86%E7%91%A0%E5%81%89" n3="%E5%8B%87%E4%BA%BA" dan="16,16,16,17" rate="2065.48,2035.57,2122.04,2118.60" sx="M,M,M,M"/><TAIKYOKU oya="0"/><INIT seed="0,0,0,3,4,3" ten="250,250,250,250" oya="0" hai0="4,75,118,72,74,91,116,7,28,60,67,17,23" hai1="92,5,127,66,64,14,70,104,32,47,53,54,34" hai2="29,51,134,103,20,63,13,128,90,88,110,131,0" hai3="55,132,107,121,62,69,35,126,109,22,102,42,98"/><T24/><D91/><U10/><E104/><V86/><F0/><W57/><G109/><T108/><D108/><U84/><E127/><V38/><F38/><W61/><G126/><T106/><D106/><U36/><E32/><V129/><F134/><W43/><G132/><T19/><D19/><U59/><E34/><V79/><F110/><W33/><G121/><T65/><D65/><U56/><E70/><V96/><F63/><W105/><G105/><T2/><D2/><U76/><E36/><V130/><F79/><W77/><G77/><T1/><D28/><U50/><E47/><V124/><F124/><W71/><G35/><T52/><D52/><U83/><REACH who="1" step="1"/><E92/><REACH who="1" ten="250,240,250,250" step="2"/><N who="2" m="58759" /><F129/><W95/><G107/><T31/><D116/><U30/><E30/><V37/><F37/><W135/><G33/><T58/><D118/><U15/><E15/><V93/><F29/><W11/><G71/><T112/><D31/><U82/><E82/><V101/><F131/><W111/><G111/><T120/><D120/><U100/><E100/><V25/><F101/><W8/><G69/><T41/><D112/><U119/><E119/><V94/><F13/><W44/><G44/><T45/><REACH who="0" step="1"/><D1/><REACH who="0" ten="240,240,250,250" step="2"/><U99/><E99/><N who="2" m="57767" /><F128/><W78/><G98/><T48/><AGARI ba="0,2" hai="4,7,17,23,24,41,45,48,58,60,67,72,74,75" machi="48" ten="30,12000,1" yaku="1,1,0,1,52,2,53,1" doraHai="3" doraHaiUra="18" who="0" fromWho="0" sc="240,140,240,-40,250,-40,250,-40" /><INIT seed="0,1,0,2,2,5" ten="380,200,210,210" oya="0" hai0="90,110,120,9,112,99,81,57,64,20,84,29,54" hai1="42,129,121,51,106,116,16,66,111,88,104,85,94" hai2="55,119,76,37,60,65,93,0,59,107,43,4,71" hai3="34,74,105,95,134,24,114,44,109,133,46,96,33"/><T113/><D120/><U56/><E116/><V3/><F107/><W63/><G114/><T13/><D64/><U131/><E121/><V102/><F119/><W98/><G74/><T67/><D67/><U128/><E111/><V28/><F76/><W39/><G109/><T83/><D110/><U52/><E42/><V40/><F28/><W80/><G63/><T30/><D83/><U15/><E66/><V123/><F123/><W82/><G105/><T23/><D99/><U72/><E72/><V91/><F102/><W27/><REACH who="3" step="1"/><G95/><REACH who="3" ten="380,200,210,200" step="2"/><T135/><D112/><U122/><REACH who="1" step="1"/><E122/><REACH who="1" ten="380,190,210,200" step="2"/><V1/><F71/><W50/><G50/><N who="0" m="30935" /><D113/><U124/><E124/><V48/><F37/><AGARI ba="1,2" hai="24,27,33,34,37,39,44,46,80,82,96,98,133,134" machi="37" ten="25,3200,0" yaku="1,1,22,2,53,0" doraHai="5" doraHaiUra="45" who="3" fromWho="2" sc="380,0,190,0,210,-35,200,55" /><INIT seed="1,0,0,2,2,36" ten="380,190,175,255" oya="1" hai0="79,50,94,90,64,133,38,58,122,24,15,57,51" hai1="104,72,5,37,135,126,99,39,43,55,60,119,22" hai2="108,67,118,61,130,109,34,47,128,53,111,76,107" hai3="92,134,1,6,14,124,31,11,45,81,121,131,132"/><U83/><E119/><V49/><F107/><W19/><G121/><T16/><D122/><U33/><E33/><V2/><F34/><W48/><G124/><T69/><D133/><N who="3" m="51305" /><G131/><N who="2" m="50217" /><F2/><W86/><G31/><T9/><D38/><U30/><E5/><V18/><F76/><N who="3" m="46375" /><G92/><T102/><D69/><U116/><E116/><V110/><F18/><W113/><G113/><T93/><D79/><U112/><E112/><V20/><F20/><W63/><G63/><T71/><D71/><U12/><E126/><V117/><N who="2" m="27648" /><DORA hai="95" /><V44/><F44/><W78/><G78/><T54/><D24/><U80/><E30/><V17/><F17/><W41/><G19/><T46/><D51/><U66/><E135/><V52/><F53/><W40/><G40/><T115/><D64/><U96/><E55/><V97/><F97/><W35/><G35/><T88/><D115/><U106/><E66/><V123/><F123/><W3/><AGARI ba="0,0" hai="1,3,6,11,14,41,45,48" m="46375,51305" machi="3" ten="30,4000,0" yaku="25,1,20,1,52,1" doraHai="36,95" who="3" fromWho="3" sc="380,-10,190,-20,175,-10,255,40" /><INIT seed="2,0,0,2,0,23" ten="370,170,165,295" oya="2" hai0="121,58,37,25,73,92,122,61,126,123,47,83,119" hai1="86,95,94,72,85,0,5,39,50,100,53,97,104" hai2="46,109,118,26,9,66,57,117,127,63,10,38,4" hai3="45,113,110,51,19,12,111,112,65,20,125,56,124"/><V135/><F127/><N who="3" m="48715" /><G65/><T7/><D126/><U102/><E39/><V27/><F135/><W78/><G56/><T75/><D119/><U87/><E72/><V17/><F109/><N who="3" m="41483" /><G78/><T69/><D7/><U33/><E33/><V79/><F79/><W60/><G60/><T67/><D92/><U6/><E0/><V30/><F30/><W129/><G129/><T44/><D44/><U31/><E31/><V22/><F9/><W34/><G34/><T24/><D69/><U64/><E64/><V98/><F98/><W41/><AGARI ba="0,0" hai="12,19,20,41,45,51,112,113" m="41483,48715" machi="41" ten="40,2700,0" yaku="18,1,14,1" doraHai="23" who="3" fromWho="3" sc="370,-7,170,-7,165,-13,295,27" /><INIT seed="3,0,0,1,2,53" ten="363,163,152,322" oya="3" hai0="112,132,88,124,24,51,130,119,60,108,38,30,70" hai1="75,122,121,72,79,33,23,49,27,118,134,13,131" hai2="128,117,116,22,99,18,14,66,52,2,58,28,43" hai3="46,7,133,25,0,105,6,61,91,129,95,113,10"/><W12/><G113/><T85/><D112/><U82/><E134/><V36/><F2/><W110/><G133/><T71/><D132/><U57/><E131/><V120/><F128/><W21/><G129/><T9/><D130/><U76/><E118/><V96/><F120/><W68/><G105/><T20/><D119/><U93/><E33/><V115/><F115/><W44/><G110/><T114/><D114/><U104/><E104/><V29/><F66/><W62/><G7/><T15/><D38/><U40/><E13/><V42/><F117/><W41/><G0/><T78/><D108/><U19/><E93/><V64/><F64/><W17/><G68/><T35/><D124/><U90/><E90/><V67/><F67/><W101/><G101/><T26/><D60/><N who="3" m="23145" /><G41/><N who="2" m="15369" /><F36/><W106/><G106/><T83/><D51/><U126/><E126/><V45/><F45/><W123/><G123/><T97/><D97/><AGARI ba="0,0" hai="6,10,12,17,21,25,44,46,91,95,97" m="23145" machi="97" ten="30,1500,0" yaku="8,1" doraHai="53" who="3" fromWho="0" sc="363,-15,163,0,152,0,322,15" /><INIT seed="3,1,0,5,3,58" ten="348,163,152,337" oya="3" hai0="63,45,15,104,89,60,106,67,111,135,108,37,54" hai1="101,132,83,95,109,66,3,6,1,88,21,118,82" hai2="31,11,128,23,47,27,117,100,98,64,73,29,97" hai3="116,14,134,124,80,86,10,53,130,41,33,75,46"/><W125/><G116/><T105/><D135/><U56/><E132/><V18/><F73/><W71/><G134/><T74/><D74/><U93/><E109/><N who="0" m="42057" /><D89/><U113/><E113/><V17/><F117/><W68/><G75/><T50/><D37/><U96/><E118/><V76/><F76/><W24/><G53/><T59/><D67/><U51/><E3/><V30/><F128/><W85/><G130/><T107/><N who="0" m="26624" /><DORA hai="34" /><T20/><D45/><U26/><E6/><V70/><F100/><W52/><G33/><T90/><D90/><U4/><E4/><V19/><F47/><W62/><G24/><T43/><D43/><U72/><E1/><V49/><F49/><N who="3" m="28727" /><G41/><T7/><D20/><U22/><E22/><V40/><F40/><W112/><G112/><T57/><D57/><U48/><E72/><V69/><F64/><N who="3" m="40983" /><G71/><T127/><D127/><N who="3" m="48713" /><G80/><T13/><D13/><U65/><E82/><V110/><F110/><W44/><G44/><T121/><D121/><U0/><E83/><V92/><F70/><W126/><N who="3" m="48721" /><W94/><DORA hai="32" /><G94/><T55/><D55/><U9/><E65/><V35/><F69/><W5/><AGARI ba="1,0" hai="5,10,14,85,86" m="48721,40983,28727" machi="5" ten="40,7800,0" yaku="18,1,52,1,54,1" doraHai="58,34,32" who="3" fromWho="3" sc="348,-27,163,-27,152,-27,337,81" /><INIT seed="3,2,0,4,2,15" ten="321,136,125,418" oya="3" hai0="43,132,75,23,69,19,70,32,33,30,78,40,68" hai1="83,130,95,3,88,123,51,87,128,0,54,105,59" hai2="44,46,6,77,96,25,122,126,47,111,14,116,12" hai3="10,35,37,125,11,82,103,94,57,61,7,119,9"/><W124/><G37/><T80/><D132/><U5/><E123/><V64/><F116/><W112/><G35/><T81/><D33/><U45/><E105/><V53/><F122/><W134/><G119/><T24/><REACH who="0" step="1"/><D81/><REACH who="0" ten="311,136,125,418" step="2"/><U36/><E83/><V98/><F126/><N who="3" m="48747" /><G134/><T71/><N who="0" m="17408" /><DORA hai="67" /><T97/><D97/><U34/><E34/><V89/><F98/><N who="3" m="59863" /><G82/><T52/><D52/><U28/><E54/><V79/><F53/><N who="3" m="33967" /><G112/><T106/><D106/><U110/><E128/><V39/><F96/><W100/><G100/><T121/><D121/><U42/><E130/><V27/><F64/><W73/><G73/><T49/><D49/><U63/><E51/><V86/><F39/><W76/><G76/><T2/><D2/><AGARI ba="2,1" hai="2,7,9,10,11" m="33967,59863,48747" machi="2" ten="30,1500,0" yaku="18,1" doraHai="15,67" who="3" fromWho="0" sc="311,-21,136,0,125,0,418,31" /><INIT seed="3,3,0,5,1,35" ten="290,136,125,449" oya="3" hai0="76,74,69,42,90,135,126,36,22,16,119,111,28" hai1="39,85,84,132,107,21,60,45,101,43,33,72,122" hai2="120,49,0,97,95,70,12,48,5,131,80,108,105" hai3="18,38,89,125,79,83,54,129,31,64,106,63,19"/><W30/><G106/><T9/><D119/><U118/><E122/><V13/><F105/><W15/><G38/><T47/><D111/><U1/><E33/><V109/><F70/><W26/><G125/><T87/><D126/><U40/><E72/><V6/><F80/><W27/><G129/><T11/><D135/><U20/><E43/><V61/><F61/><W113/><G113/><T51/><D69/><U73/><E73/><V75/><F75/><W53/><G89/><T7/><D28/><U96/><E132/><V115/><F95/><W8/><G19/><T130/><D130/><U3/><E60/><V58/><F131/><W29/><G54/><T117/><D117/><U65/><E65/><V100/><F97/><W93/><G93/><T44/><D76/><U133/><E133/><V99/><F99/><W104/><G53/><T123/><D74/><U128/><E128/><V78/><F78/><W24/><G104/><T86/><D90/><U91/><E85/><V116/><F116/><W14/><G14/><T46/><D123/><U41/><E40/><V34/><F120/><W103/><G103/><T37/><D37/><U25/><E118/><V62/><F115/><W59/><G79/><T10/><D7/><U124/><E124/><V110/><F109/><W81/><AGARI ba="3,0" hai="8,15,18,24,26,27,29,30,31,59,63,64,81,83" machi="81" ten="40,3900,0" yaku="0,1,8,1" doraHai="35" who="3" fromWho="3" sc="290,-16,136,-16,125,-16,449,48" /><INIT seed="3,4,0,1,0,41" ten="274,120,109,497" oya="3" hai0="24,128,49,104,17,132,35,3,65,12,101,21,80" hai1="4,126,99,85,50,53,131,78,82,51,108,26,106" hai2="45,114,84,86,109,27,120,9,52,62,15,32,98" hai3="13,66,44,29,72,33,83,74,57,30,2,0,117"/><W60/><G117/><T37/><D132/><U79/><E108/><V115/><F120/><W47/><G0/><T113/><D128/><U134/><E131/><V92/><F109/><W18/><G2/><T56/><D113/><U75/><E4/><V1/><F1/><W127/><G127/><T11/><D37/><U23/><E134/><V40/><F32/><W68/><G68/><T111/><D111/><U25/><E126/><V100/><F27/><W73/><G83/><T58/><D35/><U88/><E51/><N who="2" m="27047" /><F115/><W90/><G90/><T107/><D101/><U102/><E75/><V20/><F20/><W14/><G14/><T22/><D22/><U119/><E26/><V55/><F114/><W64/><G64/><T135/><D135/><U69/><E69/><V93/><F62/><W19/><G19/><T130/><D130/><U8/><E8/><V39/><F39/><W63/><G63/><T94/><D3/><U76/><E119/><V133/><F133/><W54/><G66/><T61/><D94/><U59/><REACH who="1" step="1"/><E78/><REACH who="1" ten="274,110,109,497" step="2"/><V34/><F34/><W105/><G33/><T16/><D11/><U110/><E110/><V89/><F86/><W70/><G70/><T81/><D24/><U46/><E46/><V28/><F28/><AGARI ba="4,1" hai="23,25,28,50,53,59,76,79,82,85,88,99,102,106" machi="28" ten="30,7700,0" yaku="1,1,7,1,54,1,53,1" doraHai="41" doraHaiUra="77" who="1" fromWho="2" sc="274,0,110,99,109,-89,497,0" /><INIT seed="4,0,0,3,1,98" ten="274,209,20,497" oya="0" hai0="70,13,4,6,34,40,118,109,111,32,73,125,46" hai1="80,30,52,131,69,59,58,114,31,74,106,94,133" hai2="42,60,91,113,39,24,130,129,78,76,61,50,27" hai3="5,122,116,55,102,128,82,115,123,87,8,88,49"/><T18/><D118/><U84/><E69/><V45/><F113/><W63/><G116/><T96/><D70/><U3/><E106/><V26/><F39/><W132/><G115/><T101/><D73/><U126/><E3/><V11/><F11/><W29/><G132/><T48/><D34/><U81/><E114/><V1/><F1/><W119/><G119/><T47/><D32/><U86/><E126/><V97/><F91/><W107/><G29/><T10/><D46/><U66/><E74/><V68/><F97/><W85/><G63/><T23/><D125/><U92/><E131/><V90/><F90/><W127/><G128/><N who="2" m="49257" /><F61/><W103/><G87/><T54/><D40/><U134/><E66/><AGARI ba="0,0" hai="24,26,27,42,45,50,60,66,68,76,78" m="49257" machi="66" ten="30,1000,0" yaku="19,1" doraHai="98" who="2" fromWho="1" sc="274,0,209,-10,20,10,497,0" /><INIT seed="5,0,0,5,0,109" ten="274,199,30,497" oya="1" hai0="13,115,35,100,124,102,25,51,62,84,58,65,80" hai1="130,18,34,92,64,97,31,76,90,12,46,52,7" hai2="50,106,57,54,1,20,22,5,127,10,117,59,87" hai3="24,49,27,83,81,69,114,29,60,112,23,6,119"/><U17/><E130/><V74/><F74/><W123/><G123/><T42/><D124/><U120/><E120/><V108/><F117/><W0/><G119/><T47/><D115/><N who="3" m="44073" /><G49/><T32/><D32/><U128/><E128/><V19/><F106/><W11/><G27/><T126/><D126/><U96/><E76/><V122/><F127/><W121/><G121/><T116/><D116/><U125/><E125/><V95/><F122/><W16/><G29/><T86/><D86/><N who="1" m="52311" /><E31/><V78/><F108/><W133/><G133/><T103/><D35/><U79/><E79/><V107/><F107/><W14/><G0/><T40/><D25/><U66/><E7/><V3/><F1/><W37/><G37/><T28/><D28/><U85/><E85/><V131/><F131/><W39/><G39/><T73/><D73/><U53/><E18/><V26/><F20/><W61/><G69/><T41/><D13/><U98/><E34/><V44/><F78/><AGARI ba="0,0" hai="40,41,42,47,51,58,62,65,78,80,84,100,102,103" machi="78" ten="40,1300,0" yaku="8,1" doraHai="109" who="0" fromWho="2" sc="274,13,199,0,30,-13,497,0" /><INIT seed="6,0,0,0,1,12" ten="287,199,17,497" oya="2" hai0="27,24,123,64,43,61,55,14,87,127,33,46,85" hai1="111,34,44,48,7,39,92,36,109,15,89,54,40" hai2="81,103,49,3,91,5,96,128,104,105,13,66,102" hai3="32,28,119,125,106,29,0,112,93,108,2,135,1"/><V45/><F3/><W94/><G106/><T74/><D123/><U70/><E34/><V51/><F128/><W20/><G119/><T21/><D74/><U77/><E39/><V121/><F121/><W19/><G108/><T88/><D33/><U57/><E77/><V17/><F5/><W42/><G42/><T58/><D85/><U124/><E70/><V114/><F114/><W41/><G41/><T59/><D14/><U71/><E71/><V26/><F26/><W4/><G4/><T63/><D27/><U116/><E124/><V131/><F66/><W97/><G32/><T8/><D8/><U80/><E80/><V132/><F132/><W47/><G47/><T31/><D127/><U115/><E115/><V23/><F131/><W67/><G67/><T126/><D126/><U84/><E116/><V120/><F120/><W11/><G11/><T130/><D130/><U73/><E73/><V99/><REACH who="2" step="1"/><F45/><REACH who="2" ten="287,199,7,497" step="2"/><W101/><G125/><T107/><D46/><N who="1" m="23815" /><E7/><V50/><F50/><W113/><G135/><T82/><D64/><U10/><E44/><V6/><F6/><W37/><G113/><T83/><D43/><U35/><E48/><V9/><F9/><W56/><G112/><T52/><D107/><U90/><E10/><V16/><F16/><W68/><G19/><T62/><D62/><U25/><E25/><V133/><F133/><W76/><G0/><T118/><D118/><U79/><E15/><V78/><F78/><W122/><G76/><T65/><D65/><U134/><E134/><V69/><F69/><W117/><G68/><T18/><D18/><RYUUKYOKU ba="0,1" sc="287,15,199,-15,7,15,497,-15" hai0="21,24,31,52,55,58,59,61,63,82,83,87,88" hai2="13,17,23,49,51,81,91,96,99,102,103,104,105" /><INIT seed="6,1,1,2,5,111" ten="302,184,22,482" oya="2" hai0="68,23,29,89,49,15,6,1,54,40,33,125,71" hai1="70,11,63,87,27,41,112,59,95,66,96,122,21" hai2="128,93,113,127,76,133,92,100,102,48,39,5,98" hai3="44,16,55,61,67,24,19,91,58,119,105,97,4"/><V32/><F39/><W80/><G119/><T106/><D125/><U118/><E118/><V73/><F32/><W110/><G110/><T84/><D106/><U22/><E122/><V104/><F5/><W103/><G4/><T14/><D40/><U60/><E112/><V75/><F48/><W94/><G24/><T3/><D33/><U50/><E87/><V46/><F46/><W130/><G130/><T25/><D1/><U20/><E11/><V131/><F127/><W36/><G80/><T126/><D3/><U90/><E50/><V132/><F104/><W121/><G121/><T45/><D126/><U56/><E41/><V134/><F113/><W81/><G81/><T13/><D6/><U85/><E70/><V82/><F75/><W99/><G36/><T65/><D65/><N who="1" m="39047" /><E85/><V62/><F62/><W28/><G28/><AGARI ba="1,1" hai="20,21,22,27,28,59,63,66,90,95,96" m="39047" machi="28" ten="30,1000,0" yaku="8,1" doraHai="111" who="1" fromWho="3" sc="302,0,184,23,22,0,482,-13" /><INIT seed="7,0,0,1,3,15" ten="302,207,22,469" oya="3" hai0="30,12,6,106,4,72,108,61,109,98,47,26,126" hai1="73,107,20,10,123,100,50,37,131,40,5,45,11" hai2="21,42,78,24,46,95,110,53,127,55,2,76,104" hai3="121,94,124,117,38,54,112,62,86,99,75,67,84"/><W18/><G75/><T74/><D126/><U59/><E123/><V36/><F104/><W129/><G38/><T105/><D61/><U79/><E131/><V111/><F2/><W58/><G117/><T88/><D47/><U7/><E107/><V0/><F0/><W66/><G121/><T69/><D69/><U60/><E100/><V8/><F127/><W91/><G124/><T64/><D64/><N who="3" m="24617" /><G112/><T71/><D71/><U133/><E133/><V22/><F8/><W77/><G77/><T119/><D108/><U52/><E37/><V33/><F95/><W80/><G80/><T28/><D106/><U134/><E134/><V65/><F65/><W32/><G32/><T70/><D72/><U115/><E115/><V103/><F103/><W85/><G129/><T116/><D74/><U3/><E73/><V113/><F113/><W14/><G99/><T1/><D70/><U39/><E79/><V118/><F118/><W87/><G87/><T82/><D105/><U63/><REACH who="1" step="1"/><E20/><AGARI ba="0,0" hai="14,18,20,54,58,62,84,85,86,91,94" m="24617" machi="20" ten="30,2900,0" yaku="8,1,52,1" doraHai="15" who="3" fromWho="1" sc="302,0,207,-29,22,0,469,29" owari="302,10.0,178,-22.0,22,-48.0,498,60.0" /></mjloggm>