<mjloggm ver="2.3"><GO type="169" lobby="0"/><UN n0="%E5%8D%83%E7%BE%BD%E9%B4%89" n1="%E3%82%A2%E3%83%A1%E3%83%B3%E3%83%9D%E3%81%A6%E3%81%B5" n2="%E8%87%AA%E6%83%9A%E3%82%8C%E3%83%AA%E3%83%BC%E3%83%81" n3="%E9%BB%92%E7%8C%AB%73%69%6E" dan="17,17,16,17" rate="2209.67,2191.59,2081.57,2226.14" sx="F,M,M,M"/><TAIKYOKU oya="0"/><INIT seed="0,0,0,4,1,115" ten="250,250,250,250" oya="0" hai0="27,104,98,132,71,8,46,20,10,24,16,129,110" hai1="40,72,133,53,23,61,122,57,52,5,15,41,3" hai2="0,32,100,62,56,135,2,38,29,55,86,134,31" hai3="59,4,109,95,19,97,21,44,51,39,25,37,120"/><T73/><D73/><U74/><E122/><V76/><F38/><W67/><G109/><T128/><D71/><U96/><E3/><V54/><F100/><W69/><G120/><T50/><D104/><U125/><E133/><N who="2" m="50699" /><F55/><W58/><G69/><T91/><D132/><U92/><E125/><V107/><F107/><W64/><G39/><T108/><D98/><U88/><E74/><V48/><F32/><W47/><G4/><T84/><D27/><U65/><E72/><V111/><F111/><N who="0" m="42538" /><D129/><U99/><E96/><V131/><F131/><W18/><G18/><T33/><D33/><U13/><E23/><V1/><F62/><N who="3" m="37975" /><G37/><T114/><D114/><U89/><E89/><V26/><F26/><W70/><G70/><T101/><D101/><U63/><E63/><V6/><F6/><W117/><G67/><T77/><D77/><U49/><E65/><V127/><F127/><W22/><G97/><T60/><D60/><U80/><E5/><V94/><F76/><W11/><G25/><T45/><D128/><U112/><E112/><V90/><AGARI ba="0,0" hai="0,1,2,29,31,48,54,56,86,90,94" m="50699" machi="90" ten="40,1500,0" yaku="20,1" doraHai="115" who="2" fromWho="2" sc="250,-7,250,-4,250,15,250,-4" /><INIT seed="1,0,0,5,5,60" ten="243,246,265,246" oya="1" hai0="11,47,5,21,40,79,26,19,22,86,59,85,69" hai1="45,128,71,46,10,101,87,68,55,6,64,134,3" hai2="126,104,33,94,57,109,14,133,38,67,13,32,58" hai3="28,50,96,78,99,27,24,114,105,72,31,8,111"/><U2/><E134/><V124/><F104/><W61/><G114/><T51/><D69/><U16/><E101/><V35/><F38/><W121/><G121/><T93/><D79/><U76/><E3/><V43/><F43/><W15/><G72/><T20/><D59/><N who="2" m="22538" /><F94/><W1/><G1/><T135/><D135/><U127/><E71/><V52/><F52/><W81/><G50/><T88/><REACH who="0" step="1"/><D86/><REACH who="0" ten="233,246,265,246" step="2"/><U97/><E87/><V41/><F133/><W117/><G78/><T25/><D25/><U118/><E68/><V103/><F126/><W9/><G27/><T30/><D30/><U119/><E76/><V106/><F124/><W7/><G24/><T36/><D36/><U82/><E127/><V17/><F35/><W90/><G28/><T44/><D44/><U75/><E46/><V100/><F32/><W62/><G31/><T56/><D56/><U49/><E45/><V122/><F33/><W116/><G116/><T54/><D54/><U48/><E55/><V39/><F39/><W112/><G117/><T120/><D120/><U34/><E34/><V83/><F41/><W65/><G62/><T102/><D102/><U107/><E119/><V23/><F100/><W37/><G61/><T80/><D80/><U0/><E82/><V77/><F83/><W131/><G37/><T89/><D89/><U12/><E118/><V84/><F77/><W113/><G81/><T98/><D98/><U63/><E97/><V123/><F84/><W42/><G42/><T29/><D29/><U125/><E125/><V18/><F123/><W91/><G99/><T4/><D4/><RYUUKYOKU ba="0,1" sc="233,30,246,-10,265,-10,246,-10" hai0="5,11,19,20,21,22,26,40,47,51,85,88,93" /><INIT seed="2,1,1,2,0,38" ten="263,236,255,236" oya="2" hai0="27,6,3,51,93,134,11,64,85,117,43,90,20" hai1="112,7,98,2,91,97,114,133,42,61,106,116,15" hai2="52,4,5,120,95,29,96,12,33,36,22,19,56" hai3="50,88,17,67,16,77,89,65,83,127,62,66,68"/><V102/><F36/><W94/><G127/><T44/><D134/><U125/><E116/><V99/><F120/><W101/><G62/><T34/><D117/><U128/><E2/><V59/><F59/><W32/><G32/><T126/><D126/><U79/><E79/><V54/><F54/><W21/><G68/><T8/><D8/><U35/><E35/><V40/><F40/><W80/><G101/><T110/><D110/><U10/><E125/><V78/><F78/><W73/><G80/><T129/><D129/><U25/><E128/><V105/><F29/><W55/><G94/><T118/><D118/><U135/><E61/><V87/><F33/><W31/><G31/><T72/><D72/><U46/><E25/><V74/><F74/><W131/><G131/><T18/><REACH who="0" step="1"/><D34/><REACH who="0" ten="253,236,255,236" step="2"/><U28/><E135/><V63/><REACH who="2" step="1"/><F87/><REACH who="2" ten="253,236,245,236" step="2"/><W24/><REACH who="3" step="1"/><G17/><REACH who="3" ten="253,236,245,226" step="2"/><T92/><D92/><U58/><E133/><V47/><F47/><AGARI ba="1,4" hai="16,21,24,47,50,55,65,66,67,73,77,83,88,89" machi="47" ten="40,8000,1" yaku="1,1,2,1,54,2,53,1" doraHai="38" doraHaiUra="48" who="3" fromWho="2" sc="253,0,236,0,245,-83,226,123" /><INIT seed="3,0,0,5,5,116" ten="253,236,162,349" oya="3" hai0="5,30,13,133,16,104,45,101,102,111,98,99,31" hai1="2,24,82,96,64,25,26,129,52,128,49,67,55" hai2="57,75,134,81,9,59,60,29,109,43,76,97,123" hai3="112,126,117,50,103,33,37,12,41,32,74,17,84"/><W72/><G117/><T18/><D111/><U65/><E2/><V119/><F109/><W42/><G37/><T51/><D133/><U105/><E82/><V7/><F134/><W40/><G112/><T0/><D5/><U20/><E20/><V21/><F43/><W15/><G126/><T122/><D122/><U58/><E105/><V39/><F39/><W34/><G103/><T80/><D80/><U53/><E96/><V73/><F73/><N who="3" m="28267" /><G17/><T91/><D91/><U83/><E83/><V35/><F35/><W6/><G6/><T69/><D69/><U66/><N who="1" m="16384" /><DORA hai="78" /><U108/><REACH who="1" step="1"/><E108/><REACH who="1" ten="253,226,162,349" step="2"/><V28/><F97/><W125/><G84/><T131/><D0/><U56/><E56/><V3/><F57/><W135/><G135/><T48/><D104/><U77/><E77/><V106/><F21/><W63/><G34/><T62/><D99/><U121/><E121/><V118/><F106/><W94/><G33/><T107/><D98/><U132/><E132/><V113/><F123/><W110/><G32/><T44/><D107/><U8/><E8/><V89/><F89/><W36/><G110/><T124/><D101/><U114/><E114/><V79/><F79/><W85/><G85/><T120/><D102/><U71/><E71/><V38/><F113/><W70/><G70/><T22/><D120/><U54/><AGARI ba="0,1" hai="24,25,26,49,52,53,54,55,58,128,129" m="16384" machi="54" ten="50,16000,3" yaku="1,1,0,1,29,2,54,1,53,3" doraHai="116,78" doraHaiUra="23,4" who="1" fromWho="1" sc="253,-40,226,170,162,-40,349,-80" /><INIT seed="4,0,0,4,1,47" ten="213,396,122,269" oya="0" hai0="6,36,135,42,77,18,10,21,43,30,101,12,17" hai1="75,2,32,78,97,38,4,29,119,48,79,99,82" hai2="108,104,35,86,68,14,131,54,76,134,44,33,132" hai3="115,50,22,73,66,23,128,112,103,92,11,129,93"/><T107/><D135/><N who="2" m="51754" /><F104/><W51/><G11/><T64/><D64/><U122/><E119/><V95/><F108/><W59/><G66/><T26/><D77/><U63/><E79/><V46/><F68/><W88/><G103/><T114/><D114/><N who="3" m="43561" /><G73/><T116/><D116/><U83/><E63/><V84/><F46/><W127/><G127/><T27/><D36/><U120/><E82/><N who="2" m="47175" /><F14/><W117/><G117/><T37/><D37/><U60/><E38/><V7/><F7/><W91/><G59/><T1/><D107/><U98/><E4/><V24/><F24/><W53/><G53/><T40/><D101/><U130/><E2/><V87/><F87/><N who="3" m="52255" /><G23/><T102/><D102/><U52/><E75/><V113/><F113/><W126/><G22/><N who="0" m="15735" /><D1/><U0/><E0/><V3/><F3/><W90/><G90/><T15/><D15/><U100/><E78/><V123/><F123/><W5/><G5/><AGARI ba="0,0" hai="5,6,10,12,17,18,21,26,40,42,43" m="15735" machi="5" ten="30,1500,0" yaku="8,1" doraHai="47" who="0" fromWho="3" sc="213,15,396,0,122,0,269,-15" /><INIT seed="4,1,0,0,5,135" ten="228,396,122,254" oya="0" hai0="68,38,27,126,47,43,63,65,2,104,105,124,98" hai1="128,19,24,10,120,134,48,102,95,60,125,127,18" hai2="116,36,15,26,93,112,50,66,9,41,113,78,62" hai3="101,34,122,7,99,67,52,31,119,79,25,130,0"/><T85/><D2/><U3/><E120/><V1/><F1/><W42/><G119/><T16/><D85/><U35/><E134/><V110/><F78/><W56/><G42/><T94/><D16/><N who="1" m="6187" /><E60/><V12/><F26/><W22/><G122/><T72/><D72/><U76/><E48/><V131/><F36/><W118/><G118/><T64/><D64/><U32/><E76/><V58/><F131/><W23/><G79/><T114/><D27/><U106/><E95/><V29/><F29/><W20/><G130/><T92/><D92/><U5/><E128/><V28/><F28/><W132/><G67/><T87/><D87/><U129/><E129/><V89/><F116/><W45/><G45/><T54/><D54/><U61/><E61/><V75/><F75/><W13/><G0/><T74/><D74/><U117/><E117/><V121/><F121/><W6/><G13/><T55/><D55/><U30/><E102/><V49/><F15/><W80/><G80/><T51/><D38/><U109/><E106/><V33/><F33/><N who="1" m="12873" /><E109/><V40/><F110/><W57/><G57/><T100/><REACH who="0" step="1"/><D114/><REACH who="0" ten="218,396,122,254" step="2"/><N who="2" m="44138" /><F41/><W53/><G132/><T97/><D97/><U133/><E133/><V86/><F40/><W83/><G53/><T107/><AGARI ba="1,1" hai="43,47,51,63,65,68,94,98,100,104,105,107,124,126" machi="107" ten="40,12000,1" yaku="1,1,0,1,52,2,53,1" doraHai="135" doraHaiUra="39" who="0" fromWho="0" sc="218,133,396,-41,122,-41,254,-41" /><INIT seed="4,2,0,0,2,133" ten="351,355,81,213" oya="0" hai0="51,72,84,125,14,40,69,17,46,113,108,19,4" hai1="102,121,34,26,75,128,62,122,37,120,61,29,12" hai2="99,42,93,66,112,115,31,33,35,11,86,32,71" hai3="45,79,116,96,22,48,118,132,30,100,106,55,39"/><T109/><D72/><U49/><E37/><V27/><F42/><W23/><G132/><T131/><D69/><U105/><E75/><V68/><F86/><W78/><G39/><T13/><D113/><U0/><E0/><V81/><F81/><W53/><G22/><T65/><D65/><U103/><E128/><V25/><F11/><W130/><G130/><T54/><D131/><U10/><E49/><V60/><F71/><W77/><G30/><T20/><D4/><U59/><E105/><V38/><F38/><W126/><G23/><T52/><D125/><U127/><E62/><V135/><F135/><W7/><G7/><T101/><D101/><U28/><E29/><V9/><F9/><W82/><G82/><T36/><D84/><U124/><E102/><V76/><F76/><W15/><G15/><T43/><D43/><U74/><E103/><V2/><F2/><W67/><G67/><T6/><D6/><U117/><E74/><V1/><F1/><W119/><REACH who="3" step="1"/><G55/><REACH who="3" ten="351,355,81,203" step="2"/><T64/><D64/><U47/><E12/><V57/><F27/><W41/><G41/><T98/><D36/><U89/><E28/><V80/><F80/><W5/><G5/><T50/><D40/><U18/><E26/><V8/><F8/><W63/><G63/><T97/><D20/><U73/><E61/><V56/><F35/><W87/><G87/><T88/><D46/><U134/><E47/><V123/><F33/><W91/><G91/><AGARI ba="2,1" hai="13,14,17,19,50,51,52,54,88,91,97,98,108,109" machi="91" ten="25,9600,0" yaku="22,2,54,2" doraHai="133" who="0" fromWho="3" sc="351,112,355,0,81,0,203,-102" /><INIT seed="4,3,0,4,3,72" ten="463,355,81,101" oya="0" hai0="52,24,79,17,85,41,112,90,114,7,129,131,38" hai1="99,75,120,81,45,49,47,16,23,42,110,92,0" hai2="50,83,10,119,67,3,135,9,87,94,82,105,115" hai3="61,127,103,73,46,96,39,26,101,109,116,123,32"/><T53/><D7/><U95/><E110/><V104/><F115/><N who="0" m="44074" /><D41/><U35/><E120/><V25/><F67/><W27/><G109/><T2/><D2/><U18/><E35/><V22/><F135/><W12/><G116/><T111/><D38/><U34/><E34/><V80/><F94/><W54/><G39/><T69/><D69/><U76/><E0/><V124/><F87/><W64/><G32/><T88/><D111/><U29/><E92/><V71/><F71/><W102/><G12/><T33/><D79/><U128/><E128/><N who="0" m="49225" /><D17/><U63/><E63/><V21/><F119/><W117/><G117/><T57/><D85/><U118/><E118/><V37/><F37/><W126/><G123/><T14/><D14/><U130/><E130/><V78/><F78/><W107/><G26/><T84/><D84/><U134/><E18/><V113/><F113/><W108/><G27/><T125/><D125/><U65/><E42/><V60/><F25/><W132/><G108/><T48/><D53/><U36/><E36/><V97/><F3/><W106/><G126/><T74/><D74/><U6/><E75/><V59/><F124/><W70/><G73/><T122/><D122/><U44/><E16/><V68/><F68/><W4/><G4/><T30/><AGARI ba="3,0" hai="24,30,33,48,52,57,88,90" m="49225,44074" machi="30" ten="40,12000,1" yaku="15,1,19,1,54,2" doraHai="72" who="0" fromWho="0" sc="463,129,355,-43,81,-43,101,-43" /><INIT seed="4,4,0,4,5,16" ten="592,312,38,58" oya="0" hai0="133,25,50,28,34,4,121,9,42,21,124,62,103" hai1="35,15,100,57,11,30,5,102,105,73,31,17,33" hai2="120,123,60,90,72,92,51,84,71,40,93,32,65" hai3="110,89,10,56,81,119,114,64,86,77,38,61,118"/><T113/><D121/><U85/><E73/><V29/><F72/><W0/><G110/><T7/><D113/><U129/><E85/><V59/><F93/><W80/><G38/><T95/><D133/><U45/><E100/><V2/><F2/><W12/><G0/><T41/><D124/><U70/><E102/><V87/><F87/><W36/><G36/><T112/><D112/><U67/><E45/><V132/><F132/><W48/><G114/><T75/><D75/><U68/><E57/><V6/><F6/><W104/><G104/><T134/><D134/><U127/><E67/><V27/><REACH who="2" step="1"/><F59/><REACH who="2" ten="592,312,28,58" step="2"/><W52/><G81/><T117/><D4/><U82/><E5/><V53/><F53/><W96/><G96/><T79/><D95/><U88/><E82/><V3/><F3/><W111/><G111/><T39/><D7/><U8/><E70/><V22/><F22/><W130/><G64/><T131/><D21/><U37/><E68/><V23/><F23/><W47/><G77/><T83/><D83/><U126/><E11/><V58/><F58/><W107/><G107/><T19/><D9/><U78/><E78/><V44/><AGARI ba="4,1" hai="27,29,32,40,44,51,60,65,71,84,90,92,120,123" machi="44" ten="30,2000,0" yaku="1,1,0,1,53,0" doraHai="16" doraHaiUra="98" who="2" fromWho="2" sc="592,-14,312,-9,28,42,58,-9" /><INIT seed="5,0,0,1,2,133" ten="578,303,70,49" oya="1" hai0="60,69,57,10,127,30,48,14,0,130,88,42,7" hai1="86,122,36,121,3,38,117,46,31,47,62,95,6" hai2="111,82,49,128,9,27,22,135,125,4,24,59,114" hai3="67,34,41,43,107,106,53,74,16,110,18,97,94"/><U108/><E31/><V104/><F111/><W118/><G74/><T98/><D127/><U113/><E95/><V50/><F135/><W96/><G34/><T65/><D130/><U8/><E86/><V1/><F125/><W45/><G67/><T131/><D131/><U51/><E8/><V84/><F104/><W39/><G43/><T15/><D30/><U52/><E6/><V19/><F128/><W20/><G110/><T116/><D116/><U85/><E85/><V92/><F92/><W26/><G118/><T102/><D88/><U11/><E11/><V29/><F59/><W93/><G53/><T61/><D98/><U73/><E3/><V119/><F114/><W70/><G70/><T78/><D102/><U81/><E81/><V56/><F56/><W115/><G115/><T68/><D78/><U76/><E76/><V89/><REACH who="2" step="1"/><F119/><REACH who="2" ten="578,303,60,49" step="2"/><W28/><G106/><T63/><D68/><U54/><E117/><V13/><F13/><W134/><G107/><T132/><D132/><U32/><E108/><V44/><F44/><W77/><G134/><T33/><D69/><U40/><E113/><V109/><F109/><W120/><G120/><T37/><D14/><U17/><E122/><V129/><F129/><W90/><G77/><T75/><D15/><U101/><E121/><V12/><F12/><W105/><G105/><T79/><D79/><U66/><E46/><V58/><F58/><W87/><G96/><T2/><D75/><U91/><E73/><V71/><F71/><W25/><G25/><T5/><D2/><U83/><E47/><V103/><F103/><AGARI ba="0,1" hai="16,18,20,26,28,39,41,45,87,90,93,94,97,103" machi="103" ten="30,3900,0" yaku="6,1,7,1,54,1" doraHai="133" who="3" fromWho="2" sc="578,0,303,0,60,-39,49,49" /><INIT seed="6,0,0,0,2,119" ten="578,303,21,98" oya="2" hai0="42,39,107,33,92,5,131,112,73,3,75,105,53" hai1="52,40,89,57,11,85,19,97,51,118,62,60,34" hai2="27,58,10,1,43,127,9,86,20,93,91,35,110" hai3="2,8,115,126,67,128,46,24,84,63,113,123,116"/><V121/><F35/><W18/><G116/><T98/><D53/><U122/><E118/><V22/><F127/><W79/><G126/><T108/><D92/><U76/><E34/><V129/><F129/><W65/><G128/><T69/><D98/><U23/><E11/><V49/><F110/><W124/><G124/><T26/><D26/><U21/><E76/><V132/><F132/><W48/><G123/><T81/><D81/><U130/><E130/><V12/><F121/><W7/><G79/><T30/><D30/><U45/><E122/><V41/><F1/><W71/><G67/><T68/><D42/><U55/><E97/><V29/><F10/><W78/><G78/><T64/><D33/><U111/><E111/><V94/><F94/><W16/><G84/><T66/><D3/><U50/><E55/><N who="2" m="32111" /><F22/><N who="1" m="8201" /><E19/><AGARI ba="0,0" hai="9,12,19,20,27,29,41,43,86,91,93" m="32111" machi="19" ten="30,1500,0" yaku="8,1" doraHai="119" who="2" fromWho="1" sc="578,0,303,-15,21,15,98,0" /><INIT seed="6,1,0,4,1,49" ten="578,288,36,98" oya="2" hai0="134,29,84,76,88,127,47,68,63,38,121,36,114" hai1="52,45,33,132,80,53,46,75,128,69,0,100,94" hai2="117,60,5,71,83,27,25,65,56,97,9,133,10" hai3="13,130,115,15,77,44,116,28,92,109,34,22,62"/><V14/><F133/><W17/><G116/><T93/><D121/><U43/><E0/><V86/><F117/><W74/><G109/><T67/><D114/><U131/><E33/><V99/><F71/><W81/><G115/><T59/><D127/><U70/><E75/><V40/><F40/><W50/><G130/><N who="1" m="49706" /><E80/><V91/><F10/><W6/><G62/><T108/><D84/><U55/><E132/><V89/><F89/><W24/><G92/><T2/><D93/><U98/><E45/><V122/><F122/><W82/><G82/><T106/><D47/><U104/><E104/><V8/><F8/><W20/><G6/><T73/><D2/><U61/><E61/><V16/><F5/><W102/><G102/><T21/><D63/><U35/><E35/><V66/><F65/><W118/><G118/><T85/><D67/><U95/><E94/><V135/><REACH who="2" step="1"/><F135/><REACH who="2" ten="578,288,26,98" step="2"/><W32/><G13/><T4/><D134/><U101/><E100/><V54/><F54/><AGARI ba="1,1" hai="15,17,20,22,24,28,32,34,44,50,54,74,77,81" machi="54" ten="30,2000,0" yaku="7,1,52,1" doraHai="49" who="3" fromWho="2" sc="578,0,288,0,26,-23,98,33" /><INIT seed="7,0,0,2,3,119" ten="578,288,3,131" oya="3" hai0="53,135,108,70,35,40,104,123,118,62,88,46,24" hai1="7,81,69,56,17,66,121,125,95,132,124,57,21" hai2="49,94,106,131,72,67,63,22,115,86,1,59,98" hai3="120,75,127,77,90,32,52,39,10,33,31,111,109"/><W113/><G39/><T83/><D123/><U26/><E121/><V78/><F115/><W8/><G120/><T97/><D135/><U27/><E132/><V55/><F131/><W91/><G113/><T65/><D53/><U64/><E7/><V82/><F1/><W19/><G127/><N who="1" m="48714" /><E81/><V80/><F106/><W84/><G75/><T36/><D88/><N who="3" m="33833" /><G19/><T105/><D83/><U9/><E95/><V50/><F72/><W129/><G129/><T100/><D108/><N who="3" m="41545" /><G84/><T3/><D118/><U102/><E102/><V29/><F80/><W76/><G52/><T0/><D105/><U79/><E79/><N who="3" m="30282" /><G31/><AGARI ba="0,0" hai="0,3,24,31,35,36,40,46,62,65,70,97,100,104" machi="31" ten="40,8000,1" yaku="25,2,33,3" doraHai="119" who="0" fromWho="3" sc="578,80,288,0,3,0,131,-80" owari="658,76.0,288,9.0,3,-50.0,51,-35.0" /></mjloggm>