<mjloggm ver="2.3"><GO type="169" lobby="0"/><UN n0="%E6%B1%A0%E7%94%B0%E3%81%AD%E3%81%93" n1="%E8%A1%9B%E8%97%A4%E7%BE%8E%E5%BD%A9" n2="%E8%83%83%E3%81%A8%E8%85%B8" n3="%E5%8B%87%E4%BA%BA" dan="16,16,18,17" rate="2042.37,2140.73,2237.49,2124.44" sx="F,M,M,M"/><TAIKYOKU oya="0"/><INIT seed="0,0,0,4,3,17" ten="250,250,250,250" oya="0" hai0="80,33,61,84,20,52,34,75,117,28,78,66,130" hai1="13,76,30,123,126,91,77,6,49,37,22,55,27" hai2="97,18,60,81,104,4,8,59,25,12,23,5,24" hai3="119,21,102,85,96,95,83,53,10,57,42,103,106"/><T44/><D117/><U68/><E123/><V9/><F81/><W120/><G119/><T47/><D130/><U43/><E68/><V67/><F104/><W14/><G120/><T89/><D34/><U125/><E43/><V36/><F36/><W98/><G42/><T101/><D33/><U92/><E37/><V15/><REACH who="2" step="1"/><F97/><REACH who="2" ten="250,250,240,250" step="2"/><W105/><G105/><T121/><D121/><U54/><E125/><V127/><F127/><W124/><G124/><T131/><D131/><U1/><E126/><V112/><F112/><W48/><G83/><T19/><D28/><U38/><E38/><V3/><AGARI ba="0,1" hai="3,4,5,8,9,12,15,18,23,24,25,59,60,67" machi="3" ten="20,5200,0" yaku="1,1,0,1,7,1,52,1,53,0" doraHai="17" doraHaiUra="109" who="2" fromWho="2" sc="250,-26,250,-13,240,62,250,-13" /><INIT seed="1,0,0,1,4,56" ten="224,237,302,237" oya="1" hai0="135,133,72,128,103,93,89,96,101,43,31,41,120" hai1="81,33,75,134,94,25,0,126,69,55,4,97,44" hai2="50,29,86,53,20,117,79,98,113,64,124,130,108" hai3="6,111,62,78,19,12,129,127,77,70,58,87,122"/><U63/><E134/><N who="0" m="51209" /><D31/><U1/><E126/><V30/><F117/><W47/><G122/><T92/><D72/><U23/><E33/><V104/><F124/><W49/><G70/><T39/><D39/><U100/><E4/><V105/><F108/><W84/><G127/><T17/><D120/><U59/><E69/><V3/><F64/><N who="3" m="38999" /><G6/><T9/><D128/><U51/><E81/><V116/><F116/><W22/><G111/><T114/><D114/><U10/><E10/><V73/><F130/><W83/><G129/><T21/><D9/><U119/><E75/><V112/><F73/><W40/><G87/><N who="0" m="52287" /><D101/><U24/><E119/><V60/><F112/><W48/><G48/><T66/><D66/><U18/><REACH who="1" step="1"/><E25/><AGARI ba="0,0" hai="17,21,25,41,43,93,96,103" m="52287,51209" machi="25" ten="30,1000,0" yaku="20,1" doraHai="56" who="0" fromWho="1" sc="224,10,237,-10,302,0,237,0" /><INIT seed="2,0,0,0,1,8" ten="234,227,302,237" oya="2" hai0="134,4,30,119,87,116,0,112,80,51,33,53,49" hai1="20,115,32,111,23,34,132,52,1,101,2,83,45" hai2="57,63,91,68,44,29,97,39,14,92,85,129,108" hai3="15,42,103,96,86,46,31,131,74,41,128,98,58"/><V78/><F129/><N who="3" m="49739" /><G74/><T17/><D112/><U60/><E101/><V65/><F108/><W61/><G31/><T24/><D134/><U6/><E115/><V55/><F29/><W102/><G86/><T62/><D4/><U47/><E60/><V117/><F117/><N who="0" m="45130" /><D0/><U64/><E64/><V67/><F78/><W133/><G133/><T118/><N who="0" m="45138" /><T106/><DORA hai="37" /><D106/><U89/><E6/><V104/><F68/><W124/><G46/><T69/><D17/><U125/><E132/><V36/><F36/><W79/><G79/><T70/><D62/><U105/><E105/><V40/><REACH who="2" step="1"/><F14/><REACH who="2" ten="234,227,292,237" step="2"/><W56/><G15/><T16/><D70/><U11/><E1/><V48/><F48/><W73/><G73/><T59/><D69/><U76/><E2/><V28/><F28/><W54/><G124/><T75/><D75/><U13/><E125/><V82/><F82/><W88/><G61/><T66/><D49/><U10/><E83/><V71/><F71/><W127/><G127/><T43/><D66/><U25/><E13/><V130/><F130/><W99/><G103/><AGARI ba="0,1" hai="39,40,44,55,57,63,65,67,85,91,92,97,103,104" machi="103" ten="40,3900,0" yaku="1,1,52,1,53,0" doraHai="8,37" doraHaiUra="114,110" who="2" fromWho="3" sc="234,0,227,0,292,49,237,-39" /><INIT seed="2,1,0,2,5,135" ten="234,227,341,198" oya="2" hai0="92,70,52,75,14,98,37,23,24,63,132,48,104" hai1="16,89,3,99,11,116,88,53,74,47,128,113,19" hai2="131,58,124,71,55,21,126,103,127,4,49,45,78" hai3="41,36,57,6,29,123,118,66,94,68,79,44,96"/><V15/><F131/><W134/><G118/><T18/><D132/><U72/><E116/><V30/><F71/><W106/><G134/><T86/><D75/><U12/><E113/><V97/><F78/><W65/><G123/><T27/><D37/><U2/><E128/><V54/><F4/><W39/><G39/><T67/><D104/><U110/><E110/><V28/><F15/><W122/><G122/><T56/><REACH who="0" step="1"/><D86/><REACH who="0" ten="224,227,341,198" step="2"/><U120/><E120/><V82/><F82/><W69/><G106/><T25/><D25/><U91/><E74/><V81/><F81/><W114/><G114/><T125/><D125/><U100/><E72/><V64/><F64/><W32/><G66/><T33/><D33/><U130/><E130/><V31/><F21/><W95/><G65/><T84/><D84/><U42/><E53/><N who="2" m="32047" /><F45/><W121/><G44/><T83/><D83/><U107/><REACH who="1" step="1"/><E19/><REACH who="1" ten="224,217,341,198" step="2"/><V59/><F59/><W50/><G57/><T101/><AGARI ba="1,2" hai="14,18,23,24,27,48,52,56,63,67,70,92,98,101" machi="101" ten="20,5200,0" yaku="1,1,0,1,7,1,54,1,53,0" doraHai="135" doraHaiUra="109" who="0" fromWho="0" sc="224,75,217,-14,341,-27,198,-14" /><INIT seed="3,0,0,1,3,97" ten="299,203,314,184" oya="3" hai0="112,92,58,53,23,24,115,70,127,0,113,101,41" hai1="33,72,103,32,29,130,28,44,57,79,21,114,119" hai2="52,131,71,116,66,117,73,3,62,110,80,18,47" hai3="27,40,31,102,65,108,120,91,46,8,74,60,26"/><W34/><G120/><T10/><D70/><U56/><E114/><V1/><F110/><W132/><G132/><T36/><D127/><U16/><E130/><V118/><F131/><W68/><G108/><T126/><D126/><U82/><E44/><V128/><F128/><W95/><G74/><T135/><D135/><U55/><E119/><V125/><F125/><W5/><G27/><T100/><D41/><U111/><E111/><V13/><F80/><W61/><G61/><N who="0" m="36047" /><D92/><U64/><E64/><V106/><F73/><W6/><G8/><T98/><D98/><U76/><E76/><V25/><F25/><W86/><REACH who="3" step="1"/><G102/><REACH who="3" ten="299,203,314,174" step="2"/><T69/><D69/><U107/><E103/><V67/><F71/><W50/><AGARI ba="0,1" hai="5,6,26,31,34,40,46,50,60,65,68,86,91,95" machi="50" ten="20,12000,1" yaku="1,1,2,1,0,1,7,1,53,1" doraHai="97" doraHaiUra="88" who="3" fromWho="3" sc="299,-40,203,-40,314,-40,174,130" /><INIT seed="3,1,0,4,4,4" ten="259,163,274,304" oya="3" hai0="90,51,54,112,132,61,103,41,105,64,11,80,89" hai1="25,43,13,115,99,94,37,47,68,26,121,97,5" hai2="69,102,101,128,34,57,22,46,113,107,3,55,39" hai3="52,33,93,27,65,62,16,100,109,123,130,21,95"/><W75/><G123/><T2/><D132/><U110/><E110/><V79/><BYE who="1" /><F113/><W124/><G109/><T119/><D119/><U86/><E86/><V116/><F116/><W72/><G124/><T125/><D125/><U81/><E81/><V45/><F128/><W84/><G130/><T126/><D126/><U50/><E50/><V134/><F34/><UN n1="%E8%A1%9B%E8%97%A4%E7%BE%8E%E5%BD%A9" /><W122/><G122/><T30/><D41/><U1/><E68/><V19/><F134/><W56/><G33/><T10/><D2/><U98/><E1/><V106/><F69/><W63/><G100/><T91/><D30/><U48/><E121/><V42/><F45/><W58/><REACH who="3" step="1"/><G84/><REACH who="3" ten="259,163,274,294" step="2"/><T73/><D103/><U8/><E115/><V108/><F101/><W14/><G14/><T18/><D112/><U29/><E37/><V78/><F108/><W15/><G15/><T74/><D74/><AGARI ba="1,1" hai="16,21,27,52,56,58,62,63,65,72,74,75,93,95" machi="74" ten="40,7700,0" yaku="1,1,54,2,53,0" doraHai="4" doraHaiUra="44" who="3" fromWho="0" sc="259,-80,163,0,274,0,294,90" /><INIT seed="3,2,0,3,0,11" ten="179,163,274,384" oya="3" hai0="36,27,34,45,100,41,30,78,44,23,126,127,55" hai1="17,120,73,51,6,64,38,32,123,15,112,71,113" hai2="9,125,98,60,21,57,86,130,50,89,121,107,4" hai3="85,77,1,26,18,134,13,82,96,74,88,5,80"/><W99/><G134/><T39/><D78/><U103/><E38/><V28/><F125/><W108/><G108/><T3/><D3/><U115/><E73/><V91/><F130/><W10/><REACH who="3" step="1"/><G26/><REACH who="3" ten="179,163,274,374" step="2"/><T131/><D127/><U95/><E120/><V128/><F121/><W101/><G101/><T40/><D126/><U37/><E123/><V7/><F128/><W117/><G117/><T35/><D131/><U118/><E118/><V66/><F107/><W2/><G2/><T97/><REACH who="0" step="1"/><D55/><REACH who="0" ten="169,163,274,374" step="2"/><U29/><E112/><V132/><F132/><W124/><G124/><T135/><D135/><U49/><E113/><V93/><F4/><W65/><G65/><T33/><D33/><U16/><E32/><V87/><F7/><W58/><G58/><T14/><D14/><U76/><E15/><V129/><F129/><W83/><G83/><T111/><D111/><U84/><E64/><V53/><F66/><W59/><G59/><T20/><D20/><AGARI ba="2,2" hai="1,5,10,13,18,20,74,77,80,82,85,88,96,99" machi="20" ten="30,12000,1" yaku="1,1,7,1,52,1,54,1,53,1" doraHai="11" doraHaiUra="106" who="3" fromWho="0" sc="169,-126,163,0,274,0,374,146" /><INIT seed="3,3,0,5,0,129" ten="43,163,274,520" oya="3" hai0="113,31,131,15,34,7,22,33,59,124,71,52,12" hai1="8,64,70,4,79,110,86,60,56,77,13,118,62" hai2="5,115,23,57,37,41,27,66,65,35,45,74,48" hai3="87,36,24,114,40,119,11,132,90,30,16,112,73"/><W81/><G119/><T6/><D71/><U89/><E118/><V3/><F115/><W94/><G132/><T101/><D131/><U18/><E110/><V98/><F35/><W14/><G36/><T58/><D113/><U99/><E99/><V109/><F74/><W122/><G122/><T1/><D124/><U67/><REACH who="1" step="1"/><E4/><REACH who="1" ten="43,153,274,520" step="2"/><V80/><F5/><W120/><G120/><T125/><D7/><U39/><E39/><V104/><F98/><W9/><G114/><T107/><D6/><U128/><E128/><V63/><F37/><W69/><G112/><T54/><D125/><U72/><E72/><V55/><F109/><W127/><G127/><T68/><D68/><U47/><E47/><V93/><F45/><W96/><G69/><T83/><D59/><U133/><E133/><V51/><F57/><W17/><G73/><T75/><D58/><U116/><E116/><V126/><F126/><W84/><G40/><T95/><D75/><U42/><E42/><V53/><F41/><W2/><G2/><T50/><D1/><U46/><E46/><V0/><F0/><W111/><G111/><T117/><D117/><U28/><E28/><V91/><F3/><W92/><G30/><T105/><D31/><U44/><E44/><V76/><F65/><W106/><G96/><T121/><D121/><U19/><E19/><V32/><F66/><W108/><G108/><T102/><D54/><U100/><E100/><V97/><F53/><W78/><G17/><T134/><D101/><U130/><E130/><V29/><F29/><W103/><G103/><T43/><D102/><RYUUKYOKU ba="3,1" sc="43,-10,153,30,274,-10,520,-10" hai1="8,13,18,56,60,62,64,67,70,77,79,86,89" /><INIT seed="4,4,1,5,3,81" ten="33,183,264,510" oya="0" hai0="68,101,119,108,38,21,46,33,40,55,17,96,27" hai1="43,100,103,60,79,36,104,91,83,106,57,44,0" hai2="116,94,23,133,6,39,32,64,114,85,53,82,74" hai3="16,70,90,67,10,14,62,8,25,109,45,20,84"/><T24/><D119/><U15/><E0/><V80/><F32/><W11/><G45/><T125/><D125/><U61/><E91/><V75/><F39/><W112/><G112/><T30/><D108/><U99/><E15/><V41/><F41/><W115/><G115/><T126/><D126/><U93/><E100/><V117/><F114/><W4/><G109/><T111/><D111/><U3/><E3/><V7/><F64/><W31/><G4/><T124/><D124/><U129/><E60/><V26/><F53/><W107/><G107/><T86/><D55/><U102/><E102/><V95/><F23/><W89/><G89/><T47/><D47/><U122/><E129/><V69/><F26/><W121/><G121/><T48/><D68/><U130/><E130/><V51/><F51/><W34/><G34/><T49/><REACH who="0" step="1"/><D86/><REACH who="0" ten="23,183,264,510" step="2"/><U132/><E122/><V73/><F69/><W88/><G84/><T120/><D120/><U5/><E132/><V58/><F85/><W1/><G1/><T110/><D110/><U118/><E118/><V97/><F133/><W123/><G123/><T131/><D131/><U87/><E5/><V18/><F6/><W63/><G63/><T50/><D50/><U113/><E113/><V35/><F7/><W37/><G37/><T78/><D78/><U52/><AGARI ba="4,2" hai="36,43,44,52,57,61,79,83,87,93,99,103,104,106" machi="52" ten="20,5200,0" yaku="0,1,7,1,52,1,54,1" doraHai="81" who="1" fromWho="1" sc="23,-30,183,84,264,-17,510,-17" owari="-7,-51.0,267,7.0,247,-15.0,493,59.0" /></mjloggm>