<mjloggm ver="2.3"><GO type="169" lobby="0"/><UN n0="%E5%AE%89%E6%96%8E" n1="%72%52%66%44%79%55%66" n2="%E8%8C%B6%E8%89%B2%E3%81%AE%E3%82%A2%E3%83%AC" n3="%E3%81%B5%E3%81%81%E3%82%93%E3%81%A7%E3%82%8B%E3%81%95%E3%83%BC%E3%82%8B" dan="17,16,17,16" rate="2223.71,2136.28,2196.48,2154.85" sx="F,M,M,M"/><TAIKYOKU oya="0"/><INIT seed="0,0,0,1,2,28" ten="250,250,250,250" oya="0" hai0="71,12,101,40,85,106,66,54,102,127,73,114,131" hai1="10,100,120,118,63,45,39,3,21,26,107,43,79" hai2="14,124,78,105,1,22,31,84,72,121,55,69,128" hai3="59,82,20,50,37,99,87,92,30,41,110,80,44"/><T38/><D73/><U24/><E118/><V75/><F121/><W58/><G37/><T96/><D114/><U51/><E120/><V4/><F105/><W17/><G30/><T56/><D131/><U11/><E79/><V97/><F69/><W33/><G33/><T89/><D127/><U5/><E11/><V62/><F97/><W115/><G110/><T117/><D101/><U116/><E116/><V65/><F65/><W2/><G2/><T94/><D117/><U6/><E6/><V36/><F36/><W123/><G115/><T76/><D76/><U119/><E119/><V103/><F55/><W16/><G17/><T133/><D133/><U111/><E111/><V32/><F62/><W125/><G125/><T134/><D134/><U95/><E107/><V18/><F103/><N who="3" m="60903" /><G123/><T19/><D66/><U129/><E129/><V113/><F124/><W135/><G135/><T91/><D71/><U86/><E63/><V0/><F0/><W122/><G82/><T23/><D91/><U88/><E100/><V25/><F113/><W74/><G74/><T60/><REACH who="0" step="1"/><D38/><REACH who="0" ten="240,250,250,250" step="2"/><U81/><E39/><V53/><F128/><W83/><G122/><T77/><D77/><U93/><REACH who="1" step="1"/><E26/><REACH who="1" ten="240,240,250,250" step="2"/><V42/><F75/><W108/><G108/><T130/><D130/><U34/><E34/><V13/><F72/><W57/><G87/><T7/><D7/><U35/><E35/><V27/><F84/><W64/><G64/><T90/><D90/><U46/><E46/><V70/><F32/><W126/><G126/><T132/><D132/><U29/><AGARI ba="0,2" hai="3,5,10,21,24,29,43,45,51,81,86,88,93,95" machi="29" ten="20,5200,0" yaku="1,1,0,1,7,1,54,1,53,0" doraHai="28" doraHaiUra="49" who="1" fromWho="1" sc="240,-26,240,72,250,-13,250,-13" /><INIT seed="1,0,0,3,4,67" ten="214,312,237,237" oya="1" hai0="91,59,33,50,83,77,93,113,43,52,25,70,111" hai1="81,72,54,61,99,96,1,40,36,35,27,69,132" hai2="118,64,17,44,134,101,107,105,87,24,126,76,26" hai3="80,130,0,78,112,98,28,82,104,7,85,66,116"/><U65/><E132/><V128/><F118/><W97/><G112/><T41/><D113/><U124/><E124/><V4/><F134/><W48/><G116/><T94/><D111/><U68/><E1/><V37/><F126/><W56/><G104/><T62/><D33/><U103/><E54/><V3/><F87/><W63/><G130/><T9/><D25/><U38/><E99/><V45/><F17/><W115/><G28/><T11/><D93/><U123/><E123/><V125/><F125/><W92/><G115/><T46/><D41/><U53/><E53/><V10/><F45/><W6/><G0/><T108/><D70/><U89/><E89/><V22/><F22/><W19/><G48/><T114/><D108/><U79/><E40/><V58/><F101/><W122/><G122/><T109/><D109/><U49/><E69/><V110/><F128/><W106/><G106/><T90/><D90/><U84/><E84/><V86/><F105/><W34/><G34/><T30/><D30/><N who="1" m="19935" /><E49/><V102/><F86/><N who="3" m="48407" /><G19/><T23/><D114/><U47/><E47/><V14/><F3/><W5/><G92/><T88/><D91/><AGARI ba="0,0" hai="5,6,7,56,63,66,82,85,91,97,98" m="48407" machi="91" ten="30,1000,0" yaku="8,1" doraHai="67" who="3" fromWho="0" sc="214,-10,312,0,237,0,237,10" /><INIT seed="2,0,0,5,0,69" ten="204,312,237,247" oya="2" hai0="46,92,119,76,107,45,29,10,68,125,67,66,80" hai1="86,83,22,52,110,101,132,9,60,43,11,18,49" hai2="84,19,88,73,111,93,108,59,104,85,121,28,105" hai3="90,21,24,41,96,54,30,0,23,65,33,123,120"/><V91/><F28/><W42/><G0/><T47/><D107/><N who="2" m="41034" /><F59/><W17/><G65/><T40/><D125/><U34/><E110/><N who="2" m="42027" /><F19/><W3/><G3/><T135/><D135/><U75/><E75/><V35/><F35/><W87/><G33/><T20/><D119/><U131/><E131/><V25/><F25/><N who="3" m="16687" /><G96/><T116/><D116/><U98/><E43/><V122/><F73/><W13/><G123/><T81/><D40/><N who="3" m="15465" /><G120/><T115/><D68/><U130/><E34/><V8/><F8/><W106/><G106/><T133/><D10/><U78/><E132/><V56/><F56/><W36/><G36/><T27/><D133/><U99/><E9/><V124/><F124/><W7/><G54/><T39/><D39/><U12/><E11/><V53/><F53/><W5/><G24/><T51/><D67/><U103/><E52/><V77/><F77/><W74/><G74/><T2/><D66/><U38/><E78/><V95/><AGARI ba="0,0" hai="84,85,88,91,93,95,121,122" m="42027,41034" machi="95" ten="30,12000,1" yaku="14,1,10,1,34,2,54,1" doraHai="69" who="2" fromWho="2" sc="204,-40,312,-40,237,120,247,-40" /><INIT seed="2,1,0,4,3,117" ten="164,272,357,207" oya="2" hai0="67,18,82,81,39,93,125,102,85,54,134,50,55" hai1="118,45,33,26,68,97,70,46,77,107,79,30,100" hai2="103,2,57,38,44,62,12,124,51,126,115,13,106" hai3="87,37,135,24,129,58,119,29,36,88,0,104,25"/><V56/><F2/><W14/><G119/><T122/><D39/><U105/><E118/><V63/><F38/><W98/><G0/><T15/><D125/><N who="2" m="48234" /><F103/><W73/><G73/><T114/><D114/><U16/><E107/><V53/><F106/><W1/><G1/><T32/><D32/><U43/><E46/><V59/><F115/><W7/><G135/><T61/><D134/><U11/><E70/><V4/><F4/><W91/><G25/><T108/><D108/><U35/><E68/><V75/><F75/><W72/><G72/><T90/><D122/><U10/><E35/><V17/><F13/><W80/><G129/><T101/><D101/><U116/><E116/><V27/><F27/><W47/><G47/><T6/><D6/><U109/><E109/><V96/><F96/><W31/><G31/><T128/><D128/><U132/><E132/><V9/><AGARI ba="1,0" hai="9,12,17,44,51,53,56,57,59,62,63" m="48234" machi="9" ten="30,1500,0" yaku="18,1" doraHai="117" who="2" fromWho="2" sc="164,-6,272,-6,357,18,207,-6" /><INIT seed="2,2,0,3,4,129" ten="158,266,375,201" oya="2" hai0="77,74,7,131,92,43,76,21,116,105,35,29,65" hai1="128,15,75,34,93,111,32,96,133,79,8,30,114" hai2="3,1,99,72,10,130,121,14,70,86,25,26,39" hai3="60,87,90,59,89,45,40,132,91,71,85,20,113"/><V33/><F121/><W37/><G113/><T55/><D105/><U41/><E111/><V61/><F72/><W42/><G42/><T9/><D131/><U47/><E128/><V6/><F39/><W58/><G71/><T126/><D126/><U117/><E114/><V68/><F86/><W16/><G132/><T28/><D116/><U46/><E133/><V11/><F99/><W52/><REACH who="3" step="1"/><G59/><REACH who="3" ten="158,266,375,191" step="2"/><T82/><D43/><U49/><E117/><V115/><F115/><W94/><G94/><T135/><D135/><U62/><E47/><V53/><F68/><W27/><AGARI ba="2,1" hai="16,20,27,37,40,45,52,58,60,85,87,89,90,91" machi="27" ten="30,7900,0" yaku="1,1,0,1,54,2,53,0" doraHai="129" doraHaiUra="66" who="3" fromWho="3" sc="158,-22,266,-22,375,-41,191,95" /><INIT seed="3,0,0,2,2,51" ten="136,244,334,286" oya="3" hai0="38,0,107,80,134,1,77,131,18,66,110,13,79" hai1="20,87,117,92,58,100,59,115,9,88,39,42,121" hai2="67,119,108,109,128,10,32,45,105,127,34,123,91" hai3="55,12,133,129,11,73,41,132,17,37,2,5,114"/><W22/><G114/><T83/><D110/><N who="2" m="42602" /><F105/><W65/><G129/><T112/><D134/><U60/><E115/><V124/><F119/><W122/><G122/><T14/><D112/><U53/><E121/><V101/><F101/><W71/><G73/><T86/><D131/><U35/><E117/><V75/><F75/><W8/><G37/><T48/><D38/><U81/><E35/><V43/><F67/><W70/><G41/><T6/><D107/><U47/><E9/><V74/><F74/><W113/><G113/><T49/><D66/><U16/><E59/><V28/><F91/><W15/><G65/><T61/><D61/><U64/><E64/><V24/><F128/><W102/><G102/><T89/><D89/><U31/><E31/><V46/><F46/><W85/><G85/><T27/><D27/><U23/><REACH who="1" step="1"/><E16/><REACH who="1" ten="136,234,334,286" step="2"/><V68/><F10/><W94/><G133/><T36/><D18/><U135/><E135/><V33/><F123/><W82/><G132/><T25/><D25/><U63/><E63/><V3/><F28/><W96/><G17/><T19/><D19/><U84/><E84/><V44/><F24/><W106/><G11/><T62/><D62/><U4/><E4/><V116/><F116/><W7/><G8/><T99/><D86/><U26/><E26/><V54/><F33/><W104/><G7/><T90/><D6/><U72/><E72/><V57/><F34/><W97/><G5/><T69/><D0/><U52/><E52/><V56/><F32/><W93/><G2/><T78/><D1/><U50/><E50/><V118/><F3/><RYUUKYOKU ba="0,1" sc="136,-10,234,30,334,-10,286,-10" hai1="20,23,39,42,47,53,58,60,81,87,88,92,100" /><INIT seed="4,1,1,1,0,10" ten="126,264,324,276" oya="0" hai0="89,135,103,8,91,80,128,110,132,20,66,11,83" hai1="46,90,58,121,55,37,93,30,16,117,123,99,32" hai2="101,108,0,129,94,127,100,40,25,17,133,97,102" hai3="71,98,28,65,116,31,131,134,74,42,125,67,18"/><T76/><D128/><U69/><E117/><V24/><F108/><W53/><G116/><T15/><D110/><U13/><E69/><V54/><F0/><W33/><G33/><T79/><D103/><U1/><E1/><V38/><F127/><W62/><G125/><T26/><D66/><U23/><E30/><V50/><F133/><N who="0" m="51274" /><D80/><U124/><E32/><V92/><F38/><W29/><G67/><T57/><D57/><U109/><E109/><V44/><F129/><W63/><G131/><T5/><D8/><U78/><E78/><N who="0" m="29737" /><D83/><U27/><E27/><V51/><F25/><W85/><G65/><T126/><D126/><U12/><E12/><V130/><F94/><W81/><G81/><T114/><D114/><U21/><E21/><N who="2" m="13359" /><F130/><W2/><G71/><T48/><D48/><U119/><E119/><V49/><F49/><W87/><G134/><T88/><D89/><U19/><E19/><AGARI ba="1,1" hai="5,11,15,19,20,26,88,91" m="29737,51274" machi="19" ten="30,5800,0" yaku="20,1,52,1,54,1" doraHai="10" who="0" fromWho="1" sc="126,71,264,-61,324,0,276,0" /><INIT seed="4,2,0,5,5,85" ten="197,203,324,276" oya="0" hai0="38,44,132,11,26,9,60,105,97,80,78,39,20" hai1="75,7,21,48,81,50,128,2,70,29,106,42,94" hai2="27,73,124,15,47,120,16,76,69,88,58,130,31" hai3="77,117,121,134,101,112,62,86,57,96,91,104,37"/><T109/><D132/><U126/><E106/><V34/><F69/><W83/><G117/><T28/><D109/><U79/><E70/><V64/><F120/><W36/><G112/><T53/><D105/><U61/><E126/><V102/><F102/><W0/><G0/><T107/><D107/><U82/><E128/><V59/><F124/><W122/><G134/><T67/><D97/><U116/><E116/><V54/><F76/><W113/><G113/><T84/><D53/><U118/><E118/><V40/><F73/><W99/><G99/><T127/><D127/><U41/><E82/><V30/><F30/><W87/><G122/><T98/><D98/><U49/><E61/><V23/><F64/><W133/><G133/><T12/><D44/><U46/><E94/><V119/><F54/><W4/><G4/><T72/><D72/><U129/><E129/><V6/><F6/><W103/><G103/><T17/><REACH who="0" step="1"/><D9/><REACH who="0" ten="187,203,324,276" step="2"/><U95/><E46/><V110/><F110/><W5/><G121/><T14/><D14/><U45/><E45/><V131/><F119/><W68/><G104/><T108/><D108/><U135/><E135/><V10/><F10/><W93/><G96/><T89/><D89/><U13/><E13/><V115/><F130/><W22/><G91/><T33/><D33/><U52/><E52/><V19/><F131/><W32/><G32/><T24/><D24/><N who="1" m="16527" /><E42/><V92/><F115/><W63/><G101/><T8/><D8/><N who="1" m="2167" /><E41/><V25/><F40/><W74/><G74/><T114/><D114/><U100/><E100/><V43/><F43/><W123/><G123/><RYUUKYOKU ba="2,1" sc="187,15,203,15,324,-15,276,-15" hai0="11,12,17,20,26,28,38,39,60,67,78,80,84" hai1="48,49,50,75,79,81,95" /><INIT seed="4,3,1,5,3,25" ten="202,218,309,261" oya="0" hai0="75,113,89,132,126,56,31,18,97,10,65,114,108" hai1="15,106,62,112,122,103,54,94,105,76,79,72,130" hai2="111,129,29,127,13,34,19,78,24,134,110,70,47" hai3="53,107,11,51,115,101,8,43,7,3,48,120,63"/><T49/><D126/><U58/><E122/><V4/><F127/><W57/><G115/><N who="0" m="44043" /><D132/><U133/><E112/><V117/><F134/><W125/><G125/><T95/><D108/><U80/><E133/><V88/><F78/><W82/><G43/><T46/><D75/><U104/><E130/><V38/><F70/><W121/><G11/><T0/><D31/><U90/><E79/><V92/><F117/><W131/><G131/><T1/><D18/><U59/><E15/><V39/><F129/><W20/><G82/><T116/><D116/><U119/><E119/><V67/><F67/><W45/><G107/><T93/><D10/><U16/><E16/><V50/><F4/><W14/><G101/><N who="0" m="60591" /><D56/><U6/><E6/><V135/><F135/><W102/><G102/><T81/><D65/><U100/><REACH who="1" step="1"/><E59/><REACH who="1" ten="202,208,309,261" step="2"/><V41/><F111/><W99/><G57/><T37/><D0/><U55/><E55/><V98/><F110/><W26/><G53/><T40/><D1/><U12/><E12/><V36/><F36/><W61/><G3/><T91/><D37/><U68/><E68/><V22/><AGARI ba="3,2" hai="13,19,22,24,29,34,38,39,41,47,50,88,92,98" machi="22" ten="20,5200,0" yaku="0,1,7,1,52,1,54,1" doraHai="25" who="2" fromWho="2" sc="202,-29,208,-16,309,81,261,-16" /><INIT seed="5,0,0,5,2,47" ten="173,192,390,245" oya="1" hai0="120,8,86,6,135,87,115,38,34,76,98,56,40" hai1="110,129,23,25,2,42,52,44,73,17,63,55,121" hai2="117,28,0,80,95,35,90,113,72,107,36,71,4" hai3="75,91,43,24,39,10,32,30,101,54,67,37,66"/><U27/><E121/><V18/><F107/><W109/><G109/><T59/><D120/><U57/><E110/><V65/><F36/><W105/><G75/><T22/><D34/><U50/><E129/><V1/><F117/><W29/><G29/><T77/><D115/><U69/><E73/><V46/><F18/><W130/><G105/><T31/><D135/><U74/><E74/><V78/><F113/><W88/><G101/><T16/><D31/><U48/><E2/><V68/><F65/><W12/><G39/><T122/><D122/><U51/><E69/><V53/><F28/><W123/><G130/><T106/><D38/><U83/><E83/><V92/><F92/><W3/><G3/><T58/><D40/><U104/><E104/><V85/><F35/><W81/><G54/><N who="1" m="20522" /><E27/><V5/><F1/><W93/><G81/><T26/><D106/><U15/><E25/><V134/><F134/><W7/><G91/><T114/><D114/><U124/><E124/><V108/><F108/><W33/><G33/><T131/><D131/><U116/><E116/><V111/><F0/><W11/><G123/><T45/><D45/><U82/><E82/><V60/><F80/><W112/><G112/><T125/><D125/><U70/><E70/><V97/><F72/><W133/><G133/><T126/><D126/><U89/><E89/><V103/><F46/><N who="3" m="23919" /><G11/><T41/><D41/><U9/><E9/><V19/><F90/><W119/><G119/><T100/><D77/><U118/><E118/><V99/><F78/><W132/><G132/><T21/><D76/><U14/><E14/><RYUUKYOKU ba="0,0" sc="173,-15,192,15,390,-15,245,15" hai1="15,17,23,42,44,48,50,51,57,63" hai3="7,10,12,24,30,32,66,67,88,93" /><INIT seed="5,1,0,0,3,7" ten="158,207,375,260" oya="1" hai0="82,109,97,128,96,1,24,74,12,119,58,53,48" hai1="36,85,29,87,62,19,51,0,23,46,116,84,64" hai2="30,102,91,11,41,124,83,108,107,21,13,93,60" hai3="4,56,133,5,99,8,26,42,6,69,28,78,50"/><U112/><E112/><V54/><F108/><W3/><G69/><T20/><D109/><U44/><E116/><V118/><F118/><W79/><G133/><T129/><D1/><U77/><E0/><V47/><F124/><W92/><G5/><T75/><D119/><U32/><E36/><V39/><F83/><W34/><G6/><T135/><D135/><U49/><E77/><V37/><F107/><W110/><G110/><T105/><D12/><U123/><E123/><V31/><F102/><W98/><G98/><N who="0" m="37995" /><D82/><U2/><E2/><V67/><F54/><W71/><G71/><T22/><D105/><U70/><E29/><V104/><F104/><W63/><G50/><T15/><D15/><U68/><E32/><V127/><F37/><W73/><G42/><T100/><D100/><U81/><E81/><V57/><F21/><N who="0" m="8298" /><D24/><U122/><E122/><V126/><F126/><W89/><REACH who="3" step="1"/><G73/><REACH who="3" ten="158,207,375,250" step="2"/><T90/><D90/><U106/><E70/><V40/><F40/><W111/><G111/><T45/><D45/><U9/><E46/><V76/><F127/><W55/><AGARI ba="1,1" hai="3,4,8,26,28,34,55,56,63,78,79,89,92,99" machi="55" ten="20,8000,1" yaku="1,1,0,1,7,1,52,1,53,1" doraHai="7" doraHaiUra="52" who="3" fromWho="3" sc="158,-21,207,-41,375,-21,250,93" /><INIT seed="6,0,0,3,2,129" ten="137,166,354,343" oya="2" hai0="57,48,1,123,87,79,18,4,85,11,78,0,14" hai1="43,19,88,31,15,76,130,94,49,41,133,68,73" hai2="24,74,26,9,82,35,63,13,44,58,2,29,119" hai3="33,107,66,105,69,131,17,71,12,55,127,30,42"/><V23/><F119/><W77/><G42/><T37/><D123/><U93/><E130/><V101/><F2/><W117/><G117/><T134/><D37/><U116/><E116/><V89/><F44/><W5/><G5/><T39/><D39/><U95/><E68/><V120/><F120/><W62/><G71/><T112/><D112/><U52/><E31/><V25/><F101/><W60/><G127/><T83/><D134/><U28/><E28/><V59/><F59/><W3/><G3/><T54/><REACH who="0" step="1"/><D4/><REACH who="0" ten="127,166,354,343" step="2"/><U40/><E133/><V80/><F35/><W115/><G33/><T114/><D114/><U104/><E104/><V7/><F7/><W91/><G107/><T100/><D100/><U65/><E65/><V99/><F29/><W36/><G105/><T34/><D34/><U110/><E110/><V8/><F23/><W10/><G36/><T27/><D27/><U125/><E125/><V121/><F25/><W53/><G66/><T45/><D45/><U124/><E124/><V84/><F24/><W6/><G6/><T70/><D70/><U122/><E122/><V102/><F26/><W32/><G69/><T86/><D86/><U98/><E73/><V135/><F135/><W103/><G32/><T16/><D16/><U64/><E64/><N who="2" m="39031" /><F121/><W111/><G115/><T109/><D109/><U46/><REACH who="1" step="1"/><E76/><REACH who="1" ten="127,156,354,343" step="2"/><V113/><F113/><W108/><G77/><T72/><D72/><U118/><E118/><V92/><F74/><W90/><G111/><T61/><D61/><U75/><E75/><V81/><F8/><AGARI ba="0,2" hai="8,15,19,40,41,43,46,49,52,88,93,94,95,98" machi="8" ten="40,8000,1" yaku="1,1,8,1,54,2,53,0" doraHai="129" doraHaiUra="97" who="1" fromWho="2" sc="127,0,156,100,354,-80,343,0" /><INIT seed="7,0,0,0,5,119" ten="127,256,274,343" oya="3" hai0="71,9,103,107,96,134,8,35,32,6,106,118,85" hai1="131,17,28,100,74,121,16,110,36,95,113,25,115" hai2="89,13,112,66,19,72,15,5,18,76,114,73,91" hai3="98,128,20,79,124,57,33,22,38,97,52,132,27"/><W122/><G122/><T59/><D118/><U84/><E110/><V70/><F70/><W117/><G38/><T88/><D71/><U51/><E36/><V63/><F5/><W135/><G128/><T0/><D134/><N who="3" m="51241" /><G79/><T75/><D106/><U81/><E74/><V48/><F48/><W45/><G45/><T125/><D125/><U2/><E2/><V62/><F76/><W40/><G40/><T99/><D99/><N who="1" m="59519" /><E131/><V46/><F46/><W47/><G47/><T37/><D37/><U34/><E51/><V111/><REACH who="2" step="1"/><F66/><REACH who="2" ten="127,256,264,343" step="2"/><W109/><G117/><T129/><D129/><U58/><E58/><V90/><F90/><W126/><G126/><T29/><D75/><U102/><E102/><V12/><F12/><W39/><G124/><T54/><D29/><U104/><E104/><V101/><F101/><W7/><G7/><T26/><D26/><U49/><E49/><V31/><F31/><W92/><G39/><T87/><D87/><U50/><E50/><V65/><F65/><W3/><G27/><T24/><D24/><U77/><E121/><V78/><F78/><W120/><G120/><T30/><D30/><U105/><E105/><V133/><F133/><W55/><G3/><T86/><D86/><U83/><E83/><V44/><F44/><W67/><G67/><T10/><D32/><U43/><E43/><V11/><F11/><W82/><G33/><T14/><D35/><U41/><E41/><V21/><F21/><W64/><G20/><T42/><D42/><U108/><E108/><AGARI ba="0,1" hai="13,15,18,19,62,63,72,73,89,91,108,111,112,114" machi="108" ten="25,3200,0" yaku="1,1,22,2,53,0" doraHai="119" doraHaiUra="93" who="2" fromWho="1" sc="127,0,256,-32,264,42,343,0" owari="127,-37.0,224,-18.0,306,11.0,343,44.0" /></mjloggm>