<mjloggm ver="2.3"><GO type="169" lobby="0"/><UN n0="%74%61%6B%75%61%6B%61" n1="%6B%5F%6D%5F%62" n2="%72%52%66%44%79%55%66" n3="%E8%A5%BF%E5%B2%A1%E8%82%B2%E6%9C%AA%E2%99%AA" dan="16,16,16,16" rate="2117.68,2129.16,2134.49,2077.72" sx="M,M,M,F"/><TAIKYOKU oya="0"/><INIT seed="0,0,0,5,5,53" ten="250,250,250,250" oya="0" hai0="52,116,63,50,133,112,11,84,99,74,25,122,26" hai1="47,113,21,102,90,121,19,16,71,105,6,103,76" hai2="1,23,81,111,2,132,7,64,80,14,93,72,117" hai3="97,83,33,34,115,56,31,32,59,0,130,88,44"/><T69/><D122/><U87/><E113/><V36/><F111/><W123/><G115/><T28/><D74/><U9/><E121/><V35/><F35/><W62/><G123/><T67/><D112/><U118/><E118/><V124/><F117/><W89/><G0/><T126/><D116/><U12/><E105/><V48/><F36/><W38/><G31/><T128/><D128/><U96/><E71/><V82/><F72/><W22/><G22/><T5/><D126/><U29/><E29/><V114/><F114/><W100/><G130/><T94/><D84/><U42/><E96/><V60/><F132/><W39/><G83/><T107/><D107/><U10/><E10/><V106/><F106/><W68/><G68/><T61/><D61/><U13/><E19/><V55/><F124/><W15/><G15/><T85/><D85/><U120/><E120/><V51/><F93/><W108/><G108/><T54/><D133/><U125/><E125/><V49/><F55/><W78/><G78/><T43/><D43/><U79/><E79/><V77/><F77/><W92/><G44/><T8/><D8/><U134/><E134/><V119/><F119/><W70/><G70/><T86/><D86/><U18/><E18/><N who="2" m="10711" /><F7/><W46/><G46/><N who="0" m="27735" /><D54/><U66/><E66/><V30/><F30/><W95/><G62/><T101/><D28/><U91/><E76/><V41/><F41/><W57/><REACH who="3" step="1"/><G95/><REACH who="3" ten="250,250,250,240" step="2"/><T20/><D20/><U104/><E104/><V24/><F24/><W4/><G4/><T58/><D69/><U37/><E87/><V135/><F135/><W40/><G40/><RYUUKYOKU ba="0,1" sc="250,0,250,0,250,0,240,0" hai0="5,11,25,26,58,63,67,94,99,101" hai1="6,9,12,13,16,21,37,42,47,90,91,102,103" hai2="1,2,48,49,51,60,64,80,81,82" hai3="32,33,34,38,39,56,57,59,88,89,92,97,100" /><INIT seed="0,1,1,4,2,64" ten="250,250,250,240" oya="0" hai0="20,31,111,77,47,93,51,83,34,115,76,114,1" hai1="95,91,101,94,89,4,127,2,52,126,6,32,60" hai2="97,134,132,71,16,133,48,85,36,90,17,122,45" hai3="72,135,26,113,92,59,125,58,19,116,74,38,129"/><T57/><D34/><U23/><E32/><V109/><F109/><W43/><G38/><T50/><D1/><U44/><E101/><V39/><F122/><W37/><G37/><N who="2" m="14409" /><F97/><W8/><G43/><T106/><D106/><U80/><E80/><N who="2" m="49447" /><F71/><W53/><G92/><N who="1" m="35370" /><E23/><V46/><F46/><W105/><G105/><T25/><D111/><U21/><E2/><V87/><F87/><W107/><G107/><T121/><D121/><U9/><E9/><V5/><F5/><N who="1" m="2153" /><E21/><V102/><F102/><W22/><G8/><T0/><D0/><U131/><E131/><V75/><F75/><W18/><G22/><T98/><D57/><N who="1" m="34855" /><E44/><V24/><F24/><W49/><G26/><T120/><D120/><U96/><E96/><V68/><F68/><W108/><G72/><T69/><D69/><U28/><E28/><V29/><F29/><W30/><G30/><T128/><D128/><U78/><E78/><V79/><F79/><W12/><G74/><T27/><D27/><U41/><E41/><AGARI ba="1,1" hai="16,17,41,45,48,132,133,134" m="49447,14409" machi="41" ten="40,2600,0" yaku="20,1,54,1" doraHai="64" who="2" fromWho="1" sc="250,0,250,-29,250,39,240,0" /><INIT seed="1,0,0,2,3,8" ten="250,221,289,240" oya="1" hai0="56,118,63,44,5,106,29,2,36,120,67,6,112" hai1="131,70,72,34,126,75,38,31,114,80,7,90,86" hai2="87,111,66,88,117,49,93,104,15,125,123,127,32" hai3="133,100,91,64,97,134,82,83,101,17,45,89,10"/><U12/><E114/><V58/><F111/><W55/><G64/><T94/><D106/><U98/><E126/><N who="2" m="48139" /><F117/><W4/><G17/><T43/><D112/><U69/><E131/><V16/><F123/><W108/><G108/><T128/><D118/><U13/><E7/><V11/><F104/><W22/><G22/><T51/><D128/><U68/><E38/><V23/><F32/><W81/><G55/><T77/><D120/><U135/><E135/><N who="3" m="51722" /><G45/><T9/><D6/><U0/><E0/><V25/><F66/><W65/><G65/><T99/><D77/><U129/><E129/><V60/><F60/><W28/><G28/><T121/><D29/><U27/><REACH who="1" step="1"/><E98/><REACH who="1" ten="250,211,289,240" step="2"/><V85/><F85/><W107/><G100/><T73/><D121/><U57/><E57/><V92/><F58/><W78/><G78/><T61/><D73/><AGARI ba="0,1" hai="12,13,27,31,34,68,69,70,72,73,75,80,86,90" machi="73" ten="50,9600,0" yaku="1,1,52,2,53,0" doraHai="8" doraHaiUra="95" who="1" fromWho="0" sc="250,-96,211,106,289,0,240,0" /><INIT seed="1,1,0,3,0,118" ten="154,317,289,240" oya="1" hai0="42,63,16,27,104,0,95,20,47,40,77,99,3" hai1="54,110,130,33,67,13,87,56,53,12,114,80,64" hai2="24,135,86,129,9,81,6,29,19,88,100,68,82" hai3="119,71,120,5,123,113,127,28,78,50,117,92,83"/><U75/><E114/><V65/><F129/><W105/><G71/><T61/><D104/><U101/><E130/><V39/><F135/><W36/><G36/><T74/><D74/><U34/><E75/><V89/><F39/><W102/><G5/><T25/><D77/><U108/><E101/><V31/><F100/><W4/><G4/><T111/><D111/><N who="1" m="42539" /><E54/><V15/><F65/><N who="1" m="25161" /><E13/><V93/><F68/><W97/><G50/><T96/><D0/><U59/><E12/><V46/><F46/><W18/><G18/><T98/><D3/><U52/><E53/><V22/><REACH who="2" step="1"/><F82/><REACH who="2" ten="154,317,279,240" step="2"/><W43/><G113/><T23/><D95/><U103/><E59/><V116/><F116/><N who="3" m="44619" /><G43/><N who="0" m="16427" /><D47/><U60/><E103/><V44/><F44/><W2/><G105/><T21/><D16/><U14/><E14/><V26/><F26/><AGARI ba="1,1" hai="20,21,23,25,26,27,61,63,96,98,99" m="16427" machi="26" ten="40,5200,0" yaku="28,2,8,1" doraHai="118" who="0" fromWho="2" sc="154,65,317,0,279,-55,240,0" /><INIT seed="2,0,0,3,1,29" ten="219,317,224,240" oya="2" hai0="4,46,116,74,27,102,118,52,93,120,112,2,89" hai1="11,84,21,14,30,86,99,48,104,68,35,123,134" hai2="40,103,20,78,106,3,91,129,38,63,33,135,28" hai3="5,98,26,73,37,18,114,58,80,65,119,97,50"/><V100/><F3/><W54/><G37/><T7/><D120/><U1/><E134/><V121/><F121/><W41/><G119/><T15/><D2/><U75/><E123/><V77/><F135/><W130/><G130/><T81/><D112/><U42/><E75/><V47/><F129/><W25/><G114/><T128/><D128/><U95/><E104/><V0/><F0/><W8/><G41/><T69/><D69/><U110/><E110/><V44/><F44/><W23/><G65/><T45/><D27/><U67/><E68/><V109/><F109/><W34/><G73/><T59/><D102/><U10/><E67/><V51/><F51/><W111/><G111/><T57/><D74/><U72/><E72/><V90/><F20/><W115/><G80/><T64/><D81/><U16/><E35/><V132/><F132/><W31/><G115/><T49/><D59/><U17/><E30/><V6/><F6/><N who="0" m="2090" /><D15/><AGARI ba="0,0" hai="5,8,15,18,23,25,26,31,34,50,54,58,97,98" machi="15" ten="30,2000,0" yaku="7,1,52,1" doraHai="29" who="3" fromWho="0" sc="219,-20,317,0,224,0,240,20" /><INIT seed="3,0,0,5,5,85" ten="199,317,224,260" oya="3" hai0="25,61,39,131,11,133,10,107,110,87,17,106,130" hai1="28,124,127,100,121,108,71,66,105,101,7,82,1" hai2="43,4,74,3,65,12,94,64,59,49,119,86,45" hai3="36,9,8,38,102,42,70,23,14,93,114,40,77"/><W35/><G35/><T83/><D39/><U27/><E121/><V22/><F119/><W62/><G77/><T117/><D117/><U67/><E108/><V69/><F74/><W5/><G114/><T51/><D110/><U53/><E53/><V122/><F69/><W75/><G75/><T97/><D133/><U2/><E82/><V120/><F3/><N who="1" m="1033" /><E7/><V134/><F134/><W116/><G116/><T60/><D51/><U24/><E71/><V79/><F79/><W13/><G23/><T32/><D32/><U118/><E118/><V88/><F59/><W21/><G21/><T50/><D50/><U132/><E105/><V112/><F112/><W29/><G29/><T72/><D72/><U41/><E41/><V129/><F129/><W46/><G70/><T48/><D48/><U73/><E73/><V47/><F47/><W104/><G104/><T54/><D54/><U63/><E63/><V109/><F109/><W58/><G93/><T44/><D44/><U123/><E123/><N who="2" m="47147" /><F22/><W128/><G128/><T33/><D33/><U18/><E132/><V113/><F113/><W96/><G46/><T95/><D130/><U89/><E28/><V37/><F37/><W26/><G38/><T90/><D131/><U91/><E67/><V55/><F43/><W80/><G36/><T125/><D60/><U16/><E66/><V0/><F0/><W52/><G26/><T19/><D25/><U126/><E27/><V135/><F135/><W84/><G13/><T31/><D61/><U57/><E24/><V56/><F45/><W6/><G40/><T20/><D20/><RYUUKYOKU ba="0,0" sc="199,-10,317,-10,224,30,260,-10" hai2="4,12,49,55,56,64,65,86,88,94" /><INIT seed="4,1,0,0,5,25" ten="189,307,254,250" oya="0" hai0="11,123,80,115,12,125,45,37,24,83,90,95,1" hai1="77,127,17,103,56,114,36,101,5,70,38,51,46" hai2="81,41,120,117,133,110,109,97,18,40,71,79,119" hai3="33,31,116,87,106,27,107,7,43,2,78,15,54"/><T55/><D123/><U8/><E127/><V129/><F120/><W132/><G116/><N who="2" m="44617" /><F71/><W118/><G118/><T34/><D1/><U76/><E70/><V9/><F97/><W135/><G43/><N who="2" m="16457" /><F129/><W39/><G39/><T98/><D115/><U22/><E114/><V68/><F68/><W64/><G64/><T4/><D125/><U85/><E56/><V6/><F18/><W105/><G54/><T0/><D0/><U113/><E38/><V60/><F60/><W91/><G2/><T26/><D37/><U20/><E36/><V19/><F19/><W86/><G7/><T72/><D72/><U57/><E5/><V74/><F133/><N who="3" m="51275" /><G15/><AGARI ba="1,0" hai="6,9,15,74,79,81,109,110" m="16457,44617" machi="15" ten="30,1000,0" yaku="12,1" doraHai="25" who="2" fromWho="3" sc="189,0,307,0,254,13,250,-13" /><INIT seed="5,0,0,3,5,129" ten="189,307,267,237" oya="1" hai0="103,115,81,43,119,16,32,74,106,66,18,65,96" hai1="76,127,3,39,67,4,118,33,90,20,42,57,110" hai2="13,10,48,71,94,86,26,22,17,44,41,12,54" hai3="29,134,36,55,30,85,87,5,49,35,72,38,50"/><U61/><E118/><V92/><F71/><W132/><G5/><T123/><D119/><U97/><E127/><V120/><F120/><W53/><G72/><T8/><D115/><U45/><E33/><AGARI ba="0,0" hai="29,30,33,35,36,38,49,50,53,55,85,87,132,134" machi="33" ten="25,6400,0" yaku="22,2,52,2" doraHai="129" who="3" fromWho="1" sc="189,0,307,-64,267,0,237,64" /><INIT seed="6,0,0,2,2,23" ten="189,243,267,301" oya="2" hai0="119,8,48,124,67,15,30,102,132,76,116,62,95" hai1="46,72,64,79,110,2,5,115,96,17,65,111,34" hai2="100,133,125,93,36,97,32,33,63,20,25,91,45" hai3="11,131,68,103,135,41,134,39,117,107,16,80,108"/><V82/><F125/><W109/><G68/><T85/><D124/><U28/><E115/><V26/><F133/><N who="3" m="50699" /><G117/><N who="0" m="45131" /><D132/><U14/><E72/><V12/><F12/><N who="3" m="7199" /><G131/><T59/><D30/><U24/><E79/><V10/><F10/><W127/><G127/><T56/><D76/><U74/><E74/><V69/><F69/><W120/><G120/><T3/><D3/><U55/><E5/><V57/><F45/><N who="3" m="23743" /><G80/><T75/><D75/><U130/><E2/><V70/><F36/><W101/><G107/><T22/><D22/><U81/><E81/><V54/><F70/><W37/><G37/><T89/><D102/><AGARI ba="0,0" hai="101,102,103,108,109" m="23743,7199,50699" machi="102" ten="30,2000,0" yaku="20,1,54,1" doraHai="23" who="3" fromWho="0" sc="189,-20,243,0,267,0,301,20" /><INIT seed="7,0,0,1,4,87" ten="169,243,267,321" oya="3" hai0="83,90,79,67,11,85,25,1,48,64,53,3,37" hai1="133,73,39,9,27,15,45,10,59,36,46,68,125" hai2="30,44,42,65,47,2,77,63,52,97,20,110,18" hai3="0,124,16,88,60,72,132,93,56,101,105,61,58"/><W129/><G72/><T78/><D37/><U17/><E68/><V120/><F110/><W71/><G71/><T127/><D127/><U29/><E125/><V26/><F2/><W6/><G124/><T50/><D25/><U119/><E133/><V66/><F120/><W95/><G0/><T98/><D1/><U31/><E73/><V80/><F97/><N who="3" m="59567" /><G105/><T12/><D3/><U24/><E59/><N who="3" m="22570" /><G6/><T96/><D78/><U121/><E15/><V123/><F123/><W102/><G102/><T94/><D98/><U118/><E121/><V103/><F103/><W19/><G129/><T84/><D96/><U40/><E17/><N who="3" m="6730" /><G132/><T38/><D38/><U5/><E5/><V113/><F18/><W99/><AGARI ba="0,0" hai="60,61,88,95,99" m="6730,22570,59567" machi="99" ten="30,11700,0" yaku="8,1,52,1,54,2" doraHai="87" who="3" fromWho="3" sc="169,-39,243,-39,267,-39,321,117" owari="130,-37.0,204,-20.0,228,3.0,438,54.0" /></mjloggm>