<mjloggm ver="2.3"><GO type="169" lobby="0"/><UN n0="%4E%41%4B%41%48%41%52%41" n1="%E6%B2%96%E3%83%92%E3%82%AB%E3%83%AB%EF%BC%88%E6%9C%AC%E7%89%A9%EF%BC%89" n2="%64%75%72%72%72%72%72" n3="%E5%A4%A9%E7%A5%9E%E9%B3%B3%E4%BD%8D" dan="16,16,18,16" rate="2093.61,2067.40,2234.02,2109.72" sx="M,F,M,M"/><TAIKYOKU oya="0"/><INIT seed="0,0,0,5,4,8" ten="250,250,250,250" oya="0" hai0="23,94,131,57,106,1,18,55,44,24,61,13,105" hai1="71,97,124,111,11,19,14,103,135,48,121,122,45" hai2="43,26,88,39,6,113,5,40,109,34,79,99,22" hai3="53,87,65,102,100,3,27,54,64,73,92,70,125"/><T78/><D1/><U118/><E118/><V59/><F34/><W20/><G73/><T132/><D131/><U95/><E71/><V129/><F113/><W69/><G3/><T123/><D123/><U83/><E135/><V82/><F129/><W120/><G120/><T119/><D132/><U30/><E124/><V52/><F39/><W77/><G125/><T67/><D119/><U104/><E30/><V38/><F38/><W107/><G107/><T28/><D78/><U0/><E111/><V127/><F127/><W50/><G69/><T51/><REACH who="0" step="1"/><D94/><REACH who="0" ten="240,250,250,250" step="2"/><U15/><E0/><V68/><F109/><W60/><G92/><T110/><D110/><U4/><E104/><V108/><F108/><W49/><G70/><T2/><D2/><U66/><E83/><V84/><F68/><W17/><G77/><T76/><D76/><U58/><E122/><V86/><F99/><W62/><G65/><T42/><D42/><N who="2" m="15914" /><F86/><W85/><G64/><T133/><D133/><U126/><E126/><V31/><F79/><W72/><G85/><T93/><D93/><U116/><E116/><V96/><F96/><W75/><G87/><T41/><D41/><N who="1" m="24623" /><E121/><V112/><F112/><W98/><G98/><T90/><D90/><U115/><E115/><V9/><F9/><AGARI ba="0,1" hai="9,13,18,23,24,28,44,51,55,57,61,67,105,106" machi="9" ten="30,5800,0" yaku="1,1,7,1,52,1,53,0" doraHai="8" doraHaiUra="74" who="0" fromWho="2" sc="240,68,250,0,250,-58,250,0" /><INIT seed="0,1,0,3,1,130" ten="308,250,192,250" oya="0" hai0="13,71,92,0,47,18,97,19,12,70,35,102,87" hai1="107,54,135,36,44,84,126,133,43,106,111,131,68" hai2="4,29,77,113,49,32,60,110,104,93,15,5,23" hai3="52,125,117,48,118,10,76,45,24,88,59,39,25"/><T72/><D72/><U123/><E123/><V134/><F104/><W86/><G125/><T56/><D0/><U83/><E126/><V50/><F113/><W67/><G76/><T98/><D35/><U103/><E131/><V8/><F32/><W11/><G118/><T96/><D71/><U1/><E1/><V80/><F110/><W128/><G117/><T34/><D70/><U75/><E68/><V65/><F4/><W42/><G128/><T79/><D34/><U20/><E111/><V82/><F93/><W22/><G67/><T100/><D47/><U3/><E20/><V40/><F40/><W127/><G127/><T9/><D56/><U7/><E54/><V55/><F65/><W109/><G109/><T17/><D17/><U57/><E57/><N who="2" m="34879" /><F134/><N who="1" m="51209" /><E103/><V64/><F64/><W129/><G129/><T119/><D119/><U94/><E94/><V108/><F108/><W6/><G22/><N who="0" m="11591" /><D92/><U41/><E43/><V81/><F77/><W53/><G53/><T116/><D116/><U120/><E120/><V46/><F46/><W124/><G124/><T90/><D90/><N who="1" m="51487" /><E75/><V69/><F69/><W91/><G91/><T61/><D61/><U66/><E66/><V21/><F21/><W78/><G78/><T121/><D121/><U30/><E30/><V33/><F33/><W26/><G42/><T62/><D62/><U14/><E14/><V63/><F63/><W114/><G52/><T73/><D73/><U16/><E16/><N who="2" m="10655" /><F29/><W51/><G88/><T89/><D89/><U101/><E101/><V132/><F132/><W2/><G2/><T37/><D102/><RYUUKYOKU ba="1,0" sc="308,-15,250,15,192,15,250,-15" hai1="3,7,36,41,44,106,107" hai2="5,8,49,50,80,81,82" /><INIT seed="1,2,0,0,4,103" ten="293,265,207,235" oya="1" hai0="124,89,109,127,27,119,129,50,121,59,74,45,44" hai1="55,71,52,90,28,30,25,73,18,115,76,132,120" hai2="125,23,8,99,32,114,95,88,11,15,128,104,36" hai3="10,135,49,65,108,70,35,37,131,68,48,63,38"/><U97/><E115/><V86/><F32/><W126/><G10/><T98/><D119/><U42/><E120/><V134/><F36/><N who="3" m="13931" /><G35/><T53/><D121/><U110/><E71/><N who="3" m="27178" /><G108/><T116/><D74/><U40/><E110/><V56/><F114/><W122/><G122/><T1/><D1/><U31/><E76/><V46/><F134/><W47/><G135/><T80/><D116/><U41/><E73/><V72/><F72/><W51/><G131/><T69/><D69/><U67/><E67/><V0/><F0/><W7/><G7/><T106/><D109/><U17/><E132/><V34/><F34/><W94/><G94/><T133/><D27/><U101/><E90/><V79/><F128/><W26/><G126/><N who="0" m="48171" /><D129/><U19/><E25/><V24/><F125/><W43/><G26/><T113/><D113/><U60/><E60/><V85/><F24/><W22/><G22/><T92/><D133/><U12/><E12/><V117/><F117/><W100/><G100/><N who="0" m="62743" /><D80/><U16/><N who="1" m="4608" /><DORA hai="6" /><U107/><AGARI ba="2,0" hai="28,30,31,40,41,42,52,55,97,101,107" m="4608" machi="107" ten="50,18000,2" yaku="4,1,0,1,29,2,52,1,54,2" doraHai="103,6" who="1" fromWho="1" sc="293,-62,265,186,207,-62,235,-62" /><INIT seed="1,3,0,0,2,94" ten="231,451,145,173" oya="1" hai0="32,11,22,6,117,58,25,7,68,65,41,135,44" hai1="87,5,99,100,73,34,70,118,67,80,71,49,109" hai2="26,21,16,86,4,96,47,51,125,77,127,111,30" hai3="50,106,1,61,103,35,93,42,3,116,54,2,28"/><U108/><E118/><V24/><F4/><W56/><G116/><T133/><D32/><U75/><E5/><V124/><F111/><N who="1" m="42569" /><E34/><N who="2" m="20807" /><F77/><W105/><G28/><N who="0" m="17463" /><D68/><N who="1" m="26155" /><E67/><V84/><F96/><W18/><G35/><T76/><D117/><U31/><E49/><V123/><F123/><W120/><G120/><T101/><D76/><N who="1" m="46471" /><E31/><V62/><F62/><W102/><G18/><T27/><D65/><U131/><E131/><V33/><F33/><W92/><G50/><T39/><D7/><U29/><E29/><V119/><F119/><W59/><G42/><AGARI ba="3,0" hai="16,21,26,42,47,51,84,86,124,125,127" m="20807" machi="42" ten="30,2000,0" yaku="18,1,54,1" doraHai="94" who="2" fromWho="3" sc="231,0,451,0,145,29,173,-29" /><INIT seed="2,0,0,2,2,65" ten="231,451,174,144" oya="2" hai0="59,31,69,116,52,83,8,62,54,118,24,104,103" hai1="38,86,110,63,30,90,11,0,47,41,36,70,89" hai2="120,102,18,60,22,105,100,20,73,108,132,88,115" hai3="121,74,64,71,5,123,16,56,45,75,46,7,80"/><V29/><F115/><W91/><G64/><T40/><D40/><U76/><E110/><V6/><F120/><N who="3" m="46155" /><G80/><T66/><D8/><U122/><E38/><V44/><F73/><N who="3" m="27659" /><G56/><T93/><D83/><U32/><E32/><V113/><F105/><W133/><G91/><T27/><D27/><U95/><E30/><V15/><F113/><W33/><G33/><N who="0" m="20711" /><D93/><U84/><E76/><V43/><F108/><W2/><G2/><T125/><D125/><U28/><E28/><V58/><F6/><N who="3" m="2059" /><G16/><T14/><D14/><U92/><E122/><V124/><F124/><W35/><G35/><T53/><D59/><U119/><E119/><V49/><F88/><W23/><G23/><T135/><D135/><U72/><E72/><V13/><F29/><W117/><G117/><T17/><D17/><U129/><E0/><V3/><F3/><W1/><G1/><T34/><D34/><U9/><E11/><V128/><F132/><W10/><G10/><T19/><D19/><U131/><E9/><V78/><F78/><W98/><G98/><AGARI ba="0,0" hai="52,53,54,62,66,69,98,103,104,116,118" m="20711" machi="98" ten="30,3900,0" yaku="25,1,52,1,54,1" doraHai="65" who="0" fromWho="3" sc="231,39,451,0,174,0,144,-39" /><INIT seed="3,0,0,5,1,105" ten="270,451,174,105" oya="3" hai0="7,68,19,59,71,4,67,72,65,108,33,119,93" hai1="25,42,74,0,58,115,130,35,109,129,41,85,17" hai2="54,23,107,26,69,45,77,103,128,10,55,40,134" hai3="78,88,11,37,79,95,34,50,53,64,112,5,82"/><W104/><G112/><T102/><D33/><U9/><E115/><V97/><F69/><W125/><G104/><T96/><D119/><U38/><E85/><V32/><F32/><W131/><G131/><T87/><D108/><U30/><E109/><V36/><F128/><N who="1" m="49257" /><E74/><V21/><F134/><W121/><G121/><T57/><D87/><U113/><E38/><V28/><F77/><W91/><G125/><T60/><D19/><U52/><E113/><V51/><F36/><W99/><G37/><T6/><REACH who="0" step="1"/><D72/><REACH who="0" ten="260,451,174,105" step="2"/><U84/><E84/><V101/><F28/><W117/><G34/><T100/><D100/><U18/><E17/><V92/><F103/><N who="3" m="60927" /><G117/><T56/><D56/><U2/><E18/><V90/><F101/><W127/><G127/><T8/><D8/><U120/><E120/><V70/><F70/><W122/><G122/><T13/><D13/><U15/><E15/><V16/><F10/><W48/><G82/><T111/><D111/><U22/><E35/><V43/><F23/><W81/><G81/><T124/><D124/><U63/><E9/><V49/><F107/><W20/><G11/><T31/><D31/><U123/><E123/><V94/><F92/><W116/><G20/><T76/><D76/><U86/><E86/><V3/><F3/><AGARI ba="0,1" hai="0,2,3,22,25,30,41,42,52,58,63" m="49257" machi="3" ten="30,2000,0" yaku="19,1,54,1" doraHai="105" who="1" fromWho="2" sc="260,0,451,30,174,-20,105,0" /><INIT seed="4,0,0,0,4,54" ten="260,481,154,105" oya="0" hai0="36,118,106,134,63,107,74,122,78,92,31,41,128" hai1="126,86,68,88,14,27,99,39,60,115,65,56,7" hai2="23,44,16,81,50,96,77,24,52,82,119,133,37" hai3="91,127,105,43,49,112,93,29,1,20,62,61,123"/><T109/><D118/><U51/><E126/><V114/><F37/><W53/><G1/><T32/><D122/><U8/><E115/><V102/><F114/><W95/><G105/><T35/><D128/><U5/><E39/><V135/><F119/><W130/><G112/><T84/><D134/><N who="2" m="51210" /><F77/><W120/><G127/><T28/><D109/><U58/><E99/><V108/><F108/><W104/><G104/><AGARI ba="0,0" hai="16,23,24,44,50,52,81,82,96,102,104" m="51210" machi="104" ten="30,3900,0" yaku="20,1,54,2" doraHai="54" who="2" fromWho="3" sc="260,0,481,0,154,39,105,-39" /><INIT seed="5,0,0,2,1,106" ten="260,481,193,66" oya="1" hai0="17,107,59,11,49,93,118,96,5,104,70,7,122" hai1="6,64,50,41,132,105,22,36,95,76,27,38,94" hai2="13,67,34,26,125,4,43,54,53,15,32,99,30" hai3="21,81,108,74,1,110,40,47,80,111,63,103,121"/><U129/><E105/><V101/><F34/><W90/><G121/><T16/><D70/><U77/><E64/><V71/><F43/><W58/><G1/><T19/><D118/><U124/><E6/><V10/><F15/><W18/><G103/><T117/><D117/><U115/><E41/><V91/><F91/><W35/><G35/><T12/><D7/><U61/><E50/><V135/><F125/><W128/><G128/><T25/><D25/><U109/><E61/><N who="2" m="40431" /><F135/><W87/><G80/><T33/><D33/><U131/><E132/><V92/><F92/><W46/><G74/><T60/><D49/><U84/><E22/><V55/><F55/><W66/><REACH who="3" step="1"/><G40/><REACH who="3" ten="260,481,193,56" step="2"/><T133/><D122/><U52/><E129/><V69/><F101/><W65/><G65/><N who="0" m="39071" /><D133/><U72/><E131/><V113/><F54/><W130/><G130/><T89/><D107/><U48/><E52/><V44/><F53/><W126/><G126/><T123/><D104/><U79/><E124/><V114/><F44/><W37/><G37/><T51/><D123/><U78/><E38/><V23/><F32/><W98/><G98/><N who="0" m="57647" /><D51/><U116/><E48/><V100/><F99/><AGARI ba="0,1" hai="5,11,12,16,17,19,96,99" m="57647,39071" machi="99" ten="30,2000,0" yaku="8,1,54,1" doraHai="106" who="0" fromWho="2" sc="260,30,481,0,193,-20,56,0" /><INIT seed="6,0,0,3,4,112" ten="290,481,173,56" oya="2" hai0="128,5,50,121,101,51,37,33,8,90,88,38,28" hai1="1,2,127,11,123,117,86,75,72,3,62,89,42" hai2="69,80,108,124,94,9,92,35,25,97,130,57,103" hai3="67,4,125,58,40,49,129,134,56,47,107,100,114"/><V98/><F69/><W99/><G129/><T91/><D121/><U31/><E42/><V78/><F130/><W110/><G110/><T17/><D128/><U52/><E123/><V13/><F108/><W10/><G134/><T73/><D73/><U65/><E31/><V126/><F57/><W45/><G125/><T53/><D17/><U116/><E127/><V109/><F109/><W70/><G114/><T32/><D101/><U46/><E11/><V115/><F115/><W111/><G111/><T93/><D93/><U81/><E75/><V36/><F36/><W131/><G131/><T68/><D68/><U6/><E6/><V87/><F35/><W26/><G26/><T48/><D53/><U14/><E14/><V63/><F63/><W96/><G96/><T20/><D20/><U66/><E72/><V105/><F105/><W102/><G102/><T29/><D8/><U106/><E106/><V44/><F44/><W16/><G47/><T113/><D5/><U21/><E21/><V122/><F25/><W95/><G107/><T12/><D12/><U30/><E30/><N who="0" m="11881" /><D113/><U18/><E18/><N who="2" m="8495" /><F122/><W82/><G16/><T84/><D84/><U7/><E7/><V15/><F15/><N who="3" m="5575" /><G82/><T79/><D79/><U59/><REACH who="1" step="1"/><E46/><REACH who="1" ten="290,471,173,56" step="2"/><V83/><F126/><W27/><G27/><T104/><D104/><U60/><E60/><V39/><F124/><W0/><G0/><T85/><D85/><U120/><E120/><V71/><F87/><W119/><G45/><T61/><D61/><U22/><E22/><V135/><F98/><W19/><G99/><T54/><D33/><RYUUKYOKU ba="0,1" sc="290,-10,471,30,173,-10,56,-10" hai1="1,2,3,52,59,62,65,66,81,86,89,116,117" /><INIT seed="7,1,1,4,3,108" ten="280,501,163,46" oya="3" hai0="105,97,92,5,100,115,35,24,66,74,110,88,117" hai1="128,135,0,76,81,86,18,56,84,132,2,69,4" hai2="68,95,93,124,131,114,111,80,61,48,22,31,96" hai3="71,98,29,67,121,116,1,65,45,106,120,20,72"/><W125/><G116/><T59/><D110/><U16/><E69/><V94/><F114/><W50/><G125/><T129/><D115/><U99/><E128/><V44/><F111/><W38/><G38/><T109/><D74/><U30/><E30/><V91/><F68/><W57/><G72/><T7/><D129/><U107/><E86/><N who="2" m="50631" /><F131/><W43/><G71/><T79/><D79/><U28/><E28/><V39/><F39/><W15/><G1/><T9/><D109/><U54/><E18/><V85/><F124/><W89/><G57/><T78/><D78/><U23/><E99/><V14/><F85/><W21/><G21/><T122/><D122/><U55/><E107/><V134/><F61/><W119/><G119/><T77/><D77/><U34/><E55/><N who="2" m="30087" /><F134/><N who="1" m="51241" /><E4/><V64/><F64/><W126/><G126/><T47/><D105/><U82/><E82/><V46/><F46/><W103/><G89/><T52/><D47/><U32/><E32/><V73/><F73/><W42/><G42/><T83/><D66/><N who="3" m="25097" /><G29/><T53/><D117/><U51/><E34/><V101/><F31/><W112/><G112/><T10/><D35/><U26/><AGARI ba="1,1" hai="0,2,16,23,26,51,54,56,76,81,84" m="51241" machi="26" ten="30,2000,0" yaku="20,1,54,1" doraHai="108" who="1" fromWho="1" sc="280,-6,501,33,163,-6,46,-11" owari="274,7.0,534,63.0,157,-24.0,35,-46.0" /></mjloggm>