<mjloggm ver="2.3"><GO type="169" lobby="0"/><UN n0="%E5%AE%89%E6%96%8E" n1="%47%2E%4B%2E" n2="%E5%90%89%E6%BE%A4%E2%98%86%E7%91%A0%E5%81%89" n3="%E3%81%8A%E3%81%8A%E3%81%8F%E3%81%95" dan="17,17,16,17" rate="2217.49,2207.71,2115.86,2216.07" sx="F,M,M,M"/><TAIKYOKU oya="0"/><INIT seed="0,0,0,4,3,19" ten="250,250,250,250" oya="0" hai0="46,81,85,66,72,117,83,102,97,73,121,127,0" hai1="30,70,98,37,110,28,131,25,71,77,106,59,107" hai2="52,9,58,75,38,44,82,43,112,24,51,99,84" hai3="63,54,21,78,39,48,93,35,111,134,57,22,32"/><T118/><D0/><U135/><E110/><V133/><F75/><N who="0" m="28746" /><D66/><U126/><E37/><V34/><F112/><W36/><G111/><T50/><D50/><U79/><E59/><V53/><F133/><W64/><G134/><T65/><D46/><U6/><E98/><V45/><F99/><W11/><G78/><N who="0" m="46263" /><D65/><U90/><E25/><V122/><F9/><W69/><G93/><N who="0" m="58671" /><D121/><U56/><E56/><V26/><F122/><W116/><G116/><N who="0" m="44651" /><D83/><U105/><E6/><V40/><F34/><W100/><G100/><T108/><D108/><U16/><E16/><V113/><F113/><W23/><REACH who="3" step="1"/><G11/><REACH who="3" ten="250,250,250,240" step="2"/><T47/><D47/><U88/><E135/><V62/><REACH who="2" step="1"/><F43/><REACH who="2" ten="250,250,240,240" step="2"/><W87/><G87/><T114/><D114/><U125/><REACH who="1" step="1"/><E106/><REACH who="1" ten="250,240,240,240" step="2"/><V60/><F60/><W14/><G14/><T92/><D92/><U109/><E109/><V101/><F101/><W13/><G13/><T29/><D29/><U27/><E27/><V124/><F124/><AGARI ba="0,3" hai="124,127" m="44651,58671,46263,28746" machi="124" ten="40,3900,0" yaku="34,2" doraHai="19" who="0" fromWho="2" sc="250,69,240,0,240,-39,240,0" /><INIT seed="0,1,0,5,0,15" ten="319,240,201,240" oya="0" hai0="111,88,92,58,82,16,6,115,98,84,76,133,10" hai1="94,5,64,97,18,62,3,22,51,74,35,42,23" hai2="93,121,67,99,95,17,30,110,24,29,36,132,90" hai3="129,45,48,50,20,12,100,73,122,77,31,43,69"/><T7/><D115/><U85/><E74/><V108/><F36/><W91/><G69/><T125/><D125/><U114/><E35/><V13/><F121/><W47/><G122/><T131/><D131/><U103/><E114/><V27/><F132/><W21/><G129/><T39/><D133/><U0/><E22/><V11/><F67/><W49/><G100/><T32/><D32/><U44/><E85/><V101/><F110/><W55/><G91/><T87/><D39/><U134/><E5/><V19/><F108/><W116/><G116/><T123/><D123/><U41/><E42/><V109/><F109/><W61/><G61/><T130/><D130/><U106/><E106/><V1/><F1/><W8/><G31/><T34/><D34/><U105/><E105/><V54/><F54/><N who="3" m="29983" /><G77/><T28/><D28/><U128/><E128/><V81/><F81/><W75/><G75/><T56/><D111/><U96/><E96/><N who="2" m="57399" /><F27/><W37/><G73/><T135/><D135/><U86/><E86/><V83/><F83/><W127/><G127/><T78/><D78/><U40/><E40/><V52/><F52/><W113/><G37/><T14/><D87/><U80/><E80/><V79/><F79/><W70/><G70/><T102/><D76/><U46/><E134/><V120/><F120/><W53/><G43/><T68/><D68/><U124/><E124/><V65/><F65/><W26/><G26/><T117/><D117/><U66/><E66/><V60/><F60/><W72/><G72/><T38/><D38/><U71/><E46/><V112/><F112/><W25/><G113/><RYUUKYOKU ba="1,0" sc="319,10,240,10,201,10,240,-30" hai0="6,7,10,14,16,56,58,82,84,88,92,98,102" hai1="0,3,18,23,41,44,51,62,64,71,94,97,103" hai2="11,13,17,19,24,29,30,95,99,101" /><INIT seed="0,2,0,4,5,92" ten="329,250,211,210" oya="0" hai0="103,54,9,44,57,30,112,101,91,17,104,64,134" hai1="32,87,77,28,36,122,108,84,5,7,6,121,96" hai2="109,2,73,106,70,131,42,127,67,66,98,19,72" hai3="24,53,93,124,102,14,55,37,25,69,11,8,16"/><T128/><D112/><U89/><E36/><V43/><F2/><W38/><G69/><T88/><D128/><U23/><E32/><V74/><F131/><W81/><G124/><T135/><D30/><U97/><E108/><V71/><F109/><W133/><G133/><N who="0" m="50699" /><D64/><U63/><E121/><V22/><F127/><W125/><G125/><T90/><D44/><U39/><E39/><V49/><F49/><W56/><G38/><T76/><D76/><U10/><E122/><V51/><F51/><W31/><G81/><T99/><D103/><U20/><E63/><V46/><F46/><W60/><G53/><T3/><D17/><U85/><E10/><N who="3" m="3626" /><G31/><T62/><D90/><U113/><E113/><V129/><F129/><W48/><G48/><T27/><D27/><N who="1" m="16487" /><E77/><V83/><F83/><W82/><G82/><T95/><D104/><U40/><E40/><V15/><F67/><W116/><G116/><T80/><D80/><N who="1" m="49287" /><E23/><V41/><F66/><W47/><G37/><T123/><D123/><U68/><E68/><V58/><F58/><W52/><G47/><T120/><D120/><U86/><AGARI ba="2,0" hai="5,6,7,85,86,87,96,97" m="49287,16487" machi="86" ten="30,4000,0" yaku="8,1,52,2" doraHai="92" who="1" fromWho="1" sc="329,-22,250,46,211,-12,210,-12" /><INIT seed="1,0,0,4,5,59" ten="307,296,199,198" oya="1" hai0="119,16,96,105,24,48,70,116,69,67,109,68,112" hai1="123,25,50,97,79,31,47,35,19,133,118,45,127" hai2="13,60,80,44,98,6,36,10,5,132,106,20,83" hai3="21,131,65,76,32,93,29,81,85,121,102,34,42"/><U128/><E118/><V12/><F132/><W78/><G121/><T40/><D105/><U103/><E123/><V91/><F36/><W26/><G131/><T90/><D96/><U107/><E133/><V84/><F44/><W56/><G42/><T129/><D90/><U55/><E128/><V51/><F51/><W9/><G9/><T28/><D129/><U22/><E127/><V73/><F73/><W49/><G78/><T117/><D112/><U71/><E71/><V89/><F106/><W115/><G115/><T134/><D134/><U18/><E79/><V100/><F100/><W94/><G94/><T104/><D104/><U61/><E22/><V88/><F98/><W7/><G7/><T120/><D120/><U66/><REACH who="1" step="1"/><E45/><REACH who="1" ten="307,286,199,198" step="2"/><V27/><F83/><W108/><G81/><T87/><D69/><U30/><E30/><V37/><F80/><W95/><G29/><T64/><D70/><U1/><E1/><V3/><F3/><W82/><G21/><T130/><D68/><U46/><E46/><V126/><F20/><W111/><G76/><T62/><D130/><U52/><E52/><V54/><F54/><W33/><G33/><T57/><D28/><U58/><AGARI ba="0,1" hai="18,19,25,31,35,47,50,55,58,61,66,97,103,107" machi="58" ten="20,12000,1" yaku="1,1,0,1,7,1,52,1,53,1" doraHai="59" doraHaiUra="43" who="1" fromWho="1" sc="307,-40,286,130,199,-40,198,-40" /><INIT seed="1,1,0,3,1,108" ten="267,416,159,158" oya="1" hai0="3,70,134,132,129,60,131,25,39,62,99,33,90" hai1="30,56,40,82,13,69,87,27,89,17,45,72,95" hai2="5,8,10,94,16,115,23,59,73,105,24,106,78" hai3="102,42,35,64,4,104,9,68,53,36,75,14,57"/><U38/><E69/><V77/><F73/><W0/><G75/><T125/><D3/><U122/><E122/><V121/><F121/><W54/><G35/><T20/><D39/><U31/><E56/><V81/><F10/><W21/><G68/><T117/><D33/><U22/><E72/><V7/><F7/><W91/><G91/><T29/><D117/><U26/><E26/><V55/><F94/><W79/><G79/><T83/><D99/><U44/><E44/><V41/><F41/><W100/><G104/><T96/><D96/><U109/><E109/><V50/><F78/><W48/><G64/><T86/><D125/><U67/><E67/><V116/><F116/><W126/><G126/><T32/><D32/><U112/><E112/><V130/><F130/><N who="0" m="49674" /><D70/><U49/><E38/><V85/><REACH who="2" step="1"/><F115/><REACH who="2" ten="267,416,149,158" step="2"/><W124/><G124/><T43/><D43/><U65/><E95/><V52/><F52/><W114/><G114/><T61/><AGARI ba="1,1" hai="20,25,29,60,61,62,83,86,90,132,134" m="49674" machi="61" ten="40,1500,0" yaku="19,1" doraHai="108" who="0" fromWho="0" sc="267,28,416,-8,149,-5,158,-5" /><INIT seed="2,0,0,4,1,126" ten="295,408,144,153" oya="2" hai0="124,99,131,11,90,47,48,134,123,55,49,0,96" hai1="63,114,68,84,27,17,42,33,4,46,31,50,93" hai2="14,85,22,45,81,112,44,2,128,18,35,125,15" hai3="119,71,129,13,101,73,30,107,40,24,133,105,52"/><V109/><F112/><W120/><G120/><T12/><D123/><U3/><E114/><V76/><F2/><W8/><G119/><T102/><D124/><U54/><E4/><V82/><F125/><W91/><G73/><T88/><D134/><U5/><E5/><V100/><F35/><W57/><G71/><T106/><D0/><U127/><E3/><V75/><F100/><W115/><G133/><T37/><D37/><U83/><E17/><V62/><F109/><W43/><G101/><T6/><D99/><U111/><E111/><V122/><F122/><W118/><G118/><T66/><D66/><U58/><E127/><V64/><F15/><W72/><G72/><T21/><D131/><U113/><E113/><V132/><F132/><W86/><G107/><T95/><D106/><U41/><E93/><V94/><F94/><W97/><G97/><T108/><D108/><U59/><E59/><V20/><F20/><N who="3" m="15623" /><G105/><T1/><REACH who="0" step="1"/><D48/><REACH who="0" ten="285,408,144,153" step="2"/><U89/><E68/><V121/><F121/><W130/><G115/><T56/><D56/><U26/><REACH who="1" step="1"/><E27/><REACH who="1" ten="285,398,144,153" step="2"/><V70/><REACH who="2" step="1"/><F128/><REACH who="2" ten="285,398,134,153" step="2"/><W135/><G130/><T67/><D67/><AGARI ba="0,3" hai="26,31,33,41,42,46,50,54,58,63,67,83,84,89" machi="67" ten="30,7700,0" yaku="1,1,2,1,7,1,53,1" doraHai="126" doraHaiUra="80" who="1" fromWho="0" sc="285,-77,398,107,134,0,153,0" /><INIT seed="3,0,0,2,0,43" ten="208,505,134,153" oya="3" hai0="49,32,122,124,98,18,85,92,102,14,6,34,112" hai1="5,91,78,45,48,99,76,11,52,107,38,109,1" hai2="94,126,110,83,84,95,77,10,71,103,101,104,37" hai3="25,62,47,117,108,30,120,12,118,106,134,115,26"/><W8/><G120/><T80/><D122/><U55/><E109/><V51/><F37/><W100/><G115/><T66/><D112/><U133/><E133/><V96/><F71/><W75/><G75/><T88/><D124/><U114/><E114/><V13/><F110/><W29/><G108/><T87/><D6/><U72/><E72/><V44/><F126/><W116/><G134/><T16/><D66/><U90/><E38/><V36/><F36/><W86/><G62/><T135/><D135/><U125/><E125/><V131/><F131/><W64/><G64/><T63/><D63/><U81/><E55/><V20/><F20/><W54/><G86/><T22/><D49/><U113/><E113/><V31/><F31/><W89/><G89/><T23/><REACH who="0" step="1"/><D87/><REACH who="0" ten="198,505,134,153" step="2"/><U7/><E7/><V74/><F74/><W50/><G117/><T67/><D67/><U17/><E5/><V4/><REACH who="2" step="1"/><F103/><REACH who="2" ten="198,505,124,153" step="2"/><W68/><G100/><T2/><D2/><U59/><E1/><V21/><F21/><W58/><G116/><T27/><AGARI ba="0,2" hai="14,16,18,22,23,27,32,34,80,85,88,92,98,102" machi="27" ten="20,8000,1" yaku="1,1,0,1,7,1,54,2,53,0" doraHai="43" doraHaiUra="121" who="0" fromWho="0" sc="198,100,505,-20,124,-20,153,-40" /><INIT seed="4,0,0,1,2,41" ten="298,485,104,113" oya="0" hai0="87,100,25,11,36,109,113,49,69,82,121,95,78" hai1="10,57,33,77,44,42,73,62,134,6,71,117,18" hai2="38,103,97,74,13,112,128,124,21,76,65,58,135" hai3="108,46,133,80,12,15,48,53,31,116,89,45,131"/><T43/><D121/><U4/><E117/><V105/><F38/><W3/><G3/><T19/><D69/><U102/><E33/><V50/><F112/><W2/><G2/><T86/><D113/><U55/><E134/><V23/><F135/><W85/><G108/><T26/><D36/><U127/><E102/><V30/><F128/><W40/><G133/><T52/><D43/><U66/><E127/><V96/><F97/><W8/><G131/><T84/><D109/><U7/><E77/><V32/><F32/><W47/><G116/><T122/><D122/><U64/><E73/><V99/><F99/><W120/><G120/><T1/><D100/><U106/><E106/><V51/><F23/><W22/><G40/><T104/><D104/><U72/><E72/><V115/><F115/><W132/><G132/><T79/><D95/><U5/><E18/><V27/><F13/><N who="3" m="5195" /><G8/><T70/><D70/><U110/><E110/><V90/><F90/><W98/><G98/><T91/><D1/><U34/><E34/><V17/><F17/><W67/><G67/><T60/><D11/><U68/><E10/><V54/><F65/><W94/><G94/><T16/><D91/><U101/><E101/><V107/><F124/><W59/><G22/><N who="0" m="13511" /><D79/><U56/><N who="1" m="1024" /><DORA hai="123" /><U118/><E118/><V125/><F107/><W20/><G20/><N who="0" m="13599" /><D60/><N who="1" m="35871" /><E71/><V9/><F125/><W0/><G0/><T63/><D63/><U111/><E68/><V126/><F9/><W29/><AGARI ba="0,0" hai="29,31,45,46,47,48,53,59,80,85,89" m="5195" machi="29" ten="30,7900,0" yaku="8,1,52,3" doraHai="41,123" who="3" fromWho="3" sc="298,-39,485,-20,104,-20,113,79" /><INIT seed="5,0,0,0,2,125" ten="259,465,84,192" oya="1" hai0="46,23,106,77,8,91,96,10,130,17,99,66,35" hai1="45,87,70,97,60,42,117,72,49,61,123,131,18" hai2="95,81,11,62,29,28,12,101,43,68,50,41,94" hai3="112,108,90,39,120,34,114,107,0,16,59,22,103"/><U122/><E72/><V57/><F68/><W67/><G108/><T54/><D35/><U36/><E117/><V21/><F81/><W19/><G34/><T58/><D77/><U2/><E2/><V38/><F38/><W40/><G0/><T7/><D106/><U86/><E97/><V133/><F133/><W27/><G120/><T65/><D46/><N who="1" m="23879" /><E18/><V88/><F101/><W32/><G32/><T118/><D130/><U111/><E87/><V51/><F43/><W82/><G39/><T128/><D128/><U14/><E86/><V4/><F95/><W26/><G40/><T80/><D80/><U98/><E98/><N who="0" m="37417" /><D91/><U84/><E84/><N who="2" m="52487" /><F21/><W134/><G134/><T47/><D47/><U74/><E45/><N who="2" m="25903" /><F51/><W116/><G116/><T119/><D119/><U20/><E70/><V126/><F126/><W83/><G90/><T56/><D118/><U85/><E131/><V127/><F127/><W52/><G107/><T33/><D33/><U73/><E73/><V100/><F100/><W24/><G103/><T115/><D23/><U13/><E20/><V132/><F132/><W110/><G22/><T113/><D56/><U102/><E74/><V69/><F69/><W104/><G104/><T55/><D58/><U89/><E89/><V105/><F105/><W121/><G121/><T75/><D75/><U109/><E109/><V48/><F48/><N who="3" m="31111" /><G110/><T31/><D8/><U76/><E122/><V92/><F92/><W135/><G135/><T15/><D10/><U129/><E129/><V6/><F6/><W63/><G83/><T1/><D1/><U53/><E123/><RYUUKYOKU ba="0,0" sc="259,-10,465,-10,84,30,192,-10" hai2="4,11,12,28,29,57,62" /><INIT seed="6,1,0,0,3,19" ten="249,455,114,182" oya="2" hai0="80,24,92,65,107,9,113,48,71,100,52,89,108" hai1="135,64,124,117,102,120,10,95,7,11,121,49,60" hai2="59,23,131,22,34,118,111,30,75,114,125,98,112" hai3="122,51,77,128,83,96,40,37,130,81,36,84,134"/><V127/><F75/><W46/><G122/><N who="1" m="47210" /><E117/><V126/><F118/><W115/><G134/><T72/><D108/><U69/><E124/><V73/><F73/><W26/><G83/><T20/><D113/><N who="2" m="43626" /><F111/><W116/><G116/><T110/><D110/><U31/><E31/><V50/><F131/><N who="3" m="50219" /><G115/><T41/><D41/><U21/><E135/><V33/><F98/><W132/><G132/><T56/><D9/><U101/><E49/><V35/><F30/><W45/><G45/><T104/><D65/><U93/><E11/><V25/><F25/><W79/><G79/><T47/><D71/><U42/><E42/><V0/><F0/><W18/><G96/><T90/><D47/><U6/><E10/><V29/><F29/><W94/><G94/><N who="1" m="35850" /><E21/><AGARI ba="1,0" hai="18,21,26,36,37,40,46,51,77,81,84" m="50219" machi="21" ten="30,2000,0" yaku="19,1,52,1" doraHai="19" who="3" fromWho="1" sc="249,0,455,-23,114,0,182,23" /><INIT seed="7,0,0,5,0,10" ten="249,432,114,205" oya="3" hai0="117,74,77,88,60,49,14,64,134,15,35,106,32" hai1="111,62,23,37,40,109,127,18,68,38,55,114,97" hai2="76,53,36,42,75,29,91,92,128,25,33,22,80" hai3="44,123,8,90,48,96,39,113,121,20,72,108,2"/><W52/><G113/><T5/><D106/><U126/><E97/><V83/><F128/><W93/><G108/><T110/><D110/><U120/><E120/><V94/><F36/><N who="1" m="13929" /><E40/><V45/><F42/><W87/><G72/><T122/><D117/><U6/><E6/><V19/><F75/><W27/><G39/><T0/><D134/><U124/><E114/><V3/><F3/><W56/><G44/><T115/><D0/><U82/><E82/><V47/><F76/><W103/><G8/><T116/><D60/><U58/><E68/><V118/><F118/><W28/><REACH who="3" step="1"/><G2/><REACH who="3" ten="249,432,114,195" step="2"/><T129/><D115/><U26/><AGARI ba="0,1" hai="18,23,26,55,58,62,109,111,124,126,127" m="13929" machi="26" ten="40,1500,0" yaku="18,1" doraHai="10" who="1" fromWho="1" sc="249,-4,432,25,114,-4,195,-7" owari="245,5.0,457,55.0,110,-39.0,188,-21.0" /></mjloggm>