<mjloggm ver="2.3"><GO type="185" lobby="0"/><UN n0="%E3%83%84%E3%83%BC%E3%82%A2%E3%82%A6%E3%83%88" n1="%E3%81%82%E3%81%9F%E3%82%89%E3%81%AA%E3%81%84%E3%81%A7%EF%BC%81" n2="%E3%83%AA%E3%82%B3%E3%83%BB%E3%83%90%E3%83%B3%E3%83%87%E3%83%A9%E3%82%B9" n3="" dan="16,16,17,0" rate="2105.05,2162.19,2234.92,1500.00" sx="M,M,M,C"/><TAIKYOKU oya="0"/><INIT seed="0,0,0,3,0,95" ten="350,350,350,0" oya="0" hai0="87,127,59,104,119,64,116,47,56,102,103,90,91" hai1="60,72,121,109,43,93,99,41,57,126,68,111,1" hai2="124,34,76,37,107,66,61,89,49,63,78,46,35" hai3=""/><T106/><D47/><U39/><N who="1" m="31008" /><U73/><E1/><V92/><F107/><N who="0" m="41002" /><D64/><U62/><E126/><V3/><F124/><T77/><D59/><U40/><E39/><V75/><F3/><T130/><D56/><U129/><E129/><V44/><F37/><T123/><N who="0" m="31520" /><T105/><N who="0" m="41010" /><T71/><DORA hai="84" /><D71/><U79/><E68/><V32/><F75/><T81/><D127/><U117/><E60/><V52/><F46/><T97/><D130/><U110/><E79/><V86/><REACH who="2" step="1"/><F63/><REACH who="2" ten="350,350,340,0" step="2"/><T51/><D51/><U48/><E48/><V132/><F132/><T82/><D119/><U0/><E117/><V135/><F135/><T125/><D125/><U96/><E0/><V55/><F55/><T74/><D116/><U100/><REACH who="1" step="1"/><E99/><REACH who="1" ten="350,340,340,0" step="2"/><V38/><F38/><T80/><D97/><U83/><E83/><N who="0" m="31817" /><D74/><U50/><E50/><V54/><F54/><AGARI ba="0,2" hai="40,41,43,54,57,62,72,73,93,96,100,109,110,111" m="31008" machi="54" ten="50,12000,2" yaku="1,1,14,1,52,2,53,3" doraHai="95,84" doraHaiUra="36,69" who="1" fromWho="2" sc="350,0,340,140,340,-120,0,0" /><INIT seed="1,0,0,3,2,121" ten="350,480,220,0" oya="1" hai0="84,95,57,72,118,64,132,78,106,97,49,65,36" hai1="108,94,52,37,46,77,87,131,61,89,128,92,122" hai2="60,116,129,58,74,100,124,119,81,48,93,109,115" hai3=""/><U73/><N who="1" m="31264" /><U39/><E73/><V3/><F3/><T117/><D36/><U66/><E77/><V83/><F129/><N who="1" m="49737" /><E92/><V82/><F124/><T76/><D132/><U71/><E108/><V0/><F0/><T130/><D106/><U62/><E62/><V86/><F74/><T44/><D72/><U1/><E1/><V42/><F109/><T113/><D130/><U125/><E125/><V59/><F100/><T50/><D113/><U110/><E110/><V32/><F115/><T40/><D118/><U70/><E70/><V35/><F116/><T126/><D126/><U68/><E68/><V53/><F119/><T54/><D117/><U80/><E80/><V41/><F35/><T51/><D78/><U69/><E69/><V79/><F32/><T135/><D135/><U67/><E67/><V33/><F33/><T107/><D107/><U104/><E104/><V134/><F134/><T98/><D65/><U127/><E127/><V112/><F112/><T120/><N who="0" m="30752" /><T2/><D2/><U111/><E111/><V75/><F93/><T88/><D64/><U103/><E103/><V96/><F75/><T63/><D76/><U45/><E45/><V55/><F79/><T133/><D133/><U43/><E37/><RYUUKYOKU ba="0,0" sc="350,10,480,10,220,-20,0,0" hai0="40,44,49,50,51,54,57,63,84,88,95,97,98" hai1="39,43,46,52,61,66,71,87,89,94" /><INIT seed="1,1,0,5,5,74" ten="360,490,200,0" oya="1" hai0="110,62,64,125,80,121,89,94,86,3,57,104,52" hai1="69,50,106,97,78,111,88,41,53,117,55,128,54" hai2="108,47,2,132,124,48,42,66,51,131,93,56,87" hai3=""/><U133/><E117/><V46/><F2/><T112/><N who="0" m="31008" /><T36/><D110/><U34/><E34/><V91/><F108/><T122/><N who="0" m="31264" /><T81/><D3/><U92/><E111/><V65/><F132/><T77/><D112/><U85/><E69/><V113/><F131/><T127/><D104/><U90/><E133/><V123/><N who="2" m="31520" /><V43/><F113/><T134/><D36/><U44/><E128/><V63/><F124/><N who="0" m="47690" /><D134/><U79/><REACH who="1" step="1"/><E106/><REACH who="1" ten="360,480,200,0" step="2"/><V76/><REACH who="2" step="1"/><F76/><REACH who="2" ten="360,480,190,0" step="2"/><T73/><D80/><AGARI ba="1,2" hai="41,44,50,53,54,55,78,79,80,85,88,90,92,97" machi="80" ten="40,18000,2" yaku="1,1,2,1,8,1,52,2,54,1,53,0" doraHai="74" doraHaiUra="114" who="1" fromWho="0" sc="360,-182,480,202,190,0,0,0" /><INIT seed="1,2,0,3,3,72" ten="178,682,190,0" oya="1" hai0="50,119,71,60,125,114,47,0,75,131,32,101,103" hai1="115,135,83,89,104,56,42,1,133,49,85,51,3" hai2="121,48,61,102,46,127,93,134,82,105,34,35,70" hai3=""/><U2/><E104/><V90/><N who="2" m="31008" /><V65/><F134/><N who="1" m="51209" /><E115/><V128/><F127/><T41/><D125/><U87/><E42/><V63/><F128/><T36/><D131/><U95/><E56/><V37/><F37/><T58/><D32/><U52/><E52/><V118/><F118/><T123/><N who="0" m="31520" /><T76/><D0/><U109/><E109/><V92/><F105/><T112/><D119/><U33/><E33/><V40/><F63/><T44/><D114/><U80/><E80/><V94/><F102/><T97/><D112/><U67/><E67/><V130/><F130/><T91/><D71/><U81/><E83/><V39/><F39/><T62/><D58/><U107/><E107/><V38/><F38/><T43/><D62/><U132/><N who="1" m="51217" /><U100/><DORA hai="78" /><E100/><V120/><N who="2" m="30752" /><V96/><F35/><T57/><D57/><U108/><E108/><V117/><F34/><T77/><D60/><U59/><E59/><V69/><F117/><T84/><D36/><U116/><E116/><V124/><F124/><T73/><D50/><U45/><E45/><V106/><F70/><T110/><D110/><U79/><AGARI ba="2,0" hai="1,2,3,49,51,79,81,85,87,89,95" m="51217" machi="79" ten="50,6400,0" yaku="20,1,52,2" doraHai="72,78" who="1" fromWho="1" sc="178,-34,682,68,190,-34,0,0" /><INIT seed="1,3,0,5,1,43" ten="144,750,156,0" oya="1" hai0="124,37,82,117,64,58,62,125,97,72,2,68,96" hai1="46,87,85,41,61,90,134,1,123,40,49,48,63" hai2="38,56,76,126,129,86,55,69,107,95,84,83,50" hai3=""/><U120/><N who="1" m="30752" /><U32/><N who="1" m="31520" /><U80/><E1/><V104/><F129/><T131/><D37/><U57/><E32/><V39/><F126/><N who="0" m="48746" /><D2/><U103/><E134/><V60/><F39/><T93/><D131/><U119/><E119/><V110/><F38/><T71/><D117/><U105/><E105/><V79/><F110/><T102/><D97/><U78/><E103/><V81/><F95/><T73/><D82/><U54/><E41/><V88/><F88/><T132/><D132/><U66/><E66/><AGARI ba="3,0" hai="50,55,56,60,66,69,76,79,81,83,84,86,104,107" machi="66" ten="40,1300,0" yaku="9,1" doraHai="43" who="2" fromWho="1" sc="144,0,750,-19,156,19,0,0" /><INIT seed="2,0,0,4,4,41" ten="144,731,175,0" oya="2" hai0="126,65,102,111,107,119,44,81,109,72,42,32,64" hai1="68,85,52,77,88,39,127,2,70,57,62,34,3" hai2="131,60,106,79,78,112,51,101,45,50,86,40,132" hai3=""/><V118/><F118/><T74/><D32/><U87/><E34/><V80/><F112/><T125/><D119/><U67/><E39/><V91/><F132/><T83/><D102/><U110/><E110/><N who="0" m="41993" /><D107/><U128/><E128/><V43/><F131/><T35/><D35/><U123/><N who="1" m="31520" /><U84/><E127/><N who="0" m="48649" /><D83/><U63/><E77/><V56/><F101/><T82/><D82/><U37/><E37/><V97/><F106/><T54/><D54/><U47/><E47/><V58/><F97/><T92/><D92/><U114/><E114/><V133/><F133/><T89/><D89/><U55/><E55/><V53/><F43/><T100/><D100/><U135/><E135/><V116/><F116/><T46/><D81/><U122/><N who="1" m="31264" /><U130/><E130/><V1/><F1/><T38/><D46/><U98/><E98/><V48/><F79/><T99/><D99/><U96/><E96/><V121/><N who="2" m="31008" /><V94/><F78/><T59/><D59/><U90/><E90/><V117/><F117/><T75/><AGARI ba="0,0" hai="38,42,44,64,65,72,74,75" m="48649,41993" machi="75" ten="40,3900,0" yaku="14,1,18,1,52,1" doraHai="41" who="0" fromWho="0" sc="144,39,731,-13,175,-26,0,0" /><INIT seed="4,0,0,5,3,132" ten="183,718,149,0" oya="0" hai0="3,104,95,48,98,110,127,76,79,36,117,82,47" hai1="54,44,62,53,125,99,97,58,70,116,42,61,119" hai2="50,46,81,75,135,131,100,89,129,41,113,52,83" hai3=""/><T0/><D117/><U112/><E112/><V80/><F135/><T45/><D104/><U114/><E114/><V67/><F113/><T121/><N who="0" m="31008" /><T93/><D110/><U85/><E85/><V90/><F100/><T115/><D115/><U123/><N who="1" m="31520" /><U33/><E33/><V128/><F75/><T101/><D127/><U69/><E99/><V86/><F67/><T111/><D111/><U106/><E97/><V88/><REACH who="2" step="1"/><F41/><REACH who="2" ten="183,718,139,0" step="2"/><T55/><D3/><U65/><E116/><V134/><F134/><T130/><D0/><U126/><E119/><V78/><AGARI ba="0,1" hai="46,50,52,78,80,81,83,86,88,89,90,128,129,131" machi="78" ten="40,6000,1" yaku="1,1,0,1,19,1,54,2,53,0" doraHai="132" doraHaiUra="64" who="2" fromWho="2" sc="183,-40,718,-20,139,70,0,0" /><INIT seed="5,0,0,4,2,1" ten="143,698,209,0" oya="1" hai0="63,93,95,34,83,3,69,135,46,50,68,99,79" hai1="59,108,130,115,67,81,104,133,97,86,32,120,80" hai2="126,75,118,55,70,62,43,103,114,121,41,78,98" hai3=""/><U132/><N who="1" m="30752" /><U53/><E108/><V36/><N who="2" m="31008" /><V65/><F118/><T125/><D3/><U100/><E115/><V2/><F2/><T66/><D34/><U92/><E130/><V124/><F114/><T105/><D125/><N who="2" m="48234" /><F36/><T44/><D135/><U60/><E32/><V52/><F78/><T87/><D69/><U71/><E104/><V111/><F75/><T58/><D68/><U134/><E86/><V56/><F111/><T129/><D129/><U47/><E47/><V85/><F85/><T61/><D61/><AGARI ba="0,0" hai="53,59,60,61,67,71,80,81,92,97,100,132,133,134" m="30752" machi="61" ten="40,3900,0" yaku="20,1,52,1" doraHai="1" who="1" fromWho="0" sc="143,-39,698,39,209,0,0,0" /><INIT seed="5,1,0,5,0,117" ten="104,737,209,0" oya="1" hai0="126,85,60,53,119,125,93,78,77,47,118,61,0" hai1="100,134,42,112,116,113,92,67,97,41,128,95,110" hai2="84,111,55,108,65,122,75,124,59,107,58,106,87" hai3=""/><U71/><E71/><V120/><F75/><T131/><D0/><U33/><E67/><V1/><F65/><T130/><D93/><U83/><E83/><V57/><F55/><T51/><D85/><N who="2" m="32842" /><F124/><N who="0" m="47722" /><D78/><U127/><E97/><V43/><F43/><T91/><D91/><U32/><E100/><V80/><F80/><T101/><D77/><U123/><E127/><V76/><F1/><T121/><N who="0" m="31008" /><T105/><D101/><U2/><E2/><V39/><F39/><T45/><D45/><U66/><E66/><V56/><N who="2" m="14336" /><DORA hai="129" /><V99/><F76/><T48/><D51/><U102/><E41/><V68/><F68/><T94/><D94/><U3/><E95/><V35/><F99/><T133/><D105/><N who="2" m="39946" /><F35/><T54/><D54/><U89/><E42/><V38/><F38/><T64/><D133/><U50/><E33/><V132/><F132/><T69/><D61/><U40/><E32/><V36/><F36/><T52/><D53/><U135/><E3/><V79/><F79/><T88/><D88/><U74/><E89/><V90/><F90/><T103/><D103/><U86/><E74/><V81/><F81/><T82/><D82/><U114/><E135/><V115/><N who="2" m="30752" /><V70/><N who="2" m="31264" /><V96/><F96/><RYUUKYOKU ba="1,0" sc="104,20,737,-10,209,-10,0,0" hai0="47,48,52,60,64,69,118,119,130,131" /><INIT seed="6,2,0,0,2,113" ten="124,727,199,0" oya="2" hai0="132,86,126,48,80,107,122,95,49,61,52,93,105" hai1="117,124,110,36,69,79,112,127,60,47,46,103,88" hai2="125,65,74,53,43,84,85,134,87,44,50,64,121" hai3=""/><V78/><N who="2" m="31008" /><V0/><F0/><T82/><N who="0" m="31264" /><T42/><D126/><U3/><E127/><V38/><F125/><T101/><D132/><U67/><E124/><V128/><F134/><T106/><D42/><U39/><E3/><V102/><F128/><T104/><N who="0" m="26624" /><DORA hai="73" /><T100/><D61/><U96/><E110/><V131/><F102/><N who="0" m="39530" /><D52/><U94/><E94/><N who="0" m="35849" /><D49/><U129/><E112/><V123/><N who="2" m="31520" /><V120/><N who="2" m="30752" /><V37/><F131/><T108/><D48/><U109/><E109/><V45/><REACH who="2" step="1"/><F38/><REACH who="2" ten="124,727,189,0" step="2"/><T90/><D108/><U51/><E129/><V133/><F133/><T83/><AGARI ba="2,1" hai="80,82,83,86,90" m="35849,39530,26624,31264" machi="83" ten="60,9000,2" yaku="35,5,52,1" doraHai="113,73" who="0" fromWho="0" sc="124,104,727,-32,189,-62,0,0" owari="228,-17.0,695,64.0,127,-47.0,0,0.0" /></mjloggm>