<mjloggm ver="2.3"><GO type="169" lobby="0"/><UN n0="%E3%81%8B%E3%81%B6%E8%8C%B6" n1="%E2%98%85%E3%83%9B%E3%83%BC%E3%82%B9%E2%98%85" n2="%E3%81%A4%E3%82%89%E3%81%84%E3%80%82" n3="%E3%83%8E%E3%82%AA%E3%83%81%E3%83%A3%E3%83%99%E3%82%B9" dan="16,16,16,16" rate="2146.93,2132.78,2104.21,2069.33" sx="M,M,M,M"/><TAIKYOKU oya="0"/><INIT seed="0,0,0,2,4,26" ten="250,250,250,250" oya="0" hai0="36,55,114,106,54,116,53,60,74,132,82,17,72" hai1="85,118,77,124,64,66,4,70,123,111,14,109,51" hai2="119,18,107,62,50,80,75,1,90,61,56,20,69" hai3="0,63,7,58,31,120,117,122,33,6,67,88,101"/><T121/><D114/><U28/><E118/><V25/><F119/><W112/><G101/><T12/><D116/><U21/><E123/><N who="3" m="47146" /><G112/><T87/><D121/><U8/><E124/><V48/><F107/><W76/><G76/><T105/><D36/><U129/><E129/><V89/><F1/><W91/><G117/><T100/><D132/><U97/><E97/><V43/><F69/><W40/><G40/><T113/><D113/><U2/><E51/><V3/><F3/><W45/><G45/><T83/><D60/><U10/><E70/><V15/><F75/><W52/><G67/><T81/><D87/><U11/><E11/><V95/><F62/><W19/><G19/><T79/><D79/><U92/><E77/><V68/><F68/><W44/><G44/><T24/><D24/><N who="1" m="16399" /><E85/><N who="2" m="50343" /><F25/><N who="3" m="18671" /><G0/><T38/><D38/><U49/><E49/><V96/><F43/><W30/><G30/><T133/><D133/><U27/><E27/><V35/><F35/><W131/><G131/><T99/><REACH who="0" step="1"/><D106/><REACH who="0" ten="240,250,250,250" step="2"/><U13/><E64/><AGARI ba="0,1" hai="15,18,20,48,50,56,61,64,90,95,96" m="50343" machi="64" ten="30,1000,0" yaku="8,1" doraHai="26" who="2" fromWho="1" sc="240,0,250,-10,250,20,250,0" /><INIT seed="1,0,0,4,3,30" ten="240,240,270,250" oya="1" hai0="134,119,11,75,35,129,27,61,80,131,71,67,25" hai1="17,23,15,125,7,38,26,34,21,99,79,85,28" hai2="132,128,46,109,64,83,96,91,32,117,100,93,95" hai3="19,39,127,18,62,116,41,72,106,133,124,4,103"/><U31/><E38/><V114/><F117/><W45/><G72/><T84/><D119/><U82/><E125/><V59/><F109/><W120/><G120/><T29/><D134/><U48/><E99/><V118/><F118/><W49/><G133/><T77/><D84/><U53/><E7/><V54/><F132/><W110/><G110/><T112/><D112/><U76/><E76/><V33/><F114/><W88/><G103/><T66/><D66/><U20/><REACH who="1" step="1"/><E28/><REACH who="1" ten="240,230,270,250" step="2"/><V8/><F128/><W44/><G4/><T57/><D129/><U24/><E24/><V130/><F130/><W69/><G116/><T86/><D131/><U14/><E14/><V58/><F96/><W111/><G111/><T115/><D115/><U12/><E12/><V50/><F100/><W113/><G113/><T52/><D27/><U122/><E122/><V37/><F37/><W98/><G127/><T47/><D75/><U2/><E2/><V126/><F126/><W5/><G5/><T123/><D123/><U51/><E51/><V63/><F50/><W13/><G13/><T70/><REACH who="0" step="1"/><D11/><REACH who="0" ten="230,230,270,250" step="2"/><U56/><AGARI ba="0,2" hai="15,17,20,21,23,26,31,34,48,53,56,79,82,85" machi="56" ten="20,7800,0" yaku="1,1,0,1,7,1,52,1,53,0" doraHai="30" doraHaiUra="40" who="1" fromWho="1" sc="230,-26,230,98,270,-26,250,-26" /><INIT seed="1,1,0,2,2,1" ten="204,328,244,224" oya="1" hai0="98,125,58,90,84,127,24,72,97,79,112,113,92" hai1="91,100,68,81,19,126,107,48,63,69,64,96,124" hai2="118,8,134,75,93,120,25,36,99,9,13,122,33" hai3="39,30,3,66,53,49,35,87,62,95,2,43,55"/><U102/><E69/><V103/><F118/><W132/><G132/><T5/><D24/><U111/><E102/><V16/><F134/><W82/><G95/><T133/><D133/><U51/><E19/><V59/><F36/><W12/><G43/><T60/><D72/><U56/><E68/><V80/><F59/><W32/><G39/><T106/><D5/><U83/><E111/><V65/><F65/><W77/><G12/><T6/><D6/><U7/><E91/><V11/><F33/><W89/><G3/><T34/><D34/><U57/><E7/><V110/><F25/><W88/><G2/><T135/><D135/><U104/><E104/><V71/><F71/><W40/><G30/><T85/><D85/><U52/><REACH who="1" step="1"/><E48/><REACH who="1" ten="204,318,244,224" step="2"/><V21/><F110/><W76/><G89/><T128/><D106/><U78/><E78/><V70/><F70/><W119/><G76/><T23/><D79/><U17/><E17/><V18/><F18/><W50/><G77/><T105/><D105/><U20/><E20/><V54/><F9/><W15/><G35/><T121/><D23/><U38/><E38/><V116/><F11/><W114/><G32/><T10/><D10/><U41/><E41/><V123/><F8/><W37/><G37/><T130/><D90/><U4/><E4/><V115/><F21/><W101/><G88/><T28/><D28/><U47/><E47/><V131/><F16/><W31/><G31/><T42/><D42/><U73/><E73/><V86/><F75/><W61/><G40/><T29/><D29/><U14/><E14/><V45/><F13/><RYUUKYOKU ba="1,1" sc="204,-10,318,30,244,-10,224,-10" hai1="51,52,56,57,63,64,81,83,96,100,107,124,126" /><INIT seed="1,2,1,3,3,60" ten="194,348,234,214" oya="1" hai0="56,84,49,1,128,59,34,39,31,122,91,106,24" hai1="28,94,125,14,36,87,30,112,98,124,64,131,48" hai2="20,100,61,6,45,99,70,38,13,57,113,107,121" hai3="109,119,33,134,123,3,7,4,79,23,89,77,135"/><U92/><E36/><V129/><F121/><W68/><G33/><T66/><D39/><U117/><E117/><V51/><F129/><W21/><G68/><T40/><D128/><U63/><E131/><V108/><F108/><W127/><G89/><T88/><D1/><U102/><E112/><V126/><F113/><W83/><G83/><T37/><D37/><U71/><E48/><V16/><F126/><N who="1" m="48745" /><E14/><V93/><F70/><W132/><G127/><T65/><D106/><U110/><E110/><V105/><F6/><N who="3" m="2091" /><G109/><T97/><D97/><N who="1" m="59687" /><E87/><V52/><REACH who="2" step="1"/><F38/><REACH who="2" ten="194,348,224,214" step="2"/><W74/><G123/><T15/><D122/><U67/><E71/><V116/><F116/><W44/><G119/><T103/><D49/><U75/><E75/><V130/><F130/><W73/><G3/><T2/><D2/><U81/><E81/><V47/><F47/><W90/><G44/><T111/><D111/><U76/><E76/><N who="3" m="29258" /><G90/><T101/><D91/><N who="1" m="55647" /><E63/><V120/><F120/><W25/><G25/><T115/><D24/><U80/><E80/><V95/><F95/><W29/><G29/><AGARI ba="2,2" hai="28,29,30,64,67" m="55647,59687,48745" machi="29" ten="30,5800,0" yaku="18,1,52,2" doraHai="60" who="1" fromWho="3" sc="194,0,348,84,224,0,214,-64" /><INIT seed="1,3,0,3,0,92" ten="194,432,224,150" oya="1" hai0="70,107,110,8,126,117,111,24,39,91,6,73,88" hai1="62,90,116,130,72,99,93,34,14,104,1,100,51" hai2="40,59,109,32,20,101,121,12,84,52,60,114,10" hai3="124,125,38,65,26,132,97,13,128,131,63,81,31"/><U77/><E1/><V28/><F121/><W29/><G38/><T44/><D117/><U76/><E34/><V122/><F122/><W49/><G49/><T74/><D70/><U123/><E123/><V78/><F109/><N who="0" m="41482" /><D107/><U118/><E62/><V42/><F32/><W19/><G81/><T82/><D126/><N who="3" m="48745" /><G65/><T133/><D133/><U71/><E71/><V96/><F114/><W85/><G85/><N who="0" m="50231" /><D91/><U79/><E130/><N who="3" m="49706" /><G63/><T75/><D24/><U87/><E51/><V113/><F113/><W18/><G97/><T68/><D68/><U9/><REACH who="1" step="1"/><E72/><REACH who="1" ten="194,422,224,150" step="2"/><V21/><F60/><W58/><G58/><T33/><D33/><U106/><E106/><V43/><F59/><W108/><G108/><T89/><D75/><U66/><E66/><V41/><N who="2" m="10240" /><DORA hai="53" /><V103/><F84/><W2/><G2/><T16/><D73/><U115/><E115/><V95/><F28/><W11/><G132/><T94/><D74/><U37/><E37/><V127/><F127/><W61/><G61/><T112/><D39/><U56/><E56/><V69/><F69/><W102/><G102/><T80/><D112/><U98/><E98/><V30/><F103/><W46/><G46/><T134/><D44/><U64/><E64/><V57/><F30/><W36/><G36/><T17/><D134/><U5/><AGARI ba="3,1" hai="5,9,14,76,77,79,87,90,93,99,100,104,116,118" machi="5" ten="30,6000,0" yaku="1,1,0,1,52,1,53,0" doraHai="92,53" doraHaiUra="55,25" who="1" fromWho="1" sc="194,-23,422,79,224,-23,150,-23" /><INIT seed="1,4,0,5,0,82" ten="171,501,201,127" oya="1" hai0="34,53,15,75,105,127,18,0,1,81,59,134,87" hai1="108,40,77,35,74,111,122,12,90,20,84,101,86" hai2="79,124,66,76,83,45,52,113,102,6,43,37,19" hai3="68,129,123,85,92,8,89,119,131,7,24,106,88"/><U103/><E35/><V110/><F110/><N who="1" m="42025" /><E40/><V80/><F124/><W73/><G68/><T93/><D105/><U72/><E122/><V117/><F117/><W65/><G65/><T30/><D75/><N who="1" m="28715" /><E20/><V46/><F66/><W78/><G123/><T49/><D134/><U44/><E44/><V115/><F6/><W118/><G106/><T3/><D127/><U109/><E12/><V2/><F2/><N who="3" m="119" /><G24/><T28/><D34/><U27/><E27/><V26/><F26/><W60/><G60/><T50/><D50/><U58/><E109/><V38/><F43/><W17/><G17/><T120/><D120/><U94/><E58/><V128/><F19/><W48/><G48/><T67/><D30/><U54/><E54/><V130/><F52/><W63/><G63/><T98/><D28/><U39/><E39/><V69/><REACH who="2" step="1"/><F102/><REACH who="2" ten="171,501,191,127" step="2"/><W97/><G73/><T114/><D0/><U47/><E47/><V5/><F5/><W13/><G13/><T57/><D67/><U116/><E116/><N who="3" m="44586" /><G78/><T56/><D1/><U112/><E112/><V32/><F32/><W100/><G100/><N who="0" m="60495" /><D114/><U25/><E25/><V126/><F126/><W91/><G91/><N who="0" m="51695" /><D3/><U51/><E51/><V9/><F9/><AGARI ba="4,1" hai="9,15,18,49,53,56,57,59" m="51695,60495" machi="9" ten="30,2000,0" yaku="8,1,52,1" doraHai="82" who="0" fromWho="2" sc="171,42,501,0,191,-32,127,0" /><INIT seed="2,0,0,4,2,16" ten="213,501,159,127" oya="2" hai0="83,101,79,39,115,11,3,114,119,22,8,27,26" hai1="97,73,105,44,17,70,128,96,64,110,92,122,10" hai2="132,37,89,130,100,6,108,55,30,40,111,41,38" hai3="78,131,61,0,54,80,103,50,63,134,42,88,28"/><V118/><F118/><W47/><G0/><T52/><D39/><N who="2" m="14858" /><F100/><W19/><G28/><T23/><D101/><U76/><E105/><V12/><F130/><W86/><G134/><T117/><D83/><U25/><E97/><V94/><F55/><W5/><G5/><T31/><D79/><U121/><E76/><V87/><F30/><W75/><G131/><T107/><D52/><U77/><E128/><V9/><F132/><W126/><G126/><T35/><D107/><U2/><E96/><V90/><F89/><W102/><G63/><T46/><D46/><U93/><E77/><V24/><F24/><W14/><G61/><T71/><D71/><U81/><E25/><V15/><F15/><W21/><REACH who="3" step="1"/><G54/><REACH who="3" ten="213,501,159,117" step="2"/><T67/><D35/><U33/><E33/><V7/><F6/><W127/><G127/><T32/><D32/><U72/><E2/><V112/><F112/><N who="0" m="43050" /><D67/><U85/><E64/><V1/><F1/><W62/><G62/><T49/><D3/><U129/><E129/><V99/><F41/><W45/><G45/><T95/><D119/><U113/><E44/><V36/><F40/><W84/><G84/><T91/><D117/><U20/><E85/><V109/><F36/><W51/><G51/><T53/><D49/><U68/><E113/><V57/><F87/><W135/><G135/><T124/><D53/><U98/><E72/><V65/><F65/><W106/><G106/><T123/><D124/><U43/><E73/><V69/><F69/><W34/><G34/><T133/><D133/><U4/><E68/><V66/><F66/><W58/><G58/><AGARI ba="0,1" hai="7,9,12,57,58,90,94,99,108,109,111" m="14858" machi="58" ten="40,7700,0" yaku="6,1,14,1,10,1" doraHai="16" who="2" fromWho="3" sc="213,0,501,0,159,87,117,-77" /><INIT seed="2,1,0,2,0,58" ten="213,501,246,40" oya="2" hai0="69,37,127,105,110,75,124,48,101,20,38,53,78" hai1="41,7,83,130,21,129,1,35,82,117,43,47,128" hai2="39,90,96,15,72,125,91,109,31,132,89,16,119" hai3="126,42,87,18,8,51,64,122,63,11,111,17,54"/><V135/><F119/><W40/><G111/><T97/><D110/><U23/><E35/><V95/><F109/><W70/><G126/><N who="0" m="48171" /><D69/><U98/><E117/><V80/><F39/><W22/><G122/><T59/><D20/><N who="1" m="7755" /><E98/><V45/><F31/><W106/><G106/><T62/><D78/><U29/><E29/><V27/><F27/><W76/><G76/><T79/><D79/><U74/><E74/><V57/><F45/><W120/><G120/><T112/><D75/><U68/><E68/><V3/><F3/><W60/><G87/><T123/><D112/><U115/><E115/><V81/><F72/><W14/><G11/><T24/><D24/><U30/><E30/><V65/><F125/><W118/><G118/><T4/><D4/><U61/><E61/><N who="3" m="23626" /><G64/><N who="0" m="39007" /><D123/><U66/><E66/><V86/><F65/><W93/><G93/><T88/><D88/><N who="2" m="33898" /><F57/><AGARI ba="1,0" hai="37,38,48,53,57,97,101,105" m="39007,48171" machi="57" ten="30,2000,0" yaku="18,1,52,1" doraHai="58" who="0" fromWho="2" sc="213,23,501,0,246,-23,40,0" /><INIT seed="3,0,0,2,5,31" ten="236,501,223,40" oya="3" hai0="118,98,70,79,24,90,111,78,83,8,91,123,102" hai1="29,100,104,26,120,10,73,132,119,103,38,66,11" hai2="71,87,23,57,34,133,109,53,60,127,45,99,6" hai3="54,93,106,105,77,35,47,84,19,3,20,37,12"/><W30/><G3/><T51/><D123/><U9/><E38/><V32/><F109/><W114/><G114/><T1/><D118/><U74/><E120/><V62/><F127/><W75/><G75/><T13/><D70/><U15/><E15/><V52/><F6/><W69/><G69/><T107/><D111/><U85/><E66/><V95/><F87/><W36/><G36/><T88/><D1/><U101/><E104/><V89/><F133/><W39/><G39/><T14/><D51/><U96/><E96/><V97/><F97/><W61/><G61/><T50/><D50/><U72/><E85/><V44/><F23/><W121/><G121/><T16/><D24/><U7/><E132/><V25/><F25/><W4/><G4/><T134/><D134/><U43/><E43/><V49/><REACH who="2" step="1"/><F45/><REACH who="2" ten="236,501,213,40" step="2"/><W22/><G22/><T27/><D83/><U41/><E7/><V59/><F59/><W58/><G47/><T110/><D110/><U92/><E119/><V68/><F68/><W18/><G18/><T124/><D124/><U122/><E122/><V64/><AGARI ba="0,1" hai="32,34,44,49,52,53,57,60,62,64,71,89,95,99" machi="64" ten="30,8000,1" yaku="1,1,0,1,52,2,54,1,53,0" doraHai="31" doraHaiUra="135" who="2" fromWho="2" sc="236,-20,501,-20,213,90,40,-40" /><INIT seed="4,0,0,4,5,77" ten="216,481,303,0" oya="0" hai0="87,109,14,2,35,102,31,5,98,133,62,104,112" hai1="132,32,49,71,41,69,93,65,7,10,1,96,125" hai2="91,25,43,19,80,114,134,100,110,9,53,74,4" hai3="90,45,50,119,79,99,58,122,92,75,72,89,67"/><T17/><D112/><U6/><E32/><V47/><F110/><W18/><G119/><T37/><D109/><U60/><E7/><V105/><F114/><W22/><G122/><T76/><D37/><U126/><E132/><V16/><F134/><W55/><G75/><T117/><D117/><U15/><E1/><V42/><F100/><N who="3" m="60519" /><G79/><T36/><D36/><U66/><E41/><V95/><F105/><W13/><G72/><T115/><D115/><U57/><E49/><N who="2" m="28863" /><F74/><W70/><G70/><T107/><D133/><U59/><E59/><V131/><F131/><W81/><G81/><T29/><D107/><U28/><E28/><V94/><F43/><N who="3" m="24895" /><G67/><T116/><D116/><U48/><E48/><AGARI ba="0,0" hai="13,18,22,48,55,58,89,90" m="24895,60519" machi="48" ten="30,1000,0" yaku="8,1" doraHai="77" who="3" fromWho="1" sc="216,0,481,-10,303,0,0,10" /><INIT seed="5,0,0,0,1,117" ten="216,471,303,10" oya="1" hai0="18,3,115,120,66,5,88,133,135,10,62,127,97" hai1="124,105,56,50,94,95,37,131,15,96,125,26,32" hai2="44,90,72,73,8,48,58,31,129,63,28,84,89" hai3="43,68,83,6,46,126,104,47,78,36,99,57,52"/><U112/><E37/><V86/><F129/><W45/><G126/><N who="1" m="48746" /><E112/><V55/><F73/><W25/><G68/><T76/><D127/><U130/><E15/><V53/><F72/><W59/><G59/><T70/><D115/><U80/><E80/><V7/><F86/><W42/><G6/><T23/><D76/><U134/><E105/><V54/><F54/><W107/><G25/><T0/><D0/><U101/><E94/><V17/><F90/><W114/><G114/><T61/><D61/><U64/><E134/><V110/><F110/><W81/><G81/><T14/><REACH who="0" step="1"/><D120/><REACH who="0" ten="206,471,303,10" step="2"/><U1/><E1/><V38/><F38/><W91/><G36/><T21/><D21/><U29/><E50/><V102/><F102/><W13/><G13/><T24/><D24/><U40/><E131/><V92/><F17/><W33/><G33/><T34/><D34/><U16/><E16/><V132/><REACH who="2" step="1"/><F132/><REACH who="2" ten="206,471,293,10" step="2"/><W82/><G78/><T71/><D71/><U27/><E130/><V111/><F111/><W65/><G43/><T118/><D118/><U11/><E40/><V19/><F19/><W116/><G116/><T60/><D60/><U93/><E101/><V79/><F79/><W35/><G42/><T109/><D109/><U49/><E29/><V98/><F98/><W39/><G39/><T30/><D30/><U119/><E96/><V9/><F9/><W20/><G20/><T85/><D85/><U2/><E11/><V4/><F4/><W77/><G35/><T12/><D12/><AGARI ba="0,2" hai="7,8,12,28,31,44,48,53,55,58,63,84,89,92" machi="12" ten="30,3900,0" yaku="1,1,7,1,8,1,53,0" doraHai="117" doraHaiUra="74" who="2" fromWho="0" sc="206,-39,471,0,293,59,10,0" /><INIT seed="6,0,0,5,4,124" ten="167,471,352,10" oya="2" hai0="19,81,66,17,75,61,27,84,102,15,92,2,119" hai1="18,111,129,62,77,135,74,104,123,32,109,49,16" hai2="31,65,53,120,76,122,101,5,89,98,125,133,69" hai3="117,9,43,64,36,41,13,44,37,95,90,22,114"/><V70/><F125/><W54/><G117/><T7/><D2/><U105/><E32/><V82/><F133/><W55/><G64/><T57/><D119/><U110/><E135/><V3/><F89/><W72/><G72/><T59/><D75/><U50/><E123/><V73/><F53/><W97/><G114/><T99/><D27/><U56/><E74/><V71/><F31/><W52/><G22/><T88/><D57/><U126/><E126/><V86/><F86/><W93/><G95/><T0/><D0/><U46/><E77/><V91/><F91/><W12/><REACH who="3" step="1"/><G9/><AGARI ba="0,0" hai="7,9,15,17,19,59,61,66,81,84,88,92,99,102" machi="9" ten="40,2600,0" yaku="8,1,54,1" doraHai="124" who="0" fromWho="3" sc="167,26,471,0,352,0,10,-26" owari="193,-21.0,471,58.0,352,15.0,-16,-52.0" /></mjloggm>