<mjloggm ver="2.3"><GO type="185" lobby="0"/><UN n0="%E3%81%9F%E3%82%93%E3%82%86%E3%81%86" n1="%E3%81%BA%E3%82%93%E3%81%8E%E3%82%93%E3%81%95%E3%82%93" n2="%E3%81%82%E3%81%9F%E3%82%89%E3%81%AA%E3%81%84%E3%81%A7%EF%BC%81" n3="" dan="16,16,16,0" rate="2239.15,2108.23,2156.13,1500.00" sx="F,F,M,C"/><TAIKYOKU oya="0"/><INIT seed="0,0,0,5,0,1" ten="350,350,350,0" oya="0" hai0="108,76,118,78,110,112,56,45,85,58,0,61,66" hai1="35,50,132,107,63,111,122,99,124,88,46,81,54" hai2="134,127,62,126,105,57,103,73,80,121,55,135,36" hai3=""/><T42/><D0/><U117/><N who="1" m="31264" /><U133/><E117/><V120/><N who="2" m="30752" /><V100/><N who="2" m="31008" /><V39/><F80/><T34/><D118/><U40/><E124/><N who="2" m="47659" /><F73/><T43/><D112/><U41/><E111/><N who="0" m="42537" /><D58/><U68/><E35/><V72/><F72/><T97/><D97/><U123/><N who="1" m="31520" /><U115/><E115/><V49/><F49/><T60/><D60/><U77/><E63/><V94/><F94/><T128/><D128/><U2/><E68/><V71/><F71/><T113/><D113/><U90/><E2/><V53/><F53/><T83/><D34/><U93/><E107/><V87/><F87/><T37/><D43/><U70/><E70/><V84/><F84/><T131/><D131/><U75/><E41/><V82/><F82/><T101/><D101/><N who="2" m="38986" /><F105/><T89/><AGARI ba="0,0" hai="37,42,45,56,61,66,76,78,83,85,89" m="42537" machi="89" ten="30,2000,0" yaku="14,1,10,1" doraHai="1" who="0" fromWho="0" sc="350,20,350,-10,350,-10,0,0" /><INIT seed="0,1,0,1,1,39" ten="370,340,340,0" oya="0" hai0="65,104,133,90,75,85,36,118,97,61,134,48,62" hai1="115,32,79,103,83,56,70,112,69,46,128,74,1" hai2="123,58,89,119,33,38,50,80,132,0,84,130,2" hai3=""/><T45/><D36/><U99/><E32/><V72/><N who="2" m="31520" /><V86/><F72/><T126/><D75/><U52/><E1/><V87/><F33/><T63/><D118/><U131/><E46/><V125/><F38/><T91/><D126/><U55/><E55/><V60/><F119/><T64/><D104/><U116/><E116/><V81/><F125/><T135/><D97/><U102/><E102/><V59/><F130/><N who="1" m="49705" /><E99/><V98/><F98/><T114/><D114/><N who="1" m="43563" /><E103/><V3/><F132/><T111/><D111/><U76/><E76/><V107/><F107/><T127/><D127/><U95/><E95/><V54/><REACH who="2" step="1"/><F89/><REACH who="2" ten="370,340,330,0" step="2"/><N who="0" m="33802" /><D85/><U53/><E53/><AGARI ba="1,1" hai="0,2,3,50,53,54,58,59,60,80,81,84,86,87" m="31520" machi="53" ten="50,8000,1" yaku="1,1,52,1,53,3" doraHai="39" doraHaiUra="34" who="2" fromWho="1" sc="370,0,340,-82,330,92,0,0" /><AGARI ba="1,0" hai="45,48,53,61,62,63,64,65,133,134,135" m="33802" machi="53" ten="40,2000,0" yaku="20,1" doraHai="39" who="0" fromWho="1" sc="370,20,258,-20,422,0,0,0" /><INIT seed="0,2,0,0,0,80" ten="390,238,422,0" oya="0" hai0="127,1,60,48,43,37,0,101,114,88,38,130,69" hai1="57,117,82,97,123,46,53,55,103,109,132,56,33" hai2="45,134,124,92,102,95,75,84,64,93,110,126,113" hai3=""/><T76/><D114/><U35/><N who="1" m="31520" /><U36/><E117/><V39/><F113/><T72/><D101/><U99/><E109/><V40/><F110/><T131/><D127/><N who="2" m="48682" /><F134/><T128/><D76/><U104/><E132/><V116/><F116/><T108/><D72/><U98/><E36/><V54/><F75/><T105/><D105/><U122/><N who="1" m="31264" /><U3/><E46/><V90/><F64/><T52/><D108/><U74/><E3/><V133/><F133/><T83/><D43/><U77/><E35/><V112/><F112/><T129/><D129/><U41/><E41/><V120/><N who="2" m="30752" /><V73/><F73/><T119/><D119/><U70/><E70/><V68/><F68/><T58/><D1/><U50/><REACH who="1" step="1"/><E33/><REACH who="1" ten="390,228,422,0" step="2"/><V87/><F102/><T96/><D0/><U100/><E100/><V78/><F54/><T67/><D38/><U49/><AGARI ba="2,1" hai="49,50,53,55,56,57,74,77,82,97,98,99,103,104" m="31264,31520" machi="49" ten="20,9000,2" yaku="1,1,0,1,7,1,9,1,52,2,53,0" doraHai="80" doraHaiUra="34" who="1" fromWho="1" sc="390,-62,228,104,422,-32,0,0" /><INIT seed="1,0,0,0,2,81" ten="328,332,390,0" oya="1" hai0="121,100,122,119,34,103,39,38,62,118,32,56,78" hai1="117,104,96,36,55,59,125,116,42,109,66,107,105" hai2="67,85,131,49,80,123,112,114,50,84,91,40,124" hai3=""/><U115/><E115/><N who="2" m="44075" /><F131/><T46/><N who="0" m="31008" /><T126/><N who="0" m="31264" /><T61/><D78/><U90/><E125/><V69/><N who="2" m="31520" /><V68/><F124/><T79/><D79/><U53/><E109/><V129/><F129/><T132/><D126/><U128/><E128/><V95/><F67/><T108/><D108/><U1/><E1/><V0/><F0/><T41/><D132/><U43/><E66/><V113/><N who="2" m="44083" /><V98/><DORA hai="65" /><F85/><T70/><D56/><U102/><E90/><V83/><F83/><T89/><D89/><U135/><E135/><V45/><F50/><T92/><D92/><U64/><E36/><V130/><F130/><T110/><D110/><U87/><E87/><V57/><F57/><T106/><D106/><U37/><E37/><V133/><F133/><T74/><D46/><U82/><E82/><V60/><F60/><T88/><D88/><AGARI ba="0,0" hai="40,45,49,68,69,80,84,88,91,95,98" m="31520,44083" machi="88" ten="40,12000,2" yaku="11,1,52,4,54,1" doraHai="81,65" who="2" fromWho="0" sc="328,-120,332,0,390,120,0,0" /><INIT seed="2,0,0,5,0,124" ten="208,332,510,0" oya="2" hai0="56,126,94,90,123,32,82,38,105,70,86,84,100" hai1="63,65,59,101,75,119,127,51,61,54,113,130,42" hai2="102,112,37,106,93,73,129,49,43,78,1,95,135" hai3=""/><V115/><F1/><T114/><N who="0" m="31520" /><T2/><D70/><U110/><E75/><V87/><F37/><T71/><D2/><U34/><E34/><V97/><F43/><T116/><D71/><U134/><E127/><V52/><F135/><T85/><D38/><U125/><E125/><V104/><F129/><T107/><D32/><U91/><E110/><V118/><F118/><T111/><D56/><U81/><E134/><V33/><F33/><T92/><D126/><U120/><N who="1" m="30752" /><U62/><E113/><V66/><F66/><T39/><D39/><U69/><E101/><V121/><N who="2" m="31008" /><V35/><F35/><T36/><D36/><U53/><E119/><V0/><F0/><T96/><D114/><U80/><E130/><V60/><F60/><T131/><D111/><U45/><E91/><V58/><F73/><T108/><D108/><U132/><E132/><V133/><F133/><T40/><D40/><U128/><E128/><V67/><F67/><T79/><D131/><U74/><E74/><V83/><F115/><T99/><D116/><U72/><E72/><AGARI ba="0,0" hai="72,79,82,84,85,86,90,92,94,96,99,100,105,107" m="31520" machi="72" ten="40,12000,2" yaku="35,6,52,1" doraHai="124" who="0" fromWho="1" sc="208,120,332,-120,510,0,0,0" /><INIT seed="4,0,0,5,2,112" ten="328,212,510,0" oya="0" hai0="74,79,50,43,127,116,63,119,97,37,98,117,105" hai1="80,99,100,95,88,115,129,36,134,122,52,120,132" hai2="84,73,64,33,0,93,35,41,44,110,68,59,67" hai3=""/><T109/><D37/><U58/><N who="1" m="30752" /><U107/><N who="1" m="31264" /><U66/><E36/><V1/><F73/><T108/><D63/><U85/><E115/><V111/><F59/><T71/><D71/><U114/><E114/><V61/><F67/><T133/><D133/><N who="1" m="51307" /><E66/><V104/><F104/><T135/><D135/><U78/><E129/><V72/><F72/><T87/><D127/><U89/><E58/><V96/><F84/><T86/><D50/><U123/><N who="1" m="31520" /><U62/><E62/><V47/><F47/><T45/><D45/><U101/><E52/><V131/><F131/><T82/><D43/><U48/><E48/><V55/><F55/><T128/><D128/><U42/><E42/><V76/><F1/><T39/><D39/><U102/><E107/><V91/><F0/><T70/><D70/><U3/><E3/><V65/><F65/><T81/><D105/><U53/><E53/><V94/><F41/><T118/><D118/><U69/><E69/><V2/><F2/><T130/><D130/><U60/><E60/><V46/><F61/><T83/><D117/><U75/><E75/><V32/><F68/><T49/><D119/><U90/><AGARI ba="0,0" hai="78,80,85,88,89,90,95,99,100,101,102" m="31520,51307,31264,30752" machi="90" ten="40,9000,2" yaku="20,1,34,2,52,3,54,1" doraHai="112" who="1" fromWho="1" sc="328,-60,212,90,510,-30,0,0" /><INIT seed="5,0,0,4,5,1" ten="268,302,480,0" oya="1" hai0="121,71,114,89,125,53,116,101,39,72,70,35,95" hai1="75,115,106,129,76,103,132,38,83,122,128,63,78" hai2="45,85,43,97,40,96,3,62,49,65,120,92,127" hai3=""/><U94/><N who="1" m="31264" /><U67/><E38/><V48/><N who="2" m="30752" /><V110/><F110/><T111/><N who="0" m="31008" /><T131/><D111/><U55/><E115/><V64/><F3/><T73/><D39/><U50/><E132/><V54/><F127/><T74/><D101/><U107/><E78/><V59/><F85/><T47/><D114/><U133/><E94/><V56/><F97/><T105/><D105/><U51/><E51/><V36/><F36/><T113/><D113/><U100/><E133/><V69/><F69/><T37/><D125/><U2/><E2/><V134/><F134/><T88/><D131/><N who="1" m="50251" /><E106/><V46/><F59/><T119/><D35/><U98/><E103/><AGARI ba="0,0" hai="40,43,45,46,48,49,54,56,62,64,65,92,96,103" m="30752" machi="103" ten="30,7700,0" yaku="7,1,9,1,8,1,52,1" doraHai="1" who="2" fromWho="1" sc="268,0,302,-77,480,77,0,0" /><INIT seed="6,0,0,2,0,75" ten="268,225,557,0" oya="2" hai0="103,46,50,53,71,61,1,79,108,34,70,76,92" hai1="91,73,120,77,96,118,101,114,60,121,127,51,117" hai2="42,72,38,126,33,65,130,43,52,132,95,36,102" hai3=""/><V90/><F33/><T84/><D34/><U48/><N who="1" m="30752" /><U59/><N who="1" m="31008" /><U45/><E114/><V37/><F102/><T78/><D1/><U57/><E127/><V58/><F72/><T125/><D108/><U109/><E109/><V122/><N who="2" m="31264" /><V87/><F65/><T123/><N who="0" m="31520" /><T64/><D125/><U63/><E91/><V105/><F105/><T56/><REACH who="0" step="1"/><D84/><REACH who="0" ten="258,225,557,0" step="2"/><U116/><E73/><V74/><F74/><T39/><D39/><U93/><E77/><V0/><F36/><T115/><D115/><U47/><E60/><V81/><F37/><T104/><D104/><U3/><E3/><V49/><F38/><T119/><D119/><U68/><E68/><V55/><F126/><T135/><D135/><U41/><REACH who="1" step="1"/><E63/><REACH who="1" ten="258,215,557,0" step="2"/><V134/><F0/><T54/><D54/><AGARI ba="0,2" hai="41,45,47,48,51,54,57,59,93,96,101,116,117,118" m="31008,30752" machi="54" ten="40,8000,1" yaku="1,1,2,1,12,1,52,2,53,0" doraHai="75" doraHaiUra="80" who="1" fromWho="0" sc="258,-80,215,100,557,0,0,0" owari="178,-42.0,315,-8.0,557,50.0,0,0.0" /></mjloggm>