<mjloggm ver="2.3"><GO type="169" lobby="0"/><UN n0="%E5%8D%83%E7%BE%BD%E9%B4%89" n1="%E4%BA%8C%E3%81%93%E4%BA%8C%E3%81%93" n2="%43%68%65" n3="%45%7A%61%6B%69" dan="17,16,16,16" rate="2231.90,2071.44,2096.47,2112.16" sx="F,M,M,M"/><TAIKYOKU oya="0"/><INIT seed="0,0,0,3,1,47" ten="250,250,250,250" oya="0" hai0="82,5,51,90,67,38,95,7,91,125,83,132,58" hai1="43,17,35,27,12,23,128,124,130,107,28,126,33" hai2="72,10,102,63,117,99,103,9,11,8,93,21,1" hai3="96,57,76,54,110,19,2,39,114,13,118,115,61"/><T25/><D38/><U34/><E107/><V116/><F72/><W71/><G118/><N who="2" m="45673" /><F1/><W105/><G2/><T80/><D132/><U20/><REACH who="1" step="1"/><E43/><REACH who="1" ten="250,240,250,250" step="2"/><V100/><N who="2" m="2048" /><DORA hai="135" /><V120/><F120/><W44/><G105/><T40/><D40/><U79/><E79/><V66/><F21/><W4/><G76/><T104/><D104/><U62/><E62/><V60/><F63/><W73/><G61/><T127/><D5/><U45/><E45/><V49/><F49/><W3/><G44/><T70/><D7/><U37/><E37/><V56/><AGARI ba="0,1" hai="56,60,66,93,99,100,102,103" m="2048,45673" machi="56" ten="50,1600,0" yaku="12,1" doraHai="47,135" who="2" fromWho="2" sc="250,-8,240,-4,250,26,250,-4" /><INIT seed="1,0,0,3,1,49" ten="242,236,276,246" oya="1" hai0="63,19,55,92,62,37,99,76,30,110,12,22,43" hai1="117,38,91,66,34,8,70,135,23,104,41,7,131" hai2="21,6,130,118,16,20,36,58,46,5,52,87,122" hai3="113,65,81,75,57,68,35,33,134,28,133,115,83"/><U11/><E34/><N who="3" m="12810" /><G57/><T15/><D110/><U32/><E117/><V106/><F118/><W74/><G65/><T59/><D30/><U10/><E32/><V93/><F106/><W3/><G28/><T79/><D37/><U2/><E131/><V100/><F130/><W69/><G3/><T42/><D62/><U126/><E104/><V1/><F1/><W26/><G26/><T51/><D12/><U127/><E135/><N who="3" m="51722" /><G83/><T71/><D71/><N who="3" m="27209" /><G81/><T108/><D108/><U88/><E23/><V111/><F111/><W14/><G14/><T61/><D61/><N who="1" m="40271" /><E2/><V50/><F21/><W40/><G40/><N who="0" m="15403" /><D63/><U120/><E120/><V84/><F36/><W90/><G90/><AGARI ba="0,0" hai="15,19,22,51,55,59,76,79,90,92,99" m="15403" machi="90" ten="30,2000,0" yaku="8,1,52,1" doraHai="49" who="0" fromWho="3" sc="242,20,236,0,276,0,246,-20" /><INIT seed="2,0,0,1,5,41" ten="262,236,276,226" oya="2" hai0="11,93,39,116,76,128,0,44,80,113,42,6,77" hai1="53,61,7,2,22,82,63,15,69,73,101,74,135" hai2="21,83,115,91,134,84,121,59,95,88,35,55,87" hai3="92,34,124,106,64,48,120,110,31,62,90,25,79"/><V67/><F134/><W20/><G120/><T28/><D128/><U102/><E135/><V3/><F35/><W81/><G110/><T23/><D116/><U33/><E33/><V104/><F104/><W49/><G124/><T32/><D113/><U14/><E2/><V58/><F3/><W12/><G106/><T56/><D93/><U60/><E69/><V1/><F1/><W97/><G12/><T126/><D126/><U96/><E53/><V5/><F115/><W114/><G34/><T68/><D56/><U51/><E51/><V52/><F121/><W98/><G98/><T70/><D23/><U118/><E118/><V40/><F40/><W89/><G89/><T4/><D77/><U66/><E66/><V129/><F129/><W24/><G24/><N who="0" m="18439" /><D4/><U54/><E54/><N who="2" m="20523" /><F5/><W8/><G8/><T94/><D94/><U123/><E123/><V29/><F67/><W9/><G9/><T18/><D18/><U119/><E7/><V127/><F127/><W111/><G111/><T43/><D42/><U72/><E22/><V37/><F37/><W65/><G65/><T108/><D108/><U50/><E119/><V38/><F38/><W78/><G114/><T112/><D112/><U130/><E130/><V100/><F100/><N who="3" m="60455" /><G49/><T122/><D122/><U107/><E50/><V86/><F86/><N who="3" m="50511" /><G48/><T27/><D27/><AGARI ba="0,0" hai="21,27,29,58,59,83,84,87,88,91,95" m="20523" machi="27" ten="30,5800,0" yaku="8,1,54,2" doraHai="41" who="2" fromWho="0" sc="262,-58,236,0,276,58,226,0" /><INIT seed="2,1,0,0,1,62" ten="204,236,334,226" oya="2" hai0="38,49,132,114,39,67,6,119,41,30,55,66,35" hai1="93,29,94,92,82,31,100,8,131,111,22,130,17" hai2="115,52,117,4,124,70,118,81,54,18,53,11,63" hai3="59,91,16,36,34,26,83,125,135,86,10,85,90"/><V80/><F115/><W133/><G36/><N who="0" m="13867" /><D6/><U102/><E111/><V120/><F120/><W123/><G123/><T113/><D30/><U23/><E82/><V121/><F121/><W61/><G125/><T58/><D35/><U44/><E44/><V69/><F18/><W43/><G43/><T72/><D72/><U40/><E40/><V14/><F124/><W21/><G34/><T71/><D132/><U5/><E5/><V57/><F81/><W76/><G10/><T87/><D87/><U47/><E47/><V101/><F101/><N who="1" m="39017" /><E8/><V95/><F95/><W9/><G9/><T64/><D71/><U2/><E17/><V126/><F80/><W68/><G68/><T19/><D19/><U77/><E77/><V60/><F126/><W127/><G127/><T48/><D119/><U50/><E50/><N who="0" m="19561" /><D41/><U28/><E2/><V20/><F70/><W99/><G99/><T110/><D110/><U112/><E112/><N who="0" m="43113" /><D55/><U107/><E107/><V98/><F69/><W109/><G109/><T79/><D79/><U105/><E105/><V108/><F108/><W15/><G86/><T1/><D1/><U27/><E27/><V128/><F98/><W12/><G135/><T42/><D42/><U116/><E116/><V51/><F118/><W45/><G133/><T3/><D3/><U46/><E46/><V0/><F117/><W32/><G45/><T74/><D74/><U75/><E75/><V89/><F0/><W129/><G32/><T78/><D78/><U97/><E97/><V13/><F11/><W103/><G76/><T73/><D73/><U25/><E31/><RYUUKYOKU ba="1,0" sc="204,15,236,15,334,-15,226,-15" hai0="58,64,66,67" hai1="22,23,25,28,29,92,93,94,130,131" /><INIT seed="3,2,0,0,1,69" ten="219,251,319,211" oya="3" hai0="39,134,95,10,47,44,61,24,18,111,97,122,88" hai1="106,36,104,49,93,45,48,129,56,37,80,85,96" hai2="123,3,23,117,116,118,113,71,53,70,66,107,52" hai3="99,73,68,114,72,25,35,101,94,62,119,15,108"/><W14/><G119/><T78/><D122/><U127/><E129/><V133/><F3/><W84/><G114/><T82/><D111/><U0/><E0/><V132/><F107/><W38/><G108/><T90/><D134/><N who="2" m="51818" /><F23/><W54/><G84/><T115/><D115/><U81/><E127/><V46/><F113/><W79/><G54/><N who="2" m="21097" /><F123/><W59/><G59/><T130/><D130/><U19/><E56/><V109/><F109/><W65/><G38/><T75/><D39/><U131/><E131/><V34/><F34/><W110/><G110/><T63/><D10/><U26/><E85/><V128/><F128/><W6/><G79/><T42/><D42/><U55/><E55/><V20/><F20/><W92/><G92/><T50/><D50/><U91/><E93/><V121/><F121/><W57/><G68/><N who="2" m="26153" /><F46/><W41/><G73/><T9/><D47/><U60/><E45/><V100/><F100/><W33/><G72/><T98/><D44/><U11/><E104/><V112/><F112/><W40/><G35/><T126/><D75/><U43/><E106/><V74/><F74/><W22/><G33/><T86/><D9/><U2/><E11/><V31/><F31/><N who="3" m="17847" /><G6/><T4/><D4/><U58/><E37/><V124/><F66/><W27/><G27/><T125/><D24/><U77/><E26/><V16/><F16/><W1/><G1/><T83/><D18/><U7/><E19/><V30/><F30/><W21/><G21/><T12/><D12/><AGARI ba="2,0" hai="12,14,15,40,41,57,62,65,94,99,101" m="17847" machi="12" ten="30,2900,0" yaku="25,1,8,1" doraHai="69" who="3" fromWho="0" sc="219,-35,251,0,319,0,211,35" /><INIT seed="3,3,0,5,0,23" ten="184,251,319,246" oya="3" hai0="11,35,73,77,117,104,60,130,7,78,55,97,42" hai1="57,82,2,68,26,22,114,134,3,110,49,53,63" hai2="94,102,20,84,59,96,95,76,44,135,126,125,81" hai3="4,109,79,28,51,118,72,120,0,122,32,16,131"/><W24/><G118/><T127/><D117/><U6/><E114/><V21/><F44/><W36/><G36/><T5/><D130/><U12/><E110/><V58/><F21/><W75/><G131/><T99/><D35/><U52/><E134/><V14/><F135/><W133/><G133/><T39/><D39/><U87/><E12/><V65/><F65/><W61/><G109/><T17/><D42/><U69/><E6/><N who="0" m="2057" /><D73/><U132/><E132/><V92/><F14/><W25/><G51/><T103/><D104/><U121/><E121/><V15/><F15/><W86/><G61/><T124/><D17/><U100/><E100/><V116/><F116/><W1/><G122/><T98/><D11/><U119/><E119/><V38/><F20/><W33/><G120/><T19/><D19/><U93/><E93/><N who="2" m="58639" /><F38/><W30/><G16/><T111/><D103/><U74/><E74/><V85/><F85/><W107/><G107/><T43/><D43/><U128/><E128/><V67/><F67/><W27/><G27/><T90/><D111/><U101/><E101/><V37/><F37/><W46/><G46/><T64/><D64/><U47/><E2/><V41/><F41/><W105/><G105/><T31/><D31/><U56/><E47/><V70/><F70/><W89/><G79/><N who="0" m="30219" /><D90/><U80/><E3/><N who="3" m="1098" /><G4/><T83/><D83/><U29/><E80/><V62/><F95/><N who="3" m="54711" /><G75/><T50/><D60/><U112/><E112/><V18/><F18/><W108/><G72/><T40/><D40/><U115/><E115/><V54/><F94/><W88/><G108/><T71/><D71/><RYUUKYOKU ba="3,0" sc="184,10,251,10,319,-30,246,10" hai0="50,55,97,98,99,124,127" hai1="22,26,29,49,52,53,56,57,63,68,69,82,87" hai3="24,25,28,30,32,33,88" /><INIT seed="3,4,0,0,3,78" ten="194,261,289,256" oya="3" hai0="69,20,106,39,75,52,0,67,123,114,64,70,42" hai1="95,45,125,34,18,25,1,48,111,88,71,98,50" hai2="128,40,77,9,66,8,97,92,49,6,102,10,15" hai3="130,17,16,113,103,37,59,26,133,115,24,30,22"/><W11/><G133/><T85/><D75/><U83/><E71/><N who="0" m="27145" /><D20/><N who="1" m="13463" /><E34/><V4/><F128/><W81/><G37/><T72/><D85/><N who="1" m="50239" /><E1/><V28/><F66/><N who="0" m="25130" /><D72/><U112/><E112/><N who="3" m="43082" /><G130/><T120/><D114/><U63/><E111/><V74/><F28/><W89/><G103/><T116/><D0/><U107/><E125/><V46/><REACH who="2" step="1"/><F6/><REACH who="2" ten="194,261,279,256" step="2"/><W58/><G30/><T44/><D106/><U2/><E107/><V19/><F19/><W27/><G11/><T101/><D116/><U23/><E23/><V80/><AGARI ba="4,1" hai="4,8,9,10,15,40,46,49,74,77,80,92,97,102" machi="80" ten="30,4000,0" yaku="1,1,0,1,52,1,53,0" doraHai="78" doraHaiUra="31" who="2" fromWho="2" sc="194,-14,261,-14,279,62,256,-24" /><INIT seed="4,0,0,3,3,115" ten="180,247,341,232" oya="0" hai0="30,28,126,55,13,97,117,80,82,35,130,70,71" hai1="23,72,32,101,17,81,123,134,113,75,25,46,47" hai2="78,59,41,67,45,10,91,15,109,66,56,127,74" hai3="2,94,19,48,8,96,83,60,38,49,107,135,3"/><T40/><D40/><U11/><E123/><V9/><F109/><W100/><G38/><T33/><D97/><U132/><E113/><V92/><F127/><W118/><G135/><N who="1" m="51754" /><E101/><V44/><F78/><W42/><G107/><T99/><D99/><U84/><E11/><N who="2" m="4107" /><F15/><W63/><G118/><T64/><D64/><N who="2" m="24618" /><F74/><N who="1" m="28201" /><E32/><V24/><F24/><W86/><G3/><T76/><D13/><U7/><E7/><V31/><F31/><W69/><G2/><T39/><D76/><AGARI ba="0,0" hai="17,23,25,46,47,76,81,84" m="28201,51754" machi="76" ten="30,1000,0" yaku="20,1" doraHai="115" who="1" fromWho="0" sc="180,-10,247,10,341,0,232,0" /><INIT seed="5,0,0,0,0,26" ten="170,257,341,232" oya="1" hai0="24,31,64,123,74,73,7,72,80,119,124,34,39" hai1="61,20,48,90,113,125,33,41,8,75,132,47,82" hai2="19,53,10,92,22,13,15,129,4,103,43,59,135" hai3="12,60,98,91,106,32,6,133,18,109,65,67,118"/><U128/><E33/><V46/><F46/><W83/><G109/><T127/><D119/><U107/><E107/><V50/><F129/><W63/><G133/><T52/><D39/><U40/><E113/><V96/><REACH who="2" step="1"/><F43/><REACH who="2" ten="170,257,331,232" step="2"/><W117/><G118/><T35/><D123/><U14/><E40/><V16/><F16/><W56/><G18/><T44/><D7/><U30/><E41/><V112/><F112/><W87/><G117/><T86/><D44/><U100/><E47/><V17/><F17/><W71/><G6/><T29/><D64/><U79/><E128/><V78/><F78/><W0/><G67/><T110/><D110/><U2/><E79/><V114/><F114/><W99/><G65/><T55/><D55/><U70/><E132/><AGARI ba="0,1" hai="4,10,13,15,19,22,50,53,59,92,96,103,132,135" machi="132" ten="40,1300,0" yaku="1,1,53,0" doraHai="26" doraHaiUra="57" who="2" fromWho="1" sc="170,0,257,-13,331,23,232,0" /><INIT seed="6,0,0,1,5,90" ten="170,244,354,232" oya="2" hai0="133,13,105,86,78,61,50,92,126,114,27,79,62" hai1="52,40,107,124,103,63,88,23,117,21,42,14,10" hai2="120,45,39,123,125,24,51,68,98,25,20,4,108" hai3="80,74,122,48,29,22,33,46,82,116,115,28,95"/><V83/><F68/><W31/><G116/><T18/><D105/><U106/><E117/><V35/><F39/><W66/><G122/><T97/><D114/><U121/><E121/><V96/><F35/><W118/><G33/><T91/><D133/><U0/><E0/><V70/><F70/><W5/><G118/><T75/><D126/><U65/><E124/><V6/><F125/><W54/><G115/><T41/><D75/><U37/><E37/><V30/><F108/><W15/><G66/><T87/><D27/><U131/><E131/><V2/><F2/><W57/><G74/><T11/><D86/><U113/><E107/><V7/><F25/><W64/><G64/><T53/><D41/><U94/><E103/><V71/><F71/><W17/><G5/><T38/><D38/><U1/><E1/><V85/><F123/><W58/><G95/><T112/><D112/><U84/><E65/><V36/><F36/><W76/><REACH who="3" step="1"/><G76/><REACH who="3" ten="170,244,354,222" step="2"/><N who="0" m="29227" /><D87/><U69/><E113/><V44/><F120/><W127/><G127/><T132/><D132/><U134/><E134/><V43/><F45/><AGARI ba="0,1" hai="11,13,18,45,50,53,61,62,91,92,97" m="29227" machi="45" ten="30,2000,0" yaku="8,1,52,1" doraHai="90" who="0" fromWho="2" sc="170,30,244,0,354,-20,222,0" /><INIT seed="7,0,0,3,4,126" ten="200,244,334,222" oya="3" hai0="90,101,117,116,129,68,119,125,21,72,7,15,82" hai1="1,9,4,80,35,19,51,71,66,58,43,22,69" hai2="34,94,87,65,57,46,42,121,3,31,81,89,52" hai3="27,132,20,111,10,33,18,8,73,53,106,16,99"/><W32/><G73/><T13/><D125/><U62/><E80/><V37/><F121/><W134/><G111/><T100/><D68/><U14/><E35/><N who="3" m="13386" /><G53/><T93/><D21/><U131/><E131/><V118/><F65/><W59/><G59/><T75/><D7/><U105/><E105/><V49/><F118/><N who="0" m="30210" /><T109/><DORA hai="45" /><D15/><U64/><E64/><V60/><F3/><W112/><G106/><T84/><D13/><U128/><E128/><V56/><F34/><W48/><G99/><N who="0" m="57783" /><D129/><U50/><E71/><V114/><F57/><W91/><G48/><T115/><D115/><U77/><E69/><V124/><F124/><W107/><G112/><T26/><D26/><U12/><E12/><V63/><F114/><W98/><G107/><T40/><D40/><U123/><E43/><V108/><F42/><W30/><G18/><T135/><D135/><N who="3" m="51753" /><G30/><T79/><D109/><U39/><E50/><V11/><F49/><W88/><G98/><T29/><D29/><U110/><E51/><V2/><F31/><W130/><G130/><T38/><D38/><U76/><E39/><V61/><F37/><W92/><G92/><T95/><D95/><U47/><E110/><V78/><F108/><W55/><G55/><T6/><D6/><U113/><E113/><V133/><F133/><W44/><G44/><T28/><D28/><U96/><E47/><V122/><F46/><W104/><G104/><T23/><D23/><U36/><E36/><V25/><F52/><W97/><G97/><T5/><D5/><U85/><E96/><V0/><F56/><W103/><G103/><AGARI ba="0,0" hai="72,75,79,82,84,100,101,103" m="57783,30210" machi="103" ten="40,5200,0" yaku="6,1,34,2" doraHai="126,45" who="0" fromWho="3" sc="200,52,244,0,334,0,222,-52" owari="252,5.0,244,-16.0,334,44.0,170,-33.0" /></mjloggm>