<mjloggm ver="2.3"><GO type="185" lobby="0"/><UN n0="%E6%B5%B7%E8%83%86%E3%83%88%E3%83%AD%E7%83%8F%E8%B3%8A" n1="%E3%82%84%E3%81%BE%E3%81%8B%E3%81%84" n2="%E2%99%AA%E5%A4%A2%E5%85%88%E6%A1%88%E5%86%85%E4%BA%BA" n3="" dan="18,17,17,0" rate="2371.66,2253.71,2259.85,1500.00" sx="M,M,F,C"/><TAIKYOKU oya="0"/><INIT seed="0,0,0,1,2,102" ten="350,350,350,0" oya="0" hai0="69,98,104,84,1,135,105,100,88,126,56,87,78" hai1="82,35,85,36,115,52,112,53,77,49,117,40,41" hai2="121,81,132,66,114,113,48,45,99,97,134,124,73" hai3=""/><T133/><D69/><U59/><E117/><V74/><N who="2" m="31008" /><V101/><F66/><T2/><D126/><U70/><E70/><V57/><F57/><T68/><D68/><U51/><E35/><V118/><F124/><T131/><D131/><U34/><E34/><V79/><F118/><T76/><D56/><U128/><E128/><V44/><F44/><T91/><D100/><U39/><E59/><V55/><F73/><T65/><D98/><U64/><E85/><V103/><F97/><T92/><D92/><U43/><E77/><V122/><N who="2" m="31264" /><V42/><F42/><T72/><D72/><U106/><E43/><V129/><F103/><T107/><D107/><U60/><E106/><V110/><F129/><T58/><D58/><U47/><E47/><V89/><F89/><T96/><D96/><U127/><E127/><V75/><F75/><T95/><D95/><U62/><E82/><V86/><F74/><T32/><D32/><U108/><E64/><AGARI ba="0,0" hai="1,2,64,65,76,78,84,87,88,91,104,105,133,135" machi="64" ten="25,12000,1" yaku="22,2,52,2,54,1" doraHai="102" who="0" fromWho="1" sc="350,120,350,-120,350,0,0,0" /><INIT seed="0,1,0,3,2,93" ten="470,230,350,0" oya="0" hai0="111,119,58,133,35,0,39,79,110,68,64,34,40" hai1="85,83,41,87,82,94,117,95,3,115,69,33,62" hai2="120,42,78,61,118,103,122,43,92,63,65,66,112" hai3=""/><T125/><D119/><U37/><E33/><V67/><N who="2" m="30752" /><V75/><N who="2" m="31264" /><V102/><F112/><T47/><D0/><U57/><E3/><V108/><F118/><T50/><D79/><U38/><E69/><V132/><F108/><N who="0" m="41514" /><D133/><U96/><E117/><V91/><F132/><T130/><D130/><U73/><E73/><V129/><F129/><T51/><D125/><U131/><E131/><V49/><F75/><T84/><D84/><U134/><E134/><V72/><F78/><T60/><D51/><U99/><E115/><V114/><F72/><T86/><D86/><U56/><E62/><N who="2" m="23563" /><F114/><T52/><AGARI ba="1,0" hai="34,35,39,40,47,50,52,58,60,64,68" m="41514" machi="52" ten="30,7800,0" yaku="24,1,14,1,10,1,54,1" doraHai="93" who="0" fromWho="0" sc="470,80,230,-40,350,-40,0,0" /><INIT seed="0,2,0,2,0,106" ten="550,190,310,0" oya="0" hai0="1,44,93,32,54,77,63,79,92,59,34,96,72" hai1="128,50,124,108,57,122,68,99,116,101,130,109,123" hai2="47,89,80,95,103,119,126,129,112,76,83,55,90" hai3=""/><T132/><D1/><U0/><N who="1" m="31264" /><U135/><N who="1" m="31520" /><U134/><E0/><V49/><F112/><T98/><D132/><N who="1" m="50731" /><E68/><V37/><F126/><T69/><D69/><U40/><E116/><V70/><F119/><T65/><D44/><U133/><N who="1" m="50739" /><U60/><DORA hai="3" /><E50/><V120/><N who="2" m="30752" /><V38/><F129/><N who="1" m="49769" /><E40/><V102/><F70/><T125/><D125/><U85/><E85/><V43/><F37/><T117/><D117/><U107/><E124/><V52/><F38/><T86/><D86/><U67/><AGARI ba="2,0" hai="57,60,67,99,101,107,108,109" m="49769,50739,31520,31264" machi="67" ten="50,6000,1" yaku="20,1,19,1,52,2" doraHai="106,3" who="1" fromWho="1" sc="550,-42,190,64,310,-22,0,0" /><INIT seed="1,0,0,0,3,43" ten="508,254,288,0" oya="1" hai0="90,55,52,120,94,66,3,108,121,119,89,64,50" hai1="81,117,124,37,107,110,127,61,103,96,104,82,126" hai2="123,77,102,91,57,39,41,51,115,118,128,92,2" hai3=""/><U83/><E117/><V125/><N who="2" m="31520" /><V32/><F118/><T101/><N who="0" m="30752" /><T49/><N who="0" m="31008" /><T106/><D119/><U40/><E110/><V76/><F2/><T68/><D3/><U105/><REACH who="1" step="1"/><E61/><REACH who="1" ten="508,244,288,0" step="2"/><V97/><F32/><T33/><D33/><U80/><N who="1" m="20480" /><DORA hai="42" /><U116/><E116/><V78/><F78/><T34/><D108/><U131/><E131/><V38/><F128/><T84/><D34/><U130/><E130/><V132/><F76/><T99/><D90/><U109/><E109/><V112/><F77/><T88/><D89/><U93/><E93/><V53/><F91/><T133/><D133/><U54/><E54/><V129/><F132/><T73/><D73/><U1/><E1/><V122/><F129/><T100/><D88/><U71/><E71/><V63/><N who="2" m="31264" /><V65/><F125/><T45/><D68/><U56/><E56/><V113/><REACH who="2" step="1"/><F41/><REACH who="2" ten="508,244,278,0" step="2"/><T60/><D84/><U95/><E95/><V59/><AGARI ba="0,2" hai="38,39,51,53,57,59,63,65,92,97,102,112,113,115" m="31264,31520" machi="59" ten="30,12000,3" yaku="1,1,2,1,0,1,11,1,52,2,53,2" doraHai="43,42" doraHaiUra="48,47" who="2" fromWho="2" sc="508,-40,244,-80,278,140,0,0" /><INIT seed="2,0,0,4,3,52" ten="468,164,418,0" oya="2" hai0="105,133,81,37,46,54,83,100,33,85,75,131,79" hai1="66,58,99,47,98,135,44,113,57,127,42,64,72" hai2="63,67,114,62,56,35,117,132,102,68,109,38,124" hai3=""/><V116/><F35/><T119/><D33/><U101/><E113/><V91/><F114/><T69/><D119/><U51/><E72/><V107/><F124/><T128/><D69/><U87/><E127/><V95/><F132/><T106/><D133/><U130/><E135/><V93/><F38/><T2/><D2/><U125/><E125/><V108/><F107/><T53/><D37/><U36/><E130/><N who="0" m="49705" /><D46/><U90/><E66/><V70/><F102/><T40/><D40/><U126/><E64/><V82/><F82/><T111/><D111/><N who="2" m="42570" /><F95/><T118/><D118/><N who="2" m="45674" /><F62/><T84/><D105/><U120/><N who="1" m="30752" /><U60/><E60/><V45/><F45/><T76/><D75/><U115/><E115/><V3/><F3/><T34/><D34/><U129/><E129/><V0/><F0/><T61/><D61/><U73/><E73/><V122/><N who="2" m="31264" /><V86/><AGARI ba="0,0" hai="56,63,67,68,70,86,91,93" m="31264,45674,42570" machi="86" ten="30,8000,1" yaku="4,1,14,1,10,1,52,2" doraHai="52" who="2" fromWho="2" sc="468,-40,164,-40,418,80,0,0" /><INIT seed="2,1,0,4,2,118" ten="428,124,498,0" oya="2" hai0="100,116,61,90,44,39,135,1,92,54,105,51,35" hai1="66,109,78,132,67,70,131,43,89,98,123,63,65" hai2="72,88,106,71,85,127,58,122,83,48,110,37,36" hai3=""/><V91/><N who="2" m="31264" /><V117/><F117/><T56/><D116/><U130/><N who="1" m="31520" /><U112/><E112/><V49/><F71/><T82/><D1/><U86/><E109/><V33/><F33/><T79/><D35/><U133/><E78/><V94/><F106/><T53/><D135/><N who="1" m="51787" /><E98/><V73/><F110/><T134/><D134/><U76/><E76/><V38/><F127/><T40/><D105/><U126/><E43/><V113/><F113/><T104/><D104/><U93/><E126/><V102/><F102/><T111/><D100/><U75/><E75/><V128/><F128/><AGARI ba="1,0" hai="63,65,66,67,70,86,89,93,128,130,131" m="51787,31520" machi="128" ten="30,7700,0" yaku="19,1,20,1,52,2" doraHai="118" who="1" fromWho="2" sc="428,0,124,79,498,-79,0,0" /><INIT seed="4,0,0,3,3,135" ten="428,203,419,0" oya="0" hai0="95,84,82,106,77,90,53,69,49,103,48,58,72" hai1="93,51,35,124,1,63,76,91,70,130,87,116,57" hai2="94,61,66,111,56,79,33,74,98,40,102,83,115" hai3=""/><T99/><REACH who="0" step="1"/><D69/><REACH who="0" ten="418,203,419,0" step="2"/><U50/><E70/><V37/><F33/><T122/><N who="0" m="31264" /><T2/><D2/><U71/><E35/><V73/><F115/><T110/><D110/><U104/><E1/><V3/><F111/><T54/><D54/><U45/><E71/><V121/><F3/><T123/><N who="0" m="31520" /><T38/><D38/><U129/><E116/><V78/><F121/><T134/><D134/><U117/><E117/><V75/><F37/><T62/><AGARI ba="0,1" hai="48,49,53,58,62,72,77,82,84,90,95,99,103,106" m="31520,31264" machi="62" ten="20,16000,3" yaku="21,2,0,1,7,1,24,2,52,2,53,0" doraHai="135" doraHaiUra="39" who="0" fromWho="0" sc="418,170,203,-80,419,-80,0,0" /><INIT seed="4,1,0,1,4,74" ten="588,123,339,0" oya="0" hai0="60,105,33,135,53,46,96,43,90,123,61,104,80" hai1="69,35,131,0,62,130,32,115,110,66,117,99,114" hai2="78,92,111,113,51,102,89,68,1,34,112,36,128" hai3=""/><T101/><N who="0" m="31520" /><T38/><D33/><U87/><E0/><V75/><F51/><T124/><D124/><U57/><E110/><V50/><F50/><T52/><D135/><U49/><E117/><V42/><F42/><T97/><D80/><U85/><E99/><V134/><F78/><T67/><D61/><U39/><E39/><V41/><F89/><T70/><D90/><U100/><E100/><AGARI ba="1,0" hai="38,43,46,52,53,60,67,70,96,97,100,101,104,105" m="31520" machi="100" ten="40,7700,0" yaku="9,1,52,1,54,1" doraHai="74" who="0" fromWho="1" sc="588,79,123,-79,339,0,0,0" /><INIT seed="4,2,0,3,5,131" ten="667,44,339,0" oya="0" hai0="74,56,85,58,44,94,116,66,110,60,63,130,50" hai1="53,119,64,97,1,114,37,41,34,46,68,38,67" hai2="73,91,112,78,87,42,123,96,103,126,76,81,77" hai3=""/><T88/><D116/><U104/><E34/><V40/><N who="2" m="31520" /><V62/><F112/><T86/><D130/><U45/><E1/><V125/><F62/><T70/><D74/><U80/><E80/><V122/><N who="2" m="31264" /><V65/><F65/><T135/><D110/><U84/><E84/><V49/><F73/><T55/><D135/><U54/><E97/><V35/><F35/><T52/><D70/><U95/><E95/><V43/><REACH who="2" step="1"/><F49/><REACH who="2" ten="667,44,329,0" step="2"/><T83/><D83/><U79/><E114/><V124/><F124/><T109/><D109/><U36/><E36/><V82/><F82/><T69/><D69/><U48/><E48/><V121/><N who="2" m="31008" /><V113/><F113/><T93/><D63/><U111/><E68/><V61/><F61/><T3/><D66/><U128/><E111/><V132/><F132/><T107/><D60/><U105/><E128/><V75/><F75/><T129/><D129/><U134/><E134/><V57/><F57/><T98/><D58/><U2/><E67/><V102/><F102/><T108/><D108/><U115/><E64/><V101/><F101/><T106/><D56/><U59/><E59/><V51/><F51/><T99/><D50/><U32/><E115/><V127/><F127/><T133/><D133/><RYUUKYOKU ba="2,1" sc="667,-10,44,-10,329,20,0,0" hai2="40,42,43,76,77,78,81,87,91,96,103,125,126" /><INIT seed="5,3,1,4,2,88" ten="657,34,349,0" oya="1" hai0="76,58,66,74,128,104,80,84,59,45,1,99,109" hai1="71,115,48,86,135,81,56,34,82,47,46,129,70" hai2="41,96,111,69,132,49,112,102,3,131,94,38,52" hai3=""/><U50/><E34/><V77/><F111/><T62/><D109/><U120/><N who="1" m="30752" /><U98/><E115/><V75/><F3/><T110/><D110/><U106/><E129/><V0/><F0/><T85/><D1/><U122/><N who="1" m="31264" /><U33/><E33/><V124/><F131/><T121/><N who="0" m="31008" /><T42/><D128/><U127/><E127/><V68/><F124/><T125/><D125/><U113/><E113/><V57/><F132/><T32/><D32/><U134/><E56/><V65/><F65/><T55/><D99/><U126/><E126/><V116/><F116/><T97/><D97/><U119/><E98/><V100/><F100/><T64/><D104/><U123/><N who="1" m="31520" /><U53/><E106/><V44/><F112/><T105/><D105/><U93/><E93/><V92/><F92/><T61/><REACH who="0" step="1"/><D55/><REACH who="0" ten="647,34,349,0" step="2"/><U39/><E53/><V2/><REACH who="2" step="1"/><F2/><REACH who="2" ten="647,34,339,0" step="2"/><T67/><D67/><U95/><E119/><V79/><F79/><T35/><D35/><U72/><E95/><V43/><F43/><T90/><D90/><U36/><REACH who="1" step="1"/><E72/><REACH who="1" ten="647,24,339,0" step="2"/><V117/><F117/><T83/><D83/><AGARI ba="3,4" hai="38,41,44,49,52,57,68,69,75,77,83,94,96,102" machi="83" ten="40,5200,0" yaku="1,1,52,1,54,1,53,0" doraHai="88" doraHaiUra="114" who="2" fromWho="0" sc="647,-58,24,0,339,98,0,0" /><INIT seed="6,0,0,1,2,61" ten="589,24,437,0" oya="2" hai0="111,48,72,73,91,124,71,101,127,113,62,82,106" hai1="89,66,2,49,38,112,54,55,95,70,117,40,60" hai2="98,64,63,76,86,57,45,108,78,134,114,92,74" hai3=""/><V68/><F114/><T93/><D111/><U100/><E2/><V58/><F134/><T33/><D33/><U47/><E100/><V44/><F108/><T131/><D131/><U3/><E3/><V128/><F128/><T90/><D113/><U53/><E95/><V80/><F68/><T122/><N who="0" m="31264" /><T85/><D48/><U119/><E89/><V50/><F74/><N who="0" m="28778" /><D62/><U81/><E81/><V118/><F118/><T37/><D37/><U96/><E96/><V116/><F116/><T132/><D71/><U42/><E112/><V39/><F39/><T65/><D65/><U105/><E105/><V43/><F76/><T34/><D34/><U121/><N who="1" m="31008" /><U32/><E32/><V52/><REACH who="2" step="1"/><F43/><REACH who="2" ten="589,24,427,0" step="2"/><T67/><D132/><U59/><E119/><V69/><F69/><T129/><D129/><U99/><E117/><V88/><AGARI ba="0,1" hai="44,45,50,52,57,58,63,64,78,80,86,88,92,98" machi="88" ten="20,16000,3" yaku="1,1,0,1,7,1,8,1,52,1,54,2,53,1" doraHai="61" doraHaiUra="94" who="2" fromWho="2" sc="589,-80,24,-80,427,170,0,0" owari="509,11.0,-56,-66.0,597,55.0,0,0.0" /></mjloggm>