<mjloggm ver="2.3"><GO type="169" lobby="0"/><UN n0="%E3%82%84%E3%81%8F%E3%81%97%E3%81%BE%E3%82%8B%E3%81%88%E3%81%A4%E3%81%93" n1="%E5%A4%A9%E7%A5%9E%E9%B3%B3%E4%BD%8D" n2="%E3%81%92%E3%81%A1%E3%81%87%E3%81%AA%30%34" n3="%E7%8B%82%E7%8A%AC" dan="16,16,16,16" rate="2065.24,2112.16,2135.69,2129.68" sx="F,M,M,M"/><TAIKYOKU oya="0"/><INIT seed="0,0,0,2,4,21" ten="250,250,250,250" oya="0" hai0="114,94,97,58,60,23,38,18,120,19,0,59,48" hai1="90,107,8,88,69,131,106,102,80,16,92,133,7" hai2="113,25,82,72,43,109,22,50,121,62,10,39,103" hai3="79,31,61,73,35,46,51,77,4,76,130,45,91"/><T64/><D114/><U67/><E131/><V33/><F33/><W9/><G130/><T95/><D120/><U32/><E32/><V89/><F121/><W6/><G73/><T124/><D38/><U13/><E133/><V115/><F39/><W135/><G135/><T74/><D74/><U42/><E42/><V40/><F103/><W52/><G91/><T108/><D0/><U15/><E102/><V28/><F109/><W129/><G129/><T24/><D108/><U41/><E41/><V122/><F122/><W100/><G100/><T11/><D124/><U14/><E14/><V78/><F43/><W111/><G111/><T12/><REACH who="0" step="1"/><D97/><REACH who="0" ten="240,250,250,250" step="2"/><U66/><E107/><V134/><F134/><W86/><G86/><T93/><D93/><U99/><E106/><V27/><F113/><W116/><G116/><T98/><D98/><N who="1" m="57607" /><E69/><V96/><F96/><W57/><G46/><T101/><D101/><U119/><E119/><V1/><F72/><W128/><G128/><T105/><D105/><U65/><E99/><V85/><F85/><W2/><G4/><T54/><AGARI ba="0,1" hai="11,12,18,19,23,24,48,54,58,59,60,64,94,95" machi="54" ten="30,12000,1" yaku="1,1,0,1,8,1,52,1,53,1" doraHai="21" doraHaiUra="47" who="0" fromWho="0" sc="240,130,250,-40,250,-40,250,-40" /><INIT seed="0,1,0,5,0,65" ten="370,210,210,210" oya="0" hai0="8,108,78,10,97,83,85,90,49,25,4,14,69" hai1="127,12,29,93,41,121,130,22,129,66,106,112,76" hai2="63,56,77,103,104,16,122,55,43,38,71,67,118" hai3="35,21,60,131,80,98,123,119,100,28,88,116,15"/><T42/><D108/><U73/><E121/><V32/><F32/><W111/><G111/><T125/><D125/><U81/><E106/><V114/><F122/><W44/><G35/><T120/><D120/><U7/><E127/><V51/><F114/><W72/><G131/><N who="1" m="50186" /><E112/><V107/><F118/><W79/><G123/><T57/><D25/><N who="1" m="16567" /><E41/><V94/><F77/><W91/><G119/><T48/><D42/><U45/><E45/><N who="2" m="23799" /><F16/><W64/><G44/><T31/><D31/><U59/><E93/><V52/><F55/><W96/><G96/><AGARI ba="1,0" hai="51,52,56,63,67,71,94,96,103,104,107" m="23799" machi="96" ten="30,3900,0" yaku="24,1,52,1,54,1" doraHai="65" who="2" fromWho="3" sc="370,0,210,0,210,42,210,-42" /><INIT seed="1,0,0,2,1,75" ten="370,210,252,168" oya="1" hai0="61,73,15,69,122,9,76,121,128,16,113,96,25" hai1="43,95,98,116,34,70,63,51,23,49,81,58,35" hai2="36,117,0,114,12,127,28,14,100,54,55,129,59" hai3="84,133,8,110,65,120,46,38,42,134,31,39,44"/><U125/><E116/><V20/><F0/><W4/><G31/><T47/><D113/><U45/><E70/><V103/><F36/><W118/><G120/><N who="0" m="46187" /><D128/><U82/><E125/><V97/><F117/><W126/><G118/><T88/><D47/><U77/><E23/><V5/><F129/><W106/><G106/><T74/><D76/><U56/><E51/><V62/><F127/><W48/><G126/><T11/><D25/><U52/><E56/><V3/><F3/><W40/><G84/><T78/><D78/><U64/><E43/><V33/><F33/><W32/><G32/><T71/><D9/><U89/><REACH who="1" step="1"/><E82/><REACH who="1" ten="370,200,252,168" step="2"/><V130/><F130/><W22/><G22/><T1/><D1/><U99/><E99/><V24/><F114/><W41/><G41/><T30/><D30/><U27/><E27/><V26/><F26/><W107/><G40/><T57/><D69/><U60/><E60/><V92/><F62/><W115/><G42/><T132/><D71/><U2/><E2/><V93/><F59/><W21/><G48/><T10/><D11/><U68/><E68/><V90/><F28/><W18/><G21/><T109/><D57/><U131/><E131/><V94/><F24/><W112/><G112/><T108/><D61/><U13/><E13/><V19/><F14/><W50/><G50/><T119/><D119/><U7/><E7/><V101/><F5/><W17/><G4/><T86/><D96/><U79/><E79/><V53/><AGARI ba="0,1" hai="12,19,20,53,54,55,90,92,93,94,97,100,101,103" machi="53" ten="30,2000,0" yaku="0,1,8,1" doraHai="75" who="2" fromWho="2" sc="370,-5,200,-10,252,30,168,-5" /><INIT seed="2,0,0,1,5,74" ten="365,190,282,163" oya="2" hai0="62,54,12,51,122,30,97,34,36,1,110,116,72" hai1="2,77,87,130,68,98,28,81,7,65,63,31,33" hai2="104,82,18,120,70,61,56,17,46,94,66,108,14" hai3="83,135,84,5,112,42,27,48,8,129,45,101,47"/><V89/><F104/><W123/><G129/><T57/><D1/><U32/><E130/><V80/><F120/><W39/><G135/><T37/><D122/><U124/><E124/><V29/><F29/><W115/><G123/><T19/><D116/><U44/><E98/><V79/><F70/><W20/><G101/><T107/><D107/><U95/><E95/><V86/><F108/><W106/><G106/><T52/><D97/><U21/><E44/><V73/><F46/><W35/><G35/><T133/><D133/><U6/><E28/><V41/><F41/><W75/><G75/><T50/><D62/><U100/><E100/><V26/><F26/><W64/><G64/><T11/><D110/><U90/><E90/><V4/><F4/><W121/><G121/><T92/><D92/><U0/><E7/><V134/><F134/><W131/><G131/><T69/><D69/><U113/><E113/><V118/><F118/><W67/><G67/><T76/><D30/><U13/><E2/><V9/><F18/><W105/><G105/><T91/><D91/><U78/><E0/><V40/><F40/><N who="3" m="24615" /><G20/><T99/><D34/><U22/><E33/><V96/><REACH who="2" step="1"/><F82/><REACH who="2" ten="365,190,272,163" step="2"/><W125/><G27/><T102/><D19/><U85/><E31/><V25/><F25/><W15/><G125/><T71/><D71/><U38/><E81/><V10/><F10/><W127/><G127/><T126/><D11/><U114/><E6/><V117/><F117/><W132/><G132/><T119/><D126/><U53/><E68/><V16/><F16/><W58/><G58/><T3/><D119/><RYUUKYOKU ba="0,1" sc="365,-15,190,-15,272,15,163,15" hai2="9,14,17,56,61,66,73,79,80,86,89,94,96" hai3="5,8,15,39,42,47,83,84,112,115" /><INIT seed="2,1,1,3,1,83" ten="350,175,287,178" oya="2" hai0="86,46,79,74,60,73,70,16,53,15,31,11,36" hai1="26,117,127,98,124,121,80,65,56,68,40,49,92" hai2="114,54,42,19,4,24,55,88,61,75,12,30,134" hai3="84,133,32,126,108,10,91,48,106,9,116,67,45"/><V29/><F114/><W0/><G116/><T119/><D119/><U6/><E117/><V102/><F75/><W111/><G106/><T20/><D36/><U8/><E121/><V78/><F78/><W13/><G32/><T3/><D70/><U120/><E120/><V2/><F102/><W87/><G126/><N who="1" m="48170" /><E68/><V38/><F42/><W93/><G133/><T110/><D110/><N who="3" m="42025" /><G67/><T132/><D132/><U64/><E26/><V21/><F38/><W130/><G130/><T44/><D3/><N who="1" m="95" /><E80/><V17/><F134/><W89/><G13/><T128/><D128/><U62/><E40/><V28/><F4/><W123/><G0/><T34/><D34/><U41/><E41/><V72/><F2/><W99/><G123/><T69/><D69/><U105/><E49/><V7/><F72/><W95/><G99/><T125/><D74/><U82/><E105/><V33/><F7/><W35/><G35/><T103/><D73/><U71/><E71/><V57/><F33/><W90/><G90/><T43/><D43/><AGARI ba="1,1" hai="9,10,43,45,48,84,87,89,91,93,95" m="42025" machi="43" ten="30,3900,0" yaku="14,1,52,2" doraHai="83" who="3" fromWho="0" sc="350,-42,175,0,287,0,178,52" /><INIT seed="3,0,0,2,3,77" ten="308,175,287,230" oya="3" hai0="38,84,132,57,14,1,54,26,4,12,19,61,90" hai1="67,7,81,89,72,79,82,52,125,74,58,32,109" hai2="44,88,53,17,76,108,60,45,133,51,105,115,127" hai3="66,119,55,110,25,39,135,28,8,97,40,35,47"/><W118/><G135/><T103/><D132/><U123/><E123/><V63/><F133/><W34/><G34/><T24/><D38/><U30/><E109/><V69/><F105/><W33/><G33/><T87/><D1/><U92/><E125/><V43/><F115/><W36/><G36/><T113/><D103/><U78/><E7/><V65/><F76/><W5/><G110/><T37/><D37/><U83/><E67/><V107/><F107/><W128/><G128/><T3/><D3/><U122/><E122/><V15/><F108/><W11/><G66/><T64/><D64/><U2/><E2/><V102/><F102/><W42/><G42/><T121/><D113/><U120/><E120/><V9/><F63/><W85/><G97/><T101/><D101/><U16/><E16/><V99/><F127/><W111/><G111/><T59/><D59/><U104/><E104/><V98/><F45/><W27/><G27/><T134/><D121/><U50/><E81/><V6/><F43/><W117/><G5/><T41/><D41/><U22/><E32/><V129/><F129/><W70/><G70/><T29/><D4/><U94/><E89/><V71/><F71/><W80/><REACH who="3" step="1"/><G55/><REACH who="3" ten="308,175,287,220" step="2"/><T130/><D130/><U112/><E112/><V95/><F6/><W31/><G31/><T106/><D29/><U21/><E30/><V62/><F99/><W114/><G114/><T10/><D54/><U13/><E13/><V0/><F0/><W126/><G126/><T73/><D14/><U18/><E18/><V96/><F96/><W20/><G20/><AGARI ba="0,1" hai="20,21,22,50,52,58,72,74,78,79,82,83,92,94" machi="20" ten="40,8000,1" yaku="9,1,52,2,54,1" doraHai="77" who="1" fromWho="3" sc="308,0,175,90,287,0,220,-80" /><INIT seed="4,0,0,5,5,29" ten="308,265,287,140" oya="0" hai0="53,45,71,82,104,98,117,18,9,47,110,51,24" hai1="37,59,38,55,2,64,72,115,36,10,129,133,58" hai2="6,60,96,75,7,22,123,76,63,1,77,69,0" hai3="90,70,99,48,88,44,3,131,41,106,101,89,61"/><T126/><D117/><U17/><E72/><V111/><F96/><W5/><G131/><T97/><D71/><U14/><E2/><N who="2" m="1131" /><F22/><W130/><G130/><T62/><D126/><U19/><E129/><V127/><F75/><W120/><G120/><T132/><D132/><U109/><E109/><V95/><F95/><W84/><G3/><T31/><D110/><U54/><E133/><V26/><F26/><W81/><REACH who="3" step="1"/><G5/><REACH who="3" ten="308,265,287,130" step="2"/><T83/><D104/><U86/><E115/><V52/><F123/><W39/><G39/><T74/><D74/><U66/><E37/><V4/><F111/><W49/><G49/><T12/><D62/><U93/><E36/><V50/><F50/><W16/><G16/><T125/><D125/><U25/><E38/><V122/><F122/><W102/><G102/><T57/><D47/><U107/><E19/><V73/><F127/><W8/><G8/><T78/><D45/><U35/><E17/><V112/><F73/><W23/><G23/><T65/><D51/><U20/><E20/><V40/><F63/><W124/><G124/><T21/><D18/><U42/><E10/><V79/><F60/><W114/><G114/><T46/><D9/><U32/><E14/><V135/><F112/><W85/><G85/><T108/><D12/><U134/><E86/><V80/><F135/><W28/><G28/><T121/><D31/><U91/><E134/><V15/><F15/><W27/><G27/><T30/><D30/><U33/><E25/><V105/><F4/><W11/><G11/><T34/><D24/><U87/><E87/><N who="2" m="48519" /><F6/><W13/><G13/><RYUUKYOKU ba="0,1" sc="308,-10,265,-10,287,-10,130,30" hai3="41,44,48,61,70,81,84,88,89,90,99,101,106" /><INIT seed="5,1,1,0,3,43" ten="298,255,277,160" oya="1" hai0="117,129,3,83,124,135,56,113,98,2,70,39,9" hai1="58,48,33,103,26,49,115,81,29,114,44,105,134" hai2="92,79,41,131,19,25,111,23,71,109,110,15,8" hai3="31,36,104,107,47,106,46,72,126,78,101,22,27"/><U128/><E128/><V28/><F71/><W53/><G101/><T100/><D70/><U77/><E134/><V86/><F131/><W52/><G126/><T21/><D117/><U11/><E11/><V93/><F41/><W17/><G36/><T66/><D129/><U74/><E58/><V68/><F68/><W61/><G78/><T63/><D124/><U65/><E65/><V18/><F79/><W24/><G72/><T30/><D135/><U69/><E69/><V99/><F86/><W125/><G125/><T32/><D32/><U73/><E73/><V12/><REACH who="2" step="1"/><F99/><REACH who="2" ten="298,255,267,160" step="2"/><W87/><G87/><T116/><D98/><U45/><E114/><V54/><F54/><W133/><G133/><T62/><D113/><U84/><E115/><V57/><F57/><W4/><G4/><T102/><D56/><U130/><E84/><V10/><AGARI ba="1,2" hai="8,10,12,15,18,19,23,25,28,92,93,109,110,111" machi="10" ten="30,4000,0" yaku="1,1,0,1,9,1,53,0" doraHai="43" doraHaiUra="75" who="2" fromWho="2" sc="298,-11,255,-21,267,63,160,-11" /><INIT seed="6,0,0,3,1,23" ten="287,234,330,149" oya="2" hai0="15,116,69,0,13,33,121,117,87,54,43,97,64" hai1="18,58,36,119,104,96,46,63,50,132,14,83,52" hai2="75,5,31,44,135,125,133,92,40,85,17,81,95" hai3="130,131,78,59,112,3,89,90,39,101,53,80,16"/><V127/><F5/><W49/><G3/><T86/><D0/><U98/><E119/><V10/><F10/><W48/><G39/><T28/><D121/><U57/><E132/><N who="2" m="50763" /><F17/><W77/><G101/><T134/><D134/><U99/><E36/><N who="2" m="21511" /><F75/><W27/><G112/><T51/><D43/><U60/><E104/><V106/><F106/><W70/><G70/><T105/><D64/><N who="1" m="38927" /><E83/><V35/><F35/><W124/><G124/><N who="2" m="47689" /><F31/><W11/><G48/><T93/><D105/><U12/><E18/><V109/><F109/><W32/><G11/><T21/><D33/><U107/><E107/><V91/><AGARI ba="0,0" hai="81,85,91,92,95" m="47689,21511,50763" machi="91" ten="30,3000,0" yaku="20,1,18,1" doraHai="23" who="2" fromWho="2" sc="287,-10,234,-10,330,30,149,-10" /><INIT seed="6,1,0,2,1,135" ten="277,224,360,139" oya="2" hai0="131,57,72,77,30,2,28,25,93,47,127,91,13" hai1="87,79,124,114,117,50,33,42,98,84,81,100,21" hai2="8,51,94,67,95,35,70,133,14,55,120,90,0" hai3="1,110,15,99,122,108,82,65,36,59,130,111,80"/><V18/><F120/><W49/><G122/><T39/><D2/><U32/><E117/><V62/><F133/><W37/><G1/><T11/><D131/><U52/><E114/><V89/><F0/><W24/><G130/><T16/><D77/><U17/><E42/><V38/><F38/><W105/><G15/><T104/><D72/><U53/><E87/><V73/><F73/><W107/><G24/><T68/><D68/><U4/><E4/><V113/><F35/><W29/><G29/><T63/><D104/><U22/><E124/><V78/><F78/><W128/><G128/><T69/><D127/><U48/><E21/><V46/><F113/><W85/><G99/><T10/><D69/><U76/><E76/><V7/><F7/><W123/><G123/><T96/><D10/><U102/><E98/><V20/><F20/><W3/><G3/><T86/><D96/><U23/><E23/><V6/><F6/><W64/><G49/><T97/><D97/><U125/><E32/><V106/><F106/><N who="3" m="40459" /><G59/><T109/><D109/><U101/><E33/><V103/><F70/><W88/><G82/><T126/><D126/><U129/><E129/><V31/><F31/><W83/><G83/><T40/><REACH who="0" step="1"/><D25/><REACH who="0" ten="267,224,360,139" step="2"/><N who="1" m="14543" /><E125/><V92/><F8/><W34/><G111/><T71/><D71/><U12/><E12/><V5/><F14/><W27/><G110/><T132/><D132/><U115/><E115/><V41/><F90/><W61/><G108/><T118/><D118/><U9/><E9/><V119/><F89/><W121/><G121/><T26/><D26/><U58/><E102/><RYUUKYOKU ba="1,1" sc="267,15,224,15,360,-15,139,-15" hai0="11,13,16,28,30,39,40,47,57,63,86,91,93" hai1="48,50,52,53,58,79,81,84,100,101" /><INIT seed="7,2,1,0,2,47" ten="282,239,345,124" oya="3" hai0="129,26,75,3,24,36,98,82,81,38,51,16,130" hai1="115,18,100,35,2,73,74,90,105,71,116,84,96" hai2="37,91,111,102,10,104,69,78,52,80,127,89,65" hai3="22,32,123,86,60,109,83,53,93,41,76,133,54"/><W132/><G123/><T33/><D3/><U85/><E71/><V44/><F111/><W7/><G32/><T87/><D75/><U128/><E2/><V21/><F10/><W59/><G109/><T72/><D72/><U101/><E35/><V5/><F5/><W64/><G7/><T58/><D98/><N who="1" m="61623" /><E18/><V108/><F108/><W20/><G41/><T34/><D38/><U68/><E68/><V14/><F102/><W49/><G93/><T126/><D126/><U15/><E15/><V11/><F104/><W6/><G6/><T110/><D36/><U106/><E115/><V114/><F21/><W118/><G118/><T97/><D110/><U113/><E113/><V42/><F127/><W30/><G53/><N who="0" m="32063" /><D26/><U135/><E116/><V13/><F65/><W43/><G43/><T40/><D40/><U48/><E48/><V99/><F69/><W122/><G122/><T79/><D24/><U107/><E135/><N who="3" m="51786" /><G30/><T56/><D33/><U70/><E70/><AGARI ba="2,1" hai="20,22,49,54,59,60,64,70,76,83,86" m="51786" machi="70" ten="30,2900,0" yaku="20,1,52,1" doraHai="47" who="3" fromWho="1" sc="282,0,239,-35,345,0,124,45" /><INIT seed="7,3,0,0,2,106" ten="282,204,345,169" oya="3" hai0="119,24,128,69,50,63,81,84,125,41,16,113,37" hai1="42,91,98,117,80,39,129,95,132,65,56,78,112" hai2="11,18,53,17,49,66,122,121,109,120,64,54,130" hai3="61,107,105,71,102,47,127,118,29,101,85,26,103"/><W57/><G118/><T9/><D119/><U72/><E117/><V124/><F109/><W89/><G127/><T79/><D125/><U100/><E112/><V110/><F110/><W68/><G47/><T46/><D128/><U1/><E1/><V22/><F124/><W108/><G108/><T97/><D113/><U40/><E129/><V13/><F130/><W43/><G43/><T48/><D97/><U58/><E132/><V15/><F54/><W10/><G10/><T59/><D69/><U104/><E39/><V126/><F126/><W76/><G76/><T32/><D32/><U36/><E36/><V34/><F34/><W27/><G107/><T52/><REACH who="0" step="1"/><D9/><REACH who="0" ten="272,204,345,169" step="2"/><U31/><E98/><V6/><F6/><W55/><G105/><T86/><D86/><U73/><E104/><V82/><F82/><W96/><G96/><T28/><D28/><U74/><E31/><V83/><F83/><W114/><G114/><T38/><D38/><U133/><E80/><V8/><F8/><W30/><G30/><T134/><D134/><U111/><E78/><V115/><F115/><W87/><G87/><T135/><D135/><U7/><E133/><V70/><F70/><W20/><REACH who="3" step="1"/><G26/><REACH who="3" ten="272,204,345,159" step="2"/><T44/><D44/><AGARI ba="3,2" hai="11,13,15,17,18,22,44,49,53,64,66,120,121,122" machi="44" ten="40,1300,0" yaku="13,1" doraHai="106" who="2" fromWho="0" sc="272,-22,204,0,345,42,159,0" owari="250,5.0,204,-20.0,387,49.0,159,-34.0" /></mjloggm>