<mjloggm ver="2.3"><GO type="169" lobby="0"/><UN n0="%6F%74%73%75%72%75" n1="%E3%83%AD%E3%83%83%E3%82%BD" n2="%28%3B%E3%83%BB%E2%88%80%E3%83%BB%29" n3="%E3%82%8F%E3%81%A3%E3%81%97%E3%82%87%E3%81%84%E5%90%9B%32%E5%8F%B7" dan="16,17,16,16" rate="2073.89,2168.95,2187.01,2199.16" sx="F,F,M,M"/><TAIKYOKU oya="0"/><INIT seed="0,0,0,1,2,63" ten="250,250,250,250" oya="0" hai0="84,12,85,89,8,46,60,32,39,93,111,101,129" hai1="36,29,106,38,56,27,94,13,53,57,20,78,97" hai2="68,1,15,17,105,9,128,19,10,18,69,127,64" hai3="90,4,23,55,48,62,112,74,132,16,134,117,22"/><T71/><D129/><U33/><E106/><V14/><F105/><W73/><G112/><T79/><D32/><U50/><E78/><V81/><F81/><W28/><G4/><T21/><D101/><U54/><E33/><V125/><F128/><W75/><G117/><T99/><D21/><U25/><E13/><N who="2" m="4619" /><F64/><W96/><G28/><T102/><D111/><U77/><E77/><V107/><F107/><W113/><G113/><T80/><D39/><U40/><E40/><V109/><F109/><W83/><G62/><T108/><D46/><U131/><E131/><V31/><F31/><W3/><G3/><T52/><D108/><U11/><E27/><V65/><F65/><W58/><G16/><N who="2" m="4097" /><V76/><DORA hai="115" /><F76/><W92/><REACH who="3" step="1"/><G83/><REACH who="3" ten="250,250,250,240" step="2"/><T0/><D0/><U37/><E11/><N who="2" m="4107" /><F1/><W41/><G41/><T121/><D80/><U35/><E35/><V5/><F5/><W133/><AGARI ba="0,1" hai="22,23,48,55,58,73,74,75,90,92,96,132,133,134" machi="133" ten="40,5200,0" yaku="1,1,0,1,20,1,53,0" doraHai="63,115" doraHaiUra="67,98" who="3" fromWho="3" sc="250,-26,250,-13,250,-13,240,62" /><INIT seed="1,0,0,0,3,134" ten="224,237,237,302" oya="1" hai0="29,93,95,13,12,119,110,51,0,128,45,38,21" hai1="85,126,50,1,70,33,121,75,123,81,82,5,69" hai2="115,66,20,4,99,78,47,61,55,125,100,76,98" hai3="2,116,22,57,36,16,132,87,60,133,71,94,91"/><U8/><E33/><V15/><F115/><W68/><G36/><T122/><D119/><U77/><E50/><V3/><F3/><W14/><G2/><T92/><D0/><U49/><E49/><N who="2" m="29119" /><F125/><W26/><G116/><T31/><D128/><U41/><E41/><V102/><F61/><W79/><G79/><N who="2" m="30249" /><F66/><W96/><G87/><T58/><D110/><U72/><E85/><V112/><F112/><W89/><G91/><T10/><D122/><N who="1" m="46603" /><E81/><V120/><F120/><W130/><G130/><T107/><D107/><U106/><E75/><V9/><F20/><W39/><G39/><T101/><D101/><AGARI ba="0,0" hai="4,9,15,98,99,100,101,102" m="30249,29119" machi="101" ten="30,1000,0" yaku="8,1" doraHai="134" who="2" fromWho="0" sc="224,-10,237,0,237,10,302,0" /><INIT seed="2,0,0,0,3,28" ten="214,237,247,302" oya="2" hai0="60,2,102,12,110,21,116,93,34,41,123,114,69" hai1="66,13,6,86,40,128,67,45,105,58,109,20,115" hai2="112,51,4,76,43,47,1,71,88,42,73,37,44" hai3="108,46,11,22,25,75,3,36,26,135,54,78,95"/><V50/><F112/><W35/><G95/><T134/><D114/><U90/><E115/><V30/><F30/><W125/><G108/><T16/><D123/><U38/><E109/><V124/><F124/><W130/><G130/><T131/><D131/><U52/><E128/><V122/><F122/><W84/><G84/><T94/><D110/><U111/><E105/><V53/><F71/><W107/><G107/><T126/><D2/><U127/><E127/><V19/><F19/><W7/><G135/><T5/><D5/><U29/><E111/><V77/><F73/><W103/><G103/><T64/><D134/><U65/><E6/><V39/><F4/><W49/><G125/><T82/><D126/><U117/><E117/><V33/><F1/><W79/><G36/><T31/><D102/><U92/><E29/><V113/><F113/><W70/><G70/><T62/><D116/><U106/><E106/><V129/><F129/><W97/><G97/><T132/><D62/><U24/><E24/><V99/><F33/><W74/><G35/><T98/><D98/><U10/><E10/><V59/><REACH who="2" step="1"/><F51/><REACH who="2" ten="214,237,237,302" step="2"/><W56/><G74/><T91/><D132/><U80/><E20/><V55/><F55/><N who="3" m="30135" /><G22/><T119/><D119/><U68/><E68/><V121/><F121/><W15/><G3/><T14/><D34/><U27/><E27/><N who="3" m="10250" /><G75/><T104/><D31/><U48/><REACH who="1" step="1"/><E13/><REACH who="1" ten="214,227,237,302" step="2"/><V0/><F0/><W81/><G15/><T83/><D14/><U133/><E133/><V101/><F101/><W18/><G7/><T100/><D69/><U96/><E96/><V72/><F72/><RYUUKYOKU ba="0,2" sc="214,-15,227,15,237,15,302,-15" hai1="38,40,45,48,52,58,65,66,67,80,86,90,92" hai2="37,39,42,43,44,47,50,53,59,76,77,88,99" /><INIT seed="2,1,2,3,4,75" ten="199,242,252,287" oya="2" hai0="72,4,25,108,132,124,100,84,88,57,67,116,64" hai1="97,16,43,11,102,80,3,128,70,90,93,55,18" hai2="66,14,77,133,23,74,129,15,130,98,53,71,10" hai3="38,94,101,86,78,21,5,96,20,48,6,13,33"/><V44/><F133/><W114/><G38/><T46/><D132/><U117/><E117/><V26/><F71/><W104/><G33/><T106/><D108/><U45/><E70/><V30/><F66/><W36/><G36/><T113/><D113/><U109/><E109/><V27/><F98/><W92/><G114/><T121/><D121/><U87/><E128/><N who="2" m="49259" /><F44/><W62/><G62/><T9/><D116/><U79/><E55/><V35/><F53/><W7/><G48/><T17/><D46/><U2/><E2/><V125/><F125/><W134/><G134/><T127/><D72/><U118/><E118/><V85/><F74/><W123/><G123/><T110/><D110/><U68/><E68/><V59/><F59/><W122/><G122/><T40/><D40/><U29/><E29/><N who="2" m="17631" /><F10/><W83/><G104/><T39/><D39/><U82/><E3/><V34/><F34/><W126/><G126/><T8/><D8/><U89/><E11/><V73/><F73/><W54/><G54/><T115/><D115/><U51/><E102/><V60/><F60/><W120/><G120/><T76/><D67/><U19/><E82/><AGARI ba="1,2" hai="14,15,27,30,35,77,82,85" m="17631,49259" machi="82" ten="30,2900,0" yaku="19,1,52,1" doraHai="75" who="2" fromWho="1" sc="199,0,242,-32,252,52,287,0" /><INIT seed="2,2,0,5,0,89" ten="199,210,304,287" oya="2" hai0="63,128,5,97,118,95,38,14,99,41,51,92,75" hai1="56,33,9,3,35,102,15,81,4,31,1,44,6" hai2="62,8,132,86,79,26,101,49,85,123,78,90,28" hai3="58,55,104,110,60,61,7,87,22,106,69,23,10"/><V65/><F123/><W66/><G110/><T36/><D75/><U30/><E102/><V12/><F132/><W76/><G76/><T13/><D128/><U119/><E56/><V103/><F49/><W122/><G122/><T131/><D131/><U19/><E44/><V24/><F101/><W0/><REACH who="3" step="1"/><G87/><REACH who="3" ten="199,210,304,277" step="2"/><T126/><D118/><U84/><E119/><V91/><F79/><W129/><G129/><T27/><D126/><U72/><E72/><V125/><F125/><W47/><G47/><N who="0" m="26095" /><D38/><U50/><E84/><V54/><F78/><W82/><G82/><T77/><D36/><U117/><E81/><V93/><F86/><W96/><G96/><N who="0" m="36939" /><D77/><U120/><E120/><V105/><F105/><AGARI ba="2,1" hai="0,7,10,22,23,55,58,60,61,66,69,104,105,106" machi="105" ten="40,1300,0" yaku="1,1,53,0" doraHai="89" doraHaiUra="20" who="3" fromWho="2" sc="199,0,210,0,304,-19,277,29" /><INIT seed="3,0,0,4,5,97" ten="199,210,285,306" oya="3" hai0="129,71,22,47,90,59,64,57,123,115,36,28,108" hai1="126,113,18,119,19,122,107,95,50,116,4,21,49" hai2="128,2,34,14,99,130,58,45,121,120,75,114,39" hai3="67,41,55,44,79,134,25,118,27,111,132,11,5"/><W16/><G118/><T82/><D123/><N who="2" m="47178" /><F2/><W60/><G79/><T51/><D28/><U31/><E107/><V3/><F3/><W80/><G80/><T92/><D108/><U24/><E122/><V13/><F75/><W88/><G55/><T87/><D129/><N who="2" m="49770" /><F114/><W65/><G111/><T40/><D115/><U63/><E113/><V86/><F34/><W81/><G5/><T20/><D71/><U72/><E72/><V35/><F35/><W96/><G25/><T26/><D64/><U103/><E126/><V102/><F86/><N who="3" m="50255" /><G96/><T61/><D36/><U74/><E74/><V91/><F91/><W62/><G67/><T6/><D6/><U89/><E4/><V7/><F7/><W135/><G65/><N who="0" m="39087" /><D59/><U12/><E119/><V10/><F10/><W105/><G105/><T56/><D56/><U110/><E110/><V43/><F58/><W109/><G109/><T101/><D26/><U1/><E24/><V112/><F112/><W68/><G68/><T53/><D53/><U30/><E116/><V52/><F52/><W46/><G27/><T100/><D82/><U15/><E1/><V78/><F78/><W104/><G104/><AGARI ba="0,0" hai="13,14,39,43,45,99,102,104" m="49770,47178" machi="104" ten="30,3900,0" yaku="13,1,19,1,52,1" doraHai="97" who="2" fromWho="3" sc="199,0,210,0,285,39,306,-39" /><INIT seed="4,0,0,4,3,39" ten="199,210,324,267" oya="0" hai0="57,84,17,82,135,132,73,87,80,115,35,27,110" hai1="133,100,42,11,68,112,93,23,15,51,65,7,5" hai2="18,45,86,67,49,21,94,125,61,47,40,120,24" hai3="52,129,31,37,92,59,101,70,16,28,103,121,124"/><T3/><D3/><U60/><E133/><N who="0" m="51273" /><D115/><U63/><E112/><V104/><F104/><W53/><G70/><T74/><D17/><U56/><E7/><V8/><F120/><W77/><G121/><T1/><D1/><U48/><E42/><V99/><F125/><W10/><G124/><T116/><D57/><U69/><E69/><V118/><F118/><W9/><G37/><T32/><D116/><U54/><E100/><V88/><F47/><W123/><G123/><T126/><D27/><U105/><E105/><V117/><F8/><W29/><G129/><T75/><D110/><U98/><E23/><V119/><REACH who="2" step="1"/><F99/><REACH who="2" ten="199,210,314,267" step="2"/><W34/><G9/><T25/><D126/><U14/><E11/><V113/><F113/><W36/><G10/><T43/><D25/><U44/><E5/><V72/><F72/><W13/><G13/><T22/><D22/><U46/><E15/><V111/><F111/><W106/><G106/><T127/><D127/><U134/><E14/><V33/><F33/><N who="0" m="12874" /><D43/><U131/><E134/><V64/><F64/><W130/><G34/><T20/><D20/><U97/><E131/><V89/><F89/><W6/><G6/><T78/><D78/><U19/><E46/><V107/><F107/><W26/><G77/><T91/><D91/><U4/><E4/><V55/><F55/><W50/><G53/><T83/><AGARI ba="0,1" hai="73,74,75,80,82,83,84,87" m="12874,51273" machi="83" ten="50,9600,0" yaku="28,2,20,1" doraHai="39" who="0" fromWho="0" sc="199,106,210,-32,314,-32,267,-32" /><INIT seed="4,1,0,0,1,126" ten="305,178,282,235" oya="0" hai0="22,132,4,97,68,31,19,28,85,114,27,26,71" hai1="10,128,63,87,67,124,30,56,36,82,51,7,35" hai2="64,37,108,38,111,57,44,52,48,88,133,116,11" hai3="80,81,65,129,130,43,47,120,62,84,70,83,39"/><T73/><D73/><U50/><E36/><V79/><F79/><W9/><G120/><T86/><D114/><U60/><E124/><V69/><F11/><W125/><G125/><T121/><D4/><U33/><E60/><N who="2" m="40071" /><F88/><W5/><REACH who="3" step="1"/><G84/><REACH who="3" ten="305,178,282,225" step="2"/><T113/><D121/><U45/><E87/><V40/><F133/><W6/><G6/><T17/><D132/><U49/><E7/><V24/><F116/><W1/><AGARI ba="1,1" hai="1,5,9,39,43,47,62,65,70,80,81,83,129,130" machi="1" ten="30,7900,0" yaku="1,1,0,1,52,2,53,0" doraHai="126" doraHaiUra="122" who="3" fromWho="3" sc="305,-40,178,-21,282,-21,225,92" /><INIT seed="5,0,0,0,3,70" ten="265,157,261,317" oya="1" hai0="38,116,131,57,112,20,48,23,28,126,90,45,135" hai1="120,96,101,92,133,85,71,6,115,113,50,53,19" hai2="64,4,109,122,13,68,30,32,93,12,77,65,74" hai3="22,102,98,111,118,2,128,129,11,134,15,130,26"/><U54/><E120/><V89/><F122/><W58/><G111/><T124/><D116/><U8/><E71/><V66/><F109/><W60/><G118/><T33/><D112/><U46/><E133/><V104/><F104/><W83/><G134/><T56/><D131/><U87/><E19/><V18/><F68/><W119/><G119/><T10/><D10/><U110/><E110/><V7/><F32/><W5/><G83/><T39/><D90/><U80/><E54/><V69/><F30/><W52/><G2/><T127/><D33/><U73/><E73/><V88/><F69/><W67/><G67/><T49/><D135/><U79/><REACH who="1" step="1"/><E85/><REACH who="1" ten="265,147,261,317" step="2"/><V51/><F74/><W117/><G117/><T78/><D28/><U59/><E59/><V9/><F18/><W125/><G128/><T16/><D16/><U97/><E97/><V55/><F55/><W75/><G75/><T47/><D124/><U29/><E29/><V31/><F31/><N who="3" m="17879" /><G125/><T34/><D34/><U61/><E61/><V82/><F66/><W103/><G129/><T100/><D127/><U81/><E81/><V72/><F65/><W42/><G130/><T106/><D56/><U1/><AGARI ba="0,1" hai="1,6,8,46,50,53,79,80,87,92,96,101,113,115" machi="1" ten="30,3000,0" yaku="1,1,0,1,53,0" doraHai="70" doraHaiUra="86" who="1" fromWho="1" sc="265,-10,147,40,261,-10,317,-10" /><INIT seed="5,1,0,3,0,9" ten="255,187,251,307" oya="1" hai0="21,127,109,43,76,74,98,70,113,36,45,106,44" hai1="75,20,59,15,78,29,23,96,39,133,90,5,14" hai2="81,116,114,67,88,125,123,30,60,40,124,12,105" hai3="97,115,107,4,6,28,18,2,131,53,71,118,102"/><U86/><E39/><V34/><F116/><W24/><G118/><T3/><D109/><U48/><E133/><V32/><F123/><W122/><G122/><T33/><D21/><N who="1" m="8267" /><E75/><V42/><F105/><W10/><G115/><T94/><D106/><U27/><E5/><V19/><F42/><W66/><G131/><T41/><D70/><U91/><E27/><V84/><F40/><W135/><G135/><T93/><D33/><U134/><E134/><V110/><F110/><W49/><G6/><T26/><D26/><U82/><E29/><V77/><F77/><W37/><G37/><T132/><D3/><U119/><E119/><V64/><F64/><W35/><G18/><T108/><D113/><U112/><E112/><V11/><F114/><W79/><G79/><T80/><D108/><U104/><E104/><V69/><F30/><W130/><G130/><T47/><D43/><U46/><E59/><V95/><REACH who="2" step="1"/><F81/><REACH who="2" ten="255,187,241,307" step="2"/><W16/><G28/><T73/><D80/><U31/><E31/><V121/><F121/><W13/><G107/><T54/><D132/><U8/><E8/><V117/><F117/><W111/><G10/><T51/><D41/><N who="1" m="24655" /><E78/><V129/><F129/><W101/><G111/><T25/><D36/><U103/><E103/><V62/><F62/><W50/><G102/><T63/><D63/><U89/><E91/><V55/><F55/><W128/><G53/><T57/><D76/><U126/><E126/><AGARI ba="1,1" hai="11,12,19,32,34,60,67,69,84,88,95,124,125,126" machi="126" ten="40,8000,1" yaku="1,1,18,1,52,1,54,1,53,1" doraHai="9" doraHaiUra="85" who="2" fromWho="1" sc="255,0,187,-83,241,93,307,0" /><INIT seed="6,0,0,2,5,120" ten="255,104,334,307" oya="2" hai0="23,1,77,111,73,24,57,51,35,112,42,58,128" hai1="99,41,76,115,124,30,8,48,63,40,107,126,97" hai2="61,109,119,105,85,2,79,67,64,132,103,37,17" hai3="19,83,80,129,20,89,15,38,55,68,14,62,122"/><V10/><F119/><W50/><G122/><T7/><D112/><U134/><E30/><V3/><F37/><W95/><G38/><T47/><D35/><U75/><E63/><V90/><F79/><W36/><G36/><T125/><D128/><U66/><E66/><V53/><F53/><W0/><G0/><T9/><D125/><U21/><E21/><V108/><F105/><W18/><G129/><T72/><D72/><U86/><E8/><V59/><F103/><W113/><G68/><T11/><D11/><U121/><E121/><V16/><F67/><W39/><G62/><T92/><D73/><U133/><E48/><V88/><F90/><W91/><G39/><T34/><D77/><U33/><E75/><V130/><F130/><W27/><G113/><T94/><D34/><U96/><E33/><V46/><F46/><W49/><G27/><T118/><D118/><U44/><E44/><V4/><F2/><W82/><G50/><T116/><D116/><U78/><E99/><V71/><F71/><W29/><G29/><T43/><D43/><U87/><REACH who="1" step="1"/><E107/><REACH who="1" ten="255,94,334,307" step="2"/><V12/><F3/><W101/><G49/><T84/><D51/><U69/><E69/><V32/><F32/><W106/><G106/><T6/><D47/><U100/><E100/><V114/><F114/><AGARI ba="0,1" hai="40,41,76,78,86,87,96,97,114,115,124,126,133,134" machi="114" ten="25,8000,1" yaku="1,1,22,2,53,2" doraHai="120" doraHaiUra="74" who="1" fromWho="2" sc="255,0,94,90,334,-80,307,0" /><INIT seed="7,0,0,5,1,135" ten="255,184,254,307" oya="3" hai0="39,52,121,27,130,41,82,101,127,109,31,51,2" hai1="63,93,23,113,15,104,114,18,75,78,57,67,72" hai2="77,20,65,42,134,133,0,44,74,120,29,119,5" hai3="90,26,105,115,129,36,1,16,128,70,55,50,24"/><W98/><G36/><T86/><D109/><U59/><E104/><V112/><F119/><W54/><G70/><T126/><D121/><U56/><E78/><V3/><F112/><W83/><G115/><N who="1" m="44042" /><E93/><V38/><F120/><W40/><G1/><T102/><D2/><U58/><N who="1" m="14336" /><DORA hai="84" /><U100/><E100/><V69/><F20/><W111/><G111/><T117/><D117/><U73/><E63/><N who="2" m="40127" /><F29/><W53/><G40/><T66/><D31/><U118/><E118/><V125/><F125/><W49/><G105/><T97/><D126/><U25/><E67/><V6/><F6/><W62/><G62/><T116/><D66/><U94/><E94/><V87/><F87/><N who="3" m="50559" /><G98/><T33/><D97/><U110/><E110/><V11/><F3/><W95/><G95/><T22/><D116/><U108/><E108/><V14/><F14/><W19/><G26/><T123/><D27/><U12/><AGARI ba="0,0" hai="12,15,18,23,25,72,73,75" m="14336,44042" machi="12" ten="60,2000,0" yaku="15,1" doraHai="135,84" who="1" fromWho="1" sc="255,-5,184,20,254,-5,307,-10" /><INIT seed="8,0,0,3,5,9" ten="250,204,249,297" oya="0" hai0="44,0,70,103,116,52,130,18,42,4,11,133,24" hai1="74,112,114,86,80,96,101,35,84,43,115,104,17" hai2="98,5,64,53,1,41,28,2,120,3,59,46,51" hai3="38,126,78,37,113,121,68,22,135,82,6,40,102"/><T89/><D133/><U94/><E35/><V100/><F120/><W32/><G113/><N who="1" m="28930" /><U16/><DORA hai="127" /><E43/><V14/><F64/><W62/><G32/><T81/><D116/><U12/><E17/><V36/><F28/><W8/><G126/><T27/><D70/><U20/><E104/><V69/><F69/><W15/><G135/><T23/><D103/><U34/><E34/><V56/><F56/><W85/><G121/><T13/><D130/><U58/><E58/><V131/><F131/><W134/><G134/><T97/><D52/><U108/><E108/><V7/><REACH who="2" step="1"/><F14/><REACH who="2" ten="250,204,239,297" step="2"/><W29/><G68/><T129/><D129/><U118/><E118/><V99/><F99/><W39/><G29/><T76/><D97/><U57/><E57/><V95/><AGARI ba="0,1" hai="1,2,3,5,7,36,41,46,51,53,59,95,98,100" machi="95" ten="30,2000,0" yaku="1,1,0,1,53,0" doraHai="9,127" doraHaiUra="111,60" who="2" fromWho="2" sc="250,-10,204,-5,239,30,297,-5" /><INIT seed="9,0,0,5,2,0" ten="240,199,269,292" oya="1" hai0="15,80,100,128,133,110,51,14,29,64,108,28,82" hai1="27,69,34,102,35,123,96,78,75,127,124,26,43" hai2="42,2,76,91,101,85,99,37,107,53,1,130,118" hai3="112,116,86,81,5,16,19,32,23,40,11,60,62"/><U97/><E123/><V79/><F118/><W33/><G112/><T41/><D51/><U56/><E69/><V114/><F114/><W9/><G116/><T98/><D41/><U88/><E43/><V103/><F103/><W25/><G40/><T70/><D98/><U58/><E78/><V109/><F109/><W45/><G45/><T12/><D100/><U65/><E102/><V105/><F105/><W131/><G131/><T49/><D49/><U67/><REACH who="1" step="1"/><E75/><REACH who="1" ten="240,189,269,292" step="2"/><V47/><F79/><W36/><G36/><T55/><D128/><U129/><E129/><V77/><F77/><W135/><G135/><T120/><D120/><U46/><E46/><V18/><F130/><W61/><G33/><T39/><D133/><U94/><E94/><V121/><F76/><W4/><G32/><T74/><D74/><U71/><E71/><V95/><F121/><W63/><G81/><T21/><D82/><U59/><E59/><V66/><F101/><W8/><G86/><T92/><D92/><U93/><E93/><V117/><F117/><W50/><G50/><T44/><D80/><U38/><E38/><V10/><F37/><W54/><G54/><T111/><D39/><U126/><E126/><V113/><F42/><W24/><G61/><N who="0" m="40207" /><D55/><U84/><E84/><V72/><F72/><W106/><G106/><T87/><D87/><U119/><E119/><V115/><F107/><W132/><G132/><T7/><D44/><U6/><E6/><V104/><F104/><W13/><G4/><T31/><D7/><U122/><E122/><V22/><F85/><W20/><AGARI ba="0,1" hai="5,8,9,11,13,16,19,20,23,24,25,60,62,63" machi="20" ten="30,12000,2" yaku="5,1,0,1,9,1,8,1,52,1,54,1" doraHai="0" who="3" fromWho="3" sc="240,-30,189,-60,269,-30,292,130" owari="210,-19.0,129,-37.0,239,4.0,422,52.0" /></mjloggm>