<mjloggm ver="2.3"><GO type="169" lobby="0"/><UN n0="%E7%A9%B4%E4%BA%95%E6%88%91%E8%81%9E" n1="%E7%A5%9E%E6%9E%B6%E3%82%BF%E3%82%A4%E3%82%BF%E3%83%8B%E3%83%83%E3%82%AF" n2="%E5%AE%89%E9%81%94%E3%81%95%E3%81%8F%E3%82%89" n3="%E3%81%B4%E3%83%BC%E3%81%8A%E3%81%8B" dan="16,16,17,16" rate="2110.08,2049.82,2180.62,2156.43" sx="M,M,M,M"/><TAIKYOKU oya="0"/><INIT seed="0,0,0,3,0,47" ten="250,250,250,250" oya="0" hai0="120,89,2,132,125,13,128,99,8,57,84,135,74" hai1="20,62,28,119,92,133,65,10,53,7,27,118,131" hai2="108,26,42,102,71,22,15,63,43,85,37,80,104" hai3="67,5,111,113,56,81,59,106,123,32,83,114,39"/><T36/><D74/><U60/><E131/><V24/><F108/><W88/><G111/><T4/><D120/><U40/><E133/><V41/><F37/><W6/><G39/><T70/><D70/><U103/><E40/><V48/><F104/><W23/><G106/><T122/><D122/><U78/><E78/><V110/><F110/><W130/><G123/><T50/><D36/><U82/><E82/><V17/><F102/><W77/><G23/><T79/><D79/><U34/><E34/><V116/><F116/><W94/><G77/><T14/><D128/><U86/><E53/><V126/><F126/><W35/><G94/><T31/><D31/><U129/><E62/><V127/><F127/><W90/><REACH who="3" step="1"/><G67/><REACH who="3" ten="250,250,250,240" step="2"/><T16/><D125/><U124/><E124/><V87/><F22/><W49/><G49/><T1/><D135/><U38/><E38/><V29/><F48/><W12/><G12/><T96/><D132/><U93/><E129/><AGARI ba="0,1" hai="5,6,32,35,56,59,81,83,88,90,113,114,129,130" machi="129" ten="25,12000,2" yaku="1,1,22,2,54,1,53,2" doraHai="47" doraHaiUra="54" who="3" fromWho="1" sc="250,0,250,-120,250,0,240,130" /><INIT seed="1,0,0,1,4,77" ten="250,130,250,370" oya="1" hai0="76,81,91,74,6,120,45,119,9,125,106,13,43" hai1="49,117,128,121,115,105,69,101,22,19,52,5,53" hai2="56,31,23,85,122,89,87,113,109,103,11,94,26" hai3="70,116,25,2,18,68,104,93,72,134,127,124,55"/><U12/><E121/><V17/><F122/><W57/><G104/><T130/><D119/><U111/><E117/><V98/><F109/><W51/><G116/><T59/><D120/><U131/><E115/><V82/><F113/><W32/><G72/><T135/><D135/><U88/><E69/><V118/><F118/><W83/><G2/><T75/><D130/><N who="1" m="49707" /><E111/><V35/><F56/><W16/><G83/><T44/><D125/><N who="3" m="48201" /><G134/><T62/><D106/><U126/><E126/><V123/><F123/><W30/><G93/><T61/><D75/><U54/><E5/><V50/><F50/><W110/><G110/><T86/><D43/><U108/><E108/><V95/><F11/><W7/><G7/><T3/><D3/><U84/><E101/><V65/><F65/><W4/><G4/><T39/><D39/><U29/><E29/><V79/><REACH who="2" step="1"/><F35/><REACH who="2" ten="250,130,240,370" step="2"/><W114/><G114/><T100/><D62/><U46/><E105/><V58/><F58/><W48/><G51/><T8/><D8/><U99/><E99/><V37/><F37/><W41/><G41/><T27/><D9/><U73/><E73/><V66/><F66/><W92/><G70/><T96/><D74/><U80/><AGARI ba="0,1" hai="12,19,22,46,49,52,53,54,80,84,88" m="49707" machi="80" ten="30,11700,0" yaku="19,1,52,1,54,2" doraHai="77" who="1" fromWho="1" sc="250,-39,130,127,240,-39,370,-39" /><INIT seed="1,1,0,1,1,11" ten="211,257,201,331" oya="1" hai0="130,61,87,63,40,23,96,92,81,7,69,27,53" hai1="46,80,95,75,99,38,39,19,128,31,50,98,108" hai2="0,1,44,12,82,57,55,60,67,117,134,54,83" hai3="25,76,77,118,3,33,14,4,10,115,124,123,22"/><U48/><E31/><V72/><F117/><W37/><G115/><T133/><D133/><U49/><E128/><V26/><F134/><W28/><G123/><T131/><D40/><U34/><E34/><V100/><F100/><W20/><G124/><T21/><D7/><U110/><E46/><V2/><F26/><W129/><G129/><T8/><D8/><U78/><E19/><V58/><F72/><W85/><G118/><T43/><D43/><U42/><E42/><V70/><F44/><W91/><G37/><N who="1" m="13834" /><E95/><V97/><F97/><W120/><G120/><T47/><D21/><U15/><E15/><V84/><F12/><W52/><G52/><T88/><D69/><U89/><E89/><V74/><F74/><W65/><G65/><T41/><D53/><U113/><E113/><V73/><F73/><W64/><G64/><T29/><D131/><U135/><E135/><V101/><F101/><W32/><G32/><T127/><D127/><U125/><E125/><V18/><F18/><N who="3" m="10327" /><G22/><T35/><D35/><U102/><E102/><V126/><F126/><W86/><G86/><T51/><REACH who="0" step="1"/><D130/><REACH who="0" ten="201,257,201,331" step="2"/><U111/><AGARI ba="1,1" hai="48,49,50,75,78,80,98,99,108,110,111" m="13834" machi="111" ten="40,3900,0" yaku="14,1,10,1" doraHai="11" who="1" fromWho="1" sc="201,-14,257,52,201,-14,331,-14" /><INIT seed="1,2,0,2,1,78" ten="187,309,187,317" oya="1" hai0="13,108,61,25,122,31,43,100,111,129,89,1,85" hai1="38,76,121,87,113,48,21,12,65,93,50,4,74" hai2="75,103,20,132,49,96,97,99,130,15,84,10,53" hai3="88,0,69,106,16,18,70,82,42,120,133,95,68"/><U37/><E121/><V5/><F75/><W128/><G120/><T29/><D122/><U114/><E74/><V8/><F132/><W46/><G133/><T36/><D1/><U39/><E65/><V41/><F130/><W23/><G128/><T67/><D129/><U72/><E72/><V73/><F73/><W26/><G0/><T134/><D134/><U6/><E21/><V40/><F103/><W109/><G106/><T34/><D31/><U119/><E119/><V59/><F20/><W115/><G109/><T126/><D126/><U105/><E105/><V9/><F9/><W98/><G115/><T60/><D100/><U28/><E28/><V90/><REACH who="2" step="1"/><F10/><REACH who="2" ten="187,309,177,317" step="2"/><W135/><G135/><T44/><D13/><U79/><E114/><V22/><F22/><W117/><G117/><T32/><D32/><U81/><E113/><V104/><F104/><W58/><G23/><T107/><D107/><U110/><E6/><V66/><F66/><W116/><G116/><T45/><D45/><U102/><E4/><V71/><F71/><W35/><G68/><T3/><D3/><U56/><E12/><V94/><AGARI ba="2,1" hai="5,8,15,40,41,49,53,59,84,90,94,96,97,99" machi="94" ten="30,7900,0" yaku="1,1,0,1,8,1,53,1" doraHai="78" doraHaiUra="80" who="2" fromWho="2" sc="187,-22,309,-41,177,95,317,-22" /><INIT seed="2,0,0,2,0,26" ten="165,268,272,295" oya="2" hai0="86,95,98,1,101,40,108,7,77,106,38,41,69" hai1="0,134,17,24,125,34,6,27,113,55,5,49,110" hai2="11,84,135,14,88,107,9,39,74,3,46,109,91" hai3="12,66,116,57,18,20,105,48,15,8,121,54,4"/><V37/><F74/><W35/><G121/><T43/><D108/><U23/><E113/><V36/><F107/><W10/><G116/><T68/><D38/><U33/><E110/><V102/><F109/><W89/><G35/><T99/><D1/><U31/><E125/><V80/><F135/><W64/><G105/><T96/><D7/><U70/><E70/><V29/><F102/><W104/><G104/><T126/><D126/><U42/><E134/><V73/><F73/><W93/><REACH who="3" step="1"/><G10/><REACH who="3" ten="165,268,272,285" step="2"/><T129/><D129/><U72/><E33/><V118/><F118/><W82/><G82/><T21/><D21/><U71/><E34/><V115/><F9/><W124/><G124/><T13/><D106/><U127/><E127/><V103/><F11/><W52/><G52/><T75/><D41/><U130/><E55/><V65/><F80/><W87/><AGARI ba="0,1" hai="4,8,12,15,18,20,48,54,57,64,66,87,89,93" machi="87" ten="20,12000,2" yaku="1,1,0,1,7,1,25,2,8,1,53,1" doraHai="26" doraHaiUra="53" who="3" fromWho="3" sc="165,-30,268,-30,272,-60,285,130" /><INIT seed="3,0,0,1,2,71" ten="135,238,212,415" oya="3" hai0="127,116,30,15,101,92,96,128,98,45,106,133,82" hai1="119,83,118,72,100,117,107,16,58,111,121,66,10" hai2="102,22,104,108,27,8,37,59,31,39,124,114,65" hai3="54,78,24,23,56,91,115,89,36,79,11,94,34"/><W43/><G115/><T110/><D110/><U53/><E121/><V2/><F114/><W17/><G34/><T3/><D3/><U75/><E111/><V28/><F108/><W21/><G11/><T18/><D116/><U44/><E66/><V60/><F124/><W26/><G43/><T109/><D109/><U99/><E44/><V6/><REACH who="2" step="1"/><F31/><REACH who="2" ten="135,238,202,415" step="2"/><W62/><G36/><T84/><D127/><U93/><E107/><V129/><F129/><W42/><G42/><T25/><D128/><U7/><E83/><V64/><F64/><W20/><G26/><T12/><D133/><U123/><E123/><V50/><F50/><W0/><G24/><T103/><D18/><U70/><E16/><V86/><F86/><W134/><G17/><T130/><D130/><U113/><E113/><V112/><F112/><W126/><G126/><T57/><D57/><U5/><E70/><V32/><F32/><W120/><G134/><T47/><D47/><U77/><E72/><V40/><F40/><W122/><G122/><T81/><D45/><U35/><E35/><V41/><F41/><W49/><G49/><T46/><D46/><U125/><E125/><V1/><F1/><W68/><G0/><T48/><D48/><N who="1" m="31015" /><E10/><V80/><F80/><W97/><G68/><T90/><REACH who="0" step="1"/><D82/><REACH who="0" ten="125,238,202,415" step="2"/><N who="1" m="45375" /><E117/><V33/><F33/><AGARI ba="0,2" hai="12,15,25,30,33,81,84,90,92,96,98,101,103,106" machi="33" ten="30,2000,0" yaku="1,1,7,1,53,0" doraHai="71" doraHaiUra="38" who="0" fromWho="2" sc="125,40,238,0,202,-20,415,0" /><INIT seed="4,0,0,5,2,66" ten="165,238,182,415" oya="0" hai0="106,112,60,12,102,55,50,21,15,13,4,9,94" hai1="26,1,89,57,78,28,115,132,96,103,100,87,46" hai2="30,81,134,80,69,59,108,107,67,24,127,125,85" hai3="114,2,70,135,45,23,43,22,83,68,38,62,128"/><T25/><D112/><U98/><E1/><V124/><F108/><W121/><G2/><T99/><D106/><U84/><E132/><V29/><F134/><W19/><G135/><T34/><D60/><U16/><E46/><V8/><F107/><W101/><G114/><T113/><D34/><U77/><E115/><V131/><F131/><W110/><G110/><T42/><D42/><U51/><E28/><V58/><F8/><W44/><G128/><T92/><D92/><U33/><E33/><V61/><F81/><W49/><G101/><N who="1" m="38986" /><E57/><N who="2" m="21515" /><F24/><W79/><G62/><T86/><D86/><N who="1" m="32811" /><E51/><V65/><F65/><W27/><G23/><T36/><D36/><U35/><E35/><V37/><F37/><W109/><G121/><T90/><D102/><U41/><E41/><V40/><F40/><W53/><G109/><T111/><D111/><U116/><E116/><V3/><F3/><W32/><G32/><T31/><REACH who="0" step="1"/><D113/><REACH who="0" ten="155,238,182,415" step="2"/><U54/><E98/><V73/><F73/><AGARI ba="0,1" hai="19,22,27,38,43,44,45,49,53,68,70,73,79,83" machi="73" ten="30,3900,0" yaku="7,1,52,2" doraHai="66" who="3" fromWho="2" sc="155,0,238,0,182,-39,415,49" /><INIT seed="5,0,0,0,0,124" ten="155,238,143,464" oya="1" hai0="7,0,67,100,73,135,81,9,5,39,37,71,61" hai1="89,36,82,21,3,92,97,88,63,117,18,11,46" hai2="84,107,59,45,16,116,126,79,118,109,49,58,42" hai3="53,115,125,24,70,113,77,31,48,8,20,94,96"/><U122/><E122/><V4/><F109/><W57/><G125/><T108/><D108/><U41/><E117/><V119/><F126/><W104/><G70/><T23/><D23/><U69/><E69/><V13/><F107/><W60/><G104/><T72/><D100/><U51/><E63/><V50/><F50/><W66/><G77/><T52/><D135/><U6/><E82/><V10/><REACH who="2" step="1"/><F16/><REACH who="2" ten="155,238,133,464" step="2"/><W111/><G111/><T12/><D39/><U105/><E105/><V112/><F112/><W127/><G127/><T27/><D37/><U54/><E36/><V103/><F103/><N who="3" m="60823" /><G8/><T128/><D9/><U32/><E18/><V83/><AGARI ba="0,1" hai="4,10,13,42,45,49,58,59,79,83,84,116,118,119" machi="83" ten="40,8000,1" yaku="1,1,0,1,25,2,53,0" doraHai="124" doraHaiUra="130" who="2" fromWho="2" sc="155,-20,238,-40,133,90,464,-20" /><INIT seed="6,0,0,0,0,68" ten="135,198,223,444" oya="2" hai0="102,74,94,83,21,78,72,127,79,32,120,37,19" hai1="115,67,108,66,71,45,20,107,122,52,112,55,2" hai2="114,5,61,50,134,64,33,22,54,92,135,118,110" hai3="41,39,121,7,12,65,93,35,23,124,91,17,31"/><V10/><F118/><W27/><G121/><T97/><D120/><U96/><E122/><V53/><F33/><W105/><G105/><T15/><D127/><U24/><E2/><V133/><F114/><N who="1" m="43561" /><E108/><V132/><F110/><W103/><G124/><T1/><D1/><U129/><E71/><V99/><F22/><W6/><G103/><T101/><D32/><U90/><E129/><V0/><F50/><W75/><G75/><T73/><D102/><N who="1" m="62919" /><E90/><N who="2" m="55703" /><F135/><W40/><G65/><N who="1" m="24586" /><E45/><V109/><F109/><W9/><G39/><T13/><D72/><U4/><E4/><V85/><F85/><N who="3" m="52463" /><G6/><T95/><D37/><U3/><E3/><AGARI ba="0,0" hai="3,7,9,12,17,23,27,31,35,40,41" m="52463" machi="3" ten="30,1000,0" yaku="24,1" doraHai="68" who="3" fromWho="1" sc="135,0,198,-10,223,0,444,10" /><INIT seed="7,0,0,2,1,57" ten="135,188,223,454" oya="3" hai0="70,0,135,49,25,86,82,54,132,122,61,90,125" hai1="10,89,124,63,87,81,34,7,27,47,46,120,43" hai2="77,58,11,94,117,123,56,24,50,23,88,102,116" hai3="121,42,107,9,93,53,73,114,62,103,76,113,91"/><W41/><G121/><T29/><D122/><U6/><E120/><V30/><F102/><W31/><G31/><T33/><D0/><U16/><E124/><V72/><F123/><W68/><G9/><T98/><D125/><U4/><E34/><V112/><F112/><W74/><G76/><T32/><D32/><U66/><E43/><V38/><F38/><W99/><G73/><T37/><D37/><U119/><E119/><V19/><F58/><N who="3" m="35151" /><G74/><T92/><D49/><U36/><E36/><V115/><F94/><W84/><G68/><T1/><D1/><U45/><E27/><V71/><F24/><W133/><G133/><T128/><D128/><U21/><E21/><V8/><F50/><W110/><G110/><T78/><REACH who="0" step="1"/><D54/><REACH who="0" ten="125,188,223,454" step="2"/><U104/><E104/><V69/><F116/><W51/><G51/><T39/><D39/><U67/><E63/><V101/><F117/><W48/><G48/><T12/><D12/><AGARI ba="0,1" hai="4,6,7,10,12,16,45,46,47,66,67,81,87,89" machi="12" ten="40,2600,0" yaku="8,1,54,1" doraHai="57" who="1" fromWho="0" sc="125,-26,188,36,223,0,454,0" owari="99,-40.0,224,2.0,223,-18.0,454,56.0" /></mjloggm>