<mjloggm ver="2.3"><GO type="169" lobby="0"/><UN n0="%E3%82%84%E3%81%BE%E3%81%8B%E3%81%84" n1="%E3%83%81%E3%83%83%E3%83%97%E3%82%B3%E3%83%AC%E3%82%AF%E3%82%BF%E3%83%BC" n2="%E3%83%89%E3%83%B3%E3%82%AB%E3%83%A9%E3%82%B9" n3="%E9%9B%80%E8%8D%98%E4%B8%AD%E5%B7%9D" dan="16,16,16,17" rate="2151.23,2143.01,2077.26,2195.02" sx="M,M,M,M"/><TAIKYOKU oya="0"/><INIT seed="0,0,0,0,0,42" ten="250,250,250,250" oya="0" hai0="62,48,1,107,9,91,13,17,126,102,133,78,25" hai1="110,11,95,5,84,104,74,116,52,124,21,58,120" hai2="70,122,12,2,79,24,6,81,96,46,119,38,65" hai3="92,77,135,64,34,51,32,20,14,127,83,22,33"/><T106/><D126/><U87/><E120/><V57/><F122/><W101/><G127/><T63/><D133/><U53/><E116/><V30/><F119/><W54/><G135/><T67/><D1/><U108/><E74/><V35/><F96/><W47/><G64/><T49/><D78/><U43/><E104/><V118/><F118/><W7/><G101/><T115/><D115/><U18/><E124/><V55/><F12/><W19/><G92/><T103/><D63/><U28/><E28/><V45/><F65/><W76/><G7/><T73/><D73/><U15/><E43/><V59/><F70/><W90/><G90/><T27/><D107/><U40/><E40/><V50/><F38/><W36/><G36/><T39/><D39/><U85/><E95/><V75/><REACH who="2" step="1"/><F59/><REACH who="2" ten="250,250,240,250" step="2"/><W111/><G111/><N who="1" m="42538" /><E58/><V60/><F60/><W26/><REACH who="3" step="1"/><G83/><REACH who="3" ten="250,250,240,240" step="2"/><T41/><D67/><U69/><E69/><V100/><F100/><W4/><G4/><T68/><D103/><U123/><E123/><V130/><F130/><W66/><G66/><T72/><D102/><U109/><N who="1" m="42546" /><U94/><DORA hai="128" /><E94/><V99/><F99/><W89/><G89/><T98/><D91/><U117/><E117/><V105/><F105/><W23/><G23/><T134/><D98/><U114/><E114/><V129/><F129/><W88/><G88/><T56/><D68/><U132/><E132/><V44/><F44/><W82/><G82/><T61/><D134/><U3/><AGARI ba="0,2" hai="3,5,11,15,18,21,52,53,84,85,87" m="42546" machi="3" ten="50,3200,0" yaku="14,1,54,1" doraHai="42,128" who="1" fromWho="1" sc="250,-16,250,52,240,-8,240,-8" /><INIT seed="1,0,0,0,4,119" ten="234,302,232,232" oya="1" hai0="31,93,82,64,2,24,63,1,40,55,81,76,113" hai1="83,95,59,94,70,101,49,68,104,20,90,80,57" hai2="21,126,6,75,97,71,8,0,46,58,3,115,13" hai3="127,92,112,56,108,33,102,96,51,78,118,111,135"/><U110/><E104/><V86/><F75/><W27/><G112/><T28/><D40/><U14/><E101/><V130/><F71/><W5/><G5/><T117/><D117/><U7/><E110/><N who="3" m="42026" /><G118/><T72/><D113/><U25/><E70/><V32/><F32/><W129/><G33/><T53/><D93/><U116/><E68/><V22/><F115/><W61/><G27/><T100/><D100/><U73/><E73/><V67/><F97/><W125/><G51/><T47/><D72/><U107/><E107/><V89/><F126/><N who="3" m="48139" /><G78/><T15/><D76/><U4/><E49/><V134/><F46/><W132/><G56/><T52/><D24/><U45/><E45/><V37/><F37/><W128/><G61/><T74/><D47/><U10/><E4/><V131/><F134/><AGARI ba="0,0" hai="92,96,102,128,129,132,134,135" m="48139,42026" machi="134" ten="40,12000,2" yaku="30,2,20,1,14,1,18,1,34,2" doraHai="119" who="3" fromWho="2" sc="234,0,302,0,232,-120,232,120" /><INIT seed="2,0,0,5,4,95" ten="234,302,112,352" oya="2" hai0="23,16,93,101,124,51,107,62,133,31,77,102,116" hai1="78,68,36,2,96,91,106,57,126,83,40,119,58" hai2="114,15,121,82,8,130,45,49,60,44,110,29,111" hai3="55,88,125,86,18,109,61,128,123,28,113,48,134"/><V0/><F114/><W46/><G123/><T33/><D107/><U32/><E32/><V42/><F121/><W92/><G113/><T104/><D104/><U118/><E68/><V97/><F0/><W24/><G109/><N who="2" m="41481" /><F130/><W64/><G128/><T117/><D124/><U73/><E126/><V30/><F60/><W6/><G125/><T131/><D131/><U10/><E58/><V14/><F82/><W66/><G134/><T115/><D115/><U38/><E57/><V112/><F112/><W74/><G74/><T81/><D133/><U122/><E122/><V67/><F67/><W52/><G6/><T3/><D3/><U63/><E63/><V13/><F8/><W72/><G72/><T59/><D62/><U37/><E119/><V1/><F1/><W105/><G64/><T53/><D117/><U47/><E118/><V35/><F35/><W90/><G61/><T54/><D116/><U87/><E87/><V132/><F132/><W9/><G66/><T75/><D33/><U19/><E91/><V12/><N who="2" m="3072" /><DORA hai="5" /><V98/><F45/><W7/><G90/><T84/><D81/><U127/><E127/><V26/><F26/><W120/><G120/><T85/><D75/><U94/><E2/><V69/><F69/><W79/><G9/><T20/><D84/><U89/><E10/><V11/><F11/><W70/><G70/><T43/><D85/><U25/><E73/><V129/><F129/><W80/><G86/><T22/><D77/><U4/><E78/><V71/><F71/><W65/><G79/><T34/><D34/><U56/><E25/><RYUUKYOKU ba="0,0" sc="234,-10,302,-10,112,30,352,-10" hai2="29,30,42,44,49,97,98" /><INIT seed="2,1,0,4,4,128" ten="224,292,142,342" oya="2" hai0="92,103,117,39,122,53,105,19,47,40,61,45,6" hai1="15,70,37,4,135,79,16,89,127,100,21,73,22" hai2="50,33,106,41,124,20,113,133,48,93,55,96,130" hai3="0,26,57,12,94,46,90,25,119,52,85,42,63"/><V38/><F113/><W27/><G0/><T76/><D122/><U54/><E70/><V34/><F130/><W3/><G3/><T28/><D105/><U67/><E127/><V84/><F124/><W35/><G119/><T114/><D114/><U10/><E100/><V125/><F125/><W98/><G35/><T11/><D28/><U29/><E67/><V9/><F20/><W82/><G12/><T80/><D19/><U109/><E109/><V56/><F106/><W1/><G1/><T108/><D108/><U97/><E37/><V7/><F84/><W78/><REACH who="3" step="1"/><G27/><REACH who="3" ten="224,292,142,332" step="2"/><T69/><D117/><U101/><E15/><V123/><F34/><W8/><G8/><T126/><D11/><U49/><E22/><V74/><F33/><W44/><G44/><T102/><D47/><U110/><E21/><V120/><F120/><W132/><G132/><T18/><D45/><U58/><E135/><V121/><F121/><W111/><G111/><T104/><D126/><U116/><E116/><V66/><F123/><W68/><G68/><T129/><D69/><U87/><E110/><V81/><F133/><W36/><AGARI ba="1,1" hai="25,26,36,42,46,52,57,63,78,82,85,90,94,98" machi="36" ten="20,5200,0" yaku="1,1,0,1,7,1,54,1,53,0" doraHai="128" doraHaiUra="112" who="3" fromWho="3" sc="224,-14,292,-14,142,-27,332,65" /><INIT seed="3,0,0,3,1,70" ten="210,278,115,397" oya="3" hai0="82,88,131,93,130,71,120,134,83,1,77,87,5" hai1="111,52,92,81,72,19,31,11,41,27,135,124,113" hai2="89,18,117,103,79,121,40,97,118,3,55,99,47" hai3="9,25,17,23,74,28,63,54,69,65,43,96,26"/><W105/><G74/><T112/><D71/><U29/><E113/><V91/><F121/><W35/><G43/><T106/><D120/><U86/><E111/><V125/><F3/><W66/><G66/><T78/><D5/><U122/><E122/><V107/><F125/><W16/><G54/><T38/><D1/><U85/><E124/><V90/><F55/><W6/><G105/><T102/><D112/><U115/><E115/><V123/><F123/><W48/><G48/><T45/><D134/><U53/><E41/><V8/><F79/><N who="0" m="30218" /><D45/><U80/><E72/><V114/><F114/><W15/><REACH who="3" step="1"/><G96/><REACH who="3" ten="210,278,115,387" step="2"/><N who="0" m="61767" /><D38/><U20/><E53/><V10/><F99/><W50/><G50/><T67/><D67/><U24/><E52/><V57/><F57/><W61/><G61/><T64/><D64/><U14/><E135/><V34/><F40/><W129/><G129/><AGARI ba="0,1" hai="82,83,87,88,93,129,130,131" m="61767,30218" machi="129" ten="30,7700,0" yaku="19,1,34,2,54,1" doraHai="70" who="0" fromWho="3" sc="210,87,278,0,115,0,387,-77" /><INIT seed="4,0,0,2,3,21" ten="297,278,115,310" oya="0" hai0="18,60,27,35,78,56,0,13,100,79,42,94,104" hai1="29,26,36,108,112,15,67,82,25,70,101,83,50" hai2="41,134,73,34,10,44,114,132,64,119,84,30,120" hai3="90,130,99,9,107,97,45,22,76,48,85,46,17"/><T127/><D104/><U5/><E108/><V117/><F73/><W110/><G110/><T135/><D0/><U111/><E111/><V38/><F84/><W32/><G32/><T89/><D135/><N who="2" m="51754" /><F10/><W103/><G130/><T40/><D100/><U121/><E121/><V71/><F30/><W118/><G118/><N who="2" m="45065" /><F34/><W74/><G9/><T3/><D127/><U2/><E2/><V28/><F28/><W37/><G97/><T58/><D3/><U4/><E101/><V68/><F120/><W39/><G46/><T75/><D75/><U47/><E29/><V16/><F16/><W88/><G76/><T109/><D109/><U51/><E15/><V59/><F114/><W52/><G74/><T80/><D35/><U31/><E31/><V81/><F81/><W95/><G90/><T126/><D89/><U113/><E83/><V14/><F14/><AGARI ba="0,0" hai="14,17,22,37,39,45,48,52,85,88,95,99,103,107" machi="14" ten="30,3900,0" yaku="7,1,54,2" doraHai="21" who="3" fromWho="2" sc="297,0,278,0,115,-39,310,39" /><INIT seed="5,0,0,5,2,39" ten="297,278,76,349" oya="1" hai0="132,48,121,123,70,89,29,111,102,84,10,57,75" hai1="5,108,2,35,60,77,133,62,30,13,98,106,88" hai2="129,41,37,83,90,85,67,127,16,21,0,45,73" hai3="31,82,49,68,25,34,87,107,78,95,86,58,92"/><U59/><E133/><V110/><F127/><W55/><G107/><T52/><D111/><U40/><E2/><V46/><F129/><W131/><G131/><T71/><D132/><U56/><E108/><V125/><F125/><W120/><G120/><N who="0" m="46155" /><D75/><U117/><E117/><V100/><F110/><W43/><G68/><T119/><D119/><U126/><E126/><V134/><F134/><W6/><G6/><T22/><D102/><U27/><E77/><V124/><F124/><W18/><G87/><T112/><D112/><U1/><E1/><V47/><F0/><W135/><G135/><T97/><D97/><U104/><E40/><V91/><F100/><W81/><G81/><N who="0" m="49295" /><D10/><U103/><E106/><V128/><F128/><W54/><G54/><T63/><D63/><U26/><E26/><AGARI ba="0,0" hai="22,26,29,48,52,57,70,71" m="49295,46155" machi="26" ten="30,2000,0" yaku="13,1,54,1" doraHai="39" who="0" fromWho="1" sc="297,20,278,-20,76,0,349,0" /><INIT seed="6,0,0,1,2,0" ten="317,258,76,349" oya="2" hai0="129,60,1,58,26,54,21,15,92,108,27,11,133" hai1="7,44,128,121,47,19,69,106,20,57,117,50,80" hai2="86,66,43,89,76,33,103,29,40,59,135,71,90" hai3="123,84,46,12,24,22,83,13,18,51,99,31,9"/><V64/><F71/><W61/><G123/><T35/><D108/><U112/><E121/><V38/><F38/><W130/><G130/><T70/><D129/><U88/><E69/><V34/><F135/><W119/><G119/><T94/><D133/><U101/><E117/><V104/><F76/><W126/><G126/><T118/><D118/><U23/><E112/><V67/><F59/><W122/><G99/><T87/><D1/><U53/><E106/><V28/><F86/><W36/><G36/><T48/><D35/><U16/><E101/><V41/><F103/><W105/><G105/><T56/><D87/><N who="1" m="50279" /><E7/><V25/><F104/><W115/><G61/><T75/><D75/><U102/><E102/><V5/><F5/><W73/><G73/><T17/><D26/><AGARI ba="0,0" hai="25,26,28,29,33,34,40,41,43,64,66,67,89,90" machi="26" ten="40,2000,0" yaku="9,1" doraHai="0" who="2" fromWho="0" sc="317,-20,258,0,76,20,349,0" /><INIT seed="6,1,0,3,4,79" ten="297,258,96,349" oya="2" hai0="70,123,51,104,18,8,107,48,61,55,0,121,127" hai1="126,130,91,53,62,88,39,110,78,20,30,84,38" hai2="68,75,45,7,4,43,111,10,16,87,80,83,108" hai3="112,13,106,19,15,67,72,23,105,3,81,52,115"/><V5/><F68/><W54/><G3/><T11/><D0/><U36/><E110/><N who="2" m="42027" /><F75/><W86/><G72/><T65/><D127/><U85/><E126/><V114/><F87/><W74/><G74/><T31/><D31/><U133/><E133/><V46/><F114/><N who="3" m="43563" /><G67/><T17/><D65/><U1/><E1/><V35/><F35/><W50/><G15/><T59/><D59/><U32/><E32/><V99/><F99/><W128/><G128/><T100/><D61/><U69/><E130/><V14/><F46/><N who="3" m="27735" /><G54/><T92/><D70/><U56/><E69/><V98/><F98/><W89/><AGARI ba="1,0" hai="13,19,23,81,86,89,105,106" m="27735,43563" machi="89" ten="30,7900,0" yaku="15,1,11,1,52,1,54,1" doraHai="79" who="3" fromWho="3" sc="297,-21,258,-21,96,-40,349,82" /><INIT seed="7,0,0,0,1,18" ten="276,237,56,431" oya="3" hai0="114,111,41,129,116,123,132,12,98,80,82,112,120" hai1="52,89,37,110,90,124,45,75,101,39,11,49,1" hai2="72,78,107,46,99,83,0,88,121,8,109,85,15" hai3="6,63,57,122,115,59,81,62,51,4,134,133,102"/><W56/><G102/><T34/><D34/><U7/><E110/><V3/><F121/><N who="0" m="46666" /><D111/><U55/><E124/><V103/><F109/><W96/><G96/><T19/><D116/><U43/><E75/><V68/><F68/><W93/><G93/><T69/><D69/><U48/><E101/><V35/><F35/><W50/><G81/><T66/><D66/><U79/><E79/><V104/><F46/><W27/><G122/><T70/><D70/><U97/><E43/><V119/><F119/><W44/><G63/><T84/><D41/><U125/><E125/><V118/><F107/><W25/><G62/><T30/><D30/><U21/><E21/><V126/><F126/><W22/><G22/><N who="0" m="11623" /><D129/><U86/><E97/><V38/><F38/><W2/><G56/><T135/><D98/><U113/><E113/><N who="0" m="43625" /><D82/><U76/><E76/><AGARI ba="0,0" hai="76,80,84,132,135" m="43625,11623,46666" machi="76" ten="30,3900,0" yaku="15,1,11,1,52,1" doraHai="18" who="0" fromWho="1" sc="276,39,237,-39,56,0,431,0" owari="315,12.0,198,-20.0,56,-44.0,431,52.0" /></mjloggm>