<mjloggm ver="2.3"><GO type="169" lobby="0"/><UN n0="%52%45%49%4E%E6%A3%AE%E4%B9%85%E4%BF%9D%50" n1="%E7%AB%8B%E7%9B%B4%E5%BE%8C%E5%8D%B3%E6%94%BE%E9%8A%83" n2="%6D%61%74%6F%30%36%30%33" n3="%E6%81%A9%E7%94%B0%E5%B8%8C" dan="16,16,18,16" rate="2155.18,2099.24,2270.94,2136.51" sx="M,F,M,F"/><TAIKYOKU oya="0"/><INIT seed="0,0,0,4,2,13" ten="250,250,250,250" oya="0" hai0="40,7,0,94,125,91,44,93,77,112,52,68,69" hai1="65,96,131,49,35,53,76,117,126,51,75,64,124" hai2="22,135,123,61,70,130,71,78,54,103,60,39,132" hai3="104,118,119,74,102,62,134,113,31,57,14,10,109"/><T11/><D112/><U120/><E117/><V24/><F123/><W108/><G74/><T17/><D125/><N who="1" m="48235" /><E131/><V56/><F39/><W73/><G73/><T58/><D77/><U2/><E2/><V115/><F115/><W45/><G31/><T47/><D93/><U34/><E96/><V110/><F130/><W29/><G29/><T82/><D82/><N who="1" m="45343" /><E51/><V133/><F110/><W79/><G79/><T41/><D41/><U67/><E120/><V23/><F78/><W128/><G128/><T48/><D44/><AGARI ba="0,0" hai="34,35,44,49,53,64,65,67" m="45343,48235" machi="44" ten="30,1000,0" yaku="18,1" doraHai="13" who="1" fromWho="0" sc="250,-10,250,10,250,0,250,0" /><INIT seed="1,0,0,0,0,84" ten="240,260,250,250" oya="1" hai0="21,54,74,55,101,89,5,117,30,19,44,4,91" hai1="133,35,71,104,122,10,108,23,66,70,111,119,87" hai2="65,20,135,37,64,75,60,32,48,50,125,0,94" hai3="130,27,59,102,34,80,13,45,43,99,76,16,105"/><U79/><E119/><V115/><F75/><W6/><G130/><T121/><D74/><U134/><E122/><V98/><F32/><W28/><G59/><T116/><D121/><U127/><E127/><V49/><F37/><W29/><G29/><T17/><D44/><U126/><E126/><V86/><F0/><W7/><G80/><T33/><D21/><U106/><E35/><V56/><F125/><W124/><G76/><T25/><D101/><U15/><E23/><V112/><F135/><N who="1" m="51721" /><E87/><V1/><F1/><W51/><REACH who="3" step="1"/><G124/><REACH who="3" ten="240,260,250,240" step="2"/><T85/><D30/><U63/><E71/><V109/><F109/><N who="1" m="42057" /><E79/><V57/><F115/><W107/><G107/><T81/><D33/><U72/><E72/><V92/><F112/><W69/><G69/><T96/><D81/><U58/><E70/><V123/><F123/><W83/><G83/><T113/><D113/><U68/><E68/><V26/><F57/><W132/><G132/><T78/><D78/><U14/><E14/><V93/><F65/><W3/><G3/><T53/><D25/><U62/><E62/><V46/><F46/><W41/><G41/><T12/><D12/><U129/><E129/><V9/><F56/><W61/><G61/><T110/><D110/><U52/><E66/><V31/><F60/><W36/><G36/><T11/><D117/><U40/><E40/><V42/><F64/><W100/><G100/><T97/><D116/><U95/><E95/><V73/><F42/><W103/><G103/><T88/><D85/><U8/><E15/><V118/><F73/><W128/><G128/><T77/><D77/><RYUUKYOKU ba="0,1" sc="240,-15,260,15,250,-15,240,15" hai1="8,10,52,58,63,104,106" hai3="6,7,13,16,27,28,34,43,45,51,99,102,105" /><INIT seed="1,1,1,4,1,126" ten="225,275,235,255" oya="1" hai0="36,118,2,15,109,121,91,125,82,84,23,88,80" hai1="120,95,61,115,0,133,7,112,67,34,90,78,63" hai2="17,4,39,58,50,106,42,129,93,40,68,76,52" hai3="81,122,31,47,83,134,12,74,85,46,89,96,103"/><U64/><E120/><V117/><F106/><W45/><G122/><T62/><D36/><U119/><E119/><V128/><F117/><W87/><G74/><T127/><D2/><U69/><E133/><V71/><F4/><W57/><G134/><T35/><D118/><U5/><E34/><V132/><F132/><W101/><G31/><T18/><D121/><U98/><E78/><V32/><F32/><W124/><G124/><N who="0" m="47691" /><D35/><U38/><E38/><V94/><F76/><W77/><G96/><T43/><D43/><N who="2" m="16426" /><F39/><W116/><G116/><T131/><D109/><U86/><E98/><V10/><F10/><W30/><G30/><T3/><D3/><U107/><E107/><V54/><F17/><W135/><G135/><T73/><D62/><U19/><E19/><V26/><F26/><W65/><G12/><T104/><D104/><U13/><E13/><V114/><F114/><W60/><AGARI ba="1,1" hai="45,46,47,57,60,65,77,81,83,85,87,89,101,103" machi="60" ten="30,2000,0" yaku="0,1,8,1" doraHai="126" who="3" fromWho="3" sc="225,-6,275,-11,235,-6,255,33" /><INIT seed="2,0,0,5,4,90" ten="219,264,229,288" oya="2" hai0="92,118,1,108,102,111,80,70,123,52,122,66,50" hai1="86,78,109,42,11,110,72,27,18,130,25,75,100" hai2="84,60,116,82,121,58,21,31,9,113,0,37,55" hai3="93,64,44,40,59,98,103,125,43,88,67,65,49"/><V15/><F113/><W99/><G125/><T24/><D1/><U97/><E130/><V126/><F116/><W17/><G17/><T107/><D107/><U124/><E124/><V94/><F121/><N who="0" m="46090" /><D24/><U20/><E42/><V46/><F126/><W106/><REACH who="3" step="1"/><G40/><REACH who="3" ten="219,264,229,278" step="2"/><T69/><D118/><U30/><E18/><V13/><F31/><W12/><G12/><T133/><D133/><U76/><E30/><V117/><F117/><W28/><G28/><T81/><D66/><U101/><E27/><V73/><F15/><W63/><AGARI ba="0,1" hai="43,44,49,59,63,64,65,67,88,93,98,99,103,106" machi="63" ten="30,7900,0" yaku="1,1,0,1,52,1,54,1,53,0" doraHai="90" doraHaiUra="135" who="3" fromWho="3" sc="219,-20,264,-20,229,-39,278,89" /><INIT seed="3,0,0,3,0,89" ten="199,244,190,367" oya="3" hai0="63,11,90,87,108,43,18,51,20,41,61,53,112" hai1="83,78,96,17,44,28,6,45,39,122,3,125,25" hai2="97,1,109,32,99,120,115,92,40,66,132,101,38" hai3="4,85,55,71,21,103,12,121,24,16,31,33,37"/><W100/><G121/><T70/><D112/><U58/><E122/><V22/><F115/><W57/><G71/><T69/><D108/><U123/><E123/><V105/><F120/><W75/><G75/><T7/><D69/><U29/><E125/><V52/><F32/><W68/><G37/><T135/><D135/><U59/><E17/><V76/><F132/><W111/><G68/><T8/><D70/><U131/><E131/><V0/><F66/><W62/><G103/><T9/><D7/><U80/><E96/><V84/><F109/><W26/><G111/><T114/><D43/><U60/><E25/><V23/><F40/><W13/><G100/><T116/><D41/><U77/><E6/><V82/><F38/><W128/><G128/><T86/><D86/><U2/><E39/><V10/><F10/><W64/><G4/><T34/><D34/><U67/><E67/><V81/><F81/><W91/><REACH who="3" step="1"/><G64/><REACH who="3" ten="199,244,190,357" step="2"/><T72/><D72/><U94/><REACH who="1" step="1"/><E60/><REACH who="1" ten="199,234,190,357" step="2"/><V56/><F0/><W74/><G74/><T36/><D114/><U79/><E79/><V88/><F1/><W35/><G35/><T49/><D36/><U110/><E110/><V47/><F47/><W50/><G50/><AGARI ba="0,2" hai="22,23,50,52,56,76,82,84,88,92,97,99,101,105" machi="50" ten="30,7700,0" yaku="7,1,52,1,54,2" doraHai="89" who="2" fromWho="3" sc="199,0,234,0,190,97,357,-77" /><INIT seed="4,0,0,2,3,103" ten="199,234,287,280" oya="0" hai0="120,107,12,67,40,130,15,33,134,46,124,37,65" hai1="129,3,98,21,132,89,127,118,36,86,51,16,34" hai2="99,43,114,83,82,115,53,45,126,23,93,66,131" hai3="91,79,97,30,106,116,111,68,105,73,69,47,1"/><T14/><D120/><U25/><E118/><V31/><F66/><W60/><G116/><T13/><D130/><U28/><E129/><V110/><F110/><W81/><G111/><T78/><D134/><U119/><E132/><V17/><F131/><W39/><G30/><T7/><D124/><U101/><E127/><V42/><F31/><W26/><G26/><T6/><D33/><U100/><E36/><V80/><F53/><W112/><G1/><T135/><D135/><U27/><E3/><V109/><F109/><W63/><G112/><N who="2" m="43049" /><F45/><W10/><G10/><T113/><D113/><U84/><E101/><N who="2" m="60655" /><F126/><W52/><G91/><T56/><N who="0" m="3072" /><DORA hai="108" /><T76/><D107/><U59/><E89/><V2/><F2/><W70/><G97/><T22/><D22/><U72/><E119/><V5/><F5/><W29/><G29/><T64/><REACH who="0" step="1"/><D56/><REACH who="0" ten="189,234,287,280" step="2"/><U48/><E59/><V122/><F122/><W50/><REACH who="3" step="1"/><G39/><REACH who="3" ten="189,234,287,270" step="2"/><T90/><D90/><U20/><E28/><V8/><F8/><W41/><G41/><T71/><D71/><U74/><E34/><V77/><F77/><AGARI ba="0,2" hai="6,7,37,40,46,64,65,67,76,77,78" m="3072" machi="77" ten="60,2900,0" yaku="1,1,53,0" doraHai="103,108" doraHaiUra="18,104" who="0" fromWho="2" sc="189,49,234,0,287,-29,270,0" /><INIT seed="4,1,0,1,5,110" ten="238,234,258,270" oya="0" hai0="104,125,80,107,46,131,0,50,15,101,29,38,121" hai1="64,119,16,93,88,4,3,22,115,61,127,23,54" hai2="1,91,79,2,92,130,18,65,99,128,95,5,27" hai3="63,117,60,71,66,129,123,114,10,133,68,102,51"/><T20/><D121/><U74/><E119/><V82/><F65/><N who="3" m="40999" /><G10/><T87/><D0/><U85/><E127/><V44/><F44/><W97/><G97/><T113/><D38/><U116/><E116/><V90/><F5/><W7/><G102/><T81/><D125/><U111/><E111/><V109/><F109/><W25/><G25/><T89/><D131/><N who="2" m="50218" /><F18/><W59/><G7/><T28/><D113/><U78/><E23/><V98/><F27/><W56/><G117/><T76/><D101/><U75/><E115/><V58/><F58/><N who="3" m="22059" /><G129/><T9/><D20/><U67/><E78/><V6/><F6/><W96/><G96/><T21/><D21/><U86/><E4/><V12/><F12/><W41/><G114/><T70/><D70/><U134/><E3/><V30/><F30/><W35/><G35/><T40/><D107/><U26/><E75/><AGARI ba="1,0" hai="1,2,75,79,82,90,91,92,95,98,99" m="50218" machi="75" ten="30,1000,0" yaku="19,1" doraHai="110" who="2" fromWho="1" sc="238,0,234,-13,258,13,270,0" /><INIT seed="5,0,0,3,5,56" ten="238,221,271,270" oya="1" hai0="109,132,12,6,90,21,16,93,9,13,1,114,78" hai1="3,0,130,74,49,15,129,82,85,128,53,43,62" hai2="75,23,55,5,31,26,57,59,99,24,20,32,104" hai3="50,28,103,118,96,52,120,27,134,48,64,30,60"/><U95/><E74/><V115/><F75/><W71/><G120/><T69/><D69/><U36/><E95/><V54/><F5/><W81/><G134/><T61/><D114/><U38/><E15/><V106/><F115/><W123/><G123/><T125/><D125/><U77/><E43/><V111/><F32/><W122/><G122/><T102/><D109/><U47/><REACH who="1" step="1"/><E62/><REACH who="1" ten="238,211,271,270" step="2"/><V83/><F111/><W14/><G14/><T94/><D61/><U89/><E89/><V22/><F106/><W127/><G81/><T108/><D108/><U86/><E86/><V92/><F104/><W70/><G118/><T112/><D112/><U46/><E46/><V44/><F44/><W110/><G110/><T51/><D13/><U29/><E29/><V76/><F83/><W135/><G28/><T124/><D124/><U10/><E10/><V98/><F31/><W84/><G84/><T63/><D63/><U80/><E80/><V113/><F113/><W126/><G70/><T66/><D94/><U131/><N who="1" m="32768" /><DORA hai="41" /><U72/><E72/><V121/><F121/><W40/><G40/><T2/><D12/><U35/><E35/><V25/><F76/><W117/><G117/><T100/><D78/><U116/><E116/><V133/><F133/><W33/><G135/><T107/><D9/><U101/><E101/><N who="2" m="60615" /><F99/><W37/><G52/><AGARI ba="0,1" hai="20,22,23,24,25,26,52,54,55,57,59" m="60615" machi="52" ten="30,2000,0" yaku="8,1,54,1" doraHai="56,41" who="2" fromWho="3" sc="238,0,211,0,271,30,270,-20" /><INIT seed="6,0,0,5,1,58" ten="238,211,301,250" oya="2" hai0="90,57,95,131,97,103,34,69,37,106,11,16,39" hai1="119,25,84,102,13,32,109,27,94,123,56,24,42" hai2="88,120,38,129,134,50,4,61,67,100,107,63,128" hai3="3,1,77,104,22,43,133,19,35,108,115,52,75"/><V132/><F38/><W71/><G108/><T110/><D69/><U135/><E109/><V78/><F120/><W76/><G104/><T96/><D34/><U2/><E119/><V41/><F78/><W31/><G43/><T66/><D110/><U126/><E2/><V59/><F4/><W125/><G71/><T113/><D113/><U72/><E123/><V8/><F8/><W51/><G77/><T0/><D131/><N who="2" m="50250" /><F63/><W65/><G65/><T105/><D0/><U55/><E72/><V83/><F100/><W15/><G115/><T112/><D106/><U64/><E32/><V7/><F7/><W121/><G76/><T36/><D112/><U12/><E102/><V101/><F101/><W111/><G75/><T70/><D70/><U73/><E73/><V114/><F107/><W124/><G121/><T93/><D105/><U18/><E64/><V21/><F21/><W116/><G116/><T85/><D96/><U98/><E98/><V6/><F6/><W122/><G122/><T62/><REACH who="0" step="1"/><D39/><REACH who="0" ten="228,211,301,250" step="2"/><U44/><E135/><V9/><F114/><W49/><G133/><T40/><D40/><U79/><E42/><V80/><F41/><W91/><G111/><T127/><D127/><U5/><E126/><V29/><F134/><W74/><G124/><T33/><D33/><U20/><E79/><V81/><F132/><W46/><G125/><T82/><D82/><U30/><E94/><V47/><F80/><W87/><G35/><T130/><D130/><U68/><E68/><V54/><F81/><W17/><G74/><T48/><D48/><U10/><E30/><RYUUKYOKU ba="0,1" sc="228,30,211,-10,301,-10,250,-10" hai0="11,16,36,37,57,62,66,85,90,93,95,97,103" /><INIT seed="7,1,1,4,4,85" ten="258,201,291,240" oya="3" hai0="72,98,126,99,108,18,112,60,109,117,40,57,15" hai1="125,114,54,64,73,48,135,10,116,30,106,93,8" hai2="119,84,95,59,6,50,132,37,32,39,90,14,46" hai3="97,121,78,4,79,92,21,16,35,102,51,58,1"/><W101/><G35/><T130/><D72/><U134/><E114/><V82/><F32/><W113/><G121/><T69/><D69/><U12/><E125/><V41/><F132/><N who="1" m="50729" /><E106/><V38/><F119/><W65/><G1/><T23/><D130/><U11/><E73/><V17/><F6/><W2/><G2/><T105/><D117/><U7/><E116/><V111/><F111/><W53/><G4/><T83/><D112/><U115/><E115/><V44/><F82/><W77/><G113/><T76/><D40/><U127/><E127/><V124/><F124/><W56/><G102/><T52/><D126/><U33/><E64/><V128/><F128/><W100/><G101/><T71/><D71/><U47/><E93/><V131/><F131/><W87/><G87/><N who="0" m="48615" /><D105/><U86/><E86/><V70/><F70/><W66/><REACH who="3" step="1"/><G58/><REACH who="3" ten="258,201,291,230" step="2"/><N who="0" m="34887" /><D109/><U31/><E33/><V110/><F110/><W75/><G75/><T36/><D108/><U26/><E26/><AGARI ba="1,2" hai="16,21,26,51,53,56,65,66,77,78,79,92,97,100" machi="26" ten="40,7700,0" yaku="1,1,8,1,54,1,53,0" doraHai="85" doraHaiUra="107" who="3" fromWho="1" sc="258,0,201,-80,291,0,230,100" owari="258,-14.0,121,-38.0,291,9.0,330,43.0" /></mjloggm>