<mjloggm ver="2.3"><GO type="169" lobby="0"/><UN n0="%E3%81%8A%E7%9F%A5%E3%82%89%E3%81%9B" n1="%E5%A4%A7%E8%B3%A2%E8%89%AF%E5%B8%AB" n2="%E3%83%95%E3%82%B5%E3%82%A6%E3%83%9F%E3%82%B3%E3%83%83%E3%83%97" n3="%E3%82%B7%E3%83%B3%E3%83%97%E3%83%AB%E3%81%AA%E3%83%AF%E3%82%AD%E3%82%AC" dan="19,16,17,18" rate="2313.98,2083.38,2219.07,2175.02" sx="M,M,M,M"/><TAIKYOKU oya="0"/><INIT seed="0,0,0,0,3,80" ten="250,250,250,250" oya="0" hai0="98,2,132,92,128,115,130,125,37,107,121,23,61" hai1="63,17,33,81,44,108,55,96,116,32,133,24,10" hai2="9,28,87,42,43,89,126,79,134,103,18,95,110" hai3="60,94,13,62,76,14,6,122,127,135,20,50,97"/><T57/><D121/><U72/><E116/><V93/><F110/><W19/><G122/><T48/><D115/><U41/><E108/><V30/><F126/><W5/><G135/><T111/><D111/><U123/><E123/><V12/><F79/><W112/><G112/><T106/><D37/><U99/><E133/><V74/><F74/><W52/><G127/><T71/><D2/><U84/><E72/><V22/><F134/><W46/><G76/><T83/><D125/><U3/><E63/><V8/><F8/><W53/><G13/><T11/><D11/><U65/><E65/><V1/><F1/><W118/><G118/><T26/><D71/><U4/><E55/><V91/><F103/><W51/><G5/><T90/><D48/><U114/><E114/><V104/><F104/><W7/><G7/><T102/><D83/><U21/><E33/><V100/><F100/><W70/><G6/><T58/><D58/><U117/><E32/><V56/><F56/><W131/><G131/><N who="0" m="50219" /><D102/><U64/><E64/><V59/><F59/><N who="3" m="33175" /><G70/><T86/><D98/><U78/><REACH who="1" step="1"/><E117/><REACH who="1" ten="250,240,250,250" step="2"/><V40/><REACH who="2" step="1"/><F9/><REACH who="2" ten="250,240,240,250" step="2"/><W120/><G120/><T31/><D132/><U88/><E88/><AGARI ba="0,2" hai="14,19,20,46,51,53,60,62,88,94,97" m="33175" machi="88" ten="30,3900,0" yaku="8,1,54,2" doraHai="80" who="3" fromWho="1" sc="250,0,240,-39,240,0,250,59" /><INIT seed="1,0,0,0,5,115" ten="250,201,240,309" oya="1" hai0="38,98,116,10,124,77,128,119,59,26,103,43,118" hai1="61,39,2,40,60,62,34,108,110,127,122,46,30" hai2="135,97,24,76,58,84,7,82,41,68,16,99,17" hai3="93,37,132,72,8,75,5,9,105,53,90,92,22"/><U80/><E2/><V0/><F68/><W129/><G105/><T133/><D133/><U18/><E122/><V45/><F135/><W120/><G132/><T1/><D128/><U11/><E127/><V3/><F58/><W88/><G37/><T86/><D124/><U91/><E34/><V117/><F117/><W25/><G120/><T65/><D26/><U47/><E30/><V19/><F24/><W36/><G36/><T74/><D86/><U134/><E134/><V6/><F0/><W125/><G129/><T20/><D20/><U78/><E91/><V35/><F35/><W66/><G66/><T71/><D59/><U57/><E11/><V113/><F113/><W89/><G125/><T67/><D71/><U73/><E18/><V107/><F3/><W51/><G72/><T123/><D123/><U28/><E28/><V106/><F106/><W100/><G75/><T33/><D33/><U101/><E101/><V104/><F104/><W15/><G100/><T69/><D69/><U111/><REACH who="1" step="1"/><E47/><REACH who="1" ten="250,191,240,309" step="2"/><V48/><REACH who="2" step="1"/><F107/><REACH who="2" ten="250,191,230,309" step="2"/><W23/><G92/><T96/><D1/><U94/><E94/><V31/><F31/><W44/><G93/><T63/><D118/><U81/><E81/><V114/><F114/><W27/><G5/><AGARI ba="0,2" hai="5,6,7,16,17,19,41,45,48,76,82,84,97,99" machi="5" ten="40,5200,0" yaku="1,1,8,1,54,1,53,0" doraHai="115" doraHaiUra="109" who="2" fromWho="3" sc="250,0,191,0,230,72,309,-52" /><INIT seed="2,0,0,1,4,48" ten="250,191,302,257" oya="2" hai0="68,44,27,66,46,88,25,38,94,87,45,69,112" hai1="49,74,28,130,76,42,82,106,86,99,95,80,62" hai2="127,23,1,15,100,3,81,33,53,84,124,29,16" hai3="65,115,8,104,2,37,6,54,22,7,78,31,97"/><V110/><F100/><W51/><G37/><T108/><D112/><U133/><E133/><V126/><F110/><W50/><G115/><T36/><D108/><U26/><E130/><V56/><F29/><W35/><G35/><T101/><D101/><U91/><E62/><V63/><REACH who="2" step="1"/><F33/><REACH who="2" ten="250,191,292,257" step="2"/><W70/><G31/><T89/><D36/><U105/><E42/><V77/><AGARI ba="0,1" hai="1,3,15,16,23,53,56,63,77,81,84,124,126,127" machi="77" ten="30,18000,2" yaku="1,1,2,1,0,1,18,1,52,1,54,1,53,0" doraHai="48" doraHaiUra="24" who="2" fromWho="2" sc="250,-60,191,-60,292,190,257,-60" /><INIT seed="2,1,0,0,0,10" ten="190,131,482,197" oya="2" hai0="41,127,73,38,69,122,27,104,111,25,115,119,132" hai1="65,117,105,20,39,37,5,17,79,7,118,22,128" hai2="135,106,77,32,130,16,24,15,66,62,109,40,47" hai3="120,56,131,129,85,86,92,4,102,70,76,99,94"/><V87/><F106/><W31/><G70/><T8/><D8/><U58/><E105/><V68/><F135/><W18/><G4/><N who="1" m="1610" /><E79/><V54/><F130/><N who="3" m="49675" /><G31/><T78/><D25/><U19/><E128/><V133/><F54/><W50/><G18/><N who="1" m="6666" /><E58/><V95/><F133/><W51/><G56/><T53/><D69/><U100/><E100/><V45/><F109/><W29/><G29/><T113/><D111/><U26/><E26/><V81/><F95/><W80/><G120/><T49/><D27/><U84/><E84/><N who="3" m="32362" /><G92/><T28/><D122/><U74/><E65/><V64/><F66/><W33/><G33/><T110/><D110/><U89/><E89/><V35/><F24/><W48/><G50/><T97/><D49/><U71/><E74/><AGARI ba="1,0" hai="48,51,74,76,80,94,99,102" m="32362,49675" machi="74" ten="30,1000,0" yaku="19,1" doraHai="10" who="3" fromWho="1" sc="190,0,131,-13,482,0,197,13" /><INIT seed="3,0,0,4,3,41" ten="190,118,482,210" oya="3" hai0="33,42,57,118,9,6,106,111,18,38,30,121,24" hai1="112,17,21,100,22,14,55,127,110,37,25,51,129" hai2="132,135,117,83,0,91,12,35,7,109,115,13,4" hai3="16,122,1,43,105,66,120,89,11,128,54,32,62"/><W124/><G105/><T125/><D118/><U96/><E37/><V116/><F115/><W26/><G54/><T63/><D106/><U72/><E72/><V95/><F83/><W69/><G124/><T77/><D111/><U61/><E112/><V27/><F109/><W2/><G128/><T45/><D125/><U97/><E127/><V81/><F81/><W8/><G89/><T102/><D102/><U56/><E110/><V126/><F126/><W107/><G107/><T92/><D121/><U67/><E129/><V70/><F70/><W34/><G43/><T19/><D92/><U98/><E100/><V50/><F50/><W108/><G108/><T40/><D40/><U64/><REACH who="1" step="1"/><E51/><REACH who="1" ten="190,108,482,210" step="2"/><V82/><F117/><W86/><G120/><T36/><D36/><U10/><E10/><V101/><F101/><W99/><G8/><T39/><D39/><U84/><E84/><V123/><F116/><W68/><G86/><T94/><D9/><U29/><AGARI ba="0,1" hai="14,17,21,22,25,29,55,56,61,64,67,96,97,98" machi="29" ten="30,7900,0" yaku="1,1,0,1,8,1,53,1" doraHai="41" doraHaiUra="53" who="1" fromWho="1" sc="190,-20,108,89,482,-20,210,-39" /><INIT seed="4,0,0,3,4,71" ten="170,197,462,171" oya="0" hai0="123,89,15,99,78,96,25,26,119,27,81,30,90" hai1="37,110,45,88,82,101,56,70,7,121,132,3,63" hai2="126,93,73,23,20,11,130,68,98,125,43,112,75" hai3="87,17,115,32,66,124,55,9,76,72,91,127,47"/><T49/><D123/><U28/><E110/><V5/><F68/><W54/><G32/><T122/><D122/><U100/><E70/><V29/><F43/><W4/><G115/><T51/><D119/><U79/><E121/><V116/><F112/><W6/><G66/><T131/><D30/><U85/><E132/><V13/><F116/><W19/><G72/><N who="2" m="27721" /><F29/><W135/><G76/><T64/><D64/><U95/><E28/><V65/><F65/><W120/><G120/><T117/><D117/><U1/><E37/><V134/><F134/><W21/><G135/><T106/><D15/><U69/><E69/><V12/><F12/><N who="3" m="7311" /><G127/><N who="2" m="48649" /><F130/><W67/><G67/><T48/><D131/><U133/><E133/><V62/><F62/><W84/><G84/><N who="0" m="48183" /><D106/><U108/><E108/><V36/><F36/><W35/><G35/><T59/><D59/><U86/><E45/><V39/><F39/><W46/><G46/><T16/><D16/><U40/><E40/><V50/><F50/><N who="3" m="29023" /><G55/><T22/><D22/><U57/><E3/><V31/><F31/><W107/><G107/><T53/><D53/><U41/><E41/><V10/><F11/><W34/><G34/><T14/><D14/><U44/><E44/><V80/><F23/><W18/><G124/><T33/><D33/><U102/><E63/><V77/><F20/><W0/><G0/><T58/><D58/><N who="1" m="22635" /><E1/><V42/><F42/><W109/><G109/><T52/><D52/><U61/><E61/><V92/><F98/><AGARI ba="0,0" hai="25,26,27,48,49,51,89,90,96,98,99" m="48183" machi="98" ten="30,1500,0" yaku="8,1" doraHai="71" who="0" fromWho="2" sc="170,15,197,0,462,-15,171,0" /><INIT seed="4,1,0,5,3,98" ten="185,197,447,171" oya="0" hai0="94,63,47,36,12,28,29,77,123,127,118,79,58" hai1="14,4,133,7,99,78,108,10,122,125,48,132,33" hai2="57,42,85,72,35,114,19,26,64,40,68,74,120" hai3="38,1,9,103,23,81,130,3,46,2,6,21,69"/><T109/><D123/><U96/><E122/><V82/><F120/><W67/><G130/><T61/><D118/><U111/><E33/><V17/><F68/><W37/><G69/><T32/><D127/><U45/><E125/><V30/><F114/><W16/><G67/><T8/><D109/><N who="1" m="42059" /><E78/><V34/><F34/><W70/><G70/><T110/><D110/><U93/><E4/><V115/><F115/><W84/><G23/><T129/><D129/><U41/><E93/><V87/><F87/><W18/><G103/><T50/><D36/><U91/><E91/><V106/><F106/><W124/><G124/><T44/><D94/><U135/><AGARI ba="1,0" hai="7,10,14,41,45,48,96,99,132,133,135" m="42059" machi="135" ten="40,1500,0" yaku="20,1" doraHai="98" who="1" fromWho="1" sc="185,-8,197,18,447,-5,171,-5" /><INIT seed="5,0,0,0,3,92" ten="177,215,442,166" oya="1" hai0="100,47,56,62,69,68,49,73,114,80,25,70,22" hai1="34,85,97,95,48,108,74,14,1,71,28,109,27" hai2="20,6,42,121,129,54,66,15,36,33,67,78,18" hai3="98,91,134,12,77,19,60,53,30,103,59,9,63"/><U17/><E74/><V38/><F121/><W65/><G134/><T111/><D114/><U87/><E1/><V52/><F33/><W124/><G124/><T5/><D111/><N who="1" m="42571" /><E48/><V122/><F122/><W105/><G77/><T131/><D131/><U26/><E26/><V101/><F129/><W81/><G30/><T46/><D5/><U50/><E50/><V117/><F117/><W23/><G81/><T99/><D49/><U13/><E71/><V76/><F6/><W21/><REACH who="3" step="1"/><G91/><REACH who="3" ten="177,215,442,156" step="2"/><T123/><D80/><U57/><E57/><AGARI ba="0,1" hai="9,12,19,21,23,53,57,59,60,63,65,98,103,105" machi="57" ten="30,7700,0" yaku="1,1,2,1,7,1,52,1,53,0" doraHai="92" doraHaiUra="44" who="3" fromWho="1" sc="177,0,215,-77,442,0,156,87" /><INIT seed="6,0,0,1,5,111" ten="177,138,442,243" oya="2" hai0="92,79,108,133,120,16,32,39,36,9,106,102,0" hai1="98,58,64,8,101,28,40,119,26,7,45,12,83" hai2="67,130,70,1,97,95,116,109,75,122,14,107,100" hai3="19,49,4,115,5,71,91,123,53,11,73,51,63"/><V99/><F1/><W127/><G123/><T54/><D120/><U43/><E119/><V84/><F116/><W48/><G73/><T87/><D108/><U124/><E124/><V77/><F130/><W90/><G127/><T96/><D32/><U46/><E83/><V80/><F109/><W33/><G33/><T20/><D133/><U118/><E118/><V82/><F70/><W30/><G30/><T110/><D110/><U65/><E43/><V60/><F14/><N who="3" m="7647" /><G71/><T29/><D29/><U61/><E65/><V88/><F122/><W3/><G3/><T23/><D54/><U112/><E40/><V2/><F2/><W69/><G69/><T129/><D129/><U18/><E7/><N who="3" m="2634" /><G115/><T13/><D0/><U93/><REACH who="1" step="1"/><E112/><REACH who="1" ten="177,128,442,243" step="2"/><V55/><F67/><W114/><G114/><T50/><D36/><U86/><E86/><V31/><F84/><W57/><AGARI ba="0,1" hai="48,49,51,53,57,63,90,91" m="2634,7647" machi="57" ten="30,1100,0" yaku="8,1" doraHai="111" who="3" fromWho="3" sc="177,-3,128,-3,442,-5,243,21" /><INIT seed="7,0,0,3,4,63" ten="174,125,437,264" oya="3" hai0="67,100,127,40,124,43,18,55,80,91,99,3,102" hai1="41,78,117,39,111,33,120,113,65,123,17,135,57" hai2="10,87,86,89,54,15,72,50,132,29,79,21,90" hai3="106,26,23,46,20,109,97,47,5,32,2,38,51"/><W31/><G109/><T24/><D3/><U42/><E33/><V104/><F104/><W8/><G38/><T60/><D55/><U4/><E4/><V12/><F132/><W37/><G37/><T83/><D18/><U101/><E101/><N who="0" m="39017" /><D24/><U115/><E78/><V66/><F66/><W69/><G69/><N who="0" m="42215" /><D99/><U128/><E17/><V0/><F0/><W59/><G97/><T19/><D19/><U134/><E111/><V71/><F71/><W119/><G119/><T1/><D1/><U27/><E27/><N who="2" m="16623" /><F72/><W13/><G106/><T121/><D121/><N who="1" m="46667" /><E117/><V96/><F79/><W95/><G95/><T64/><D91/><U74/><E74/><V103/><F103/><W94/><G94/><T49/><D83/><U45/><E42/><V82/><F10/><W122/><G122/><T77/><D77/><U118/><E118/><V88/><F96/><W129/><G2/><T9/><D80/><U126/><E128/><V107/><F107/><W56/><G129/><T35/><D35/><U53/><E65/><V68/><F68/><W81/><G5/><T52/><D64/><U22/><E22/><V114/><F114/><N who="1" m="43529" /><E126/><N who="0" m="48169" /><D9/><U11/><E11/><V14/><F86/><W105/><G8/><T44/><AGARI ba="0,0" hai="40,43,44,49,52" m="48169,42215,39017" machi="44" ten="30,4000,0" yaku="18,1,52,1,54,1" doraHai="63" who="0" fromWho="0" sc="174,40,125,-10,437,-10,264,-20" owari="214,-19.0,115,-38.0,427,53.0,244,4.0" /></mjloggm>