<mjloggm ver="2.3"><GO type="169" lobby="0"/><UN n0="%E8%8A%B1%E6%A1%9C%E9%87%8C" n1="%6D%61%74%6F%30%36%30%33" n2="%E7%A9%B4%E4%BA%95%E6%88%91%E8%81%9E" n3="%E3%81%B7%E3%82%93%E3%81%B7%E3%82%93%EF%BC%81" dan="16,18,16,17" rate="2097.13,2277.51,2107.80,2165.65" sx="M,M,M,M"/><TAIKYOKU oya="0"/><INIT seed="0,0,0,1,4,36" ten="250,250,250,250" oya="0" hai0="97,43,48,84,33,126,135,10,125,116,28,59,95" hai1="12,78,19,122,41,55,107,117,76,35,42,49,106" hai2="47,118,45,128,60,114,16,31,61,108,26,71,52" hai3="113,79,94,91,112,131,72,3,132,34,57,119,39"/><T77/><D116/><U27/><E122/><V70/><F118/><W124/><RYUUKYOKU type="yao9" ba="0,0" sc="250,0,250,0,250,0,250,0" hai3="3,34,39,57,72,79,91,94,112,113,119,124,131,132" /><INIT seed="0,1,0,5,5,118" ten="250,250,250,250" oya="0" hai0="126,104,1,9,91,45,101,89,55,31,102,78,22" hai1="47,86,115,20,51,53,33,108,16,58,75,73,90" hai2="128,39,82,37,26,83,36,2,97,64,6,19,25" hai3="29,3,88,112,12,11,120,132,4,94,77,10,131"/><T116/><D116/><U79/><E33/><V70/><F128/><W110/><G112/><T109/><D78/><U46/><E108/><V30/><F2/><W28/><G110/><T0/><D126/><U14/><E115/><V71/><F6/><W76/><G131/><T49/><D109/><U60/><E79/><V66/><F97/><W67/><G132/><T129/><D129/><U65/><REACH who="1" step="1"/><E47/><REACH who="1" ten="250,240,250,250" step="2"/><V44/><F44/><W103/><G77/><T106/><D45/><U100/><E100/><V69/><F19/><W24/><G76/><T34/><D101/><U17/><E17/><V42/><F30/><W41/><G103/><T93/><D102/><U74/><E74/><V40/><F25/><W130/><G130/><T123/><D31/><U87/><E87/><V98/><F26/><W13/><G24/><T111/><D34/><U21/><E21/><V119/><F119/><W121/><G28/><T80/><D22/><U63/><E63/><V124/><F98/><W43/><G29/><T85/><D85/><U8/><E8/><V84/><F84/><N who="3" m="52487" /><G10/><T52/><D9/><U135/><E135/><V59/><F124/><W68/><G68/><T27/><D27/><U48/><E48/><V127/><F127/><W62/><G62/><T56/><D49/><U72/><E72/><V15/><F71/><W125/><G125/><T50/><D50/><U122/><E122/><N who="3" m="47210" /><G67/><T23/><D123/><U96/><E96/><V95/><F66/><W113/><G113/><T18/><D111/><U134/><E134/><V107/><F64/><W133/><G133/><T99/><D99/><RYUUKYOKU ba="1,1" sc="250,-15,240,15,250,-15,250,15" hai1="14,16,20,46,51,53,58,60,65,73,75,86,90" hai3="3,4,11,12,13,41,43" /><INIT seed="1,2,1,4,2,15" ten="235,255,235,265" oya="1" hai0="133,34,113,119,12,97,18,110,101,67,112,105,69" hai1="121,116,94,66,51,30,60,35,11,90,68,129,85" hai2="7,1,44,70,104,117,100,99,84,28,47,31,59" hai3="81,127,21,132,79,33,102,57,48,114,83,27,87"/><U76/><E116/><V16/><F117/><W131/><G114/><T135/><D119/><U64/><E121/><V93/><F70/><W23/><G132/><N who="0" m="50763" /><D34/><U108/><E129/><V120/><F120/><W22/><G131/><T134/><N who="0" m="50771" /><T78/><DORA hai="46" /><D78/><U45/><E66/><V38/><F59/><W0/><G0/><T43/><D43/><U14/><E108/><V32/><F32/><W80/><G127/><T107/><D107/><U2/><E2/><V50/><F44/><W55/><REACH who="3" step="1"/><G102/><REACH who="3" ten="235,255,235,255" step="2"/><T82/><D113/><U125/><E125/><V75/><F1/><W92/><G92/><T72/><D112/><U106/><E94/><V86/><F93/><W52/><G52/><T25/><D110/><U74/><E64/><V36/><F100/><W109/><G109/><T98/><D101/><U8/><E106/><V19/><F104/><W26/><G26/><T6/><D25/><U111/><E111/><V88/><F99/><W56/><G56/><T96/><D105/><U61/><E68/><V24/><F24/><W91/><G91/><T122/><D67/><U54/><E90/><V118/><F88/><W115/><G115/><T95/><D69/><U58/><E45/><V13/><F47/><W89/><G89/><T128/><D128/><U63/><E58/><V17/><F118/><W9/><G9/><N who="0" m="4151" /><D122/><U3/><E3/><V124/><F124/><W42/><G42/><T5/><D95/><U10/><E54/><V40/><F40/><W77/><G77/><N who="0" m="44327" /><D98/><U73/><E76/><V103/><F103/><W29/><AGARI ba="2,2" hai="21,22,23,27,29,33,48,55,57,79,80,81,83,87" machi="29" ten="30,4000,0" yaku="1,1,0,1,52,1,53,0" doraHai="15,46" doraHaiUra="4,126" who="3" fromWho="3" sc="235,-12,255,-22,235,-12,255,66" /><INIT seed="2,0,0,2,0,120" ten="223,233,223,321" oya="2" hai0="24,7,1,131,22,39,69,63,70,75,84,123,28" hai1="37,23,71,20,21,56,68,12,85,49,127,128,61" hai2="130,102,107,30,111,62,108,88,38,119,94,95,80" hai3="57,83,78,36,41,112,54,48,121,89,97,13,118"/><V40/><F30/><W60/><G118/><T134/><D123/><U116/><E37/><V52/><F119/><W65/><G121/><T86/><D75/><U93/><E116/><V64/><F130/><W104/><G112/><T82/><D39/><U76/><E128/><V77/><F95/><W34/><G34/><T92/><D134/><U124/><E12/><V26/><F26/><W129/><G129/><T53/><D7/><U44/><E71/><V132/><F132/><W73/><G13/><T6/><D6/><U109/><E68/><V72/><F52/><W42/><G36/><T47/><D1/><U29/><E29/><V19/><F19/><W79/><G79/><T25/><D25/><U18/><E18/><V8/><F8/><W50/><G50/><T11/><D11/><U103/><E103/><V100/><F40/><W43/><G104/><T113/><D113/><U74/><E74/><V55/><F55/><W122/><G122/><T99/><D86/><U16/><E16/><V81/><F81/><W2/><G89/><T14/><D14/><U10/><E10/><V45/><F45/><W58/><G2/><T9/><D9/><U51/><E44/><V66/><F38/><W126/><REACH who="3" step="1"/><G97/><REACH who="3" ten="223,233,223,311" step="2"/><T106/><D106/><U90/><E76/><V46/><F107/><W4/><G4/><T115/><D115/><U15/><E15/><V133/><F133/><W3/><G3/><T135/><D135/><U59/><E51/><V117/><F117/><W0/><G0/><T35/><D35/><U110/><E49/><V32/><F32/><W101/><G101/><RYUUKYOKU ba="0,1" sc="223,-10,233,-10,223,-10,311,30" hai3="41,42,43,48,54,57,58,60,65,73,78,83,126" /><INIT seed="3,1,1,1,5,115" ten="213,223,213,341" oya="3" hai0="25,105,98,40,35,18,79,55,111,116,129,122,58" hai1="113,43,47,103,17,127,123,34,48,1,3,57,95" hai2="59,80,50,7,106,56,37,89,11,84,125,108,61" hai3="101,104,10,54,90,44,49,73,36,74,30,92,65"/><W134/><G134/><T5/><D122/><U0/><E123/><V88/><F108/><W39/><G30/><T87/><D111/><U124/><E113/><V46/><F125/><N who="1" m="48201" /><E34/><V24/><F106/><W131/><G131/><T128/><D5/><U33/><E33/><V133/><F133/><W96/><G65/><T67/><D67/><U82/><E17/><V75/><F75/><W86/><REACH who="3" step="1"/><G10/><REACH who="3" ten="213,223,213,331" step="2"/><T135/><D135/><U102/><E0/><V42/><F37/><AGARI ba="1,2" hai="36,37,39,44,49,54,73,74,86,90,92,96,101,104" machi="37" ten="40,3900,0" yaku="1,1,2,1,53,0" doraHai="115" doraHaiUra="121" who="3" fromWho="2" sc="213,0,223,0,213,-42,331,62" /><INIT seed="3,2,0,5,4,60" ten="213,223,171,393" oya="3" hai0="52,88,117,32,58,74,67,91,106,7,105,2,121" hai1="34,87,0,64,101,36,18,78,12,72,73,132,79" hai2="3,40,54,20,23,59,26,75,133,41,27,46,65" hai3="93,14,13,128,83,4,118,96,129,55,17,80,11"/><W71/><G118/><T131/><D117/><U112/><E0/><V111/><F111/><W37/><G37/><T110/><D121/><U99/><E112/><V104/><F3/><W89/><G71/><T126/><D74/><U57/><E34/><V22/><F104/><W6/><G55/><T5/><D32/><U124/><E36/><V85/><F75/><W45/><G45/><T61/><D2/><U127/><E132/><V53/><F133/><W109/><G109/><T69/><D110/><U108/><E108/><V28/><F85/><W9/><REACH who="3" step="1"/><G17/><REACH who="3" ten="213,223,171,383" step="2"/><T35/><D69/><U103/><E18/><V116/><F116/><W48/><G48/><T56/><D52/><U130/><E57/><V92/><F46/><W122/><G122/><T33/><D56/><U19/><E19/><V97/><F54/><W38/><G38/><T39/><D58/><U66/><E127/><V29/><F65/><W21/><G21/><T135/><D39/><U25/><E124/><V81/><F20/><W86/><G86/><T51/><D51/><U47/><E47/><V107/><F22/><W90/><G90/><T42/><D126/><U98/><E87/><V114/><F23/><W125/><G125/><T115/><D67/><U76/><E76/><V100/><F53/><W1/><G1/><T15/><D135/><U24/><E12/><V119/><F59/><W50/><G50/><T16/><D15/><U63/><E63/><V8/><F119/><W10/><G10/><T30/><D61/><U49/><E49/><V102/><F8/><W43/><G43/><T84/><D42/><RYUUKYOKU ba="2,1" sc="213,-15,223,15,171,-15,383,15" hai1="24,25,64,66,72,73,78,79,98,99,101,103,130" hai3="4,6,9,11,13,14,80,83,89,93,96,128,129" /><INIT seed="3,3,1,0,1,71" ten="198,238,156,398" oya="3" hai0="60,34,69,46,101,43,107,83,61,63,25,128,114" hai1="121,99,30,109,40,132,28,116,41,125,67,27,13" hai2="38,126,115,26,62,104,90,77,57,14,2,96,89" hai3="70,18,131,36,95,108,51,73,134,123,64,37,110"/><W127/><G123/><T105/><D128/><U49/><E121/><V50/><F2/><W92/><G73/><T29/><D114/><U135/><E109/><N who="3" m="42090" /><G131/><T22/><D22/><U11/><E67/><V42/><F115/><W31/><G134/><N who="1" m="51242" /><E125/><V23/><F126/><W0/><G127/><T1/><D1/><U97/><E116/><V8/><F77/><W75/><G75/><T4/><D4/><N who="1" m="3303" /><E30/><V55/><F104/><W72/><G72/><T12/><D12/><U119/><E119/><V17/><F96/><N who="1" m="36937" /><E49/><V21/><F38/><N who="3" m="14955" /><G0/><T103/><D107/><U117/><E117/><V79/><F79/><W5/><G5/><T3/><D105/><U54/><E54/><V102/><F102/><W7/><G7/><T82/><D3/><U59/><E59/><V52/><F42/><W68/><G31/><T120/><D120/><U35/><AGARI ba="3,1" hai="27,28,35,40,41" m="36937,3303,51242" machi="35" ten="30,1100,0" yaku="20,1" doraHai="71" who="1" fromWho="1" sc="198,-6,238,30,156,-6,398,-8" /><INIT seed="4,0,0,5,5,64" ten="192,268,150,390" oya="0" hai0="40,98,50,44,16,10,121,26,53,127,9,129,134" hai1="28,2,101,68,42,126,93,38,39,107,100,20,81" hai2="123,61,103,8,60,56,113,106,14,7,112,43,87" hai3="128,45,31,30,73,74,97,135,17,132,110,92,116"/><T52/><D121/><U66/><E107/><V59/><F123/><W104/><G110/><T125/><D98/><U84/><E2/><V96/><F43/><W78/><G116/><T25/><D129/><U109/><E109/><V24/><F24/><W11/><G104/><T57/><D134/><N who="3" m="51241" /><G128/><T130/><D53/><U108/><E108/><V115/><REACH who="2" step="1"/><F87/><REACH who="2" ten="192,268,140,390" step="2"/><W63/><G74/><T124/><D130/><U105/><E84/><V95/><F95/><W58/><G92/><T80/><D80/><U90/><E93/><V76/><F76/><W94/><G78/><T5/><D26/><U13/><E81/><V89/><F89/><W119/><G73/><T88/><D88/><U36/><E42/><V41/><F41/><W32/><G94/><T55/><D40/><U118/><E90/><V47/><F47/><W3/><G45/><T12/><D25/><U117/><E117/><V15/><F15/><N who="3" m="7423" /><G119/><T122/><D122/><U82/><E118/><V49/><F49/><W21/><G3/><T71/><D44/><U46/><E82/><V29/><F29/><W69/><G30/><T35/><D35/><U34/><E28/><V51/><F51/><W4/><G32/><T131/><D131/><U67/><E34/><V75/><F75/><W83/><G83/><T33/><D33/><U6/><E46/><V18/><F18/><W77/><G31/><T19/><D50/><U54/><E38/><V91/><F91/><W86/><G86/><T79/><D79/><U22/><E36/><V48/><F48/><W1/><G77/><T70/><D19/><U111/><E111/><RYUUKYOKU ba="0,1" sc="192,-10,268,-10,140,30,390,-10" hai2="7,8,14,56,59,60,61,96,103,106,112,113,115" /><INIT seed="5,1,1,5,4,98" ten="182,258,170,380" oya="1" hai0="65,16,76,40,30,107,99,111,37,80,58,23,86" hai1="64,112,133,124,94,89,29,114,122,12,46,77,91" hai2="31,61,97,66,15,79,53,125,49,102,17,131,62" hai3="110,67,81,14,52,8,74,9,82,63,20,104,1"/><U3/><E3/><V42/><F131/><W135/><G110/><T87/><D111/><U54/><E122/><V24/><F125/><W27/><G104/><T36/><D30/><U71/><E77/><V132/><F132/><W83/><G135/><T113/><D113/><N who="1" m="43627" /><E133/><V127/><F127/><W115/><G115/><T57/><D87/><U21/><E124/><V92/><F79/><W96/><G1/><T134/><D134/><U121/><E121/><V5/><F5/><W69/><G74/><T78/><D78/><U11/><E64/><V18/><F42/><W88/><G52/><T39/><D40/><U51/><E94/><V75/><F75/><W45/><G45/><T48/><D65/><U106/><E106/><V6/><F6/><W120/><G120/><T4/><D4/><N who="1" m="3175" /><E71/><V70/><F62/><W7/><G8/><T109/><D109/><U72/><E72/><V47/><REACH who="2" step="1"/><F15/><REACH who="2" ten="182,258,160,380" step="2"/><W2/><G2/><T93/><D48/><U59/><E51/><V38/><F38/><W128/><G128/><T56/><D107/><U68/><E68/><V26/><F26/><W44/><G27/><T32/><D39/><U105/><E54/><V123/><F123/><W60/><G69/><T35/><D37/><U33/><E33/><AGARI ba="1,2" hai="17,18,24,31,33,47,49,53,61,66,70,92,97,102" machi="33" ten="30,7700,0" yaku="1,1,7,1,52,1,53,1" doraHai="98" doraHaiUra="95" who="2" fromWho="1" sc="182,0,258,-80,160,100,380,0" /><INIT seed="6,0,0,1,4,121" ten="182,178,260,380" oya="2" hai0="38,106,102,58,5,68,81,2,6,18,92,122,77" hai1="67,129,29,73,72,22,83,108,75,8,30,74,50" hai2="116,109,93,49,42,45,66,104,40,57,110,113,87" hai3="35,27,25,20,84,52,0,127,39,128,55,36,43"/><V85/><F104/><W51/><G0/><T86/><D122/><U134/><E108/><N who="2" m="41579" /><F116/><W91/><G35/><T48/><D68/><U120/><E120/><V133/><F113/><W126/><G128/><T63/><D38/><N who="3" m="14377" /><G43/><T132/><D132/><U82/><E72/><V62/><F133/><W21/><G21/><T61/><D2/><U41/><E67/><V124/><F124/><N who="3" m="47659" /><G20/><T60/><D18/><U125/><E22/><V33/><F33/><W118/><G118/><T123/><D106/><U13/><E83/><V69/><F69/><W15/><G15/><T71/><D71/><U4/><E50/><N who="2" m="26919" /><F93/><N who="3" m="54503" /><G55/><T105/><D105/><U90/><E134/><V37/><F37/><W17/><G17/><T96/><D123/><U101/><E125/><V135/><F135/><W24/><G24/><T65/><D65/><U12/><E129/><V32/><F32/><W14/><G14/><T95/><D95/><U34/><E13/><V9/><F9/><W78/><G78/><T10/><D10/><U103/><E34/><V131/><F131/><W44/><AGARI ba="0,0" hai="25,27,44,51,52" m="54503,47659,14377" machi="44" ten="30,2000,0" yaku="18,1,54,1" doraHai="121" who="3" fromWho="3" sc="182,-5,178,-5,260,-10,380,20" /><INIT seed="7,0,0,1,0,45" ten="177,173,250,400" oya="3" hai0="84,25,20,40,91,103,101,98,106,65,51,11,135" hai1="37,122,112,22,27,85,105,123,38,70,18,113,24" hai2="46,63,54,61,13,17,1,133,102,97,41,9,16" hai3="88,71,42,59,67,15,62,66,82,19,129,0,134"/><W2/><G42/><T115/><D135/><U114/><E70/><V43/><F1/><W94/><G82/><T58/><D103/><U3/><E105/><V83/><F133/><W31/><G31/><T80/><D115/><U8/><E27/><V10/><F83/><W4/><G4/><T79/><D11/><U60/><E60/><V107/><F54/><W127/><G66/><T116/><D116/><U76/><E76/><V52/><F52/><W78/><G78/><T111/><D111/><U124/><E124/><V26/><F43/><W120/><G71/><T96/><D65/><U86/><E86/><V50/><F26/><W125/><G120/><N who="1" m="46122" /><E85/><V93/><F107/><W77/><G129/><T49/><D58/><U72/><E72/><V92/><F92/><W87/><G77/><T28/><D40/><U68/><E68/><V95/><F95/><W130/><G130/><T73/><D96/><U90/><E90/><V53/><F41/><W75/><G75/><T104/><D104/><U33/><E33/><V34/><F34/><W89/><G89/><T131/><D131/><U110/><E110/><V14/><AGARI ba="0,0" hai="9,10,13,14,16,17,46,50,53,61,63,93,97,102" machi="14" ten="30,8000,1" yaku="0,1,9,1,8,1,52,1,54,1" doraHai="45" who="2" fromWho="2" sc="177,-20,173,-20,250,80,400,-40" owari="157,-24.0,153,-35.0,330,13.0,360,46.0" /></mjloggm>