<mjloggm ver="2.3"><GO type="169" lobby="0"/><UN n0="%E7%8B%82%E7%8A%AC" n1="%E3%82%81%E3%82%93%E3%81%A9%E3%81%84" n2="%64%75%72%72%72%72%72" n3="%E3%83%8F%E3%82%B9%E5%A4%AA" dan="16,16,18,16" rate="2131.69,2061.69,2261.18,2134.76" sx="M,M,M,M"/><TAIKYOKU oya="0"/><INIT seed="0,0,0,5,3,27" ten="250,250,250,250" oya="0" hai0="67,41,2,5,97,134,132,86,82,0,56,102,30" hai1="21,107,75,17,84,54,124,12,112,16,22,66,125" hai2="24,127,89,26,23,88,63,80,81,110,13,111,129" hai3="68,11,119,106,93,51,57,15,10,33,94,53,4"/><T8/><D41/><U31/><E75/><V14/><F63/><W98/><G119/><T123/><D123/><U48/><E107/><V116/><F23/><W1/><G33/><T90/><D0/><U69/><E112/><V50/><F50/><W61/><G106/><T38/><D38/><U118/><E118/><V40/><F40/><W65/><REACH who="3" step="1"/><G98/><REACH who="3" ten="250,250,250,240" step="2"/><T76/><D76/><U52/><E125/><V49/><F116/><W34/><G34/><T62/><REACH who="0" step="1"/><D30/><REACH who="0" ten="240,250,250,240" step="2"/><U19/><E31/><V36/><F127/><W20/><G20/><T28/><D28/><U39/><E22/><V122/><F122/><W35/><G35/><T91/><D91/><U108/><E21/><V44/><F89/><W46/><G46/><T43/><D43/><U74/><E124/><V87/><F88/><W70/><G70/><T99/><D99/><U25/><E69/><V104/><F44/><W128/><G128/><T73/><D73/><U6/><E74/><V121/><F129/><W83/><G83/><T105/><AGARI ba="0,2" hai="2,5,8,56,62,67,82,86,90,97,102,105,132,134" machi="105" ten="30,6000,0" yaku="1,1,0,1,53,1" doraHai="27" doraHaiUra="103" who="0" fromWho="0" sc="240,80,250,-20,250,-20,240,-20" /><INIT seed="0,1,0,0,2,25" ten="320,230,230,220" oya="0" hai0="17,57,101,131,113,86,5,68,47,85,51,100,4" hai1="67,114,65,44,112,13,35,126,135,124,20,18,21" hai2="29,78,70,19,121,103,128,16,15,2,63,30,24" hai3="80,79,120,74,11,134,115,42,75,107,40,22,33"/><T8/><D113/><N who="1" m="43627" /><E44/><V82/><F2/><W69/><G115/><T91/><D131/><U90/><E65/><V39/><F39/><W43/><G33/><T55/><D68/><U61/><E61/><V99/><F121/><W116/><G116/><T72/><D72/><U23/><E67/><N who="2" m="41343" /><F29/><W71/><G120/><T125/><D125/><N who="1" m="48235" /><E90/><V37/><F15/><W26/><G75/><T10/><D57/><U31/><E135/><V97/><F97/><W84/><G134/><T96/><D86/><U88/><E88/><V6/><F6/><N who="0" m="2666" /><D96/><U77/><E77/><V52/><F37/><W58/><G74/><T14/><D8/><U89/><E89/><V133/><F128/><W130/><G130/><T105/><D105/><U98/><E98/><V59/><F78/><W111/><G107/><T56/><D56/><U76/><E76/><V119/><F133/><W0/><G11/><T81/><AGARI ba="1,0" hai="10,14,17,47,51,55,81,85,91,100,101" m="2666" machi="81" ten="30,3000,0" yaku="25,1,8,1" doraHai="25" who="0" fromWho="0" sc="320,33,230,-11,230,-11,220,-11" /><INIT seed="0,2,0,3,1,74" ten="353,219,219,209" oya="0" hai0="96,68,80,88,8,26,63,94,115,97,25,77,16" hai1="19,57,39,70,128,27,13,73,106,75,90,116,38" hai2="102,3,126,91,110,46,122,36,130,21,131,103,113" hai3="132,112,121,24,86,66,34,33,50,17,111,99,101"/><T29/><D115/><U107/><E128/><V93/><F113/><W108/><G112/><T71/><D97/><U43/><E70/><V10/><F122/><W31/><G121/><T2/><D63/><U87/><E116/><V100/><F110/><W52/><G132/><T56/><D56/><U133/><E133/><V92/><F126/><W95/><G17/><T118/><D118/><U55/><E106/><V98/><F21/><N who="3" m="15759" /><G86/><T12/><D2/><U59/><E107/><V78/><F93/><W124/><G124/><T135/><D135/><U35/><E59/><V23/><F23/><W45/><G66/><T41/><D41/><U127/><E38/><V65/><F65/><W0/><G0/><T30/><D25/><U49/><E43/><V60/><F36/><W54/><G54/><T20/><D29/><U84/><E39/><V4/><F46/><W83/><G83/><T81/><D81/><U125/><E84/><AGARI ba="2,0" hai="8,12,16,20,26,30,68,71,77,80,84,88,94,96" machi="84" ten="30,11600,0" yaku="7,1,52,1,54,2" doraHai="74" who="0" fromWho="1" sc="353,122,219,-122,219,0,209,0" /><INIT seed="0,3,0,3,5,24" ten="475,97,219,209" oya="0" hai0="4,79,75,47,54,25,108,80,36,59,124,110,27" hai1="129,115,84,62,34,40,38,60,76,100,83,13,98" hai2="56,112,128,28,26,95,1,15,65,12,134,0,58" hai3="32,35,127,126,123,131,132,117,42,111,104,19,57"/><T90/><D124/><N who="3" m="47657" /><G104/><T33/><D90/><U87/><E129/><V91/><F128/><W44/><G131/><T3/><D33/><U21/><E115/><V72/><F72/><W7/><G117/><T99/><D99/><U92/><E34/><V102/><F102/><W29/><G111/><N who="0" m="42539" /><D4/><U5/><E38/><V16/><F134/><W61/><G132/><T22/><D3/><U81/><E40/><V89/><F95/><W69/><G69/><T113/><D113/><U31/><E5/><V130/><F112/><W109/><G109/><T82/><D82/><U23/><E23/><V10/><F91/><W53/><G7/><T68/><D68/><U107/><E107/><V43/><F89/><W125/><G125/><T93/><D93/><U85/><E13/><V50/><F1/><W30/><G123/><T73/><D73/><U101/><E101/><V121/><F0/><W77/><G77/><T37/><D47/><U46/><E46/><V51/><F121/><W74/><G74/><T103/><D103/><U86/><REACH who="1" step="1"/><E83/><REACH who="1" ten="475,87,219,209" step="2"/><V63/><F15/><W45/><G44/><T120/><D120/><U114/><E114/><V64/><F130/><W70/><G32/><T133/><D133/><U11/><E11/><V18/><F43/><W97/><G35/><T119/><D119/><U105/><E105/><V135/><F135/><W78/><G42/><T48/><D25/><AGARI ba="3,1" hai="21,25,31,60,62,76,81,84,85,86,87,92,98,100" machi="25" ten="40,5200,0" yaku="1,1,8,1,52,1,53,0" doraHai="24" doraHaiUra="122" who="1" fromWho="0" sc="475,-61,87,71,219,0,209,0" /><INIT seed="1,0,0,2,4,119" ten="414,158,219,209" oya="1" hai0="75,130,29,24,134,65,115,8,78,110,26,43,122" hai1="69,22,95,15,51,112,55,66,89,7,20,64,102" hai2="13,123,120,62,124,58,132,73,117,131,18,128,72" hai3="96,47,81,116,97,85,5,50,109,77,6,126,68"/><U101/><E112/><V11/><F117/><W14/><G116/><T135/><D115/><U127/><E127/><V107/><F107/><W30/><G126/><T129/><D43/><U28/><E69/><V25/><F124/><W105/><G109/><T70/><D78/><U40/><E40/><V46/><F46/><W49/><G68/><T3/><D75/><N who="2" m="28746" /><F25/><N who="0" m="9834" /><D65/><N who="1" m="25195" /><E28/><V133/><F58/><W84/><G30/><T82/><D82/><U60/><E60/><V71/><F62/><W16/><G84/><T27/><D70/><U67/><N who="1" m="25203" /><U79/><DORA hai="39" /><E79/><V35/><F35/><W91/><G105/><T33/><D110/><U98/><E7/><N who="3" m="2570" /><G77/><T12/><D3/><U90/><E15/><V63/><F63/><W103/><G103/><N who="1" m="39434" /><E90/><V74/><F74/><W113/><G113/><T44/><D44/><AGARI ba="0,0" hai="20,22,44,51,55,89,95,98" m="39434,25203" machi="44" ten="30,1500,0" yaku="8,1" doraHai="119,39" who="1" fromWho="0" sc="414,-15,158,15,219,0,209,0" /><INIT seed="1,1,0,5,4,97" ten="399,173,219,209" oya="1" hai0="116,14,109,20,33,31,52,72,12,114,99,111,81" hai1="10,94,74,19,122,118,29,87,47,51,107,125,56" hai2="54,103,6,65,104,36,57,66,21,80,45,2,89" hai3="30,28,18,133,77,37,70,90,86,119,59,44,27"/><U34/><E122/><V82/><F2/><W50/><G133/><T60/><D114/><U91/><E118/><V85/><F6/><W40/><G119/><T55/><D116/><U11/><E125/><V32/><F32/><W23/><G70/><T26/><D99/><U17/><E74/><V38/><F82/><W115/><G115/><T0/><D0/><U5/><E107/><V105/><F105/><W135/><G135/><T43/><D43/><U49/><E11/><V58/><F58/><W69/><G69/><T1/><D1/><U130/><E130/><V75/><F75/><W106/><G106/><T132/><D132/><U127/><E127/><V53/><F53/><N who="0" m="20554" /><D60/><U134/><E134/><V101/><F104/><W123/><G123/><T124/><D33/><U126/><E126/><V8/><F8/><W39/><G77/><N who="0" m="44199" /><D124/><U73/><E73/><V98/><F98/><W96/><G96/><T67/><D67/><N who="2" m="25610" /><F38/><W62/><G39/><T117/><D117/><U68/><E68/><V128/><F36/><W108/><G37/><T24/><D24/><U88/><E56/><V48/><F128/><W4/><G4/><T76/><D76/><U129/><E129/><V13/><F57/><W25/><G59/><T95/><D95/><N who="1" m="54687" /><E51/><V100/><F100/><W83/><G62/><T41/><D41/><N who="1" m="24815" /><E34/><V92/><F92/><W131/><G131/><T84/><D84/><N who="1" m="52583" /><E29/><V112/><F112/><W64/><G64/><T113/><D113/><U78/><E78/><V71/><F71/><W120/><G120/><T93/><D93/><U7/><E7/><V102/><F102/><RYUUKYOKU ba="1,0" sc="399,10,173,10,219,10,209,-30" hai0="12,14,20,26,31,109,111" hai1="5,10,17,19" hai2="13,21,45,48,54,80,85,89,101,103" /><INIT seed="1,2,0,0,2,78" ten="409,183,229,179" oya="1" hai0="95,25,126,89,87,55,29,15,30,129,52,134,2" hai1="64,76,97,28,16,90,105,84,102,113,131,5,66" hai2="34,12,18,22,86,8,122,32,73,54,104,112,39" hai3="111,3,120,77,91,68,9,44,71,53,35,57,1"/><U4/><E113/><V42/><F112/><W7/><G120/><T63/><D2/><U19/><E131/><V88/><F73/><W80/><G111/><T20/><D129/><U26/><E76/><V48/><F104/><W96/><G35/><T49/><D126/><U99/><E99/><V40/><F122/><W124/><G124/><T110/><D110/><U27/><E66/><V65/><F65/><W58/><G1/><T45/><D134/><U133/><E133/><V125/><F125/><W59/><G91/><T127/><D127/><U51/><E26/><V46/><F22/><W81/><G96/><T103/><D103/><U106/><E106/><V85/><F85/><W56/><G44/><T130/><D130/><U67/><E51/><V13/><F13/><W93/><G93/><T17/><REACH who="0" step="1"/><D25/><REACH who="0" ten="399,183,229,179" step="2"/><U47/><E27/><V116/><F116/><W38/><G38/><T6/><D6/><U74/><E5/><V41/><REACH who="2" step="1"/><F39/><REACH who="2" ten="399,183,219,179" step="2"/><W79/><N who="3" m="14336" /><DORA hai="109" /><W23/><G23/><T107/><D107/><U135/><E105/><V61/><F61/><W31/><G31/><T82/><D82/><AGARI ba="2,2" hai="8,12,18,32,34,40,41,42,46,48,54,82,86,88" machi="82" ten="40,12000,2" yaku="1,1,25,2,52,1,54,1,53,1" doraHai="78,109" doraHaiUra="33,11" who="2" fromWho="0" sc="399,-126,183,0,219,146,179,0" /><INIT seed="2,0,0,5,3,8" ten="273,183,365,179" oya="2" hai0="128,1,121,31,14,117,71,59,66,81,33,134,26" hai1="76,41,11,25,23,70,77,57,49,132,2,111,10" hai2="21,104,45,116,15,114,83,125,120,106,97,68,113" hai3="18,110,122,0,135,127,16,85,95,61,44,55,129"/><V87/><F68/><W90/><G122/><T56/><D1/><U32/><E70/><V42/><F120/><W38/><G110/><T69/><D128/><U13/><E132/><V101/><F106/><W6/><G135/><T36/><D134/><U84/><E111/><V47/><F47/><W39/><G129/><T52/><D36/><U98/><E32/><V108/><F116/><W28/><G127/><T102/><D117/><U48/><E2/><V43/><F43/><W100/><G28/><T94/><D81/><U72/><E72/><V17/><F125/><W123/><G123/><T91/><D102/><U73/><E73/><V88/><REACH who="2" step="1"/><F108/><REACH who="2" ten="273,183,355,179" step="2"/><W92/><G44/><T63/><D121/><U105/><E41/><V93/><F93/><W107/><G92/><T40/><D40/><U99/><E105/><V27/><F27/><W133/><G133/><T60/><REACH who="0" step="1"/><D14/><REACH who="0" ten="263,183,355,179" step="2"/><U22/><E13/><V4/><F4/><W37/><G6/><T119/><D119/><U5/><E5/><V124/><F124/><W20/><G0/><T35/><D35/><U3/><E3/><V118/><F118/><W65/><G107/><T19/><D19/><U115/><E25/><V64/><F64/><W82/><G65/><T30/><D30/><U109/><E109/><V53/><F53/><W62/><G55/><T78/><D78/><U67/><E76/><V74/><F74/><W96/><REACH who="3" step="1"/><G18/><REACH who="3" ten="263,183,355,169" step="2"/><T9/><D9/><U130/><E11/><V54/><F54/><W89/><G89/><T79/><D79/><U86/><E10/><V58/><F58/><W80/><G80/><RYUUKYOKU ba="0,3" sc="263,10,183,-30,355,10,169,10" hai0="26,31,33,52,56,59,60,63,66,69,71,91,94" hai2="15,17,21,42,45,83,87,88,97,101,104,113,114" hai3="16,20,37,38,39,61,62,82,85,90,95,96,100" /><INIT seed="2,1,3,0,4,95" ten="273,153,365,179" oya="2" hai0="80,79,130,117,39,7,32,40,41,104,84,22,23" hai1="1,111,42,49,96,102,76,91,4,115,89,63,74" hai2="90,87,35,44,123,18,58,62,16,48,11,97,21" hai3="43,12,14,45,135,33,8,98,133,59,60,6,124"/><V75/><F75/><W56/><G33/><T93/><D104/><U81/><E115/><V132/><F35/><W88/><G124/><T127/><D32/><U106/><E111/><V85/><F123/><W120/><G120/><T65/><D127/><U30/><E30/><V103/><F132/><N who="3" m="50763" /><G14/><T47/><D130/><U9/><REACH who="1" step="1"/><E63/><REACH who="1" ten="273,143,365,179" step="2"/><V61/><F61/><W83/><G60/><T55/><D117/><U134/><E134/><V28/><F28/><W118/><G118/><T2/><D40/><U72/><E72/><V37/><F62/><W92/><G83/><T101/><D41/><U17/><E17/><V46/><F18/><W29/><G29/><T19/><D19/><U51/><E51/><AGARI ba="1,4" hai="6,8,12,43,45,51,56,59,88,92,98" m="50763" machi="51" ten="30,3900,0" yaku="20,1,52,1,54,1" doraHai="95" who="3" fromWho="1" sc="273,0,143,-42,365,0,179,82" /><INIT seed="3,0,0,5,5,118" ten="273,101,365,261" oya="3" hai0="73,1,109,87,44,127,54,84,52,13,65,114,124" hai1="24,67,12,129,107,32,14,108,83,43,63,79,56" hai2="103,7,20,17,90,11,50,123,110,37,3,57,104" hai3="81,100,120,117,55,89,19,102,40,135,39,53,31"/><W122/><G117/><T94/><D1/><U9/><E108/><V70/><F37/><W113/><G113/><T51/><D73/><U6/><E129/><V62/><F70/><W75/><G31/><T15/><D109/><U29/><E107/><V48/><F110/><W60/><G135/><T96/><D114/><U105/><E105/><V58/><F58/><W35/><G35/><T61/><D54/><U45/><E14/><V18/><F18/><W74/><G19/><T85/><D127/><U116/><E116/><V22/><F22/><W49/><G49/><T76/><D76/><U112/><E112/><V42/><F42/><W77/><G77/><T71/><REACH who="0" step="1"/><D124/><REACH who="0" ten="263,101,365,261" step="2"/><U131/><E131/><V46/><F3/><W95/><G55/><T26/><D26/><U8/><E12/><V10/><F46/><W132/><G75/><T133/><D133/><U93/><E6/><V27/><F27/><W34/><G132/><T134/><D134/><U68/><E79/><V72/><F72/><W69/><G74/><T66/><D66/><U33/><E67/><V47/><F47/><W92/><G53/><T30/><D30/><U36/><E45/><V41/><F7/><W25/><G25/><T111/><D111/><U106/><E43/><V119/><F41/><W80/><G40/><T88/><AGARI ba="0,1" hai="13,15,44,51,52,61,65,71,84,85,87,88,94,96" machi="88" ten="30,8000,1" yaku="1,1,0,1,54,2,53,1" doraHai="118" doraHaiUra="59" who="0" fromWho="0" sc="263,90,101,-20,365,-20,261,-40" /><INIT seed="4,0,0,3,2,23" ten="353,81,345,221" oya="0" hai0="24,53,114,51,59,49,73,135,54,6,30,111,117" hai1="97,45,29,106,93,92,128,1,32,121,22,84,74" hai2="129,112,20,105,26,36,57,37,56,8,61,63,2" hai3="118,101,79,41,119,5,34,83,42,35,39,31,62"/><T71/><D117/><U77/><E1/><V66/><F105/><W120/><G101/><T110/><D73/><U109/><E32/><V90/><F112/><W69/><G120/><T132/><D6/><U85/><E29/><V0/><F129/><W47/><G41/><T48/><D114/><U116/><E45/><V87/><F2/><W95/><G95/><N who="1" m="36426" /><E22/><V46/><F46/><W72/><G5/><T122/><D122/><U78/><E121/><V7/><F87/><N who="1" m="33353" /><E116/><V96/><F90/><W10/><G10/><T3/><D3/><U12/><E12/><V43/><F96/><W19/><G19/><T103/><D103/><N who="1" m="62831" /><E128/><V80/><F43/><W125/><G34/><N who="0" m="20807" /><D71/><U123/><E123/><V134/><F37/><W44/><G44/><N who="0" m="27783" /><D49/><U88/><E109/><AGARI ba="0,0" hai="51,54,59,109,110,111,132,135" m="27783,20807" machi="109" ten="30,2900,0" yaku="10,1,52,1" doraHai="23" who="0" fromWho="1" sc="353,29,81,-29,345,0,221,0" /><INIT seed="4,1,0,5,0,132" ten="382,52,345,221" oya="0" hai0="119,7,64,26,65,58,108,93,92,48,87,134,66" hai1="85,22,95,39,68,19,35,123,99,20,6,78,53" hai2="29,80,33,127,105,0,11,71,49,23,88,45,3" hai3="51,117,112,38,94,32,13,74,133,128,111,96,100"/><T37/><D119/><U110/><E39/><V60/><F105/><W72/><G13/><T17/><D37/><U90/><E68/><V63/><F33/><W103/><G51/><T54/><D134/><U5/><E110/><V73/><F73/><W43/><G43/><T98/><D108/><U101/><E123/><V25/><F127/><W130/><G32/><T131/><D131/><N who="3" m="50217" /><G38/><T102/><D7/><U83/><E35/><V82/><F82/><W70/><G70/><T52/><D54/><U47/><E22/><V91/><F80/><W14/><G14/><T27/><REACH who="0" step="1"/><D17/><REACH who="0" ten="372,52,345,221" step="2"/><U135/><E135/><V76/><F3/><W89/><G133/><T9/><D9/><U59/><E47/><V1/><F0/><W109/><G117/><T18/><D18/><U40/><E40/><V86/><F1/><W107/><G109/><T2/><D2/><U97/><E5/><V81/><F11/><W129/><G111/><T115/><D115/><U77/><E6/><V41/><F71/><W4/><G4/><T125/><D125/><U113/><E113/><V114/><F114/><W42/><G42/><T104/><D104/><U79/><E19/><V122/><F122/><W21/><G129/><T62/><D62/><AGARI ba="1,1" hai="23,25,29,41,45,49,60,62,63,76,81,86,88,91" machi="62" ten="40,2600,0" yaku="8,1,54,1" doraHai="132" who="2" fromWho="0" sc="372,-29,52,0,345,39,221,0" /><INIT seed="5,0,0,4,4,69" ten="343,52,384,221" oya="1" hai0="11,97,57,1,23,106,33,30,44,28,4,116,130" hai1="51,42,103,118,45,62,29,41,36,132,87,80,123" hai2="94,12,125,74,101,102,110,71,52,104,37,20,31" hai3="19,39,93,133,92,72,119,113,43,34,78,121,77"/><U88/><E123/><V18/><F110/><W58/><G121/><T27/><D116/><U129/><E129/><V8/><F71/><W46/><G113/><T50/><D130/><U63/><E132/><V61/><F74/><W64/><G119/><T131/><D131/><U2/><E118/><V135/><F104/><W81/><G34/><T66/><D66/><U13/><E2/><V26/><F37/><W70/><G78/><T17/><D57/><U21/><E103/><V82/><F125/><W40/><G40/><T83/><D83/><U59/><E29/><V5/><F135/><W117/><G117/><T96/><D106/><U79/><E79/><V95/><F82/><W10/><G70/><T55/><REACH who="0" step="1"/><D30/><REACH who="0" ten="333,52,384,221" step="2"/><U105/><E105/><V16/><F94/><W35/><G58/><T111/><D111/><U22/><E59/><N who="2" m="35047" /><F95/><W25/><G92/><T60/><D60/><U107/><E107/><V98/><F98/><W127/><G93/><T65/><D65/><U115/><E115/><V108/><F108/><W56/><G133/><T38/><D38/><U9/><E63/><V3/><F3/><W47/><G39/><T91/><D91/><U100/><E62/><V24/><F31/><W122/><G122/><T120/><D120/><U84/><E100/><V0/><F0/><W68/><G68/><T15/><AGARI ba="0,1" hai="1,4,11,15,17,23,27,28,33,44,50,55,96,97" machi="15" ten="20,8000,1" yaku="1,1,0,1,7,1,24,2,53,0" doraHai="69" doraHaiUra="112" who="0" fromWho="0" sc="333,90,52,-40,384,-20,221,-20" /><INIT seed="6,0,0,1,3,79" ten="423,12,364,201" oya="2" hai0="131,87,115,59,134,27,85,17,84,104,91,43,118" hai1="24,105,50,36,38,114,125,107,0,126,97,37,80" hai2="82,64,1,58,23,76,73,61,89,110,122,113,94" hai3="127,39,133,26,88,21,83,51,98,30,78,66,86"/><V65/><F122/><W9/><G39/><N who="1" m="9986" /><U4/><DORA hai="32" /><E24/><V129/><F113/><W2/><G133/><T77/><D104/><N who="1" m="40011" /><E97/><V57/><F129/><W117/><G117/><T116/><D134/><U16/><E50/><V49/><F1/><W52/><G127/><N who="1" m="48650" /><E114/><V62/><F110/><W74/><G66/><T95/><D115/><U29/><E29/><V130/><F130/><W7/><G98/><T54/><D131/><U128/><E128/><V22/><F49/><W60/><G60/><T96/><D43/><U13/><E13/><V121/><F121/><W120/><G120/><T90/><D77/><U132/><E132/><V67/><F67/><W75/><REACH who="3" step="1"/><G78/><REACH who="3" ten="423,12,364,191" step="2"/><T92/><D118/><U103/><E103/><V69/><F69/><W68/><G68/><T72/><D116/><U35/><E35/><V71/><F71/><W19/><G19/><T33/><D33/><U93/><E93/><V5/><F5/><W135/><G135/><T111/><D95/><U8/><E16/><V48/><F48/><W70/><G70/><T124/><D124/><U6/><E6/><V11/><F94/><W45/><AGARI ba="0,1" hai="2,7,9,21,26,30,45,51,52,74,75,83,86,88" machi="45" ten="20,16000,3" yaku="1,1,0,1,7,1,52,2,54,2,53,1" doraHai="79,32" doraHaiUra="99,25" who="3" fromWho="3" sc="423,-40,12,-40,364,-80,191,170" owari="383,49.0,-28,-53.0,284,-12.0,361,16.0" /></mjloggm>