<mjloggm ver="2.3"><GO type="185" lobby="0"/><UN n0="%E2%99%AA%E5%A4%A2%E5%85%88%E6%A1%88%E5%86%85%E4%BA%BA" n1="%E3%82%84%E3%81%BE%E3%81%8B%E3%81%84" n2="%E6%B0%B7%E3%81%AE%4B" n3="" dan="17,17,16,0" rate="2271.27,2244.06,2127.86,1500.00" sx="F,M,M,C"/><TAIKYOKU oya="0"/><INIT seed="0,0,0,1,0,54" ten="350,350,350,0" oya="0" hai0="53,118,72,59,84,48,57,91,58,75,132,94,105" hai1="81,107,0,109,119,51,97,82,63,43,131,134,33" hai2="37,41,111,116,61,35,50,133,121,99,114,108,103" hai3=""/><T100/><D118/><U89/><E119/><V3/><N who="2" m="31008" /><V79/><F116/><T115/><D115/><U44/><E33/><V110/><F35/><T135/><D105/><U120/><N who="1" m="30752" /><U52/><E0/><V106/><F114/><T55/><D100/><U117/><E117/><V40/><F3/><T128/><D128/><U68/><E131/><V129/><F129/><T2/><D2/><U71/><E109/><V124/><F124/><T101/><D101/><U42/><E134/><N who="0" m="51241" /><D53/><U86/><E82/><V73/><F133/><T104/><D104/><U49/><E107/><V38/><F61/><T93/><D94/><U92/><E63/><V78/><F73/><AGARI ba="0,0" hai="48,55,57,58,59,72,73,75,84,91,93" m="51241" machi="73" ten="30,11600,0" yaku="20,1,52,3" doraHai="54" who="0" fromWho="2" sc="350,116,350,0,350,-116,0,0" /><INIT seed="0,1,0,1,2,127" ten="466,350,234,0" oya="0" hai0="71,105,74,50,57,86,95,110,115,1,88,33,34" hai1="112,55,35,0,32,106,135,66,67,41,83,82,52" hai2="91,54,133,120,89,114,118,42,119,92,73,47,39" hai3=""/><T59/><D115/><U85/><E41/><V76/><N who="2" m="30752" /><V122/><N who="2" m="31264" /><V121/><N who="2" m="31008" /><V93/><F114/><T53/><D1/><U3/><E112/><V111/><F111/><T49/><D110/><U36/><E85/><V79/><F133/><T78/><D71/><U87/><E87/><V70/><F70/><T77/><D105/><U97/><E97/><V117/><F54/><T103/><D103/><U45/><E45/><V126/><F126/><T69/><D69/><U48/><E48/><V43/><F73/><T104/><D104/><U96/><E96/><V75/><F75/><T44/><D59/><U38/><REACH who="1" step="1"/><E106/><REACH who="1" ten="466,340,234,0" step="2"/><V65/><F43/><T130/><D74/><U72/><E72/><V62/><F93/><T123/><N who="0" m="31520" /><T131/><D77/><N who="2" m="29770" /><F92/><T125/><D78/><U108/><E108/><V64/><F62/><T100/><D125/><U61/><E61/><V116/><N who="2" m="29696" /><DORA hai="63" /><V46/><F46/><T132/><D44/><U56/><E56/><V129/><F129/><T84/><D57/><U113/><E113/><V102/><F102/><T58/><D100/><U40/><E40/><V99/><F99/><T124/><D124/><U80/><E80/><V98/><F98/><T109/><D109/><RYUUKYOKU ba="1,1" sc="466,-20,340,10,234,10,0,0" hai1="0,3,32,35,36,38,52,55,66,67,82,83,135" hai2="39,42,47,64,65,89,91" /><INIT seed="1,2,1,4,3,93" ten="446,350,244,0" oya="1" hai0="95,82,113,98,121,43,112,1,108,99,62,119,129" hai1="2,111,84,85,115,69,131,135,0,100,114,57,72" hai2="75,124,70,66,33,117,59,83,88,35,101,44,80" hai3=""/><U130/><E69/><V32/><F117/><T55/><N who="0" m="31008" /><T34/><D1/><U123/><N who="1" m="31520" /><U68/><E68/><V133/><F133/><T3/><D3/><U56/><E100/><V116/><F116/><T134/><D34/><U120/><N who="1" m="30752" /><U45/><E45/><V61/><F124/><T89/><D119/><U81/><E81/><V36/><F101/><T41/><D134/><U74/><REACH who="1" step="1"/><E135/><REACH who="1" ten="446,340,244,0" step="2"/><V71/><F80/><T77/><D82/><U51/><E51/><V132/><F132/><T65/><D113/><U97/><E97/><V127/><F127/><T107/><D98/><U86/><E86/><V94/><F83/><T104/><D99/><U79/><E79/><V42/><REACH who="2" step="1"/><F75/><REACH who="2" ten="446,340,234,0" step="2"/><T76/><D112/><U78/><E78/><V40/><F40/><T96/><D76/><U126/><E126/><V52/><F52/><T46/><D77/><U64/><E64/><V92/><F92/><T37/><D41/><U109/><AGARI ba="2,3" hai="0,2,56,57,72,74,84,85,109,111,114,115,130,131" m="30752,31520" machi="109" ten="25,12000,2" yaku="1,1,0,1,22,2,52,2,53,0" doraHai="93" doraHaiUra="67" who="1" fromWho="1" sc="446,-62,340,154,234,-62,0,0" /><INIT seed="1,3,0,0,0,73" ten="384,494,172,0" oya="1" hai0="38,68,49,110,120,94,79,55,103,87,67,106,32" hai1="91,95,34,72,114,62,56,81,58,36,123,57,43" hai2="111,65,104,125,69,37,41,59,93,88,122,83,107" hai3=""/><U89/><N who="1" m="31520" /><U60/><E114/><V102/><N who="2" m="31264" /><V127/><F111/><T3/><N who="0" m="30752" /><T39/><D110/><U128/><E34/><V0/><F69/><T40/><D3/><U48/><E36/><V112/><F0/><T46/><D32/><U99/><E128/><V130/><F112/><T116/><D116/><U63/><E72/><V132/><F130/><T71/><D106/><U78/><E78/><V97/><F132/><T105/><D105/><U131/><E131/><V118/><F118/><T35/><D38/><U84/><REACH who="1" step="1"/><E43/><REACH who="1" ten="384,484,172,0" step="2"/><V77/><F41/><T85/><D79/><U66/><E66/><V75/><F37/><T124/><D67/><U133/><E133/><V64/><F65/><T86/><D35/><U90/><E90/><V2/><F2/><T51/><D39/><U82/><E82/><V50/><F64/><T54/><D40/><U126/><E126/><N who="2" m="48139" /><F88/><T113/><D124/><U121/><N who="1" m="31008" /><U96/><E96/><V76/><F77/><T98/><REACH who="0" step="1"/><D113/><REACH who="0" ten="374,484,172,0" step="2"/><U61/><N who="1" m="15360" /><DORA hai="100" /><U45/><E45/><AGARI ba="3,2" hai="45,46,49,51,54,55,68,71,85,86,87,94,98,103" m="30752" machi="45" ten="40,8000,1" yaku="1,1,9,1,52,1,53,1" doraHai="73,100" doraHaiUra="119,101" who="0" fromWho="1" sc="374,106,484,-86,172,0,0,0" /><INIT seed="2,0,0,4,0,100" ten="480,398,172,0" oya="2" hai0="103,129,80,34,86,58,98,84,37,62,104,83,50" hai1="57,107,130,61,114,48,128,68,64,35,60,45,69" hai2="55,106,121,96,32,132,46,116,56,53,134,93,112" hai3=""/><V39/><N who="2" m="31008" /><V135/><F32/><T40/><D34/><U127/><E107/><V109/><F116/><T126/><D126/><U118/><E35/><V87/><F112/><T94/><D129/><N who="1" m="49771" /><E114/><V110/><F87/><T76/><D37/><U105/><E105/><V125/><F125/><T66/><D104/><U115/><E115/><V49/><F106/><T41/><REACH who="0" step="1"/><D50/><REACH who="0" ten="470,398,172,0" step="2"/><U88/><E127/><V77/><F39/><T97/><D97/><U67/><E118/><V52/><F77/><AGARI ba="0,1" hai="40,41,58,62,66,76,77,80,83,84,86,94,98,103" machi="77" ten="30,7700,0" yaku="1,1,7,1,9,1,8,1,53,0" doraHai="100" doraHaiUra="44" who="0" fromWho="2" sc="470,87,398,0,172,-77,0,0" /><INIT seed="4,0,0,5,4,42" ten="557,398,95,0" oya="0" hai0="127,3,45,125,51,85,58,120,95,32,135,56,69" hai1="44,108,0,74,131,96,87,118,106,134,128,37,76" hai2="60,133,77,62,38,117,113,49,124,59,82,39,79" hai3=""/><T92/><N who="0" m="30752" /><T66/><D3/><U84/><E0/><V97/><F117/><T88/><D32/><U98/><E118/><V63/><F113/><T121/><N who="0" m="31008" /><T55/><D135/><U90/><E134/><V54/><F133/><T112/><D112/><U99/><E108/><V71/><F124/><N who="0" m="47690" /><D69/><U40/><E106/><V86/><F71/><T41/><D66/><U111/><E111/><V1/><F1/><T81/><D58/><U68/><E68/><V64/><F64/><T101/><D101/><U83/><REACH who="1" step="1"/><E74/><REACH who="1" ten="557,388,95,0" step="2"/><V103/><REACH who="2" step="1"/><F79/><REACH who="2" ten="557,388,85,0" step="2"/><T109/><D109/><U35/><E35/><V2/><F2/><T115/><D115/><U57/><E57/><V132/><F132/><T47/><D47/><U75/><E75/><V89/><F89/><T50/><AGARI ba="0,2" hai="41,45,50,51,55,56,81,85,88,92,95" m="47690,31008,30752" machi="50" ten="30,8000,1" yaku="18,1,52,3,54,1" doraHai="42" who="0" fromWho="0" sc="557,100,388,-40,85,-40,0,0" /><INIT seed="4,1,0,2,2,3" ten="657,348,45,0" oya="0" hai0="54,115,134,36,56,45,59,106,79,49,88,100,35" hai1="33,69,47,68,121,86,132,109,65,44,62,52,83" hai2="55,51,111,57,101,71,105,99,108,81,112,72,42" hai3=""/><T129/><D115/><U107/><N who="1" m="31008" /><U92/><E109/><V128/><F112/><T41/><D129/><U53/><E107/><V40/><F128/><T34/><D134/><U64/><E132/><V91/><F71/><T82/><D88/><U61/><E92/><V67/><F67/><T2/><D2/><U123/><N who="1" m="31520" /><U125/><E125/><V130/><F130/><T66/><D100/><U104/><E104/><V74/><F74/><T94/><D94/><U135/><E135/><V73/><F73/><T113/><D106/><U37/><E33/><V89/><F91/><T119/><D119/><U63/><E63/><V46/><F42/><T103/><D103/><U39/><E86/><V0/><F0/><T102/><D102/><U110/><E83/><V127/><F127/><T60/><REACH who="0" step="1"/><D113/><REACH who="0" ten="647,348,45,0" step="2"/><U126/><E126/><V38/><F89/><T48/><D48/><U87/><E87/><AGARI ba="1,1" hai="34,35,36,41,45,49,54,56,59,60,66,79,82,87" machi="87" ten="30,12000,1" yaku="1,1,7,1,52,2,53,1" doraHai="3" doraHaiUra="75" who="0" fromWho="1" sc="647,132,348,-122,45,0,0,0" /><INIT seed="4,2,0,2,3,1" ten="779,226,45,0" oya="0" hai0="48,60,113,74,70,33,106,104,56,59,83,78,61" hai1="89,69,125,132,45,127,57,115,87,62,91,54,118" hai2="114,47,0,64,63,50,134,120,95,72,92,35,101" hai3=""/><T94/><D113/><U88/><E118/><V34/><N who="2" m="30752" /><V123/><N who="2" m="31520" /><V112/><F0/><T98/><D33/><U85/><E115/><N who="2" m="44075" /><F72/><T73/><D48/><U126/><E132/><V86/><F134/><T65/><D70/><U84/><E45/><V38/><F38/><T131/><BYE who="2" /><D131/><U107/><E107/><V3/><F3/><T71/><D71/><AGARI ba="2,0" hai="54,57,62,69,71,84,85,87,88,89,91,125,126,127" machi="71" ten="50,8000,1" yaku="29,2,18,1,54,1" doraHai="1" who="1" fromWho="0" sc="779,-84,226,84,45,0,0,0" /><INIT seed="5,0,0,1,5,75" ten="695,310,45,0" oya="1" hai0="98,124,76,45,132,74,51,129,0,128,3,46,87" hai1="61,121,102,64,127,96,104,108,85,72,119,2,56" hai2="86,107,38,58,97,131,55,103,111,79,49,80,133" hai3=""/><U53/><N who="1" m="31008" /><U37/><E119/><V73/><F73/><T77/><D124/><U65/><E72/><V40/><F40/><T125/><D125/><U93/><E127/><V89/><F89/><T48/><D74/><UN n2="%E6%B0%B7%E3%81%AE%4B" /><U33/><E33/><V54/><F111/><T116/><D87/><U135/><E108/><V123/><N who="2" m="31520" /><V90/><F133/><T105/><D98/><U66/><E2/><V84/><F131/><T114/><D105/><U52/><E37/><V95/><F38/><T41/><D41/><U81/><E135/><V83/><REACH who="2" step="1"/><F55/><REACH who="2" ten="695,310,35,0" step="2"/><T59/><D132/><U110/><E110/><V113/><F113/><T126/><D114/><U62/><E53/><V94/><AGARI ba="0,1" hai="49,54,58,79,80,83,84,86,90,94,95,97,103,107" m="31520" machi="94" ten="30,6000,1" yaku="1,1,0,1,52,2,53,1" doraHai="75" doraHaiUra="101" who="2" fromWho="2" sc="695,-20,310,-40,35,70,0,0" /><INIT seed="6,0,0,0,1,33" ten="675,270,105,0" oya="2" hai0="116,90,115,96,75,85,112,132,131,125,78,84,97" hai1="110,58,120,103,104,109,55,39,32,59,52,80,0" hai2="133,106,37,89,114,88,47,51,118,61,94,67,34" hai3=""/><V124/><F118/><T76/><D116/><U56/><N who="1" m="30752" /><U135/><E0/><V46/><F34/><T73/><D125/><U113/><E32/><V134/><F124/><T77/><D131/><U117/><E117/><V87/><F106/><T105/><D132/><N who="2" m="50794" /><F114/><N who="0" m="43562" /><D84/><U45/><E135/><V92/><F37/><T128/><D128/><U35/><E35/><V93/><F51/><T68/><D68/><U65/><E113/><V74/><F74/><N who="0" m="28170" /><D105/><U127/><E127/><V101/><F101/><T130/><D130/><U95/><E39/><V122/><N who="2" m="31264" /><V1/><F1/><T36/><D36/><U60/><E103/><V42/><F42/><T111/><D111/><U129/><E104/><V66/><F66/><T53/><D53/><U38/><E55/><V2/><F2/><T3/><D3/><U64/><E64/><V71/><F89/><T102/><D102/><U70/><E129/><V123/><N who="2" m="31520" /><V100/><F100/><T107/><D107/><U57/><E65/><V63/><F63/><T43/><D43/><U50/><E60/><V48/><F48/><T69/><D69/><U62/><E62/><V108/><F108/><T49/><D49/><U99/><E110/><V91/><F91/><T79/><D90/><RYUUKYOKU ba="0,0" sc="675,10,270,-20,105,10,0,0" hai0="76,77,78,79,85,96,97" hai2="46,47,61,67,71,87,88,92,93,94" /><INIT seed="6,1,0,0,2,118" ten="685,250,115,0" oya="2" hai0="59,51,119,60,95,97,75,33,56,90,2,121,96" hai1="88,103,78,124,131,53,63,85,98,47,48,123,38" hai2="109,46,70,114,132,79,127,40,105,113,86,76,61" hai3=""/><V41/><F105/><T0/><N who="0" m="31008" /><T57/><D33/><U62/><N who="1" m="31520" /><U39/><E78/><V1/><F109/><T72/><D119/><U82/><E124/><V87/><F1/><T94/><D51/><U49/><E131/><V107/><F127/><T106/><D106/><U58/><E49/><V37/><F107/><T81/><D60/><U68/><E68/><V69/><F132/><T130/><D130/><U45/><E45/><V64/><F70/><T115/><D115/><N who="2" m="44042" /><F41/><T116/><D116/><U117/><E62/><V126/><F126/><T32/><D32/><U112/><E112/><V93/><F93/><T101/><REACH who="0" step="1"/><D81/><REACH who="0" ten="675,250,115,0" step="2"/><U104/><E117/><V99/><F99/><T80/><D80/><U89/><E89/><V92/><F87/><T129/><D129/><U84/><E84/><V42/><F42/><AGARI ba="1,1" hai="38,39,42,47,48,53,58,63,82,85,88,98,103,104" m="31520" machi="42" ten="30,7700,0" yaku="7,1,52,2,54,1" doraHai="118" who="1" fromWho="2" sc="675,0,250,89,115,-79,0,0" owari="675,62.0,339,-6.0,36,-56.0,0,0.0" /></mjloggm>