<mjloggm ver="2.3"><GO type="169" lobby="0"/><UN n0="%E6%B1%A0%E7%94%B0%E3%81%AD%E3%81%93" n1="%E7%B4%A0%E6%99%B4%E3%82%89%E3%81%97%E3%81%8D%E6%97%A5%E3%80%85" n2="%6C%69%65%62%65" n3="%E3%81%8A%E7%9F%A5%E3%82%89%E3%81%9B" dan="16,17,16,19" rate="2050.20,2151.34,2044.47,2311.40" sx="F,M,F,M"/><TAIKYOKU oya="0"/><INIT seed="0,0,0,5,0,0" ten="250,250,250,250" oya="0" hai0="47,99,18,71,30,1,53,132,105,111,88,27,92" hai1="19,85,134,11,83,82,31,109,38,125,119,81,45" hai2="115,9,59,124,26,117,16,116,68,98,44,80,72" hai3="12,95,86,84,62,89,23,50,14,33,101,58,100"/><T70/><D1/><U66/><E119/><N who="2" m="45643" /><F115/><W20/><G33/><T34/><D132/><U114/><E134/><V10/><F68/><W103/><G50/><T112/><D112/><U127/><E114/><V75/><F124/><N who="1" m="47689" /><E66/><V2/><F98/><W93/><G93/><T6/><D6/><U94/><E31/><V46/><F59/><W3/><G86/><T25/><D105/><U41/><E94/><V51/><F80/><W90/><G90/><T55/><D111/><U108/><E85/><V15/><F26/><W97/><G3/><T37/><D71/><U135/><E135/><V28/><F28/><W67/><G84/><T121/><D70/><U104/><E104/><V5/><F46/><W130/><G130/><T61/><D121/><U128/><E128/><V39/><F39/><W48/><G48/><T110/><D110/><U65/><E65/><V56/><F56/><W78/><G78/><T64/><D37/><U52/><E52/><AGARI ba="0,0" hai="2,5,9,10,15,16,44,51,52,72,75" m="45643" machi="52" ten="30,7700,0" yaku="12,1,52,1,54,2" doraHai="0" who="2" fromWho="1" sc="250,0,250,-77,250,77,250,0" /><INIT seed="1,0,0,0,1,42" ten="250,173,327,250" oya="1" hai0="25,107,51,120,104,122,95,9,31,76,112,5,60" hai1="131,106,43,13,133,134,66,2,118,94,77,15,24" hai2="103,16,105,27,54,12,8,78,39,124,68,34,36" hai3="64,73,116,101,113,87,0,17,20,80,52,125,84"/><U46/><E106/><V57/><F68/><W97/><G113/><T96/><D112/><U72/><E2/><V83/><F124/><W111/><G125/><T61/><D76/><U135/><E118/><V89/><F89/><W108/><G0/><T32/><D107/><U18/><E131/><V98/><F34/><W14/><G64/><T127/><D104/><U58/><E94/><V40/><F40/><W67/><G67/><T79/><D79/><U70/><E70/><V117/><F27/><W28/><G116/><T55/><D127/><U123/><E123/><V115/><F115/><W23/><G73/><T6/><D122/><U4/><E4/><V63/><REACH who="2" step="1"/><F117/><REACH who="2" ten="250,173,317,250" step="2"/><W45/><G108/><T92/><D120/><U126/><E126/><V33/><F33/><W90/><G111/><T26/><D25/><U19/><E24/><V129/><F129/><W22/><G28/><T71/><D71/><U128/><E128/><V49/><F49/><N who="3" m="28719" /><G87/><AGARI ba="0,1" hai="8,12,16,36,39,54,57,63,78,83,87,98,103,105" machi="87" ten="30,7700,0" yaku="1,1,7,1,54,1,53,1" doraHai="42" doraHaiUra="82" who="2" fromWho="3" sc="250,0,173,0,317,87,250,-77" /><INIT seed="2,0,0,1,4,98" ten="250,173,404,173" oya="2" hai0="104,99,124,13,14,101,23,63,72,34,116,84,87" hai1="89,52,39,54,49,26,132,85,109,51,53,133,107" hai2="36,80,119,95,56,122,67,33,43,74,111,100,86" hai3="76,127,105,45,0,44,117,114,102,103,106,120,20"/><V30/><F119/><W5/><G117/><T19/><D34/><U93/><E39/><V32/><F122/><W94/><G120/><T131/><D72/><U92/><E107/><V78/><F111/><W21/><G127/><T16/><D116/><U128/><E109/><V58/><F58/><W65/><G114/><T57/><D131/><U123/><E123/><V91/><F30/><W40/><G65/><T55/><REACH who="0" step="1"/><D124/><REACH who="0" ten="240,173,404,173" step="2"/><U3/><E128/><V48/><F74/><W75/><G75/><T42/><D42/><U8/><E26/><V28/><F33/><W125/><G40/><T61/><D61/><U112/><E112/><V96/><F43/><W110/><G125/><T7/><D7/><U64/><E64/><V31/><F67/><W126/><G5/><T22/><AGARI ba="0,1" hai="13,14,16,19,22,23,55,57,63,84,87,99,101,104" machi="22" ten="20,12000,2" yaku="1,1,0,1,7,1,9,1,52,1,54,1,53,0" doraHai="98" doraHaiUra="46" who="0" fromWho="0" sc="240,130,173,-30,404,-60,173,-30" /><INIT seed="3,0,0,3,2,9" ten="370,143,344,143" oya="3" hai0="44,45,125,76,94,4,47,124,115,33,61,64,54" hai1="32,123,11,117,51,23,126,13,78,21,129,14,19" hai2="114,135,85,75,67,30,79,34,118,40,72,73,133" hai3="2,1,8,53,83,103,81,109,108,84,39,55,95"/><W27/><G39/><T80/><D33/><U65/><E123/><V90/><F114/><W49/><G27/><T5/><D115/><U57/><E32/><V86/><F118/><W6/><G1/><T121/><D121/><U28/><E117/><V48/><F67/><W16/><G55/><T111/><D111/><N who="3" m="42569" /><G103/><T0/><D94/><U24/><E129/><V71/><F71/><W119/><G119/><T68/><D54/><N who="1" m="31967" /><E126/><N who="0" m="48745" /><D0/><U122/><E122/><V42/><F34/><W105/><G105/><T35/><D35/><U7/><E78/><V102/><F30/><W69/><G69/><T89/><D89/><U112/><E112/><V22/><F102/><W18/><G95/><T60/><D61/><U38/><E38/><V104/><F104/><W98/><G98/><T82/><D82/><N who="3" m="31241" /><G84/><AGARI ba="0,0" hai="4,5,44,45,47,60,64,68,76,80,84" m="48745" machi="84" ten="30,1000,0" yaku="18,1" doraHai="9" who="0" fromWho="3" sc="370,10,143,0,344,0,143,-10" /><INIT seed="4,0,0,5,1,51" ten="380,143,344,133" oya="0" hai0="26,110,34,39,123,100,78,132,104,119,81,87,18" hai1="89,95,42,82,67,54,23,10,1,3,11,33,97" hai2="114,61,16,32,37,83,118,48,13,62,131,63,4" hai3="66,115,117,96,50,92,35,130,108,80,134,111,49"/><T53/><D119/><U90/><E33/><V113/><F118/><W91/><G117/><T128/><D123/><U74/><E67/><V46/><F32/><W84/><G115/><N who="2" m="44041" /><F131/><W69/><G35/><T27/><D39/><U55/><E42/><N who="2" m="24663" /><F37/><W21/><G130/><T133/><D128/><U30/><E74/><V112/><N who="2" m="44049" /><V22/><DORA hai="45" /><F83/><W43/><G134/><N who="0" m="51819" /><D110/><U47/><E1/><V70/><F4/><W15/><G69/><AGARI ba="0,0" hai="13,16,22,61,62,63,69,70" m="24663,44049" machi="69" ten="50,6400,0" yaku="15,1,52,1,54,1" doraHai="51,45" who="2" fromWho="3" sc="380,0,143,0,344,64,133,-64" /><INIT seed="5,0,0,4,3,135" ten="380,143,408,69" oya="1" hai0="101,10,34,124,59,130,17,42,95,52,129,57,100" hai1="126,54,8,1,7,112,16,21,127,39,3,58,0" hai2="65,28,116,111,23,84,91,20,4,131,64,107,96" hai3="6,22,18,49,29,92,114,121,88,76,35,119,55"/><U120/><E39/><V98/><F131/><N who="0" m="50186" /><D34/><U26/><E120/><V41/><F116/><W85/><G121/><T15/><D42/><U24/><E112/><V14/><F111/><W11/><G119/><T25/><D25/><U133/><E133/><V87/><F41/><W74/><G114/><T118/><D118/><U63/><REACH who="1" step="1"/><E26/><REACH who="1" ten="380,133,408,69" step="2"/><N who="2" m="16455" /><F107/><W71/><G71/><T82/><D95/><U27/><E27/><V125/><F14/><AGARI ba="0,1" hai="0,1,3,7,8,14,16,21,24,54,58,63,126,127" machi="14" ten="40,12000,1" yaku="1,1,52,2,54,1,53,0" doraHai="135" doraHaiUra="61" who="1" fromWho="2" sc="380,0,133,130,408,-120,69,0" /><INIT seed="5,1,0,5,2,93" ten="380,263,288,69" oya="1" hai0="26,14,19,61,72,43,48,110,25,75,98,127,38" hai1="39,44,76,67,91,80,31,116,104,62,124,82,41" hai2="84,122,68,17,2,69,85,55,131,120,30,53,65" hai3="5,125,109,70,114,3,57,96,63,6,36,100,56"/><U119/><E104/><V101/><F2/><W16/><G109/><T129/><D110/><U4/><E124/><V21/><F131/><W12/><G36/><T23/><D127/><U35/><E91/><V50/><F69/><W37/><G37/><T54/><D129/><U103/><E82/><V86/><F55/><W34/><G34/><T60/><D38/><U126/><E103/><V49/><F49/><W45/><G114/><T66/><D43/><U88/><E88/><V134/><F134/><W107/><G125/><T81/><D61/><U118/><E126/><V20/><F20/><W108/><G108/><T117/><D117/><U28/><E4/><V89/><F30/><W133/><G133/><T77/><D98/><U40/><E40/><V99/><F89/><W58/><G70/><T73/><D60/><U105/><E105/><V83/><F83/><W46/><G63/><T27/><REACH who="0" step="1"/><D66/><REACH who="0" ten="370,263,288,69" step="2"/><U0/><E67/><V106/><F65/><W51/><G3/><T121/><D121/><U135/><E0/><V10/><F68/><W24/><G24/><T71/><D71/><U132/><E62/><V7/><F122/><W78/><G78/><T11/><D11/><U111/><E111/><V22/><F120/><W130/><G130/><T102/><D102/><U74/><E132/><V29/><F101/><W90/><G90/><T59/><AGARI ba="1,1" hai="14,19,23,25,26,27,48,54,59,72,73,75,77,81" machi="59" ten="30,4000,0" yaku="1,1,0,1,53,1" doraHai="93" doraHaiUra="18" who="0" fromWho="0" sc="370,53,263,-21,288,-11,69,-11" /><INIT seed="6,0,0,2,5,84" ten="423,242,277,58" oya="2" hai0="116,95,48,54,3,25,30,40,6,17,37,104,134" hai1="59,80,69,123,89,28,86,14,118,52,110,41,18" hai2="91,79,35,16,81,12,124,114,24,112,31,21,38" hai3="22,11,44,115,85,15,125,26,82,103,19,75,133"/><V78/><F38/><W71/><G133/><T83/><D104/><U88/><E69/><V8/><F124/><W7/><G125/><T60/><D134/><U127/><E110/><V120/><F120/><W90/><G71/><T98/><D116/><U65/><E118/><V46/><F46/><W34/><G115/><N who="2" m="44073" /><F8/><W106/><G75/><T87/><D17/><U23/><E123/><V42/><F42/><W122/><G122/><T105/><D60/><U117/><E117/><V128/><F128/><W51/><G106/><T43/><D105/><U57/><E41/><V4/><F4/><W63/><G63/><T77/><D6/><U29/><E127/><V56/><F56/><W72/><G72/><T36/><D3/><U10/><E65/><V108/><F108/><W27/><G103/><N who="0" m="60895" /><D36/><U20/><E59/><V58/><F58/><W13/><REACH who="3" step="1"/><G34/><REACH who="3" ten="423,242,277,48" step="2"/><T55/><D37/><U135/><E135/><V102/><F102/><W64/><G64/><T33/><D33/><U47/><E47/><V76/><F76/><W73/><G73/><T5/><D77/><U101/><E101/><V130/><F130/><W61/><G61/><T93/><D48/><N who="1" m="30855" /><E89/><V96/><F79/><W129/><G129/><T132/><D132/><U126/><E126/><V70/><F70/><W0/><G0/><T39/><D39/><U113/><E113/><V67/><F67/><W97/><G97/><T100/><D100/><U119/><E119/><V62/><F96/><W53/><AGARI ba="0,1" hai="7,11,13,15,19,22,26,27,44,51,53,82,85,90" machi="53" ten="20,8000,1" yaku="1,1,0,1,7,1,8,1,52,1,53,0" doraHai="84" doraHaiUra="121" who="3" fromWho="3" sc="423,-20,242,-20,277,-40,48,90" /><INIT seed="7,0,0,2,0,55" ten="403,222,237,138" oya="3" hai0="122,116,91,72,35,100,12,51,2,117,0,93,32" hai1="57,112,17,106,134,73,52,88,36,98,63,127,135" hai2="120,74,18,90,125,29,132,71,26,119,83,42,38" hai3="56,62,19,1,81,10,23,15,8,87,69,27,20"/><W130/><G130/><T79/><D122/><U86/><E36/><V108/><F119/><W5/><G69/><T59/><D100/><U124/><E73/><V30/><F108/><W75/><G75/><T31/><D79/><U43/><E112/><V97/><F71/><W46/><G46/><T39/><D39/><U48/><E98/><V54/><F54/><W78/><REACH who="3" step="1"/><G27/><REACH who="3" ten="403,222,237,128" step="2"/><T6/><D72/><U66/><E134/><V118/><F132/><W60/><G60/><T61/><D61/><U95/><E135/><V128/><F128/><W82/><G82/><T131/><D131/><U107/><E127/><V115/><F125/><W47/><G47/><T68/><D68/><U67/><E124/><V123/><F83/><W103/><G103/><T44/><D117/><U40/><E63/><V84/><F118/><W110/><G110/><T114/><D116/><U76/><E43/><V11/><F74/><W9/><G9/><T129/><D129/><U126/><E40/><V34/><F42/><W45/><G45/><T111/><D111/><U4/><E126/><V64/><F11/><W16/><G16/><T14/><D44/><U70/><E17/><V41/><F18/><W85/><G85/><T89/><D51/><U113/><E70/><V21/><F84/><W133/><G133/><T92/><D6/><U94/><E4/><V50/><F41/><W33/><G33/><T24/><D24/><U58/><E86/><V96/><F26/><W13/><G13/><T101/><D101/><U65/><E48/><V80/><F34/><W3/><G3/><T105/><D0/><RYUUKYOKU ba="0,1" sc="403,-10,222,-10,237,-10,128,30" hai3="1,5,8,10,15,19,20,23,56,62,78,81,87" /><INIT seed="7,1,1,5,5,82" ten="393,212,227,158" oya="3" hai0="0,22,76,94,58,121,39,112,17,65,113,126,54" hai1="6,128,66,11,51,110,104,27,80,48,2,13,3" hai2="21,18,78,117,33,5,12,24,101,71,57,75,84" hai3="122,53,31,89,50,130,16,63,105,96,64,92,135"/><W25/><G130/><T124/><D121/><U35/><E128/><V20/><F75/><W107/><G135/><T45/><D0/><U108/><E104/><V52/><F71/><W97/><G122/><T98/><D76/><U133/><E133/><V102/><F117/><W43/><G43/><N who="0" m="22783" /><D65/><U42/><E66/><V90/><F78/><W15/><G96/><T7/><D7/><U134/><E134/><V10/><F21/><W73/><G73/><T127/><D17/><U38/><E38/><V61/><F33/><W46/><G25/><T129/><D22/><U86/><E48/><V109/><F109/><W49/><G49/><N who="0" m="31055" /><D129/><U116/><E116/><V69/><F69/><W23/><REACH who="3" step="1"/><G31/><REACH who="3" ten="393,212,227,148" step="2"/><T114/><D127/><U67/><E27/><V19/><REACH who="2" step="1"/><F18/><REACH who="2" ten="393,212,217,148" step="2"/><W37/><G37/><T72/><D72/><U91/><E108/><V9/><F9/><W119/><G119/><T55/><D126/><U30/><E11/><V40/><F40/><W74/><G74/><T8/><D124/><U26/><E42/><V132/><F132/><W28/><G28/><T14/><D8/><U88/><E110/><V44/><F44/><W99/><G99/><T62/><D62/><U83/><E30/><V56/><F56/><AGARI ba="1,3" hai="15,16,23,46,50,53,56,63,64,89,92,97,105,107" machi="56" ten="30,12000,1" yaku="1,1,7,1,54,1,53,2" doraHai="82" doraHaiUra="100" who="3" fromWho="2" sc="393,0,212,0,217,-123,148,153" /><INIT seed="7,2,0,4,3,39" ten="393,212,94,301" oya="3" hai0="62,17,119,76,96,10,67,109,124,135,47,58,18" hai1="103,106,66,108,30,6,91,14,128,129,92,105,82" hai2="117,64,85,87,57,20,23,130,116,110,98,104,9" hai3="56,51,33,19,41,115,27,84,127,95,21,32,38"/><W88/><G115/><T94/><D109/><U134/><E108/><V3/><F110/><W12/><G127/><T126/><D119/><U40/><E66/><V55/><F130/><W1/><G1/><T68/><D135/><U52/><E134/><V0/><F64/><W100/><G100/><N who="0" m="60439" /><D76/><U48/><E103/><V5/><F98/><W28/><G38/><T73/><D73/><U50/><E82/><V78/><F78/><W121/><G121/><T72/><D72/><U120/><E30/><V45/><F45/><W65/><G65/><T59/><D47/><N who="1" m="25703" /><E120/><V49/><F104/><W118/><G118/><T26/><D26/><U112/><E112/><V86/><F9/><W80/><G80/><T74/><D74/><U122/><E122/><V2/><REACH who="2" step="1"/><F5/><REACH who="2" ten="393,212,84,301" step="2"/><W69/><G69/><T107/><D10/><U81/><E105/><V61/><F61/><W101/><G56/><N who="0" m="21547" /><D107/><U75/><E6/><V132/><F132/><W99/><G99/><T35/><D35/><U42/><E106/><V24/><F24/><W8/><G33/><T77/><D77/><U54/><E128/><V15/><F15/><W22/><G32/><T123/><D123/><U31/><E14/><V93/><F93/><W71/><G71/><T131/><D131/><U43/><E92/><V125/><F125/><AGARI ba="2,1" hai="17,18,62,67,68,124,125,126" m="21547,60439" machi="125" ten="30,1000,0" yaku="18,1" doraHai="39" who="0" fromWho="2" sc="393,26,212,0,84,-16,301,0" owari="419,52.0,212,-19.0,68,-43.0,301,10.0" /></mjloggm>