<mjloggm ver="2.3"><GO type="185" lobby="0"/><UN n0="%E3%81%BF%E3%83%BC%E3%82%8F" n1="%E6%B0%B7%E3%81%AE%4B" n2="%68%6F%70%70%6F%31%32%33" n3="" dan="17,16,16,0" rate="2237.68,2110.66,2092.11,1500.00" sx="M,M,M,C"/><TAIKYOKU oya="0"/><INIT seed="0,0,0,1,0,126" ten="350,350,350,0" oya="0" hai0="95,33,32,134,113,73,61,36,1,122,41,80,54" hai1="118,85,131,100,106,38,78,93,71,101,109,88,60" hai2="110,99,46,64,68,53,132,120,42,97,103,37,76" hai3=""/><T40/><N who="0" m="31264" /><T114/><D1/><U128/><E118/><V96/><N who="2" m="30752" /><V74/><F132/><T81/><D134/><U2/><E2/><V44/><F110/><T92/><D61/><U59/><E109/><V108/><F108/><T58/><D58/><U127/><E127/><V66/><F76/><T89/><D89/><U70/><E38/><V75/><F103/><N who="1" m="39497" /><E106/><V98/><N who="2" m="24576" /><DORA hai="116" /><V62/><REACH who="2" step="1"/><F66/><REACH who="2" ten="350,350,340,0" step="2"/><T125/><D32/><U91/><E78/><V94/><F94/><T130/><D33/><U0/><E0/><V45/><F45/><T34/><D34/><U124/><E124/><V51/><AGARI ba="0,1" hai="37,42,44,46,51,53,62,64,68,74,75" m="24576,30752" machi="51" ten="40,6000,1" yaku="1,1,0,1,52,2,53,0" doraHai="126,116" doraHaiUra="121,129" who="2" fromWho="2" sc="350,-40,350,-20,340,70,0,0" /><INIT seed="1,0,0,4,0,99" ten="310,330,410,0" oya="1" hai0="122,56,54,43,81,101,1,67,37,88,71,80,77" hai1="62,64,124,120,61,42,74,103,126,2,118,55,60" hai2="116,127,33,92,69,66,86,68,111,48,97,63,106" hai3=""/><U45/><N who="1" m="30752" /><U78/><E2/><V46/><F111/><T87/><N who="0" m="31264" /><T40/><D1/><U53/><E103/><V93/><F116/><T119/><D119/><U58/><E118/><V90/><F106/><T59/><D71/><U108/><E108/><V57/><F127/><N who="1" m="48681" /><E78/><V100/><REACH who="2" step="1"/><F33/><REACH who="2" ten="310,330,400,0" step="2"/><T83/><D77/><U89/><E74/><V65/><F65/><T102/><D67/><U39/><E89/><V47/><F47/><T0/><D88/><U72/><E72/><V114/><F114/><T79/><D79/><U70/><E55/><AGARI ba="0,1" hai="46,48,55,57,63,66,68,69,86,90,92,93,97,100" machi="55" ten="30,3900,0" yaku="1,1,7,1,52,1,53,0" doraHai="99" doraHaiUra="36" who="2" fromWho="1" sc="310,0,330,-39,400,49,0,0" /><INIT seed="2,0,0,2,1,54" ten="310,291,449,0" oya="2" hai0="40,3,119,103,37,66,106,102,58,113,101,48,53" hai1="129,116,42,120,87,77,67,76,63,117,107,61,75" hai2="99,49,50,132,114,93,64,44,126,1,130,46,135" hai3=""/><V123/><N who="2" m="31520" /><V43/><F114/><T51/><D119/><N who="1" m="45643" /><E129/><V80/><F1/><T2/><D113/><U118/><N who="1" m="30752" /><U89/><N who="1" m="45651" /><U60/><DORA hai="41" /><E107/><V124/><F130/><T109/><D109/><U94/><E42/><V122/><N who="2" m="31264" /><V81/><F64/><T69/><D106/><U86/><E75/><V72/><F72/><T121/><N who="0" m="31008" /><T65/><D51/><U125/><E125/><N who="2" m="48235" /><F93/><T68/><D66/><U133/><E133/><N who="2" m="51275" /><F99/><T100/><D2/><U79/><E87/><V57/><F57/><AGARI ba="0,0" hai="57,60,61,63,67,76,77,79,86,89,94" m="30752,45651" machi="57" ten="40,5200,0" yaku="12,1,52,2" doraHai="54,41" who="1" fromWho="2" sc="310,0,291,52,449,-52,0,0" /><INIT seed="4,0,0,3,1,44" ten="310,343,397,0" oya="0" hai0="125,111,68,56,37,73,1,79,49,84,60,80,114" hai1="81,94,34,72,38,124,74,118,47,112,119,51,109" hai2="128,92,97,77,83,62,108,53,57,96,91,116,71" hai3=""/><T120/><N who="0" m="30752" /><T130/><D1/><U131/><E34/><V89/><F108/><T70/><D111/><U32/><E109/><V59/><F128/><T113/><D37/><U41/><E131/><V55/><F71/><T105/><D130/><U39/><E32/><V33/><F116/><T85/><D125/><U65/><E124/><V75/><F33/><T66/><D105/><U48/><E119/><V61/><F91/><T115/><D70/><U121/><N who="1" m="31008" /><U129/><E118/><V132/><F132/><T64/><D64/><U98/><E74/><V40/><F40/><T107/><D107/><U35/><E72/><V3/><F3/><T123/><N who="0" m="31520" /><T42/><REACH who="0" step="1"/><D56/><REACH who="0" ten="300,343,397,0" step="2"/><U93/><E35/><V43/><REACH who="2" step="1"/><F43/><REACH who="2" ten="300,343,387,0" step="2"/><T78/><D78/><U67/><E41/><V86/><AGARI ba="0,2" hai="53,55,57,59,61,62,75,77,83,86,89,92,96,97" machi="86" ten="20,6000,1" yaku="1,1,2,1,0,1,7,1,9,1,53,0" doraHai="44" doraHaiUra="2" who="2" fromWho="2" sc="300,-40,343,-20,387,80,0,0" /><INIT seed="5,0,0,2,3,85" ten="260,323,467,0" oya="1" hai0="92,37,35,40,43,41,94,42,121,96,61,51,98" hai1="81,34,79,105,124,91,122,58,66,118,90,38,130" hai2="133,127,36,109,112,104,82,126,46,3,83,64,65" hai3=""/><U33/><N who="1" m="31264" /><U131/><E118/><V71/><F109/><T101/><N who="0" m="31008" /><T60/><D35/><U72/><E105/><V68/><F104/><T128/><D128/><N who="1" m="49195" /><E38/><V53/><F3/><T114/><D114/><U56/><E124/><N who="2" m="47659" /><F133/><T59/><N who="0" m="10240" /><DORA hai="80" /><T2/><D2/><U132/><E132/><V48/><F112/><T69/><D69/><N who="2" m="26698" /><F36/><T100/><REACH who="0" step="1"/><D37/><REACH who="0" ten="250,323,467,0" step="2"/><U67/><E33/><V1/><F1/><T84/><D84/><U78/><E34/><V103/><F103/><T86/><D86/><U39/><E39/><V52/><F82/><T89/><D89/><N who="1" m="33803" /><E79/><V62/><F83/><T129/><D129/><U134/><E134/><V49/><F62/><T106/><D106/><U115/><E115/><V120/><N who="2" m="30752" /><V44/><AGARI ba="0,1" hai="44,46,48,49,52,53,64,65" m="30752,26698,47659" machi="44" ten="30,9000,2" yaku="4,1,18,1,34,2,52,1,54,1" doraHai="85,80" who="2" fromWho="2" sc="250,-30,323,-60,467,100,0,0" /><INIT seed="6,0,0,1,3,117" ten="220,263,567,0" oya="2" hai0="101,57,44,76,134,106,60,63,120,43,72,108,114" hai1="84,102,32,78,104,133,77,79,67,80,125,91,105" hai2="48,98,93,51,112,82,88,45,116,83,109,61,52" hai3=""/><V36/><F112/><T89/><N who="0" m="30752" /><T58/><D108/><U127/><E32/><V41/><F116/><T97/><D134/><U110/><E110/><V49/><F109/><T119/><D119/><U81/><E133/><V66/><REACH who="2" step="1"/><F52/><REACH who="2" ten="220,263,557,0" step="2"/><T38/><D114/><U135/><E135/><V64/><F64/><T46/><D46/><U85/><E67/><V115/><F115/><T62/><REACH who="0" step="1"/><D89/><REACH who="0" ten="210,263,557,0" step="2"/><U54/><E91/><V100/><F100/><T69/><D69/><AGARI ba="0,2" hai="36,41,45,48,49,51,61,66,69,82,83,88,93,98" machi="69" ten="40,3900,0" yaku="1,1,54,1,53,0" doraHai="117" doraHaiUra="35" who="2" fromWho="0" sc="210,-39,263,0,557,59,0,0" owari="171,-43.0,263,-14.0,616,57.0,0,0.0" /></mjloggm>