<mjloggm ver="2.3"><GO type="169" lobby="0"/><UN n0="%E5%8D%83%E7%BE%BD%E9%B4%89" n1="%E4%B8%83%E3%83%84%E6%98%9F%E3%83%9B%E3%82%AF%E3%82%B5%E3%82%A4" n2="%E8%88%AC%E5%8D%93%E6%B0%91%E3%81%AE%E6%9C%9D%E3%81%AF%E6%97%A9%E3%81%84" n3="%E3%82%B7%E3%83%B3%E3%83%97%E3%83%AB%E3%81%AA%E3%83%AF%E3%82%AD%E3%82%AC" dan="17,17,17,18" rate="2232.33,2209.18,2250.06,2177.14" sx="F,M,M,M"/><TAIKYOKU oya="0"/><INIT seed="0,0,0,3,2,57" ten="250,250,250,250" oya="0" hai0="118,125,66,39,80,33,7,36,72,122,91,12,128" hai1="97,65,43,56,117,24,74,89,50,120,58,25,22" hai2="109,37,2,52,106,124,10,1,107,17,3,59,31" hai3="15,68,96,126,62,90,73,41,76,51,82,78,69"/><T99/><D33/><U46/><E120/><V132/><F37/><W29/><G126/><T61/><D12/><U35/><E117/><V49/><F124/><W119/><G119/><T87/><D7/><U32/><E74/><V34/><F109/><W103/><G90/><T54/><D125/><U114/><E114/><V102/><F132/><W11/><G78/><T42/><D118/><U63/><E32/><V67/><F102/><W133/><G133/><T101/><D122/><U79/><E35/><V105/><F17/><W38/><G38/><T110/><D42/><U13/><E79/><V113/><F113/><W111/><G29/><T83/><D54/><U93/><E58/><V131/><F131/><W30/><G30/><T84/><D72/><U121/><E121/><V127/><F127/><W88/><G111/><T100/><D110/><U77/><E77/><V123/><F123/><W112/><G112/><T18/><D18/><AGARI ba="0,0" hai="13,18,22,24,25,43,46,50,56,63,65,89,93,97" machi="18" ten="40,2600,0" yaku="8,1,52,1" doraHai="57" who="1" fromWho="0" sc="250,-26,250,26,250,0,250,0" /><INIT seed="1,0,0,2,4,130" ten="224,276,250,250" oya="1" hai0="38,83,90,93,6,110,11,54,34,65,20,51,42" hai1="125,28,120,2,94,22,114,57,116,30,132,80,112" hai2="88,99,107,37,129,62,41,95,98,115,91,103,131" hai3="8,59,67,133,27,109,36,45,71,108,26,12,73"/><U82/><E94/><N who="2" m="56671" /><F62/><N who="3" m="38367" /><G71/><T4/><D110/><N who="3" m="42601" /><G73/><T47/><D34/><U64/><E57/><V117/><F41/><N who="3" m="22695" /><G133/><T23/><D65/><U84/><E64/><V74/><F37/><W106/><G106/><T66/><D66/><U31/><E132/><V13/><F13/><W68/><G68/><T29/><D83/><U48/><E2/><V18/><F117/><W134/><G134/><T119/><D119/><U75/><E116/><V72/><F115/><W81/><G81/><T128/><D128/><N who="2" m="49226" /><F18/><AGARI ba="0,0" hai="8,12,18,26,27" m="22695,42601,38367" machi="18" ten="30,1000,0" yaku="14,1" doraHai="130" who="3" fromWho="2" sc="224,0,276,0,250,-10,250,10" /><INIT seed="2,0,0,4,1,108" ten="224,276,240,260" oya="2" hai0="51,74,25,120,79,122,24,121,41,89,7,62,109" hai1="27,94,98,111,135,35,80,3,81,45,73,58,12" hai2="100,37,49,67,44,55,85,10,33,76,26,34,129" hai3="110,60,13,17,28,91,16,30,32,130,84,53,72"/><V127/><F127/><W126/><G72/><T22/><D74/><U6/><E3/><V133/><F133/><W106/><G110/><T42/><D79/><U104/><E104/><V90/><F129/><W83/><G130/><T20/><D109/><U75/><E111/><V116/><F116/><W1/><G1/><T124/><D124/><U117/><E117/><V63/><F76/><W54/><G106/><T71/><D7/><U125/><E125/><V4/><F100/><W19/><G126/><T56/><D89/><U114/><E45/><V78/><F26/><W43/><G43/><T102/><D102/><U38/><E38/><V9/><F78/><W131/><G131/><T97/><D71/><U93/><E58/><V70/><F37/><W101/><G101/><T65/><D97/><U77/><E77/><V18/><F18/><N who="3" m="7275" /><G32/><T46/><REACH who="0" step="1"/><D42/><REACH who="0" ten="214,276,240,260" step="2"/><U23/><E75/><V132/><F132/><W95/><G91/><T40/><D40/><U64/><E73/><V14/><REACH who="2" step="1"/><F9/><REACH who="2" ten="214,276,230,260" step="2"/><W31/><G31/><T69/><D69/><U128/><E135/><V123/><F123/><W0/><G30/><T11/><D11/><U52/><E128/><V5/><F5/><W48/><G28/><T134/><D134/><U96/><E6/><V82/><AGARI ba="0,2" hai="4,10,14,33,34,44,49,55,63,67,70,82,85,90" machi="82" ten="20,7800,0" yaku="1,1,0,1,7,1,53,1" doraHai="108" doraHaiUra="61" who="2" fromWho="2" sc="214,-26,276,-26,230,98,260,-26" /><INIT seed="2,1,0,4,3,24" ten="188,250,328,234" oya="2" hai0="128,52,114,117,118,49,12,124,2,91,34,20,83" hai1="88,112,84,32,127,22,58,25,87,59,10,23,44" hai2="109,64,80,4,26,74,89,56,77,37,21,92,111" hai3="132,48,8,14,28,72,45,133,18,35,90,110,99"/><V43/><F4/><W38/><G72/><T54/><D2/><U66/><E112/><V0/><F0/><W41/><G110/><N who="2" m="41993" /><F64/><W105/><G38/><T82/><D34/><U27/><E127/><V134/><F134/><N who="3" m="51819" /><G90/><T86/><D114/><U107/><E32/><V63/><F37/><W79/><G79/><T39/><D39/><U68/><E66/><N who="2" m="39271" /><F43/><W116/><G116/><N who="0" m="44651" /><D128/><U85/><E68/><V36/><F36/><W115/><G115/><T135/><D135/><U30/><E107/><V102/><F102/><N who="3" m="62687" /><G35/><T17/><D124/><U75/><E75/><V119/><F119/><W50/><G48/><T123/><D123/><U93/><E44/><V103/><F103/><W78/><G78/><T55/><D82/><U42/><E42/><V97/><F77/><W120/><G120/><T53/><D53/><U108/><E108/><V57/><F80/><W62/><G62/><T31/><D49/><U29/><REACH who="1" step="1"/><E10/><REACH who="1" ten="188,240,328,234" step="2"/><V11/><F11/><W1/><G8/><N who="0" m="6279" /><D55/><U81/><E81/><V106/><F74/><W13/><G41/><T16/><D31/><U101/><E101/><V94/><F57/><AGARI ba="1,1" hai="22,23,25,27,29,30,57,58,59,84,85,87,88,93" machi="57" ten="40,12000,2" yaku="1,1,9,1,8,1,52,2,54,1,53,0" doraHai="24" doraHaiUra="6" who="1" fromWho="2" sc="188,0,240,133,328,-123,234,0" /><INIT seed="3,0,0,1,2,60" ten="188,373,205,234" oya="3" hai0="95,91,113,27,22,34,69,70,66,94,10,62,83" hai1="5,47,87,49,38,133,1,6,13,45,92,63,128" hai2="126,123,16,105,37,26,124,48,64,129,81,132,84" hai3="39,31,67,106,117,17,43,131,114,99,90,100,97"/><W112/><G117/><T107/><D113/><U15/><E38/><V80/><F37/><W116/><G116/><T111/><D111/><U121/><E1/><V33/><F105/><W135/><G135/><T57/><D34/><U58/><E133/><V52/><F132/><W79/><G131/><T86/><D107/><U28/><E121/><V24/><F129/><W96/><G31/><T21/><D21/><U71/><E71/><V2/><F123/><W119/><G119/><T110/><D110/><U23/><E128/><V75/><F2/><W134/><G134/><T74/><D10/><U55/><E87/><V51/><F75/><W36/><G79/><T56/><D56/><U85/><E85/><V59/><F33/><W82/><G36/><T25/><D25/><N who="1" m="16447" /><E92/><V3/><F3/><W104/><G104/><T88/><D94/><U101/><E101/><V32/><F32/><W93/><G112/><T98/><REACH who="0" step="1"/><D74/><REACH who="0" ten="178,373,205,234" step="2"/><U44/><E49/><V108/><F51/><W29/><G114/><T35/><D35/><U127/><E127/><N who="2" m="48683" /><F108/><W61/><G106/><T130/><D130/><U76/><E76/><N who="2" m="46087" /><F81/><W50/><G82/><T77/><D77/><U46/><N who="1" m="11264" /><DORA hai="18" /><U122/><E122/><V53/><F26/><W4/><G50/><T65/><D65/><U120/><E120/><V8/><F48/><W41/><G39/><T89/><D89/><U11/><E11/><V125/><F125/><W102/><G90/><T73/><D73/><U78/><E78/><V42/><F42/><W30/><G41/><T19/><AGARI ba="0,1" hai="19,22,27,57,62,66,69,70,83,86,88,91,95,98" machi="19" ten="20,12000,2" yaku="1,1,0,1,7,1,52,2,54,1,53,0" doraHai="60,18" doraHaiUra="0,115" who="0" fromWho="0" sc="178,130,373,-30,205,-30,234,-60" /><INIT seed="4,0,0,2,2,13" ten="308,343,175,174" oya="0" hai0="127,72,6,95,7,38,92,65,64,44,133,9,49" hai1="124,68,39,62,45,37,86,40,55,76,24,16,51" hai2="87,96,30,2,42,75,41,14,52,63,134,58,121" hai3="54,56,99,32,29,100,59,47,123,20,28,82,122"/><T91/><D38/><U88/><E124/><V109/><F75/><W71/><G71/><T129/><D127/><U81/><E68/><V131/><F121/><N who="3" m="46091" /><G32/><T34/><D34/><U36/><E62/><V116/><F109/><W53/><G47/><T130/><D72/><U74/><E74/><V114/><F2/><W57/><G82/><T128/><D133/><U107/><E107/><V11/><F134/><W80/><G80/><T132/><D132/><U69/><E69/><V78/><F114/><W135/><G135/><T79/><D79/><U22/><REACH who="1" step="1"/><E76/><REACH who="1" ten="308,333,175,174" step="2"/><V119/><F119/><W125/><G125/><T102/><D65/><U66/><E66/><V84/><F116/><W8/><G29/><T101/><D64/><U85/><E85/><V104/><F78/><W17/><G28/><T27/><D129/><U18/><E18/><N who="2" m="8543" /><F104/><N who="3" m="63519" /><G8/><T50/><D9/><U15/><E15/><AGARI ba="0,1" hai="15,17,20,53,54,56,57,59" m="63519,46091" machi="15" ten="30,2000,0" yaku="13,1,52,1" doraHai="13" who="3" fromWho="1" sc="308,0,333,-20,175,0,174,30" /><INIT seed="5,0,0,5,5,27" ten="308,313,175,204" oya="1" hai0="42,111,41,103,114,105,64,33,118,84,128,95,19" hai1="29,35,80,99,135,108,131,44,83,11,14,10,87" hai2="121,110,37,130,60,57,31,72,85,17,49,82,24" hai3="70,104,5,73,71,50,39,79,7,93,77,78,36"/><U125/><E125/><V75/><F121/><W74/><G104/><T89/><D111/><U26/><E135/><V2/><F110/><W117/><G50/><T8/><D118/><U133/><E108/><V120/><F120/><W51/><G51/><T92/><D105/><U62/><E133/><V15/><F130/><W129/><G93/><T12/><D114/><U88/><E131/><V91/><F37/><N who="3" m="14411" /><G129/><T69/><D128/><U127/><E127/><V45/><F2/><W94/><G94/><T113/><D33/><U53/><E99/><V119/><F119/><W126/><G126/><T34/><D34/><U40/><E80/><V32/><F15/><W134/><G134/><T0/><D0/><U58/><REACH who="1" step="1"/><E14/><REACH who="1" ten="308,303,175,204" step="2"/><V30/><F24/><W102/><G117/><T123/><D123/><U21/><E21/><V20/><F32/><W3/><G3/><T23/><D23/><U16/><E16/><V115/><F115/><W107/><G5/><T101/><D113/><U86/><E86/><V61/><F75/><W46/><G7/><T106/><D19/><U56/><E56/><V55/><F72/><W38/><G73/><T109/><D109/><U1/><E1/><V54/><F61/><W90/><G74/><T116/><D12/><U98/><E98/><V68/><F68/><W59/><G70/><T52/><D69/><U76/><E76/><V13/><AGARI ba="0,1" hai="13,17,20,30,31,45,49,54,55,57,60,82,85,91" machi="13" ten="20,8000,1" yaku="0,1,7,1,8,1,52,2" doraHai="27" who="2" fromWho="2" sc="308,-20,303,-40,175,90,204,-20" /><INIT seed="6,0,0,3,2,39" ten="288,263,265,184" oya="2" hai0="120,17,83,74,36,33,37,124,32,131,58,11,49" hai1="38,113,24,2,28,14,134,53,48,45,100,128,125" hai2="96,108,67,59,88,95,66,63,1,7,115,76,122" hai3="106,16,135,56,97,57,21,5,99,9,87,92,42"/><V104/><F122/><W121/><G121/><T29/><D120/><U72/><E2/><V94/><F115/><W23/><G135/><T98/><D29/><U102/><E113/><V46/><F108/><W110/><G110/><T65/><D98/><U75/><E128/><V10/><F104/><W85/><G106/><T15/><D37/><U50/><E38/><V130/><F130/><W77/><G42/><T117/><D36/><U116/><E116/><V132/><F132/><W133/><G133/><T60/><D124/><U31/><E134/><V62/><F76/><W119/><G119/><T70/><D131/><U107/><E14/><V81/><F46/><W101/><G97/><T78/><D117/><U103/><E107/><V54/><F81/><W0/><G23/><T90/><D90/><U105/><E105/><V64/><REACH who="2" step="1"/><F95/><REACH who="2" ten="288,263,255,184" step="2"/><W41/><G77/><T35/><REACH who="0" step="1"/><D49/><AGARI ba="0,1" hai="1,7,10,49,54,59,62,63,64,66,67,88,94,96" machi="49" ten="40,7700,0" yaku="1,1,2,1,54,1,53,0" doraHai="39" doraHaiUra="27" who="2" fromWho="0" sc="288,-77,263,0,255,87,184,0" /><INIT seed="6,1,0,2,1,13" ten="211,263,342,184" oya="2" hai0="78,28,109,65,33,40,118,85,12,110,135,74,48" hai1="115,130,98,95,87,114,81,35,75,16,88,132,9" hai2="126,71,96,106,8,91,15,134,25,73,41,10,83" hai3="30,63,99,54,47,56,77,121,112,58,38,93,50"/><V26/><F71/><W42/><G121/><T53/><D74/><U133/><E35/><V101/><F126/><W22/><G112/><N who="1" m="43050" /><E75/><V21/><F134/><N who="1" m="51817" /><E130/><V49/><F15/><W24/><G77/><T11/><D135/><U102/><E9/><V82/><F82/><W64/><G38/><T68/><D118/><U66/><E66/><V2/><F2/><W0/><G0/><T116/><D116/><U36/><E36/><V119/><F25/><W89/><REACH who="3" step="1"/><G56/><REACH who="3" ten="211,263,342,174" step="2"/><N who="0" m="32807" /><D78/><U122/><E122/><V79/><F119/><W61/><G61/><T69/><D69/><U117/><E117/><V4/><F79/><W100/><G100/><T92/><D68/><U80/><E102/><V57/><F101/><W6/><G6/><T37/><D37/><U67/><E67/><AGARI ba="1,1" hai="22,24,30,42,47,50,54,58,63,64,67,89,93,99" machi="67" ten="40,2600,0" yaku="1,1,8,1,53,0" doraHai="13" doraHaiUra="103" who="3" fromWho="1" sc="211,0,263,-29,342,0,174,39" /><INIT seed="7,0,0,2,0,8" ten="211,234,342,213" oya="3" hai0="98,28,36,40,52,103,7,109,14,37,92,82,127" hai1="61,119,91,47,105,72,30,57,13,16,18,87,97" hai2="29,59,60,90,81,84,42,3,102,76,9,55,116" hai3="93,128,32,86,49,78,133,20,121,63,50,89,11"/><W112/><G121/><T0/><D109/><U34/><E72/><V85/><F116/><W66/><G32/><T54/><D0/><U44/><E119/><V33/><F102/><W95/><G112/><T135/><D135/><U118/><E118/><V15/><F3/><W80/><G133/><T17/><D127/><U43/><E30/><V100/><F100/><W83/><G128/><T58/><D7/><U65/><E34/><V1/><F1/><W46/><G11/><T6/><D6/><U115/><E115/><V64/><F42/><W106/><G106/><T27/><D82/><U113/><E97/><V122/><F122/><W110/><G20/><T134/><D134/><U12/><E105/><V48/><F29/><W120/><G110/><T132/><D40/><U126/><E126/><V73/><F33/><W5/><G5/><T108/><D108/><U99/><E99/><V75/><F84/><N who="3" m="48151" /><G120/><T129/><D129/><U39/><E113/><V111/><F111/><W53/><G49/><N who="0" m="30991" /><D132/><U41/><E18/><N who="2" m="8559" /><F76/><W96/><G96/><T114/><D114/><U23/><E16/><V79/><F79/><W31/><G31/><T71/><D71/><U56/><E23/><V70/><F70/><W2/><G2/><T68/><D68/><U35/><E35/><V21/><F21/><W125/><G125/><T38/><D28/><U4/><E4/><V10/><F10/><W123/><G123/><T130/><D130/><U24/><E24/><V69/><F75/><W107/><G107/><T51/><D27/><U77/><E39/><N who="0" m="9985" /><T62/><DORA hai="131" /><D62/><U117/><E61/><RYUUKYOKU ba="0,0" sc="211,-15,234,-15,342,15,213,15" hai2="48,55,59,60,64,69,73,81,85,90" hai3="46,50,53,63,66,83,86,89,93,95" /><INIT seed="7,1,0,1,0,118" ten="196,219,357,228" oya="3" hai0="65,131,95,2,27,109,125,74,72,1,105,96,39" hai1="111,54,130,89,135,51,132,17,26,47,44,119,86" hai2="67,43,113,5,99,4,19,134,102,103,126,40,104" hai3="71,28,93,110,23,61,75,107,49,121,79,106,82"/><W14/><G121/><T35/><D109/><U77/><E111/><V69/><F19/><W73/><G73/><N who="0" m="28267" /><D95/><U91/><E130/><V22/><F113/><W25/><G110/><T59/><D59/><U15/><E119/><V83/><F134/><N who="1" m="51241" /><E26/><V33/><F126/><W42/><G93/><T128/><D65/><U0/><E0/><N who="0" m="105" /><D39/><U88/><E77/><V30/><F22/><W112/><G112/><T11/><D11/><N who="1" m="6399" /><E47/><V50/><F83/><AGARI ba="1,0" hai="44,51,54,83,86,88,89,91" m="6399,51241" machi="83" ten="30,3900,0" yaku="25,1,20,1,54,1" doraHai="118" who="1" fromWho="2" sc="196,0,219,42,357,-42,228,0" owari="196,-30.0,261,6.0,315,41.0,228,-17.0" /></mjloggm>