<mjloggm ver="2.3"><GO type="169" lobby="0"/><UN n0="%E7%8B%82%E7%8A%AC" n1="%47%2E%4B%2E" n2="%E3%81%A9%E3%81%99%E3%81%93%E3%81%84%E6%AD%A3%E4%B8%80" n3="%E6%A0%B9%E5%85%83%E3%81%8B%E3%82%89%E5%90%B9%E3%81%A3%E9%A3%9B%E3%81%B6" dan="16,17,16,17" rate="2137.64,2207.05,2070.69,2169.97" sx="M,M,M,F"/><TAIKYOKU oya="0"/><INIT seed="0,0,0,0,5,54" ten="250,250,250,250" oya="0" hai0="67,7,108,86,87,74,0,22,119,49,24,132,36" hai1="102,98,112,83,77,106,114,4,104,121,10,133,31" hai2="21,89,122,82,100,111,118,103,75,12,32,135,53" hai3="40,92,56,3,23,64,11,130,52,50,30,113,85"/><T65/><D119/><U110/><E121/><V61/><F122/><W80/><G113/><N who="1" m="43626" /><E110/><V57/><F32/><W1/><G130/><T46/><D36/><U128/><E31/><V109/><F118/><W17/><G30/><T44/><D74/><N who="1" m="43447" /><E128/><V48/><F135/><W39/><G11/><T13/><D0/><N who="1" m="263" /><E133/><V63/><F82/><W60/><G92/><AGARI ba="0,0" hai="92,98,102,104,106" m="263,43447,43626" machi="92" ten="30,1000,0" yaku="11,1" doraHai="54" who="1" fromWho="3" sc="250,0,250,10,250,0,250,-10" /><INIT seed="1,0,0,4,0,21" ten="250,260,250,240" oya="1" hai0="40,27,100,105,5,24,25,127,94,28,11,99,113" hai1="104,64,114,118,0,33,57,91,30,52,45,55,60" hai2="31,103,126,37,124,59,78,14,1,112,71,74,26" hai3="135,63,115,90,125,73,62,106,89,38,70,23,44"/><U47/><E114/><V129/><F71/><W50/><G115/><T87/><D113/><U6/><E104/><V8/><F112/><W36/><G125/><N who="2" m="48233" /><F37/><W132/><G73/><T131/><D127/><U80/><E118/><V123/><F103/><W109/><G109/><T98/><D131/><U86/><E0/><V130/><F59/><W122/><G122/><T9/><D40/><U65/><E6/><N who="2" m="3351" /><F1/><W97/><G106/><T18/><D87/><U68/><E68/><V3/><F3/><W15/><G15/><N who="0" m="5551" /><D105/><U35/><E64/><V49/><F49/><W117/><G117/><T93/><D28/><U53/><REACH who="1" step="1"/><E30/><REACH who="1" ten="250,250,250,240" step="2"/><V66/><F66/><W34/><G70/><T92/><D100/><U19/><E19/><V84/><F123/><W42/><G132/><T7/><D18/><U69/><E69/><V107/><F107/><W76/><G135/><T85/><D7/><U82/><E82/><N who="2" m="47191" /><F74/><W12/><G38/><T134/><D134/><U133/><E133/><V39/><F39/><W111/><G36/><T54/><D85/><U72/><E72/><V96/><F96/><N who="0" m="36906" /><D11/><U102/><E102/><V58/><F31/><W13/><G97/><T22/><D22/><U29/><E29/><V67/><F130/><W43/><G23/><T46/><D93/><U32/><AGARI ba="0,1" hai="32,33,35,45,47,52,53,55,57,60,65,80,86,91" machi="32" ten="40,7800,0" yaku="1,1,0,1,54,1,53,0" doraHai="21" doraHaiUra="75" who="1" fromWho="1" sc="250,-26,250,88,250,-26,240,-26" /><INIT seed="1,1,0,2,5,107" ten="224,338,224,214" oya="1" hai0="114,71,132,135,98,29,57,14,123,55,83,60,78" hai1="127,15,32,130,75,133,81,63,62,7,33,58,79" hai2="76,26,125,93,101,108,111,92,120,2,118,104,110" hai3="47,1,124,103,18,28,51,117,85,30,59,16,80"/><U19/><E127/><V72/><F2/><W66/><G1/><T67/><D29/><N who="3" m="11369" /><G117/><T8/><D114/><U34/><E130/><V115/><F26/><W131/><G103/><T50/><D98/><U74/><E133/><V37/><F37/><W3/><G3/><T17/><REACH who="0" step="1"/><D123/><REACH who="0" ten="214,338,224,214" step="2"/><U77/><E7/><V87/><F115/><W64/><G131/><T38/><D38/><U9/><REACH who="1" step="1"/><E58/><REACH who="1" ten="214,328,224,214" step="2"/><V90/><F120/><W35/><G59/><T106/><D106/><U45/><E45/><V68/><F104/><W88/><G124/><T82/><D82/><AGARI ba="1,2" hai="9,15,19,32,33,34,62,63,74,75,77,79,81,82" machi="82" ten="40,18000,2" yaku="1,1,9,1,52,2,53,2" doraHai="107" doraHaiUra="105" who="1" fromWho="0" sc="214,-183,328,203,224,0,214,0" /><INIT seed="1,2,0,2,0,43" ten="31,531,224,214" oya="1" hai0="78,111,112,126,9,49,116,32,25,135,122,47,31" hai1="68,66,48,1,30,52,16,129,115,105,14,87,120" hai2="110,96,4,73,2,102,22,54,6,63,64,51,106" hai3="33,65,125,75,98,133,71,82,35,100,27,88,72"/><U13/><E115/><V124/><F73/><W81/><G133/><T114/><D116/><U134/><E120/><V74/><F74/><W23/><G125/><T80/><D126/><U119/><E119/><V109/><F124/><W11/><G75/><T26/><D135/><U56/><E1/><V19/><F2/><W67/><G11/><T128/><D122/><U113/><E113/><V60/><F4/><W121/><G121/><T77/><D111/><N who="2" m="42506" /><F6/><W55/><G35/><T58/><D128/><U130/><E105/><V94/><F64/><N who="3" m="24651" /><G33/><T57/><D114/><U62/><E30/><V99/><F22/><W8/><G72/><T45/><D112/><U59/><E134/><V90/><F19/><W117/><G71/><T15/><D80/><U69/><E87/><V76/><F76/><N who="0" m="29290" /><D32/><U103/><E103/><V86/><F86/><W132/><G8/><T93/><D93/><U0/><E0/><V28/><F28/><N who="3" m="17535" /><G132/><T92/><D92/><U3/><E3/><V29/><F29/><W61/><G100/><T70/><D70/><U108/><E108/><V89/><F89/><W101/><G101/><T10/><D10/><N who="1" m="6199" /><E14/><V131/><F131/><AGARI ba="2,0" hai="48,52,56,59,62,66,68,69,129,130,131" m="6199" machi="131" ten="30,5800,0" yaku="19,1,54,2" doraHai="43" who="1" fromWho="2" sc="31,0,531,64,224,-64,214,0" /><INIT seed="1,3,0,1,1,8" ten="31,595,160,214" oya="1" hai0="88,109,125,119,25,133,72,19,76,106,110,21,132" hai1="122,112,58,96,71,40,11,68,24,6,66,117,18" hai2="10,27,20,134,121,98,70,7,52,89,57,46,15" hai3="32,78,67,123,111,31,30,51,83,0,115,53,118"/><U102/><E112/><V45/><F134/><N who="0" m="51818" /><D106/><U85/><E117/><V107/><F70/><W12/><G115/><T16/><D76/><U87/><E122/><V9/><F121/><W33/><G0/><T35/><D72/><U97/><E40/><V17/><F10/><W129/><G123/><T61/><D61/><U130/><E130/><V4/><F4/><W127/><G127/><T81/><D119/><U105/><E58/><V38/><F38/><W108/><G67/><T73/><D73/><U94/><E18/><V91/><F107/><W95/><G129/><T50/><D50/><U100/><E24/><V101/><F101/><W99/><G33/><T3/><D3/><U79/><E79/><V65/><F65/><W131/><G32/><T93/><D81/><U44/><E44/><N who="2" m="17003" /><F98/><W75/><G118/><T90/><D125/><U74/><E74/><V39/><F39/><W113/><G131/><T1/><D1/><U77/><E77/><V37/><F37/><W2/><G2/><T120/><D120/><U29/><E71/><V86/><F86/><W43/><G43/><T28/><D19/><U126/><E126/><V116/><F116/><W49/><G49/><AGARI ba="3,0" hai="7,9,15,17,20,27,49,52,57,89,91" m="17003" machi="49" ten="30,3900,0" yaku="8,1,52,1,54,1" doraHai="8" who="2" fromWho="3" sc="31,0,595,0,160,48,214,-48" /><INIT seed="2,0,0,2,1,81" ten="31,595,208,166" oya="2" hai0="115,68,112,23,0,91,15,31,61,43,92,93,24" hai1="78,104,84,113,126,130,95,34,20,6,30,14,75" hai2="128,117,38,33,3,88,27,134,122,97,35,106,13" hai3="110,65,101,56,55,18,9,64,133,22,82,114,119"/><V19/><F117/><W124/><G119/><T99/><D0/><U76/><E104/><V80/><F122/><W67/><G110/><T107/><D107/><U50/><E34/><V121/><F121/><W89/><G133/><T116/><D116/><U96/><E75/><V53/><F3/><W135/><G135/><T79/><D79/><U25/><E113/><V60/><F38/><W1/><G124/><T32/><D43/><U36/><E36/><V94/><F128/><W29/><G114/><T127/><D127/><U105/><E105/><V90/><F134/><W70/><G70/><T120/><D120/><U51/><E130/><V26/><F33/><W40/><G40/><T46/><D46/><U52/><E51/><V57/><F35/><W12/><G101/><T71/><D71/><U77/><E126/><V103/><F80/><W98/><G1/><T2/><D2/><U108/><E108/><V111/><F111/><W7/><G29/><T85/><D32/><U74/><E14/><V16/><F19/><W37/><G37/><T83/><D15/><U100/><E6/><V123/><F123/><W10/><G7/><T109/><D109/><U17/><E74/><V118/><F118/><W42/><G42/><T8/><D8/><N who="3" m="3177" /><G98/><T63/><D93/><U39/><E17/><V129/><F129/><W66/><G66/><N who="0" m="41039" /><D63/><U28/><E28/><V131/><F131/><W4/><G4/><T87/><D99/><U41/><E41/><V49/><F60/><N who="3" m="35871" /><G82/><T47/><D47/><N who="1" m="27743" /><E39/><V62/><F106/><W11/><G11/><T86/><D83/><AGARI ba="0,0" hai="20,25,30,76,77,78,83,84,95,96,100" m="27743" machi="83" ten="30,3900,0" yaku="8,1,52,1,54,1" doraHai="81" who="1" fromWho="0" sc="31,-39,595,39,208,0,166,0" owari="-8,-51.0,634,73.0,208,1.0,166,-23.0" /></mjloggm>