<mjloggm ver="2.3"><GO type="185" lobby="0"/><UN n0="%E6%B0%B7%E3%81%AE%4B" n1="%E3%83%A2%E3%83%AA%E3%82%AA%E3%83%B3%E3%81%AE%E5%A7%AB" n2="%E3%81%BF%E3%83%BC%E3%82%8F" n3="" dan="16,16,17,0" rate="2116.24,2241.72,2237.87,1500.00" sx="M,F,M,C"/><TAIKYOKU oya="0"/><INIT seed="0,0,0,1,3,102" ten="350,350,350,0" oya="0" hai0="37,113,53,55,99,36,106,49,112,77,74,126,87" hai1="120,122,86,43,114,39,96,83,111,60,34,132,100" hai2="85,110,130,101,121,108,93,75,94,105,79,0,45" hai3=""/><T52/><D126/><U135/><N who="1" m="30752" /><U50/><N who="1" m="31264" /><U57/><E34/><V115/><N who="2" m="31008" /><V59/><F0/><T65/><D74/><U91/><E39/><V76/><F115/><N who="0" m="44106" /><D87/><U56/><E114/><V103/><F130/><T61/><D77/><U70/><E70/><V107/><F59/><T73/><D73/><U78/><E78/><V1/><F45/><T109/><D109/><BYE who="0" /><U40/><E111/><V81/><F1/><T44/><D44/><U90/><E90/><V63/><F63/><T133/><D133/><N who="1" m="51275" /><E50/><V116/><F116/><T123/><D123/><U95/><E56/><V33/><F33/><T66/><D66/><AGARI ba="0,0" hai="40,43,57,60,66,83,86,91,95,96,100" m="51275,31264,30752" machi="66" ten="30,3900,0" yaku="20,1,52,2" doraHai="102" who="1" fromWho="0" sc="350,-39,350,39,350,0,0,0" /><INIT seed="1,0,0,5,0,79" ten="311,389,350,0" oya="1" hai0="61,90,104,43,101,94,132,73,33,34,105,115,76" hai1="67,83,37,66,53,84,129,60,47,110,49,36,59" hai2="134,121,85,32,126,123,62,56,74,100,88,82,86" hai3=""/><U125/><E125/><UN n0="%E6%B0%B7%E3%81%AE%4B" /><V117/><N who="2" m="31008" /><V40/><N who="2" m="31520" /><V50/><F117/><T44/><D115/><U124/><E124/><V55/><F32/><T35/><D132/><U70/><E129/><V69/><F134/><T106/><D61/><U95/><E110/><V102/><F126/><T68/><D68/><U80/><E95/><V130/><F130/><T108/><D108/><U91/><E66/><V81/><F74/><T0/><D0/><U63/><REACH who="1" step="1"/><E83/><REACH who="1" ten="311,379,350,0" step="2"/><V64/><REACH who="2" step="1"/><F40/><REACH who="2" ten="311,379,340,0" step="2"/><T116/><D116/><U51/><E51/><V2/><F2/><T65/><D33/><U46/><E46/><V112/><F112/><T98/><D34/><U38/><E38/><V113/><F113/><T71/><D35/><U3/><E3/><V96/><F96/><T131/><D131/><U41/><AGARI ba="0,2" hai="36,37,41,47,49,53,59,60,63,67,70,80,84,91" machi="41" ten="20,5200,0" yaku="1,1,0,1,7,1,52,1,53,0" doraHai="79" doraHaiUra="72" who="1" fromWho="1" sc="311,-26,379,72,340,-26,0,0" /><INIT seed="1,1,0,1,5,79" ten="285,451,314,0" oya="1" hai0="109,127,96,112,58,67,125,43,45,46,32,42,86" hai1="108,62,121,55,83,64,122,110,70,56,105,73,78" hai2="103,134,69,133,107,34,51,135,101,120,115,37,80" hai3=""/><U81/><N who="1" m="31008" /><U111/><N who="1" m="31264" /><U68/><E105/><V0/><N who="2" m="30752" /><V87/><F0/><T44/><D32/><U41/><E41/><N who="0" m="15369" /><D96/><U114/><E114/><V91/><F34/><T60/><D112/><U2/><E2/><V124/><F37/><T76/><D76/><U84/><E64/><V126/><F115/><T38/><D38/><U50/><E50/><V132/><F132/><T88/><D109/><U94/><E94/><V89/><F69/><T131/><D88/><AGARI ba="1,0" hai="55,56,62,68,70,73,78,81,83,84,88,108,110,111" m="31264,31008" machi="88" ten="40,18000,2" yaku="14,1,10,1,52,4,54,1" doraHai="79" who="1" fromWho="0" sc="285,-182,451,182,314,0,0,0" /><INIT seed="1,2,0,4,0,45" ten="103,633,314,0" oya="1" hai0="86,74,53,82,110,97,79,52,44,77,70,1,58" hai1="81,59,49,107,128,33,65,91,46,122,68,103,92" hai2="36,37,54,66,41,88,101,76,98,42,127,121,111" hai3=""/><U39/><N who="1" m="31264" /><U123/><N who="1" m="31520" /><U2/><E2/><V108/><N who="2" m="31008" /><V93/><F127/><T102/><D1/><U48/><E33/><V104/><F76/><T117/><D70/><U71/><E128/><V113/><F66/><T96/><D117/><U72/><E39/><N who="2" m="14923" /><F54/><T99/><D110/><N who="2" m="42026" /><F113/><T135/><D135/><U119/><E119/><V89/><F89/><T94/><D74/><U43/><E107/><V131/><F131/><T64/><D79/><U134/><E134/><V60/><F60/><T132/><D132/><U38/><E103/><V105/><F105/><T0/><D0/><U51/><E72/><V126/><F126/><T62/><D53/><U32/><E32/><V106/><F106/><T109/><D109/><U125/><E125/><V130/><F130/><T55/><D55/><U83/><E68/><V50/><F50/><AGARI ba="2,0" hai="44,50,52,58,62,64,77,82,86,94,96,97,99,102" machi="50" ten="40,5200,0" yaku="8,1,52,1,54,1" doraHai="45" who="0" fromWho="2" sc="103,56,633,0,314,-56,0,0" /><INIT seed="2,0,0,3,3,57" ten="159,633,258,0" oya="2" hai0="52,82,113,87,64,71,81,83,35,61,45,36,107" hai1="67,38,121,123,41,106,126,1,56,115,70,125,84" hai2="129,39,55,42,43,124,73,133,46,60,132,40,116" hai3=""/><V85/><F73/><T86/><D35/><U119/><N who="1" m="31008" /><U120/><N who="1" m="30752" /><U53/><N who="1" m="31520" /><U78/><E1/><V117/><F85/><T66/><D113/><U92/><E106/><V62/><F124/><T118/><D118/><N who="2" m="45674" /><F129/><T80/><D107/><U112/><E119/><V104/><F104/><T75/><D66/><U44/><E67/><V47/><F55/><T32/><D32/><U72/><E70/><V49/><F42/><T130/><D130/><U51/><E72/><V135/><AGARI ba="0,0" hai="39,40,43,46,47,49,60,62,132,133,135" m="45674" machi="135" ten="40,8000,1" yaku="20,1,34,2,52,2" doraHai="57" who="2" fromWho="2" sc="159,-40,633,-40,258,80,0,0" /><INIT seed="2,1,0,5,3,62" ten="119,593,338,0" oya="2" hai0="114,128,117,90,38,45,51,99,93,47,48,36,113" hai1="111,97,59,122,49,0,115,112,52,119,131,107,67" hai2="120,134,109,91,2,33,69,43,116,81,42,53,124" hai3=""/><V82/><N who="2" m="30752" /><V60/><F116/><T129/><D99/><U135/><N who="1" m="31264" /><U61/><E0/><V100/><F2/><T76/><D76/><U44/><E119/><V108/><F33/><T105/><D105/><U77/><E111/><N who="2" m="42571" /><F124/><T95/><D117/><U133/><E131/><V83/><F100/><T78/><D78/><U125/><E125/><V121/><N who="2" m="31008" /><V57/><F134/><N who="1" m="51209" /><E77/><V102/><F102/><AGARI ba="1,0" hai="44,49,52,59,61,67,97,102,107,112,115" m="51209,31264" machi="102" ten="30,7700,0" yaku="20,1,52,2,54,1" doraHai="62" who="1" fromWho="2" sc="119,0,593,79,338,-79,0,0" /><INIT seed="4,0,0,1,2,69" ten="119,672,259,0" oya="0" hai0="132,37,106,84,112,75,88,3,35,87,77,120,64" hai1="109,95,125,134,117,52,66,99,0,79,115,101,56" hai2="91,107,43,78,127,70,49,72,94,110,130,62,104" hai3=""/><T38/><D3/><U116/><E109/><V67/><F110/><T33/><N who="0" m="30752" /><T93/><D132/><U82/><E0/><V60/><F130/><T34/><D112/><U96/><E125/><V92/><F127/><T108/><D108/><U128/><E128/><V86/><F94/><T105/><D75/><U118/><E134/><V40/><F62/><T133/><D133/><U80/><E66/><V102/><F102/><T85/><D64/><U124/><E124/><V129/><F129/><T103/><D103/><U65/><E65/><V126/><F126/><T42/><D42/><U89/><E115/><V46/><REACH who="2" step="1"/><F40/><REACH who="2" ten="119,672,249,0" step="2"/><T90/><D77/><U113/><E113/><V58/><F58/><T32/><N who="0" m="8192" /><DORA hai="76" /><T68/><D68/><U44/><E79/><V51/><F51/><T111/><D111/><U122/><N who="1" m="31264" /><U54/><E56/><V57/><F57/><T63/><D63/><U74/><E101/><V114/><F114/><T131/><D131/><U48/><E117/><V81/><AGARI ba="0,1" hai="43,46,49,60,67,70,72,78,81,86,91,92,104,107" machi="81" ten="30,5900,0" yaku="1,1,0,1,52,1,53,1" doraHai="69,76" doraHaiUra="59,50" who="2" fromWho="2" sc="119,-39,672,-20,249,69,0,0" /><INIT seed="5,0,0,5,4,92" ten="80,652,318,0" oya="1" hai0="120,0,36,47,103,71,114,130,94,79,82,135,111" hai1="51,121,112,55,132,64,58,54,40,35,38,73,133" hai2="87,116,105,44,62,45,61,108,77,48,101,81,123" hai3=""/><U53/><N who="1" m="31008" /><U66/><E35/><V125/><N who="2" m="31520" /><V80/><F116/><T85/><D85/><U60/><E73/><V131/><F108/><T88/><D88/><U109/><E109/><V78/><F131/><T89/><D89/><U129/><E129/><V127/><F48/><T86/><D86/><U118/><E118/><V113/><F113/><T2/><D2/><U69/><E112/><V68/><F68/><T76/><D76/><U37/><E64/><V90/><F87/><T122/><D122/><U67/><E67/><V75/><F90/><T42/><D42/><U33/><E33/><V119/><F101/><T46/><D47/><U1/><E1/><V98/><F75/><T96/><D46/><U83/><E83/><V97/><F119/><T72/><D82/><U50/><E40/><V115/><F115/><T134/><D79/><U128/><E128/><V39/><F39/><N who="1" m="14857" /><E69/><V102/><F102/><T93/><D103/><U49/><AGARI ba="0,0" hai="49,50,51,53,54,55,58,60,66,132,133" m="14857,31008" machi="49" ten="40,5200,0" yaku="34,2,52,1" doraHai="92" who="1" fromWho="1" sc="80,-26,652,52,318,-26,0,0" /><INIT seed="5,1,0,4,4,120" ten="54,704,292,0" oya="1" hai0="65,85,34,107,125,78,80,60,128,1,93,73,77" hai1="92,62,41,66,53,115,90,54,82,87,70,71,72" hai2="117,74,121,130,48,51,56,52,68,132,106,46,45" hai3=""/><U134/><E115/><V95/><N who="2" m="31008" /><V98/><F117/><T39/><D1/><U63/><E134/><V69/><F132/><T124/><D34/><U94/><E41/><V86/><F130/><T111/><D39/><U129/><E129/><V49/><F74/><T123/><N who="0" m="31520" /><T89/><D128/><U88/><E72/><V40/><F106/><T118/><D118/><U33/><E33/><V100/><REACH who="2" step="1"/><F86/><REACH who="2" ten="54,704,282,0" step="2"/><T101/><D111/><U67/><E82/><V96/><F96/><AGARI ba="1,1" hai="53,54,62,63,66,67,70,71,87,88,90,92,94,96" machi="96" ten="30,5800,0" yaku="7,1,9,1,54,1" doraHai="120" who="1" fromWho="2" sc="54,0,704,70,282,-60,0,0" /><INIT seed="5,2,0,3,4,92" ten="54,774,222,0" oya="1" hai0="122,65,103,36,69,102,54,120,109,0,130,35,34" hai1="100,77,134,78,53,83,76,39,75,116,52,45,42" hai2="44,38,107,89,110,59,118,86,79,48,106,68,88" hai3=""/><U112/><E116/><V99/><F110/><T133/><N who="0" m="30752" /><T73/><N who="0" m="31264" /><T41/><D109/><U33/><E33/><V82/><F118/><T125/><D0/><U47/><E112/><V66/><F68/><T98/><D130/><U94/><E134/><V135/><F135/><T67/><D133/><U87/><E75/><V101/><F38/><T93/><D125/><U51/><REACH who="1" step="1"/><E53/><REACH who="1" ten="54,764,222,0" step="2"/><V119/><F119/><T71/><D73/><U46/><E46/><V127/><F44/><T95/><D54/><U32/><E32/><V111/><F111/><T131/><D131/><U61/><E61/><V115/><F115/><T55/><D55/><U129/><E129/><V72/><F72/><T132/><D132/><U56/><E56/><V70/><F59/><T108/><D108/><U126/><E126/><V105/><F127/><T62/><D62/><U91/><E91/><V43/><F88/><T114/><D114/><U84/><E84/><V3/><F89/><T63/><D63/><U37/><E37/><V104/><F86/><T117/><D36/><U97/><AGARI ba="2,1" hai="39,42,45,47,51,52,76,77,78,83,87,94,97,100" machi="97" ten="30,7800,0" yaku="1,1,0,1,52,1,54,1,53,0" doraHai="92" doraHaiUra="60" who="1" fromWho="1" sc="54,-41,764,92,222,-41,0,0" /><INIT seed="5,3,0,1,0,77" ten="13,856,181,0" oya="1" hai0="95,117,54,43,3,129,68,127,72,114,102,116,79" hai1="106,83,121,73,88,111,104,135,51,99,58,39,131" hai2="57,105,84,107,101,132,33,53,70,96,41,100,109" hai3=""/><U37/><N who="1" m="31008" /><U74/><E131/><V133/><F109/><T40/><D3/><U38/><E111/><V36/><F33/><T46/><D114/><U32/><E32/><V118/><F118/><N who="0" m="45674" /><D129/><U90/><E135/><N who="2" m="51787" /><F70/><T119/><N who="0" m="45682" /><T44/><DORA hai="98" /><D127/><U93/><E73/><V56/><F84/><T115/><D68/><U120/><N who="1" m="30752" /><U82/><E74/><V125/><F125/><T66/><D66/><U67/><E51/><V75/><F75/><T91/><D115/><U60/><REACH who="1" step="1"/><E90/><REACH who="1" ten="13,846,181,0" step="2"/><V94/><F36/><T134/><D134/><U97/><E97/><V122/><N who="2" m="31264" /><V65/><F96/><T62/><D102/><U80/><AGARI ba="3,1" hai="37,38,39,58,60,67,80,82,83,88,93,99,104,106" m="30752,31008" machi="80" ten="40,24000,4" yaku="1,1,0,1,52,5,54,1,53,3" doraHai="77,98" doraHaiUra="42,69" who="1" fromWho="1" sc="13,-123,846,256,181,-123,0,0" owari="-110,-71.0,1102,105.0,58,-34.0,0,0.0" /></mjloggm>