<mjloggm ver="2.3"><GO type="169" lobby="0"/><UN n0="%47%2E%4B%2E" n1="%E9%9B%AA%E6%9C%88%E9%A2%A8%E8%8A%B1" n2="%E3%81%BE%E3%81%99%E3%81%9E%E3%81%88" n3="%73%65%61%73%74%6F%72%79" dan="17,16,16,16" rate="2206.50,2224.19,2120.32,2091.25" sx="M,F,M,M"/><TAIKYOKU oya="0"/><INIT seed="0,0,0,3,5,126" ten="250,250,250,250" oya="0" hai0="131,108,40,91,62,37,134,4,133,0,99,107,127" hai1="124,84,86,75,132,69,109,102,31,73,41,5,47" hai2="90,63,70,45,11,103,74,98,65,113,49,10,16" hai3="33,13,34,36,30,66,116,6,101,57,85,7,125"/><T27/><D127/><U95/><E124/><V42/><F74/><W58/><G125/><T53/><D27/><U122/><E122/><V123/><F113/><W12/><G36/><T89/><D53/><U64/><E5/><V68/><F68/><W100/><G85/><T59/><D108/><U115/><E84/><V80/><F123/><W26/><G26/><T56/><D4/><U23/><E109/><V71/><F71/><W32/><G32/><T82/><D0/><U52/><E41/><V35/><F35/><W60/><G60/><T15/><D15/><U54/><E54/><V9/><F90/><N who="0" m="34314" /><D82/><U14/><E14/><V112/><F80/><W24/><G24/><T105/><D40/><U78/><E115/><V28/><F28/><W104/><G66/><T76/><D76/><U96/><E64/><V87/><F87/><W128/><G30/><T3/><D37/><U67/><E67/><V110/><F112/><W117/><REACH who="3" step="1"/><G104/><REACH who="3" ten="250,250,250,240" step="2"/><T61/><D105/><N who="1" m="63687" /><E86/><V19/><REACH who="2" step="1"/><F110/><REACH who="2" ten="250,250,240,240" step="2"/><W130/><AGARI ba="0,2" hai="6,7,12,13,33,34,57,58,100,101,116,117,128,130" machi="130" ten="25,16000,3" yaku="1,1,0,1,22,2,52,2,53,2" doraHai="126" doraHaiUra="97" who="3" fromWho="3" sc="250,-80,250,-40,240,-40,240,180" /><INIT seed="1,0,0,2,0,124" ten="170,210,200,420" oya="1" hai0="19,131,87,48,41,1,10,114,49,21,46,25,3" hai1="67,15,91,107,65,98,127,8,85,134,28,26,121" hai2="128,88,57,51,55,62,119,96,34,112,30,9,75" hai3="22,52,38,53,105,47,76,63,4,89,115,93,101"/><U84/><E121/><V100/><F128/><W110/><G115/><T6/><D114/><U43/><E127/><V123/><F112/><W72/><G110/><T104/><D104/><U122/><E122/><V64/><F123/><W32/><G32/><T83/><D131/><U59/><E134/><V77/><F119/><W37/><G4/><T56/><D56/><U113/><E113/><V69/><F77/><W60/><G105/><T50/><REACH who="0" step="1"/><D3/><REACH who="0" ten="160,210,200,420" step="2"/><U92/><E59/><V35/><F75/><W5/><G72/><T14/><D14/><U13/><E13/><V61/><F69/><W29/><G47/><T17/><D17/><U132/><E107/><V7/><F57/><W79/><G5/><T18/><D18/><U68/><E68/><V126/><F7/><W103/><G29/><T31/><D31/><U66/><E132/><V135/><F30/><W70/><G70/><T40/><D40/><U111/><E111/><V2/><F135/><W23/><G93/><T24/><D24/><U86/><E43/><V95/><F126/><W44/><G44/><T82/><D82/><U36/><E15/><V133/><F2/><W109/><G109/><T94/><D94/><U27/><E27/><V99/><F95/><W90/><AGARI ba="0,1" hai="22,23,37,38,52,53,60,63,76,79,89,90,101,103" machi="90" ten="25,6400,0" yaku="0,1,22,2,54,1" doraHai="124" who="3" fromWho="3" sc="160,-16,210,-32,200,-16,420,74" /><INIT seed="2,0,0,3,5,15" ten="144,178,184,494" oya="2" hai0="25,68,132,114,133,86,48,95,108,98,39,90,130" hai1="36,7,26,0,123,59,33,91,122,44,49,94,72" hai2="5,107,38,88,105,62,47,74,61,101,77,111,131" hai3="87,3,81,134,51,31,20,24,93,125,129,70,46"/><V117/><F117/><W84/><G70/><T11/><D39/><U99/><E72/><V6/><F131/><W17/><G129/><T103/><D68/><U106/><E106/><V57/><F74/><W27/><G3/><T43/><D130/><U118/><E118/><V115/><F77/><W19/><G134/><N who="0" m="51819" /><D11/><U92/><E36/><V76/><F115/><W50/><G125/><T10/><D10/><U102/><E59/><V4/><F76/><N who="3" m="46119" /><G27/><T89/><D25/><U85/><E0/><V83/><F111/><W71/><G71/><T82/><D48/><N who="3" m="18473" /><G46/><T100/><D43/><U45/><E7/><V120/><F120/><W116/><G116/><T2/><D2/><U109/><E44/><V32/><F32/><W42/><G42/><T75/><D114/><U127/><E127/><V78/><F107/><W18/><G31/><T1/><D1/><U121/><E109/><V67/><F105/><W80/><G93/><N who="0" m="56623" /><D108/><U65/><E26/><V124/><F38/><W60/><G60/><T66/><D66/><U54/><REACH who="1" step="1"/><E65/><REACH who="1" ten="144,168,184,494" step="2"/><V9/><F67/><W73/><G73/><T97/><D75/><U56/><E56/><V128/><F57/><W34/><G34/><AGARI ba="0,1" hai="33,34,45,49,54,85,91,92,94,99,102,121,122,123" machi="34" ten="40,2600,0" yaku="1,1,13,1,53,0" doraHai="15" doraHaiUra="16" who="1" fromWho="3" sc="144,0,168,36,184,0,494,-26" /><INIT seed="3,0,0,1,2,82" ten="144,204,184,468" oya="3" hai0="129,28,98,70,12,120,75,6,78,80,103,65,92" hai1="18,89,67,101,34,127,125,128,37,30,19,44,64" hai2="79,110,68,47,87,39,96,40,97,62,83,52,27" hai3="57,4,55,36,53,122,63,85,42,5,109,114,51"/><W3/><G122/><T99/><D120/><U66/><E128/><V117/><F110/><W20/><G114/><T43/><D129/><U29/><E101/><V113/><F113/><W105/><G105/><T118/><D118/><U88/><E44/><V23/><F117/><W56/><G109/><T106/><D43/><U1/><E1/><V31/><REACH who="2" step="1"/><F52/><REACH who="2" ten="144,204,174,468" step="2"/><W21/><G42/><T25/><D6/><U72/><E34/><V121/><F121/><W132/><G132/><T33/><D12/><U41/><E41/><V124/><F124/><N who="1" m="47689" /><E37/><V123/><F123/><W100/><G36/><T108/><D108/><U58/><E58/><V69/><F69/><W14/><G3/><T2/><D2/><U111/><E111/><V32/><F32/><W35/><G35/><T13/><D13/><U130/><E130/><V73/><F73/><W119/><G119/><T126/><D126/><U131/><E72/><V94/><F94/><W107/><BYE who="2" /><G5/><UN n2="%E3%81%BE%E3%81%99%E3%81%9E%E3%81%88" /><T11/><D11/><U93/><E93/><V60/><F60/><W95/><G4/><T115/><D115/><U71/><E71/><V38/><F38/><W50/><G63/><N who="0" m="40255" /><D92/><U116/><E116/><V7/><F7/><W135/><G135/><T54/><D54/><U9/><E9/><V10/><F10/><W102/><G14/><T46/><D46/><U16/><E131/><V90/><F90/><AGARI ba="0,1" hai="16,18,19,29,30,64,66,67,88,89,90" m="47689" machi="90" ten="40,8000,1" yaku="28,2,18,1,54,2" doraHai="82" who="1" fromWho="2" sc="144,0,204,90,174,-80,468,0" /><INIT seed="4,0,0,1,5,81" ten="144,294,94,468" oya="0" hai0="11,86,33,10,135,20,129,78,41,106,109,77,124" hai1="66,128,2,25,84,71,51,40,89,14,58,24,19" hai2="5,104,39,8,116,55,72,91,61,26,59,22,125" hai3="107,52,46,96,65,127,73,92,111,43,3,30,132"/><T75/><D33/><U18/><E2/><V37/><F116/><W134/><G111/><T29/><D106/><U121/><E128/><V28/><F125/><W35/><G73/><T42/><D75/><U49/><E71/><V112/><F104/><W115/><G3/><T118/><D118/><U93/><E121/><V122/><F112/><W62/><G127/><T131/><D124/><U27/><E40/><N who="0" m="15465" /><D109/><U23/><E18/><V100/><F122/><W117/><G107/><T0/><D0/><U1/><E1/><V98/><F72/><W123/><G117/><T95/><D135/><U38/><E38/><V45/><F100/><W7/><G123/><T99/><D129/><U133/><E133/><V114/><F114/><W34/><G115/><T85/><D131/><U130/><E130/><V126/><F126/><W63/><G35/><T13/><D20/><U60/><AGARI ba="0,0" hai="14,19,23,24,25,27,49,51,58,60,66,84,89,93" machi="60" ten="30,4000,0" yaku="0,1,8,1,52,1" doraHai="81" who="1" fromWho="1" sc="144,-20,294,40,94,-10,468,-10" /><INIT seed="5,0,0,4,3,24" ten="124,334,84,458" oya="1" hai0="122,62,77,1,63,118,104,53,112,68,131,28,15" hai1="90,20,7,132,89,31,74,39,51,72,67,12,43" hai2="49,4,26,41,59,94,48,114,0,93,128,11,69" hai3="38,113,46,91,58,54,75,107,121,108,25,14,115"/><U78/><E39/><V6/><F114/><W5/><G107/><T61/><D1/><U71/><E7/><V55/><F128/><W98/><G75/><T44/><D104/><U50/><E132/><V37/><F69/><W17/><G121/><T33/><D118/><U84/><E12/><V133/><F37/><W40/><G108/><T70/><D77/><U111/><E111/><V127/><F127/><W101/><G5/><T29/><D33/><U22/><E71/><V80/><F133/><W134/><G134/><T105/><D105/><U99/><E67/><V18/><F80/><W103/><G25/><T82/><D68/><U3/><E84/><V126/><F126/><W52/><G91/><T45/><D70/><U8/><E8/><V19/><F6/><W79/><G79/><T129/><D112/><N who="3" m="43081" /><G98/><T95/><D122/><U86/><E86/><V16/><REACH who="2" step="1"/><F26/><REACH who="2" ten="124,334,74,458" step="2"/><W21/><G54/><T66/><D53/><U85/><E43/><V83/><F83/><W30/><G30/><N who="0" m="11883" /><D82/><U88/><E78/><V119/><F119/><W116/><G116/><T36/><D36/><U124/><E124/><V102/><F102/><W117/><G117/><T130/><D66/><U81/><E81/><V92/><F92/><W2/><G2/><T135/><D135/><U87/><E3/><V110/><F110/><W65/><G65/><T123/><D123/><U76/><E76/><V23/><F23/><W56/><G56/><T125/><D125/><U34/><E20/><V42/><F42/><W9/><G21/><T96/><D15/><U35/><E35/><V100/><F100/><AGARI ba="0,1" hai="44,45,61,62,63,95,96,100,129,130,131" m="11883" machi="100" ten="40,8000,1" yaku="6,1,19,1,52,3" doraHai="24" who="0" fromWho="2" sc="124,90,334,0,74,-80,458,0" owari="214,-19.0,334,13.0,-6,-51.0,458,57.0" /></mjloggm>