<mjloggm ver="2.3"><GO type="185" lobby="0"/><UN n0="%E3%82%BF%E3%83%AD%E3%81%95" n1="%E3%81%B6%E3%82%8B%E3%81%AF%E3%81%A4" n2="%E6%A8%BD%E3%81%AA%E3%81%AE%E5%A3%8A%E3%81%95%E3%81%AA%E3%81%84%E3%81%A7" n3="" dan="16,16,16,0" rate="2105.65,2148.78,2198.52,1500.00" sx="M,M,M,C"/><TAIKYOKU oya="0"/><INIT seed="0,0,0,2,2,73" ten="350,350,350,0" oya="0" hai0="81,63,124,0,115,119,126,96,45,102,123,54,69" hai1="108,34,60,113,110,33,132,49,92,97,51,109,118" hai2="74,32,84,41,104,72,55,131,79,111,106,112,36" hai3=""/><T65/><N who="0" m="31520" /><T64/><D119/><U39/><E118/><V100/><F112/><T42/><D115/><U129/><E39/><V48/><F32/><N who="1" m="12393" /><E113/><V127/><F127/><T57/><D0/><U59/><E129/><V88/><F111/><T133/><D133/><U86/><E86/><V2/><F2/><T95/><D81/><U37/><E37/><V61/><F61/><T105/><D105/><U40/><E40/><V44/><F131/><T89/><D89/><U46/><E46/><V125/><F125/><N who="0" m="48234" /><D69/><U83/><E83/><V68/><F68/><T71/><D71/><U134/><E134/><V66/><F100/><T47/><D47/><U85/><E85/><V77/><F74/><T53/><D65/><U82/><E82/><V38/><F66/><T58/><D58/><U87/><E87/><V99/><F72/><T75/><D75/><U120/><N who="1" m="30752" /><U122/><N who="1" m="31264" /><U128/><E128/><V101/><F106/><T56/><D56/><U107/><E107/><V98/><F104/><T117/><D117/><U43/><E43/><V94/><F41/><T114/><D114/><U67/><E132/><V70/><F70/><T3/><D3/><U116/><E116/><V78/><F101/><AGARI ba="0,0" hai="49,51,59,60,67,92,97,101,108,109,110" m="31264,30752,12393" machi="101" ten="40,5200,0" yaku="14,1,52,2" doraHai="73" who="1" fromWho="2" sc="350,0,350,52,350,-52,0,0" /><INIT seed="1,0,0,5,4,36" ten="350,402,298,0" oya="1" hai0="49,37,111,113,129,132,133,81,62,0,106,77,78" hai1="86,119,69,89,121,104,131,39,128,115,107,63,98" hai2="87,114,88,91,109,51,61,83,45,96,82,135,130" hai3=""/><U84/><N who="1" m="31008" /><U60/><E115/><V40/><F114/><T53/><D113/><U48/><E119/><V118/><F118/><T57/><D111/><U41/><E39/><V100/><F109/><T94/><D106/><U75/><E75/><V66/><F135/><T47/><D129/><N who="1" m="49739" /><E69/><V102/><F130/><T108/><D108/><U97/><E86/><V73/><F73/><T72/><D37/><U33/><E33/><V50/><F50/><T112/><D112/><U58/><E107/><V56/><F83/><T110/><D78/><U68/><E68/><V122/><N who="2" m="31264" /><V74/><F74/><T95/><D0/><U71/><E71/><V85/><F85/><T38/><D38/><U126/><E126/><V67/><F66/><T99/><D110/><U55/><E104/><V64/><F64/><T59/><D133/><U43/><E84/><V124/><F124/><T134/><D134/><U105/><E105/><V32/><F32/><T117/><D117/><U52/><E55/><V123/><N who="2" m="31520" /><V90/><REACH who="2" step="1"/><F96/><REACH who="2" ten="350,402,288,0" step="2"/><N who="1" m="36969" /><E89/><AGARI ba="0,1" hai="40,45,51,56,61,67,82,87,88,89,90,91,100,102" m="31520,31264" machi="89" ten="40,12000,2" yaku="1,1,8,1,52,3,54,1,53,0" doraHai="36" doraHaiUra="3" who="2" fromWho="1" sc="350,0,402,-120,288,130,0,0" /><INIT seed="2,0,0,5,5,92" ten="350,282,418,0" oya="2" hai0="90,127,56,37,122,60,118,55,39,35,67,49,103" hai1="91,58,73,129,86,74,93,132,62,102,98,48,130" hai2="72,3,116,76,126,38,33,133,82,64,80,111,79" hai3=""/><V95/><F33/><T77/><N who="0" m="31264" /><T125/><D118/><U36/><E36/><V61/><F3/><T96/><D35/><U0/><E0/><V105/><F38/><T89/><D77/><U113/><E113/><V106/><F116/><T104/><D39/><U87/><E132/><V34/><F34/><T53/><D53/><U100/><E48/><V124/><F133/><T99/><D99/><U131/><E86/><V84/><F111/><T46/><REACH who="0" step="1"/><D37/><REACH who="0" ten="340,282,418,0" step="2"/><U71/><E71/><V75/><F64/><T41/><D41/><U47/><E47/><V40/><F40/><T112/><D112/><U69/><E69/><V50/><F50/><T85/><D85/><U43/><E43/><V68/><F68/><T81/><D81/><U101/><REACH who="1" step="1"/><E87/><REACH who="1" ten="340,272,418,0" step="2"/><V54/><F84/><T52/><D52/><AGARI ba="0,2" hai="52,58,62,73,74,91,93,98,100,101,102,129,130,131" machi="52" ten="50,8000,1" yaku="1,1,2,1,19,1,52,1,54,1,53,0" doraHai="92" doraHaiUra="120" who="1" fromWho="0" sc="340,-80,272,100,418,0,0,0" /><INIT seed="4,0,0,5,2,109" ten="260,372,418,0" oya="0" hai0="108,83,78,133,79,71,58,2,38,126,3,122,113" hai1="51,66,44,73,131,65,121,118,37,74,1,0,52" hai2="96,129,69,98,42,48,111,45,88,128,127,132,125" hai3=""/><T116/><RYUUKYOKU type="yao9" ba="0,0" sc="260,0,372,0,418,0,0,0" hai0="2,3,38,58,71,78,79,83,108,113,116,122,126,133" /><INIT seed="4,1,0,4,4,98" ten="260,372,418,0" oya="0" hai0="32,86,87,132,105,56,118,52,97,123,122,50,113" hai1="104,103,70,117,79,109,72,83,82,59,63,110,96" hai2="80,73,119,134,55,34,127,74,93,57,94,92,2" hai3=""/><T130/><N who="0" m="31264" /><T99/><N who="0" m="31520" /><T48/><D118/><U71/><E117/><V62/><F119/><T38/><D38/><U0/><E0/><V35/><F2/><T60/><D32/><U39/><E39/><V75/><F134/><T76/><D113/><U84/><E70/><V51/><F127/><T46/><D130/><U121/><N who="1" m="31008" /><U40/><E40/><V95/><N who="2" m="23552" /><DORA hai="49" /><V47/><REACH who="2" step="1"/><F80/><REACH who="2" ten="260,372,408,0" step="2"/><T3/><D132/><U120/><N who="1" m="30752" /><U66/><REACH who="1" step="1"/><E71/><REACH who="1" ten="260,362,408,0" step="2"/><V100/><F100/><T102/><D3/><U43/><E43/><AGARI ba="1,2" hai="34,35,43,47,51,55,57,62,73,74,75" m="23552" machi="43" ten="60,3900,0" yaku="1,1,52,1,53,0" doraHai="98,49" doraHaiUra="115,125" who="2" fromWho="1" sc="260,0,362,-41,408,61,0,0" /><INIT seed="5,0,0,1,3,108" ten="260,321,469,0" oya="1" hai0="1,110,91,124,107,99,125,62,56,119,103,128,2" hai1="38,77,66,115,51,89,127,35,81,97,129,79,33" hai2="96,61,93,67,126,43,32,42,113,69,71,60,63" hai3=""/><U106/><E38/><V112/><F32/><T132/><D110/><U90/><E127/><N who="0" m="48713" /><D119/><U49/><E129/><V111/><F126/><T64/><D132/><U40/><E66/><V134/><F111/><T83/><D128/><U50/><E40/><N who="2" m="15403" /><F134/><T114/><D114/><N who="2" m="44138" /><F67/><T39/><D39/><U118/><E115/><V84/><F84/><AGARI ba="0,0" hai="1,2,56,62,64,83,84,91,99,103,107" m="48713" machi="84" ten="30,1000,0" yaku="18,1" doraHai="108" who="0" fromWho="2" sc="260,10,321,0,469,-10,0,0" /><INIT seed="6,0,0,5,5,57" ten="270,321,459,0" oya="2" hai0="74,132,133,69,130,94,62,111,80,66,124,34,59" hai1="135,126,110,89,99,103,58,51,108,90,53,52,56" hai2="55,127,40,86,120,117,64,81,131,91,54,114,123" hai3=""/><V72/><N who="2" m="30752" /><V121/><N who="2" m="31008" /><V49/><N who="2" m="31520" /><V48/><F127/><T46/><D111/><U85/><E126/><V2/><F2/><T76/><D34/><U65/><E65/><V92/><F131/><T95/><D130/><U44/><E135/><V39/><F114/><T42/><D124/><U109/><E85/><V68/><F39/><T113/><D113/><U119/><E119/><V125/><F117/><T102/><D69/><U115/><E115/><V1/><F1/><T79/><D79/><U67/><E67/><V129/><F64/><T61/><D61/><U60/><REACH who="1" step="1"/><E44/><REACH who="1" ten="270,311,459,0" step="2"/><V32/><F125/><T38/><REACH who="0" step="1"/><D102/><REACH who="0" ten="260,311,459,0" step="2"/><U104/><AGARI ba="0,2" hai="51,52,53,56,58,60,89,90,99,103,104,108,109,110" machi="104" ten="30,6000,1" yaku="1,1,2,1,0,1,52,1,54,1,53,0" doraHai="57" doraHaiUra="118" who="1" fromWho="1" sc="260,-20,311,80,459,-40,0,0" owari="240,-36.0,391,-1.0,419,37.0,0,0.0" /></mjloggm>