<mjloggm ver="2.3"><GO type="169" lobby="0"/><UN n0="%E3%83%81%E3%83%BC%E3%83%88%E3%82%A4%E7%9F%AD%E6%9C%9F%E5%A4%A7%E5%AD%A6" n1="%E5%8D%83%E7%BE%BD%E9%B4%89" n2="%6B%69%79%6F%70%69%6E" n3="%28%3B%E3%83%BB%E2%88%80%E3%83%BB%29" dan="16,17,16,16" rate="2117.02,2227.99,2112.93,2192.49" sx="M,F,M,M"/><TAIKYOKU oya="0"/><INIT seed="0,0,0,2,5,61" ten="250,250,250,250" oya="0" hai0="49,65,72,124,45,17,69,120,64,43,57,71,47" hai1="87,60,78,16,73,62,89,70,19,25,2,101,39" hai2="102,94,26,110,122,125,37,53,22,33,52,23,1" hai3="34,98,15,134,108,109,32,107,115,31,104,67,41"/><T126/><D72/><U48/><E39/><V75/><F122/><W79/><G115/><T77/><D77/><U85/><E2/><V28/><F75/><W128/><G128/><T20/><D120/><U36/><E36/><V76/><F37/><W91/><G134/><T99/><D99/><U123/><E123/><V82/><F1/><W5/><G79/><T113/><D113/><U30/><E101/><V7/><F7/><W111/><G41/><T18/><D57/><U4/><E4/><V14/><F125/><N who="0" m="48234" /><D18/><U55/><E73/><V93/><F102/><W118/><G118/><T74/><D74/><U97/><E97/><V112/><F112/><W9/><G67/><N who="0" m="25675" /><D45/><U44/><E78/><V84/><F76/><W132/><G132/><T13/><AGARI ba="0,0" hai="13,17,20,43,47,49,69,71" m="25675,48234" machi="13" ten="30,11700,0" yaku="18,1,52,3" doraHai="61" who="0" fromWho="0" sc="250,117,250,-39,250,-39,250,-39" /><INIT seed="0,1,0,4,0,57" ten="367,211,211,211" oya="0" hai0="109,71,27,107,80,102,10,55,124,14,73,39,98" hai1="19,121,135,128,75,40,2,0,105,99,117,23,9" hai2="77,31,92,62,34,72,106,65,43,63,86,54,111" hai3="5,36,116,122,84,113,66,46,12,110,60,8,28"/><T59/><D124/><U88/><E117/><V49/><F106/><W4/><G113/><T108/><D39/><U132/><E75/><V67/><F72/><W41/><G116/><T93/><D71/><U17/><E121/><V33/><F43/><W81/><G110/><N who="0" m="42603" /><D27/><U134/><E40/><V51/><F111/><W7/><G28/><T100/><D80/><U119/><E119/><V68/><F31/><W24/><G24/><T89/><D107/><U104/><E128/><V78/><F92/><W125/><G125/><T1/><D1/><N who="1" m="619" /><E9/><V85/><F54/><W91/><REACH who="3" step="1"/><G122/><REACH who="3" ten="367,211,211,201" step="2"/><T50/><D73/><U69/><E134/><V21/><F21/><W56/><AGARI ba="1,1" hai="4,5,7,8,12,36,41,46,56,60,66,81,84,91" machi="56" ten="20,8000,1" yaku="1,1,2,1,0,1,7,1,52,1,53,0" doraHai="57" doraHaiUra="32" who="3" fromWho="3" sc="367,-41,211,-21,211,-21,201,93" /><INIT seed="1,0,0,1,2,71" ten="326,190,190,294" oya="1" hai0="110,92,39,57,47,135,93,31,10,81,37,13,52" hai1="86,17,96,117,63,76,62,101,29,112,19,134,75" hai2="59,114,38,43,1,126,4,11,122,16,5,133,65" hai3="115,106,26,33,22,99,113,60,102,6,45,85,82"/><U105/><E112/><V127/><F122/><W42/><G33/><T132/><D31/><U20/><E117/><V27/><F114/><W98/><G6/><T80/><D47/><U21/><E134/><N who="0" m="51241" /><D110/><U67/><E75/><V73/><F73/><W30/><G98/><T79/><D93/><U78/><E62/><N who="2" m="38111" /><F5/><W104/><G60/><N who="0" m="35879" /><D92/><U119/><E119/><V12/><F27/><W35/><G35/><T48/><D48/><U68/><E29/><V56/><F56/><W23/><G23/><T91/><D91/><U108/><E108/><V54/><F54/><W18/><G30/><T58/><D58/><U70/><E70/><V44/><F133/><W128/><G128/><T72/><D80/><U124/><E124/><N who="2" m="47659" /><F4/><AGARI ba="0,0" hai="4,10,13,37,39,72,79,81" m="35879,51241" machi="4" ten="30,7700,0" yaku="20,1,52,2,54,1" doraHai="71" who="0" fromWho="2" sc="326,77,190,0,190,-77,294,0" /><INIT seed="2,0,0,1,3,110" ten="403,190,113,294" oya="2" hai0="120,14,4,45,121,128,68,29,31,96,15,91,46" hai1="3,17,100,22,107,92,86,131,34,135,13,122,88" hai2="76,52,55,94,33,50,41,126,62,39,5,89,70" hai3="0,83,32,115,134,117,109,24,127,10,118,44,35"/><V43/><F33/><W47/><G109/><T90/><D96/><U6/><E131/><V84/><F126/><W103/><G103/><T77/><D77/><U72/><E135/><V80/><F5/><N who="3" m="1319" /><G83/><T59/><D59/><U16/><E122/><V26/><F26/><W114/><G47/><T11/><D11/><U21/><E34/><N who="3" m="12842" /><G44/><T74/><D4/><U67/><E72/><V85/><F39/><W79/><G79/><T64/><D128/><U123/><E123/><V98/><F85/><W66/><G66/><T20/><D20/><U51/><E67/><V48/><F70/><W42/><G42/><N who="2" m="15881" /><F62/><W19/><G134/><T95/><D64/><U8/><E51/><AGARI ba="0,0" hai="48,50,51,52,55,76,80,84,89,94,98" m="15881" machi="51" ten="30,2900,0" yaku="8,1,54,1" doraHai="110" who="2" fromWho="1" sc="403,0,190,-29,113,29,294,0" /><INIT seed="2,1,0,4,3,68" ten="403,161,142,294" oya="2" hai0="25,121,118,113,33,47,85,20,35,97,50,51,7" hai1="103,37,36,3,100,102,92,89,19,122,21,75,86" hai2="53,61,11,81,14,22,13,112,73,55,90,88,5" hai3="57,106,114,128,29,48,0,39,34,125,120,80,91"/><V126/><F112/><W129/><G39/><T32/><D113/><U79/><E3/><V96/><F126/><W135/><G114/><T66/><D121/><U134/><E134/><V54/><F73/><W82/><G0/><T117/><D7/><U16/><E122/><V131/><F131/><W110/><G106/><T28/><D66/><U72/><E19/><N who="2" m="10615" /><F81/><W123/><G135/><T15/><D97/><U18/><E18/><V6/><F6/><W49/><G110/><T62/><D62/><U26/><REACH who="1" step="1"/><E75/><REACH who="1" ten="403,151,142,294" step="2"/><V74/><F74/><W98/><G120/><T71/><D117/><U24/><E24/><V40/><F61/><W69/><G123/><T94/><D118/><U124/><E124/><V60/><F60/><W132/><G125/><T41/><D25/><U111/><E111/><V107/><F5/><W42/><G132/><T95/><D15/><U10/><E10/><V2/><F11/><W78/><G128/><T46/><D28/><U63/><E63/><V115/><F13/><W56/><G129/><T93/><D85/><U59/><E59/><V87/><F2/><W12/><G69/><T4/><D4/><U38/><E38/><V130/><F130/><W52/><G34/><T99/><D71/><U45/><E45/><V67/><F87/><W23/><G29/><T133/><D133/><U104/><E104/><V1/><F1/><W70/><G70/><T76/><D32/><U8/><E8/><V101/><F107/><W109/><G109/><T108/><D108/><U84/><E84/><V9/><F9/><W44/><G44/><T58/><D46/><RYUUKYOKU ba="1,1" sc="403,-10,151,30,142,-10,294,-10" hai1="16,21,26,36,37,72,79,86,89,92,100,102,103" /><INIT seed="3,2,1,4,4,80" ten="393,181,132,284" oya="3" hai0="15,23,109,75,105,90,93,114,101,51,69,83,40" hai1="84,27,79,119,122,57,19,3,39,129,126,7,8" hai2="31,34,100,17,55,96,98,53,134,22,4,82,127" hai3="111,61,33,42,116,37,49,72,54,35,91,102,44"/><W121/><G116/><T63/><D109/><U20/><E122/><V59/><F134/><W133/><G121/><T95/><D114/><U12/><E39/><V107/><F127/><W108/><G133/><T45/><D69/><U6/><E57/><V124/><F124/><W117/><G117/><T123/><D123/><U118/><E126/><V120/><F120/><W16/><G72/><T130/><D130/><U2/><E79/><V41/><F4/><N who="1" m="1577" /><E84/><V103/><F31/><W78/><G78/><T26/><D63/><U14/><E129/><V48/><F34/><W0/><G0/><N who="1" m="42" /><E14/><V1/><F1/><W88/><G102/><T86/><D75/><U62/><E62/><V47/><F82/><W132/><G61/><T115/><D115/><U106/><E106/><V125/><F59/><W67/><G67/><T13/><D105/><U73/><E73/><V58/><F58/><W10/><G42/><T68/><D68/><U131/><E131/><V71/><F71/><W24/><G37/><T21/><D101/><U97/><E97/><V56/><F56/><W18/><G132/><T65/><D65/><U110/><E110/><V92/><F125/><W66/><G66/><T28/><D13/><AGARI ba="2,1" hai="13,17,22,41,47,48,53,55,92,96,98,100,103,107" machi="13" ten="30,1000,0" yaku="7,1" doraHai="80" who="2" fromWho="0" sc="393,-16,181,0,132,26,284,0" /><INIT seed="4,0,0,4,5,93" ten="377,181,158,284" oya="0" hai0="17,56,118,68,23,12,116,126,125,30,77,19,52" hai1="105,53,61,21,24,131,92,112,26,89,76,110,63" hai2="45,106,74,109,133,60,54,80,81,28,113,3,103" hai3="73,108,16,8,36,91,97,31,15,96,101,127,22"/><T20/><D68/><U98/><E110/><V84/><F3/><W0/><G108/><T46/><D77/><U78/><E131/><V102/><F109/><W134/><G36/><T10/><D46/><U120/><E120/><V115/><F28/><W86/><G73/><T87/><D87/><U79/><E112/><N who="2" m="43083" /><F45/><W14/><G0/><T9/><D30/><U59/><E105/><V32/><F32/><W40/><G40/><T122/><D122/><U107/><E107/><V62/><F54/><W100/><G127/><N who="0" m="48651" /><D52/><U135/><E135/><V71/><F71/><W95/><G134/><T117/><D56/><U39/><E39/><V42/><F42/><W37/><G37/><T34/><D34/><U33/><E33/><V43/><F43/><W123/><G123/><T83/><D83/><U124/><E124/><V65/><F133/><W70/><G70/><T67/><D67/><U6/><E61/><V11/><F62/><W49/><G49/><T48/><D48/><U128/><E128/><V4/><F81/><W132/><G132/><T104/><D104/><U41/><E41/><V90/><F106/><W35/><G35/><T119/><N who="0" m="29696" /><DORA hai="2" /><T82/><D82/><U7/><REACH who="1" step="1"/><E26/><AGARI ba="0,0" hai="9,10,12,17,19,20,23,26" m="29696,48651" machi="26" ten="60,11600,0" yaku="18,1,34,2" doraHai="93,2" who="0" fromWho="1" sc="377,116,181,-116,158,0,284,0" /><INIT seed="4,1,0,0,3,24" ten="493,65,158,284" oya="0" hai0="116,132,70,106,9,53,124,15,129,13,98,120,49" hai1="83,26,91,71,114,102,130,3,128,33,6,56,11" hai2="43,28,17,86,109,37,48,40,133,97,75,119,113" hai3="10,105,67,125,22,108,5,58,101,122,110,88,82"/><T21/><D116/><U36/><E71/><V62/><F75/><W103/><G125/><T23/><D120/><U20/><E36/><V63/><F109/><W8/><G122/><T85/><D70/><U54/><E102/><V41/><F17/><W72/><G72/><T1/><D1/><U46/><E46/><N who="2" m="23823" /><F86/><N who="3" m="50263" /><G105/><T80/><D129/><U100/><E100/><N who="3" m="38474" /><G5/><T52/><D106/><U29/><E114/><V4/><F97/><W64/><G110/><T61/><D98/><U73/><E33/><V81/><F81/><W0/><G0/><T69/><D124/><U66/><E66/><V50/><F4/><W39/><G39/><T12/><D69/><U57/><E91/><V95/><F95/><W19/><G108/><T99/><D99/><U38/><E38/><V127/><F113/><W84/><G84/><T135/><D85/><U65/><E73/><V104/><F104/><W59/><G67/><T2/><D80/><U44/><E83/><V30/><F119/><W77/><G77/><T32/><D2/><U68/><E68/><V45/><F127/><W118/><G118/><T123/><D123/><U7/><E7/><V78/><F78/><W126/><G126/><T112/><D112/><U42/><E65/><V107/><F107/><W117/><G117/><T87/><D87/><U79/><E79/><V90/><F90/><W18/><G64/><T134/><D32/><U16/><E128/><V121/><F121/><W60/><G19/><T96/><D96/><U27/><E130/><V92/><F92/><W76/><G76/><T14/><N who="0" m="3072" /><DORA hai="47" /><T34/><D34/><RYUUKYOKU ba="1,0" sc="493,0,65,0,158,0,284,0" /><INIT seed="5,2,0,5,2,114" ten="493,65,158,284" oya="1" hai0="40,88,84,126,95,64,50,97,4,78,59,91,101" hai1="82,23,75,35,108,73,85,135,57,132,121,72,131" hai2="128,92,56,96,2,0,63,8,104,26,31,22,69" hai3="20,18,11,106,38,74,7,86,80,10,42,17,93"/><U45/><E35/><V129/><F104/><W130/><G106/><T33/><D33/><U14/><E45/><V61/><F69/><W52/><G130/><N who="2" m="50281" /><F8/><W123/><G123/><T79/><D126/><U68/><E68/><V65/><F61/><W66/><G66/><T9/><D91/><AGARI ba="2,0" hai="0,2,22,26,31,56,63,65,91,92,96" m="50281" machi="91" ten="30,1000,0" yaku="19,1" doraHai="114" who="2" fromWho="0" sc="493,-16,65,0,158,16,284,0" /><INIT seed="6,0,0,0,4,54" ten="477,65,174,284" oya="2" hai0="4,30,13,86,85,73,22,95,55,123,78,98,103" hai1="129,43,96,8,74,20,84,106,34,71,62,36,64" hai2="112,65,70,42,128,93,5,90,97,28,133,10,81" hai3="68,92,57,76,131,1,18,32,114,9,108,125,47"/><V2/><F112/><W25/><G108/><T132/><D123/><U40/><E129/><V82/><F133/><W102/><G68/><T104/><D30/><U120/><E120/><V109/><F128/><W35/><G131/><T24/><D24/><U75/><E20/><V19/><F109/><W50/><G76/><T77/><D73/><U23/><E23/><V101/><F42/><W99/><G125/><T41/><D104/><U58/><E84/><V31/><F70/><W37/><G25/><T56/><D41/><U38/><E8/><V51/><F65/><W3/><G3/><T63/><D132/><U52/><E40/><V117/><F117/><W6/><G37/><T44/><D44/><U48/><E34/><V94/><F51/><W59/><G18/><N who="0" m="10575" /><D4/><U69/><E69/><V130/><F19/><W60/><G114/><T33/><D33/><U11/><E11/><V122/><F122/><W72/><G72/><T79/><AGARI ba="0,0" hai="55,56,63,77,78,79,85,86,95,98,103" m="10575" machi="79" ten="30,2000,0" yaku="8,1,52,1" doraHai="54" who="0" fromWho="0" sc="477,20,65,-5,174,-10,284,-5" /><INIT seed="7,0,0,1,5,109" ten="497,60,164,279" oya="3" hai0="121,96,26,66,88,25,124,111,94,65,128,64,134" hai1="82,113,30,107,31,85,45,69,12,108,19,49,131" hai2="105,7,102,97,90,5,14,74,57,103,135,63,0" hai3="2,43,39,42,93,13,1,104,44,70,11,123,79"/><W38/><G104/><T110/><D121/><U71/><E108/><V89/><F0/><W78/><G123/><T73/><D73/><U129/><E107/><V99/><F135/><W98/><G70/><T130/><D134/><U24/><E69/><V50/><F50/><W95/><G13/><T81/><D81/><U77/><E71/><V41/><F41/><W92/><G98/><T86/><D96/><U51/><E129/><N who="0" m="49769" /><D124/><U59/><E131/><V106/><F74/><W101/><G101/><T72/><D72/><U87/><E24/><AGARI ba="0,0" hai="24,25,26,64,65,66,86,88,94,110,111" m="49769" machi="24" ten="30,2000,0" yaku="19,1,54,1" doraHai="109" who="0" fromWho="1" sc="497,20,60,-20,164,0,279,0" owari="517,62.0,40,-46.0,164,-24.0,279,8.0" /></mjloggm>