<mjloggm ver="2.3"><GO type="185" lobby="0"/><UN n0="%E3%81%82%E3%81%9F%E3%82%89%E3%81%AA%E3%81%84%E3%81%A7%EF%BC%81" n1="%E3%81%B5%E3%81%96%E3%81%91%E3%82%8B%E3%83%9F%EF%BC%81" n2="%E8%92%94%E7%B5%B5" n3="" dan="17,17,17,0" rate="2207.82,2238.57,2213.33,1500.00" sx="M,M,F,C"/><TAIKYOKU oya="0"/><INIT seed="0,0,0,5,1,101" ten="350,350,350,0" oya="0" hai0="90,34,0,113,94,88,96,131,112,47,85,100,99" hai1="60,55,58,84,134,114,93,123,89,57,74,38,51" hai2="62,130,67,43,68,116,104,71,97,125,52,64,66" hai3=""/><T95/><D0/><U80/><N who="1" m="31520" /><U69/><E134/><V63/><F97/><T91/><D34/><U41/><E114/><V87/><F87/><T107/><D47/><U1/><E1/><V119/><F104/><T86/><REACH who="0" step="1"/><D131/><REACH who="0" ten="340,350,350,0" step="2"/><U115/><E115/><V121/><N who="2" m="31008" /><V126/><F130/><T132/><D132/><U44/><E69/><V40/><F67/><T54/><D54/><AGARI ba="0,1" hai="40,43,52,54,62,63,64,66,68,71,116,119,125,126" m="31008" machi="54" ten="25,12000,2" yaku="22,2,34,3,52,1,54,1" doraHai="101" who="2" fromWho="0" sc="340,-120,350,0,350,130,0,0" /><INIT seed="1,0,0,5,1,78" ten="220,350,480,0" oya="1" hai0="135,105,51,45,98,47,129,104,53,114,77,68,32" hai1="112,3,59,71,113,100,79,85,107,64,66,119,61" hai2="91,80,73,33,76,127,130,125,99,1,65,82,118" hai3=""/><U126/><E3/><V88/><F1/><T40/><D32/><U52/><E119/><V124/><F33/><T116/><D114/><U106/><E126/><V96/><F65/><T120/><N who="0" m="30752" /><T39/><D116/><U117/><E66/><V50/><F50/><T38/><D129/><U131/><E117/><V62/><F62/><T92/><D135/><U63/><E131/><V95/><F118/><T74/><D68/><U109/><E109/><V57/><F57/><T134/><D134/><U60/><E60/><V56/><F56/><T42/><D77/><U89/><E79/><V115/><F130/><T70/><D74/><U36/><E36/><V93/><F115/><T37/><D70/><U108/><E108/><V49/><F49/><T46/><REACH who="0" step="1"/><D38/><REACH who="0" ten="210,350,480,0" step="2"/><U87/><E113/><V67/><F67/><T133/><D133/><U123/><N who="1" m="31520" /><U34/><E34/><V97/><F127/><T55/><D55/><U103/><E112/><V121/><N who="2" m="31008" /><V81/><F125/><T94/><D94/><N who="2" m="35850" /><F124/><T58/><D58/><U72/><E71/><V2/><F2/><T132/><D132/><U101/><E59/><V54/><F54/><T43/><D43/><U41/><E52/><V35/><F35/><T44/><D44/><RYUUKYOKU ba="0,1" sc="210,10,350,-20,480,10,0,0" hai0="37,39,40,42,45,46,47,51,53,92,98,104,105" hai2="73,76,80,81,82,88,91,96,97,99" /><INIT seed="2,1,1,4,3,64" ten="220,330,490,0" oya="2" hai0="32,48,67,129,116,91,106,56,34,57,123,75,96" hai1="1,38,55,112,44,94,3,100,90,125,133,77,76" hai2="84,102,70,47,59,61,78,51,124,60,103,128,68" hai3=""/><V71/><F128/><T107/><N who="0" m="31520" /><T83/><D116/><U98/><E112/><V86/><F124/><T62/><D129/><U110/><E110/><V35/><F35/><T50/><D75/><U72/><E125/><V121/><N who="2" m="31008" /><V39/><F39/><T95/><D83/><U66/><E133/><V49/><F49/><T105/><REACH who="0" step="1"/><D50/><REACH who="0" ten="210,330,490,0" step="2"/><U126/><E72/><V79/><F61/><T117/><D117/><U80/><E80/><V88/><F79/><T92/><D92/><U109/><E77/><V45/><F78/><T33/><D33/><U53/><E76/><V36/><F36/><T113/><D113/><U41/><E126/><V135/><F51/><T58/><D58/><U99/><E38/><V127/><F127/><T65/><D65/><U122/><E66/><V37/><F37/><T111/><D111/><U131/><E109/><V108/><F108/><T42/><D42/><U119/><E119/><V132/><F59/><T54/><AGARI ba="1,2" hai="32,34,48,54,56,57,62,67,91,95,96,105,106,107" m="31520" machi="54" ten="40,6000,1" yaku="1,1,0,1,52,1,53,2" doraHai="64" doraHaiUra="2" who="0" fromWho="0" sc="210,82,330,-21,490,-41,0,0" /><INIT seed="4,0,0,1,2,128" ten="292,309,449,0" oya="0" hai0="76,85,84,54,53,93,67,130,48,58,116,120,94" hai1="135,86,99,102,78,3,1,107,91,37,43,80,50" hai2="66,71,39,0,122,47,90,36,75,82,114,38,132" hai3=""/><T65/><N who="0" m="30752" /><T70/><D130/><U79/><E79/><V129/><N who="2" m="31264" /><V113/><F0/><T42/><D42/><U34/><E34/><V103/><F129/><T35/><D35/><U125/><E125/><V73/><F103/><T59/><D70/><U121/><N who="1" m="31008" /><U119/><E119/><V87/><F47/><T51/><REACH who="0" step="1"/><D76/><REACH who="0" ten="282,309,449,0" step="2"/><U110/><E78/><V134/><F71/><T97/><D97/><U117/><E1/><V44/><F66/><T133/><D133/><N who="2" m="51306" /><F44/><T45/><D45/><U2/><E3/><V96/><F96/><T98/><D98/><U105/><E2/><V101/><F101/><T33/><D33/><U131/><E135/><V60/><F60/><T68/><D68/><U74/><E131/><V61/><F61/><T72/><D72/><AGARI ba="0,1" hai="36,38,39,72,73,75,82,87,90,113,114" m="51306,31264" machi="72" ten="40,8000,1" yaku="20,1,52,4" doraHai="128" who="2" fromWho="0" sc="282,-80,309,0,449,90,0,0" /><INIT seed="5,0,0,2,2,108" ten="202,309,539,0" oya="1" hai0="39,89,59,49,86,134,50,1,38,126,87,62,76" hai1="47,106,119,109,82,92,58,57,116,88,46,128,56" hai2="80,48,98,71,40,44,110,70,61,117,84,93,63" hai3=""/><U107/><E128/><V91/><F110/><T94/><D1/><U33/><E109/><V100/><REACH who="2" step="1"/><F117/><REACH who="2" ten="202,309,529,0" step="2"/><T121/><N who="0" m="31008" /><T41/><D126/><U97/><E119/><V105/><F105/><T64/><D134/><U67/><E116/><V53/><F53/><T54/><D41/><U103/><E107/><V32/><F32/><T60/><D38/><U34/><E106/><V132/><F132/><T131/><D39/><U36/><E36/><V112/><F112/><T130/><D130/><U120/><N who="1" m="30752" /><U66/><E33/><V3/><F3/><T111/><D131/><U35/><E34/><V43/><F43/><T72/><D111/><U55/><E35/><V75/><F75/><T113/><D72/><U2/><E2/><V85/><F85/><T79/><D113/><U102/><E55/><V37/><F37/><T95/><D54/><U101/><REACH who="1" step="1"/><E82/><REACH who="1" ten="202,299,529,0" step="2"/><V99/><F99/><T65/><REACH who="0" step="1"/><D89/><REACH who="0" ten="192,299,529,0" step="2"/><U51/><E51/><V118/><F118/><T83/><D83/><U123/><N who="1" m="31520" /><U81/><E81/><V45/><F45/><AGARI ba="0,3" hai="45,46,47,56,57,58,66,67,88,92,97,101,102,103" m="31520,30752" machi="45" ten="40,12000,1" yaku="1,1,8,1,52,2,54,1,53,0" doraHai="108" doraHaiUra="69" who="1" fromWho="2" sc="192,0,299,150,529,-120,0,0" /><INIT seed="5,1,0,1,2,98" ten="192,449,409,0" oya="1" hai0="53,50,108,43,57,95,126,81,85,127,1,61,66" hai1="107,133,71,33,38,130,121,99,106,103,102,97,104" hai2="119,82,32,90,69,2,51,100,64,58,91,73,78" hai3=""/><U117/><N who="1" m="31008" /><U48/><E38/><V79/><F119/><T62/><D1/><U111/><E33/><V116/><F2/><T37/><D95/><U83/><E117/><V65/><F116/><T123/><N who="0" m="31520" /><T101/><D101/><U45/><E71/><V55/><F32/><T94/><D94/><U134/><E130/><V0/><F0/><T41/><D81/><U40/><E111/><V120/><N who="2" m="30752" /><V47/><F79/><T92/><D92/><U96/><E83/><V49/><F100/><AGARI ba="1,0" hai="40,45,48,96,97,99,100,102,103,104,106,107,133,134" m="31008" machi="100" ten="40,12000,1" yaku="9,1,52,4" doraHai="98" who="1" fromWho="2" sc="192,0,449,122,409,-122,0,0" /><INIT seed="5,2,0,2,3,127" ten="192,571,287,0" oya="1" hai0="115,100,34,44,105,129,89,97,37,33,71,52,70" hai1="60,39,51,61,126,88,77,117,130,81,54,110,40" hai2="82,46,69,128,73,133,93,131,41,112,98,1,57" hai3=""/><U120/><N who="1" m="30752" /><U50/><E117/><V108/><F1/><T121/><N who="0" m="31008" /><T0/><D0/><U102/><E126/><V87/><F108/><T124/><D124/><U64/><E102/><V103/><F69/><T53/><D115/><U135/><E135/><V106/><F112/><T122/><N who="0" m="31264" /><T83/><D37/><U118/><E118/><V79/><F57/><T35/><D70/><U59/><E88/><V36/><REACH who="2" step="1"/><F133/><REACH who="2" ten="192,571,277,0" step="2"/><T90/><D71/><U66/><E110/><V101/><F101/><T109/><D109/><U107/><E59/><V86/><F86/><T67/><D44/><U75/><E75/><V74/><F74/><T49/><D90/><AGARI ba="2,1" hai="36,41,46,73,79,82,87,90,93,98,103,106,128,131" machi="90" ten="40,8000,1" yaku="1,1,24,2,52,2,53,0" doraHai="127" doraHaiUra="113" who="2" fromWho="0" sc="192,-84,571,0,277,94,0,0" /><INIT seed="6,0,0,3,3,74" ten="108,571,371,0" oya="2" hai0="134,39,85,32,114,125,52,2,105,58,69,54,111" hai1="60,94,55,130,72,80,87,38,63,64,90,88,89" hai2="120,132,97,0,48,135,33,35,73,49,3,46,133" hai3=""/><V40/><N who="2" m="30752" /><V91/><F73/><T83/><D83/><U109/><E130/><V116/><F116/><T75/><D85/><U62/><E109/><V123/><N who="2" m="31520" /><V122/><N who="2" m="31264" /><V53/><F97/><T100/><D100/><U108/><E38/><V106/><F91/><N who="1" m="34825" /><E72/><V110/><F106/><T121/><D52/><U67/><E108/><V43/><F110/><T128/><D54/><U124/><E124/><V126/><F126/><T1/><D58/><U119/><E119/><AGARI ba="0,0" hai="1,2,32,39,69,75,105,111,114,119,121,125,128,134" machi="119" ten="0,32000,5" yakuman="47" doraHai="74" who="0" fromWho="1" sc="108,320,571,-320,371,0,0,0" owari="428,38.0,251,-35.0,371,-3.0,0,0.0" /></mjloggm>