<mjloggm ver="2.3"><GO type="169" lobby="0"/><UN n0="%E3%81%BF%E3%83%BC%E3%81%94%E3%81%BE" n1="%E5%BD%97%E6%98%9F%E5%85%A5%E3%83%92%E3%82%B3" n2="%E3%81%92%E3%82%93%E3%81%9F%E3%82%8D" n3="%E5%B0%8F%E6%B1%A0%E7%BE%8E%E6%B3%A2%E2%8A%BF" dan="17,16,16,16" rate="2165.75,2101.90,2153.94,2090.95" sx="M,M,M,F"/><TAIKYOKU oya="0"/><INIT seed="0,0,0,4,4,126" ten="250,250,250,250" oya="0" hai0="31,113,91,13,101,70,18,45,6,24,92,109,107" hai1="49,4,125,72,8,57,40,103,5,59,47,134,38" hai2="119,112,58,66,94,85,129,32,95,120,83,80,128" hai3="88,97,20,81,34,28,74,11,96,56,53,73,82"/><T50/><D70/><U100/><E72/><V64/><F32/><W27/><G34/><T116/><D116/><U65/><E125/><V90/><F112/><W3/><G74/><T115/><D6/><U61/><E134/><V87/><F119/><W62/><G73/><T86/><D109/><U69/><E57/><V46/><F120/><W84/><REACH who="3" step="1"/><G82/><REACH who="3" ten="250,250,250,240" step="2"/><T43/><D115/><U133/><E133/><V2/><F2/><W23/><G23/><T132/><D113/><U106/><E106/><V60/><F46/><W44/><G44/><T30/><D132/><U12/><REACH who="1" step="1"/><E4/><AGARI ba="0,1" hai="3,4,11,20,27,28,53,56,62,81,84,88,96,97" machi="4" ten="40,5200,0" yaku="1,1,54,1,53,1" doraHai="126" doraHaiUra="17" who="3" fromWho="1" sc="250,0,250,-52,250,0,240,62" /><INIT seed="1,0,0,2,2,106" ten="250,198,250,302" oya="1" hai0="71,85,39,19,2,64,77,60,25,68,135,29,53" hai1="62,87,127,32,6,26,81,56,46,47,109,54,4" hai2="34,108,129,134,86,128,51,112,102,113,17,14,97" hai3="88,50,100,131,93,15,30,80,45,52,66,105,23"/><U118/><E118/><V94/><F34/><W18/><G105/><T24/><D39/><U3/><E127/><V1/><F1/><W101/><G131/><N who="2" m="50249" /><F108/><W111/><G111/><T96/><D2/><U48/><E109/><V83/><F51/><W33/><G66/><T44/><D135/><U11/><E6/><V98/><F134/><W49/><G80/><T37/><D71/><U79/><E32/><V84/><F14/><W123/><G123/><T59/><D96/><U31/><E31/><V43/><F43/><W57/><G30/><T35/><D24/><U82/><E26/><V122/><F17/><W73/><G73/><T116/><D19/><U12/><E3/><V117/><F117/><W75/><G75/><T9/><D9/><U95/><E81/><V74/><F122/><W40/><G33/><T28/><D116/><U91/><REACH who="1" step="1"/><E48/><REACH who="1" ten="250,188,250,302" step="2"/><V58/><F113/><W21/><REACH who="3" step="1"/><G23/><REACH who="3" ten="250,188,250,292" step="2"/><T119/><D29/><U125/><E125/><V90/><F112/><W61/><G61/><T55/><D119/><U42/><E42/><V78/><F58/><W8/><G8/><T126/><D59/><U132/><E132/><V10/><F10/><W115/><G115/><T72/><D126/><U107/><E107/><AGARI ba="0,2" hai="74,78,83,84,86,90,94,97,98,102,107" m="50249" machi="107" ten="30,7700,0" yaku="19,1,34,2,52,1" doraHai="106" who="2" fromWho="1" sc="250,0,188,-77,250,97,292,0" /><INIT seed="2,0,0,4,5,129" ten="250,111,347,292" oya="2" hai0="7,117,81,2,1,12,102,33,4,104,95,121,15" hai1="128,49,35,101,11,0,47,78,130,124,126,123,52" hai2="108,13,69,118,62,76,23,48,75,111,21,116,77" hai3="94,106,53,113,99,91,64,133,38,19,3,5,83"/><V18/><F48/><W10/><G38/><T14/><D104/><U67/><E35/><V26/><F62/><W55/><G64/><T24/><D121/><U34/><E34/><V93/><F69/><W135/><G113/><T131/><D131/><N who="1" m="50219" /><E123/><V125/><F125/><N who="1" m="48233" /><E67/><V30/><F93/><W86/><G19/><T88/><D117/><U39/><E39/><V109/><REACH who="2" step="1"/><F75/><REACH who="2" ten="250,111,337,292" step="2"/><W112/><G106/><T29/><D95/><U56/><E101/><V63/><F63/><W70/><G70/><T90/><D102/><U57/><E78/><AGARI ba="0,1" hai="13,18,21,23,26,30,76,77,78,108,109,111,116,118" machi="78" ten="40,7700,0" yaku="1,1,14,1,10,1,53,0" doraHai="129" doraHaiUra="100" who="2" fromWho="1" sc="250,0,111,-77,337,87,292,0" /><INIT seed="2,1,0,3,4,61" ten="250,34,424,292" oya="2" hai0="117,78,118,116,42,76,7,81,19,0,8,127,135" hai1="79,70,100,43,36,39,98,92,67,44,33,28,87" hai2="32,52,26,24,123,90,48,95,72,120,40,106,49" hai3="91,6,77,130,121,15,17,22,62,114,64,102,63"/><V5/><F72/><W82/><G121/><T21/><D135/><U86/><E39/><V96/><F5/><W13/><G130/><T97/><D127/><U75/><E75/><V41/><F106/><W54/><G102/><T31/><D31/><U107/><E79/><V125/><F125/><W20/><G91/><T131/><D131/><U14/><E14/><V59/><F32/><W11/><G114/><T124/><D124/><U93/><E93/><V27/><REACH who="2" step="1"/><F48/><REACH who="2" ten="250,34,414,292" step="2"/><W37/><G6/><T113/><D113/><U58/><E58/><V80/><F80/><W47/><G82/><T55/><D81/><U3/><E92/><V115/><F115/><W84/><G37/><T4/><D4/><U46/><E3/><V122/><AGARI ba="1,1" hai="24,26,27,40,41,49,52,59,90,95,96,120,122,123" machi="122" ten="40,7800,0" yaku="1,1,0,1,54,1,53,0" doraHai="61" doraHaiUra="109" who="2" fromWho="2" sc="250,-27,34,-27,414,91,292,-27" /><INIT seed="2,2,0,4,0,119" ten="223,7,505,265" oya="2" hai0="114,58,131,107,85,34,71,4,61,57,118,67,20" hai1="124,0,103,43,74,135,117,46,22,82,54,5,24" hai2="56,104,27,106,108,113,40,59,64,123,120,70,79" hai3="93,11,88,76,90,17,7,49,91,18,121,10,50"/><V26/><F113/><W78/><G121/><T92/><D34/><U31/><E117/><V77/><F40/><W16/><G93/><T28/><D118/><U68/><E68/><V83/><F70/><W105/><G105/><T42/><D107/><U15/><E124/><V127/><F83/><W3/><G3/><T69/><D114/><U73/><E135/><V97/><F97/><W111/><G111/><T2/><D71/><U63/><E103/><V35/><F64/><W13/><G10/><T8/><D131/><U125/><E125/><V45/><F45/><W84/><G84/><T53/><D42/><U94/><E94/><V75/><F127/><W62/><G62/><T134/><D134/><U6/><E15/><V133/><F133/><W86/><G86/><T128/><D128/><U30/><E30/><V100/><F35/><W122/><G122/><T60/><D85/><U130/><E130/><V110/><F75/><W51/><AGARI ba="2,0" hai="7,11,13,16,17,18,49,50,51,76,78,88,90,91" machi="51" ten="40,12000,2" yaku="0,1,29,2,8,1,54,2" doraHai="119" who="3" fromWho="3" sc="223,-32,7,-32,505,-62,265,126" owari="191,-21.0,-25,-53.0,443,55.0,391,19.0" /></mjloggm>