<mjloggm ver="2.3"><GO type="169" lobby="0"/><UN n0="%E3%82%B9%E3%83%8A%E3%83%83%E3%82%AF%E7%9E%B3" n1="%E3%82%81%E3%82%93%E3%81%A9%E3%81%84" n2="%E8%88%AC%E5%8D%93%E6%B0%91%E3%81%AE%E6%9C%9D%E3%81%AF%E6%97%A9%E3%81%84" n3="%4E%45%4F%E3%81%B5%E3%81%A3%E3%81%8F%E3%82%93" dan="16,16,17,16" rate="2123.84,2048.34,2250.42,2090.49" sx="M,M,M,M"/><TAIKYOKU oya="0"/><INIT seed="0,0,0,0,4,36" ten="250,250,250,250" oya="0" hai0="88,87,109,13,50,41,56,28,51,108,71,75,69" hai1="26,9,114,47,103,12,72,24,123,3,111,49,53" hai2="85,126,15,99,44,39,86,16,4,81,80,106,97" hai3="52,20,131,54,122,58,19,107,115,5,59,134,67"/><T117/><D75/><U124/><E123/><V70/><F70/><W37/><G115/><T90/><D117/><U8/><E111/><N who="0" m="42569" /><D28/><U14/><E124/><V74/><F126/><W40/><G107/><T119/><D119/><U1/><E72/><V25/><F74/><W11/><G131/><T61/><D13/><U133/><E103/><V127/><F106/><W104/><G104/><T116/><D116/><U132/><E114/><V93/><F127/><W21/><G134/><T66/><D90/><U62/><E62/><V57/><F57/><W129/><G129/><T22/><D22/><U130/><E130/><V128/><F128/><W120/><G20/><T73/><D73/><U23/><E47/><V96/><F93/><W29/><G29/><T33/><D33/><U55/><E23/><N who="2" m="13543" /><F39/><W76/><G37/><T94/><D50/><AGARI ba="0,0" hai="1,3,8,9,12,14,24,26,49,50,53,55,132,133" machi="50" ten="25,1600,0" yaku="22,2" doraHai="36" who="1" fromWho="0" sc="250,-16,250,16,250,0,250,0" /><INIT seed="1,0,0,4,3,103" ten="234,266,250,250" oya="1" hai0="82,115,29,8,44,58,47,84,33,49,107,123,9" hai1="5,17,93,37,25,16,68,80,133,34,18,11,4" hai2="106,97,41,27,116,83,132,56,46,61,113,89,98" hai3="124,38,88,130,20,119,109,70,90,87,105,60,128"/><U63/><E37/><V108/><F116/><W117/><G38/><T111/><D111/><U118/><E118/><N who="3" m="45066" /><G109/><T30/><D115/><U32/><E133/><V2/><F108/><W112/><G112/><T94/><D123/><U81/><E68/><V110/><F110/><W26/><G124/><T86/><D58/><U95/><E63/><V1/><F113/><W102/><G87/><T73/><D94/><N who="1" m="35851" /><E25/><V75/><F132/><W127/><G127/><T76/><D33/><N who="1" m="12907" /><E11/><V120/><F27/><W125/><G125/><T43/><D73/><U71/><E71/><V135/><F75/><W36/><G36/><T51/><D43/><U78/><E78/><V53/><F120/><W57/><G70/><T69/><D69/><U72/><E72/><V114/><F135/><W31/><G57/><T40/><D40/><U19/><E19/><V62/><F62/><W21/><G21/><T7/><D76/><U92/><N who="1" m="35859" /><U122/><DORA hai="131" /><E122/><V55/><F114/><W134/><G134/><T79/><D79/><U28/><E28/><V22/><F22/><W91/><G60/><T101/><D30/><U45/><E45/><V50/><F41/><W12/><G12/><T35/><D29/><U54/><E54/><V96/><F2/><W3/><G3/><T24/><D35/><U126/><E126/><V0/><F0/><W48/><G48/><T104/><D49/><U23/><E23/><V100/><REACH who="2" step="1"/><F1/><REACH who="2" ten="234,266,240,250" step="2"/><W42/><G42/><T66/><D24/><U67/><E67/><V64/><F64/><W10/><G10/><T85/><D66/><U13/><E13/><RYUUKYOKU ba="0,1" sc="234,-30,266,10,240,10,250,10" hai1="4,5,16,17,18,80,81" hai2="46,50,53,55,56,61,83,89,96,97,98,100,106" hai3="20,26,31,88,90,91,102,105,128,130" /><INIT seed="1,1,1,1,5,47" ten="204,276,250,260" oya="1" hai0="49,70,19,0,89,53,76,77,125,34,60,132,87" hai1="119,115,91,51,64,90,127,43,1,8,40,110,5" hai2="94,130,109,71,111,72,59,68,37,17,108,32,75" hai3="36,57,30,66,118,13,92,27,106,120,6,99,69"/><U126/><E119/><V96/><F130/><W58/><G118/><T135/><D0/><U114/><E64/><V16/><F37/><W15/><G120/><T83/><D34/><U55/><E110/><V123/><F32/><W104/><G36/><T18/><D125/><N who="1" m="47627" /><E90/><N who="2" m="55383" /><F59/><W20/><G69/><N who="2" m="26697" /><F123/><W95/><G95/><T101/><D101/><U14/><E91/><V21/><F17/><N who="0" m="6154" /><D60/><U56/><E1/><V128/><F128/><W97/><G57/><N who="0" m="32943" /><D70/><U103/><E103/><V31/><F31/><W23/><G104/><T39/><D39/><U80/><E80/><V12/><AGARI ba="1,1" hai="12,16,21,72,75,108,109,111" m="26697,55383" machi="12" ten="40,2700,0" yaku="14,1,54,1" doraHai="47" who="2" fromWho="2" sc="204,-8,276,-14,250,40,260,-8" /><INIT seed="2,0,0,0,0,42" ten="196,262,290,252" oya="2" hai0="1,39,50,12,130,46,103,111,23,30,5,58,117" hai1="64,127,93,56,78,0,102,91,34,32,110,70,6" hai2="80,71,66,124,125,16,132,98,18,63,31,49,87" hai3="40,33,20,135,59,81,67,28,8,55,112,107,84"/><V114/><F114/><W120/><G112/><T74/><D74/><U94/><E70/><V90/><F132/><W43/><G120/><T101/><D1/><U96/><E127/><N who="2" m="48715" /><F31/><W19/><G107/><T77/><D39/><U2/><E110/><V38/><F38/><W131/><G135/><T27/><D111/><U89/><E78/><V37/><F37/><W86/><G131/><T129/><D58/><U113/><E113/><V10/><F10/><W21/><G86/><T68/><D68/><U25/><E102/><V51/><F98/><W44/><G67/><T54/><D77/><U36/><E36/><V105/><F105/><W22/><G33/><T88/><D117/><U57/><E64/><V121/><F121/><W108/><G108/><T123/><D123/><U122/><E122/><V134/><F134/><W116/><G116/><T76/><D76/><U26/><E96/><V14/><F18/><W15/><G28/><T11/><REACH who="0" step="1"/><D88/><REACH who="0" ten="186,262,290,252" step="2"/><U126/><E126/><V82/><F82/><W79/><G59/><T35/><D35/><U13/><E13/><V109/><F109/><W128/><G128/><AGARI ba="0,1" hai="5,11,12,23,27,30,46,50,54,101,103,128,129,130" machi="128" ten="40,5200,0" yaku="1,1,19,1,52,1,53,0" doraHai="42" doraHaiUra="92" who="0" fromWho="3" sc="186,62,262,0,290,0,252,-52" /><INIT seed="3,0,0,3,5,87" ten="248,262,290,200" oya="3" hai0="76,105,111,117,72,115,47,114,41,93,30,29,56" hai1="132,68,102,64,60,70,52,109,62,128,135,59,43" hai2="28,9,74,73,106,20,80,13,0,15,110,124,108" hai3="97,95,44,16,35,90,92,54,11,31,100,107,82"/><W131/><G131/><T8/><D105/><U130/><E102/><V112/><F106/><W65/><G65/><T32/><D117/><U129/><E109/><V75/><F112/><W1/><G1/><T37/><D111/><N who="2" m="42538" /><F124/><W101/><G31/><T14/><D56/><N who="1" m="36871" /><E43/><V27/><F80/><W34/><G35/><T134/><D134/><AGARI ba="0,0" hai="52,59,62,68,70,128,129,130,132,134,135" m="36871" machi="134" ten="40,8000,1" yaku="19,1,20,1,34,2,54,1" doraHai="87" who="1" fromWho="0" sc="248,-80,262,80,290,0,200,0" /><INIT seed="4,0,0,0,3,77" ten="168,342,290,200" oya="0" hai0="20,50,134,27,41,3,61,1,72,19,7,45,35" hai1="25,87,124,133,104,98,78,96,42,32,92,63,12" hai2="26,81,116,69,108,131,21,82,59,105,31,65,38" hai3="83,130,73,30,47,55,89,127,122,118,62,85,117"/><T51/><D72/><U90/><E124/><V16/><F108/><W109/><G127/><T13/><D134/><U132/><E42/><V23/><F105/><W126/><G126/><T74/><D74/><U15/><E104/><V76/><F38/><W75/><G109/><T66/><D50/><U9/><E12/><V129/><F69/><W135/><G130/><N who="2" m="49673" /><F76/><W11/><G135/><N who="1" m="51786" /><E63/><N who="2" m="38143" /><F116/><W14/><G122/><T52/><D41/><U94/><E78/><V91/><F91/><W125/><G73/><T46/><D46/><U71/><E94/><V101/><F101/><W121/><G75/><T58/><REACH who="0" step="1"/><D7/><REACH who="0" ten="158,342,290,200" step="2"/><U24/><E71/><V57/><F57/><W49/><G125/><T88/><D88/><U99/><E32/><V112/><F112/><W114/><G114/><T17/><D17/><AGARI ba="0,1" hai="9,15,17,24,25,87,90,92,96,98,99" m="51786" machi="17" ten="30,1000,0" yaku="20,1" doraHai="77" who="1" fromWho="0" sc="158,-10,342,20,290,0,200,0" /><INIT seed="5,0,0,5,5,125" ten="148,362,290,200" oya="1" hai0="53,121,94,43,95,14,76,102,35,50,98,132,90" hai1="54,127,23,6,25,57,109,72,92,82,30,63,134" hai2="107,124,38,97,62,129,74,20,108,44,21,106,3" hai3="9,42,122,68,11,126,19,8,110,78,86,123,101"/><U133/><E127/><V96/><F124/><W130/><G126/><T64/><D121/><U22/><E109/><V60/><F44/><W32/><G110/><T116/><D116/><U10/><E92/><V55/><F108/><W33/><G68/><T59/><D132/><N who="1" m="50795" /><E82/><V118/><F3/><W114/><G101/><T115/><D115/><U71/><E72/><V7/><F7/><W15/><G42/><T131/><D35/><N who="3" m="13385" /><G86/><T52/><D64/><U89/><E89/><V70/><F70/><W93/><G93/><T103/><D76/><U12/><E23/><V37/><F55/><W49/><G49/><T66/><D43/><U65/><E71/><V2/><F2/><W84/><G84/><T47/><D66/><AGARI ba="0,0" hai="6,10,12,22,25,30,54,57,63,65,66" m="50795" machi="66" ten="30,1500,0" yaku="20,1" doraHai="125" who="1" fromWho="0" sc="148,-15,362,15,290,0,200,0" /><INIT seed="5,1,0,5,0,64" ten="133,377,290,200" oya="1" hai0="117,66,4,86,127,56,73,14,88,108,115,97,74" hai1="121,83,36,71,104,33,78,112,90,39,3,65,0" hai2="28,105,85,45,18,99,124,111,60,116,46,114,61" hai3="37,120,5,6,123,40,102,55,92,13,128,52,75"/><U118/><E121/><V25/><F116/><W42/><G75/><T84/><D117/><U126/><E104/><V106/><F111/><W34/><G34/><T93/><D108/><U41/><E90/><V63/><F124/><W23/><G23/><T101/><D115/><U62/><E118/><V38/><F38/><N who="1" m="14377" /><E41/><V68/><F99/><W94/><G37/><T8/><D127/><U29/><E126/><V11/><F85/><W57/><G57/><T49/><D84/><U44/><E44/><V2/><F114/><W31/><G31/><T134/><D134/><U48/><E48/><V9/><F2/><W96/><G13/><T35/><D35/><U10/><E10/><V72/><F72/><W107/><G96/><T22/><D22/><U7/><E7/><V98/><F98/><W76/><G76/><T15/><D15/><U59/><E59/><V129/><F11/><W91/><G91/><T79/><D79/><U125/><E125/><V54/><F105/><W110/><G110/><T119/><D119/><U87/><E87/><V103/><F46/><W132/><G102/><T12/><D12/><U26/><E112/><V1/><F103/><W82/><G107/><T113/><D113/><U43/><E43/><V53/><F106/><W30/><G82/><N who="0" m="49239" /><D49/><U19/><E19/><V133/><F18/><W80/><G80/><T47/><D47/><U81/><E81/><V69/><F45/><W95/><G95/><T50/><D50/><U130/><E130/><V70/><F129/><W100/><G128/><T51/><D51/><U131/><E131/><V67/><F1/><RYUUKYOKU ba="1,0" sc="133,15,377,15,290,-15,200,-15" hai0="4,8,14,56,66,73,74,93,97,101" hai1="0,3,26,29,33,62,65,71,78,83" /><INIT seed="5,2,0,1,0,9" ten="148,392,275,185" oya="1" hai0="127,37,14,55,18,81,47,12,66,78,1,128,45" hai1="119,104,109,134,48,60,42,93,25,118,28,94,91" hai2="8,22,71,54,33,41,77,13,75,123,79,56,24" hai3="108,88,46,35,68,6,122,126,105,90,4,61,73"/><U65/><E104/><V51/><F123/><W50/><G122/><T106/><D1/><U82/><E134/><V132/><F132/><W135/><G105/><T32/><D32/><U74/><E109/><V102/><F33/><W3/><G35/><T53/><D106/><U57/><E94/><V110/><F110/><W39/><G135/><T27/><D127/><U97/><E82/><V0/><F71/><W23/><G39/><T72/><D66/><U116/><E74/><V98/><F0/><W64/><G73/><T34/><D128/><U69/><E69/><V30/><F41/><W101/><G101/><T83/><D37/><U10/><E10/><V7/><F75/><W63/><G126/><T103/><D103/><U96/><E48/><V49/><F49/><W107/><G107/><AGARI ba="2,0" hai="7,8,13,22,24,30,51,54,56,77,79,98,102,107" machi="107" ten="30,2000,0" yaku="7,1,52,1" doraHai="9" who="2" fromWho="3" sc="148,0,392,0,275,26,185,-26" /><INIT seed="6,0,0,4,2,9" ten="148,392,301,159" oya="2" hai0="41,37,35,36,70,102,10,12,26,39,97,45,5" hai1="106,99,107,121,98,124,78,60,67,85,31,23,13" hai2="65,118,77,125,86,38,116,15,129,2,57,46,134" hai3="119,132,100,71,117,126,105,89,19,11,1,59,44"/><V33/><F2/><W91/><G71/><T50/><D70/><U131/><E131/><V63/><F33/><W90/><G132/><T16/><D35/><U104/><E124/><V79/><F79/><W62/><G126/><T7/><REACH who="0" step="1"/><D26/><REACH who="0" ten="138,392,301,159" step="2"/><U51/><E121/><V127/><F127/><W93/><G119/><T108/><D108/><U87/><E31/><V28/><F125/><W42/><G117/><T112/><D112/><U113/><E113/><V34/><F28/><W30/><G105/><AGARI ba="0,1" hai="5,7,10,12,16,36,37,39,41,45,50,97,102,105" machi="105" ten="40,12000,2" yaku="1,1,52,1,54,1,53,3" doraHai="9" doraHaiUra="68" who="0" fromWho="3" sc="138,130,392,0,301,0,159,-120" /><INIT seed="7,0,0,1,4,125" ten="268,392,301,39" oya="3" hai0="82,13,74,2,111,56,109,28,51,49,102,120,68" hai1="93,45,57,5,4,58,52,101,108,20,114,43,124" hai2="113,65,80,128,32,50,41,129,25,135,107,42,118" hai3="75,67,90,88,39,44,95,86,36,89,110,94,0"/><W134/><G134/><T12/><D2/><U19/><E108/><V9/><F118/><W54/><G110/><T30/><D102/><U131/><E131/><N who="2" m="50251" /><F107/><W121/><G0/><T103/><D103/><U79/><E124/><V126/><F126/><W11/><G121/><T64/><D56/><N who="1" m="21611" /><E114/><V26/><F113/><W78/><G75/><T22/><D22/><U24/><E79/><V122/><F135/><W98/><G67/><T47/><D47/><U106/><E106/><V62/><F122/><W87/><G11/><T119/><D82/><U10/><E10/><V81/><F9/><W117/><G117/><T123/><D68/><U76/><E76/><V7/><F7/><W116/><G116/><T85/><D119/><U37/><E37/><V77/><F50/><W35/><G35/><T8/><D8/><U18/><E18/><V55/><F55/><W104/><G78/><T6/><D85/><U59/><E43/><N who="2" m="16395" /><F32/><W92/><REACH who="3" step="1"/><G104/><REACH who="3" ten="268,392,301,29" step="2"/><T96/><D64/><U33/><E33/><V69/><F80/><W99/><G99/><T34/><D96/><N who="1" m="59535" /><E45/><V115/><F115/><W132/><G132/><T72/><D34/><U48/><AGARI ba="0,1" hai="4,5,19,20,24,48,52,59" m="59535,21611" machi="48" ten="30,2000,0" yaku="8,1,54,1" doraHai="125" who="1" fromWho="1" sc="268,-5,392,30,301,-5,29,-10" owari="263,-14.0,422,52.0,296,10.0,19,-48.0" /></mjloggm>