<mjloggm ver="2.3"><GO type="169" lobby="0"/><UN n0="%E5%A6%B9%E3%81%AE%E4%BA%8B%E6%84%9B%E3%81%97%E3%81%A6%E3%81%BE%E3%81%99" n1="%70%6F%6E%5F%6B%61%73%75" n2="%E3%81%BF%E3%83%BC%E3%81%94%E3%81%BE" n3="%75%72%61%74%61%6D%61" dan="16,16,17,16" rate="2149.68,2027.15,2164.06,2064.61" sx="F,M,M,M"/><TAIKYOKU oya="0"/><INIT seed="0,0,0,2,4,21" ten="250,250,250,250" oya="0" hai0="13,0,66,121,85,122,65,89,10,132,91,127,24" hai1="123,47,45,54,30,73,101,40,32,39,38,108,104" hai2="109,55,119,11,135,102,51,23,42,44,84,106,59" hai3="112,58,93,27,78,31,18,118,19,130,114,124,116"/><T72/><D72/><U26/><E123/><V103/><F135/><W107/><G107/><T128/><D0/><U87/><E73/><V35/><F35/><W134/><G78/><T90/><D132/><U92/><E108/><V70/><F109/><W126/><G134/><T115/><D115/><N who="3" m="44073" /><G58/><T69/><D128/><U8/><E8/><V99/><F119/><N who="3" m="45611" /><G93/><T133/><D133/><U3/><E3/><V96/><F70/><W71/><G71/><T83/><D127/><N who="3" m="48681" /><G130/><T105/><D105/><U2/><E2/><V16/><F84/><W117/><G117/><T1/><D1/><U20/><E104/><V28/><F106/><W86/><G86/><T95/><D69/><U50/><E39/><V14/><F103/><W81/><G81/><T113/><D113/><U82/><E92/><V4/><F102/><W12/><G12/><T62/><D95/><U64/><E64/><V110/><F110/><W125/><N who="3" m="48689" /><W49/><DORA hai="61" /><G49/><T22/><D83/><U53/><E101/><V25/><REACH who="2" step="1"/><F4/><REACH who="2" ten="250,250,240,250" step="2"/><W33/><AGARI ba="0,1" hai="18,19,27,31,33" m="48689,45611,44073" machi="33" ten="50,8000,1" yaku="18,1,34,2,52,1" doraHai="21,61" who="3" fromWho="3" sc="250,-40,250,-20,240,-20,250,90" /><INIT seed="1,0,0,5,1,84" ten="210,230,220,340" oya="1" hai0="25,87,28,24,127,130,23,75,19,98,111,94,22" hai1="67,93,48,83,115,109,68,117,44,55,21,104,29" hai2="114,72,59,65,10,42,108,97,89,38,73,99,88" hai3="119,15,54,106,116,118,134,53,3,50,133,96,102"/><U80/><E117/><V35/><F35/><W16/><G3/><T112/><D75/><U58/><E115/><V4/><F114/><W6/><G6/><T37/><D112/><U122/><E122/><V135/><F135/><N who="3" m="51723" /><G50/><T36/><D111/><U132/><E104/><V86/><F108/><W61/><G61/><T126/><D130/><U30/><E109/><V52/><F65/><W39/><G39/><T31/><D87/><U60/><E132/><V0/><F72/><W101/><G101/><T82/><D82/><U66/><E66/><V43/><F73/><W45/><G45/><T85/><D85/><U69/><E93/><V9/><F38/><W17/><G17/><T34/><D36/><U129/><E129/><V71/><F71/><W125/><G125/><N who="0" m="47627" /><D37/><U90/><E80/><N who="2" m="49223" /><F0/><W76/><G76/><T57/><D57/><U78/><E78/><V8/><F4/><W13/><G13/><T77/><D77/><U33/><E33/><V79/><F79/><W81/><G81/><T5/><D5/><U123/><E123/><V20/><F20/><AGARI ba="0,0" hai="15,16,20,53,54,96,102,106,116,118,119" m="51723" machi="20" ten="40,5200,0" yaku="12,1,20,1,54,1" doraHai="84" who="3" fromWho="2" sc="210,0,230,0,220,-52,340,52" /><INIT seed="2,0,0,2,5,115" ten="210,230,168,392" oya="2" hai0="61,101,58,89,0,128,87,29,90,77,1,7,117" hai1="38,42,120,65,116,62,18,123,134,25,19,93,98" hai2="110,28,125,131,103,127,122,119,86,30,129,91,26" hai3="107,126,113,27,63,14,20,80,109,48,88,45,132"/><V79/><F122/><N who="1" m="46633" /><E134/><V34/><F110/><W41/><G126/><N who="2" m="48137" /><F79/><W94/><G132/><T97/><D128/><N who="2" m="49226" /><F103/><W17/><G107/><T21/><D77/><U66/><E116/><V44/><F44/><W105/><G113/><T24/><D117/><U124/><E124/><V74/><F74/><W40/><G105/><T3/><D7/><U68/><E66/><V121/><F121/><W78/><G109/><T72/><D87/><U75/><E75/><V10/><F10/><W9/><G63/><T104/><REACH who="0" step="1"/><D72/><REACH who="0" ten="200,230,168,392" step="2"/><U35/><E98/><V23/><F119/><W31/><G78/><T84/><D84/><U52/><E68/><V59/><F59/><W12/><G80/><T69/><D69/><U11/><E65/><AGARI ba="0,1" hai="0,1,3,21,24,29,58,61,65,89,90,97,101,104" machi="65" ten="40,2600,0" yaku="1,1,53,1" doraHai="115" doraHaiUra="54" who="0" fromWho="1" sc="200,36,230,-26,168,0,392,0" /><INIT seed="3,0,0,0,5,50" ten="236,204,168,392" oya="3" hai0="123,97,120,107,68,43,35,101,36,80,65,113,83" hai1="78,6,94,57,82,135,8,19,27,46,118,13,102" hai2="98,48,15,95,38,16,26,7,132,1,93,99,54" hai3="33,10,89,104,131,116,52,119,92,111,28,12,128"/><W76/><G104/><T62/><D113/><U61/><E135/><V75/><F75/><W126/><G76/><T86/><D35/><U56/><E118/><V134/><F38/><W109/><G126/><T4/><D4/><U124/><E124/><V110/><F26/><W45/><G28/><T30/><D30/><U84/><E46/><V67/><F67/><W51/><G33/><T79/><REACH who="0" step="1"/><D80/><REACH who="0" ten="226,204,168,392" step="2"/><U122/><E82/><V77/><F7/><N who="3" m="3167" /><G116/><T66/><D66/><U114/><E6/><V60/><F1/><W44/><G119/><T41/><D41/><U34/><E34/><V73/><F134/><W127/><G127/><T32/><D32/><U25/><E114/><V133/><F133/><W14/><G128/><T87/><D87/><U115/><E84/><V63/><F132/><W125/><G125/><T103/><D103/><U53/><E102/><N who="2" m="60751" /><F73/><W18/><G131/><T0/><D0/><U59/><E115/><V106/><F110/><N who="3" m="41995" /><G18/><T70/><D70/><U23/><E19/><V37/><F106/><W5/><G5/><T129/><D129/><U42/><E42/><V91/><F37/><W64/><G64/><T112/><D112/><U72/><E72/><V55/><F16/><W108/><G108/><T22/><D22/><U31/><E23/><V20/><F20/><W85/><G14/><T2/><D2/><U81/><E13/><V3/><F15/><W58/><AGARI ba="0,1" hai="44,45,51,52,58,85,89,92" m="41995,3167" machi="58" ten="30,11700,0" yaku="14,1,10,1,52,1,54,1" doraHai="50" who="3" fromWho="3" sc="226,-39,204,-39,168,-39,392,127" /><INIT seed="3,1,0,3,5,112" ten="187,165,129,519" oya="3" hai0="107,109,62,44,120,133,119,126,67,113,79,65,92" hai1="71,54,5,11,87,48,121,70,45,103,37,89,4" hai2="42,102,33,52,111,61,135,32,116,128,122,60,129" hai3="108,134,50,76,83,106,12,58,47,80,85,13,49"/><W88/><G106/><T95/><D120/><U86/><E121/><V29/><F122/><W73/><G134/><T53/><D133/><U9/><E103/><V36/><F135/><W3/><G3/><T21/><D113/><U43/><E87/><V0/><F0/><W131/><G131/><N who="2" m="50249" /><F111/><W56/><G108/><T69/><D109/><U99/><E99/><V16/><F102/><W1/><G1/><T46/><D126/><U98/><E98/><V124/><F124/><W17/><G50/><T78/><D107/><U20/><E20/><V91/><F116/><W19/><G13/><T14/><D119/><U93/><E9/><V30/><F91/><W26/><G26/><T39/><D39/><U23/><E23/><V40/><F36/><W117/><G17/><N who="0" m="10423" /><D69/><U31/><E31/><N who="2" m="11787" /><F16/><W57/><G117/><T10/><D10/><U24/><E24/><V90/><F90/><W96/><G19/><T18/><D18/><U81/><E81/><V28/><N who="2" m="11795" /><V125/><DORA hai="59" /><F125/><W22/><G22/><T72/><D72/><U110/><E110/><V77/><F77/><N who="0" m="29194" /><D95/><U115/><E115/><V82/><F82/><W55/><G12/><T118/><D92/><U6/><REACH who="1" step="1"/><E11/><REACH who="1" ten="187,155,129,519" step="2"/><V114/><F114/><W51/><G73/><T105/><D118/><U132/><E132/><V68/><F32/><W74/><G74/><T63/><D105/><U15/><E15/><V84/><F33/><W64/><G80/><T104/><D104/><U41/><E41/><V75/><F75/><W127/><G83/><T123/><D123/><U2/><E2/><V7/><F42/><RYUUKYOKU ba="1,1" sc="187,-10,155,30,129,-10,519,-10" hai1="4,5,6,37,43,45,48,54,70,71,86,89,93" /><INIT seed="4,2,1,5,4,39" ten="177,185,119,509" oya="0" hai0="118,55,112,116,31,75,33,107,23,49,115,24,58" hai1="79,4,85,119,60,35,76,10,73,128,131,42,47" hai2="50,65,63,15,56,77,120,92,6,86,57,80,93" hai3="124,3,72,21,22,106,20,126,52,11,82,84,13"/><T71/><D75/><U2/><E119/><N who="0" m="45609" /><D107/><U45/><E35/><V103/><F120/><W61/><G106/><T78/><D78/><U114/><E114/><N who="0" m="43561" /><D71/><U36/><E85/><V100/><F100/><W66/><G72/><T30/><D30/><U132/><E132/><V18/><F6/><W62/><G3/><T110/><D110/><U98/><E98/><V25/><F25/><W101/><G101/><T121/><D121/><U111/><E111/><V29/><F29/><W51/><G66/><T69/><D69/><U0/><E0/><V46/><F56/><W94/><G94/><T44/><D58/><U19/><E60/><V54/><REACH who="2" step="1"/><F103/><REACH who="2" ten="177,185,109,509" step="2"/><W81/><G61/><T38/><D38/><N who="1" m="21719" /><E4/><V16/><F16/><W87/><G62/><T91/><D91/><U5/><E19/><V8/><AGARI ba="2,2" hai="8,15,18,46,50,54,57,63,65,77,80,86,92,93" machi="8" ten="20,5200,0" yaku="1,1,0,1,7,1,8,1,53,0" doraHai="39" doraHaiUra="108" who="2" fromWho="2" sc="177,-28,185,-15,109,78,509,-15" /><INIT seed="5,0,0,0,2,47" ten="149,170,187,494" oya="1" hai0="76,12,50,20,131,39,59,133,80,107,123,134,13" hai1="89,87,4,106,109,120,105,125,23,132,126,77,48" hai2="83,34,57,54,2,98,36,99,79,81,108,58,94" hai3="17,18,130,128,32,102,95,71,53,100,92,62,55"/><U117/><E120/><V37/><F34/><W82/><G32/><T97/><D39/><U22/><E117/><V124/><F2/><W93/><G82/><T119/><D119/><U52/><E77/><V121/><F121/><W72/><G72/><T0/><D0/><U41/><E41/><V19/><F108/><W90/><G90/><T5/><D123/><U27/><E4/><V75/><F124/><N who="1" m="47721" /><E109/><V7/><F7/><W91/><G91/><T85/><D131/><N who="3" m="50217" /><G71/><T15/><D20/><N who="1" m="7723" /><E27/><V115/><F79/><W30/><G30/><T86/><D86/><U104/><E132/><N who="0" m="50793" /><D5/><U88/><E87/><V6/><F6/><W135/><G135/><T65/><D107/><U110/><E110/><V46/><F75/><W21/><G21/><T8/><D8/><U1/><E1/><V45/><F99/><W25/><G25/><T38/><D38/><U14/><E14/><N who="0" m="3585" /><T103/><DORA hai="67" /><D97/><U9/><E9/><V28/><F98/><W61/><G62/><N who="0" m="38111" /><D103/><N who="3" m="39465" /><G61/><T33/><D33/><U51/><E51/><AGARI ba="0,0" hai="50,51,76,80,85" m="38111,3585,50793" machi="51" ten="40,5200,0" yaku="20,1,52,2" doraHai="47,67" who="0" fromWho="1" sc="149,52,170,-52,187,0,494,0" /><INIT seed="6,0,0,2,3,27" ten="201,118,187,494" oya="2" hai0="102,89,96,16,74,58,51,5,37,111,98,32,47" hai1="99,76,81,92,126,33,77,2,25,134,56,115,60" hai2="40,100,38,75,119,53,108,0,133,63,17,83,90" hai3="131,87,7,15,95,127,112,128,78,1,10,65,125"/><V79/><F119/><W30/><G65/><T48/><D74/><U123/><E2/><V72/><F72/><W91/><G112/><T135/><D111/><U110/><E110/><V82/><F108/><W42/><G42/><T109/><D109/><U19/><E115/><V34/><F133/><W26/><G78/><T116/><D116/><U54/><E134/><V88/><F34/><N who="3" m="20823" /><G1/><T129/><D135/><U64/><E123/><V80/><F0/><W86/><G86/><T46/><D129/><AGARI ba="0,0" hai="7,10,15,87,91,95,125,127,128,129,131" m="20823" machi="129" ten="30,2000,0" yaku="19,1,52,1" doraHai="27" who="3" fromWho="0" sc="201,-20,118,0,187,0,494,20" /><INIT seed="7,0,0,5,2,102" ten="181,118,187,514" oya="3" hai0="22,91,132,14,9,87,121,25,56,51,81,57,103" hai1="50,32,24,122,11,1,84,119,120,128,118,55,62" hai2="89,109,86,106,68,66,26,127,48,129,125,35,130" hai3="77,0,28,58,30,60,53,90,23,76,83,29,133"/><W17/><G0/><T116/><D116/><U20/><E32/><V98/><F109/><W94/><G133/><T47/><D103/><U10/><E128/><N who="2" m="49259" /><F106/><W96/><G83/><T123/><D132/><U3/><E62/><N who="2" m="40023" /><F98/><W54/><G54/><N who="0" m="30079" /><D123/><N who="1" m="47147" /><E84/><V41/><F48/><W108/><G108/><T80/><D80/><U33/><E50/><V13/><F41/><W131/><G131/><T113/><D113/><U70/><E33/><V115/><F115/><W27/><AGARI ba="0,0" hai="17,23,27,28,29,30,53,58,60,76,77,90,94,96" machi="27" ten="30,11700,0" yaku="0,1,25,2,8,1" doraHai="102" who="3" fromWho="3" sc="181,-39,118,-39,187,-39,514,117" owari="142,-26.0,79,-42.0,148,-5.0,631,73.0" /></mjloggm>