<mjloggm ver="2.3"><GO type="185" lobby="0"/><UN n0="%E7%81%AB%E6%98%9F%E3%81%AE%E7%8A%AC" n1="%E3%81%BF%E3%83%BC%E3%82%8F" n2="%E3%82%8D%E3%81%AF%E3%82%93%37%33" n3="" dan="16,17,16,0" rate="2198.03,2274.85,2019.14,1500.00" sx="M,M,M,C"/><TAIKYOKU oya="0"/><INIT seed="0,0,0,3,1,1" ten="350,350,350,0" oya="0" hai0="32,101,36,119,95,43,107,77,91,65,130,97,70" hai1="66,82,127,89,3,116,68,105,72,100,40,62,39" hai2="134,94,135,44,98,86,118,108,71,132,123,78,73" hai3=""/><T80/><D119/><U0/><E116/><V67/><N who="2" m="31520" /><V122/><N who="2" m="31264" /><V102/><F118/><T84/><D130/><U38/><E127/><V110/><F71/><T114/><D114/><U113/><E89/><V117/><F117/><T55/><D55/><U57/><E57/><V34/><F67/><T56/><D56/><U33/><E33/><V53/><F34/><T74/><D32/><U128/><E128/><V104/><F53/><T129/><D129/><U54/><E54/><V45/><F73/><T103/><D103/><U87/><E113/><V2/><F2/><T37/><REACH who="0" step="1"/><D43/><REACH who="0" ten="340,350,350,0" step="2"/><U58/><E0/><V52/><F52/><T64/><D64/><U106/><E40/><V48/><F45/><T115/><D115/><U96/><E58/><V59/><F59/><T125/><D125/><U61/><E66/><V93/><F44/><T133/><D133/><U51/><E3/><V131/><F131/><T69/><D69/><U76/><E68/><V126/><F126/><T41/><D41/><U60/><E100/><V85/><F102/><T124/><D124/><U99/><E38/><V90/><F134/><T50/><D50/><U63/><E39/><V120/><N who="2" m="30752" /><V88/><F48/><T42/><D42/><RYUUKYOKU ba="0,1" sc="340,20,350,-10,350,-10,0,0" hai0="36,37,65,70,74,77,80,84,91,95,97,101,107" /><INIT seed="0,1,1,0,5,53" ten="360,340,340,0" oya="0" hai0="68,44,32,51,86,90,118,92,84,41,37,2,60" hai1="85,76,79,64,73,99,61,103,132,129,57,109,107" hai2="111,88,87,126,77,104,43,66,125,108,33,3,93" hai3=""/><T133/><D118/><U72/><E132/><V128/><F3/><T134/><D2/><U36/><E129/><V101/><F33/><T78/><D32/><U117/><E117/><V113/><F43/><T59/><D78/><U69/><E109/><N who="2" m="42059" /><F66/><T135/><D68/><U94/><E36/><V71/><F71/><T106/><D106/><U58/><E94/><V80/><F128/><T114/><D114/><U110/><E110/><V75/><F113/><T63/><D86/><U127/><E127/><V124/><F101/><T47/><D47/><U55/><E85/><V49/><F49/><T65/><D63/><U50/><REACH who="1" step="1"/><E69/><REACH who="1" ten="360,330,340,0" step="2"/><V91/><F91/><T112/><D112/><U1/><E1/><V34/><F34/><T120/><N who="0" m="30752" /><T123/><N who="0" m="31520" /><T56/><D37/><U89/><E89/><V82/><F93/><T0/><D0/><U95/><E95/><V54/><F54/><T100/><D100/><U122/><N who="1" m="31264" /><U42/><E42/><V62/><F126/><T131/><D131/><U38/><E38/><V97/><F125/><T102/><D102/><U115/><E115/><V48/><F124/><T96/><D84/><U98/><E98/><V81/><F87/><T119/><D119/><U52/><E52/><RYUUKYOKU ba="1,2" sc="360,10,330,10,340,-20,0,0" hai0="41,44,51,56,59,60,65,90,92,96,133,134,135" hai1="50,55,57,58,61,64,72,73,76,79,99,103,107" /><INIT seed="0,2,2,0,3,0" ten="370,340,320,0" oya="0" hai0="92,116,125,56,128,109,57,38,55,46,133,63,110" hai1="134,68,95,39,60,100,76,86,132,105,83,124,88" hai2="131,126,80,99,106,36,43,32,94,103,118,77,47" hai3=""/><T122/><N who="0" m="31264" /><T113/><D116/><U81/><E39/><V85/><F32/><T97/><D113/><U111/><E111/><N who="0" m="42505" /><D128/><U50/><E124/><V108/><F118/><T102/><D125/><U3/><E3/><V73/><F126/><T98/><D133/><U41/><E68/><V70/><F70/><T65/><D98/><U1/><E60/><V49/><F131/><T123/><N who="0" m="31520" /><T62/><D46/><U58/><E1/><V48/><F108/><T79/><D79/><U114/><E114/><V59/><F59/><T35/><D38/><U67/><E76/><V119/><F119/><T104/><D35/><U130/><E130/><V45/><F45/><T82/><D82/><U2/><E83/><V44/><F47/><T71/><D71/><U74/><E81/><V75/><F75/><T93/><AGARI ba="2,2" hai="55,56,57,62,63,65,92,93,97,102,104" m="31520,42505,31264" machi="93" ten="30,7800,0" yaku="14,1,10,1,52,2" doraHai="0" who="0" fromWho="0" sc="370,102,340,-41,320,-41,0,0" /><INIT seed="0,3,0,0,5,54" ten="472,299,279,0" oya="0" hai0="32,130,44,83,58,111,132,50,53,93,116,34,121" hai1="70,86,52,134,106,112,74,62,47,115,66,113,133" hai2="95,79,61,108,76,128,97,81,107,98,127,122,73" hai3=""/><T80/><N who="0" m="31008" /><T63/><D116/><U55/><E74/><V99/><N who="2" m="31264" /><V119/><F119/><T91/><D130/><U117/><E117/><V59/><F128/><T38/><D132/><N who="1" m="50795" /><E106/><V88/><F127/><T51/><D111/><U118/><E118/><V68/><F68/><T49/><D38/><U129/><E129/><V103/><F108/><T65/><D34/><U41/><E86/><V124/><F79/><T3/><D3/><U69/><E69/><V39/><F39/><AGARI ba="3,0" hai="39,41,47,52,55,62,66,70,112,113,115" m="50795" machi="39" ten="40,8000,1" yaku="11,1,20,1,34,2,54,1" doraHai="54" who="1" fromWho="2" sc="472,0,299,86,279,-86,0,0" /><INIT seed="1,0,0,3,4,42" ten="472,385,193,0" oya="1" hai0="135,70,116,1,79,55,3,113,75,125,120,114,108" hai1="64,89,74,106,38,58,131,2,39,87,101,127,98" hai2="0,51,84,96,68,102,54,45,80,128,99,63,49" hai3=""/><U36/><E2/><V47/><F0/><T35/><D114/><U72/><E131/><V33/><F33/><T92/><D55/><U111/><E127/><V90/><F128/><T91/><D91/><U86/><E111/><V78/><F68/><T109/><D92/><U121/><N who="1" m="31008" /><U32/><E32/><V119/><F63/><T100/><D100/><U43/><E43/><V56/><F119/><T67/><D67/><U115/><E115/><V73/><F51/><T50/><D50/><U134/><E134/><V61/><F102/><T118/><D79/><U82/><REACH who="1" step="1"/><E87/><REACH who="1" ten="472,375,193,0" step="2"/><V124/><F124/><T93/><D118/><U85/><E85/><V44/><REACH who="2" step="1"/><F61/><AGARI ba="0,1" hai="36,38,39,58,61,64,72,74,82,86,89,98,101,106" m="31008" machi="61" ten="40,7700,0" yaku="1,1,52,1,53,1" doraHai="42" doraHaiUra="76" who="1" fromWho="2" sc="472,0,375,87,193,-77,0,0" /><INIT seed="1,1,0,5,1,67" ten="472,462,116,0" oya="1" hai0="71,36,104,42,75,43,0,77,125,127,106,57,92" hai1="56,89,113,116,101,35,1,65,49,45,128,99,96" hai2="74,73,82,103,120,87,97,55,91,114,115,126,34" hai3=""/><U53/><E113/><N who="2" m="43019" /><F34/><T94/><D0/><U69/><E116/><V51/><N who="2" m="30752" /><V79/><F126/><N who="0" m="48138" /><D57/><U58/><E1/><V107/><F51/><T85/><D75/><N who="2" m="28682" /><F55/><T86/><D77/><AGARI ba="1,0" hai="77,79,82,87,91,97,103,107" m="28682,30752,43019" machi="77" ten="30,7700,0" yaku="11,1,34,2,52,1" doraHai="67" who="2" fromWho="0" sc="472,-79,462,0,116,79,0,0" /><INIT seed="2,0,0,2,0,111" ten="393,462,195,0" oya="2" hai0="47,0,107,98,127,105,90,92,96,81,56,85,40" hai1="99,59,69,112,54,121,133,80,63,91,32,131,55" hai2="110,76,78,38,120,68,77,57,109,103,43,126,114" hai3=""/><V104/><N who="2" m="30752" /><V106/><F68/><T101/><D0/><U64/><N who="1" m="31008" /><U34/><E112/><V134/><F43/><T93/><D56/><U46/><E131/><V73/><F38/><T97/><D47/><U124/><E124/><V113/><F126/><T50/><D50/><U58/><E133/><V41/><F41/><T100/><D40/><U132/><E132/><V116/><F134/><T44/><D44/><U129/><E129/><V72/><F57/><T84/><D127/><U74/><E74/><N who="2" m="28779" /><F116/><T51/><D51/><U65/><E99/><V36/><F36/><T66/><D66/><U87/><E65/><V61/><F61/><T125/><D125/><U75/><E46/><V94/><F94/><T62/><D62/><U70/><E69/><V67/><F67/><T3/><D3/><U88/><E32/><V39/><F39/><T52/><D52/><U102/><E34/><V2/><F2/><T42/><D42/><U83/><E70/><V71/><F71/><T135/><D135/><U130/><E64/><V115/><F103/><T86/><D100/><U89/><E102/><V35/><F35/><T128/><D101/><U95/><E59/><V1/><F1/><T79/><D93/><U119/><E95/><RYUUKYOKU ba="0,0" sc="393,-10,462,-10,195,20,0,0" hai2="76,77,78,104,106,109,110,113,114,115" /><INIT seed="2,1,0,5,2,48" ten="383,452,215,0" oya="2" hai0="92,106,98,125,124,42,121,57,84,80,111,107,120" hai1="133,63,115,132,58,36,130,69,64,60,35,1,134" hai2="40,54,50,82,85,118,129,47,102,71,39,73,100" hai3=""/><V109/><F73/><T135/><N who="0" m="30752" /><T70/><N who="0" m="31008" /><T127/><D70/><U105/><E1/><V123/><N who="2" m="31520" /><V83/><F118/><T88/><D111/><U86/><E35/><V99/><F109/><T68/><D68/><U74/><E74/><V104/><F71/><T37/><D135/><U67/><E115/><V131/><F102/><T122/><N who="0" m="31264" /><T108/><D108/><U114/><E114/><V66/><F66/><T89/><D57/><U103/><E130/><N who="2" m="49675" /><F85/><T33/><D33/><U38/><E86/><V128/><N who="2" m="49683" /><V81/><DORA hai="94" /><F39/><T61/><D61/><U49/><E36/><V62/><F62/><T72/><REACH who="0" step="1"/><D72/><REACH who="0" ten="373,452,215,0" step="2"/><U79/><E69/><V46/><F46/><AGARI ba="1,1" hai="37,42,46,80,84,88,89,92,98,106,107,124,125,127" m="31264,31008,30752" machi="46" ten="40,16000,3" yaku="1,1,2,1,18,1,52,4,54,1,53,0" doraHai="48,94" doraHaiUra="53,110" who="0" fromWho="2" sc="373,172,452,0,215,-162,0,0" /><INIT seed="4,0,0,3,2,45" ten="545,452,53,0" oya="0" hai0="130,131,83,54,78,111,125,60,121,39,128,33,102" hai1="95,50,98,35,120,75,46,123,127,1,37,115,81" hai2="52,65,86,91,70,68,71,61,116,112,124,51,42" hai3=""/><T62/><N who="0" m="31008" /><T76/><D33/><U67/><N who="1" m="30752" /><U90/><N who="1" m="31520" /><U0/><E35/><V104/><F104/><T69/><D111/><U93/><E127/><V134/><F124/><T74/><D125/><U44/><E115/><V77/><F77/><T56/><D39/><U43/><E67/><V63/><F116/><T135/><D135/><U107/><E107/><V99/><F99/><T72/><D102/><U85/><E75/><N who="0" m="28713" /><D83/><U32/><E95/><V118/><F118/><T55/><D55/><U57/><E57/><V117/><F117/><T103/><D103/><U73/><E73/><V132/><F112/><T59/><D59/><U84/><E85/><V133/><F42/><T114/><D114/><U88/><REACH who="1" step="1"/><E32/><REACH who="1" ten="545,442,53,0" step="2"/><V49/><F86/><T97/><D97/><U109/><E109/><V36/><F36/><T80/><D80/><U110/><E110/><V79/><F134/><T122/><N who="0" m="31264" /><T53/><D131/><U66/><E66/><V2/><F133/><T106/><D106/><U3/><E3/><V48/><F132/><T58/><D130/><U113/><E113/><V105/><F2/><T96/><D128/><U126/><E126/><V87/><F105/><T38/><D96/><U47/><E47/><RYUUKYOKU ba="0,1" sc="545,-10,442,20,53,-10,0,0" hai1="0,1,37,43,44,46,50,81,84,88,90,93,98" /><INIT seed="5,1,1,0,3,3" ten="535,462,43,0" oya="1" hai0="77,133,128,108,103,67,85,59,87,91,131,93,78" hai1="48,1,117,115,44,50,124,112,122,34,95,80,2" hai2="49,0,83,81,130,92,102,32,116,94,56,107,88" hai3=""/><U74/><N who="1" m="31264" /><U104/><E117/><V99/><F0/><T35/><D108/><U46/><E104/><V37/><F37/><T53/><D35/><U97/><E124/><V82/><F116/><T45/><D133/><U64/><E64/><V125/><F125/><T135/><D67/><U61/><E61/><V110/><F110/><T69/><D69/><U66/><E66/><V72/><F130/><N who="0" m="49706" /><D135/><U70/><E70/><V119/><F119/><T63/><D103/><U89/><E34/><V71/><F71/><T47/><D85/><U100/><E1/><V42/><F32/><T51/><D63/><U106/><E2/><V38/><F38/><T134/><D134/><U105/><E50/><V127/><F127/><T57/><D47/><U76/><E44/><V84/><F42/><T58/><AGARI ba="1,1" hai="45,51,53,57,58,59,77,78,87,91,93" m="49706" machi="58" ten="30,800,0" yaku="19,1" doraHai="3" who="0" fromWho="0" sc="535,20,462,-6,43,-4,0,0" /><INIT seed="6,0,0,3,0,115" ten="555,456,39,0" oya="2" hai0="36,106,66,78,48,0,119,105,98,123,80,121,47" hai1="50,135,3,34,68,54,46,101,107,87,45,94,57" hai2="56,133,129,64,111,113,62,51,70,108,49,122,75" hai3=""/><V99/><N who="2" m="31264" /><V125/><F75/><T35/><D0/><U109/><E3/><V32/><F32/><T93/><D35/><U53/><E34/><V88/><F111/><T44/><D106/><U86/><E109/><V2/><F108/><T127/><D105/><U83/><E68/><V67/><F2/><T1/><D127/><U39/><E135/><V38/><F125/><T134/><D1/><U126/><E107/><V104/><F113/><T132/><D36/><U91/><E126/><V120/><N who="2" m="30752" /><V69/><F133/><N who="0" m="51306" /><D119/><U40/><E101/><V131/><F38/><T58/><D47/><U90/><E39/><V82/><F104/><T130/><D130/><N who="2" m="49674" /><F67/><T76/><D66/><U92/><E40/><V81/><F99/><T37/><D37/><U84/><REACH who="1" step="1"/><E54/><REACH who="1" ten="555,446,39,0" step="2"/><V71/><F88/><AGARI ba="0,1" hai="45,46,50,53,57,83,84,86,87,88,90,91,92,94" machi="88" ten="30,12000,2" yaku="1,1,2,1,7,1,9,1,8,1,54,1,53,0" doraHai="115" doraHaiUra="117" who="1" fromWho="2" sc="555,0,446,130,39,-120,0,0" owari="555,16.0,576,52.0,-81,-68.0,0,0.0" /></mjloggm>