<mjloggm ver="2.3"><GO type="169" lobby="0"/><UN n0="%E3%83%AA%E3%83%81%E3%83%A3%21%21" n1="%E6%82%A0%E3%80%85%2E" n2="%E3%81%97%E3%82%85%E3%82%93%E3%81%A4%E3%81%A7" n3="%E7%9F%B3%E5%A1%9A" dan="16,17,17,16" rate="2129.09,2211.96,2240.12,2084.63" sx="M,M,M,M"/><TAIKYOKU oya="0"/><INIT seed="0,0,0,5,0,61" ten="250,250,250,250" oya="0" hai0="90,101,36,12,27,30,130,117,11,124,71,91,68" hai1="45,111,78,88,80,1,37,58,52,53,2,94,19" hai2="5,77,116,65,79,31,76,42,6,123,29,24,23" hai3="15,82,135,66,20,75,49,120,28,67,25,118,62"/><T64/><D117/><U87/><E111/><V119/><F123/><W70/><G118/><N who="2" m="45097" /><F42/><W21/><G135/><T63/><D130/><U35/><E35/><V132/><F132/><W86/><G75/><T106/><D124/><U48/><E19/><V95/><F95/><W32/><G120/><T74/><D36/><U121/><E121/><V50/><F50/><W128/><G128/><T115/><D74/><U104/><E104/><V134/><F134/><W125/><G125/><T103/><D71/><U3/><E37/><V60/><F31/><W40/><G67/><T89/><D106/><U47/><REACH who="1" step="1"/><E53/><REACH who="1" ten="250,240,250,250" step="2"/><V46/><F46/><W81/><G32/><T7/><REACH who="0" step="1"/><D115/><REACH who="0" ten="240,240,250,250" step="2"/><U69/><E69/><AGARI ba="0,2" hai="5,6,23,24,29,60,65,69,76,77,79" m="45097" machi="69" ten="30,2000,0" yaku="12,1,52,1" doraHai="61" who="2" fromWho="1" sc="240,0,240,-20,250,40,250,0" /><INIT seed="1,0,0,2,5,19" ten="240,220,290,250" oya="1" hai0="51,97,38,46,96,18,41,45,7,28,16,102,107" hai1="25,24,2,117,123,128,103,27,112,79,106,10,53" hai2="87,124,115,83,127,0,100,110,78,132,88,80,94" hai3="101,60,77,69,15,108,57,56,98,134,21,73,126"/><U20/><E123/><V95/><F0/><W111/><G69/><T37/><D7/><U59/><E117/><V1/><F1/><W74/><G134/><T61/><D38/><U62/><E112/><V39/><F39/><W32/><G32/><T125/><D125/><N who="2" m="48202" /><F110/><W133/><G133/><T119/><D119/><U17/><E128/><V66/><F66/><W4/><G126/><T47/><D47/><U52/><E79/><V131/><F132/><W8/><G57/><T86/><D28/><N who="1" m="17415" /><E106/><V5/><F5/><W50/><G50/><T99/><D86/><U89/><E103/><V71/><F71/><W22/><G74/><T118/><D118/><U129/><E2/><V82/><F131/><W67/><G77/><T43/><D61/><N who="1" m="36071" /><E89/><V55/><F55/><W120/><G73/><T42/><D42/><U13/><E129/><V70/><F70/><W31/><G120/><T40/><D40/><U116/><E116/><V29/><F29/><W64/><G64/><T72/><D72/><U91/><E91/><V63/><F63/><W76/><G76/><T34/><D34/><U68/><E68/><V104/><F115/><W135/><G31/><T58/><D58/><AGARI ba="0,0" hai="10,13,17,25,27,53,58,62" m="36071,17415" machi="58" ten="30,5800,0" yaku="8,1,52,1,54,1" doraHai="19" who="1" fromWho="0" sc="240,-58,220,58,290,0,250,0" /><INIT seed="1,1,0,0,4,112" ten="182,278,290,250" oya="1" hai0="117,95,19,6,7,79,77,16,114,64,39,67,36" hai1="58,5,46,34,72,91,29,103,107,78,37,66,55" hai2="69,106,120,43,102,15,122,9,132,48,44,35,40" hai3="3,61,130,93,113,65,50,33,56,53,41,54,80"/><U84/><E5/><V92/><F132/><W90/><G113/><T49/><D114/><U47/><E66/><V10/><F69/><W27/><G3/><T70/><D49/><U26/><E37/><V23/><F106/><W96/><G130/><T14/><D95/><U1/><E1/><V32/><F40/><W63/><G33/><T135/><D14/><U100/><E78/><V85/><F9/><W123/><G123/><T129/><D70/><U81/><E72/><V11/><F11/><W104/><G104/><T101/><D101/><U18/><E107/><V31/><F35/><W134/><G134/><T89/><D89/><U115/><E18/><V8/><F32/><W73/><G73/><T4/><D4/><U28/><E28/><V128/><F8/><W2/><G2/><T127/><D135/><U75/><E75/><V42/><F42/><W110/><G110/><T52/><D129/><U12/><E12/><V76/><F128/><W119/><G119/><T38/><D38/><U105/><E115/><V71/><F71/><W51/><G27/><T45/><D45/><N who="1" m="16907" /><E105/><V13/><F102/><N who="3" m="60687" /><G41/><T62/><D62/><N who="1" m="36191" /><E103/><V17/><F76/><W59/><G65/><T98/><D52/><U111/><E111/><V22/><F31/><W131/><G131/><T126/><D98/><U86/><E100/><V0/><F0/><W82/><G90/><T21/><D21/><N who="2" m="7690" /><F15/><W94/><G94/><T20/><D20/><U121/><E121/><V133/><F133/><W124/><G124/><T24/><D24/><U25/><E25/><V116/><F116/><AGARI ba="1,0" hai="6,7,16,19,36,39,64,67,77,79,116,117,126,127" machi="116" ten="25,8000,1" yaku="22,2,52,2,54,1" doraHai="112" who="0" fromWho="2" sc="182,83,278,0,290,-83,250,0" /><INIT seed="2,0,0,2,0,132" ten="265,278,207,250" oya="2" hai0="15,77,114,37,127,40,120,18,79,106,29,48,72" hai1="6,100,58,41,20,104,7,76,83,78,61,5,105" hai2="118,53,131,12,86,85,129,130,82,59,26,2,115" hai3="31,81,27,73,97,10,111,70,24,91,17,21,64"/><V125/><F2/><W33/><G111/><T4/><D114/><U42/><E78/><V68/><F68/><W19/><G73/><T108/><D106/><U32/><E32/><V99/><F115/><W94/><G70/><T107/><D107/><U38/><E104/><V98/><F118/><W96/><G64/><T51/><D120/><U14/><E38/><V66/><F66/><W1/><G81/><T116/><D116/><U47/><E47/><V67/><F67/><W0/><G97/><N who="2" m="36873" /><F26/><W11/><G91/><T119/><D119/><U3/><E3/><N who="3" m="1098" /><G96/><T89/><D108/><U34/><E34/><V84/><F12/><N who="3" m="9383" /><G94/><T56/><D37/><U49/><E105/><V113/><F113/><W62/><G62/><T57/><D72/><U52/><E100/><V35/><F35/><N who="3" m="20967" /><G19/><T44/><D18/><N who="1" m="10327" /><E61/><N who="2" m="36079" /><F82/><W93/><G93/><T16/><D44/><U9/><E83/><V95/><F95/><W75/><G75/><T63/><D77/><U90/><E76/><V43/><F43/><W45/><G45/><T121/><D79/><U71/><E71/><V92/><F92/><W122/><G122/><T87/><D121/><U110/><E110/><V55/><F55/><W30/><AGARI ba="0,0" hai="10,11,27,30,33" m="20967,9383,1098" machi="30" ten="30,8000,1" yaku="35,5" doraHai="132" who="3" fromWho="3" sc="265,-20,278,-20,207,-40,250,80" /><INIT seed="3,0,0,2,0,88" ten="245,258,167,330" oya="3" hai0="59,70,60,37,67,106,103,34,116,124,130,53,94" hai1="29,13,7,15,79,54,121,24,40,73,71,14,50" hai2="12,97,39,57,86,10,112,2,110,108,27,9,46" hai3="47,22,107,64,80,125,100,104,63,65,69,101,51"/><W72/><G125/><T131/><D116/><U92/><E71/><V11/><F112/><W129/><G129/><N who="0" m="49163" /><D34/><U61/><E121/><V84/><F2/><W99/><G65/><T38/><D106/><U114/><E114/><V6/><F27/><W48/><G22/><T4/><D4/><U44/><E73/><V91/><F57/><W95/><G101/><T77/><D77/><U5/><E79/><V102/><F39/><W76/><REACH who="3" step="1"/><G51/><REACH who="3" ten="245,258,167,320" step="2"/><N who="0" m="31167" /><D124/><U74/><E50/><V119/><F119/><W0/><G0/><T127/><D127/><U42/><E5/><V30/><F10/><W105/><G105/><T41/><D41/><AGARI ba="0,1" hai="41,47,48,63,64,69,72,76,80,95,99,100,104,107" machi="41" ten="30,5800,0" yaku="1,1,7,1,52,1,53,0" doraHai="88" doraHaiUra="118" who="3" fromWho="0" sc="245,-58,258,0,167,0,320,68" /><INIT seed="3,1,0,3,0,5" ten="187,258,167,388" oya="3" hai0="10,126,11,70,102,116,44,83,100,66,50,75,121" hai1="82,98,23,58,115,76,89,19,24,91,43,15,0" hai2="65,22,73,17,92,101,95,8,49,33,104,103,128" hai3="9,123,117,68,38,134,112,13,132,63,127,109,18"/><W133/><G112/><T71/><D121/><U94/><E0/><V122/><F33/><W120/><G117/><T48/><D116/><U25/><E115/><V84/><F73/><W85/><G38/><T130/><D130/><U34/><E34/><V81/><F104/><W106/><G106/><T114/><D114/><U35/><E35/><V16/><F65/><W72/><G72/><T61/><D126/><U30/><E43/><V3/><F128/><W79/><G127/><T40/><D71/><U88/><E58/><V45/><F122/><W87/><G87/><T96/><D50/><U41/><E41/><V113/><F113/><W55/><G109/><T80/><D102/><N who="1" m="60759" /><E30/><V54/><F103/><W99/><G99/><T14/><D75/><U36/><E36/><V67/><F67/><N who="3" m="41087" /><G55/><T59/><D70/><U57/><E82/><AGARI ba="1,0" hai="9,13,18,79,82,85,120,123,132,133,134" m="41087" machi="82" ten="30,2900,0" yaku="20,1,52,1" doraHai="5" who="3" fromWho="1" sc="187,0,258,-32,167,0,388,32" /><INIT seed="3,2,0,3,4,82" ten="187,226,167,420" oya="3" hai0="54,83,26,73,98,77,131,111,95,49,68,81,118" hai1="114,16,7,104,58,93,109,5,29,116,76,30,67" hai2="24,66,128,34,125,117,102,60,100,55,56,119,87" hai3="85,108,33,42,115,123,69,37,96,62,110,78,0"/><W59/><G123/><T91/><D111/><N who="3" m="42537" /><G115/><T47/><D131/><U74/><E114/><V135/><F125/><W27/><G0/><T79/><D68/><U121/><E104/><V57/><F135/><W122/><G122/><T39/><D118/><U97/><E116/><V64/><F128/><W19/><G69/><T20/><D39/><U23/><E121/><V21/><F34/><W4/><G4/><N who="1" m="1610" /><E76/><V11/><F11/><W43/><G96/><T134/><D134/><U2/><E74/><V1/><F1/><W80/><G37/><T35/><D35/><U3/><E3/><V63/><F55/><N who="3" m="34175" /><G19/><T45/><D54/><U17/><E17/><V75/><F75/><W88/><G78/><T90/><D90/><N who="1" m="55479" /><E2/><V9/><F9/><W94/><G80/><T84/><REACH who="0" step="1"/><D49/><REACH who="0" ten="177,226,167,420" step="2"/><U86/><E109/><V101/><F119/><W22/><G22/><T99/><D99/><U8/><E23/><V14/><F117/><W130/><G130/><T12/><D12/><U44/><E8/><V38/><F14/><W70/><G70/><T92/><D92/><U13/><E13/><V132/><F38/><W52/><G52/><T89/><D89/><U120/><E120/><V15/><F15/><W107/><G107/><T71/><D71/><U48/><E48/><V31/><F132/><W25/><G33/><T106/><D106/><U129/><E129/><V61/><F61/><W41/><AGARI ba="2,1" hai="25,27,41,42,43,85,88,94" m="34175,42537" machi="41" ten="30,11700,0" yaku="14,1,10,1,52,1,54,1" doraHai="82" who="3" fromWho="3" sc="177,-41,226,-41,167,-41,420,133" /><INIT seed="3,3,0,3,1,92" ten="136,185,126,553" oya="3" hai0="88,72,87,42,2,86,10,55,76,63,1,117,28" hai1="102,11,35,124,29,78,81,80,17,62,24,68,51" hai2="106,123,61,33,116,12,13,49,126,53,65,79,89" hai3="122,77,71,16,56,25,114,75,57,41,107,94,85"/><W23/><G114/><T108/><D117/><U93/><E124/><V6/><F126/><W109/><G122/><T128/><D108/><U58/><E68/><V19/><F33/><W84/><G107/><T134/><D128/><U119/><E119/><V135/><F106/><W97/><G71/><T5/><D134/><U21/><E11/><V48/><F79/><W129/><G109/><T66/><D42/><U74/><E51/><V45/><F135/><W44/><G75/><T91/><D72/><U83/><E102/><V110/><F110/><W103/><G129/><T4/><D76/><U101/><E101/><V34/><F34/><W82/><G85/><T43/><D43/><U70/><E93/><V18/><F123/><W96/><G97/><T131/><D131/><U67/><E70/><V14/><F6/><W90/><G77/><T54/><D28/><U59/><E59/><N who="2" m="37055" /><F116/><W130/><G130/><T100/><D100/><U36/><E36/><AGARI ba="3,0" hai="16,23,25,36,41,44,56,57,82,84,90,94,96,103" machi="36" ten="30,5800,0" yaku="7,1,52,1,54,1" doraHai="92" who="3" fromWho="1" sc="136,0,185,-67,126,0,553,67" /><INIT seed="3,4,0,3,1,70" ten="136,118,126,620" oya="3" hai0="104,81,34,38,93,13,50,49,116,101,41,1,44" hai1="128,23,12,95,117,4,57,10,99,51,100,97,113" hai2="126,6,88,107,132,71,35,63,89,30,98,111,121" hai3="96,77,68,76,46,72,36,131,27,5,127,123,108"/><W86/><G123/><T129/><D116/><U82/><E113/><V135/><F111/><W125/><G68/><T85/><D1/><U28/><E128/><V55/><F6/><W64/><G64/><T53/><D129/><U17/><E117/><V119/><F119/><W31/><G131/><T11/><D34/><U66/><E28/><V60/><F126/><W65/><G65/><T102/><D104/><U114/><E114/><V18/><F18/><W103/><G72/><T124/><D124/><U24/><E82/><V26/><F121/><W61/><G108/><T87/><D38/><U43/><E99/><V90/><F55/><W109/><G109/><T69/><D69/><U78/><E78/><V33/><F33/><W110/><G110/><T73/><D73/><U22/><E22/><V83/><F83/><W130/><G96/><T59/><D93/><U19/><E4/><V106/><F63/><W115/><G61/><T54/><D87/><U39/><E66/><N who="2" m="41415" /><F106/><W67/><G5/><T7/><REACH who="0" step="1"/><D54/><REACH who="0" ten="126,118,126,620" step="2"/><U84/><E84/><V80/><F80/><N who="3" m="47367" /><G127/><T25/><D25/><U105/><E105/><V15/><F15/><W75/><G75/><T120/><D120/><U112/><E112/><V52/><F52/><W45/><G130/><T48/><D48/><U134/><E51/><V92/><F92/><W8/><G27/><T3/><D3/><U40/><E24/><V9/><F107/><W29/><G125/><T37/><D37/><U91/><E39/><V2/><F98/><W0/><G0/><T74/><D74/><U62/><E97/><V14/><F2/><RYUUKYOKU ba="4,1" sc="126,15,118,-15,126,15,620,-15" hai0="7,11,13,41,44,49,50,53,59,81,85,101,102" hai2="9,14,26,30,35,88,89,90,132,135" /><INIT seed="4,5,1,5,5,66" ten="141,103,141,605" oya="0" hai0="14,72,41,115,79,114,70,103,27,94,36,32,64" hai1="42,106,39,95,120,16,19,134,46,62,127,99,118" hai2="22,38,57,90,31,15,110,78,35,47,1,12,18" hai3="50,117,130,59,124,71,81,77,73,30,4,26,75"/><T128/><D128/><U131/><E120/><V122/><F110/><W55/><G71/><T45/><D14/><U129/><E118/><V21/><F1/><W82/><G117/><T29/><D94/><U40/><E127/><V97/><F78/><W112/><G112/><T80/><D103/><U61/><E134/><V135/><F38/><W87/><G124/><T13/><D13/><U51/><E106/><V53/><F47/><W108/><G108/><T85/><D85/><U0/><E40/><V20/><F135/><W44/><G4/><T52/><D52/><N who="1" m="29815" /><E39/><V65/><F65/><W48/><G82/><T84/><D84/><U60/><E42/><V24/><F122/><W113/><G113/><T9/><D9/><U132/><E0/><V116/><F116/><W105/><G105/><T107/><D107/><U63/><N who="1" m="15360" /><DORA hai="23" /><U28/><E28/><V37/><F37/><W109/><G130/><N who="1" m="49674" /><E132/><V25/><F25/><W86/><G86/><T11/><D64/><U7/><E7/><V10/><F57/><W8/><G8/><T33/><D11/><U125/><E125/><V43/><F43/><W2/><G109/><T58/><D58/><U92/><E92/><N who="2" m="56471" /><F35/><W133/><G133/><T54/><D54/><U88/><AGARI ba="5,1" hai="16,19,88,95,99" m="49674,15360,29815" machi="88" ten="50,8000,1" yaku="19,1,54,3" doraHai="66,23" who="1" fromWho="1" sc="141,-45,103,105,141,-25,605,-25" /><INIT seed="5,0,0,4,4,106" ten="96,208,116,580" oya="1" hai0="61,56,133,131,62,44,22,53,64,13,32,41,36" hai1="115,83,132,118,130,65,103,135,100,15,43,71,21" hai2="127,4,105,134,116,110,34,39,33,82,17,84,5" hai3="14,114,92,48,109,23,101,79,125,50,99,86,38"/><U81/><E118/><V60/><F105/><W57/><G109/><T94/><D32/><U120/><E120/><V31/><F39/><W72/><G38/><T98/><D131/><U47/><E115/><V27/><F60/><W3/><G3/><T89/><D133/><U69/><E130/><V117/><F82/><W113/><G72/><T112/><D112/><U19/><E65/><V18/><F84/><W123/><G123/><T85/><D22/><U75/><E75/><V96/><F96/><W52/><G125/><T91/><D13/><U119/><E21/><V124/><F110/><W126/><G126/><T29/><D29/><U108/><E15/><V26/><REACH who="2" step="1"/><F31/><REACH who="2" ten="96,208,106,580" step="2"/><W51/><G114/><T20/><D85/><U74/><E108/><V78/><F78/><W104/><G104/><T45/><D62/><U77/><E83/><V54/><F54/><W66/><G113/><T25/><D89/><U8/><E135/><AGARI ba="0,1" hai="4,5,17,18,26,27,33,34,116,117,124,127,134,135" machi="135" ten="25,16000,3" yaku="1,1,22,2,34,3,53,2" doraHai="106" doraHaiUra="12" who="2" fromWho="1" sc="96,0,208,-160,106,170,580,0" /><INIT seed="6,0,0,3,2,25" ten="96,48,276,580" oya="2" hai0="37,127,52,120,35,43,74,119,14,36,106,75,41" hai1="82,96,0,107,6,32,7,132,86,11,39,83,81" hai2="61,128,57,117,122,18,4,85,20,59,123,111,78" hai3="124,133,10,129,121,79,31,27,62,16,63,13,90"/><V88/><F117/><W66/><G121/><T22/><D120/><U135/><E39/><V68/><F128/><W102/><G124/><T73/><D106/><U89/><E7/><V23/><F111/><W42/><G133/><T5/><D35/><U99/><E107/><V104/><F104/><W130/><G102/><T101/><D101/><U109/><E109/><V131/><F131/><W19/><G79/><T54/><D127/><U103/><E103/><V29/><F68/><W93/><G42/><T48/><D119/><U15/><E15/><V80/><F4/><W84/><G19/><T34/><D34/><U77/><E32/><V33/><F33/><W1/><G1/><T67/><D67/><U126/><E126/><V8/><F59/><W30/><G130/><T92/><D92/><U76/><E76/><V56/><F56/><W24/><G66/><T110/><D110/><U44/><E44/><V91/><F123/><W113/><G113/><T95/><D95/><U97/><REACH who="1" step="1"/><E77/><REACH who="1" ten="96,38,276,580" step="2"/><V116/><F116/><W3/><G3/><T51/><D37/><U17/><E17/><V69/><F122/><W65/><G129/><T53/><D36/><U38/><E38/><V55/><F8/><W9/><G10/><N who="0" m="4431" /><D22/><U45/><E45/><V49/><F23/><N who="3" m="15647" /><G65/><T64/><D64/><U100/><E100/><V134/><F134/><AGARI ba="0,1" hai="0,6,11,81,82,83,86,89,96,97,99,132,134,135" machi="134" ten="40,2600,0" yaku="1,1,20,1,53,0" doraHai="25" doraHaiUra="118" who="1" fromWho="2" sc="96,0,38,36,276,-26,580,0" /><INIT seed="7,0,0,4,2,15" ten="96,74,250,580" oya="3" hai0="59,28,42,125,98,112,80,12,66,132,58,116,23" hai1="87,118,1,106,44,121,50,39,63,102,46,79,19" hai2="56,11,18,13,9,91,55,37,31,114,94,78,90" hai3="96,25,99,52,53,16,81,115,8,0,133,123,7"/><W128/><G123/><T67/><D116/><U40/><E121/><V69/><F69/><W111/><G128/><T97/><D112/><U120/><E120/><V117/><F37/><W124/><G133/><T93/><D132/><U126/><E1/><V82/><F31/><W127/><G115/><T61/><D125/><U113/><E126/><N who="3" m="48170" /><G111/><T10/><D42/><U72/><E118/><V100/><F117/><W89/><G81/><T130/><D130/><U86/><E113/><V108/><F108/><W103/><G89/><N who="0" m="55471" /><D80/><U76/><E63/><V95/><F9/><W64/><G64/><N who="0" m="38967" /><D98/><N who="3" m="37417" /><G103/><T88/><D88/><U29/><E29/><V74/><F100/><W26/><G26/><N who="0" m="16479" /><D59/><U71/><E71/><V43/><F43/><W101/><G101/><T131/><D131/><U17/><E102/><V21/><F95/><W4/><G4/><AGARI ba="0,0" hai="4,10,12,66,67" m="16479,38967,55471" machi="4" ten="30,1000,0" yaku="8,1" doraHai="15" who="0" fromWho="3" sc="96,10,74,0,250,0,580,-10" owari="106,-29.0,74,-43.0,250,5.0,570,67.0" /></mjloggm>