<mjloggm ver="2.3"><GO type="169" lobby="0"/><UN n0="%E3%82%B5%E3%82%A6%E3%83%8A%E5%B0%8F%E5%83%A7" n1="%E3%83%8E%E3%82%AA%E3%83%81%E3%83%A3%E3%83%99%E3%82%B9" n2="%64%61%7A%61%69" n3="%6D%6F%72%65%6B%6F%75" dan="18,16,16,16" rate="2216.53,2107.48,2079.39,2090.46" sx="M,M,M,M"/><TAIKYOKU oya="0"/><INIT seed="0,0,0,4,1,61" ten="250,250,250,250" oya="0" hai0="131,0,77,50,54,111,106,67,25,80,72,10,9" hai1="96,104,42,81,83,120,68,86,125,110,132,101,130" hai2="105,116,24,112,32,90,70,88,22,87,35,15,109" hai3="55,107,71,95,33,114,128,3,16,8,91,60,2"/><T63/><D131/><U124/><E68/><V94/><F112/><W53/><G114/><T47/><D106/><U39/><E42/><V82/><F105/><W5/><G33/><T40/><D111/><U66/><E39/><V48/><F70/><W62/><G107/><T30/><D0/><U17/><E17/><V108/><F15/><W73/><G73/><T57/><REACH who="0" step="1"/><D40/><REACH who="0" ten="240,250,250,250" step="2"/><U118/><E130/><V76/><F109/><W7/><G3/><T122/><D122/><U14/><E120/><V12/><F108/><W99/><G128/><T38/><D38/><U92/><E110/><V69/><F116/><W117/><G117/><T129/><D129/><U113/><E118/><V52/><F69/><W45/><G2/><T19/><D19/><U115/><E115/><V121/><F121/><W23/><G16/><T43/><D43/><U31/><E113/><V29/><F12/><W36/><G7/><T49/><D49/><U127/><E14/><V6/><F6/><W75/><G5/><T20/><AGARI ba="0,1" hai="9,10,20,25,30,47,50,54,57,63,67,72,77,80" machi="20" ten="20,7800,0" yaku="1,1,0,1,7,1,52,1,53,0" doraHai="61" doraHaiUra="102" who="0" fromWho="0" sc="240,88,250,-26,250,-26,250,-26" /><INIT seed="0,1,0,3,1,33" ten="328,224,224,224" oya="0" hai0="45,93,61,98,5,46,6,116,80,127,53,20,29" hai1="113,107,88,114,101,118,109,3,70,69,106,115,90" hai2="43,123,21,131,60,42,104,23,25,103,57,91,89" hai3="9,119,64,96,49,78,66,92,36,48,19,35,97"/><T34/><D34/><U26/><E118/><V40/><F123/><W111/><G36/><T38/><D127/><U47/><E109/><V10/><F131/><W62/><G119/><T27/><D116/><U44/><E26/><V14/><F103/><W72/><G35/><T77/><D38/><U52/><E101/><V99/><F104/><N who="1" m="39977" /><E52/><N who="2" m="33831" /><F99/><W129/><G96/><T112/><D112/><U15/><E15/><V76/><F76/><W65/><G129/><T12/><D61/><U56/><E56/><V95/><F95/><W71/><G111/><T105/><D105/><U133/><E3/><V7/><F23/><W122/><G122/><T87/><D12/><U28/><E28/><AGARI ba="1,0" hai="7,10,14,21,25,28,40,42,43,89,91" m="33831" machi="28" ten="30,2000,0" yaku="8,1,54,1" doraHai="33" who="2" fromWho="1" sc="328,0,224,-23,224,23,224,0" /><INIT seed="1,0,0,2,5,34" ten="328,201,247,224" oya="1" hai0="73,127,8,85,79,47,103,93,104,13,50,91,110" hai1="74,129,96,122,30,5,131,23,61,134,28,46,68" hai2="125,86,67,124,21,2,58,39,95,19,109,4,66" hai3="128,76,97,83,38,101,45,72,20,84,33,7,1"/><U81/><E122/><V120/><F120/><W52/><G33/><T106/><D110/><U108/><E134/><V49/><F39/><W57/><G128/><N who="1" m="49226" /><E108/><V36/><F36/><W43/><G20/><T51/><D127/><N who="2" m="48714" /><F109/><W112/><G112/><T54/><D103/><U105/><E46/><V62/><F49/><W24/><G24/><T60/><D60/><U29/><E5/><V87/><F67/><W25/><G25/><T132/><D132/><U70/><E23/><V115/><F95/><W63/><G84/><T113/><D113/><U32/><E32/><V37/><F37/><W31/><G31/><T9/><D9/><U135/><E135/><V77/><F77/><W14/><G14/><T114/><D114/><U40/><E40/><V6/><F115/><W118/><G118/><T102/><D79/><N who="1" m="44279" /><E61/><V42/><F42/><W15/><G15/><T88/><D51/><U75/><E75/><V10/><F6/><W53/><G7/><T59/><D73/><U65/><E65/><V71/><F58/><W89/><G53/><T69/><D59/><U12/><E12/><AGARI ba="0,0" hai="2,4,10,12,19,21,62,66,71,86,87" m="48714" machi="12" ten="30,2000,0" yaku="18,1,52,1" doraHai="34" who="2" fromWho="1" sc="328,0,201,-20,247,20,224,0" /><INIT seed="2,0,0,0,1,20" ten="328,181,267,224" oya="2" hai0="4,99,83,27,46,109,28,132,116,126,114,48,12" hai1="80,98,134,61,32,118,87,117,102,128,19,74,51" hai2="9,91,16,89,26,58,43,60,123,33,31,54,22" hai3="55,135,6,78,29,131,86,14,108,30,110,113,49"/><V8/><F123/><W105/><G105/><T40/><D109/><N who="3" m="42089" /><G135/><T36/><D132/><U23/><E32/><V41/><F33/><W1/><G1/><T106/><D114/><U84/><E74/><V37/><F37/><W3/><G3/><T2/><D2/><U68/><E87/><V52/><F54/><W64/><G64/><T53/><D126/><U88/><E128/><V71/><F71/><W76/><G131/><T115/><D115/><U38/><E38/><V124/><F124/><W15/><G78/><T65/><D65/><U47/><E61/><V119/><F119/><W107/><G107/><T90/><D116/><U67/><E67/><V97/><F31/><N who="3" m="11787" /><G6/><T127/><D4/><U34/><E34/><V77/><F77/><W18/><G18/><T17/><D106/><U13/><E68/><V82/><F91/><W72/><G72/><T122/><D90/><U130/><E130/><V101/><F101/><W85/><G113/><T39/><D17/><U81/><E81/><V104/><F104/><W10/><G76/><T56/><D28/><U73/><E73/><V0/><F0/><W57/><G10/><N who="2" m="4201" /><F82/><W11/><G11/><T7/><D83/><U100/><E100/><V95/><AGARI ba="0,0" hai="16,22,26,41,43,52,58,60,89,95,97" m="4201" machi="95" ten="30,12000,1" yaku="25,1,8,1,52,1,54,2" doraHai="20" who="2" fromWho="2" sc="328,-40,181,-40,267,120,224,-40" /><INIT seed="2,1,0,5,1,74" ten="288,141,387,184" oya="2" hai0="114,34,81,15,37,123,66,111,42,89,98,20,84" hai1="12,36,113,56,124,97,51,76,117,9,19,92,115" hai2="43,109,120,128,1,59,88,27,122,63,41,3,61" hai3="53,90,125,135,60,31,93,52,68,55,26,67,129"/><V106/><F106/><W75/><G75/><T126/><D34/><U96/><E36/><V102/><F102/><W105/><G105/><T112/><D123/><U73/><E117/><V11/><F27/><W47/><G129/><T80/><D111/><U134/><E124/><V72/><F72/><W22/><G135/><T5/><D126/><U54/><E134/><V127/><F11/><W29/><G125/><T83/><D66/><U8/><E8/><V82/><F127/><W28/><REACH who="3" step="1"/><G47/><REACH who="3" ten="288,141,387,174" step="2"/><T133/><D133/><U10/><E115/><V24/><F128/><W40/><G40/><T79/><D42/><U32/><E113/><V100/><F43/><W86/><AGARI ba="1,1" hai="22,26,28,29,31,52,53,55,60,67,68,86,90,93" machi="86" ten="30,12000,2" yaku="1,1,0,1,54,1,53,3" doraHai="74" doraHaiUra="48" who="3" fromWho="3" sc="288,-31,141,-31,387,-61,174,133" /><INIT seed="3,0,0,1,5,89" ten="257,110,326,307" oya="3" hai0="43,73,42,117,97,4,72,70,126,52,123,135,18" hai1="41,49,74,46,92,47,128,6,60,111,39,45,40" hai2="67,5,119,20,62,86,103,64,16,44,122,14,1" hai3="93,24,82,36,25,121,133,33,17,96,98,113,31"/><W85/><G121/><T95/><D123/><U7/><E74/><V101/><F122/><W94/><G113/><T125/><D117/><U87/><E111/><V79/><F119/><W35/><G36/><T28/><D70/><U115/><E115/><V66/><F1/><W13/><G133/><T90/><D135/><U11/><E128/><V84/><F5/><W2/><G2/><T124/><D28/><U61/><E46/><V23/><F62/><W110/><G110/><T32/><D32/><U27/><E27/><N who="3" m="10314" /><G31/><T38/><D4/><U57/><E7/><V108/><F108/><W10/><G33/><T53/><D18/><U51/><E39/><V56/><F56/><W22/><G35/><T106/><D106/><U55/><E61/><V58/><F58/><W0/><G0/><T59/><D53/><U91/><E6/><V107/><F44/><W118/><G22/><T109/><D109/><U75/><E75/><N who="0" m="28745" /><D38/><U100/><E100/><N who="2" m="38475" /><F107/><W129/><G129/><T116/><D116/><U127/><E127/><N who="0" m="32513" /><T105/><DORA hai="34" /><D105/><U3/><E3/><V88/><F23/><W30/><G30/><T50/><AGARI ba="0,0" hai="42,43,50,52,59,90,95,97" m="32513,28745" machi="50" ten="50,6400,0" yaku="18,1,52,1,54,1" doraHai="89,34" who="0" fromWho="0" sc="257,64,110,-16,326,-16,307,-32" /><INIT seed="4,0,0,4,2,130" ten="321,94,310,275" oya="0" hai0="114,41,12,87,135,7,14,18,115,131,127,46,40" hai1="53,16,99,90,31,128,121,8,35,85,50,1,122" hai2="65,119,105,58,118,109,71,3,39,22,6,42,26" hai3="97,23,63,88,21,134,86,80,43,75,92,91,49"/><T111/><D131/><U82/><E128/><V27/><F109/><W67/><G75/><T60/><D111/><U55/><E55/><V84/><F105/><W106/><G106/><T59/><D127/><U4/><E99/><V117/><F71/><W38/><G38/><T15/><D7/><U112/><E112/><N who="0" m="43049" /><D87/><U101/><E101/><V95/><F42/><N who="0" m="16490" /><D46/><U69/><E69/><V70/><F70/><W66/><G134/><T78/><D78/><U56/><E31/><V81/><F95/><W33/><G33/><T20/><D135/><U103/><E103/><V125/><F39/><W102/><G102/><T2/><D2/><U77/><E35/><V110/><F6/><W74/><G74/><T45/><D45/><U19/><REACH who="1" step="1"/><E77/><REACH who="1" ten="321,84,310,275" step="2"/><N who="2" m="46127" /><F110/><W51/><G63/><T37/><D37/><U28/><E28/><V5/><F118/><W133/><G133/><T52/><AGARI ba="0,1" hai="12,14,15,18,20,52,59,60" m="16490,43049" machi="52" ten="30,3000,0" yaku="15,1,54,1" doraHai="130" who="0" fromWho="0" sc="321,40,84,-10,310,-10,275,-10" /><INIT seed="4,1,0,4,2,74" ten="361,74,300,265" oya="0" hai0="22,134,47,119,95,19,118,129,128,127,2,90,45" hai1="56,131,70,5,36,132,20,111,101,26,31,102,17" hai2="52,27,77,38,120,37,40,35,43,135,109,12,116" hai3="79,30,105,53,81,91,82,89,16,61,58,54,3"/><T93/><D2/><U125/><E70/><V65/><F109/><W11/><G105/><T41/><D127/><U10/><E36/><V98/><F120/><W14/><G3/><T126/><D126/><U7/><E125/><V122/><F122/><W71/><G71/><T25/><D134/><U78/><E111/><V110/><F110/><W57/><G30/><T46/><D41/><U84/><E131/><V76/><F65/><W60/><G82/><T44/><N who="0" m="11264" /><DORA hai="124" /><T121/><D121/><U18/><E56/><V0/><F0/><W87/><AGARI ba="1,0" hai="11,14,16,53,54,57,58,60,61,79,81,87,89,91" machi="87" ten="20,12000,2" yaku="0,1,7,1,9,1,8,1,52,1,54,1" doraHai="74,124" who="3" fromWho="3" sc="361,-61,74,-31,300,-31,265,123" /><INIT seed="5,0,0,2,2,30" ten="300,43,269,388" oya="1" hai0="43,29,111,112,8,73,99,109,96,59,49,70,108" hai1="69,9,27,121,113,92,120,114,65,115,15,77,124" hai2="16,122,3,28,128,90,119,50,48,81,67,126,103" hai3="130,18,85,42,21,97,19,104,26,0,118,53,11"/><U61/><E124/><V33/><F119/><W89/><G130/><T4/><D70/><U87/><E27/><V12/><F122/><W7/><G118/><T134/><D112/><U44/><E44/><V72/><F3/><W127/><G127/><T36/><D36/><U54/><E54/><V129/><F126/><W117/><G42/><T58/><D134/><U25/><E25/><N who="2" m="18575" /><F103/><W101/><G53/><T95/><D73/><U2/><E2/><V88/><F67/><W5/><G5/><T38/><D38/><U62/><E61/><V82/><F82/><W35/><G117/><T116/><D29/><U17/><REACH who="1" step="1"/><E92/><REACH who="1" ten="300,33,269,388" step="2"/><V14/><F14/><W40/><G40/><T23/><D43/><U6/><E6/><V125/><F125/><W106/><G104/><T34/><D4/><U94/><E94/><V24/><F24/><W51/><G26/><T47/><D95/><U64/><E64/><V63/><F63/><W105/><G7/><T74/><D116/><U123/><E123/><V31/><F31/><W80/><G0/><T22/><D47/><U71/><E71/><V78/><F50/><W13/><G51/><T91/><D49/><U131/><E131/><N who="2" m="50251" /><F48/><W135/><G105/><T66/><D66/><U57/><E57/><V98/><F98/><W100/><G97/><T86/><D99/><U102/><E102/><V45/><F45/><W133/><G106/><T110/><D96/><U10/><E10/><AGARI ba="0,1" hai="10,12,16,72,78,81,88,90" m="50251,18575" machi="10" ten="30,7700,0" yaku="19,1,52,1,54,2" doraHai="30" who="2" fromWho="1" sc="300,0,33,-77,269,87,388,0" owari="300,-10.0,-44,-54.0,356,16.0,388,48.0" /></mjloggm>