<mjloggm ver="2.3"><GO type="169" lobby="0"/><UN n0="%6D%61%74%6F%30%36%30%33" n1="%74%6E%66%73%68%32%30%34" n2="%E3%81%BE%E3%81%84%E3%81%BD%E3%82%93" n3="%E5%A5%88%E8%90%BD%E3%81%AE%E7%8E%8B" dan="18,17,16,17" rate="2254.23,2158.38,2060.21,2178.95" sx="M,M,M,M"/><TAIKYOKU oya="0"/><INIT seed="0,0,0,0,3,113" ten="250,250,250,250" oya="0" hai0="31,24,88,85,22,89,41,65,63,46,14,44,102" hai1="10,36,6,95,92,133,54,53,43,37,117,77,121" hai2="82,76,126,21,12,35,71,68,74,27,81,98,72" hai3="103,86,109,47,58,134,96,101,29,114,66,39,91"/><T100/><D89/><U61/><E121/><V67/><F126/><W80/><G114/><T15/><D15/><U90/><E77/><V7/><F35/><W19/><G134/><T20/><D14/><U135/><E61/><V123/><F123/><W25/><G19/><T38/><D44/><U51/><E43/><V59/><F98/><W0/><G0/><T33/><D33/><U129/><E90/><V11/><F59/><W48/><G39/><T42/><D42/><U45/><E129/><V105/><F105/><W120/><G120/><T132/><D20/><U87/><E87/><V1/><F1/><W17/><G17/><T34/><D34/><U104/><E45/><V52/><F52/><W28/><G28/><T110/><D132/><U62/><E62/><V49/><F49/><W83/><G83/><T127/><D127/><U128/><E51/><V124/><F67/><W2/><G2/><T64/><D64/><U130/><E10/><V70/><F124/><W122/><G122/><T40/><D110/><U118/><E104/><V99/><F99/><W5/><G109/><T107/><D40/><U75/><E6/><V106/><F106/><W13/><G5/><T79/><D79/><U111/><E75/><V93/><F93/><W3/><G47/><T69/><REACH who="0" step="1"/><D107/><REACH who="0" ten="240,250,250,250" step="2"/><U30/><E111/><V16/><F76/><W57/><G91/><T73/><D73/><U115/><E115/><V18/><F74/><W50/><G66/><T108/><D108/><U116/><E116/><V125/><F72/><W9/><G13/><T78/><D78/><U84/><E84/><RYUUKYOKU ba="0,1" sc="240,15,250,15,250,-15,250,-15" hai0="22,24,31,38,41,46,63,65,69,85,88,100,102" hai1="30,36,37,53,54,92,95,117,118,128,130,133,135" /><INIT seed="0,1,1,4,5,75" ten="255,265,235,235" oya="0" hai0="44,50,45,60,103,89,1,106,62,0,132,116,115" hai1="124,90,74,83,128,28,119,121,25,126,80,68,3" hai2="114,123,5,112,105,53,10,23,122,92,16,34,12" hai3="9,127,82,107,99,19,91,84,67,56,125,14,97"/><T61/><D115/><U37/><E121/><V38/><F105/><W81/><G107/><T130/><D116/><U131/><E119/><V129/><F34/><W27/><G82/><T113/><D113/><U36/><E68/><V66/><F129/><N who="1" m="49737" /><E3/><V104/><F104/><W6/><G27/><T85/><D130/><U72/><E90/><V108/><F38/><N who="1" m="14953" /><E83/><V20/><F66/><W63/><REACH who="3" step="1"/><G6/><REACH who="3" ten="255,265,235,225" step="2"/><T48/><D106/><U120/><E120/><V93/><F114/><W18/><G18/><T117/><D117/><U76/><E74/><V8/><F112/><W47/><G47/><T58/><D45/><U111/><E111/><V94/><F108/><W42/><G42/><T71/><D44/><U32/><AGARI ba="1,2" hai="25,28,32,72,76,80,124,126" m="14953,49737" machi="32" ten="40,5200,0" yaku="19,1,23,1,52,1" doraHai="75" who="1" fromWho="1" sc="255,-27,265,75,235,-14,225,-14" /><INIT seed="1,0,0,4,5,47" ten="228,340,221,211" oya="1" hai0="37,86,119,49,58,92,30,134,77,2,84,105,27" hai1="106,125,4,3,88,117,78,101,129,1,50,97,70" hai2="17,59,34,80,25,91,82,65,19,10,99,72,132" hai3="118,110,81,89,15,93,60,115,121,13,133,52,35"/><U114/><E117/><V39/><F39/><W12/><G115/><T130/><D105/><U75/><E114/><V67/><F132/><W66/><G121/><T53/><D119/><U108/><E70/><V131/><F131/><W116/><G35/><T16/><D37/><U90/><E129/><V45/><F72/><W120/><G120/><T71/><D71/><U63/><E63/><V74/><F74/><W23/><G133/><T111/><D130/><U38/><E38/><V24/><F45/><W22/><G110/><T31/><D2/><U29/><E29/><V55/><F34/><W100/><G81/><N who="0" m="47151" /><D111/><U61/><E61/><V128/><F128/><W96/><G116/><T51/><D134/><U62/><E62/><V0/><F0/><W109/><G109/><T56/><D92/><U21/><E108/><V18/><F10/><W36/><G36/><T32/><D86/><U14/><E1/><V127/><F82/><W44/><G118/><T122/><D32/><U43/><E3/><V126/><F80/><W87/><G87/><T123/><D123/><U33/><E33/><V79/><F79/><W6/><G6/><T41/><D122/><U5/><E78/><V98/><F91/><N who="1" m="34857" /><E75/><V28/><F28/><N who="0" m="10794" /><D41/><U54/><E43/><V7/><F7/><W104/><G104/><T40/><D40/><U11/><E4/><V8/><F8/><W73/><G73/><T26/><D16/><N who="1" m="10391" /><E5/><V76/><F76/><W103/><G89/><T112/><D112/><U83/><E11/><V107/><F107/><W85/><G85/><T48/><D53/><U42/><E106/><RYUUKYOKU ba="0,0" sc="228,30,340,-10,221,-10,211,-10" hai0="26,27,48,49,51,56,58" /><INIT seed="2,1,0,5,1,103" ten="258,330,211,201" oya="2" hai0="118,101,89,85,127,94,95,72,15,4,29,130,97" hai1="120,24,34,43,105,68,27,66,13,23,17,54,11" hai2="125,104,12,32,100,26,106,56,71,132,70,5,16" hai3="64,90,30,63,37,53,77,122,6,96,86,79,91"/><V39/><F5/><W31/><G37/><T117/><D29/><U1/><E43/><V107/><F39/><W2/><G53/><T115/><D4/><N who="1" m="1423" /><E54/><V47/><F100/><W18/><G18/><T78/><D15/><U62/><E27/><V108/><F132/><W57/><G122/><T65/><D65/><U35/><E35/><V69/><F125/><W36/><G36/><T83/><D115/><U48/><E48/><V52/><F108/><W33/><G2/><T59/><D59/><U14/><E14/><V38/><F32/><W67/><G67/><T128/><D127/><U7/><E7/><V82/><F82/><N who="3" m="49495" /><G33/><T80/><D80/><U75/><E75/><V44/><F26/><W87/><G96/><T113/><D113/><U98/><E98/><V42/><F47/><W81/><G6/><T45/><D45/><U20/><E20/><V55/><REACH who="2" step="1"/><F56/><REACH who="2" ten="258,330,201,201" step="2"/><W61/><G57/><T40/><D40/><U58/><E58/><V76/><F76/><W9/><G77/><T121/><D121/><U41/><E120/><V92/><F92/><W134/><G79/><T119/><AGARI ba="1,1" hai="72,78,83,85,89,94,95,97,101,117,118,119,128,130" machi="119" ten="40,8000,1" yaku="0,1,12,1,34,3" doraHai="103" who="0" fromWho="0" sc="258,93,330,-21,201,-41,201,-21" /><INIT seed="3,0,0,0,2,115" ten="351,309,160,180" oya="3" hai0="1,113,17,45,14,82,128,70,122,25,88,73,118" hai1="37,100,116,133,64,129,58,130,132,98,53,107,127" hai2="80,63,71,11,0,83,87,89,4,135,30,121,78" hai3="59,65,20,7,39,119,108,97,85,19,55,61,9"/><W13/><G39/><T104/><D1/><U32/><E32/><V33/><F121/><W134/><G134/><N who="1" m="51818" /><E37/><V111/><F111/><W10/><G108/><T46/><D70/><U41/><E41/><V2/><F135/><W74/><G74/><T81/><D104/><U91/><E64/><V101/><F101/><W92/><G85/><T72/><D122/><U124/><E91/><V110/><F110/><W56/><G119/><T125/><D118/><U57/><E116/><V112/><F112/><W3/><G10/><T38/><D25/><U120/><E120/><V94/><F0/><W18/><G18/><T77/><D46/><U12/><E12/><V117/><F117/><W99/><REACH who="3" step="1"/><G92/><REACH who="3" ten="351,309,160,170" step="2"/><T24/><D17/><U47/><E107/><V48/><F94/><W62/><AGARI ba="0,1" hai="3,7,9,13,19,20,55,56,59,61,62,65,97,99" machi="62" ten="20,7800,0" yaku="1,1,2,1,0,1,7,1,53,0" doraHai="115" doraHaiUra="21" who="3" fromWho="3" sc="351,-26,309,-26,160,-26,170,88" /><INIT seed="3,1,0,3,0,120" ten="325,283,134,258" oya="3" hai0="116,30,75,127,38,31,26,77,104,43,6,126,42" hai1="90,68,8,45,81,80,114,123,54,113,19,17,63" hai2="69,67,78,86,25,103,15,51,23,52,98,107,13" hai3="91,108,7,4,53,115,55,27,11,95,34,133,5"/><W21/><G34/><T89/><D116/><U134/><E123/><V119/><F119/><W33/><G33/><T125/><D104/><U132/><E68/><V109/><F109/><W14/><G115/><N who="1" m="44042" /><E63/><V70/><F70/><W112/><G112/><T101/><D101/><U2/><E2/><V87/><F69/><W85/><G133/><N who="1" m="51306" /><E8/><V57/><F67/><W29/><REACH who="3" step="1"/><G108/><REACH who="3" ten="325,283,134,248" step="2"/><T18/><D126/><U20/><E20/><V96/><F96/><W82/><G82/><N who="1" m="31850" /><E90/><V110/><F110/><W62/><G62/><T130/><D89/><U66/><E66/><V0/><F98/><W100/><G100/><T128/><D127/><U129/><E129/><V79/><F103/><W88/><G88/><T72/><D125/><U97/><E97/><V106/><F79/><W74/><G74/><T118/><D75/><U24/><E24/><V76/><F78/><W121/><G121/><T36/><D72/><U56/><E56/><V117/><F76/><W94/><G94/><T92/><D92/><U102/><E102/><V99/><F99/><W46/><G46/><T49/><D77/><U3/><E3/><V64/><F0/><W131/><G131/><T32/><D26/><U135/><E135/><V83/><F25/><W84/><G84/><T124/><D124/><U41/><E54/><AGARI ba="1,1" hai="4,5,7,11,14,21,27,29,53,54,55,85,91,95" machi="54" ten="40,3900,0" yaku="1,1,8,1,53,0" doraHai="120" doraHaiUra="105" who="3" fromWho="1" sc="325,0,283,-42,134,0,248,52" /><INIT seed="3,2,0,3,4,27" ten="325,241,134,300" oya="3" hai0="112,114,104,92,21,60,57,98,88,81,36,90,63" hai1="2,5,18,70,75,106,35,19,9,30,53,23,54" hai2="67,56,66,33,14,29,94,123,117,16,65,77,111" hai3="78,95,116,118,6,131,107,41,115,0,89,99,119"/><W79/><G41/><T127/><D36/><U64/><E75/><V83/><F117/><W125/><G6/><T43/><D43/><U93/><E106/><V38/><F38/><W31/><G0/><T34/><D34/><U28/><E70/><V17/><F123/><W46/><G46/><T24/><D104/><U44/><E64/><V58/><F111/><W109/><G31/><N who="1" m="11818" /><E35/><V133/><F133/><W121/><G121/><T7/><D7/><U61/><E2/><V1/><F1/><W86/><G115/><T126/><D81/><U124/><E124/><N who="0" m="47657" /><D90/><U74/><E74/><V51/><F94/><W37/><G37/><T55/><D63/><U8/><E5/><V68/><F68/><W134/><G125/><T49/><D60/><U32/><E32/><V132/><F132/><W120/><G120/><T13/><D13/><N who="1" m="9679" /><E19/><AGARI ba="2,0" hai="19,21,24,49,55,57,88,92,98,112,114" m="47657" machi="19" ten="30,2000,0" yaku="18,1,54,1" doraHai="27" who="0" fromWho="1" sc="325,26,241,-26,134,0,300,0" /><INIT seed="4,0,0,0,5,71" ten="351,215,134,300" oya="0" hai0="36,126,114,102,48,57,101,127,32,77,46,0,5" hai1="104,108,63,4,75,80,14,21,69,107,34,38,95" hai2="120,11,45,105,49,30,18,123,2,22,29,93,13" hai3="27,35,64,131,128,73,99,33,88,61,72,119,1"/><T94/><D32/><U7/><E108/><V25/><F105/><W96/><G1/><T84/><D114/><U15/><E34/><V122/><F93/><N who="3" m="56359" /><G99/><T58/><D5/><U70/><E95/><V20/><F49/><W37/><G37/><T89/><D0/><U40/><E21/><V76/><F76/><W39/><G39/><T10/><D77/><U9/><E80/><V92/><F92/><W17/><G35/><T133/><D10/><U56/><E75/><V121/><N who="2" m="30720" /><DORA hai="24" /><V124/><F45/><W12/><G27/><T98/><D133/><U52/><E70/><V8/><F124/><N who="0" m="47658" /><D36/><U90/><E69/><V85/><F85/><W81/><G81/><N who="0" m="49295" /><D102/><U16/><E90/><V6/><F20/><N who="3" m="11303" /><G119/><T67/><D67/><U62/><E4/><AGARI ba="0,0" hai="2,4,6,8,11,13,18,22,25,29,30" m="30720" machi="4" ten="70,8000,1" yaku="34,3,52,2" doraHai="71,24" who="2" fromWho="1" sc="351,0,215,-80,134,80,300,0" /><INIT seed="5,0,0,5,0,125" ten="351,135,214,300" oya="1" hai0="52,50,8,49,36,0,39,119,13,87,111,127,68" hai1="9,84,69,98,85,30,130,17,3,90,51,81,132" hai2="12,80,58,115,63,23,124,109,10,77,16,34,20" hai3="79,120,4,131,26,76,108,54,101,48,118,75,123"/><U22/><E69/><V44/><F124/><W14/><G108/><T107/><D111/><U40/><E132/><V121/><F109/><W21/><G101/><T5/><D107/><U116/><E116/><V15/><F34/><W102/><G102/><T35/><D35/><U60/><E60/><V61/><F121/><W37/><G37/><T94/><D68/><U31/><E98/><V53/><F115/><W47/><G118/><T41/><D119/><U99/><E99/><V24/><F44/><W38/><G38/><T59/><D0/><U128/><E85/><N who="2" m="48271" /><F53/><W73/><G73/><T7/><D7/><N who="1" m="1279" /><E51/><V106/><F58/><W74/><G74/><T105/><D105/><U25/><E40/><V129/><F106/><W43/><G43/><T134/><D134/><U117/><E117/><V86/><F86/><W71/><G71/><T18/><D127/><U96/><E96/><V78/><F78/><W126/><G126/><T114/><D114/><U1/><E1/><V95/><F95/><W92/><G92/><T104/><D104/><U70/><E70/><V11/><F129/><AGARI ba="0,0" hai="17,22,25,30,31,81,84,90,128,129,130" m="1279" machi="129" ten="30,11600,0" yaku="19,1,52,3" doraHai="125" who="1" fromWho="2" sc="351,0,135,116,214,-116,300,0" /><INIT seed="5,1,0,4,5,60" ten="351,251,98,300" oya="1" hai0="53,118,87,65,64,110,25,43,14,18,89,46,132" hai1="130,58,51,71,134,62,67,11,34,120,70,41,2" hai2="93,63,91,125,77,29,116,82,113,23,37,100,69" hai3="78,97,88,17,21,19,28,16,68,126,117,54,86"/><U99/><E120/><V135/><F116/><W121/><G121/><T49/><D110/><U72/><E72/><V24/><F37/><W44/><G68/><T40/><D118/><U32/><E130/><V8/><F125/><W45/><G126/><T10/><D132/><U119/><E119/><V108/><F135/><W33/><G33/><T80/><D25/><U94/><E134/><V85/><F108/><W122/><G122/><T112/><D112/><U103/><E71/><V4/><F113/><W73/><G73/><T109/><D109/><U129/><E129/><V30/><F100/><W6/><G6/><T81/><D81/><U61/><E11/><V79/><F30/><W48/><G117/><T47/><D40/><U90/><E2/><V31/><F29/><W102/><G78/><T15/><D15/><U38/><E51/><AGARI ba="1,0" hai="10,14,18,43,46,47,49,51,53,64,65,80,87,89" machi="51" ten="30,12000,2" yaku="7,1,25,2,8,1,52,2" doraHai="60" who="0" fromWho="1" sc="351,123,251,-123,98,0,300,0" /><INIT seed="6,0,0,0,0,125" ten="474,128,98,300" oya="2" hai0="14,31,22,101,117,135,26,62,1,21,36,19,108" hai1="12,53,10,46,34,81,11,48,130,35,41,113,102" hai2="69,3,55,112,7,18,95,13,110,75,17,63,49" hai3="44,85,33,72,73,103,115,67,94,106,9,23,133"/><V126/><F75/><W105/><G33/><T86/><D36/><U16/><E113/><V80/><F126/><W100/><G67/><T88/><D108/><U60/><E102/><V74/><F112/><W131/><G23/><N who="0" m="15839" /><D1/><U50/><E60/><V129/><F110/><W6/><G44/><T47/><D135/><U119/><E119/><V128/><F3/><W89/><G9/><N who="0" m="6607" /><D101/><U58/><E130/><N who="2" m="50283" /><F95/><W91/><G6/><T134/><D134/><U78/><REACH who="1" step="1"/><E10/><REACH who="1" ten="474,118,98,300" step="2"/><N who="2" m="4319" /><F63/><W114/><G131/><T8/><D117/><U127/><E127/><V57/><F69/><W65/><G133/><T40/><D8/><U51/><E51/><V70/><F70/><W45/><G114/><T54/><D40/><U118/><E118/><V96/><F96/><W121/><G115/><T111/><D111/><U61/><E61/><V104/><F104/><W15/><G106/><T132/><D132/><U92/><E92/><V99/><F99/><W87/><G105/><T84/><D84/><AGARI ba="0,1" hai="11,12,16,34,35,41,46,48,50,53,58,78,81,84" machi="84" ten="30,8000,1" yaku="1,1,7,1,54,1,53,2" doraHai="125" doraHaiUra="30" who="1" fromWho="0" sc="474,-80,118,90,98,0,300,0" /><INIT seed="7,0,0,4,1,48" ten="394,208,98,300" oya="3" hai0="15,74,76,103,17,99,27,72,33,58,52,70,91" hai1="126,97,125,8,44,60,123,28,128,11,56,134,46" hai2="69,114,43,112,51,64,14,21,13,83,66,59,75" hai3="0,92,9,124,37,35,113,7,121,53,77,127,100"/><W117/><G117/><T19/><D70/><U63/><E123/><V39/><F75/><W101/><G121/><T12/><D33/><U47/><E28/><V94/><F83/><W34/><G37/><T16/><D74/><U93/><E128/><V96/><F21/><W25/><G113/><T81/><D91/><U65/><E134/><V45/><F13/><W50/><G77/><T110/><D27/><U61/><E8/><V71/><F14/><W106/><G106/><T98/><D110/><U132/><E11/><V130/><F130/><W57/><G35/><T78/><D78/><U20/><E20/><V6/><F6/><W67/><G67/><T42/><D42/><U10/><E10/><V32/><F32/><W73/><G73/><T111/><D111/><U30/><E30/><V109/><F109/><W18/><G92/><T116/><D99/><U54/><E132/><V84/><F84/><W3/><G3/><T41/><D41/><U31/><E31/><V105/><F105/><W122/><G122/><T86/><D72/><U115/><E115/><N who="2" m="44075" /><F96/><W1/><G1/><T23/><D12/><U49/><E93/><V88/><F94/><W4/><G4/><T80/><D80/><U38/><E97/><V87/><F87/><W36/><G36/><T95/><D116/><U90/><E90/><V133/><F88/><W82/><G82/><T26/><D15/><U40/><E65/><N who="2" m="25195" /><F133/><W85/><G85/><T29/><D29/><U135/><E135/><V89/><F89/><W119/><G34/><T22/><D22/><U129/><E129/><V62/><F39/><RYUUKYOKU ba="0,0" sc="394,10,208,10,98,10,300,-30" hai0="16,17,19,23,26,52,58,76,81,86,95,98,103" hai1="38,40,44,46,47,49,54,56,60,61,63,125,126" hai2="43,45,51,59,62,69,71" owari="404,50.0,218,-18.0,108,-39.0,270,7.0" /></mjloggm>