<mjloggm ver="2.3"><GO type="169" lobby="0"/><UN n0="%E9%88%B4%E4%BE%8D" n1="%6B%75%7A%75%6E" n2="%E5%BD%A9%E4%BA%AC" n3="%E3%81%A4%E3%82%80%E3%81%90" dan="18,18,17,16" rate="2257.17,2236.67,2203.15,2059.64" sx="M,M,M,M"/><TAIKYOKU oya="0"/><INIT seed="0,0,0,1,1,35" ten="250,250,250,250" oya="0" hai0="63,2,90,86,43,48,32,40,31,3,16,135,75" hai1="87,28,59,108,58,102,39,37,81,127,64,23,8" hai2="74,109,126,9,22,72,97,41,119,27,25,49,65" hai3="56,83,46,24,85,132,115,15,11,53,52,134,84"/><T120/><D120/><U76/><E108/><V101/><F119/><W105/><G105/><T29/><D75/><U94/><E127/><V18/><F126/><W10/><G115/><T55/><D135/><U1/><E58/><V130/><F130/><W100/><G100/><T79/><D79/><U45/><E45/><V6/><F65/><W104/><G104/><T19/><D63/><U103/><E103/><V96/><F27/><W50/><G24/><T80/><D32/><U124/><E124/><V0/><F109/><W14/><G132/><T17/><D31/><U20/><E23/><V70/><F70/><W42/><G134/><T133/><D29/><U121/><E121/><V60/><F60/><W107/><G107/><T7/><D133/><U129/><E129/><V36/><F36/><W30/><G30/><T61/><D61/><N who="1" m="37951" /><E8/><V123/><F123/><W5/><G83/><T66/><D66/><U89/><E102/><V93/><REACH who="2" step="1"/><F97/><REACH who="2" ten="250,250,240,250" step="2"/><W118/><G118/><T67/><D67/><U98/><E39/><V95/><F95/><W33/><G33/><T21/><D21/><U68/><E37/><V131/><F131/><W99/><G99/><T47/><REACH who="0" step="1"/><D7/><REACH who="0" ten="240,250,240,250" step="2"/><U69/><E69/><V88/><F88/><W62/><REACH who="3" step="1"/><G53/><REACH who="3" ten="240,250,240,240" step="2"/><T57/><D57/><U78/><E68/><V91/><F91/><W51/><G51/><T82/><D82/><U44/><E81/><V77/><F77/><W13/><G13/><T54/><D54/><U113/><E76/><V128/><F128/><W26/><G26/><T92/><D92/><N who="1" m="56591" /><E78/><V116/><F116/><W4/><AGARI ba="0,3" hai="4,5,10,11,14,15,42,46,50,52,56,62,84,85" machi="4" ten="20,12000,2" yaku="1,1,5,1,0,1,7,1,9,1,8,1,54,1,53,0" doraHai="35" doraHaiUra="114" who="3" fromWho="3" sc="240,-60,250,-30,240,-30,240,150" /><INIT seed="1,0,0,5,2,56" ten="180,220,210,390" oya="1" hai0="63,71,117,70,87,19,54,98,121,53,61,97,75" hai1="82,37,14,125,74,126,29,130,118,107,65,134,116" hai2="27,47,99,51,46,105,110,128,25,132,44,58,16" hai3="38,39,57,55,13,131,94,20,34,59,31,72,28"/><U123/><E107/><V102/><F110/><W135/><G72/><T80/><D117/><N who="1" m="45163" /><E82/><V106/><F132/><W112/><G59/><T66/><D75/><U49/><E74/><V22/><F128/><W4/><G34/><T9/><D121/><U33/><E37/><V103/><F58/><W67/><G67/><T133/><D133/><U88/><E14/><V109/><F109/><W24/><G31/><T92/><D71/><U113/><E49/><V40/><REACH who="2" step="1"/><F27/><REACH who="2" ten="180,220,200,390" step="2"/><W108/><G131/><T91/><D70/><U50/><E130/><V115/><F115/><W127/><G112/><T64/><D66/><U119/><E113/><V8/><F8/><W129/><G129/><T101/><D64/><U0/><E134/><V3/><F3/><W45/><G57/><T12/><D98/><AGARI ba="0,1" hai="16,22,25,40,44,46,47,51,98,99,102,103,105,106" machi="98" ten="40,5200,0" yaku="1,1,9,1,54,1,53,0" doraHai="56" doraHaiUra="77" who="2" fromWho="0" sc="180,-52,220,0,200,62,390,0" /><INIT seed="2,0,0,1,5,82" ten="128,220,262,390" oya="2" hai0="93,22,2,81,27,90,73,29,84,50,127,103,67" hai1="62,104,87,119,41,130,91,102,115,108,1,44,65" hai2="54,124,25,34,56,11,128,110,132,92,113,117,98" hai3="23,42,69,97,35,0,60,131,114,31,72,53,100"/><V86/><F117/><W77/><G23/><T30/><D127/><U58/><E108/><V105/><F113/><W76/><G53/><T59/><D2/><U6/><E130/><V61/><F124/><W83/><G77/><T46/><D73/><U106/><E115/><V17/><F128/><W79/><G79/><T16/><D67/><U32/><E32/><V49/><F132/><W63/><G63/><T112/><D59/><U75/><E75/><V13/><F110/><W47/><G131/><T33/><D112/><U48/><E119/><V95/><F105/><W55/><G55/><T107/><D107/><U88/><E91/><N who="2" m="53367" /><F34/><W71/><G114/><T133/><D133/><U111/><E102/><N who="2" m="60767" /><F25/><W64/><G69/><T78/><D33/><U51/><E111/><V70/><F70/><W80/><G0/><T26/><D26/><U94/><REACH who="1" step="1"/><E51/><AGARI ba="0,0" hai="11,13,17,49,51,54,56,61" m="60767,53367" machi="51" ten="30,2900,0" yaku="8,1,52,1" doraHai="82" who="2" fromWho="1" sc="128,0,220,-29,262,29,390,0" /><INIT seed="2,1,0,1,0,127" ten="128,191,291,390" oya="2" hai0="51,114,126,63,58,33,81,24,131,56,31,25,15" hai1="5,40,54,90,72,78,23,37,134,62,71,1,21" hai2="84,20,74,61,49,28,132,2,16,8,110,111,48" hai3="73,36,83,124,45,121,69,128,75,123,9,105,120"/><V79/><F74/><W42/><G124/><T109/><D114/><U117/><E117/><V119/><F119/><W68/><G105/><T86/><D126/><U88/><E54/><V7/><F132/><W102/><G102/><T89/><D109/><N who="2" m="41482" /><F28/><W0/><G128/><T53/><D25/><U26/><E62/><V100/><F100/><W66/><G66/><T125/><D125/><U65/><E65/><V57/><F84/><W35/><G35/><T55/><REACH who="0" step="1"/><D15/><REACH who="0" ten="118,191,291,390" step="2"/><U108/><E26/><N who="2" m="14599" /><F79/><W103/><G121/><T11/><D11/><U12/><E78/><V60/><F60/><W113/><G120/><T98/><D98/><U107/><E108/><V39/><F39/><W10/><G10/><T95/><D95/><U13/><E37/><V18/><F18/><W4/><G123/><T82/><D82/><U30/><E30/><V3/><F3/><W14/><G0/><T70/><D70/><U80/><E71/><V106/><F106/><W17/><G68/><T34/><D34/><U32/><E32/><V44/><F44/><W122/><G122/><T6/><D6/><U97/><E5/><V130/><F130/><AGARI ba="1,1" hai="24,31,33,51,53,55,56,58,63,81,86,89,130,131" machi="130" ten="40,8000,1" yaku="1,1,52,2,53,1" doraHai="127" doraHaiUra="76" who="0" fromWho="2" sc="118,93,191,0,291,-83,390,0" /><INIT seed="3,0,0,1,5,42" ten="211,191,208,390" oya="3" hai0="60,114,129,28,106,126,103,51,93,70,86,39,134" hai1="47,25,14,16,65,97,135,85,133,132,67,56,121" hai2="52,29,6,12,11,94,57,116,112,100,10,1,77" hai3="50,119,20,49,38,76,91,131,90,69,125,74,99"/><W9/><G119/><T18/><D39/><U122/><E25/><V2/><F112/><W55/><G38/><T40/><D114/><U117/><E117/><V53/><F116/><W88/><G69/><T63/><D70/><U5/><E5/><V35/><F77/><W109/><G125/><T21/><D106/><U33/><E33/><V101/><F2/><W78/><G131/><T36/><D36/><U30/><E30/><V105/><F105/><W71/><G71/><T37/><D37/><U58/><E85/><V22/><F53/><W92/><G109/><T128/><D28/><U111/><E97/><V113/><F94/><W87/><G49/><T27/><D134/><U84/><E84/><V4/><F113/><W72/><G9/><T80/><D126/><U45/><E111/><V23/><F35/><W108/><G20/><T83/><D93/><U89/><E89/><N who="3" m="34410" /><G50/><T17/><D103/><U34/><E34/><V44/><F23/><W82/><G55/><T127/><D127/><U43/><E43/><V24/><REACH who="2" step="1"/><F44/><REACH who="2" ten="211,191,198,390" step="2"/><N who="1" m="16969" /><E67/><V62/><AGARI ba="0,1" hai="1,4,6,10,11,12,22,24,29,52,57,62,100,101" machi="62" ten="20,5200,0" yaku="1,1,0,1,7,1,54,1,53,0" doraHai="42" doraHaiUra="95" who="2" fromWho="2" sc="211,-13,191,-13,198,62,390,-26" /><INIT seed="4,0,0,4,1,12" ten="198,178,260,364" oya="0" hai0="42,43,134,10,98,126,107,96,19,31,15,52,90" hai1="38,40,83,33,77,91,104,47,26,71,74,101,45" hai2="97,70,100,135,113,67,60,65,108,84,115,81,93" hai3="63,41,130,129,106,32,132,39,66,114,105,111,122"/><T4/><D126/><U28/><E47/><V35/><F35/><W50/><G50/><T55/><D134/><U116/><E91/><V124/><F108/><W72/><G63/><T44/><D107/><U0/><E116/><V53/><F124/><W16/><G16/><T17/><D31/><U57/><E57/><N who="2" m="34863" /><F70/><W73/><G66/><T75/><D75/><U30/><E28/><V51/><F51/><W5/><G5/><T27/><D90/><U103/><E103/><V119/><F135/><W46/><G46/><T118/><D118/><U14/><E14/><V88/><F119/><W117/><G41/><N who="0" m="15371" /><D4/><U89/><E89/><V37/><F37/><W58/><G58/><T80/><D80/><U127/><E127/><V56/><F56/><W25/><G73/><T22/><D44/><U86/><E86/><V24/><F81/><W11/><G106/><T6/><D6/><U23/><E23/><V8/><F100/><W2/><G11/><T36/><D36/><U128/><E71/><V59/><F8/><W9/><G9/><T95/><D95/><U48/><E38/><V29/><F29/><W7/><G7/><T110/><D110/><U69/><E69/><V34/><F93/><W18/><G105/><T20/><D22/><U64/><E104/><V92/><F34/><W123/><G117/><T131/><D131/><U68/><E128/><V121/><F92/><W79/><G111/><T94/><D94/><U76/><E101/><V13/><F121/><W49/><G39/><T3/><D3/><U112/><E0/><V120/><F120/><W102/><G123/><RYUUKYOKU ba="0,0" sc="198,30,178,-10,260,-10,364,-10" hai0="10,15,17,19,20,27,52,55,96,98" /><INIT seed="4,1,0,3,3,95" ten="228,168,250,354" oya="0" hai0="70,108,115,16,21,27,121,47,42,7,22,56,128" hai1="91,62,83,67,114,130,31,125,30,40,98,23,19" hai2="84,135,116,68,97,87,129,25,38,120,92,102,26" hai3="103,66,81,20,33,6,63,133,41,13,104,37,80"/><T18/><D121/><U73/><E125/><V82/><F120/><W24/><G133/><T29/><D115/><U58/><E130/><V69/><F38/><W118/><G118/><T57/><D128/><U99/><E114/><V53/><F129/><W2/><G41/><T112/><D112/><U106/><E73/><V65/><F135/><W117/><G37/><T122/><D122/><U60/><E40/><V0/><F0/><W15/><G15/><T10/><D70/><U4/><E4/><V74/><F74/><W113/><G117/><T51/><D108/><U89/><E83/><V50/><F116/><W44/><G44/><T34/><D34/><U123/><E123/><V77/><F87/><W1/><G1/><T45/><D45/><U64/><E106/><V14/><F65/><W72/><G72/><T32/><D32/><U5/><E5/><V109/><F109/><W17/><G113/><T100/><D100/><U105/><E105/><V134/><F69/><W71/><G103/><T94/><D94/><U93/><E91/><V132/><F68/><W110/><G104/><T52/><D21/><U48/><E48/><V35/><F35/><W79/><G79/><T85/><D85/><U90/><E90/><V111/><F111/><W11/><G110/><T36/><D57/><U119/><E119/><V124/><F124/><W43/><G43/><T8/><D8/><U101/><E101/><V49/><F134/><W9/><G9/><T59/><D56/><N who="1" m="36871" /><E99/><V12/><F132/><W61/><G61/><T131/><D131/><U46/><E46/><N who="2" m="27831" /><F50/><W75/><G75/><RYUUKYOKU ba="1,0" sc="228,0,168,0,250,0,354,0" hai0="7,10,16,18,22,27,29,36,42,47,51,52,59" hai1="19,23,30,31,58,62,67,89,93,98" hai2="12,14,25,26,77,82,84,92,97,102" hai3="2,6,11,13,17,20,24,33,63,66,71,80,81" /><INIT seed="4,2,0,4,5,115" ten="228,168,250,354" oya="0" hai0="1,9,96,93,55,15,101,126,47,127,50,32,68" hai1="107,113,116,40,12,111,23,76,84,2,134,48,71" hai2="63,91,21,83,19,88,110,67,64,31,22,13,57" hai3="118,52,46,37,4,0,102,106,108,24,94,20,66"/><T16/><D68/><U6/><E116/><V41/><F110/><W122/><G118/><T34/><REACH who="0" step="1"/><D1/><REACH who="0" ten="218,168,250,354" step="2"/><U69/><E2/><V125/><F125/><AGARI ba="2,1" hai="9,15,16,32,34,47,50,55,93,96,101,125,126,127" machi="125" ten="40,12000,1" yaku="1,1,2,1,18,1,54,1,53,0" doraHai="115" doraHaiUra="119" who="0" fromWho="2" sc="218,136,168,0,250,-126,354,0" /><INIT seed="4,3,0,5,5,2" ten="354,168,124,354" oya="0" hai0="1,98,16,43,70,61,80,21,117,8,49,101,129" hai1="12,65,135,0,30,66,7,128,54,79,3,100,67" hai2="111,99,22,107,56,81,33,57,125,48,74,120,75" hai3="47,53,34,94,68,23,37,92,55,38,123,105,25"/><T62/><D117/><U124/><E124/><V52/><F125/><W11/><G105/><T42/><D129/><U131/><E30/><V63/><F120/><W35/><G68/><T83/><D1/><N who="1" m="587" /><E79/><V60/><F33/><W116/><G11/><T51/><D8/><N who="1" m="4127" /><E54/><V133/><F111/><W71/><G71/><T24/><D70/><U69/><E69/><V14/><F133/><W112/><G23/><T119/><D119/><U106/><E100/><V95/><F107/><W44/><G116/><T110/><D110/><U113/><E106/><V58/><F81/><N who="0" m="31306" /><D98/><U109/><E109/><V72/><F48/><N who="0" m="18506" /><D101/><U96/><E96/><V41/><F41/><AGARI ba="3,0" hai="16,21,24,41,42,43,61,62" m="18506,31306" machi="41" ten="30,2900,0" yaku="8,1,54,1" doraHai="2" who="0" fromWho="2" sc="354,38,168,0,124,-38,354,0" /><INIT seed="4,4,0,5,1,93" ten="392,168,86,354" oya="0" hai0="10,55,28,118,36,109,90,59,84,30,5,33,107" hai1="14,122,68,62,61,40,46,17,37,85,7,83,123" hai2="58,99,92,50,47,24,129,76,12,6,32,103,81" hai3="89,39,119,112,18,3,43,77,48,94,20,51,98"/><T134/><D118/><U8/><E62/><V110/><F129/><W23/><G3/><T74/><D74/><U60/><E61/><V9/><F110/><W53/><G119/><T105/><D36/><U34/><E34/><V82/><F32/><W133/><G112/><T29/><D33/><U87/><E87/><V63/><F24/><W117/><G117/><T0/><D134/><U69/><E69/><V42/><REACH who="2" step="1"/><F76/><REACH who="2" ten="392,168,76,354" step="2"/><W56/><G77/><T79/><D79/><U41/><E123/><V132/><F132/><W67/><G133/><T35/><D35/><U66/><E122/><V104/><F104/><W19/><G67/><AGARI ba="4,1" hai="6,9,12,42,47,50,58,63,67,81,82,92,99,103" machi="67" ten="30,7700,0" yaku="1,1,7,1,8,1,52,1,53,0" doraHai="93" doraHaiUra="22" who="2" fromWho="3" sc="392,0,168,0,76,99,354,-89" /><INIT seed="5,0,0,4,3,48" ten="392,168,175,265" oya="1" hai0="36,27,114,80,135,107,33,98,134,41,49,133,105" hai1="99,132,117,106,120,128,85,103,13,0,73,123,6" hai2="93,3,126,52,38,104,72,26,58,47,16,102,95" hai3="2,56,88,101,131,119,9,92,14,60,83,113,108"/><U84/><E0/><V75/><F3/><W69/><G108/><T109/><D109/><U66/><E66/><V54/><F104/><W86/><G113/><T32/><D114/><U65/><E65/><V1/><F1/><W89/><G131/><T29/><D36/><U59/><E117/><V100/><F38/><W130/><G2/><T40/><D80/><U15/><E73/><V125/><F47/><W51/><G130/><T50/><D33/><U82/><E128/><V121/><F58/><W10/><G10/><T67/><D67/><U35/><E35/><V110/><F110/><W97/><G119/><T79/><D79/><U25/><E25/><V112/><F112/><W19/><G51/><N who="0" m="19467" /><D98/><U20/><E132/><V61/><F26/><W30/><G30/><T44/><D44/><U23/><E85/><V77/><F16/><W31/><G31/><T76/><D76/><U11/><E59/><V12/><F77/><W81/><G69/><T57/><D57/><U42/><E42/><AGARI ba="0,0" hai="27,29,32,40,41,42,105,107,133,134,135" m="19467" machi="42" ten="40,1300,0" yaku="20,1" doraHai="48" who="0" fromWho="1" sc="392,13,168,-13,175,0,265,0" /><INIT seed="6,0,0,1,5,127" ten="405,155,175,265" oya="2" hai0="56,126,125,69,46,67,37,31,1,15,90,36,116" hai1="52,94,85,105,134,17,70,44,60,87,58,24,63" hai2="115,79,80,18,29,112,33,131,21,35,81,55,68" hai3="59,132,118,121,40,101,5,106,96,9,113,107,123"/><V91/><F68/><W54/><G118/><T53/><D116/><U110/><E105/><V43/><F43/><W111/><G111/><T114/><D1/><U65/><E110/><V83/><F79/><W0/><G107/><T66/><D114/><N who="2" m="43562" /><F29/><W122/><G113/><T51/><D31/><U129/><E129/><V78/><F78/><W99/><G99/><T4/><D90/><U135/><E44/><V6/><F6/><W100/><G100/><T8/><D36/><U128/><E128/><V41/><F41/><W13/><G40/><N who="0" m="22799" /><D67/><U19/><E19/><V12/><F131/><W117/><G117/><T7/><D7/><U120/><E120/><V97/><F55/><W34/><G34/><N who="2" m="12809" /><F97/><W57/><G0/><T45/><D45/><U32/><E32/><V130/><F130/><W103/><G54/><T71/><D71/><U20/><REACH who="1" step="1"/><E94/><REACH who="1" ten="405,145,175,265" step="2"/><V82/><F81/><W93/><G122/><T74/><D126/><U92/><E92/><V64/><F64/><W98/><G121/><T14/><D125/><U25/><E25/><V102/><F102/><W3/><G123/><T77/><D69/><U109/><E109/><V49/><F91/><W16/><G103/><T124/><D124/><U61/><E61/><V48/><AGARI ba="0,1" hai="12,18,21,48,49,80,82,83" m="12809,43562" machi="48" ten="40,2100,0" yaku="15,1" doraHai="127" who="2" fromWho="2" sc="405,-7,145,-7,175,31,265,-7" /><INIT seed="6,1,0,4,3,98" ten="398,138,206,258" oya="2" hai0="24,33,5,39,96,64,107,70,124,7,32,47,59" hai1="21,74,2,119,116,50,134,4,3,31,38,131,76" hai2="111,29,85,35,71,75,92,62,36,15,42,66,12" hai3="28,78,11,80,122,101,27,97,58,61,9,83,56"/><V65/><F75/><W99/><G122/><T104/><D59/><U23/><E74/><V86/><F66/><W103/><G58/><T25/><D47/><U34/><E76/><V67/><F67/><W52/><G97/><T20/><D20/><U82/><E82/><V117/><F117/><W102/><G99/><T14/><D39/><U128/><E50/><V132/><F132/><W126/><G126/><T48/><D96/><U17/><E38/><V69/><F111/><W41/><G41/><T51/><D64/><U53/><E53/><V16/><F71/><W22/><REACH who="3" step="1"/><G83/><REACH who="3" ten="398,138,206,248" step="2"/><T0/><D124/><U19/><E134/><V121/><F121/><W114/><G114/><T125/><D125/><U40/><E40/><V112/><F42/><W91/><G91/><T8/><D70/><U13/><E31/><V118/><F29/><W133/><G133/><T120/><D120/><U87/><E87/><AGARI ba="1,1" hai="9,11,22,27,28,52,56,61,78,80,87,101,102,103" machi="87" ten="40,12000,2" yaku="1,1,8,1,52,3,54,1,53,0" doraHai="98" doraHaiUra="1" who="3" fromWho="1" sc="398,0,138,-123,206,0,248,133" /><INIT seed="7,0,0,3,5,86" ten="398,15,206,381" oya="3" hai0="123,44,12,121,68,29,22,53,27,16,122,65,135" hai1="38,7,91,133,134,58,74,129,100,21,30,36,82" hai2="3,92,94,67,108,77,52,125,76,72,41,57,20" hai3="18,6,130,5,31,112,113,99,69,71,128,110,14"/><W26/><G99/><T24/><D135/><U97/><E58/><V114/><F3/><W73/><G73/><T79/><D79/><U40/><E21/><V101/><F108/><W66/><G110/><T8/><D65/><U116/><E40/><V88/><F72/><W118/><G118/><T119/><D68/><U32/><E30/><V84/><F125/><W39/><G39/><T107/><D107/><U48/><E48/><V25/><F114/><N who="3" m="44139" /><G69/><T43/><D119/><U62/><E62/><V132/><F132/><W59/><G59/><T131/><D131/><N who="3" m="50217" /><G66/><T98/><D98/><U75/><E7/><V55/><F41/><W47/><G47/><T42/><D53/><U87/><E32/><V95/><F101/><W2/><G2/><T124/><D124/><U46/><E46/><V17/><F67/><W34/><G71/><T89/><D44/><U120/><E36/><V50/><REACH who="2" step="1"/><F55/><REACH who="2" ten="398,15,196,381" step="2"/><W10/><AGARI ba="0,1" hai="5,6,10,14,18,26,31,34" m="50217,44139" machi="10" ten="30,11700,0" yaku="15,1,19,1,34,2" doraHai="86" who="3" fromWho="3" sc="398,-39,15,-39,196,-39,381,127" owari="359,16.0,-24,-52.0,157,-24.0,508,60.0" /></mjloggm>