<mjloggm ver="2.3"><GO type="169" lobby="0"/><UN n0="%77%69%6C%73%6F%6E" n1="%4A%57%49%4C%4C" n2="%E3%81%A4%E3%82%80%E3%81%90" n3="%E3%81%A8%E3%81%B3%E3%81%BE%E3%81%93" dan="16,16,16,16" rate="2137.11,2116.44,2066.29,2094.83" sx="M,M,M,M"/><TAIKYOKU oya="0"/><INIT seed="0,0,0,2,5,15" ten="250,250,250,250" oya="0" hai0="118,123,95,119,72,12,93,76,87,108,92,36,14" hai1="70,61,98,105,9,33,85,97,125,104,86,56,51" hai2="35,131,73,64,84,48,28,102,63,5,60,23,68" hai3="44,96,127,43,11,91,7,67,79,0,88,38,106"/><T1/><D1/><U47/><E33/><V94/><F73/><W24/><G127/><T20/><D36/><U46/><E70/><V124/><F35/><W111/><G111/><T116/><D123/><U31/><E31/><V19/><F5/><W45/><G67/><T100/><D108/><U121/><E121/><V80/><F63/><W16/><G45/><T10/><D72/><U30/><E30/><V122/><F28/><W78/><G106/><T58/><D100/><U26/><E26/><V3/><F3/><W13/><G24/><T4/><D58/><U8/><E61/><V90/><F131/><W99/><G99/><T128/><D128/><U133/><E56/><V112/><F112/><W54/><G54/><T130/><D130/><U55/><E55/><V6/><F6/><W21/><REACH who="3" step="1"/><G96/><REACH who="3" ten="250,250,250,240" step="2"/><T62/><D118/><U77/><E125/><V83/><F124/><W18/><G18/><N who="0" m="10311" /><D119/><U37/><E104/><V103/><F122/><W132/><G132/><T65/><D116/><U57/><E105/><V109/><F109/><W22/><G22/><T52/><D65/><U117/><E117/><V115/><F115/><W29/><G29/><T40/><D40/><U126/><E126/><V34/><F34/><W135/><G135/><T75/><D52/><U41/><E133/><V66/><F64/><W110/><G110/><T113/><D113/><U107/><E107/><V25/><F66/><W74/><G74/><T114/><D114/><U134/><E134/><V27/><F27/><W89/><AGARI ba="0,1" hai="0,7,11,13,16,21,38,43,44,78,79,88,89,91" machi="89" ten="30,8000,1" yaku="1,1,0,1,52,1,54,2,53,0" doraHai="15" doraHaiUra="101" who="3" fromWho="3" sc="250,-40,250,-20,250,-20,240,90" /><INIT seed="1,0,0,4,0,68" ten="210,230,230,330" oya="1" hai0="15,38,108,72,130,67,30,106,110,64,94,34,92" hai1="24,20,105,54,114,73,45,32,37,39,0,113,3" hai2="49,111,70,90,44,60,85,61,104,23,128,83,133" hai3="59,26,97,109,69,86,7,10,75,129,93,80,21"/><U19/><E105/><V100/><F111/><N who="0" m="42538" /><D106/><U124/><E73/><V13/><F128/><W22/><G69/><T134/><D72/><U120/><E120/><V46/><F133/><W107/><G129/><T47/><D130/><U55/><E32/><V116/><F116/><W121/><G121/><T103/><D134/><U119/><E119/><V16/><F46/><W18/><G109/><T66/><D15/><U71/><E71/><V56/><F70/><W31/><G75/><T88/><D103/><U40/><E124/><V36/><F100/><W101/><G59/><T53/><D53/><U99/><E99/><V58/><F104/><W122/><G122/><T125/><D125/><U35/><E35/><V84/><F36/><W5/><G10/><T29/><D34/><U14/><E39/><V117/><F117/><W102/><G102/><T112/><D112/><U126/><E126/><V12/><F12/><N who="3" m="9415" /><G107/><T48/><D94/><U42/><E42/><V91/><F58/><W27/><G27/><T8/><D8/><U41/><E41/><V135/><F135/><W17/><G31/><T11/><D11/><U131/><E131/><V95/><REACH who="2" step="1"/><F56/><REACH who="2" ten="210,230,220,330" step="2"/><W2/><G2/><T4/><D38/><U43/><E3/><V25/><F25/><W74/><G74/><T65/><N who="0" m="16384" /><DORA hai="127" /><T78/><D47/><U28/><E0/><V81/><F81/><W62/><G62/><T6/><D48/><U82/><E82/><V87/><F87/><W1/><G1/><T63/><D63/><U50/><E37/><V33/><F33/><W115/><G115/><N who="1" m="44042" /><E43/><AGARI ba="0,1" hai="13,16,23,43,44,49,60,61,83,84,85,90,91,95" machi="43" ten="30,12000,2" yaku="1,1,7,1,8,1,54,1,53,2" doraHai="68,127" doraHaiUra="77,76" who="2" fromWho="1" sc="210,0,230,-120,220,130,330,0" /><INIT seed="2,0,0,2,5,92" ten="210,110,350,330" oya="2" hai0="45,12,26,134,23,9,51,93,86,120,76,0,82" hai1="121,19,56,98,103,34,122,124,128,100,87,28,37" hai2="8,21,41,13,118,113,89,29,65,62,94,85,108" hai3="40,72,110,22,63,71,27,42,67,117,111,31,105"/><V48/><F113/><W60/><G117/><T135/><D120/><N who="1" m="46187" /><E37/><V30/><F118/><W126/><G72/><T52/><D0/><U2/><E2/><V123/><F123/><W44/><G126/><T78/><D78/><U96/><E124/><V43/><F108/><W114/><G114/><T112/><D112/><U36/><E36/><V5/><F48/><W88/><G105/><T39/><D39/><U97/><E128/><V99/><F85/><W46/><G60/><T129/><D129/><U116/><E116/><V35/><F35/><W25/><G25/><T90/><D23/><U6/><E6/><V127/><F127/><W84/><G46/><T55/><D26/><N who="1" m="18711" /><E19/><V61/><F61/><W95/><REACH who="3" step="1"/><G44/><REACH who="3" ten="210,110,350,320" step="2"/><T53/><D134/><U1/><E1/><V79/><F62/><W104/><G104/><T18/><REACH who="0" step="1"/><D135/><REACH who="0" ten="200,110,350,320" step="2"/><U102/><E56/><V107/><F30/><W20/><G20/><T132/><D132/><U64/><E64/><V91/><F65/><W70/><G70/><T15/><D15/><U10/><E10/><V77/><F29/><W74/><G74/><AGARI ba="0,2" hai="9,12,18,45,51,52,53,55,74,76,82,86,90,93" machi="74" ten="30,7700,0" yaku="1,1,7,1,54,1,53,1" doraHai="92" doraHaiUra="11" who="0" fromWho="3" sc="200,97,110,0,350,0,320,-77" /><INIT seed="3,0,0,0,2,2" ten="297,110,350,243" oya="3" hai0="65,78,28,98,18,106,39,10,75,109,42,81,11" hai1="52,32,63,100,36,76,91,70,86,61,21,66,47" hai2="122,50,102,131,85,108,37,90,38,33,41,120,124" hai3="7,51,43,84,107,54,64,133,31,101,121,3,74"/><W25/><G74/><T68/><D109/><U27/><E100/><V87/><F33/><W83/><G121/><T103/><D28/><U13/><E76/><V123/><F108/><W44/><G133/><T113/><D113/><U12/><E32/><V16/><F124/><W114/><G114/><T69/><D18/><U14/><E36/><V0/><F0/><W30/><G64/><T35/><D35/><U110/><E110/><V19/><F131/><W132/><G132/><T96/><D96/><U119/><E119/><V53/><F102/><W17/><G101/><T134/><D134/><U56/><E47/><V15/><F19/><W99/><G99/><T72/><D72/><U62/><E70/><V128/><F41/><W130/><G107/><T117/><D117/><U79/><E79/><V118/><F128/><W126/><G126/><T5/><D11/><U1/><E1/><V59/><F87/><W9/><G43/><T60/><D68/><U93/><REACH who="1" step="1"/><E66/><REACH who="1" ten="297,100,350,243" step="2"/><V46/><F118/><W8/><G130/><T112/><D112/><U95/><E95/><N who="2" m="54735" /><F46/><W125/><G125/><T40/><REACH who="0" step="1"/><D39/><REACH who="0" ten="287,100,350,243" step="2"/><U58/><E58/><V73/><F73/><W111/><G111/><T115/><D115/><U24/><E24/><V135/><F135/><W6/><G25/><T48/><D48/><U29/><AGARI ba="0,2" hai="12,13,14,21,27,29,52,56,61,62,63,86,91,93" machi="29" ten="30,7900,0" yaku="1,1,0,1,8,1,54,1,53,0" doraHai="2" doraHaiUra="94" who="1" fromWho="1" sc="287,-20,100,99,350,-20,243,-39" /><INIT seed="4,0,0,1,1,8" ten="267,199,330,204" oya="0" hai0="14,99,60,77,120,34,112,107,24,109,41,48,25" hai1="46,58,122,133,116,89,11,51,53,84,129,76,132" hai2="85,127,64,28,30,86,81,124,113,92,82,74,72" hai3="42,134,98,40,15,108,4,117,27,10,21,6,43"/><T23/><D120/><U118/><E76/><V97/><F64/><W131/><G108/><T88/><D112/><U55/><E11/><V78/><F30/><W119/><G131/><T39/><D39/><U130/><E89/><V22/><F22/><W16/><G134/><N who="1" m="51818" /><E84/><V101/><F28/><W12/><G98/><T83/><D34/><U45/><E122/><V31/><F31/><W68/><G68/><T37/><D37/><U69/><E69/><V73/><F113/><W33/><G33/><T66/><D109/><U91/><E91/><AGARI ba="0,0" hai="72,73,74,78,81,82,85,86,91,92,97,101,124,127" machi="91" ten="40,5200,0" yaku="34,3" doraHai="8" who="2" fromWho="1" sc="267,0,199,-52,330,52,204,0" /><INIT seed="5,0,0,0,0,130" ten="267,147,382,204" oya="1" hai0="23,9,132,16,77,15,106,10,42,112,121,2,25" hai1="98,114,56,12,17,67,37,20,48,124,131,49,70" hai2="82,63,38,24,26,110,36,46,53,71,92,103,134" hai3="57,117,100,104,73,84,126,13,123,28,81,135,80"/><U86/><E131/><V68/><F110/><W125/><G28/><T7/><D106/><U59/><E37/><V41/><F38/><W96/><G57/><N who="1" m="22090" /><E70/><V31/><F26/><W4/><G4/><N who="0" m="1175" /><D42/><U89/><E114/><V21/><F53/><W75/><G13/><N who="0" m="5343" /><D77/><U87/><E124/><N who="3" m="47722" /><G135/><T30/><D112/><U55/><E67/><V113/><F134/><W61/><G61/><T40/><D40/><U69/><E69/><V8/><F63/><W58/><G58/><T52/><D52/><U120/><E120/><V119/><F113/><W95/><G123/><T93/><D93/><N who="1" m="56623" /><E55/><V65/><F65/><W1/><G1/><T83/><D83/><N who="3" m="31817" /><G117/><T50/><D50/><AGARI ba="0,0" hai="12,17,20,48,49,50,86,87" m="56623,22090" machi="50" ten="30,1500,0" yaku="8,1" doraHai="130" who="1" fromWho="0" sc="267,-15,147,15,382,0,204,0" /><INIT seed="5,1,0,4,5,83" ten="252,162,382,204" oya="1" hai0="48,114,98,36,62,112,42,58,16,39,45,66,50" hai1="105,46,110,64,0,90,89,80,21,100,120,69,116" hai2="125,109,26,57,107,102,11,31,72,79,43,75,87" hai3="133,123,99,37,106,7,18,53,96,97,73,40,32"/><U19/><E120/><V59/><F75/><W28/><G123/><T67/><D98/><U76/><E116/><V52/><F59/><W126/><G73/><T47/><D16/><U82/><E0/><V15/><F72/><W27/><G106/><T129/><D129/><U17/><E110/><V41/><F109/><W65/><G65/><T33/><D33/><U113/><E113/><V25/><F102/><W117/><G117/><T2/><D2/><U44/><E105/><V24/><F31/><W74/><G74/><T30/><D30/><U130/><E100/><V91/><F79/><W132/><G126/><T23/><D23/><U38/><E130/><V12/><F12/><W108/><G7/><T94/><D94/><U9/><E9/><V127/><F107/><W103/><G103/><T34/><D34/><U128/><E128/><V49/><F125/><W122/><G122/><T63/><D58/><U5/><E5/><V55/><F55/><W93/><G53/><T92/><D92/><U10/><E10/><V54/><F54/><W78/><G18/><N who="1" m="6666" /><E21/><V111/><F111/><W118/><G108/><T3/><D3/><U101/><E101/><V104/><F104/><W56/><G118/><T124/><D42/><N who="1" m="22615" /><E46/><V70/><F70/><W119/><G119/><T14/><D14/><U61/><E82/><N who="2" m="49655" /><F127/><AGARI ba="1,0" hai="36,39,45,47,48,50,62,63,66,67,112,114,124,127" machi="127" ten="25,8000,1" yaku="22,2,34,3" doraHai="83" who="0" fromWho="2" sc="252,83,162,0,382,-83,204,0" /><INIT seed="6,0,0,1,0,59" ten="335,162,299,204" oya="2" hai0="74,57,125,31,43,61,17,38,53,23,102,94,113" hai1="126,37,79,108,98,30,9,104,95,97,129,110,14" hai2="73,82,41,134,39,60,127,63,49,76,64,54,62" hai3="87,44,118,103,21,128,36,99,83,114,35,86,78"/><V7/><F134/><W122/><G35/><T69/><D74/><U8/><E37/><V46/><F127/><W130/><G21/><T52/><D125/><U22/><E126/><V34/><F34/><W90/><G44/><T81/><D113/><U58/><E129/><N who="3" m="49770" /><G36/><T16/><D69/><U29/><E104/><V27/><F27/><W20/><G20/><T32/><D32/><U75/><E75/><V91/><F91/><W45/><G45/><T100/><D38/><U109/><E79/><V92/><F92/><N who="3" m="58855" /><G114/><T70/><D43/><U85/><E85/><V72/><F72/><W123/><G118/><T47/><D70/><U0/><E0/><V1/><F54/><W2/><G2/><T3/><D81/><AGARI ba="0,0" hai="78,81,83,86,87,90,122,123" m="58855,49770" machi="81" ten="30,3900,0" yaku="19,1,34,2" doraHai="59" who="3" fromWho="0" sc="335,-39,162,0,299,0,204,39" /><INIT seed="7,0,0,1,2,55" ten="296,162,299,243" oya="3" hai0="46,25,36,43,135,104,70,3,122,89,11,2,130" hai1="128,26,85,18,64,110,133,10,15,54,24,60,22" hai2="103,72,34,17,97,131,35,30,50,42,4,0,52" hai3="105,45,28,82,116,100,102,5,91,93,61,88,7"/><W107/><G116/><T92/><D122/><U106/><E106/><V81/><F42/><W75/><G75/><T49/><D70/><U90/><E110/><V14/><F30/><W67/><G28/><T74/><D104/><U98/><E128/><V129/><F4/><N who="3" m="1611" /><G107/><T39/><D130/><N who="2" m="49674" /><F0/><W121/><G121/><T119/><D135/><U27/><E133/><V37/><F37/><W79/><G105/><T114/><D119/><U96/><E54/><V21/><F97/><N who="3" m="57511" /><G79/><T111/><D114/><U134/><E10/><V38/><F38/><W41/><G45/><T56/><D111/><U40/><E40/><V120/><F103/><W126/><G126/><T20/><D74/><U44/><E44/><N who="2" m="27719" /><F120/><W112/><G112/><T86/><D11/><U8/><E8/><V115/><F115/><W53/><G67/><T71/><D71/><U59/><REACH who="1" step="1"/><E134/><REACH who="1" ten="296,152,299,243" step="2"/><V132/><F132/><W94/><G41/><T65/><D39/><U73/><E73/><V80/><F72/><W117/><G117/><T47/><D36/><U13/><E13/><V127/><F127/><W123/><G123/><T125/><D125/><U66/><E66/><V87/><F14/><W23/><G53/><T118/><D118/><U62/><E62/><V48/><F48/><W63/><G61/><N who="0" m="38055" /><D47/><U29/><E29/><V69/><F69/><W6/><G63/><T19/><D2/><U32/><E32/><V77/><F35/><W57/><G6/><T78/><D3/><U101/><E101/><V124/><F124/><W58/><G102/><T108/><D108/><U12/><E12/><N who="2" m="9383" /><F34/><W51/><G100/><RYUUKYOKU ba="0,1" sc="296,10,152,10,299,10,243,-30" hai0="19,20,25,43,46,49,78,86,89,92" hai1="15,18,22,24,26,27,59,60,64,85,90,96,98" hai2="77,80,81,87" owari="306,11.0,162,-34.0,319,42.0,213,-19.0" /></mjloggm>