<mjloggm ver="2.3"><GO type="225" lobby="0"/><UN n0="%E8%88%B9%E8%A6%8B%E7%B5%90%E8%A1%A3%E3%81%A1%E3%82%83%E3%82%93" n1="%6F%62%61%6D%61%38%38" n2="%E7%B6%BE%E9%87%8E%E7%8F%AA%E5%AD%90" n3="%63%61%74%6D%65%56%47%43" dan="16,16,17,16" rate="2173.08,2003.34,2209.28,2188.63" sx="F,M,F,M"/><TAIKYOKU oya="0"/><INIT seed="0,0,0,1,3,96" ten="250,250,250,250" oya="0" hai0="134,22,135,102,36,51,17,25,118,95,52,13,3" hai1="68,41,37,81,132,99,80,72,62,42,64,45,23" hai2="35,56,59,66,43,1,49,106,88,85,11,53,83" hai3="103,127,10,44,109,113,55,29,79,110,74,70,16"/><T4/><D118/><U124/><E132/><N who="0" m="50729" /><D36/><U28/><E124/><V100/><F35/><W2/><G113/><T78/><D78/><U105/><E72/><V104/><F43/><W112/><G112/><T101/><D3/><U14/><E42/><V15/><F1/><W133/><G127/><T61/><D61/><U57/><E14/><V108/><F108/><N who="3" m="41579" /><G133/><T46/><D95/><U116/><E116/><V73/><F73/><W69/><G29/><N who="0" m="17591" /><D4/><U114/><E114/><V20/><F20/><AGARI ba="0,0" hai="13,17,20,46,51,52,101,102" m="17591,50729" machi="20" ten="30,11600,0" yaku="20,1,52,2,54,1" doraHai="96" who="0" fromWho="2" sc="250,116,250,0,250,-116,250,0" /><INIT seed="0,1,0,3,0,23" ten="366,250,134,250" oya="0" hai0="118,75,65,132,16,96,63,115,121,69,44,120,92" hai1="66,112,125,109,49,128,135,100,133,84,78,88,50" hai2="3,67,30,17,9,47,8,13,87,22,60,68,28" hai3="6,103,27,24,99,43,105,70,124,2,59,39,56"/><T131/><D118/><U46/><E109/><V77/><F47/><W61/><G124/><T14/><D75/><U25/><E112/><V81/><F3/><W11/><G39/><T102/><D115/><U45/><E100/><V95/><F95/><W26/><REACH who="3" step="1"/><G43/><REACH who="3" ten="366,250,134,240" step="2"/><T58/><D120/><U80/><E125/><V71/><REACH who="2" step="1"/><F68/><REACH who="2" ten="366,250,124,240" step="2"/><W19/><G19/><T48/><D69/><U98/><E46/><V40/><F40/><W18/><G18/><T130/><D121/><U36/><E45/><V37/><F37/><W20/><G20/><T12/><D131/><U33/><E36/><V129/><F129/><W62/><G62/><T10/><D130/><U5/><E128/><V126/><F126/><W57/><G57/><T93/><D44/><U54/><E135/><V123/><F123/><W74/><G74/><T101/><D132/><U0/><E133/><V35/><F35/><W97/><G97/><N who="0" m="59695" /><D48/><U7/><E49/><V79/><F79/><W119/><G119/><T73/><D73/><U127/><E78/><V64/><F64/><AGARI ba="1,2" hai="2,6,11,24,26,27,56,59,61,64,70,99,103,105" machi="64" ten="40,8000,1" yaku="1,1,52,3,53,0" doraHai="23" doraHaiUra="122" who="3" fromWho="2" sc="366,0,250,0,124,-83,240,103" /><INIT seed="1,0,0,4,3,38" ten="366,250,41,343" oya="1" hai0="93,131,127,41,125,0,68,23,78,105,48,115,86" hai1="135,82,132,98,67,55,47,3,25,40,103,15,94" hai2="109,42,124,37,13,116,73,56,60,11,84,104,96" hai3="19,33,126,102,34,90,63,117,53,123,43,101,72"/><U20/><E3/><V85/><F73/><W7/><G123/><T58/><D105/><U27/><E67/><V74/><F74/><W112/><G112/><T62/><D0/><U71/><E55/><V50/><F37/><W65/><G72/><T64/><BYE who="2" /><D115/><U31/><E71/><V88/><F88/><W59/><G126/><N who="0" m="48139" /><D131/><U77/><E15/><V1/><F1/><W9/><G117/><T49/><D23/><U66/><E66/><V44/><F44/><W46/><G19/><T2/><D2/><U110/><E110/><V122/><F122/><W22/><G22/><T113/><D113/><U29/><E82/><V18/><F18/><W79/><G79/><T83/><D41/><U133/><E77/><V128/><F128/><W12/><G90/><N who="0" m="53463" /><D68/><U97/><E97/><V120/><F120/><W119/><G119/><T21/><D21/><U99/><E99/><V6/><F6/><W134/><G134/><T114/><D114/><U32/><REACH who="1" step="1"/><E47/><REACH who="1" ten="366,240,41,343" step="2"/><V107/><F107/><W75/><G65/><T30/><D83/><U57/><E57/><V10/><F10/><W121/><G121/><T5/><D78/><U130/><E130/><V24/><F24/><W17/><G75/><T81/><D81/><U91/><E91/><V106/><F106/><W95/><G102/><T61/><D58/><U89/><E89/><V16/><F16/><W4/><G17/><T54/><D5/><U52/><E52/><V76/><F76/><W118/><G4/><T129/><D129/><U14/><E14/><V92/><F92/><W111/><G118/><T36/><D54/><RYUUKYOKU ba="0,1" sc="366,-10,240,30,41,-10,343,-10" hai1="20,25,27,29,31,32,40,94,98,103,132,133,135" /><INIT seed="1,1,1,4,1,24" ten="356,270,31,333" oya="1" hai0="80,86,11,127,110,26,48,123,106,41,3,91,1" hai1="25,89,133,44,42,12,49,135,75,9,92,2,112" hai2="72,65,130,94,61,4,46,18,93,30,31,81,27" hai3="32,126,51,128,115,5,22,70,0,43,76,101,84"/><U47/><E2/><V15/><F15/><W6/><G115/><T53/><D106/><U108/><E75/><V122/><F122/><W23/><G32/><T116/><D116/><U129/><E112/><V132/><F132/><W29/><G70/><T52/><D123/><U124/><E129/><V64/><F64/><W83/><G0/><T97/><D110/><U20/><E108/><V63/><F63/><W68/><G68/><T71/><D71/><U7/><E124/><V109/><F109/><W90/><G126/><T121/><D121/><U57/><E57/><V40/><F40/><W120/><G101/><T111/><D111/><U131/><E131/><V99/><F99/><W28/><G120/><T74/><D74/><U77/><E77/><V17/><F17/><W66/><G66/><T125/><D125/><U117/><E117/><V118/><F118/><W34/><G34/><T82/><D127/><U16/><REACH who="1" step="1"/><E44/><REACH who="1" ten="356,260,31,333" step="2"/><V134/><F134/><W36/><G128/><T114/><D1/><U21/><E21/><N who="3" m="7690" /><G76/><T79/><D3/><U85/><AGARI ba="1,2" hai="7,9,12,16,20,25,42,47,49,85,89,92,133,135" machi="85" ten="30,6000,0" yaku="1,1,0,1,54,1,53,0" doraHai="24" doraHaiUra="100" who="1" fromWho="1" sc="356,-21,260,83,31,-21,333,-21" /><INIT seed="1,2,0,3,0,63" ten="335,343,10,312" oya="1" hai0="72,129,42,17,46,133,114,108,102,76,27,80,100" hai1="62,40,121,54,1,26,34,70,58,74,90,115,79" hai2="33,51,5,86,3,44,116,82,60,50,84,14,64" hai3="32,95,113,93,8,78,19,35,69,57,131,132,111"/><U65/><E121/><V71/><F71/><W28/><G113/><T92/><D114/><U10/><E115/><V81/><F81/><W107/><G69/><T127/><D108/><U39/><E90/><V22/><F22/><W130/><G107/><T134/><D129/><N who="3" m="49161" /><G111/><T97/><D127/><U66/><E70/><V37/><F37/><W88/><G132/><N who="0" m="50795" /><D17/><U122/><E122/><V9/><F9/><W73/><G95/><T135/><D27/><U118/><E118/><V67/><F67/><N who="1" m="25609" /><E26/><V96/><F96/><N who="3" m="57383" /><G57/><T6/><D6/><N who="1" m="1359" /><E34/><V23/><F23/><W125/><G28/><T15/><D15/><U2/><E2/><V112/><F112/><W13/><G125/><T16/><D16/><U38/><E40/><V77/><F77/><W110/><G110/><T21/><D21/><U18/><E18/><V29/><F29/><W24/><G24/><T103/><N who="0" m="50803" /><T30/><DORA hai="31" /><D30/><U55/><E55/><V101/><F101/><W4/><G19/><T126/><D126/><U75/><E79/><V61/><F61/><W43/><G43/><T41/><D41/><U98/><E98/><V45/><F45/><W91/><G91/><T123/><D123/><U109/><E109/><V36/><F36/><AGARI ba="2,0" hai="36,42,46,72,76,80,92,97,100,102,103" m="50803" machi="36" ten="40,1300,0" yaku="20,1" doraHai="63,31" who="0" fromWho="2" sc="335,19,343,0,10,-19,312,0" owari="354,46.0,343,14.0,-9,-51.0,312,-9.0" /></mjloggm>