<mjloggm ver="2.3"><GO type="169" lobby="0"/><UN n0="%E8%91%B5%E3%81%A1%E3%82%83%E3%82%93" n1="%E6%9C%A8%E5%8E%9F%E8%B1%AA%E4%B8%80" n2="%E6%B3%A2%E7%91%A0" n3="%E4%BF%AE%E5%A3%AB%33%E5%B9%B4" dan="16,17,16,17" rate="2100.87,2205.19,2146.30,2104.69" sx="F,M,F,M"/><TAIKYOKU oya="0"/><INIT seed="0,0,0,4,5,63" ten="250,250,250,250" oya="0" hai0="74,5,52,30,88,86,48,68,28,7,40,121,85" hai1="47,94,109,78,97,43,2,135,79,103,35,128,127" hai2="122,3,59,46,26,13,27,4,65,21,11,61,60" hai3="9,120,33,93,25,19,15,80,76,64,36,95,62"/><T98/><D74/><U107/><E35/><V23/><F122/><W105/><G36/><T82/><D121/><U57/><E2/><V111/><F111/><W56/><G105/><T118/><D68/><U106/><E109/><V69/><F46/><W75/><REACH who="3" step="1"/><G120/><REACH who="3" ten="250,250,250,240" step="2"/><T102/><D118/><U71/><E107/><V38/><F38/><W89/><G89/><T22/><D40/><U44/><E106/><V16/><REACH who="2" step="1"/><F23/><REACH who="2" ten="250,250,240,240" step="2"/><W55/><G55/><AGARI ba="0,2" hai="3,4,11,13,16,21,26,27,55,59,60,61,65,69" machi="55" ten="30,12000,2" yaku="1,1,2,1,7,1,52,1,54,1,53,1" doraHai="63" doraHaiUra="49" who="2" fromWho="3" sc="250,0,250,0,240,140,240,-120" /><INIT seed="1,0,0,1,4,76" ten="250,250,380,120" oya="1" hai0="66,19,101,32,18,79,63,54,105,26,16,34,110" hai1="73,33,40,119,129,131,47,21,74,51,91,45,108" hai2="96,97,102,104,68,93,42,46,24,90,80,99,114" hai3="125,49,126,71,133,103,31,111,39,75,130,14,112"/><U13/><E119/><V124/><F68/><W88/><G39/><T84/><D110/><U107/><E33/><V85/><F124/><W113/><G71/><T123/><D123/><U12/><E107/><V60/><F60/><W2/><G2/><T58/><D105/><U98/><E108/><V20/><F104/><W53/><G111/><T128/><D128/><N who="1" m="49227" /><E47/><V7/><F7/><W9/><G130/><T36/><D36/><U44/><E44/><V30/><REACH who="2" step="1"/><F114/><REACH who="2" ten="250,250,370,120" step="2"/><W106/><G112/><T109/><D109/><U23/><E74/><V29/><F29/><W10/><G75/><T25/><D66/><U27/><E73/><V95/><F95/><W132/><G113/><T118/><D118/><U94/><E23/><V82/><F82/><W4/><G125/><T6/><D6/><U11/><E11/><V52/><F52/><W41/><G10/><T35/><REACH who="0" step="1"/><D101/><REACH who="0" ten="240,250,370,120" step="2"/><U83/><E83/><AGARI ba="0,2" hai="16,18,19,25,26,32,34,35,54,58,63,79,83,84" machi="83" ten="50,8000,1" yaku="1,1,2,1,52,1,54,1,53,0" doraHai="76" doraHaiUra="70" who="0" fromWho="1" sc="240,100,250,-80,370,0,120,0" /><INIT seed="2,0,0,0,4,127" ten="340,170,370,120" oya="2" hai0="77,113,129,74,33,31,92,47,49,114,103,131,25" hai1="61,4,93,116,27,101,34,45,122,8,58,105,126" hai2="72,123,64,41,56,97,79,24,98,3,28,66,29" hai3="52,120,132,90,16,43,100,57,135,38,87,5,2"/><V73/><F3/><W13/><G120/><T117/><D117/><U40/><E116/><V107/><F123/><W32/><G32/><T9/><D9/><U22/><E126/><V84/><F41/><W88/><G100/><T86/><D74/><U69/><E122/><V83/><F29/><W133/><G2/><T91/><D77/><U96/><E69/><V85/><F73/><W109/><G5/><T36/><D103/><U17/><E34/><V121/><F121/><W12/><G109/><T35/><D36/><U134/><E134/><V99/><F107/><W37/><G12/><T112/><REACH who="0" step="1"/><D35/><REACH who="0" ten="330,170,370,120" step="2"/><U67/><E105/><V30/><F72/><W6/><G6/><T23/><D23/><U124/><E124/><V15/><F79/><W1/><G1/><T11/><D11/><U62/><E8/><V119/><F119/><W65/><G90/><T7/><D7/><U39/><E4/><V95/><F83/><N who="3" m="49279" /><G43/><AGARI ba="0,1" hai="25,31,33,43,47,49,86,91,92,112,113,114,129,131" machi="43" ten="40,8000,1" yaku="1,1,52,2,53,1" doraHai="127" doraHaiUra="44" who="0" fromWho="3" sc="330,90,170,0,370,0,120,-80" /><INIT seed="3,0,0,1,3,11" ten="420,170,370,40" oya="3" hai0="63,133,116,75,62,82,34,72,99,80,36,112,39" hai1="58,92,127,88,78,125,68,89,12,96,50,52,105" hai2="45,86,97,42,7,121,114,83,19,65,113,21,66" hai3="15,24,31,37,51,67,8,47,100,57,119,40,81"/><W76/><G119/><T29/><D116/><U44/><E68/><V0/><F121/><W59/><G100/><T35/><D99/><U131/><E131/><V2/><F97/><W126/><G37/><T79/><D29/><U70/><E70/><V95/><F95/><W117/><G67/><T77/><REACH who="0" step="1"/><D133/><REACH who="0" ten="410,170,370,40" step="2"/><U107/><E107/><V71/><F114/><AGARI ba="0,1" hai="34,35,36,39,62,63,72,75,77,79,80,82,112,114" machi="114" ten="25,6400,0" yaku="1,1,2,1,22,2,53,0" doraHai="11" doraHaiUra="18" who="0" fromWho="2" sc="410,74,170,0,370,-64,40,0" /><INIT seed="4,0,0,0,5,75" ten="484,170,306,40" oya="0" hai0="110,91,100,94,15,9,6,96,21,79,52,11,104" hai1="130,65,102,129,127,108,101,131,116,103,54,34,83" hai2="42,47,24,84,30,74,51,4,87,32,61,13,117" hai3="113,37,31,23,124,7,10,26,109,57,53,126,107"/><T36/><D36/><U86/><E108/><V0/><F117/><W118/><G107/><T92/><D110/><U71/><E116/><V114/><F114/><W115/><G37/><T132/><D132/><U89/><E34/><V121/><F121/><W97/><G97/><T133/><D133/><U105/><E127/><N who="3" m="48682" /><G53/><T16/><D79/><U55/><E105/><V25/><F0/><N who="3" m="359" /><G57/><T40/><D40/><U72/><E72/><V106/><F106/><W62/><G62/><AGARI ba="0,0" hai="54,55,62,65,71,83,86,89,101,102,103,129,130,131" machi="62" ten="50,1600,0" yaku="19,1" doraHai="75" who="1" fromWho="3" sc="484,0,170,16,306,0,40,-16" /><INIT seed="5,0,0,1,3,49" ten="484,186,306,24" oya="1" hai0="21,84,69,97,0,5,70,72,119,127,107,116,16" hai1="58,102,130,106,128,90,57,83,18,54,17,65,89" hai2="133,64,45,6,22,44,42,39,135,15,111,41,113" hai3="121,77,52,91,125,67,43,110,61,131,13,51,94"/><U47/><E106/><V101/><F101/><W74/><G125/><T12/><D72/><U7/><E102/><V8/><F111/><W114/><G114/><T118/><D127/><U92/><E7/><V78/><F113/><W33/><G131/><T99/><D107/><U48/><E65/><V95/><F95/><W75/><G121/><T68/><D5/><U60/><E83/><V124/><F124/><W14/><G33/><T59/><D0/><U129/><E90/><V126/><F126/><W86/><G43/><T1/><D1/><U23/><E60/><V105/><F105/><W98/><G74/><T11/><D11/><U117/><E117/><V82/><F22/><W87/><G75/><T37/><D37/><U71/><E71/><V93/><F93/><W73/><G73/><T19/><D69/><U122/><E122/><V79/><F64/><W132/><G110/><T85/><D119/><U66/><E66/><V56/><F56/><N who="1" m="21609" /><E23/><V34/><F34/><W62/><G132/><N who="2" m="50761" /><F82/><N who="3" m="47439" /><G67/><T103/><D70/><U80/><E80/><V88/><F88/><N who="3" m="55623" /><G61/><T25/><D68/><U27/><E27/><V96/><F96/><AGARI ba="0,0" hai="17,18,47,48,54,89,92,96,128,129,130" m="21609" machi="96" ten="30,2900,0" yaku="19,1,52,1" doraHai="49" who="1" fromWho="2" sc="484,0,186,29,306,-29,24,0" /><INIT seed="5,1,0,3,4,65" ten="484,215,277,24" oya="1" hai0="23,24,135,16,8,48,99,130,17,14,60,82,113" hai1="86,32,28,18,87,97,12,38,66,46,80,72,123" hai2="63,29,0,118,134,121,41,112,22,49,39,132,5" hai3="51,54,53,129,94,52,71,61,89,133,106,30,42"/><U44/><E123/><V20/><F39/><W124/><G106/><T73/><D113/><U40/><E72/><V69/><F121/><W62/><G30/><T128/><D135/><N who="2" m="51754" /><F118/><W120/><G133/><T125/><D125/><U3/><E3/><V90/><F112/><W114/><G120/><T105/><D60/><U45/><E66/><N who="2" m="41183" /><F29/><W13/><G114/><T33/><D33/><U84/><E80/><V34/><F34/><W116/><G124/><T9/><D48/><U131/><E131/><V64/><F64/><W92/><G129/><N who="0" m="49771" /><D9/><U50/><E38/><V122/><F122/><W35/><G35/><T111/><D111/><U76/><E76/><V25/><F25/><W11/><G116/><T100/><D82/><U67/><E67/><V110/><F110/><W95/><G71/><T56/><D56/><U43/><E28/><V58/><F90/><W36/><G89/><T104/><D73/><U81/><E81/><V10/><F41/><W55/><N who="3" m="13312" /><DORA hai="26" /><W19/><REACH who="3" step="1"/><G36/><REACH who="3" ten="484,215,277,14" step="2"/><T27/><D105/><U78/><E32/><V6/><F58/><W117/><G117/><T59/><D59/><U79/><E50/><V4/><F49/><W102/><G102/><T74/><D100/><U77/><E77/><V85/><F85/><W96/><G96/><T57/><D57/><U127/><E127/><V88/><F88/><W91/><G91/><T83/><D74/><U75/><E75/><V15/><F0/><W101/><G101/><N who="0" m="62527" /><D83/><U70/><E79/><V2/><F2/><W119/><G119/><T126/><D126/><U93/><E78/><V31/><F31/><RYUUKYOKU ba="1,1" sc="484,10,215,-30,277,10,14,10" hai0="8,14,16,17,23,24,27" hai2="4,5,6,10,15,20,22" hai3="11,13,19,42,51,61,62,92,94,95" /><INIT seed="6,2,1,4,5,47" ten="494,185,287,24" oya="2" hai0="10,13,126,120,87,80,12,118,123,60,75,135,7" hai1="110,95,53,62,117,90,34,25,8,111,128,37,82" hai2="113,20,79,65,15,134,67,91,84,81,89,72,55" hai3="21,122,109,40,125,68,48,33,99,105,30,119,116"/><V127/><F113/><W104/><G21/><T6/><D75/><U63/><E117/><V107/><F107/><W11/><G109/><T43/><D118/><U115/><E115/><V69/><F69/><W28/><G11/><N who="0" m="4215" /><D60/><U35/><E37/><V96/><F134/><W44/><G122/><T106/><D106/><U98/><E128/><V78/><F78/><W88/><G88/><T121/><D43/><U41/><E41/><V114/><F114/><W77/><G77/><T102/><D102/><U124/><E124/><V3/><F3/><W49/><G40/><T64/><D64/><N who="2" m="24650" /><F72/><W16/><G44/><T131/><D87/><U51/><E8/><V32/><F32/><W23/><G23/><T108/><D80/><U71/><E82/><V54/><F127/><W70/><G125/><T17/><D126/><U14/><E14/><V132/><F132/><W112/><G112/><T56/><D135/><U26/><E35/><V45/><F55/><W93/><G33/><T18/><D108/><U57/><E71/><V27/><F15/><W76/><G76/><T50/><D131/><U24/><E34/><V36/><F36/><W101/><G101/><T83/><D83/><U66/><E63/><V133/><F133/><W94/><G99/><T5/><D121/><U74/><E74/><V86/><F96/><W0/><G0/><T29/><D120/><U9/><E9/><V129/><F129/><W31/><G31/><T19/><D123/><U103/><E111/><V58/><F86/><W1/><G1/><T59/><D7/><U92/><E110/><V4/><F81/><RYUUKYOKU ba="2,1" sc="494,-10,185,-10,287,-10,24,30" hai3="16,28,30,48,49,68,70,93,94,104,105,116,119" /><INIT seed="7,3,1,5,4,44" ten="484,175,277,54" oya="3" hai0="6,60,111,41,101,24,120,14,7,61,70,75,113" hai1="11,48,51,126,34,135,93,37,13,100,20,15,10" hai2="105,134,40,16,95,104,53,91,122,89,68,2,107" hai3="63,98,112,43,39,90,94,45,54,65,128,21,27"/><W72/><G112/><T117/><D111/><U77/><E37/><V96/><F68/><W31/><G128/><T123/><D117/><U129/><E34/><V73/><F2/><W121/><G72/><T109/><D109/><U28/><E135/><V118/><F40/><W114/><G114/><T32/><D75/><U132/><E132/><V1/><F1/><W83/><G83/><T124/><D124/><U33/><E33/><V3/><F3/><W25/><G54/><T17/><D113/><U131/><E77/><V5/><F5/><W36/><G25/><T69/><D101/><U0/><E0/><V62/><F73/><W35/><G121/><T18/><D41/><U76/><E76/><V71/><F134/><W88/><G35/><T87/><D87/><U64/><E64/><V55/><F122/><W22/><G22/><T79/><D79/><U80/><E80/><V38/><F38/><W26/><G26/><T47/><D24/><N who="1" m="16391" /><E126/><V86/><F118/><W103/><REACH who="3" step="1"/><G36/><REACH who="3" ten="484,175,277,44" step="2"/><T119/><D32/><U78/><E131/><V99/><F55/><W46/><G46/><T102/><D47/><U59/><E129/><V49/><F53/><W66/><G66/><T127/><D127/><U29/><E29/><V30/><F30/><W12/><G12/><T58/><D14/><U92/><E13/><V125/><F125/><W85/><G85/><T106/><D123/><U74/><E74/><V84/><F84/><W108/><G108/><T52/><D120/><U130/><E130/><V4/><F86/><W97/><G97/><T115/><D115/><U56/><E15/><RYUUKYOKU ba="3,2" sc="484,-10,175,-10,277,-10,44,30" hai3="21,27,31,39,43,45,63,65,88,90,94,98,103" /><INIT seed="7,4,2,1,2,110" ten="474,165,267,74" oya="3" hai0="105,95,8,35,25,129,26,119,125,112,32,36,114" hai1="84,133,51,34,52,70,57,38,68,37,17,12,102" hai2="111,132,126,42,55,88,19,69,72,27,20,83,74" hai3="6,127,5,24,30,113,123,44,47,67,46,116,98"/><W23/><G116/><T2/><D105/><U65/><E34/><V89/><F69/><W73/><G123/><T85/><D36/><U50/><E102/><V121/><F111/><W66/><G73/><T28/><D119/><U33/><E33/><V124/><F121/><W0/><G127/><N who="2" m="48681" /><F132/><W94/><G0/><T31/><D125/><U11/><E133/><V130/><F130/><W21/><G21/><T41/><D41/><U22/><E65/><N who="3" m="24586" /><G113/><T77/><D129/><U71/><E84/><N who="2" m="50207" /><F42/><W86/><G86/><T15/><D2/><U80/><E80/><V100/><F100/><AGARI ba="4,2" hai="5,6,23,24,30,44,46,47,94,98,100" m="24586" machi="100" ten="30,1500,0" yaku="8,1" doraHai="110" who="3" fromWho="2" sc="474,0,165,0,267,-27,74,47" /><INIT seed="7,5,0,3,2,52" ten="474,165,240,121" oya="3" hai0="133,99,18,73,70,10,14,60,75,87,119,123,121" hai1="100,55,68,59,12,112,109,124,78,1,27,8,105" hai2="107,35,51,30,127,67,4,103,64,76,71,69,19" hai3="90,38,81,44,117,21,2,66,62,49,77,108,120"/><W97/><G117/><T57/><D119/><U47/><E109/><V96/><F127/><W129/><G129/><T7/><D70/><U37/><E1/><V23/><F4/><W20/><G2/><T115/><D115/><U88/><E68/><V80/><F69/><W16/><G38/><T79/><D99/><U72/><E72/><V3/><F3/><W98/><G120/><T45/><D45/><U101/><E78/><V63/><F67/><W93/><G98/><T84/><D10/><U32/><E105/><V92/><F51/><W5/><G5/><T65/><D60/><U118/><E118/><V82/><F92/><W50/><G20/><T34/><D18/><U33/><E33/><V111/><F76/><W31/><G31/><T41/><D79/><U91/><E124/><V89/><F89/><N who="1" m="34377" /><E32/><V122/><F111/><W40/><G49/><T11/><D133/><U56/><E27/><N who="2" m="18911" /><F122/><W15/><G108/><T17/><D41/><U85/><E85/><V125/><F125/><W54/><G66/><T110/><D65/><U43/><E112/><V116/><F116/><W26/><G62/><T102/><D7/><N who="1" m="3103" /><E55/><V39/><F39/><W114/><G114/><T0/><D0/><U95/><E101/><V28/><F28/><W83/><G77/><T132/><D34/><U53/><E53/><V131/><F131/><W135/><G135/><T13/><D132/><U9/><E9/><V36/><F36/><N who="3" m="21511" /><G26/><AGARI ba="5,0" hai="19,23,26,63,64,71,80,82,96,103,107" m="18911" machi="26" ten="30,1000,0" yaku="25,1" doraHai="52" who="2" fromWho="3" sc="474,0,165,0,240,25,121,-25" owari="474,56.0,165,-23.0,265,7.0,96,-40.0" /></mjloggm>