<mjloggm ver="2.3"><GO type="169" lobby="0"/><UN n0="%6A%79%61%6E%70%65%69%34" n1="%E6%AD%8C%E8%88%9E%E4%BC%8E%E5%90%9B" n2="%73%69%72%75%6E%65%6B%6F" n3="%E9%88%B4%E4%B8%B8" dan="16,16,16,17" rate="2093.63,2117.83,2099.82,2179.88" sx="M,M,M,M"/><TAIKYOKU oya="0"/><INIT seed="0,0,0,4,0,103" ten="250,250,250,250" oya="0" hai0="71,0,29,135,106,39,57,32,52,126,76,134,87" hai1="13,127,18,89,102,35,67,2,118,38,14,124,65" hai2="74,97,21,50,129,91,75,46,95,16,5,120,58" hai3="111,37,121,123,96,80,108,125,82,34,31,113,45"/><T15/><D0/><U27/><E118/><V23/><F120/><N who="3" m="46155" /><G31/><T105/><D126/><U19/><E38/><V9/><F129/><W51/><G34/><T112/><D112/><U55/><E102/><V17/><F58/><W68/><G68/><T78/><D39/><U116/><E116/><V114/><F114/><W104/><G37/><T60/><D71/><U20/><E89/><V10/><F23/><W53/><G113/><T131/><D131/><U3/><E55/><V86/><F97/><W33/><G33/><T99/><D99/><U130/><E130/><V7/><F10/><W79/><G125/><N who="1" m="48202" /><E65/><V1/><F5/><W63/><G63/><T98/><D98/><U64/><E67/><V49/><F49/><W4/><G4/><T11/><D29/><N who="1" m="19903" /><E64/><V107/><F107/><N who="0" m="40970" /><D32/><U24/><E24/><V88/><F91/><W132/><G132/><N who="0" m="50731" /><D87/><U43/><E43/><V101/><F101/><N who="3" m="62503" /><G80/><T8/><D8/><AGARI ba="0,0" hai="2,3,8,13,14,18,19,20" m="19903,48202" machi="8" ten="30,3900,0" yaku="18,1,34,2" doraHai="103" who="1" fromWho="0" sc="250,-39,250,39,250,0,250,0" /><INIT seed="1,0,0,0,0,6" ten="211,289,250,250" oya="1" hai0="38,90,20,35,10,9,131,5,36,85,4,41,127" hai1="70,92,58,61,106,7,47,68,103,115,119,48,121" hai2="113,54,91,102,98,14,29,22,105,129,34,108,97" hai3="94,67,62,125,27,16,82,74,65,123,126,132,114"/><U39/><E119/><V44/><F108/><W78/><G123/><T40/><D35/><U23/><E115/><V93/><F113/><W26/><G114/><T86/><D131/><U60/><E121/><V11/><F129/><W37/><G37/><T87/><D127/><N who="3" m="48649" /><G132/><T12/><D20/><U52/><E106/><V55/><F34/><W117/><G117/><T31/><D31/><U73/><E73/><V84/><F44/><W59/><G65/><T49/><D49/><U8/><E23/><V1/><F1/><W64/><G64/><T45/><D41/><U24/><E24/><V120/><F120/><W57/><G57/><T133/><D133/><U33/><E33/><V75/><F98/><W107/><G107/><T116/><D116/><U50/><E39/><V104/><F104/><W43/><G43/><T56/><D56/><U18/><E18/><V95/><F75/><W118/><G118/><T17/><D17/><U101/><E70/><V81/><F81/><W79/><G79/><T21/><D21/><U71/><E92/><V130/><F105/><W2/><G2/><T13/><D40/><N who="1" m="24679" /><E71/><V66/><F130/><W109/><G109/><T15/><D38/><U88/><E68/><V28/><F22/><N who="3" m="13639" /><G27/><T99/><D45/><U25/><E25/><V124/><F124/><W83/><G83/><T32/><D36/><U53/><E53/><V63/><F63/><BYE who="2" /><W135/><G135/><T100/><D32/><U110/><E110/><V112/><F112/><W128/><G128/><T51/><D100/><N who="1" m="38475" /><E88/><V89/><F89/><W111/><G111/><T80/><D80/><RYUUKYOKU ba="0,0" sc="211,-15,289,15,250,-15,250,15" hai1="7,8,50,52,58,60,61" hai3="59,62,67,74,78,82,94" /><UN n2="%73%69%72%75%6E%65%6B%6F" /><INIT seed="1,1,0,2,3,32" ten="196,304,235,265" oya="1" hai0="28,48,110,59,51,13,30,12,125,109,47,21,19" hai1="11,71,40,119,62,97,108,115,26,22,120,24,56" hai2="15,61,79,65,104,42,113,70,60,31,135,114,73" hai3="111,81,126,52,80,53,64,18,29,102,4,37,6"/><U127/><E120/><V25/><F135/><W129/><G37/><T54/><D125/><U7/><E119/><V72/><F42/><W2/><G126/><T43/><REACH who="0" step="1"/><D13/><REACH who="0" ten="186,304,235,265" step="2"/><U92/><E127/><V100/><F15/><W101/><G111/><AGARI ba="1,1" hai="12,19,21,28,30,43,47,48,51,54,59,109,110,111" machi="111" ten="40,5200,0" yaku="1,1,2,1,14,1,53,0" doraHai="32" doraHaiUra="132" who="0" fromWho="3" sc="186,65,304,0,235,0,265,-55" /><INIT seed="2,0,0,4,0,47" ten="251,304,235,210" oya="2" hai0="112,55,9,125,5,54,22,70,42,58,73,34,99" hai1="53,31,36,84,52,135,133,4,64,60,57,78,109" hai2="114,1,51,17,38,122,30,86,50,3,41,124,19" hai3="63,134,101,8,69,75,121,102,67,32,72,130,128"/><V100/><F122/><W115/><G121/><T76/><D34/><U44/><E31/><V92/><F114/><W90/><G32/><T93/><D112/><U107/><E107/><V39/><F30/><W2/><G115/><T106/><D70/><U28/><E28/><V120/><F120/><W105/><G90/><T35/><D35/><U80/><E109/><V26/><F41/><W24/><G24/><T129/><D129/><N who="3" m="49769" /><G134/><N who="1" m="51210" /><E4/><V45/><F124/><W108/><G108/><T61/><D106/><U113/><E113/><V119/><F45/><W111/><G111/><T91/><D42/><AGARI ba="0,0" hai="36,42,44,52,53,57,60,64,78,80,84" m="51210" machi="42" ten="30,2000,0" yaku="20,1,54,1" doraHai="47" who="1" fromWho="0" sc="251,-20,304,20,235,0,210,0" /><INIT seed="3,0,0,2,3,127" ten="231,324,235,210" oya="3" hai0="130,39,116,115,61,1,129,58,72,59,29,88,68" hai1="33,9,124,46,109,16,57,97,99,82,44,17,132" hai2="70,113,125,110,15,4,133,117,53,23,51,63,43" hai3="101,14,27,102,25,86,36,64,18,135,67,76,37"/><W83/><G135/><T49/><D116/><U71/><E71/><V6/><F117/><W74/><G74/><T42/><D1/><U10/><E33/><V90/><F113/><W105/><G105/><T80/><D29/><U108/><E57/><N who="2" m="35247" /><F70/><W5/><G5/><T66/><D115/><U65/><E82/><V104/><F104/><W95/><G36/><T21/><D21/><U24/><E24/><N who="3" m="9290" /><G67/><T45/><D88/><U93/><E93/><V106/><F106/><W81/><G37/><T54/><REACH who="0" step="1"/><D59/><REACH who="0" ten="221,324,235,210" step="2"/><U60/><E9/><V98/><F90/><W12/><G83/><T118/><D118/><U122/><E10/><V55/><F23/><N who="3" m="11719" /><G95/><T121/><D121/><U92/><E122/><V30/><F30/><W40/><G64/><T52/><D52/><U47/><E92/><V38/><F55/><W114/><G114/><T2/><D2/><U134/><E65/><V11/><F11/><W3/><G3/><T89/><D89/><U123/><E123/><V131/><F125/><W62/><G40/><T22/><D22/><U28/><E124/><V41/><F41/><W79/><G79/><AGARI ba="0,1" hai="39,42,45,49,54,58,61,66,68,72,79,80,129,130" machi="79" ten="40,8000,1" yaku="1,1,24,2,52,2,53,0" doraHai="127" doraHaiUra="94" who="0" fromWho="3" sc="221,90,324,0,235,0,210,-80" /><INIT seed="4,0,0,5,3,26" ten="311,324,235,130" oya="0" hai0="49,83,12,112,125,97,42,4,6,66,20,24,58" hai1="77,23,99,64,73,120,126,85,116,86,110,1,118" hai2="30,78,128,21,31,132,89,0,75,25,81,94,37" hai3="17,53,44,109,50,28,48,111,108,5,117,16,88"/><T82/><D112/><U107/><E1/><V119/><F132/><W114/><G117/><N who="1" m="45162" /><E23/><V10/><F119/><W9/><G114/><T8/><D125/><U69/><E64/><V100/><F37/><W113/><G113/><T3/><D3/><U74/><E69/><V71/><F71/><W46/><G28/><N who="0" m="17415" /><D6/><U39/><E39/><V102/><F128/><W7/><G88/><T38/><D38/><U2/><E2/><V95/><F31/><W40/><REACH who="3" step="1"/><G5/><REACH who="3" ten="311,324,235,120" step="2"/><T11/><D4/><U60/><E126/><V51/><F89/><W68/><G68/><T79/><D83/><U59/><E110/><V101/><F81/><W133/><G133/><T96/><D82/><U67/><E73/><V106/><F75/><W15/><AGARI ba="0,1" hai="7,9,15,16,17,40,44,46,48,50,53,108,109,111" machi="15" ten="30,4000,0" yaku="1,1,0,1,54,1,53,0" doraHai="26" doraHaiUra="135" who="3" fromWho="3" sc="311,-20,324,-10,235,-10,120,50" /><INIT seed="5,0,0,1,5,133" ten="291,314,225,170" oya="1" hai0="33,6,41,54,77,69,7,81,55,78,132,32,61" hai1="52,60,129,1,0,30,124,59,83,130,2,19,24" hai2="100,91,95,73,39,108,127,110,123,62,116,65,31" hai3="74,27,76,89,16,103,101,28,80,119,99,109,51"/><U53/><E83/><V104/><F39/><W26/><G109/><N who="2" m="42089" /><F62/><W107/><G119/><T118/><D61/><U17/><E53/><V82/><F65/><W22/><G101/><T49/><D49/><U38/><E38/><V68/><F68/><W115/><G115/><T113/><D81/><U50/><E60/><V3/><F31/><W15/><G28/><T57/><D57/><U18/><REACH who="1" step="1"/><E124/><REACH who="1" ten="291,304,225,170" step="2"/><V85/><F127/><W58/><REACH who="3" step="1"/><G89/><REACH who="3" ten="291,304,225,160" step="2"/><T79/><D118/><U64/><E64/><V66/><F66/><W120/><G120/><T9/><D113/><U44/><E44/><V86/><F116/><W84/><G84/><T121/><D121/><U88/><E88/><N who="2" m="53647" /><F123/><W87/><G87/><T71/><D71/><U37/><E37/><V20/><F86/><W45/><G45/><T128/><D69/><U122/><E122/><V47/><F47/><W5/><G5/><T8/><D79/><U117/><E117/><V21/><F91/><W106/><G106/><T42/><D78/><U25/><E25/><V67/><F67/><W112/><G112/><T14/><D77/><U13/><E13/><V23/><F82/><W48/><G48/><T11/><D14/><U93/><E93/><V98/><F104/><W10/><G10/><T35/><D7/><U56/><E56/><V29/><F73/><W111/><G111/><T12/><D6/><U105/><E105/><V36/><F36/><W92/><G92/><T94/><D94/><U114/><E114/><V102/><F102/><W46/><G46/><T97/><D12/><U131/><E131/><V125/><F100/><RYUUKYOKU ba="0,2" sc="291,-15,304,15,225,-15,160,15" hai1="0,1,2,17,18,19,24,30,50,52,59,129,130" hai3="15,16,22,26,27,51,58,74,76,80,99,103,107" /><INIT seed="5,1,2,4,2,92" ten="276,319,210,175" oya="1" hai0="102,19,91,98,90,95,134,22,93,105,125,80,54" hai1="70,42,123,8,23,47,24,15,52,55,108,77,14" hai2="84,56,89,61,13,46,6,83,110,44,85,88,111" hai3="119,48,78,37,75,16,120,29,87,41,106,26,121"/><U39/><E123/><V45/><F111/><W71/><G119/><T17/><D134/><U51/><E108/><V69/><F69/><W73/><G71/><T107/><D125/><U5/><E70/><V3/><F3/><W63/><G63/><T112/><D112/><U127/><E127/><V128/><F110/><W4/><G37/><T135/><D135/><U103/><E39/><V10/><F128/><W40/><G4/><T36/><D36/><U114/><E114/><V18/><F6/><W124/><G106/><T122/><D80/><U58/><E77/><N who="2" m="46191" /><F85/><W99/><G124/><T7/><D102/><U33/><E33/><V133/><F133/><W28/><G87/><T109/><D122/><U79/><E79/><V31/><F31/><W117/><G78/><T43/><D43/><U30/><E103/><V32/><F32/><W129/><G129/><T76/><D76/><U9/><E58/><V116/><F116/><W21/><G117/><T72/><D72/><U12/><REACH who="1" step="1"/><E9/><REACH who="1" ten="276,309,210,175" step="2"/><V0/><F0/><AGARI ba="1,3" hai="0,5,8,12,14,15,23,24,30,42,47,51,52,55" machi="0" ten="40,7700,0" yaku="1,1,2,1,54,1,53,0" doraHai="92" doraHaiUra="53" who="1" fromWho="2" sc="276,0,309,110,210,-80,175,0" /><INIT seed="5,2,0,2,4,120" ten="276,419,130,175" oya="1" hai0="102,4,35,68,17,82,58,92,12,1,115,111,105" hai1="86,122,104,112,45,49,43,7,91,89,15,54,121" hai2="103,33,9,25,96,127,90,11,100,0,22,47,66" hai3="37,59,64,135,29,97,13,60,10,39,50,99,134"/><U70/><E104/><V57/><F33/><W44/><G29/><T14/><D68/><U19/><E112/><V36/><F127/><W21/><G21/><T41/><D105/><U75/><E75/><V69/><F100/><W3/><G3/><T94/><D111/><U74/><E74/><V106/><F69/><W76/><G76/><T116/><D1/><U123/><E70/><V110/><F0/><W81/><G81/><T56/><D116/><U18/><E43/><V24/><F90/><W8/><G8/><T61/><D41/><U48/><E48/><V128/><F128/><W20/><G20/><BYE who="3" /><T114/><D82/><UN n3="%E9%88%B4%E4%B8%B8" /><U131/><E131/><V30/><F25/><W2/><G2/><T78/><D78/><U38/><E38/><V130/><F130/><W107/><G37/><T72/><D72/><U87/><E86/><V126/><F126/><W73/><G73/><T34/><D102/><U52/><E54/><V93/><F106/><W125/><G39/><T6/><D17/><U79/><E79/><V129/><F129/><W28/><G28/><T53/><D61/><U108/><E108/><V16/><F110/><W133/><G107/><T27/><D53/><U65/><E65/><V63/><REACH who="2" step="1"/><F16/><REACH who="2" ten="276,419,120,175" step="2"/><N who="1" m="6185" /><E91/><V55/><F55/><N who="3" m="30151" /><G125/><T71/><D71/><U83/><E123/><V88/><F88/><W32/><G32/><T26/><AGARI ba="2,1" hai="4,6,12,14,26,27,34,35,56,58,92,94,114,115" machi="26" ten="25,3200,0" yaku="0,1,22,2" doraHai="120" who="0" fromWho="0" sc="276,48,419,-18,120,-10,175,-10" /><INIT seed="6,0,0,1,4,42" ten="324,401,110,165" oya="2" hai0="101,53,71,41,61,125,117,123,65,0,93,22,20" hai1="105,76,26,39,104,58,133,132,62,59,15,27,70" hai2="134,11,116,52,85,109,37,5,60,114,122,48,86" hai3="121,89,94,78,45,47,17,119,91,10,83,68,128"/><V88/><F122/><W4/><G119/><T130/><D123/><U29/><E39/><V30/><F116/><W87/><G121/><T111/><D111/><U21/><E15/><N who="2" m="5615" /><F37/><W118/><G118/><T34/><D34/><N who="1" m="20791" /><E76/><V28/><F109/><W135/><G68/><T31/><D0/><U19/><E70/><V98/><F134/><N who="1" m="51817" /><E59/><N who="2" m="34919" /><F114/><W100/><G128/><T77/><D130/><U1/><E1/><V66/><F66/><AGARI ba="0,0" hai="19,21,27,58,62,66,104,105" m="51817,20791" machi="66" ten="30,1000,0" yaku="20,1" doraHai="42" who="1" fromWho="2" sc="324,0,401,10,110,-10,165,0" /><INIT seed="7,0,0,0,4,75" ten="324,411,100,165" oya="3" hai0="37,60,54,101,46,73,38,18,40,135,90,62,8" hai1="94,70,61,4,121,20,128,88,35,91,97,133,118" hai2="1,43,32,122,115,103,125,83,28,14,129,69,85" hai3="59,79,64,3,131,63,67,108,134,107,120,72,12"/><W17/><G3/><T80/><D135/><U15/><E35/><V86/><F1/><W116/><G120/><T7/><D18/><U82/><E121/><V58/><F122/><W109/><G116/><T71/><D38/><U102/><E133/><V48/><F69/><W132/><G107/><T33/><D33/><U56/><E128/><V24/><F129/><W124/><G64/><T9/><D9/><U23/><E70/><V65/><F125/><W78/><G131/><T26/><D26/><U119/><E82/><V110/><F110/><N who="3" m="42603" /><G124/><T126/><D126/><U114/><E114/><V98/><F115/><W111/><N who="3" m="42611" /><W66/><DORA hai="105" /><G66/><T5/><D5/><U55/><E23/><V117/><F117/><N who="1" m="44553" /><E20/><V100/><F14/><W25/><G25/><T74/><D74/><U57/><E57/><V68/><F68/><W113/><G113/><T84/><D101/><U45/><E45/><V47/><F83/><N who="3" m="45511" /><G79/><T2/><D71/><U92/><E92/><V31/><F31/><W99/><G99/><T87/><D87/><U50/><E94/><V127/><F127/><W29/><G29/><T22/><D73/><U41/><E97/><V51/><F103/><W53/><G67/><T27/><D84/><U16/><E102/><V104/><F65/><W30/><G30/><N who="0" m="17783" /><D80/><U0/><E0/><V89/><F89/><W106/><G106/><T36/><D90/><U93/><E88/><V96/><F96/><W49/><G63/><T76/><D76/><U21/><E91/><V42/><F58/><W11/><AGARI ba="0,0" hai="11,12,17,49,53,59,132,134" m="45511,42611" machi="11" ten="40,7800,0" yaku="10,1,52,2" doraHai="75,105" who="3" fromWho="3" sc="324,-26,411,-26,100,-26,165,78" /><INIT seed="7,1,0,2,5,38" ten="298,385,74,243" oya="3" hai0="2,5,12,113,119,42,51,48,117,120,13,93,106" hai1="18,87,111,52,20,95,110,46,118,64,41,114,99" hai2="26,19,55,4,78,36,124,133,70,88,0,89,94" hai3="76,132,43,122,116,115,84,104,66,74,102,96,71"/><W82/><G122/><T21/><D120/><U32/><E32/><V112/><F112/><W90/><G116/><T39/><D106/><U60/><E114/><V8/><F133/><W131/><G115/><T3/><D39/><U68/><E118/><V63/><F124/><W62/><G131/><T69/><D113/><U23/><E52/><V91/><F70/><W127/><G127/><T83/><D69/><U101/><E87/><V134/><F134/><W24/><G132/><T121/><D121/><U56/><E23/><V16/><F36/><W10/><G10/><T49/><D93/><U109/><E68/><V30/><F78/><W77/><G43/><T31/><D51/><U35/><E35/><V28/><F28/><W17/><G17/><T6/><D83/><U11/><E11/><V85/><F30/><W33/><REACH who="3" step="1"/><G74/><REACH who="3" ten="298,385,74,233" step="2"/><T37/><D31/><AGARI ba="1,1" hai="24,31,33,62,66,71,76,77,82,84,90,96,102,104" machi="31" ten="40,12000,1" yaku="1,1,2,1,25,2,53,0" doraHai="38" doraHaiUra="126" who="3" fromWho="0" sc="298,-123,385,0,74,0,233,133" /><INIT seed="7,2,0,5,2,11" ten="175,385,74,366" oya="3" hai0="66,105,62,23,98,117,120,95,99,20,94,16,68" hai1="44,38,18,135,34,100,45,131,118,134,28,74,59" hai2="8,123,89,113,55,64,12,108,78,82,116,106,27" hai3="65,33,37,125,7,128,132,84,56,1,112,32,35"/><W57/><G125/><T50/><D117/><U54/><E118/><V69/><F116/><W124/><G124/><T17/><D120/><U13/><E131/><V24/><F108/><W88/><G128/><T4/><D4/><U0/><E0/><V92/><F123/><W81/><G112/><T83/><D83/><U25/><E74/><V104/><F113/><W46/><G132/><N who="1" m="50730" /><E100/><V67/><F55/><W63/><G7/><T19/><D105/><U22/><E38/><V40/><F40/><W58/><REACH who="3" step="1"/><G1/><REACH who="3" ten="175,385,74,356" step="2"/><T73/><D73/><U52/><E52/><V127/><F127/><W5/><G5/><T60/><D19/><U39/><E39/><V31/><F106/><W26/><G26/><T76/><D16/><U47/><E47/><V30/><F104/><W9/><G9/><T101/><D17/><U97/><E97/><V121/><F121/><W85/><G85/><T79/><D98/><U114/><E114/><V36/><F36/><W119/><G119/><T130/><D99/><U61/><AGARI ba="2,1" hai="13,18,22,25,28,34,44,45,54,59,61" m="50730" machi="61" ten="30,2000,0" yaku="20,1,52,1" doraHai="11" who="1" fromWho="1" sc="175,-7,385,36,74,-7,356,-12" owari="168,-23.0,421,52.0,67,-43.0,344,14.0" /></mjloggm>