<mjloggm ver="2.3"><GO type="169" lobby="0"/><UN n0="%E5%B0%8F%E6%89%8B%E8%BF%94%E6%92%B2%E6%BB%85%E4%BC%9A%E9%95%B7" n1="%E3%83%8F%E3%83%83%E3%83%88%E3%83%AA%E3%82%B9" n2="%E9%81%8A%E8%B5%B0" n3="%E3%81%A8%E3%81%B3%E3%81%BE%E3%81%93" dan="17,17,17,16" rate="2158.44,2163.07,2192.08,2088.51" sx="F,M,M,M"/><TAIKYOKU oya="0"/><INIT seed="0,0,0,2,5,40" ten="250,250,250,250" oya="0" hai0="101,85,7,28,42,100,33,17,13,11,90,21,115" hai1="14,55,107,134,79,27,86,1,31,50,43,24,64" hai2="131,125,41,129,99,84,16,98,105,62,68,6,26" hai3="127,121,63,39,38,113,45,119,104,23,69,120,133"/><T57/><D115/><U112/><E1/><V54/><F6/><W97/><G104/><T37/><D57/><U29/><E107/><V103/><F99/><W106/><G106/><T8/><D8/><U67/><E134/><V77/><F125/><W59/><G23/><T122/><D122/><N who="3" m="47209" /><G97/><T73/><D73/><U49/><E14/><V4/><F4/><W36/><G133/><T18/><D18/><U66/><E112/><V114/><F114/><W111/><G113/><T116/><D116/><U94/><E43/><V123/><F123/><W124/><G119/><T30/><D30/><U93/><E66/><V81/><F41/><N who="3" m="22695" /><G69/><T126/><D126/><N who="3" m="48169" /><G111/><T78/><D28/><U74/><E74/><V53/><F68/><W48/><G48/><T132/><D33/><U60/><E49/><V56/><F26/><W25/><G25/><T135/><D135/><U51/><E51/><V12/><F105/><W71/><G71/><T58/><D132/><U32/><E50/><V80/><F98/><W44/><G44/><T128/><D42/><U108/><E108/><V34/><F34/><W76/><G76/><T0/><D37/><U88/><E79/><V117/><F103/><N who="0" m="39498" /><D78/><U70/><E70/><V61/><F117/><W110/><G110/><T109/><D109/><U2/><E31/><V118/><F118/><W46/><G46/><T52/><D21/><U5/><E29/><V91/><F77/><W15/><G15/><T83/><D13/><U20/><E32/><V9/><F81/><W102/><G102/><T19/><D0/><U75/><E2/><V95/><F80/><RYUUKYOKU ba="0,0" sc="250,-15,250,-15,250,15,250,15" hai2="9,12,16,53,54,56,61,62,84,91,95,129,131" hai3="38,39,59,63" /><INIT seed="1,1,0,1,0,103" ten="235,235,265,265" oya="1" hai0="122,54,17,126,80,120,19,67,133,100,5,76,121" hai1="110,116,51,66,135,11,12,57,26,2,15,68,124" hai2="49,38,4,70,113,42,44,43,23,131,27,39,50" hai3="93,90,83,63,34,22,13,20,95,16,46,65,30"/><U105/><E116/><V29/><F131/><W64/><G34/><T35/><D35/><U40/><E135/><V72/><F72/><W45/><G83/><T25/><D133/><U18/><E124/><V91/><F113/><W104/><G104/><T129/><D126/><U31/><E68/><V56/><F70/><W21/><G95/><T107/><D67/><N who="3" m="25673" /><G63/><T33/><D5/><U92/><E2/><V14/><F91/><W87/><G30/><N who="0" m="19663" /><D54/><U7/><E105/><V62/><F62/><W6/><G6/><T71/><D129/><U28/><E26/><V109/><F109/><W75/><G75/><N who="0" m="43039" /><D71/><U0/><E0/><V130/><F130/><W77/><G77/><T85/><D85/><U36/><E110/><V10/><F56/><W98/><G87/><T81/><D81/><U58/><E92/><V123/><REACH who="2" step="1"/><F123/><REACH who="2" ten="235,235,255,265" step="2"/><W3/><G3/><T1/><D1/><U117/><E58/><V61/><F61/><W114/><G114/><T53/><D122/><U108/><E108/><V97/><F97/><W60/><G60/><T8/><D121/><U47/><E66/><V132/><F132/><W134/><G134/><T128/><D128/><U101/><E57/><V59/><F59/><W37/><G37/><T48/><D120/><U112/><E36/><V55/><F55/><W24/><G24/><T79/><D53/><U102/><E112/><V86/><F86/><W99/><G99/><T52/><D52/><U84/><E84/><V96/><F96/><W127/><G127/><T9/><D79/><U82/><E102/><V73/><F73/><W94/><G93/><RYUUKYOKU ba="1,1" sc="235,-15,235,-15,255,15,265,15" hai2="4,10,14,23,27,29,38,39,42,43,44,49,50" hai3="13,16,20,21,22,45,46,90,94,98" /><INIT seed="2,2,1,0,2,81" ten="220,220,270,280" oya="2" hai0="132,15,114,108,29,23,50,30,21,38,83,125,126" hai1="10,49,11,55,58,98,105,20,9,118,93,135,18" hai2="69,63,0,24,6,90,28,133,54,44,121,13,66" hai3="57,7,131,91,56,33,61,37,27,124,113,62,40"/><V48/><F121/><W85/><G124/><N who="0" m="47723" /><D38/><U110/><E110/><V26/><F133/><W115/><G131/><T39/><D39/><U86/><E135/><V123/><F123/><W127/><G127/><T100/><D100/><U46/><E105/><V128/><F128/><W14/><G40/><T45/><D132/><U97/><E118/><V120/><F120/><W117/><G37/><T17/><D108/><U64/><E46/><V72/><F72/><W89/><G117/><T119/><D119/><U12/><E64/><V95/><F0/><W134/><G134/><T35/><D35/><U112/><E112/><V80/><F80/><W31/><G14/><T78/><D23/><U1/><E1/><V60/><F60/><N who="3" m="23147" /><G7/><T25/><D15/><U65/><E65/><V92/><F92/><N who="3" m="54319" /><G91/><AGARI ba="2,1" hai="9,10,11,12,18,20,49,55,58,86,91,93,97,98" machi="91" ten="40,8000,1" yaku="25,2,8,1,52,1" doraHai="81" who="1" fromWho="3" sc="220,0,220,96,270,0,280,-86" /><INIT seed="3,0,0,2,2,128" ten="220,316,270,194" oya="3" hai0="10,0,120,132,11,19,109,68,69,17,29,65,94" hai1="79,27,47,103,16,113,87,51,111,98,50,101,116" hai2="56,58,57,43,18,40,90,92,106,134,28,67,62" hai3="9,104,23,12,115,100,130,81,49,122,5,84,85"/><W125/><G115/><T61/><D120/><U108/><E116/><V4/><F106/><W13/><G122/><T93/><D109/><N who="1" m="42059" /><E113/><V119/><F134/><W97/><G130/><T42/><D42/><N who="2" m="15914" /><F119/><W33/><G33/><T24/><D69/><U34/><E47/><V82/><F28/><W75/><G125/><T38/><D38/><U135/><E101/><V123/><F123/><W46/><G75/><T20/><D132/><U63/><E63/><V54/><F4/><W35/><G35/><T15/><REACH who="0" step="1"/><D19/><REACH who="0" ten="210,316,270,194" step="2"/><U37/><E16/><V124/><F18/><W48/><G23/><T1/><D1/><U7/><E37/><V127/><F124/><W121/><G121/><T31/><D31/><U30/><E135/><V44/><F127/><W41/><G13/><T117/><D117/><U55/><E30/><V102/><F67/><W21/><G21/><T112/><D112/><U88/><E34/><V96/><F54/><W99/><G49/><T8/><D8/><U107/><E55/><V91/><F62/><W32/><G32/><T118/><D118/><U95/><E51/><V39/><F39/><W131/><G131/><T45/><D45/><U72/><E50/><V76/><F44/><W83/><REACH who="3" step="1"/><G99/><REACH who="3" ten="210,316,270,184" step="2"/><T78/><D78/><U53/><E79/><V64/><F64/><W52/><G52/><T36/><D36/><U80/><E53/><V77/><F77/><W129/><G129/><T14/><D14/><U114/><E114/><V66/><F66/><W105/><G105/><T86/><D86/><AGARI ba="0,2" hai="56,57,58,76,82,86,90,91,92,96,102" m="15914" machi="86" ten="30,1000,0" yaku="8,1" doraHai="128" who="2" fromWho="0" sc="210,-10,316,0,270,30,184,0" /><AGARI ba="0,0" hai="5,9,12,41,46,48,81,83,84,85,86,97,100,104" machi="86" ten="40,3900,0" yaku="1,1,53,1" doraHai="128" doraHaiUra="6" who="3" fromWho="0" sc="200,-39,316,0,300,0,184,39" /><INIT seed="3,1,0,2,1,72" ten="161,316,300,223" oya="3" hai0="76,82,124,81,43,44,121,131,86,108,106,25,122" hai1="7,10,130,34,134,53,101,39,70,8,15,89,45" hai2="85,57,18,22,80,52,1,133,94,58,116,74,49" hai3="105,54,113,83,60,100,13,91,120,96,75,4,61"/><W104/><G113/><T127/><D106/><U35/><E70/><V110/><F110/><W66/><G120/><T126/><D108/><U0/><E130/><V6/><F116/><W40/><G40/><T114/><D131/><U30/><E101/><V102/><F74/><W109/><G105/><T115/><D25/><U31/><E89/><V41/><F133/><W88/><G109/><T64/><D64/><U73/><E53/><V107/><F102/><W98/><G98/><T42/><D42/><U56/><E56/><V17/><F107/><W21/><G54/><T32/><D32/><U87/><E87/><V69/><F69/><W28/><G61/><T2/><D2/><U38/><E45/><V79/><F41/><W19/><G4/><T129/><D129/><U48/><E73/><V59/><F94/><W26/><G83/><T90/><D44/><U67/><E67/><V78/><F79/><W27/><G75/><N who="0" m="43167" /><D43/><U84/><E39/><V16/><REACH who="2" step="1"/><F22/><REACH who="2" ten="161,316,290,223" step="2"/><W36/><G36/><T29/><D29/><U62/><E31/><V112/><F112/><AGARI ba="1,1" hai="82,86,90,112,114,115,121,122,124,126,127" m="43167" machi="112" ten="40,8000,1" yaku="11,1,18,1,34,2,52,1" doraHai="72" who="0" fromWho="2" sc="161,93,316,0,290,-83,223,0" /><INIT seed="4,0,0,2,1,61" ten="254,316,207,223" oya="0" hai0="103,31,89,84,9,85,110,115,45,124,73,18,8" hai1="27,26,38,127,40,19,52,37,17,12,60,117,64" hai2="80,125,43,67,75,14,13,111,74,58,15,106,50" hai3="119,65,120,72,86,44,47,121,16,49,56,109,63"/><T59/><D115/><U30/><E117/><V88/><F106/><W123/><G109/><T32/><D73/><U2/><E2/><V93/><F111/><W21/><G72/><T129/><D110/><U112/><E127/><V131/><F125/><W39/><G119/><T48/><D129/><U20/><E40/><V34/><F131/><W79/><G39/><T54/><D103/><U81/><E81/><V11/><F34/><W107/><G107/><T102/><D102/><U62/><E112/><V114/><F114/><W0/><G0/><T4/><D31/><U29/><E52/><N who="2" m="32023" /><F75/><W66/><G66/><T7/><D32/><U83/><E83/><V126/><F74/><W132/><G132/><T76/><D124/><U91/><E91/><V23/><F126/><W1/><G1/><T5/><D18/><U97/><E97/><N who="2" m="57511" /><F43/><W133/><G133/><T33/><D33/><U82/><E82/><V46/><F46/><W130/><G130/><T71/><D71/><U135/><E135/><V57/><F80/><N who="3" m="47391" /><G49/><N who="0" m="31183" /><D84/><U51/><E51/><V6/><F23/><W78/><G78/><T70/><D70/><U96/><E20/><V77/><F77/><W10/><G21/><T98/><D76/><U25/><E37/><V68/><F68/><W87/><G87/><T95/><D85/><U116/><E96/><V108/><F108/><W36/><G36/><T105/><D105/><U3/><E38/><V69/><F69/><W104/><G104/><T94/><D95/><U134/><E116/><V41/><F41/><AGARI ba="0,0" hai="4,5,7,8,9,41,45,48,89,94,98" m="31183" machi="41" ten="30,1500,0" yaku="8,1" doraHai="61" who="0" fromWho="2" sc="254,15,316,0,207,-15,223,0" /><INIT seed="4,1,0,1,5,104" ten="269,316,192,223" oya="0" hai0="48,14,59,60,122,93,17,1,9,121,0,61,63" hai1="68,37,108,84,34,114,70,99,82,74,134,57,49" hai2="85,118,97,105,106,66,33,133,116,8,110,75,91" hai3="90,39,54,111,18,27,67,6,112,16,19,135,15"/><T12/><D121/><U28/><E108/><V123/><F33/><W73/><G111/><T78/><D122/><U20/><E37/><V22/><F110/><W30/><G39/><T107/><D107/><U65/><E34/><V42/><F123/><W81/><G112/><T26/><D26/><U32/><E32/><V38/><F66/><W46/><G67/><T89/><D78/><U103/><E74/><V119/><F133/><W101/><G101/><T62/><N who="0" m="15360" /><DORA hai="109" /><T94/><D12/><U125/><E20/><V132/><F132/><W98/><G135/><T29/><D29/><U23/><E23/><V130/><F130/><W69/><G69/><T35/><D35/><U80/><E80/><N who="2" m="49575" /><F22/><N who="3" m="15735" /><G73/><T87/><REACH who="0" step="1"/><D94/><REACH who="0" ten="259,316,192,223" step="2"/><U43/><E134/><V53/><F106/><W7/><G15/><T44/><D44/><U88/><E28/><V51/><F105/><W25/><G25/><T24/><D24/><U3/><E65/><V77/><F118/><W21/><G21/><T13/><D13/><U102/><E68/><V131/><F116/><W40/><G81/><T124/><D124/><U96/><E125/><V31/><F119/><W58/><G46/><T92/><D92/><U36/><E82/><N who="2" m="45375" /><F31/><W129/><G129/><T100/><D100/><U128/><E103/><V2/><F131/><W64/><G64/><T52/><AGARI ba="1,1" hai="0,1,9,14,17,48,52,59,87,89,93" m="15360" machi="52" ten="40,7800,0" yaku="1,1,0,1,54,1,53,0" doraHai="104,109" doraHaiUra="79,126" who="0" fromWho="0" sc="259,91,316,-27,192,-27,223,-27" /><INIT seed="4,2,0,0,2,43" ten="350,289,165,196" oya="0" hai0="81,84,27,73,64,85,103,98,46,78,109,93,123" hai1="74,6,58,54,1,8,49,68,129,116,7,125,48" hai2="104,102,115,121,4,94,90,130,63,112,52,107,19" hai3="101,36,111,20,12,35,29,120,122,92,28,17,70"/><T56/><D123/><N who="3" m="47145" /><G70/><T18/><D109/><U124/><E116/><V113/><F121/><W24/><G36/><T37/><D64/><U39/><E39/><V77/><F130/><W71/><G71/><T11/><D56/><U128/><E68/><V108/><F108/><W50/><G50/><T21/><REACH who="0" step="1"/><D11/><REACH who="0" ten="340,289,165,196" step="2"/><U9/><E58/><N who="2" m="35271" /><F102/><W76/><G111/><T13/><D13/><U79/><E1/><V131/><F131/><W83/><G101/><T10/><D10/><U38/><E8/><V33/><F115/><W72/><G28/><T47/><D47/><U60/><E9/><V75/><F113/><W134/><G134/><T45/><D45/><U22/><E129/><V88/><F112/><W5/><G5/><T3/><D3/><U16/><E128/><V89/><F4/><W117/><G117/><T26/><D26/><U133/><E133/><V59/><F59/><W127/><G127/><T66/><D66/><U86/><E6/><V91/><F19/><W51/><G12/><T106/><D106/><U15/><E7/><V95/><F104/><W25/><G51/><T2/><D2/><U41/><E49/><V31/><F107/><W100/><G100/><T34/><D34/><U44/><E48/><V69/><F69/><W62/><G62/><T87/><D87/><U40/><E86/><N who="2" m="52503" /><F31/><W119/><G119/><T67/><D67/><U42/><E125/><V80/><F33/><W14/><G24/><T82/><D82/><N who="1" m="45431" /><E124/><V118/><F118/><W0/><G0/><T61/><D61/><U30/><E30/><V55/><F55/><W114/><G114/><RYUUKYOKU ba="2,1" sc="340,0,289,0,165,0,196,0" hai0="18,21,27,37,46,73,78,81,84,85,93,98,103" hai1="15,16,22,38,40,41,42,44,54,60" hai2="75,77,80,89,90,91,95" hai3="14,17,20,25,29,35,72,76,83,92" /><INIT seed="4,3,1,3,3,131" ten="340,289,165,196" oya="0" hai0="66,132,68,43,20,30,121,103,16,118,11,77,45" hai1="56,84,4,115,96,50,28,94,74,125,35,17,108" hai2="78,34,124,39,130,13,134,76,105,107,60,15,71" hai3="8,95,64,86,0,104,12,73,44,67,117,99,82"/><T116/><D121/><U23/><E108/><V109/><F34/><W123/><G117/><T129/><D103/><U70/><E70/><V29/><F109/><W36/><G123/><T14/><D129/><U32/><E74/><V65/><F130/><W81/><G0/><T47/><D47/><U88/><E125/><V46/><F124/><W19/><G104/><T26/><D77/><U133/><E4/><V79/><F29/><W61/><G73/><T120/><D120/><U75/><E75/><V126/><F126/><W101/><G81/><T93/><D93/><U27/><E115/><V5/><F134/><W80/><G82/><T119/><D132/><U6/><E6/><V58/><F71/><W38/><G44/><T114/><D114/><U102/><E28/><V69/><F69/><W54/><G38/><T1/><D1/><U9/><E9/><V52/><F65/><W33/><G33/><T83/><D83/><U112/><E133/><V40/><REACH who="2" step="1"/><F5/><REACH who="2" ten="340,289,155,196" step="2"/><W53/><G36/><T48/><D68/><U127/><E127/><V55/><F55/><N who="3" m="21003" /><G61/><T59/><D66/><U98/><E112/><V85/><F85/><W22/><G22/><T7/><D7/><U91/><E84/><V49/><F49/><W41/><G41/><T37/><D37/><U42/><E42/><V110/><F110/><W51/><G51/><T89/><D116/><U111/><E111/><V100/><F100/><W90/><AGARI ba="3,2" hai="8,12,19,64,67,80,86,90,95,99,101" m="21003" machi="90" ten="30,1100,0" yaku="8,1" doraHai="131" who="3" fromWho="3" sc="340,-8,289,-6,155,-6,196,40" /><INIT seed="5,0,0,4,4,57" ten="332,283,149,236" oya="1" hai0="7,42,52,37,36,22,19,89,35,14,88,25,70" hai1="73,43,124,50,13,15,9,45,16,97,93,129,118" hai2="115,21,106,110,87,101,78,33,81,100,132,104,112" hai3="61,53,69,125,105,24,84,122,121,6,32,90,20"/><U17/><E129/><V131/><F33/><W120/><G105/><N who="2" m="40553" /><F21/><W44/><G125/><T23/><D70/><U0/><E124/><V38/><F38/><W82/><G6/><T8/><D37/><U10/><E118/><V1/><F1/><W31/><G44/><T99/><D42/><U29/><E73/><N who="2" m="43215" /><F110/><W126/><G126/><T5/><D36/><U51/><E0/><V41/><F41/><W60/><G53/><T83/><D35/><U119/><E119/><V27/><F27/><W54/><G54/><T30/><D22/><U64/><E29/><V58/><F58/><W63/><REACH who="3" step="1"/><G32/><REACH who="3" ten="332,283,149,226" step="2"/><T102/><D52/><U85/><E64/><AGARI ba="0,1" hai="20,24,31,60,61,63,64,69,82,84,90,120,121,122" machi="64" ten="40,8000,1" yaku="1,1,2,1,52,3,53,0" doraHai="57" doraHaiUra="46" who="3" fromWho="1" sc="332,0,283,-80,149,0,226,90" /><INIT seed="6,0,0,3,3,128" ten="332,203,149,316" oya="2" hai0="49,68,114,110,16,20,119,42,27,26,19,86,25" hai1="127,30,113,71,118,63,69,124,81,8,74,60,36" hai2="5,53,61,9,98,129,93,50,62,57,56,108,7" hai3="82,112,131,65,91,106,43,117,31,104,28,40,97"/><V80/><F129/><W125/><G131/><T105/><D110/><U73/><E118/><V35/><F108/><W95/><G117/><T39/><D68/><N who="1" m="26187" /><E36/><V15/><F35/><W6/><G65/><T67/><D105/><U32/><E8/><V41/><F80/><W12/><G125/><N who="1" m="48202" /><E113/><V135/><F135/><W54/><G112/><T130/><D39/><U77/><E74/><V21/><F41/><W1/><G1/><T45/><D130/><U22/><E32/><V111/><F111/><W90/><G54/><T37/><D114/><U100/><E100/><V11/><F21/><W123/><G123/><T79/><D37/><U122/><E122/><V66/><F50/><W134/><G106/><T38/><D38/><U94/><E94/><V78/><F78/><W13/><G104/><T48/><D67/><U0/><E0/><V121/><F121/><W101/><G101/><T99/><D49/><U34/><E34/><V84/><F84/><W75/><G75/><T120/><D119/><U76/><E77/><V115/><F115/><W24/><G43/><T83/><D120/><U85/><E85/><V116/><F116/><W29/><G40/><T102/><D102/><U64/><E64/><V23/><F23/><W58/><G95/><T103/><D20/><U18/><E30/><V17/><REACH who="2" step="1"/><F11/><REACH who="2" ten="332,203,139,316" step="2"/><N who="3" m="4215" /><G82/><T51/><D51/><U133/><E133/><V44/><F44/><W14/><G134/><T107/><AGARI ba="0,1" hai="16,19,25,26,27,42,45,48,79,83,86,99,103,107" machi="107" ten="30,2000,0" yaku="0,1,54,1" doraHai="128" who="0" fromWho="0" sc="332,30,203,-5,139,-10,316,-5" /><INIT seed="7,0,0,2,2,36" ten="362,198,129,311" oya="3" hai0="10,111,52,109,43,90,31,103,104,114,79,63,75" hai1="130,100,120,84,11,92,87,101,83,88,133,115,62" hai2="86,30,81,16,124,82,57,78,110,118,77,102,64" hai3="1,0,80,23,106,108,134,58,28,44,9,25,20"/><W53/><G106/><T39/><D31/><U112/><E120/><V7/><F110/><W105/><G105/><T122/><D90/><N who="1" m="53343" /><E133/><V49/><F118/><W37/><G134/><T54/><D54/><U67/><E130/><V2/><F124/><W33/><G108/><T42/><D42/><U121/><E121/><V113/><F113/><N who="1" m="43593" /><E11/><V5/><F30/><W128/><G80/><T107/><D107/><U91/><E91/><V15/><F102/><W4/><G1/><T61/><D61/><U135/><E135/><V131/><F131/><W60/><REACH who="3" step="1"/><G128/><REACH who="3" ten="362,198,129,301" step="2"/><T74/><D104/><U119/><E119/><V68/><F2/><W24/><G24/><T116/><D116/><U38/><E83/><V50/><F68/><W98/><G98/><T66/><D114/><U89/><E84/><V93/><F93/><W51/><G51/><T125/><D111/><U41/><E38/><V70/><F70/><W123/><G123/><T73/><D122/><U132/><E132/><V55/><F50/><W117/><G117/><T94/><D109/><U71/><E71/><V59/><F81/><W97/><G97/><T35/><D39/><U32/><E62/><V18/><F78/><W13/><G13/><T85/><D79/><U17/><E101/><V72/><F72/><W40/><AGARI ba="0,1" hai="0,4,9,20,23,25,28,33,37,40,44,53,58,60" machi="40" ten="30,6000,0" yaku="1,1,0,1,52,1,53,0" doraHai="36" doraHaiUra="76" who="3" fromWho="3" sc="362,-20,198,-20,129,-20,301,70" owari="342,14.0,178,-22.0,109,-39.0,371,47.0" /></mjloggm>