<mjloggm ver="2.3"><GO type="225" lobby="0"/><UN n0="%6F%62%61%6D%61%38%38" n1="%63%61%74%6D%65%56%47%43" n2="%E7%B6%BE%E9%87%8E%E7%8F%AA%E5%AD%90" n3="%E8%88%B9%E8%A6%8B%E7%B5%90%E8%A1%A3%E3%81%A1%E3%82%83%E3%82%93" dan="16,16,17,16" rate="2008.66,2190.86,2207.59,2167.19" sx="M,M,F,F"/><TAIKYOKU oya="0"/><INIT seed="0,0,0,1,2,40" ten="250,250,250,250" oya="0" hai0="44,66,64,14,30,70,101,127,104,1,23,41,112" hai1="33,0,80,88,57,116,16,53,8,67,45,19,10" hai2="102,65,72,29,93,117,81,48,47,78,96,22,18" hai3="36,39,99,92,17,42,21,2,61,128,91,126,24"/><T113/><D1/><U119/><E33/><V111/><F111/><W59/><G128/><T114/><D127/><U90/><E0/><V28/><F65/><W4/><G126/><T73/><D73/><U26/><E116/><V105/><F105/><W27/><G27/><T32/><D32/><U100/><E119/><V130/><F130/><W131/><G131/><T122/><D122/><U54/><E100/><V68/><F68/><W79/><G79/><T94/><D104/><U98/><E67/><V124/><F124/><W133/><G133/><T107/><D107/><U20/><E80/><V132/><F132/><W3/><G4/><T75/><D75/><U46/><E54/><V58/><F58/><W51/><G39/><T134/><D134/><U31/><E31/><V49/><F49/><W76/><G76/><T52/><D70/><U74/><E74/><V60/><F60/><W11/><G11/><N who="1" m="4138" /><E19/><V110/><F110/><W87/><G36/><T13/><D113/><U7/><E7/><V25/><REACH who="2" step="1"/><F117/><REACH who="2" ten="250,250,240,250" step="2"/><W38/><G38/><T5/><D114/><U85/><E46/><V34/><F34/><W95/><G61/><T108/><D112/><U97/><E45/><V125/><F125/><W109/><G109/><T115/><D108/><U129/><E129/><V83/><F83/><W121/><G121/><T82/><D115/><U35/><E35/><V62/><F62/><W118/><G118/><T37/><D37/><U50/><E90/><V9/><F9/><W86/><G59/><T55/><D82/><N who="1" m="49207" /><E57/><V135/><F135/><W63/><G51/><N who="0" m="27023" /><D64/><U123/><E123/><RYUUKYOKU ba="0,1" sc="250,-15,250,15,240,15,250,-15" hai1="16,20,26,50,53,97,98" hai2="18,22,25,28,29,47,48,72,78,81,93,96,102" /><INIT seed="1,1,1,1,2,22" ten="235,265,255,235" oya="1" hai0="118,54,109,5,37,78,59,32,51,94,6,49,87" hai1="72,106,58,101,135,121,129,76,47,74,65,108,97" hai2="8,20,113,52,2,102,63,34,19,21,48,80,123" hai3="9,83,125,67,75,14,81,131,33,126,79,77,96"/><U57/><E121/><V107/><F123/><W85/><G33/><T134/><D118/><U43/><E135/><V127/><F34/><W62/><G96/><T27/><D134/><U95/><E129/><V116/><F116/><W111/><G111/><T50/><D37/><U112/><E112/><V124/><F113/><W3/><G131/><T13/><D109/><U115/><E115/><V130/><F130/><W82/><G82/><T105/><D105/><U84/><E108/><V24/><F63/><W66/><G3/><T71/><D71/><U10/><E10/><V28/><F80/><W17/><REACH who="3" step="1"/><G62/><REACH who="3" ten="235,265,255,225" step="2"/><T29/><D6/><U23/><E97/><V110/><F110/><W41/><G41/><T68/><D68/><U42/><E42/><V70/><F2/><W38/><G38/><T26/><D5/><U103/><E43/><V132/><F70/><W30/><G30/><T73/><D32/><U4/><E106/><V104/><F104/><W64/><AGARI ba="1,2" hai="9,14,17,64,66,67,75,77,79,81,83,85,125,126" machi="64" ten="30,2000,0" yaku="1,1,0,1,53,0" doraHai="22" doraHaiUra="114" who="3" fromWho="3" sc="235,-6,265,-11,255,-6,225,43" /><INIT seed="2,0,0,2,4,93" ten="229,254,249,268" oya="2" hai0="70,129,117,31,68,75,80,66,134,42,135,111,112" hai1="106,67,1,8,56,108,7,50,20,32,2,14,22" hai2="85,71,121,0,87,30,124,44,51,82,125,57,94" hai3="90,49,41,73,13,79,84,21,127,96,119,78,100"/><V18/><F121/><W130/><G73/><T40/><D31/><U29/><E106/><V53/><F71/><W11/><G21/><N who="1" m="8298" /><E50/><V97/><F0/><N who="1" m="105" /><E56/><V60/><F30/><W110/><G110/><T91/><D91/><U107/><E67/><V52/><F18/><W5/><G130/><T128/><D80/><U37/><E37/><V114/><F114/><W118/><G127/><N who="2" m="48713" /><F82/><W24/><G24/><T103/><D103/><AGARI ba="0,0" hai="44,51,52,53,57,60,85,87,94,97,103" m="48713" machi="103" ten="30,5800,0" yaku="18,1,52,1,54,1" doraHai="93" who="2" fromWho="0" sc="229,-58,254,0,249,58,268,0" /><INIT seed="2,1,0,2,5,102" ten="171,254,307,268" oya="2" hai0="81,14,28,91,13,16,64,109,21,46,6,125,11" hai1="69,1,72,35,71,80,79,56,10,7,37,34,39" hai2="85,24,27,119,58,121,55,89,88,75,117,74,65" hai3="60,83,104,51,12,124,4,73,2,123,93,78,63"/><V54/><F121/><W126/><G123/><T66/><D125/><N who="3" m="48233" /><G2/><T131/><D109/><U111/><E56/><V106/><F58/><W0/><G0/><T52/><D131/><U77/><E77/><V132/><F85/><W118/><G118/><T99/><D28/><U62/><E111/><V43/><F43/><W68/><G68/><N who="1" m="26186" /><E62/><V30/><F30/><W47/><G93/><N who="0" m="56767" /><D81/><U40/><E39/><V115/><F115/><W116/><G104/><T134/><D134/><U133/><E133/><V122/><F122/><W33/><G33/><T82/><D82/><U26/><E26/><V20/><F132/><W87/><G73/><T57/><D46/><AGARI ba="1,0" hai="1,7,10,34,35,37,40,46,72,79,80" m="26186" machi="46" ten="30,3900,0" yaku="25,1,33,2" doraHai="102" who="1" fromWho="0" sc="171,-42,254,42,307,0,268,0" /><INIT seed="3,0,0,4,0,60" ten="129,296,307,268" oya="3" hai0="83,50,17,89,129,110,46,52,19,76,90,119,102" hai1="124,82,80,32,39,29,69,81,109,42,131,20,105" hai2="104,112,107,118,114,26,61,37,33,5,85,25,94" hai3="64,97,98,100,74,120,127,27,54,22,73,15,87"/><W99/><G120/><T70/><D119/><U117/><E105/><V111/><F118/><W56/><G127/><T68/><D129/><U72/><E117/><V103/><F37/><W23/><G100/><T95/><D110/><U43/><E32/><V44/><F5/><W34/><G34/><T77/><D102/><U93/><E69/><V8/><F8/><W7/><G87/><T3/><D3/><U59/><E72/><V130/><F44/><W78/><G78/><T0/><D0/><U4/><E39/><V9/><F9/><W116/><G116/><T2/><D2/><U132/><E4/><V18/><F111/><W40/><G40/><N who="1" m="15402" /><E109/><V92/><F130/><W48/><G64/><T47/><D95/><U113/><E131/><V65/><F85/><W108/><G108/><T121/><D50/><U62/><E113/><V45/><F45/><W6/><G15/><T49/><D49/><U79/><E132/><V24/><F33/><W30/><G23/><T66/><D83/><U10/><E10/><V133/><F133/><W96/><N who="3" m="24576" /><DORA hai="36" /><W115/><G115/><N who="2" m="44073" /><F103/><W28/><G28/><T58/><D66/><N who="1" m="39263" /><E124/><V12/><F94/><W86/><G86/><T84/><D84/><N who="1" m="48159" /><E93/><V16/><F92/><W75/><AGARI ba="0,0" hai="6,7,22,27,30,48,54,56,73,74,75" m="24576" machi="75" ten="50,2400,0" yaku="0,1" doraHai="60,36" who="3" fromWho="3" sc="129,-8,296,-8,307,-8,268,24" /><INIT seed="3,1,0,2,3,119" ten="121,288,299,292" oya="3" hai0="57,91,12,11,117,30,59,47,103,82,53,118,18" hai1="121,48,134,61,94,127,135,111,35,74,9,120,129" hai2="32,97,22,131,68,130,49,76,58,81,23,42,132" hai3="33,79,55,125,87,67,100,16,89,36,109,133,7"/><W113/><G113/><T2/><D103/><U85/><E111/><V14/><F68/><W37/><G109/><T52/><D2/><U69/><E129/><N who="2" m="49163" /><F32/><W124/><G33/><T107/><D30/><U0/><E127/><N who="3" m="48714" /><G133/><N who="1" m="50698" /><E74/><N who="2" m="43159" /><F132/><W10/><G100/><T110/><D107/><U24/><E48/><V17/><F97/><W4/><G67/><T128/><D110/><U6/><E69/><V73/><F73/><W123/><G123/><T106/><D106/><U40/><E40/><V83/><F83/><N who="3" m="49407" /><G79/><T39/><D128/><U15/><E61/><V31/><F58/><N who="0" m="22026" /><D39/><N who="3" m="14921" /><G55/><T13/><D53/><U84/><E0/><V27/><F42/><W60/><G60/><T99/><D99/><U5/><E5/><V21/><F49/><W72/><G72/><T102/><D102/><U43/><E43/><V41/><F41/><W86/><G86/><N who="1" m="33386" /><E94/><V101/><F101/><W92/><G92/><T104/><D104/><U114/><E114/><V66/><F66/><W88/><G88/><T75/><D75/><U90/><E90/><V98/><F98/><W45/><G45/><T51/><D13/><AGARI ba="1,0" hai="4,7,10,13,16" m="14921,49407,48714" machi="13" ten="30,2900,0" yaku="18,1,54,1" doraHai="119" who="3" fromWho="0" sc="121,-32,288,0,299,0,292,32" owari="89,-41.0,288,-11.0,299,10.0,324,42.0" /></mjloggm>