<mjloggm ver="2.3"><GO type="169" lobby="0"/><UN n0="%54%65%61%33" n1="%6B%6B%6B%73%73%36%36%36" n2="%E6%9C%A8%E6%BC%8F%E3%82%8C%E6%97%A5" n3="%E3%81%AB%E3%81%A3%E3%81%A1%E3%82%87" dan="17,16,17,17" rate="2117.87,2044.28,2205.45,2161.61" sx="M,M,M,M"/><TAIKYOKU oya="0"/><INIT seed="0,0,0,0,2,115" ten="250,250,250,250" oya="0" hai0="13,23,2,76,80,69,52,71,41,27,43,33,51" hai1="49,17,8,44,91,57,81,15,82,26,63,92,4" hai2="32,118,37,75,42,117,6,39,110,104,56,99,122" hai3="103,83,116,22,46,68,130,65,97,132,5,135,24"/><T89/><D2/><U79/><E26/><V87/><F75/><W98/><G130/><T105/><D105/><U31/><E31/><V96/><F122/><W111/><G111/><T38/><D33/><U16/><E92/><V121/><F121/><W72/><G5/><T100/><D100/><U20/><E91/><V128/><F32/><W10/><G10/><T124/><D124/><U112/><E112/><V0/><F110/><W109/><G109/><T45/><D43/><U14/><E79/><V85/><F56/><W64/><G46/><T30/><D89/><U108/><E108/><V74/><F74/><W70/><G72/><T125/><D125/><U35/><E35/><V25/><F25/><W113/><G113/><T84/><REACH who="0" step="1"/><D13/><REACH who="0" ten="240,250,250,250" step="2"/><U11/><E20/><V55/><F104/><W127/><G127/><T29/><D29/><U21/><E21/><V18/><F128/><W129/><G22/><T67/><D67/><U47/><E14/><V34/><F34/><W12/><G12/><T28/><D28/><U59/><E15/><V93/><F0/><W58/><G129/><T1/><D1/><U126/><E126/><V60/><F42/><W61/><G103/><T86/><D86/><U40/><E40/><V36/><F87/><W9/><G65/><T19/><D19/><U7/><E17/><V48/><F18/><W66/><G66/><T106/><D106/><U123/><E16/><V134/><F85/><W77/><G64/><T95/><D95/><U53/><E123/><V50/><F93/><W102/><G102/><T133/><D133/><U101/><E101/><RYUUKYOKU ba="0,1" sc="240,30,250,-10,250,-10,250,-10" hai0="23,27,30,38,41,45,51,52,69,71,76,80,84" /><INIT seed="0,1,1,0,4,107" ten="270,240,240,240" oya="0" hai0="58,44,84,98,75,111,115,61,73,117,67,108,53" hai1="97,82,100,126,41,68,125,3,20,35,48,127,55" hai2="65,21,105,80,122,28,129,15,7,131,63,101,40" hai3="54,134,52,29,27,30,26,79,120,32,96,119,11"/><T18/><D115/><U92/><E35/><V24/><F122/><W16/><G120/><T130/><D117/><U60/><E3/><V86/><F40/><W128/><G119/><T89/><D98/><U10/><E10/><V9/><F101/><W118/><G118/><T72/><D130/><U14/><E41/><V91/><REACH who="2" step="1"/><F105/><REACH who="2" ten="270,240,230,240" step="2"/><W133/><G128/><T94/><D18/><U87/><E126/><V76/><F76/><W5/><G79/><T114/><D114/><U17/><E125/><V106/><F106/><W46/><G16/><T42/><REACH who="0" step="1"/><D67/><REACH who="0" ten="260,240,230,240" step="2"/><U43/><E127/><V102/><F102/><W36/><G134/><T93/><D93/><U64/><E82/><V13/><F13/><W31/><G133/><T57/><D57/><AGARI ba="1,3" hai="7,9,15,21,24,28,57,63,65,80,86,91,129,131" machi="57" ten="40,2600,0" yaku="1,1,53,1" doraHai="107" doraHaiUra="85" who="2" fromWho="0" sc="260,-29,240,0,230,59,240,0" /><INIT seed="1,0,0,4,4,101" ten="231,240,289,240" oya="1" hai0="81,85,100,102,44,76,23,54,110,30,39,10,73" hai1="89,72,29,24,17,106,116,93,132,125,58,109,46" hai2="2,126,122,97,108,86,6,98,20,27,71,64,37" hai3="40,52,15,91,127,77,3,41,67,111,87,118,104"/><U55/><E109/><V59/><F122/><W8/><G111/><T18/><D110/><U5/><E116/><V68/><F37/><W113/><G113/><T80/><D30/><U120/><E120/><V66/><F108/><W56/><G118/><T61/><D10/><U45/><E106/><V103/><F126/><W11/><G127/><T124/><D124/><U69/><E69/><V79/><F2/><W84/><G104/><T14/><D39/><U21/><E72/><V22/><F6/><W51/><G67/><T78/><D61/><U60/><E132/><V9/><F9/><W34/><G34/><T26/><REACH who="0" step="1"/><D14/><REACH who="0" ten="221,240,289,240" step="2"/><U94/><E125/><V33/><F33/><W117/><G117/><T114/><D114/><U99/><E5/><V75/><F22/><W16/><G3/><T53/><D53/><U12/><E94/><V43/><F66/><W112/><G8/><AGARI ba="0,1" hai="8,12,17,21,24,29,45,46,55,58,60,89,93,99" machi="8" ten="30,2900,0" yaku="7,1,8,1" doraHai="101" who="1" fromWho="3" sc="221,0,240,39,289,0,240,-29" /><INIT seed="1,1,0,0,2,132" ten="221,279,289,211" oya="1" hai0="131,82,77,93,69,121,48,112,116,57,2,67,129" hai1="91,90,24,28,49,61,123,76,20,6,38,56,5" hai2="74,106,133,108,39,31,60,109,54,84,46,34,130" hai3="21,99,0,35,100,51,66,11,19,59,22,33,44"/><U98/><E38/><V79/><F106/><W58/><G35/><T111/><D112/><U47/><E123/><V88/><F133/><W122/><G33/><T1/><D116/><U101/><E76/><V32/><F130/><N who="0" m="49674" /><D121/><U37/><E37/><V65/><F79/><W63/><G122/><T134/><D134/><U125/><E125/><V26/><F74/><W124/><G59/><T53/><D111/><N who="2" m="42570" /><F34/><W92/><G124/><T36/><D36/><U107/><E91/><V114/><F114/><W70/><G70/><T75/><D93/><U95/><E90/><V115/><F115/><W97/><G99/><T110/><D110/><U127/><E127/><V102/><F102/><W71/><G71/><T27/><D27/><U64/><E107/><V7/><F7/><W126/><G126/><T23/><D23/><U72/><REACH who="1" step="1"/><E72/><REACH who="1" ten="221,269,289,211" step="2"/><V43/><F88/><W4/><REACH who="3" step="1"/><G19/><REACH who="3" ten="221,269,289,201" step="2"/><T29/><D29/><U118/><E118/><V105/><F31/><W85/><G85/><T103/><D103/><U117/><E117/><V45/><F84/><W83/><G83/><T120/><D120/><U25/><E25/><V8/><F26/><W9/><G9/><T80/><D80/><U40/><AGARI ba="1,2" hai="5,6,20,24,28,40,47,49,56,61,64,95,98,101" machi="40" ten="20,18000,2" yaku="1,1,0,1,7,1,25,2,8,1,53,0" doraHai="132" doraHaiUra="30" who="1" fromWho="1" sc="221,-61,269,203,289,-61,201,-61" /><INIT seed="1,2,0,5,5,19" ten="160,472,228,140" oya="1" hai0="12,17,29,71,67,107,31,82,36,24,8,58,130" hai1="45,54,6,116,91,96,72,1,5,94,37,69,25" hai2="97,83,104,41,7,22,122,62,80,51,85,50,73" hai3="27,135,90,133,99,10,86,105,40,16,18,11,118"/><U113/><E72/><V120/><F7/><W79/><G118/><T74/><D107/><U109/><E116/><V101/><F62/><W112/><G112/><T38/><D31/><U111/><E113/><V59/><F41/><W128/><G128/><T70/><D130/><U52/><E69/><V108/><F59/><W15/><G79/><T34/><D58/><U102/><E37/><V57/><F57/><W9/><G40/><T100/><D100/><U89/><E89/><V121/><F108/><N who="1" m="41545" /><E25/><V39/><F39/><W66/><G66/><T93/><D71/><U35/><E35/><V84/><F73/><W20/><G99/><T60/><D74/><U42/><E91/><V61/><F61/><W106/><G105/><T127/><D127/><U4/><E1/><V55/><F122/><W95/><REACH who="3" step="1"/><G106/><REACH who="3" ten="160,472,228,130" step="2"/><T125/><D125/><U131/><E131/><V2/><F104/><W110/><G110/><T126/><D126/><U75/><E75/><V23/><F97/><W56/><G56/><T124/><D124/><U119/><E119/><V21/><F121/><W132/><AGARI ba="2,1" hai="9,10,11,15,16,18,20,27,86,90,95,132,133,135" machi="132" ten="30,8000,1" yaku="1,1,0,1,20,1,52,1,54,1,53,0" doraHai="19" doraHaiUra="117" who="3" fromWho="3" sc="160,-22,472,-42,228,-22,130,96" /><INIT seed="2,0,0,5,3,7" ten="138,430,206,226" oya="2" hai0="118,55,123,94,26,57,113,111,133,37,103,17,36" hai1="66,1,78,0,74,97,2,69,128,39,73,68,42" hai2="14,44,79,93,27,13,84,131,62,130,4,101,135" hai3="106,49,41,50,116,53,91,115,65,108,22,75,77"/><V90/><F135/><W10/><G116/><T21/><D113/><U98/><E39/><V95/><F79/><W16/><G115/><T129/><D123/><U56/><E66/><V127/><F127/><W23/><G106/><T124/><D124/><U109/><E56/><V122/><F122/><W110/><G65/><T24/><D133/><U100/><E42/><V114/><F114/><W132/><G132/><T85/><D118/><U30/><E30/><V88/><F101/><W19/><G91/><T81/><D111/><N who="3" m="42537" /><G77/><T63/><D129/><N who="2" m="49162" /><F62/><W15/><G75/><T32/><D32/><U59/><E128/><V20/><F44/><N who="3" m="25743" /><G19/><T76/><D103/><U60/><E78/><V64/><F64/><W119/><G119/><T35/><REACH who="0" step="1"/><D94/><REACH who="0" ten="128,430,206,226" step="2"/><U8/><E100/><V70/><F70/><W126/><G126/><T18/><D18/><U83/><E69/><V112/><F112/><W99/><G99/><T82/><D82/><U61/><E68/><V38/><F4/><W29/><G29/><AGARI ba="0,1" hai="17,21,24,26,29,35,36,37,55,57,63,76,81,85" machi="29" ten="40,2600,0" yaku="1,1,53,1" doraHai="7" doraHaiUra="80" who="0" fromWho="3" sc="128,36,430,0,206,0,226,-26" /><INIT seed="3,0,0,4,5,26" ten="164,430,206,200" oya="3" hai0="85,11,68,133,18,87,1,63,73,96,14,71,110" hai1="66,113,111,13,78,119,6,55,47,8,70,129,21" hai2="51,130,92,100,56,43,35,22,127,37,112,107,52" hai3="27,95,102,128,74,7,117,88,79,121,54,32,25"/><W65/><G117/><T106/><D110/><U30/><E111/><V39/><F35/><W45/><G121/><T19/><D133/><U135/><E119/><V9/><F107/><W72/><G102/><T20/><D73/><U81/><E129/><V108/><F112/><W16/><G7/><T53/><D71/><U58/><E135/><V75/><F75/><W123/><G123/><T34/><D34/><U98/><E113/><V93/><F127/><W31/><G65/><T89/><D106/><U0/><E47/><V24/><F130/><W118/><G118/><T125/><D125/><U69/><E66/><V131/><F131/><W94/><G128/><T91/><D1/><U122/><E98/><V97/><F108/><W10/><G95/><N who="0" m="56447" /><D68/><U42/><E42/><V46/><F9/><W48/><G79/><T2/><D2/><U33/><E122/><V12/><F12/><W134/><G134/><T60/><D53/><U61/><E33/><V29/><REACH who="2" step="1"/><F93/><REACH who="2" ten="164,430,196,200" step="2"/><W38/><G38/><AGARI ba="0,1" hai="22,24,29,37,38,39,43,46,51,52,56,92,97,100" machi="38" ten="30,12000,2" yaku="1,1,2,1,7,1,52,1,54,1,53,1" doraHai="26" doraHaiUra="90" who="2" fromWho="3" sc="164,0,430,0,196,130,200,-120" /><INIT seed="4,0,0,4,4,38" ten="164,430,326,80" oya="0" hai0="77,23,15,104,35,116,58,107,57,26,7,79,133" hai1="29,74,76,90,129,19,1,81,52,63,14,102,91" hai2="123,68,122,89,18,13,73,64,31,54,130,121,56" hai3="128,36,53,103,101,65,93,50,47,46,131,24,10"/><T95/><D116/><U70/><E129/><N who="3" m="49738" /><G65/><T2/><D133/><U105/><E1/><V6/><F73/><W49/><G36/><T112/><D95/><U61/><E29/><V110/><F110/><W111/><G111/><T119/><D119/><U51/><E105/><V17/><F130/><W126/><G126/><T20/><D35/><U33/><E33/><V135/><F135/><W0/><G24/><T99/><D2/><U75/><E102/><V120/><F31/><W4/><G93/><T78/><D112/><U67/><E61/><V108/><F108/><W40/><AGARI ba="0,0" hai="0,4,10,40,46,47,49,50,53,101,103" m="49738" machi="40" ten="30,2000,0" yaku="19,1,52,1" doraHai="38" who="3" fromWho="3" sc="164,-10,430,-5,326,-5,80,20" /><INIT seed="5,0,0,3,2,129" ten="154,425,321,100" oya="1" hai0="55,62,66,19,80,36,103,101,33,94,52,48,16" hai1="135,132,47,41,39,119,65,22,60,118,84,100,96" hai2="27,4,82,63,113,133,121,34,49,68,115,8,59" hai3="98,18,130,45,71,73,124,35,97,78,7,54,9"/><U93/><E84/><V128/><F121/><W14/><G130/><T89/><D36/><U24/><E119/><V28/><F128/><W1/><G124/><T38/><D38/><U3/><E3/><V125/><F125/><W58/><G71/><T40/><D33/><U91/><E118/><V12/><F68/><W127/><G127/><T42/><D80/><U87/><E60/><V102/><F102/><N who="0" m="38922" /><D66/><U105/><REACH who="1" step="1"/><E65/><REACH who="1" ten="154,415,321,100" step="2"/><V75/><F63/><W106/><G1/><T43/><D62/><U17/><AGARI ba="0,1" hai="17,22,24,39,41,47,87,91,93,96,100,105,132,135" machi="17" ten="30,18000,2" yaku="1,1,2,1,0,1,52,2,53,1" doraHai="129" doraHaiUra="86" who="1" fromWho="1" sc="154,-60,415,190,321,-60,100,-60" /><INIT seed="5,1,0,0,4,5" ten="94,605,261,40" oya="1" hai0="60,54,86,43,22,56,63,39,90,44,16,88,81" hai1="42,124,1,135,121,35,105,72,106,94,46,112,32" hai2="14,61,70,79,122,41,103,53,65,49,127,18,107" hai3="101,9,99,27,4,71,76,33,132,114,48,84,73"/><U58/><E121/><V7/><F122/><W57/><G114/><T67/><D90/><U26/><E112/><V130/><F7/><W37/><G132/><T120/><D120/><U126/><E94/><V0/><F0/><W96/><G71/><T51/><D67/><U38/><E58/><V30/><F41/><W15/><G37/><T116/><REACH who="0" step="1"/><D116/><REACH who="0" ten="84,605,261,40" step="2"/><U78/><E135/><V52/><F65/><W134/><G134/><T21/><D21/><U75/><E1/><V29/><F79/><W115/><G115/><T113/><D113/><U102/><E78/><V110/><F103/><W109/><G101/><T92/><D92/><U87/><E102/><V108/><F107/><W104/><G104/><T8/><D8/><U66/><E66/><V119/><F119/><W47/><G76/><T10/><D10/><U118/><E118/><V111/><F111/><W31/><G109/><T125/><D125/><U93/><E93/><V133/><F133/><W80/><G9/><T117/><D117/><U24/><E126/><V82/><F110/><W13/><G33/><T45/><D45/><U2/><E124/><V98/><F108/><W62/><G47/><T28/><D28/><U129/><E46/><V25/><F127/><W131/><G31/><T6/><D6/><U17/><E105/><V40/><F30/><W12/><G4/><T85/><D85/><U74/><E106/><V83/><F29/><W97/><G84/><T34/><D34/><U11/><E87/><V64/><F64/><W95/><G95/><T68/><D68/><U123/><E35/><V3/><F70/><RYUUKYOKU ba="1,1" sc="84,30,605,-10,261,-10,40,-10" hai0="16,22,39,43,44,51,54,56,60,63,81,86,88" /><INIT seed="6,2,1,2,4,113" ten="114,595,251,30" oya="2" hai0="48,55,116,1,45,92,127,74,87,18,21,12,95" hai1="101,117,75,49,50,13,6,66,19,126,39,77,3" hai2="115,102,129,80,11,98,76,69,54,128,67,29,96" hai3="105,83,131,94,79,84,30,10,37,31,73,132,27"/><V51/><F115/><W68/><G131/><N who="2" m="50249" /><F29/><W20/><G132/><T110/><D110/><U17/><E50/><V41/><F41/><W119/><G37/><T122/><D122/><U43/><E49/><V58/><F11/><W22/><G68/><T70/><D70/><U85/><E43/><V57/><F69/><W112/><G112/><T133/><D74/><U63/><E63/><N who="2" m="38383" /><F102/><W34/><G30/><T52/><D133/><U46/><E101/><V33/><F33/><W40/><G40/><T60/><D127/><U25/><E126/><V134/><F134/><W93/><G10/><T59/><D1/><U56/><E39/><V91/><F91/><W15/><G34/><T53/><D116/><U103/><E117/><V107/><F107/><W32/><G119/><T82/><D53/><U72/><E103/><V9/><F9/><W78/><G105/><T2/><D2/><U14/><E3/><V7/><F7/><W5/><G5/><T89/><AGARI ba="2,1" hai="12,18,21,45,48,52,55,59,60,82,87,89,92,95" machi="89" ten="20,5200,0" yaku="0,1,7,1,8,1,54,1" doraHai="113" who="0" fromWho="0" sc="114,68,595,-15,251,-28,30,-15" /><INIT seed="7,0,0,4,2,90" ten="182,580,223,15" oya="3" hai0="112,52,82,113,128,54,10,36,61,23,77,22,111" hai1="106,83,21,18,19,49,47,131,51,0,12,96,86" hai2="5,66,92,120,3,73,72,27,121,87,127,105,109" hai3="4,24,37,31,85,108,101,89,97,94,29,14,59"/><W81/><G108/><T63/><D111/><U60/><E0/><V75/><F105/><W46/><G59/><T93/><D36/><U80/><E131/><V68/><F127/><W84/><G24/><T133/><D128/><U91/><E60/><N who="0" m="23113" /><D93/><N who="1" m="56383" /><E106/><V74/><F74/><W13/><G85/><T118/><D118/><U132/><E132/><V117/><F75/><W125/><G125/><T103/><D103/><U15/><E47/><V20/><F73/><W32/><G32/><T78/><D10/><N who="1" m="6423" /><E83/><V38/><F109/><W71/><G71/><T114/><D133/><U50/><E50/><V11/><F68/><W76/><G101/><T45/><D82/><U123/><E123/><V16/><F121/><W34/><G34/><T65/><D45/><U57/><E57/><V62/><F120/><W42/><REACH who="3" step="1"/><G4/><REACH who="3" ten="182,580,223,5" step="2"/><T8/><D65/><U41/><E86/><V79/><F72/><W7/><G7/><T58/><D8/><U33/><E33/><V39/><F11/><W104/><G104/><T99/><D58/><U69/><E69/><V119/><F5/><W102/><G102/><T100/><D77/><U28/><E21/><V126/><F126/><W135/><G135/><T115/><D78/><U70/><E70/><V26/><F119/><W43/><G43/><T129/><D129/><U25/><E41/><V40/><F117/><W88/><G88/><T35/><D35/><U122/><E25/><V95/><F40/><W110/><G110/><T124/><D124/><U67/><E122/><V2/><F79/><W130/><G130/><T134/><D134/><U6/><E6/><RYUUKYOKU ba="0,1" sc="182,-10,580,-10,223,-10,5,30" hai3="13,14,29,31,37,42,46,76,81,84,89,94,97" /><INIT seed="7,1,1,0,2,19" ten="172,570,213,35" oya="3" hai0="134,100,123,88,37,97,27,32,103,104,62,22,82" hai1="77,112,3,93,71,4,11,109,133,54,57,79,99" hai2="13,70,90,86,118,116,60,63,17,55,120,125,78" hai3="39,7,122,30,105,76,80,1,28,0,96,89,72"/><W135/><G122/><T41/><D123/><U61/><E109/><V46/><F78/><W15/><G135/><T5/><D32/><U126/><E133/><V115/><F115/><W58/><G15/><T49/><D134/><U23/><E126/><V26/><F125/><W25/><G30/><T52/><D5/><U43/><E112/><V64/><F26/><W101/><G39/><T108/><D108/><U87/><E71/><V9/><F120/><W29/><G29/><T24/><D37/><U36/><E87/><V31/><F31/><W67/><G7/><T45/><D24/><U56/><E23/><V69/><F69/><W20/><REACH who="3" step="1"/><G89/><REACH who="3" ten="172,570,213,25" step="2"/><T6/><D6/><U74/><E36/><V129/><F90/><W8/><G8/><T10/><D10/><U66/><E11/><V75/><F9/><W44/><G44/><T50/><D88/><U94/><E4/><V130/><F13/><W111/><G111/><T91/><D91/><U124/><E124/><V16/><F46/><W127/><G127/><T34/><D34/><U121/><E121/><V84/><F17/><W38/><G38/><T95/><D45/><U128/><E3/><V110/><F110/><W65/><G65/><T59/><D27/><U48/><E66/><V85/><F16/><W113/><G113/><T98/><D82/><U83/><E83/><V119/><F64/><W14/><G14/><T51/><D104/><U33/><E33/><V106/><F119/><W132/><G132/><T40/><D95/><U117/><E94/><V131/><F118/><W53/><G53/><T73/><D52/><RYUUKYOKU ba="1,2" sc="172,-10,570,-10,213,-10,25,30" hai3="0,1,20,25,28,58,67,72,76,80,96,101,105" /><INIT seed="7,2,2,3,4,55" ten="162,560,203,55" oya="3" hai0="47,125,69,93,74,26,90,54,57,27,109,29,41" hai1="132,94,11,105,124,3,51,5,25,111,107,129,116" hai2="42,9,115,112,71,64,21,95,4,31,99,73,134" hai3="120,122,133,110,83,126,121,88,1,44,2,66,70"/><W53/><G126/><T0/><D109/><U13/><E94/><V17/><F73/><W117/><G110/><T123/><D123/><U6/><E51/><V119/><F119/><W60/><G117/><T63/><D74/><U33/><E111/><V76/><F76/><W16/><G133/><T45/><D0/><U61/><E61/><V80/><F80/><W86/><G44/><T72/><D72/><U127/><E6/><V68/><F31/><W28/><G28/><T37/><D125/><U67/><E25/><V82/><F82/><W97/><G53/><T56/><D45/><U98/><E13/><V79/><F79/><W135/><G135/><T39/><D39/><U35/><E98/><V52/><F42/><W81/><G81/><T38/><D38/><U118/><E67/><V77/><F64/><W15/><REACH who="3" step="1"/><G97/><REACH who="3" ten="162,560,203,45" step="2"/><T84/><D54/><U130/><E118/><V128/><F134/><W34/><G34/><T75/><D47/><U49/><E116/><V101/><F52/><W62/><G62/><T10/><D29/><U40/><E132/><V85/><F99/><W100/><G100/><T14/><D63/><U50/><E35/><V78/><F101/><W89/><G89/><T7/><D90/><U96/><E96/><V20/><F78/><W59/><G59/><T12/><D57/><U108/><E33/><V91/><F91/><W114/><G114/><T22/><D56/><U32/><E108/><V103/><F103/><W106/><G106/><T19/><D93/><U36/><E32/><V24/><F115/><W87/><G87/><T30/><D84/><RYUUKYOKU ba="2,3" sc="162,-10,560,-10,203,-10,45,30" hai3="1,2,15,16,60,66,70,83,86,88,120,121,122" /><INIT seed="7,3,3,5,5,108" ten="152,550,193,75" oya="3" hai0="28,119,60,67,66,13,120,86,5,106,68,14,114" hai1="0,87,102,105,51,72,15,6,30,63,29,92,42" hai2="109,91,112,100,135,118,65,24,27,34,81,113,123" hai3="25,8,93,36,31,7,80,73,126,124,78,125,47"/><W23/><G93/><T19/><D119/><U107/><E72/><V129/><F118/><W99/><G99/><T131/><D131/><U38/><E38/><V20/><F109/><W48/><G36/><T33/><D120/><U128/><E63/><V111/><F111/><W32/><G32/><T88/><D106/><U45/><E0/><V134/><F129/><W52/><REACH who="3" step="1"/><G125/><REACH who="3" ten="152,550,193,65" step="2"/><T74/><D33/><U53/><E107/><V18/><F34/><W57/><G57/><T115/><D68/><U61/><E105/><V22/><F123/><W16/><G16/><T1/><D19/><U103/><E92/><V98/><F98/><W35/><G35/><T75/><D28/><U130/><E130/><V10/><F18/><W127/><G127/><T49/><D5/><U50/><E128/><V58/><F58/><W132/><G132/><T59/><D59/><U21/><E30/><V121/><F121/><W116/><G116/><T90/><D75/><U3/><E29/><V46/><F135/><W64/><G64/><T37/><D74/><U122/><E6/><V43/><F134/><W94/><G94/><T2/><D37/><U26/><E122/><V17/><F17/><W11/><G11/><T89/><D66/><U76/><E21/><V9/><F22/><W70/><G70/><T69/><D69/><U39/><E39/><V4/><F10/><W82/><G82/><T41/><D67/><U96/><E96/><V83/><F65/><W79/><G79/><T104/><D104/><U71/><E76/><V133/><F133/><W110/><G110/><T55/><D86/><RYUUKYOKU ba="3,4" sc="152,-10,550,-10,193,-10,65,30" hai3="7,8,23,25,31,47,48,52,73,78,80,124,126" /><INIT seed="7,4,4,2,5,121" ten="142,540,183,95" oya="3" hai0="130,83,122,34,89,85,131,37,63,115,118,67,38" hai1="51,76,18,28,25,35,59,124,68,2,117,97,109" hai2="12,6,9,88,84,87,78,125,99,101,134,96,60" hai3="55,81,32,57,24,11,29,16,62,73,90,14,113"/><W26/><G113/><T100/><D118/><U44/><E109/><V116/><F116/><W30/><G90/><T119/><D119/><U5/><E68/><V8/><F134/><W36/><G36/><T40/><D122/><U72/><E124/><V10/><F125/><W13/><G13/><T46/><D34/><U58/><E97/><N who="2" m="37451" /><F101/><W91/><G91/><T49/><D100/><U79/><E25/><V86/><F78/><W48/><G62/><T102/><D102/><U126/><E18/><V23/><F60/><W132/><G132/><T112/><D37/><U39/><E58/><V61/><F61/><W54/><G54/><T69/><D38/><U82/><E5/><V66/><F66/><W92/><G92/><T107/><D107/><U7/><E7/><V98/><F23/><W31/><REACH who="3" step="1"/><G32/><REACH who="3" ten="142,540,183,85" step="2"/><T105/><D105/><U135/><E135/><V45/><F45/><W106/><G106/><T43/><D43/><U133/><E133/><V4/><F4/><W15/><G15/><T33/><D33/><U0/><E35/><V19/><F6/><W120/><G120/><T74/><D74/><U47/><E72/><V42/><F42/><W17/><G17/><T64/><D64/><U3/><E126/><V111/><F111/><W56/><G56/><T1/><D1/><U95/><E59/><V77/><F77/><AGARI ba="4,5" hai="11,14,16,24,26,29,30,31,48,55,57,73,77,81" machi="77" ten="40,3900,0" yaku="1,1,54,1,53,0" doraHai="121" doraHaiUra="114" who="3" fromWho="2" sc="142,0,540,0,183,-51,85,101" /><INIT seed="7,5,0,5,0,34" ten="142,540,132,186" oya="3" hai0="41,65,50,111,53,18,94,133,19,28,113,9,115" hai1="126,77,91,127,121,112,0,52,73,45,120,124,63" hai2="80,130,39,110,84,88,117,68,51,24,13,89,101" hai3="43,98,33,54,100,11,56,119,67,38,95,135,2"/><W1/><G119/><T72/><D111/><U76/><E0/><V109/><F39/><W22/><G33/><T71/><D72/><U104/><E104/><V17/><F117/><W108/><G108/><T46/><D28/><U122/><E73/><V6/><F68/><W118/><G118/><T99/><D133/><U66/><E112/><N who="0" m="43081" /><D9/><U26/><E91/><V128/><F101/><W61/><G135/><T102/><D53/><U14/><E14/><V129/><F89/><W87/><G11/><T55/><D55/><U79/><E26/><V8/><F51/><W86/><G22/><AGARI ba="5,0" hai="6,8,13,17,22,24,80,84,88,109,110,128,129,130" machi="22" ten="40,2600,0" yaku="19,1,54,1" doraHai="34" who="2" fromWho="3" sc="142,0,540,0,132,41,186,-41" owari="142,-36.0,540,64.0,173,-3.0,145,-25.0" /></mjloggm>