<mjloggm ver="2.3"><GO type="169" lobby="0"/><UN n0="%54%65%61%33" n1="%4E%4F%2E%E2%85%A0" n2="%79%75%36%31%39%7A%69" n3="%6B%6B%6B%73%73%36%36%36" dan="17,16,16,16" rate="2123.87,2224.00,2105.12,2041.87" sx="M,M,M,M"/><TAIKYOKU oya="0"/><INIT seed="0,0,0,5,2,34" ten="250,250,250,250" oya="0" hai0="119,48,14,67,37,89,113,61,32,133,2,87,0" hai1="63,38,135,36,69,9,43,66,129,60,74,107,22" hai2="127,58,44,64,8,71,27,10,126,128,5,50,42" hai3="40,121,20,86,78,103,84,23,29,109,96,124,122"/><T110/><D113/><U68/><E22/><V116/><F128/><W65/><G109/><T120/><D119/><U108/><E9/><V39/><F116/><W131/><G124/><N who="2" m="47657" /><F71/><N who="1" m="27209" /><E74/><V59/><F39/><N who="1" m="14889" /><E107/><V28/><F64/><W99/><G65/><T4/><D120/><N who="3" m="46185" /><G40/><T118/><D118/><U21/><E21/><N who="3" m="8266" /><G131/><T7/><D32/><U73/><E73/><V94/><F10/><W102/><G29/><T62/><D37/><U104/><E104/><V98/><F27/><W11/><G11/><T15/><D48/><U16/><E16/><V56/><F28/><W123/><G78/><T93/><D133/><U12/><E12/><N who="2" m="5135" /><F59/><W125/><G125/><T41/><D41/><U54/><E129/><V117/><F117/><W57/><G57/><T76/><D76/><U100/><E108/><V25/><F25/><W19/><G19/><T80/><D110/><U77/><E77/><V26/><F26/><W115/><G115/><T55/><D15/><U24/><E24/><V134/><F134/><W105/><G123/><T51/><D14/><U92/><E66/><V82/><F82/><W91/><G103/><AGARI ba="0,0" hai="42,44,50,56,58,94,98,103" m="5135,47657" machi="103" ten="30,1000,0" yaku="18,1" doraHai="34" who="2" fromWho="3" sc="250,0,250,0,250,10,250,-10" /><INIT seed="1,0,0,0,5,66" ten="250,250,260,240" oya="1" hai0="65,82,44,60,43,131,24,92,5,10,9,27,99" hai1="59,38,102,79,42,132,77,56,62,100,110,88,28" hai2="26,6,39,11,20,134,85,89,97,49,54,16,15" hai3="90,12,67,55,14,1,117,29,84,135,58,50,96"/><U37/><E132/><V133/><F39/><W69/><G1/><T47/><D131/><U21/><E110/><V76/><F97/><W107/><G135/><T98/><D82/><U7/><E7/><V52/><F54/><W8/><G117/><T23/><D43/><U3/><E3/><V25/><F76/><N who="1" m="29257" /><E37/><V64/><F64/><W123/><G29/><T105/><D105/><U121/><E38/><V124/><F124/><W19/><G123/><T70/><D99/><U115/><E115/><V31/><F26/><W41/><G41/><T108/><D27/><N who="1" m="16495" /><E121/><V119/><F119/><W87/><G107/><T109/><D10/><U125/><E125/><V130/><F130/><W114/><G114/><T129/><D129/><U18/><E42/><V71/><F71/><W86/><G12/><T22/><D22/><U120/><E120/><V13/><F13/><W2/><G2/><T74/><D74/><U53/><E18/><V93/><REACH who="2" step="1"/><F6/><REACH who="2" ten="250,250,250,240" step="2"/><W75/><G75/><T48/><D108/><U122/><E122/><V128/><F128/><W51/><G67/><T118/><D118/><U83/><E59/><AGARI ba="0,1" hai="11,15,16,20,25,31,49,52,59,85,89,93,133,134" machi="59" ten="40,8000,1" yaku="1,1,54,2,53,1" doraHai="66" doraHaiUra="81" who="2" fromWho="1" sc="250,0,250,-80,250,90,240,0" /><INIT seed="2,0,0,1,4,9" ten="250,170,340,240" oya="2" hai0="75,25,93,20,99,41,57,1,108,79,33,122,62" hai1="17,78,38,103,83,13,96,66,60,115,47,132,110" hai2="3,7,6,12,54,127,134,131,22,5,102,90,77" hai3="11,39,31,120,80,61,84,43,26,53,123,128,112"/><V89/><F3/><W10/><G128/><T46/><D122/><U23/><E110/><V124/><F131/><W18/><G112/><T29/><D1/><U76/><E132/><V52/><F77/><W56/><G39/><T106/><D108/><U58/><E115/><V91/><F102/><W8/><G43/><T32/><D106/><U85/><E38/><V121/><F121/><W42/><G42/><T45/><D75/><U135/><E135/><V28/><F134/><W100/><G100/><T27/><D79/><U64/><E47/><V119/><F119/><W126/><G126/><N who="2" m="48169" /><F28/><W19/><G123/><T37/><D45/><U118/><E118/><V111/><F111/><W51/><G61/><T35/><D27/><U97/><E78/><V125/><N who="2" m="48177" /><V98/><DORA hai="72" /><F98/><W133/><G133/><T24/><D25/><U55/><REACH who="1" step="1"/><E96/><REACH who="1" ten="250,160,340,240" step="2"/><V81/><F81/><W59/><G120/><T14/><D99/><U34/><E34/><V129/><F129/><W92/><G80/><T21/><D35/><U109/><E109/><V88/><N who="2" m="23040" /><DORA hai="50" /><V63/><F63/><W104/><G84/><T40/><D32/><U48/><E48/><V105/><F105/><AGARI ba="0,1" hai="13,17,23,55,58,60,64,66,76,83,85,97,103,105" machi="105" ten="30,8000,1" yaku="1,1,7,1,52,3,53,0" doraHai="9,72,50" doraHaiUra="4,130,44" who="1" fromWho="2" sc="250,0,160,90,340,-80,240,0" /><INIT seed="3,0,0,4,3,81" ten="250,250,260,240" oya="3" hai0="32,53,106,93,36,25,110,94,20,87,129,16,118" hai1="15,123,8,91,104,132,112,117,11,73,127,103,10" hai2="40,59,50,57,14,46,78,100,121,82,134,45,13" hai3="131,31,51,69,96,17,107,116,24,65,102,2,19"/><W72/><G131/><T79/><D118/><U66/><E123/><V75/><F121/><W108/><G116/><T29/><D106/><U64/><E112/><V35/><F35/><W115/><G115/><T88/><D129/><U124/><E117/><V130/><F130/><W111/><G2/><T54/><D36/><U23/><E73/><V1/><F1/><W71/><G72/><T63/><D110/><N who="3" m="42025" /><G51/><T22/><D32/><U62/><E132/><V4/><F14/><W30/><G31/><T77/><D94/><U7/><E103/><V99/><F46/><W70/><G65/><T18/><D29/><U60/><E104/><V113/><F113/><W6/><G6/><T33/><D33/><AGARI ba="0,0" hai="17,19,24,30,33,69,70,71,96,102,107" m="42025" machi="33" ten="40,3900,0" yaku="14,1,10,1" doraHai="81" who="3" fromWho="0" sc="250,-39,250,0,260,0,240,39" /><INIT seed="3,1,0,1,3,7" ten="211,250,260,279" oya="3" hai0="25,49,51,91,44,128,53,65,74,67,48,46,120" hai1="86,3,84,27,113,80,106,38,97,32,63,85,129" hai2="40,17,81,59,26,79,33,135,62,52,47,69,0" hai3="31,112,21,16,1,130,37,108,107,127,60,101,95"/><W4/><G112/><T117/><D117/><U132/><E113/><V55/><F0/><W20/><G127/><T98/><D120/><U70/><E129/><V131/><F131/><W109/><G130/><T68/><D128/><U24/><E132/><V5/><F135/><W89/><G37/><T75/><D25/><U122/><E38/><V57/><F5/><W82/><G82/><T83/><D68/><U66/><E122/><V13/><F69/><W50/><G31/><T42/><D51/><U119/><E3/><V77/><F47/><W23/><G50/><T133/><D133/><U105/><E119/><V8/><F40/><W90/><G60/><T73/><D98/><U19/><E80/><V96/><F96/><N who="3" m="59551" /><G107/><T118/><D118/><U10/><E97/><V76/><F26/><N who="3" m="14599" /><G23/><T121/><D121/><U78/><E78/><V11/><F33/><W14/><G1/><T124/><D124/><U30/><REACH who="1" step="1"/><E24/><REACH who="1" ten="211,240,260,279" step="2"/><V100/><F81/><W94/><G108/><T56/><D83/><U103/><E103/><V114/><F100/><W72/><G109/><T102/><D102/><U92/><E92/><V125/><F125/><W93/><G72/><T41/><D91/><U22/><E22/><N who="2" m="11567" /><F114/><W87/><G21/><T115/><D115/><U116/><E116/><V28/><F28/><W111/><G111/><T54/><REACH who="0" step="1"/><D56/><REACH who="0" ten="201,240,260,279" step="2"/><U123/><E123/><V35/><F35/><W104/><G90/><T34/><D34/><U12/><AGARI ba="1,2" hai="10,12,19,27,30,32,63,66,70,84,85,86,105,106" machi="12" ten="30,7900,0" yaku="1,1,0,1,52,1,53,1" doraHai="7" doraHaiUra="58" who="1" fromWho="1" sc="201,-21,240,102,260,-21,279,-40" /><INIT seed="4,0,0,2,4,79" ten="180,342,239,239" oya="0" hai0="6,36,44,104,5,70,46,110,132,61,59,74,111" hai1="94,52,17,35,124,13,27,58,81,90,117,2,106" hai2="39,131,18,128,72,9,21,115,134,77,100,47,56" hai3="95,11,120,60,65,86,28,76,64,55,91,113,92"/><T0/><D104/><U16/><E124/><V57/><F100/><W37/><G37/><T80/><D132/><U31/><E117/><V129/><F134/><W133/><G133/><T43/><D46/><U62/><E2/><V122/><F122/><W89/><G120/><T26/><D26/><U25/><E106/><V32/><F32/><W54/><G113/><T123/><D123/><U101/><E27/><V112/><F9/><W67/><G28/><T121/><D121/><U29/><E31/><V107/><F107/><W83/><G11/><N who="0" m="2471" /><D6/><U109/><E109/><N who="0" m="41481" /><D59/><U125/><E125/><V15/><F47/><W75/><REACH who="3" step="1"/><G60/><REACH who="3" ten="180,342,239,229" step="2"/><T50/><D50/><U82/><E17/><V114/><F39/><W105/><G105/><T108/><D108/><U42/><E42/><V8/><F8/><W66/><N who="3" m="16384" /><DORA hai="45" /><W71/><G71/><T34/><D70/><U78/><E16/><V96/><F115/><W68/><G68/><T38/><D61/><U99/><E29/><V51/><F114/><W73/><G73/><T135/><D135/><U102/><E62/><V33/><F112/><W84/><AGARI ba="0,1" hai="54,55,75,76,83,84,86,89,91,92,95" m="16384" machi="84" ten="40,8000,1" yaku="1,1,0,1,9,1,52,1,53,0" doraHai="79,45" doraHaiUra="93,127" who="3" fromWho="3" sc="180,-40,342,-20,239,-20,229,90" /><INIT seed="5,0,0,5,0,71" ten="140,322,219,319" oya="1" hai0="7,128,5,18,13,108,121,6,89,45,87,115,90" hai1="44,99,133,95,97,81,64,42,85,46,21,12,24" hai2="4,125,69,65,94,68,33,57,98,16,20,84,9" hai3="34,36,116,74,59,82,88,91,61,41,54,52,129"/><U83/><E133/><V75/><F33/><W35/><G35/><T132/><D132/><U67/><E12/><V2/><F75/><W70/><G34/><T100/><D108/><U66/><E95/><V79/><F125/><W8/><G54/><T1/><D128/><U120/><E120/><V102/><F79/><W73/><G129/><T119/><D119/><U127/><E127/><V38/><F38/><W53/><G116/><T30/><D115/><U103/><E103/><V22/><F22/><W135/><G135/><T123/><D100/><U27/><E85/><V77/><F77/><W122/><G122/><T55/><D30/><U31/><E27/><V26/><REACH who="2" step="1"/><F84/><REACH who="2" ten="140,322,209,319" step="2"/><W134/><G134/><T17/><D121/><U29/><E29/><V118/><F118/><W92/><G74/><T131/><D131/><U28/><E28/><V49/><F49/><W19/><G73/><T105/><D123/><U51/><E44/><V130/><F130/><W109/><G36/><T106/><D1/><U40/><E42/><V124/><F124/><W114/><G41/><T72/><D72/><U76/><E76/><V56/><F56/><N who="3" m="34951" /><G70/><T23/><D105/><U0/><E0/><V80/><F80/><AGARI ba="0,1" hai="21,24,31,40,46,51,64,66,67,80,81,83,97,99" machi="80" ten="40,2000,0" yaku="8,1" doraHai="71" who="1" fromWho="2" sc="140,0,322,30,209,-20,319,0" /><INIT seed="5,1,0,4,2,47" ten="140,352,189,319" oya="1" hai0="46,73,129,125,36,122,67,66,132,96,75,72,103" hai1="42,13,69,32,80,40,81,31,17,41,101,44,131" hai2="9,39,30,112,130,60,111,97,54,116,8,76,29" hai3="104,26,77,85,62,127,12,18,120,2,110,21,106"/><U28/><E131/><V123/><F116/><W16/><G110/><T98/><D129/><U114/><E114/><V108/><F39/><W37/><G120/><T7/><D132/><U57/><E69/><V20/><F123/><W83/><G2/><T34/><D34/><U118/><E118/><V45/><F76/><W135/><G127/><T50/><D125/><U74/><E101/><V6/><F8/><W124/><G124/><T71/><D36/><U63/><E44/><V134/><F134/><W70/><G37/><T38/><D38/><U105/><E105/><V128/><F97/><W90/><G135/><T107/><D71/><U133/><E133/><V35/><F35/><W23/><REACH who="3" step="1"/><G77/><REACH who="3" ten="140,352,189,309" step="2"/><T48/><D122/><U5/><E74/><V22/><F111/><W126/><G126/><T11/><D73/><U79/><E5/><V64/><F108/><W92/><G92/><T58/><D75/><U33/><E33/><V0/><F130/><W19/><G19/><T3/><D72/><U87/><E81/><V24/><F128/><W100/><G100/><T91/><D107/><U84/><E32/><V99/><F6/><W89/><G89/><T115/><D103/><U52/><REACH who="1" step="1"/><E87/><REACH who="1" ten="140,342,189,309" step="2"/><V4/><F4/><W14/><G14/><T27/><D7/><U1/><E1/><V59/><F0/><W117/><G117/><T88/><D3/><U49/><E49/><V78/><F112/><W51/><G51/><T55/><D115/><U10/><AGARI ba="1,2" hai="10,13,17,28,31,40,41,42,52,57,63,79,80,84" machi="10" ten="30,11700,0" yaku="1,1,0,1,8,1,54,1,53,0" doraHai="47" doraHaiUra="93" who="1" fromWho="1" sc="140,-40,342,140,189,-40,309,-40" /><INIT seed="5,2,0,3,5,90" ten="100,482,149,269" oya="1" hai0="120,69,52,124,126,101,116,39,10,33,113,91,30" hai1="65,19,67,50,127,104,132,68,129,103,47,121,73" hai2="6,13,53,79,56,11,97,5,45,133,8,82,107" hai3="59,112,49,102,36,62,9,95,4,89,41,38,99"/><U32/><E121/><V92/><F107/><W76/><G112/><T44/><D116/><U110/><E129/><V61/><F45/><W40/><G76/><T14/><D69/><U78/><E132/><V60/><F60/><W130/><G130/><T63/><D113/><U26/><E127/><N who="0" m="48681" /><D120/><U125/><E110/><V118/><F133/><W80/><G38/><T54/><D101/><U72/><E125/><V84/><F118/><W35/><G35/><T109/><D109/><U128/><E128/><V12/><F97/><W25/><G25/><N who="0" m="18639" /><D63/><U123/><E123/><V17/><F17/><W29/><G29/><T58/><D58/><U3/><E3/><V22/><F22/><W70/><G70/><T0/><D0/><U88/><E103/><V75/><F75/><W57/><G57/><T23/><D23/><U34/><E104/><V108/><F108/><W105/><G36/><T111/><D91/><U77/><E88/><V48/><F61/><W74/><G74/><T28/><D28/><U43/><E68/><V71/><F71/><W93/><G105/><T96/><D96/><U7/><E73/><V46/><F56/><W31/><G31/><T51/><D39/><U1/><E34/><V98/><F98/><N who="3" m="57647" /><G80/><T117/><D111/><U55/><E78/><V131/><F131/><W106/><G106/><T64/><D117/><U87/><E77/><V122/><F122/><W100/><G100/><T2/><D2/><U20/><E32/><V16/><F6/><W83/><G83/><T15/><D64/><N who="1" m="24651" /><E72/><V115/><F115/><W18/><G102/><T94/><D94/><AGARI ba="2,0" hai="5,8,11,12,13,16,46,48,53,79,82,84,92,94" machi="94" ten="40,8000,1" yaku="6,1,8,1,52,2,54,1" doraHai="90" who="2" fromWho="0" sc="100,-86,482,0,149,86,269,0" /><INIT seed="6,0,0,4,1,23" ten="14,482,235,269" oya="2" hai0="87,1,6,18,58,40,19,118,59,3,107,2,86" hai1="35,49,124,69,27,84,76,24,20,51,79,99,34" hai2="7,12,36,4,88,14,31,44,128,28,0,130,10" hai3="70,25,125,11,109,116,47,50,127,74,52,82,81"/><V56/><F36/><W41/><G109/><T114/><D107/><U95/><E69/><V110/><F44/><W65/><G116/><T92/><D118/><U80/><E124/><N who="3" m="47690" /><G74/><T22/><D114/><U131/><E131/><N who="2" m="50219" /><F110/><W29/><G11/><T77/><D40/><U45/><E79/><V98/><F56/><N who="3" m="32791" /><G70/><T103/><D77/><U102/><E27/><V134/><F134/><W42/><G65/><T135/><D135/><U60/><E60/><V93/><F7/><W9/><G9/><T117/><D117/><U32/><REACH who="1" step="1"/><E45/><REACH who="1" ten="14,472,235,269" step="2"/><V94/><F0/><W55/><G55/><T89/><D6/><U120/><E120/><V15/><F4/><W91/><G91/><T96/><D19/><AGARI ba="0,1" hai="19,20,24,32,34,35,49,51,76,80,84,95,99,102" machi="19" ten="40,5200,0" yaku="1,1,52,1,53,1" doraHai="23" doraHaiUra="73" who="1" fromWho="0" sc="14,-52,472,62,235,0,269,0" owari="-38,-54.0,534,63.0,235,-16.0,269,7.0" /></mjloggm>