<mjloggm ver="2.3"><GO type="169" lobby="0"/><UN n0="%E8%8F%8A%E7%94%B0%E5%84%AA%E4%B8%80%E9%83%8E" n1="%E3%81%9F%E3%81%A1%E3%83%90%E3%83%8A%E3%83%8A%40" n2="%E3%81%8B%E3%81%A5%E3%81%8D%EF%BC%B8%EF%BC%A9" n3="%79%6F%75%61%6C%70%68%61" dan="16,17,16,17" rate="2031.36,2175.32,2099.00,2150.20" sx="M,M,M,M"/><TAIKYOKU oya="0"/><INIT seed="0,0,0,2,0,19" ten="250,250,250,250" oya="0" hai0="53,85,6,121,51,29,94,91,22,112,58,17,65" hai1="37,76,82,25,124,36,47,130,116,52,4,31,69" hai2="134,99,129,35,100,109,5,0,54,59,26,73,71" hai3="114,83,74,21,50,102,30,80,1,97,33,119,2"/><T111/><D121/><U8/><E69/><V135/><F71/><W28/><G114/><T120/><D120/><U46/><E124/><V44/><F109/><W24/><G119/><T92/><D112/><U79/><E130/><V113/><F73/><W57/><G30/><T127/><D127/><U55/><E116/><V86/><F44/><W77/><G83/><T103/><D6/><U87/><E76/><V12/><F0/><W63/><G50/><T89/><D103/><U16/><E46/><V122/><F122/><W72/><G72/><T27/><D65/><U10/><E31/><V107/><F129/><W118/><G118/><T60/><D111/><U11/><E4/><V32/><F113/><W45/><G45/><T34/><D34/><U3/><E3/><V106/><F106/><W88/><G88/><T108/><D108/><U61/><E61/><V126/><F126/><W64/><REACH who="3" step="1"/><G33/><REACH who="3" ten="250,250,250,240" step="2"/><T128/><D128/><U95/><E95/><AGARI ba="0,1" hai="1,2,21,24,28,57,63,64,74,77,80,95,97,102" machi="95" ten="30,12000,2" yaku="1,1,2,1,7,1,25,2,52,1,53,0" doraHai="19" doraHaiUra="70" who="3" fromWho="1" sc="250,0,250,-120,250,0,240,130" /><INIT seed="1,0,0,4,0,68" ten="250,130,250,370" oya="1" hai0="83,90,78,80,2,105,50,63,61,104,22,34,6" hai1="79,17,12,18,132,33,8,71,40,26,44,0,133" hai2="48,41,32,43,46,49,128,127,10,117,103,95,86" hai3="27,134,1,58,53,87,113,60,52,66,57,92,21"/><U72/><E71/><V85/><F32/><W74/><G74/><T11/><D34/><U122/><E122/><V35/><F35/><W36/><G1/><T110/><D110/><U14/><E0/><V129/><F117/><W116/><G113/><T107/><D90/><U73/><E33/><V37/><F127/><W88/><G134/><N who="1" m="51818" /><E26/><V5/><F103/><W97/><G36/><T100/><D100/><U130/><E79/><V102/><F102/><W20/><G116/><T19/><D80/><U76/><E76/><V3/><F95/><W45/><G45/><T30/><D50/><N who="2" m="19562" /><F43/><W131/><G131/><AGARI ba="0,0" hai="3,5,10,37,41,46,85,86,128,129,131" m="19562" machi="131" ten="30,2000,0" yaku="19,1,52,1" doraHai="68" who="2" fromWho="3" sc="250,0,130,0,250,20,370,-20" /><INIT seed="2,0,0,4,4,41" ten="250,130,270,350" oya="2" hai0="28,18,48,61,85,37,110,118,76,16,14,64,79" hai1="121,1,36,57,21,108,26,126,20,60,15,107,51" hai2="101,30,92,49,40,31,89,131,0,78,65,70,23" hai3="47,34,130,80,129,124,32,63,114,125,122,8,29"/><V84/><F0/><W54/><G122/><T24/><D37/><U87/><E36/><V17/><F131/><N who="3" m="50187" /><G114/><T115/><D115/><U58/><E1/><V134/><F134/><W6/><G29/><T71/><D110/><U88/><E107/><V46/><F101/><W67/><G80/><T25/><D118/><U52/><E126/><N who="3" m="48746" /><G54/><T100/><D100/><U95/><E108/><V74/><F74/><W56/><G47/><T10/><D85/><U104/><E104/><V91/><F78/><W27/><G27/><T77/><D48/><U86/><E121/><V99/><F70/><W133/><G133/><T132/><D132/><U59/><E86/><V4/><F65/><W109/><G109/><T102/><D102/><U69/><E69/><V120/><F120/><W13/><AGARI ba="0,0" hai="6,8,13,32,34,56,63,67" m="48746,50187" machi="13" ten="30,2000,0" yaku="19,1,18,1" doraHai="41" who="3" fromWho="3" sc="250,-5,130,-5,270,-10,350,20" /><INIT seed="3,0,0,0,4,117" ten="245,125,260,370" oya="3" hai0="75,77,41,71,92,14,83,20,93,135,63,86,25" hai1="88,122,50,111,90,89,97,121,32,44,130,69,87" hai2="102,98,115,128,9,26,59,116,95,84,110,45,27" hai3="100,21,17,104,19,80,58,123,119,66,8,10,65"/><W94/><G119/><T55/><D135/><U124/><E69/><V37/><F115/><W31/><G104/><T68/><D41/><U13/><E32/><V103/><F110/><W127/><G127/><T126/><D14/><U134/><E134/><V36/><F116/><W101/><G80/><T1/><D1/><U2/><E2/><V67/><F128/><W96/><G101/><T114/><D114/><U118/><E118/><V76/><F103/><W12/><G123/><T7/><D7/><U72/><E72/><V91/><F76/><W64/><G17/><T18/><D126/><U131/><E111/><V133/><F133/><W107/><G107/><T30/><D30/><U33/><E33/><V39/><F9/><W82/><G82/><T29/><D29/><U46/><E124/><V0/><F45/><N who="1" m="17513" /><E50/><V47/><F47/><W105/><G105/><T48/><D63/><U51/><E51/><V99/><F99/><W54/><REACH who="3" step="1"/><G31/><REACH who="3" ten="245,125,260,360" step="2"/><T16/><D18/><U109/><E109/><V70/><F36/><W120/><G120/><N who="1" m="46186" /><E97/><V85/><F39/><W113/><G113/><T24/><D75/><U49/><E49/><AGARI ba="0,1" hai="8,10,12,19,21,49,54,58,64,65,66,94,96,100" machi="49" ten="40,3900,0" yaku="1,1,8,1,53,0" doraHai="117" doraHaiUra="22" who="3" fromWho="1" sc="245,0,125,-39,260,0,360,49" /><INIT seed="3,1,0,2,3,2" ten="245,86,260,409" oya="3" hai0="30,43,102,109,32,97,85,12,95,82,104,21,124" hai1="63,92,28,126,129,64,122,22,53,96,79,121,113" hai2="51,60,81,62,69,127,70,6,40,87,5,65,48" hai3="9,13,91,33,133,29,105,35,125,0,49,72,17"/><W59/><G72/><T93/><D124/><U108/><E108/><V114/><F114/><W61/><G105/><T39/><D109/><U116/><E113/><V89/><F127/><W23/><G125/><T100/><D100/><U99/><E129/><V117/><F117/><W44/><G133/><T120/><D120/><U112/><E79/><V7/><F40/><W66/><G91/><T46/><D32/><U77/><E77/><V115/><F115/><W52/><REACH who="3" step="1"/><G29/><REACH who="3" ten="245,86,260,399" step="2"/><T1/><D30/><U24/><E126/><V88/><F89/><W34/><G34/><T84/><D104/><U18/><E112/><V55/><F55/><W4/><AGARI ba="1,1" hai="0,4,9,13,17,23,33,35,44,49,52,59,61,66" machi="4" ten="30,12000,1" yaku="1,1,0,1,52,1,54,1,53,1" doraHai="2" doraHaiUra="16" who="3" fromWho="3" sc="245,-41,86,-41,260,-41,399,133" /><INIT seed="3,2,0,5,2,83" ten="204,45,219,532" oya="3" hai0="128,62,54,42,74,122,25,40,90,13,63,113,17" hai1="125,64,24,55,133,56,118,92,81,49,132,50,79" hai2="93,103,80,1,73,95,43,131,46,47,106,109,77" hai3="124,96,117,97,100,88,94,59,104,7,12,66,60"/><W3/><G117/><T37/><D122/><U45/><E118/><V115/><F47/><W53/><G124/><T82/><D128/><U6/><E125/><V33/><F33/><W134/><G134/><T119/><D119/><U28/><E6/><V10/><F109/><W5/><G3/><T123/><D123/><U129/><E92/><V19/><F19/><W69/><REACH who="3" step="1"/><G12/><REACH who="3" ten="204,45,219,522" step="2"/><T105/><D13/><U9/><E132/><V48/><F131/><W114/><G114/><T85/><D113/><U20/><E133/><V8/><F115/><W84/><G84/><T87/><D85/><U41/><E129/><V91/><F1/><W130/><G130/><T27/><D87/><U22/><E24/><V52/><F73/><W116/><G116/><T23/><D27/><U35/><E79/><V72/><F72/><W99/><G99/><T126/><D25/><U51/><E35/><V4/><F77/><W30/><G30/><T15/><D74/><U121/><E28/><V110/><F110/><W34/><G34/><T112/><D15/><U61/><E121/><V107/><F4/><W86/><G86/><T89/><D112/><U68/><E81/><V70/><F80/><W101/><G101/><T65/><D82/><U26/><E26/><V14/><F103/><W36/><G36/><T39/><D37/><U21/><REACH who="1" step="1"/><E9/><REACH who="1" ten="204,35,219,522" step="2"/><V111/><F8/><W18/><G18/><T120/><D17/><U31/><E31/><V29/><F29/><W2/><G2/><T135/><D120/><U57/><E57/><V67/><F10/><W75/><G75/><T78/><D135/><RYUUKYOKU ba="2,2" sc="204,-15,35,15,219,-15,522,15" hai1="20,21,22,41,45,49,50,51,55,56,61,64,68" hai3="5,7,53,59,60,66,69,88,94,96,97,100,104" /><INIT seed="3,3,2,2,1,33" ten="189,50,204,537" oya="3" hai0="88,100,41,20,95,69,85,2,16,37,14,28,52" hai1="74,78,125,63,18,61,121,26,84,57,114,65,94" hai2="83,91,129,67,25,116,13,50,86,17,34,107,64" hai3="104,92,112,105,127,4,133,72,132,98,1,97,60"/><W101/><G112/><T110/><D110/><U54/><E114/><V7/><F107/><W130/><G60/><T59/><D69/><U11/><E125/><V99/><F116/><W108/><G127/><T73/><D73/><U39/><E39/><V22/><F129/><W35/><G35/><T111/><D111/><U27/><E121/><V49/><F99/><W8/><G108/><T82/><D28/><U70/><E74/><V135/><F135/><N who="3" m="51787" /><G72/><T45/><D2/><U66/><E66/><N who="2" m="25131" /><F34/><W58/><G130/><T103/><D82/><U109/><E109/><V76/><F76/><W68/><G58/><T46/><D46/><U62/><E62/><AGARI ba="3,2" hai="14,16,20,37,41,45,52,59,62,85,88,95,100,103" machi="62" ten="30,7700,0" yaku="7,1,54,3" doraHai="33" who="0" fromWho="1" sc="189,106,50,-86,204,0,537,0" owari="295,10.0,-36,-54.0,204,-20.0,537,64.0" /></mjloggm>