<mjloggm ver="2.3"><GO type="169" lobby="0"/><UN n0="%E3%81%8A%E3%81%8A%E3%81%8F%E3%81%95" n1="%53%2E%44%61%6E%63%65%72" n2="%6D%61%74%6F%30%36%30%33" n3="%E3%81%AE%E3%82%93%E3%81%B3%E3%82%8A%E3%81%8F%E3%82%93" dan="17,18,18,16" rate="2214.38,2291.53,2259.78,2054.48" sx="M,M,M,M"/><TAIKYOKU oya="0"/><INIT seed="0,0,0,0,0,75" ten="250,250,250,250" oya="0" hai0="37,60,26,74,27,121,3,99,10,50,113,89,101" hai1="65,47,97,13,39,83,56,107,44,135,118,86,58" hai2="92,129,119,16,55,134,1,132,94,95,81,98,63" hai3="19,79,91,24,96,110,116,125,17,72,80,49,103"/><T4/><D121/><U71/><E118/><V69/><F1/><W70/><G116/><T9/><D113/><U59/><E135/><N who="2" m="51755" /><F119/><W35/><G70/><T76/><D37/><U115/><E115/><V8/><F129/><W43/><G110/><T34/><D89/><U68/><E13/><N who="2" m="7207" /><F55/><W64/><G64/><T111/><D111/><U14/><E14/><V54/><F54/><W0/><G0/><T106/><D34/><U51/><E39/><V31/><F31/><W127/><G43/><T33/><D33/><U5/><E65/><N who="2" m="41151" /><F81/><W112/><G112/><T28/><D28/><U45/><E51/><V40/><F40/><W20/><G35/><T88/><D10/><U41/><E41/><V57/><F57/><W122/><G122/><T102/><D102/><AGARI ba="0,0" hai="92,94,95,98,102" m="41151,7207,51755" machi="102" ten="30,2000,0" yaku="20,1,54,1" doraHai="75" who="2" fromWho="0" sc="250,-20,250,0,250,20,250,0" /><INIT seed="1,0,0,5,2,113" ten="230,250,270,250" oya="1" hai0="107,18,39,25,13,101,20,97,12,125,29,16,70" hai1="45,15,2,74,82,83,123,7,56,93,42,35,100" hai2="68,37,50,1,41,104,8,86,31,17,116,112,5" hai3="94,11,78,76,59,3,110,120,118,121,51,77,28"/><U24/><E123/><V14/><F68/><W33/><G110/><T40/><D125/><U102/><E2/><V48/><F104/><W63/><G33/><T126/><D126/><U103/><E74/><V72/><F72/><W32/><G32/><T6/><D70/><U54/><E35/><V108/><F108/><W0/><G28/><T47/><D6/><U135/><E135/><V115/><F31/><W81/><G121/><T122/><D122/><U61/><E24/><V79/><F37/><W99/><G120/><T127/><D127/><U130/><E130/><V71/><F71/><W26/><G26/><T132/><D132/><U38/><REACH who="1" step="1"/><E93/><REACH who="1" ten="230,240,270,250" step="2"/><V27/><F27/><W134/><G134/><T114/><D114/><U57/><E57/><V60/><F1/><W85/><G0/><T129/><D129/><U53/><E53/><V128/><F128/><W19/><G3/><T10/><D29/><U105/><E105/><V65/><F115/><W90/><G59/><T91/><D25/><U89/><E89/><V4/><F112/><W64/><G94/><T62/><D91/><U67/><E67/><V73/><F73/><W46/><G64/><T111/><D111/><U36/><E36/><V69/><F65/><W22/><G90/><T9/><REACH who="0" step="1"/><D62/><REACH who="0" ten="220,240,270,250" step="2"/><U84/><E84/><V92/><F86/><W106/><G63/><T80/><D80/><U52/><E52/><V30/><F60/><W75/><G85/><T133/><D133/><U119/><E119/><V98/><F116/><W88/><G81/><T117/><D117/><U55/><E55/><V87/><F30/><RYUUKYOKU ba="0,2" sc="220,15,240,15,270,-15,250,-15" hai0="9,10,12,13,16,18,20,39,40,47,97,101,107" hai1="7,15,38,42,45,54,56,61,82,83,100,102,103" /><INIT seed="1,1,2,4,2,120" ten="235,255,255,235" oya="1" hai0="95,65,94,42,39,104,10,76,85,105,11,72,15" hai1="133,93,19,23,89,26,119,7,68,13,77,102,135" hai2="97,29,67,1,112,82,21,18,44,98,3,49,126" hai3="109,78,12,46,122,0,31,103,131,28,86,75,117"/><U60/><E119/><V64/><F1/><W55/><G122/><T5/><D65/><N who="2" m="25162" /><F3/><W99/><G117/><T107/><D72/><U47/><E77/><V6/><F6/><W74/><G0/><T115/><D115/><U108/><E68/><V128/><F128/><W121/><G121/><T25/><D39/><U66/><E102/><V32/><F32/><W59/><G131/><T50/><D25/><U35/><E47/><V16/><F82/><W58/><G12/><T8/><D94/><U87/><E108/><V45/><F45/><W88/><G109/><T4/><D4/><U83/><E83/><V9/><F126/><W41/><G74/><T33/><D33/><U37/><E37/><V129/><F112/><W116/><G116/><T81/><D95/><U40/><E40/><N who="2" m="24711" /><F9/><W127/><G127/><T70/><D70/><U110/><E110/><V30/><F18/><W101/><G75/><T62/><D62/><U14/><E35/><V124/><F129/><W71/><G71/><T61/><D61/><U36/><E36/><V90/><F90/><W27/><G78/><T84/><D84/><U132/><REACH who="1" step="1"/><E7/><REACH who="1" ten="235,245,255,235" step="2"/><V17/><F124/><W24/><G46/><AGARI ba="1,3" hai="5,8,10,11,15,42,46,50,76,81,85,104,105,107" machi="46" ten="40,2600,0" yaku="25,2" doraHai="120" who="0" fromWho="3" sc="235,59,245,0,255,0,235,-29" /><INIT seed="2,0,0,2,0,5" ten="294,245,255,206" oya="2" hai0="10,63,41,78,48,12,73,64,98,71,129,54,77" hai1="8,91,18,65,27,38,82,39,11,31,16,126,55" hai2="7,92,104,23,42,113,0,87,66,6,17,43,47" hai3="121,67,123,24,118,106,13,9,122,29,95,94,59"/><V86/><F104/><W111/><G118/><T108/><D108/><U72/><E65/><V131/><F113/><W69/><G106/><T1/><D129/><U61/><E39/><V50/><F131/><W130/><G130/><T49/><D73/><U83/><E38/><V125/><F125/><W75/><G75/><T68/><D1/><U89/><E126/><V90/><F66/><W102/><G69/><T85/><D71/><U4/><E72/><V112/><F112/><W96/><G111/><T109/><D109/><U79/><E91/><V26/><F0/><W35/><G95/><T105/><D85/><N who="1" m="48351" /><E31/><V132/><F132/><W135/><G135/><T58/><D41/><U19/><E4/><V120/><F120/><W99/><G99/><T34/><D48/><U133/><E27/><V100/><F100/><W115/><G115/><T44/><D34/><U28/><E28/><V119/><F119/><W3/><G3/><T22/><D68/><U97/><E133/><V51/><REACH who="2" step="1"/><F87/><REACH who="2" ten="294,245,245,206" step="2"/><W45/><G67/><T116/><D116/><U117/><E117/><V57/><F57/><W30/><G59/><T60/><D105/><U62/><E97/><V80/><F80/><W110/><G110/><T25/><D98/><U74/><E74/><V101/><F101/><W81/><G81/><T107/><D107/><U40/><E40/><V20/><F20/><W15/><G121/><T33/><D64/><U128/><E128/><V84/><F84/><W103/><G122/><T2/><D2/><U53/><E83/><V114/><F114/><W52/><G123/><T70/><D70/><RYUUKYOKU ba="0,1" sc="294,-10,245,-10,245,30,206,-10" hai2="6,7,17,23,26,42,43,47,50,51,86,90,92" /><INIT seed="2,1,1,2,3,105" ten="284,235,275,196" oya="2" hai0="68,37,64,111,41,78,76,22,135,87,93,65,32" hai1="6,9,31,118,24,126,50,89,21,112,25,71,122" hai2="7,63,82,120,73,55,52,48,113,96,124,117,40" hai3="128,108,10,17,0,127,86,57,95,67,62,39,116"/><V35/><F113/><W121/><G116/><T18/><D32/><U61/><E112/><V133/><F117/><W59/><G121/><T58/><D68/><U45/><E118/><V36/><F120/><W85/><G39/><T14/><D111/><U2/><E122/><V106/><F35/><W42/><G108/><T46/><D135/><U102/><E126/><V88/><F36/><W110/><G110/><T11/><D76/><U107/><E89/><V3/><F124/><W1/><G127/><T109/><D109/><U15/><E102/><V130/><F133/><W30/><G42/><T8/><D8/><U43/><E107/><V13/><F3/><W66/><G30/><T125/><D125/><U129/><E129/><V99/><F130/><W53/><G128/><T19/><D58/><U92/><E92/><V28/><F28/><W20/><G10/><T79/><D79/><U123/><E123/><V132/><F73/><W49/><G67/><T97/><D78/><U115/><E115/><V74/><F74/><W69/><G69/><T4/><D87/><U38/><E38/><V80/><F106/><W83/><G86/><T60/><D60/><U101/><E101/><V12/><F63/><W131/><G131/><T98/><D98/><U91/><E91/><V33/><F88/><N who="3" m="53647" /><G83/><T72/><D72/><U34/><E2/><V81/><F132/><W29/><G29/><T51/><D37/><U26/><REACH who="1" step="1"/><E34/><REACH who="1" ten="284,225,275,196" step="2"/><V70/><F33/><W94/><G94/><T90/><D4/><U84/><E84/><V77/><F7/><W134/><G134/><T44/><D93/><RYUUKYOKU ba="1,2" sc="284,-15,225,15,275,-15,196,15" hai1="6,9,15,21,24,25,26,31,43,45,50,61,71" hai3="0,1,17,20,49,53,57,59,62,66" /><INIT seed="3,2,2,1,1,118" ten="269,240,260,211" oya="3" hai0="128,5,81,117,108,2,92,55,119,96,16,44,4" hai1="125,22,21,68,126,112,95,51,60,127,72,90,3" hai2="67,27,0,23,33,77,57,40,73,6,65,61,70" hai3="121,25,29,37,74,18,35,78,9,101,106,114,129"/><W122/><G114/><T89/><D108/><U91/><E112/><V113/><F113/><W26/><G129/><T20/><D128/><U97/><E3/><V79/><F33/><W135/><G135/><T47/><D2/><U7/><E7/><N who="0" m="2633" /><D119/><U133/><E133/><V132/><F132/><W88/><G9/><T50/><D117/><U123/><E123/><V120/><F120/><W15/><G15/><N who="0" m="9247" /><D81/><U94/><E72/><V104/><F104/><W24/><G24/><T32/><D32/><U38/><E38/><V87/><F73/><W124/><G124/><T75/><D75/><U62/><E51/><V93/><F27/><W52/><G37/><T46/><AGARI ba="2,2" hai="44,46,47,50,55,89,92,96" m="9247,2633" machi="46" ten="30,2000,0" yaku="8,1,54,1" doraHai="118" who="0" fromWho="0" sc="269,46,240,-7,260,-7,211,-12" /><INIT seed="4,0,0,0,2,28" ten="315,233,253,199" oya="0" hai0="80,131,46,55,108,130,9,3,91,118,29,41,81" hai1="82,24,39,32,10,104,35,33,110,17,27,102,92" hai2="62,64,93,67,65,85,134,77,21,59,43,34,60" hai3="112,76,103,44,53,26,66,128,100,13,63,40,122"/><T5/><D118/><U15/><E39/><V19/><F134/><W25/><G112/><T106/><D106/><U89/><E110/><V58/><F43/><W111/><G111/><T2/><D2/><U71/><E71/><V133/><F133/><W125/><G128/><T45/><D108/><U22/><E82/><V121/><F121/><W105/><G125/><T20/><D55/><U94/><E94/><V38/><F38/><W70/><G122/><T30/><D46/><U54/><E54/><V36/><F36/><W51/><G76/><T123/><D123/><U115/><E115/><V113/><F113/><W95/><G105/><T4/><D4/><U72/><E72/><V109/><F109/><W0/><G0/><T23/><D23/><U18/><E102/><V7/><F7/><W129/><G129/><T135/><D20/><U73/><E73/><V11/><F11/><W132/><G132/><T14/><D3/><U97/><REACH who="1" step="1"/><E104/><REACH who="1" ten="315,223,253,199" step="2"/><V116/><F93/><W69/><G69/><T74/><D81/><U37/><E37/><V98/><F116/><W12/><G53/><T88/><D135/><U47/><E47/><V90/><F65/><W49/><G100/><T79/><D130/><U31/><AGARI ba="0,1" hai="10,15,17,18,22,24,27,31,32,33,35,89,92,97" machi="31" ten="30,12000,2" yaku="1,1,0,1,52,3,53,1" doraHai="28" doraHaiUra="16" who="1" fromWho="1" sc="315,-60,223,130,253,-30,199,-30" /><INIT seed="5,0,0,0,4,133" ten="255,353,223,169" oya="1" hai0="116,66,118,85,45,102,91,132,7,82,62,24,109" hai1="70,114,115,119,9,74,94,39,10,57,36,26,32" hai2="29,60,59,41,95,64,8,81,86,87,68,90,89" hai3="49,46,77,124,56,61,17,92,65,0,101,15,48"/><U14/><E70/><V34/><F41/><W88/><G0/><T99/><D109/><U52/><E119/><V53/><F8/><W130/><G130/><T121/><D132/><U79/><E94/><V110/><F110/><W134/><G134/><T37/><D121/><U105/><E105/><V5/><F5/><W107/><G77/><T108/><D108/><U67/><E67/><V93/><F81/><W38/><G38/><T84/><D7/><U40/><E79/><V43/><F43/><W126/><G107/><T135/><D84/><U20/><E32/><V12/><F12/><W78/><G101/><T98/><D98/><U100/><E100/><V122/><F122/><W120/><G78/><T112/><D37/><U58/><E58/><V25/><REACH who="2" step="1"/><F53/><REACH who="2" ten="255,353,213,169" step="2"/><W11/><G120/><T22/><D135/><U2/><E40/><V71/><AGARI ba="0,1" hai="25,29,34,59,60,64,68,71,86,87,89,90,93,95" machi="71" ten="30,7900,0" yaku="1,1,2,1,0,1,9,1,53,0" doraHai="133" doraHaiUra="50" who="2" fromWho="2" sc="255,-20,353,-39,213,89,169,-20" /><INIT seed="6,0,0,3,5,14" ten="235,314,302,149" oya="2" hai0="134,39,63,66,17,133,64,82,135,52,73,89,114" hai1="78,71,11,80,26,74,56,97,125,113,58,121,127" hai2="34,3,112,99,55,49,129,44,101,30,51,62,77" hai3="48,102,126,50,96,115,106,5,7,35,93,81,83"/><V118/><F118/><W109/><G109/><T120/><D120/><U37/><E121/><V19/><F3/><W9/><G35/><T54/><D114/><U57/><E113/><V20/><F112/><W25/><G115/><T2/><D2/><U76/><E37/><V22/><F129/><W103/><G126/><N who="1" m="48138" /><E71/><V68/><F77/><W59/><G25/><T43/><D66/><U0/><E97/><V4/><F4/><W91/><G7/><T61/><D61/><U72/><E26/><N who="2" m="16711" /><F68/><W6/><G6/><T46/><D17/><U29/><E29/><V16/><F62/><W28/><G28/><T131/><D131/><U132/><E132/><V38/><F38/><W94/><G106/><T41/><D41/><U10/><E0/><V15/><F49/><W1/><G50/><T104/><D104/><U36/><E36/><V21/><F34/><W111/><G111/><T100/><D100/><U24/><E24/><N who="2" m="14375" /><F99/><W95/><G48/><T42/><D42/><U45/><E45/><V13/><F101/><W122/><G122/><T18/><D18/><U107/><E107/><V85/><F85/><W119/><G119/><T33/><D33/><U117/><E117/><V60/><F60/><W130/><G130/><T86/><REACH who="0" step="1"/><D73/><REACH who="0" ten="225,314,302,149" step="2"/><U88/><E74/><V32/><F32/><W108/><G108/><T31/><D31/><U79/><E72/><V90/><F13/><W69/><G1/><T128/><D128/><U105/><E105/><V12/><F15/><W87/><G103/><T40/><D40/><U65/><E65/><V70/><F70/><AGARI ba="0,1" hai="39,43,46,52,54,63,64,70,82,86,89,133,134,135" machi="70" ten="40,5200,0" yaku="1,1,20,1,54,1,53,0" doraHai="14" doraHaiUra="27" who="0" fromWho="2" sc="225,62,314,0,302,-52,149,0" /><INIT seed="7,0,0,5,5,116" ten="287,314,250,149" oya="3" hai0="56,92,134,7,59,40,121,17,61,65,5,95,82" hai1="90,18,101,43,46,58,33,126,119,94,36,20,14" hai2="75,42,72,32,27,22,112,83,35,78,13,128,53" hai3="62,31,73,52,6,67,103,79,76,16,0,49,97"/><W88/><G31/><T48/><D121/><U70/><E70/><V45/><F112/><W34/><G34/><T30/><D134/><U60/><E33/><V63/><F128/><W2/><G2/><T4/><D30/><U10/><E126/><V105/><F105/><W118/><G118/><T68/><D68/><U21/><E101/><V108/><F108/><W135/><G135/><T93/><D82/><U85/><E119/><V120/><F72/><W91/><G0/><T81/><D81/><U19/><E19/><V114/><F114/><W77/><G6/><T37/><D37/><U115/><E115/><V8/><F53/><AGARI ba="0,0" hai="10,14,18,20,21,36,43,46,53,58,60,85,90,94" machi="53" ten="30,1000,0" yaku="7,1" doraHai="116" who="1" fromWho="2" sc="287,0,314,10,250,-10,149,0" owari="287,9.0,324,42.0,240,-16.0,149,-35.0" /></mjloggm>