<mjloggm ver="2.3"><GO type="169" lobby="0"/><UN n0="%72%61%69%32%31%31" n1="%E5%AE%9F%E5%AD%98" n2="%E3%83%97%E3%83%AD%E3%83%86%E3%82%A4%E3%83%B3%E5%BE%97%E7%9B%9B" n3="%E3%83%81%E3%83%BC%E3%83%88%E3%82%A4%E7%9F%AD%E6%9C%9F%E5%A4%A7%E5%AD%A6" dan="16,17,17,16" rate="2084.25,2161.59,2269.77,2130.38" sx="M,M,M,M"/><TAIKYOKU oya="0"/><INIT seed="0,0,0,4,3,116" ten="250,250,250,250" oya="0" hai0="82,127,10,63,108,70,22,80,56,72,75,64,53" hai1="54,36,88,134,89,93,106,102,121,21,83,69,131" hai2="52,109,13,57,47,23,85,112,124,95,99,84,65" hai3="2,90,28,91,119,111,4,45,100,67,29,114,6"/><T105/><D127/><U27/><E131/><V15/><F124/><W60/><G114/><T59/><D105/><U97/><E134/><V7/><F109/><W30/><G119/><T110/><D10/><U12/><E69/><V122/><F112/><W115/><G115/><T133/><D22/><U103/><E36/><V0/><F0/><W87/><G111/><N who="0" m="42539" /><D133/><U3/><E3/><V98/><F65/><W76/><G2/><T135/><D135/><U61/><E121/><V44/><F122/><W117/><G117/><T48/><D70/><U101/><E12/><N who="2" m="4683" /><F23/><W77/><G100/><T19/><D19/><U16/><E106/><V32/><F32/><W113/><G113/><T24/><D24/><U51/><E61/><N who="2" m="36007" /><F98/><W129/><G129/><T86/><D82/><U42/><E42/><V104/><F7/><W130/><G130/><T14/><D14/><U58/><E89/><AGARI ba="0,0" hai="48,53,56,59,63,64,72,75,80,86,89" m="42539" machi="89" ten="30,2900,0" yaku="14,1,10,1" doraHai="116" who="0" fromWho="1" sc="250,29,250,-29,250,0,250,0" /><INIT seed="0,1,0,3,4,65" ten="279,221,250,250" oya="0" hai0="53,59,29,33,13,61,112,68,107,20,102,4,62" hai1="23,47,72,111,73,80,91,87,44,45,18,49,110" hai2="126,135,17,58,123,7,124,131,120,82,99,12,78" hai3="19,77,34,2,56,130,55,28,46,54,127,48,96"/><T90/><D112/><U134/><E134/><V31/><F135/><W43/><G2/><T52/><D90/><U16/><E49/><V25/><F58/><W50/><G130/><T74/><D74/><U35/><E35/><N who="2" m="20975" /><F99/><W108/><G108/><T105/><D53/><U6/><E6/><V79/><F79/><W38/><G127/><N who="2" m="48681" /><F7/><W70/><G70/><T92/><D92/><U116/><E116/><V125/><F131/><W109/><G109/><N who="1" m="41482" /><E18/><V1/><F1/><W42/><G42/><T95/><D95/><U57/><E57/><V11/><N who="2" m="48689" /><V93/><DORA hai="101" /><F93/><W103/><G77/><T22/><D102/><U118/><E118/><V60/><F60/><W5/><G5/><T69/><D61/><U67/><E67/><V94/><F94/><W119/><G119/><T84/><D4/><U83/><E83/><V30/><F30/><W76/><G76/><T89/><D107/><U132/><E132/><V117/><F117/><W8/><G28/><T40/><D105/><U86/><E86/><AGARI ba="1,0" hai="11,12,17,78,82,86,120,123" m="48689,20975" machi="86" ten="40,1300,0" yaku="18,1" doraHai="65,101" who="2" fromWho="1" sc="279,0,221,-16,250,16,250,0" /><INIT seed="1,0,0,1,5,54" ten="279,205,266,250" oya="1" hai0="121,19,114,134,13,43,1,17,34,42,11,79,75" hai1="76,57,112,37,81,126,3,99,70,86,51,125,97" hai2="41,36,49,63,12,32,35,78,59,98,94,31,82" hai3="89,131,27,106,30,28,38,83,123,0,129,45,69"/><U20/><E37/><V29/><F36/><W102/><G123/><T9/><D114/><U48/><E70/><V100/><F35/><W22/><G0/><T122/><D79/><U133/><E112/><V52/><F32/><W124/><G69/><T33/><D75/><U26/><E3/><V111/><F111/><W110/><G110/><T23/><D1/><U88/><E133/><V113/><F113/><W117/><G124/><N who="1" m="47722" /><E76/><V101/><F101/><W2/><G2/><T15/><REACH who="0" step="1"/><D23/><REACH who="0" ten="269,205,266,250" step="2"/><U71/><E71/><V39/><F39/><W53/><G22/><T119/><D119/><U80/><E80/><V72/><F12/><W16/><G38/><T127/><D127/><U18/><E51/><V104/><F104/><W68/><G117/><T109/><D109/><U58/><E48/><V50/><F50/><W62/><G106/><T92/><D92/><U116/><E116/><V103/><F103/><W65/><G102/><T84/><D84/><U64/><E64/><V25/><F25/><W120/><G27/><T107/><D107/><U108/><E108/><V85/><F72/><W21/><G65/><T73/><D73/><U60/><E60/><V87/><F87/><N who="3" m="50431" /><G62/><T91/><D91/><U135/><E135/><AGARI ba="0,1" hai="9,11,13,15,17,19,33,34,42,43,121,122,134,135" machi="135" ten="25,3200,0" yaku="1,1,22,2,53,0" doraHai="54" doraHaiUra="55" who="0" fromWho="1" sc="269,42,205,-32,266,0,250,0" /><INIT seed="2,0,0,0,4,113" ten="311,173,266,250" oya="2" hai0="92,1,83,107,68,105,85,49,8,125,110,53,17" hai1="75,66,47,14,24,80,70,134,38,76,86,133,103" hai2="87,109,112,12,25,59,104,41,100,90,39,36,15" hai3="101,40,99,74,34,124,79,60,64,50,23,9,3"/><V117/><F112/><W129/><G23/><T128/><D68/><U29/><E14/><V94/><F104/><N who="3" m="63551" /><G50/><T72/><D110/><U54/><E86/><V130/><F100/><W95/><G40/><T57/><D128/><U33/><E54/><V89/><F130/><W73/><G129/><T97/><D125/><U28/><E28/><V35/><F109/><W7/><G34/><T58/><D72/><N who="3" m="27753" /><G79/><T61/><D1/><U13/><E13/><V121/><F59/><W84/><G95/><T56/><D8/><U0/><E0/><V116/><F41/><W98/><G98/><T37/><D17/><U52/><E103/><V71/><F94/><W122/><G84/><T67/><D37/><U42/><REACH who="1" step="1"/><E52/><REACH who="1" ten="311,163,266,250" step="2"/><V77/><F87/><W127/><G122/><T132/><D107/><U118/><E118/><V119/><F121/><W51/><G124/><T62/><D105/><U19/><E19/><V115/><F115/><W131/><G127/><T11/><D85/><U91/><E91/><V81/><F90/><W63/><G131/><T31/><D31/><U126/><E126/><V22/><F89/><W88/><G88/><T82/><D53/><U135/><E135/><V44/><F117/><W18/><G18/><T114/><D132/><U5/><E5/><V2/><F119/><W45/><G64/><T43/><D114/><U78/><E78/><V26/><F77/><W4/><G4/><T108/><D67/><U10/><E10/><V20/><F116/><W32/><G32/><T6/><D11/><U27/><E27/><V120/><F120/><W65/><G65/><RYUUKYOKU ba="0,1" sc="311,-15,163,15,266,-15,250,15" hai1="24,29,33,38,42,47,66,70,75,76,80,133,134" hai3="3,7,9,45,51,60,63" /><INIT seed="3,1,1,0,2,120" ten="296,178,251,265" oya="3" hai0="90,135,45,73,85,127,74,70,0,49,112,122,77" hai1="63,46,134,9,55,121,4,87,117,119,114,82,95" hai2="39,72,59,131,104,93,80,103,22,35,26,5,105" hai3="88,37,11,96,34,8,130,132,91,13,56,14,30"/><W98/><G37/><T38/><D122/><U107/><E121/><V76/><F39/><W17/><G132/><T133/><D127/><U128/><E107/><V83/><F131/><W67/><G130/><T23/><D112/><U97/><E128/><V109/><F35/><W25/><G67/><T44/><D70/><U54/><E114/><V15/><F80/><W48/><G56/><T12/><D0/><U102/><E134/><N who="0" m="51209" /><D77/><U19/><E63/><V78/><F78/><W61/><G61/><T129/><D129/><U10/><E10/><V41/><F41/><W71/><G71/><T51/><D38/><U126/><E126/><V57/><F5/><W125/><G48/><N who="0" m="18507" /><D12/><U31/><E46/><N who="0" m="18025" /><D23/><U84/><E119/><V58/><F15/><W27/><G27/><T52/><D52/><U86/><E117/><V62/><F62/><W124/><G125/><T40/><D40/><U42/><E42/><V113/><F113/><W123/><G124/><T118/><D118/><U75/><E55/><V81/><F26/><W108/><G123/><T110/><D110/><U69/><E54/><V106/><F22/><W24/><G108/><T47/><N who="0" m="18033" /><T68/><DORA hai="1" /><D68/><U21/><E69/><V18/><F109/><W16/><G24/><T60/><D60/><U66/><E66/><V99/><F18/><W28/><G28/><T101/><D101/><U111/><E31/><V6/><F6/><W43/><G43/><T29/><D29/><U100/><E111/><V64/><F64/><W79/><G79/><T115/><D115/><U50/><E100/><V116/><F116/><RYUUKYOKU ba="1,1" sc="296,10,178,-30,251,10,265,10" hai0="73,74,85,90" hai2="57,58,59,72,76,81,83,93,99,103,104,105,106" hai3="8,11,13,14,16,17,25,30,34,88,91,96,98" /><INIT seed="3,2,1,5,5,39" ten="306,148,261,275" oya="3" hai0="115,63,43,59,82,32,129,73,100,15,47,98,79" hai1="33,123,45,130,101,74,49,58,77,105,23,118,102" hai2="93,55,52,11,54,5,104,119,80,46,20,37,36" hai3="131,18,113,27,35,50,125,56,90,81,10,127,71"/><W7/><G71/><T126/><D129/><U61/><E33/><V120/><F104/><W108/><G113/><T8/><D115/><U78/><E123/><V65/><F119/><W19/><G131/><T128/><D128/><U68/><E130/><V57/><F120/><W64/><G108/><T112/><D112/><U51/><E68/><V114/><F114/><W0/><G35/><T72/><D126/><N who="3" m="48137" /><G27/><T13/><D32/><U31/><E118/><V89/><F20/><W86/><G50/><T2/><D73/><U97/><E49/><V91/><F80/><W16/><G56/><T38/><D2/><U109/><E109/><V9/><F9/><W88/><G64/><T76/><D76/><AGARI ba="2,1" hai="0,7,10,16,18,19,76,81,86,88,90" m="48137" machi="76" ten="30,5800,0" yaku="18,1,54,2" doraHai="39" who="3" fromWho="0" sc="306,-64,148,0,261,0,275,74" /><INIT seed="3,3,0,4,3,130" ten="242,148,261,349" oya="3" hai0="63,49,15,36,111,17,89,5,117,93,101,57,0" hai1="31,67,8,118,23,80,125,135,33,109,122,13,76" hai2="79,83,121,132,41,44,66,120,110,127,20,54,95" hai3="88,128,19,59,40,47,38,46,53,3,85,45,84"/><W112/><G112/><T64/><D117/><U22/><E122/><N who="2" m="47211" /><F110/><W24/><G3/><T9/><D111/><U124/><E109/><V71/><F127/><W21/><G128/><T42/><D36/><U92/><E118/><V81/><F54/><W97/><G85/><T32/><D32/><U115/><E115/><V11/><F20/><W61/><REACH who="3" step="1"/><G97/><REACH who="3" ten="242,148,261,339" step="2"/><T105/><D0/><U104/><E124/><V12/><F79/><W86/><G86/><T10/><D105/><U91/><E104/><V77/><F77/><W100/><G100/><T7/><D101/><U126/><E126/><V51/><F95/><AGARI ba="3,1" hai="19,21,24,38,40,45,46,47,53,59,61,84,88,95" machi="95" ten="30,5800,0" yaku="1,1,7,1,54,1,53,0" doraHai="130" doraHaiUra="4" who="3" fromWho="2" sc="242,0,148,0,261,-67,339,77" /><INIT seed="3,4,0,3,5,11" ten="242,148,194,416" oya="3" hai0="99,76,73,60,105,97,116,17,68,112,44,35,126" hai1="132,85,77,24,119,124,106,118,50,42,135,98,14" hai2="30,65,86,22,75,53,87,89,62,4,101,38,134" hai3="10,7,120,110,96,13,27,1,15,69,23,127,12"/><W93/><G120/><T90/><D116/><U133/><E24/><V94/><F75/><W52/><G127/><T28/><D126/><U64/><E124/><V8/><F134/><W79/><G69/><T88/><D112/><U100/><E64/><V21/><F38/><W25/><G79/><T114/><D114/><U39/><E39/><V130/><F130/><W102/><G110/><T57/><D68/><U95/><E42/><V43/><F43/><W107/><G23/><T56/><D44/><U31/><E31/><V122/><F53/><W54/><G107/><T5/><D17/><U0/><E0/><V83/><F122/><W81/><G81/><T108/><D5/><U20/><E50/><V115/><F30/><W129/><G129/><T55/><D28/><U63/><E63/><V59/><F115/><W113/><G113/><T71/><D71/><U49/><E49/><V72/><F72/><W37/><G37/><T104/><D73/><U92/><E20/><V125/><F125/><W9/><G9/><T47/><D76/><U117/><E14/><N who="3" m="5738" /><G1/><T36/><D35/><U26/><E26/><AGARI ba="4,0" hai="7,10,15,25,26,27,52,54,93,96,102" m="5738" machi="26" ten="30,18000,2" yaku="8,1,52,4,54,1" doraHai="11" who="3" fromWho="1" sc="242,0,148,-192,194,0,416,192" owari="242,4.0,-44,-54.0,194,-21.0,608,71.0" /></mjloggm>