<mjloggm ver="2.3"><GO type="169" lobby="0"/><UN n0="%79%75%36%31%39%7A%69" n1="%4E%4F%2E%E2%85%A0" n2="%E6%B2%96%E3%83%92%E3%82%AB%E3%83%AB%EF%BC%88%E6%9C%AC%E7%89%A9%EF%BC%89" n3="%E5%BD%A9%E4%BA%AC" dan="16,16,16,17" rate="2103.22,2230.93,2072.59,2201.08" sx="M,M,F,M"/><TAIKYOKU oya="0"/><INIT seed="0,0,0,4,0,22" ten="250,250,250,250" oya="0" hai0="60,71,52,75,36,96,12,118,133,29,130,80,13" hai1="93,109,113,32,108,134,122,28,85,1,66,123,40" hai2="6,15,61,105,119,87,86,33,98,77,73,64,20" hai3="39,26,79,10,56,124,38,16,121,21,34,92,102"/><T76/><D118/><U58/><E93/><V50/><F119/><W128/><G124/><T67/><D36/><U30/><E85/><V59/><F33/><W103/><G128/><T83/><D130/><U68/><E58/><V37/><F37/><W25/><G121/><N who="1" m="46090" /><E66/><V24/><F15/><W2/><G79/><T84/><D96/><U99/><E99/><V43/><F6/><W62/><G39/><T7/><D7/><U46/><E46/><V69/><F73/><W49/><G38/><T8/><D8/><U95/><E95/><V89/><F77/><W127/><G127/><T78/><D133/><U57/><E57/><V0/><F0/><W104/><G2/><T55/><D29/><N who="1" m="11371" /><E40/><V131/><F131/><W114/><G104/><T82/><D82/><U111/><E68/><V74/><F74/><W27/><G34/><T65/><D65/><U110/><E108/><V91/><F98/><N who="3" m="59719" /><G10/><T23/><D23/><U14/><E1/><V9/><F105/><W54/><G103/><T51/><D55/><U41/><E41/><V47/><F69/><W115/><G62/><T42/><D42/><U116/><E32/><V112/><F61/><W48/><G48/><T120/><D120/><U101/><E116/><V81/><F50/><W88/><G88/><T31/><REACH who="0" step="1"/><D31/><REACH who="0" ten="240,250,250,250" step="2"/><U135/><E101/><V129/><F129/><W117/><G117/><T11/><D11/><U17/><E113/><V125/><F112/><W63/><G115/><T132/><D132/><U35/><E35/><V18/><F64/><N who="3" m="39015" /><G114/><T3/><D3/><U72/><E72/><V94/><F125/><RYUUKYOKU ba="0,1" sc="240,10,250,10,250,-30,250,10" hai0="12,13,51,52,60,67,71,75,76,78,80,83,84" hai1="14,17,109,110,111,134,135" hai3="16,21,25,26,27,49,54" /><INIT seed="0,1,1,5,1,85" ten="250,260,220,260" oya="0" hai0="1,27,4,111,94,127,20,16,65,78,70,36,76" hai1="64,45,57,38,107,14,106,53,32,48,63,102,81" hai2="62,77,8,46,103,19,54,3,59,69,49,68,25" hai3="124,28,15,90,122,13,71,112,133,26,67,117,100"/><T50/><D36/><U108/><E108/><V125/><F125/><W131/><G124/><T115/><D127/><U39/><E32/><V47/><F103/><W96/><G117/><T121/><D121/><U79/><E14/><V35/><F77/><W123/><G112/><T60/><D115/><U10/><E10/><V33/><F47/><W17/><G17/><T129/><D111/><U109/><E109/><V126/><F35/><N who="3" m="20887" /><G131/><T40/><D129/><U132/><E132/><V22/><F33/><W89/><G133/><T113/><D113/><U92/><E92/><V66/><REACH who="2" step="1"/><F126/><REACH who="2" ten="250,260,210,260" step="2"/><W130/><G130/><T30/><D78/><U34/><E34/><V9/><F9/><W2/><G123/><T7/><D76/><U114/><E114/><V99/><F99/><W0/><G122/><T61/><D1/><U101/><E101/><V55/><F55/><W29/><G2/><T128/><D128/><U95/><E107/><V118/><F118/><W11/><G100/><T91/><D65/><U43/><E106/><V93/><F93/><W83/><G96/><T31/><D94/><U84/><REACH who="1" step="1"/><E64/><REACH who="1" ten="250,250,210,260" step="2"/><V72/><F72/><W42/><G67/><T82/><D82/><U18/><E18/><V12/><F12/><W75/><G83/><T80/><D16/><U88/><E88/><V51/><F51/><W119/><G90/><T134/><D50/><U41/><E41/><V56/><F56/><W97/><G89/><T23/><D91/><U37/><E37/><V104/><F104/><W74/><G42/><T110/><D40/><U44/><E44/><V86/><F86/><RYUUKYOKU ba="1,3" sc="250,-15,250,15,210,15,260,-15" hai1="38,39,43,45,48,53,57,63,79,81,84,95,102" hai2="3,8,19,22,25,46,49,54,59,62,66,68,69" /><INIT seed="1,2,3,5,3,24" ten="235,265,225,245" oya="1" hai0="76,109,100,123,107,23,125,105,81,22,44,83,62" hai1="40,85,55,53,48,31,57,38,19,103,78,25,135" hai2="102,122,86,98,35,54,115,96,132,67,72,49,87" hai3="1,66,71,79,4,89,7,32,65,114,13,119,91"/><U63/><E135/><V42/><F122/><W30/><G114/><T59/><D109/><U118/><E118/><V2/><F2/><W131/><G131/><T28/><D44/><U26/><E38/><V17/><F42/><W120/><G120/><T39/><D39/><U27/><E40/><V0/><F72/><W84/><G71/><T6/><D6/><N who="3" m="2089" /><G1/><T18/><D76/><U130/><E130/><V77/><F0/><W46/><G32/><T52/><D123/><U121/><E121/><V47/><F35/><W82/><G119/><T110/><D110/><U43/><E43/><V9/><F67/><N who="3" m="25611" /><G46/><T34/><D107/><U112/><E103/><V97/><F132/><W41/><G41/><T33/><D34/><U21/><E112/><V10/><F102/><W70/><G70/><T73/><D33/><U124/><E124/><V129/><F115/><W3/><G3/><T90/><D73/><U108/><E108/><V95/><F129/><W75/><G75/><T15/><D125/><U16/><E78/><V51/><F77/><W60/><G60/><T113/><D100/><U56/><REACH who="1" step="1"/><E85/><REACH who="1" ten="235,255,225,245" step="2"/><V106/><F87/><W116/><G116/><T93/><D113/><U14/><E14/><V104/><F86/><W134/><G134/><T117/><D117/><U20/><E20/><V68/><F10/><W11/><G79/><T127/><D23/><U29/><E29/><V126/><F9/><W45/><G30/><T64/><D28/><U36/><E36/><V111/><F111/><W12/><G12/><T37/><D37/><U92/><E92/><V69/><F95/><RYUUKYOKU ba="2,4" sc="235,-10,255,30,225,-10,245,-10" hai1="16,19,21,25,26,27,31,48,53,55,56,57,63" /><INIT seed="1,3,4,1,5,93" ten="225,285,215,235" oya="1" hai0="118,90,38,14,127,47,135,87,119,81,100,66,83" hai1="51,104,96,22,125,68,71,39,43,27,116,130,3" hai2="64,19,18,33,5,34,54,84,26,123,62,37,88" hai3="21,115,76,40,25,102,2,32,49,29,98,133,50"/><U70/><E116/><V128/><F37/><W17/><G115/><T107/><D66/><U101/><E130/><V114/><F123/><W95/><G2/><T117/><D14/><U56/><E125/><V4/><F54/><W36/><G36/><T60/><D60/><U73/><E73/><V8/><F5/><W23/><G133/><T97/><D47/><U79/><E79/><V48/><F48/><W110/><G110/><T30/><D30/><U99/><E3/><V134/><F134/><W10/><G76/><T69/><D69/><U1/><E1/><V131/><F114/><W31/><G40/><T78/><D38/><U52/><E99/><V124/><F124/><W72/><G72/><N who="0" m="43207" /><D135/><U120/><E120/><V7/><F7/><W94/><G32/><T6/><D6/><U20/><REACH who="1" step="1"/><E27/><REACH who="1" ten="225,275,215,235" step="2"/><V92/><F128/><W16/><G31/><T42/><D127/><U132/><E132/><V86/><F131/><W59/><G29/><T67/><D119/><U113/><E113/><V58/><F26/><W89/><G25/><T106/><D97/><U35/><E35/><V15/><F34/><W103/><G98/><T57/><D118/><U45/><AGARI ba="3,5" hai="20,22,39,43,45,51,52,56,68,70,71,96,101,104" machi="45" ten="40,12000,1" yaku="1,1,0,1,52,1,54,1,53,0" doraHai="93" doraHaiUra="121" who="1" fromWho="1" sc="225,-43,275,179,215,-43,235,-43" /><INIT seed="1,4,0,3,2,32" ten="182,454,172,192" oya="1" hai0="76,109,88,132,114,25,13,14,119,37,127,57,95" hai1="89,42,111,135,12,41,118,66,87,39,73,30,112" hai2="16,105,54,46,43,70,3,113,77,28,50,122,85" hai3="0,69,131,29,11,97,130,81,22,19,108,7,24"/><U110/><E118/><V34/><F105/><W6/><G69/><T62/><D119/><U51/><E112/><V123/><F113/><W38/><G38/><T47/><D114/><U5/><E73/><V20/><F70/><W72/><G108/><N who="1" m="41514" /><E39/><V52/><F28/><W101/><G7/><T2/><D109/><U45/><E135/><V86/><F34/><W10/><G10/><T100/><D37/><U90/><E66/><V4/><F77/><W107/><G72/><T71/><D57/><U8/><E30/><V102/><F102/><W93/><G81/><T94/><D47/><U103/><E103/><V36/><F54/><W59/><G107/><T56/><D100/><U49/><E87/><V58/><F86/><W55/><REACH who="3" step="1"/><G29/><REACH who="3" ten="182,454,172,182" step="2"/><T53/><D71/><U63/><E8/><V74/><F74/><W17/><G17/><T21/><D95/><U1/><E5/><V134/><F123/><W92/><G92/><T104/><D94/><U68/><E68/><V98/><F122/><W33/><G33/><T91/><D104/><U124/><E89/><V80/><F4/><W125/><G125/><T18/><D88/><U9/><E90/><V121/><F121/><W106/><G106/><T65/><D91/><U26/><E9/><V82/><F36/><W64/><G64/><T117/><D65/><U15/><E124/><V99/><F82/><W60/><AGARI ba="4,1" hai="0,6,11,19,22,24,55,59,60,93,97,101,130,131" machi="60" ten="30,4000,0" yaku="1,1,0,1,52,1,53,0" doraHai="32" doraHaiUra="133" who="3" fromWho="3" sc="182,-14,454,-24,172,-14,182,62" /><INIT seed="2,0,0,0,1,109" ten="168,430,158,244" oya="2" hai0="22,26,40,10,28,115,74,4,6,19,83,81,8" hai1="33,93,78,49,48,46,24,52,105,16,80,31,2" hai2="7,60,100,129,130,82,25,69,65,50,15,106,61" hai3="121,32,17,14,102,47,96,59,75,0,118,44,120"/><V94/><F106/><W88/><G118/><T29/><D40/><U95/><E105/><V97/><F50/><W23/><G0/><T37/><D37/><U11/><E48/><V21/><F82/><W91/><G32/><T89/><D74/><U54/><E54/><V68/><F15/><W87/><G75/><T104/><D104/><U77/><E77/><V92/><F7/><W66/><G120/><T98/><D98/><U30/><E30/><V62/><F94/><N who="3" m="58647" /><G121/><T132/><D89/><N who="3" m="34377" /><G87/><T107/><D107/><U133/><E133/><V84/><F84/><W9/><G9/><T58/><D83/><U70/><E70/><V124/><F124/><W3/><G3/><T27/><D81/><U99/><E99/><V126/><F126/><W101/><G101/><T85/><D85/><U122/><E122/><V117/><F117/><W79/><G79/><T36/><D36/><U128/><E128/><N who="2" m="49259" /><F69/><W113/><G47/><T51/><D132/><U64/><E2/><V38/><F38/><W45/><G45/><T134/><D134/><U103/><E103/><V76/><F76/><W119/><G119/><T71/><D71/><U13/><REACH who="1" step="1"/><E64/><REACH who="1" ten="168,420,158,244" step="2"/><V57/><F68/><W123/><G123/><T90/><D51/><U112/><E112/><V34/><F34/><W53/><G113/><T125/><D115/><U127/><E127/><V56/><F65/><W73/><G66/><T35/><D125/><U110/><E110/><V86/><F86/><AGARI ba="0,1" hai="11,13,16,24,31,33,46,49,52,78,80,86,93,95" machi="86" ten="30,7700,0" yaku="1,1,7,1,54,2,53,0" doraHai="109" doraHaiUra="135" who="1" fromWho="2" sc="168,0,420,87,158,-77,244,0" /><INIT seed="3,0,0,1,5,73" ten="168,507,81,244" oya="3" hai0="106,25,52,26,97,110,49,6,20,5,45,75,65" hai1="4,130,37,94,86,0,88,79,12,43,89,102,61" hai2="8,57,81,50,7,2,78,29,82,132,58,18,105" hai3="111,129,72,46,74,55,13,41,22,48,109,56,9"/><W59/><G129/><T21/><D110/><N who="3" m="41993" /><G22/><T24/><D75/><N who="3" m="28713" /><G41/><T36/><D36/><U47/><E0/><V125/><F125/><W98/><G98/><T123/><D123/><U31/><E130/><V122/><F132/><W77/><G77/><T32/><D65/><U35/><E79/><V40/><F122/><W113/><G113/><T96/><D32/><U60/><E102/><V19/><F105/><W112/><G112/><T115/><D115/><U15/><E89/><V64/><F29/><W16/><AGARI ba="0,0" hai="9,13,16,46,48,55,56,59" m="28713,41993" machi="16" ten="30,6000,0" yaku="14,1,10,1,54,1" doraHai="73" who="3" fromWho="3" sc="168,-20,507,-20,81,-20,244,60" /><INIT seed="3,1,0,0,3,112" ten="148,487,61,304" oya="3" hai0="51,4,16,105,35,77,10,132,9,8,128,130,107" hai1="100,88,67,119,39,26,60,65,49,41,54,1,80" hai2="104,34,78,82,31,14,15,37,71,115,53,0,56" hai3="12,85,30,28,109,126,66,108,7,18,117,57,42"/><W63/><G126/><T134/><D77/><U96/><E1/><V70/><F37/><W90/><G7/><T131/><D35/><U20/><E39/><V101/><F0/><W93/><G42/><T23/><D51/><U32/><E32/><V36/><F36/><W129/><G129/><T113/><D4/><U13/><E13/><V19/><F14/><W89/><G117/><T97/><D113/><U73/><E41/><V125/><F101/><W64/><G64/><T123/><D123/><U92/><E119/><V118/><F104/><N who="0" m="40010" /><D97/><U55/><E55/><V74/><F115/><W43/><G43/><T121/><D121/><U103/><E73/><V62/><F118/><W111/><REACH who="3" step="1"/><G90/><REACH who="3" ten="148,487,61,294" step="2"/><T114/><D114/><U87/><E103/><V124/><F125/><W110/><N who="3" m="27648" /><DORA hai="69" /><W46/><G46/><T75/><D75/><U86/><E67/><V98/><F124/><W27/><G27/><AGARI ba="1,1" hai="8,9,10,16,23,27,128,130,131,132,134" m="40010" machi="27" ten="40,2600,0" yaku="19,1,54,1" doraHai="112,69" who="0" fromWho="3" sc="148,39,487,0,61,0,294,-29" /><INIT seed="4,0,0,5,1,75" ten="187,487,61,265" oya="0" hai0="74,14,30,24,117,71,90,70,118,77,82,92,101" hai1="76,27,135,59,72,78,111,99,33,58,52,87,115" hai2="41,15,8,116,43,109,127,83,16,131,96,4,113" hai3="62,46,123,69,37,22,47,42,17,100,0,28,103"/><T19/><D101/><U84/><E111/><V38/><F131/><W26/><G123/><T49/><D49/><N who="1" m="30991" /><E33/><V61/><F127/><W110/><G110/><T67/><D67/><U85/><E72/><V122/><F109/><W91/><G0/><T124/><D124/><U45/><E135/><V3/><F122/><W81/><G47/><T134/><D134/><U50/><E115/><V119/><F113/><W54/><G28/><T93/><D93/><U21/><E99/><V105/><F83/><W114/><G114/><T48/><D48/><U88/><E88/><V132/><F61/><W63/><G62/><T23/><D118/><U10/><E10/><V32/><F32/><W106/><G106/><T60/><D60/><U98/><E98/><V35/><F35/><W73/><G69/><T11/><REACH who="0" step="1"/><D117/><REACH who="0" ten="177,487,61,265" step="2"/><N who="2" m="45130" /><F132/><W29/><G63/><T34/><D34/><U51/><E59/><V12/><F38/><W9/><G37/><T2/><D2/><U80/><E51/><V129/><F3/><W89/><G103/><T108/><D108/><U57/><E57/><V133/><F133/><W128/><G100/><T95/><D95/><U39/><E39/><V6/><F129/><W65/><G128/><T107/><D107/><U25/><E50/><V53/><F105/><W44/><G65/><T56/><D56/><U20/><E45/><V31/><F43/><W7/><G46/><T5/><D5/><U68/><E68/><V112/><F41/><W86/><G7/><T79/><D79/><N who="1" m="30251" /><E80/><V121/><F112/><W102/><G44/><T66/><D66/><U104/><E104/><RYUUKYOKU ba="0,1" sc="177,15,487,15,61,-15,265,-15" hai0="11,14,19,23,24,30,70,71,74,77,82,90,92" hai1="20,21,25,27,84,85,87" /><INIT seed="4,1,1,5,3,123" ten="192,502,46,250" oya="0" hai0="15,33,119,69,38,104,75,76,26,118,0,130,84" hai1="2,65,28,45,113,103,126,18,115,19,17,3,133" hai2="54,96,13,7,4,31,87,42,68,120,20,107,21" hai3="131,129,134,64,12,71,44,105,90,77,122,1,22"/><T66/><D84/><U70/><E133/><V29/><F68/><W23/><G1/><T121/><D15/><U86/><E126/><V99/><F42/><W135/><G122/><T47/><D121/><U25/><E103/><V14/><F120/><W59/><G105/><T48/><D48/><U95/><E45/><V80/><F107/><W6/><G77/><T93/><D93/><U41/><E41/><V92/><F92/><W43/><G71/><T94/><D94/><U9/><E65/><V27/><F54/><W97/><G90/><T34/><D0/><U16/><E70/><V73/><F73/><W108/><G97/><T88/><D88/><N who="1" m="53655" /><E17/><V117/><F117/><W72/><G72/><T32/><D104/><U58/><E58/><V112/><F112/><N who="1" m="43081" /><E9/><V56/><F56/><W127/><G59/><T110/><D66/><U74/><E74/><V82/><F87/><W5/><G64/><T116/><D69/><U101/><E101/><V39/><F39/><W89/><G135/><T35/><D47/><U100/><E100/><V132/><F132/><W49/><G44/><T98/><D38/><U11/><E11/><V57/><F57/><W8/><G8/><T62/><D118/><U128/><E128/><V52/><F52/><W55/><G131/><T61/><D130/><U53/><E53/><V51/><F51/><W78/><G49/><T10/><D10/><U125/><E125/><V30/><F30/><W63/><G127/><T85/><D75/><U46/><E46/><V79/><F79/><W109/><G134/><T106/><D119/><U37/><E37/><RYUUKYOKU ba="1,1" sc="192,-15,502,15,46,15,250,-15" hai1="2,3,16,18,19,25,28" hai2="4,7,13,14,20,21,27,29,31,80,82,96,99" /><INIT seed="5,2,1,0,4,88" ten="177,517,61,235" oya="1" hai0="53,31,39,78,5,130,94,19,24,100,133,22,135" hai1="108,7,128,60,89,110,65,0,119,123,36,37,91" hai2="45,33,86,79,83,99,113,120,8,34,71,56,76" hai3="2,4,58,38,40,35,87,106,3,116,16,95,132"/><U114/><E114/><V28/><F71/><W121/><G121/><T67/><D39/><N who="1" m="14923" /><E119/><V72/><F120/><W26/><G116/><T48/><D67/><U93/><E123/><V13/><F113/><W112/><G106/><T11/><D78/><U32/><E32/><V20/><F45/><W105/><G105/><T51/><D31/><U90/><E7/><V12/><F99/><W98/><G112/><T117/><D117/><U44/><E0/><V96/><F96/><W125/><G87/><T82/><D82/><U46/><E93/><V84/><F56/><W101/><G58/><T63/><D94/><U59/><E128/><V55/><F72/><W77/><G77/><T126/><D100/><U57/><E57/><V111/><F34/><W131/><G35/><T42/><D130/><U18/><E18/><V15/><F33/><W81/><G131/><T92/><D92/><U25/><E25/><N who="2" m="16423" /><F111/><AGARI ba="2,1" hai="44,46,59,60,65,89,90,91,108,110,111" m="14923" machi="111" ten="40,2000,0" yaku="10,1" doraHai="88" who="1" fromWho="2" sc="177,0,517,36,61,-26,235,0" /><INIT seed="5,3,0,5,3,120" ten="177,553,35,235" oya="1" hai0="109,20,6,52,5,71,127,53,88,27,97,93,85" hai1="131,31,35,75,134,13,0,101,23,125,29,110,130" hai2="119,39,34,77,95,19,57,96,40,106,30,61,80" hai3="129,42,121,104,36,69,78,43,11,86,123,58,51"/><U111/><E75/><V98/><F119/><W113/><G104/><T116/><D109/><N who="1" m="41483" /><E0/><V56/><F106/><W114/><G129/><N who="1" m="49162" /><E134/><V62/><F34/><W63/><G123/><T8/><D116/><U124/><E101/><V59/><F30/><N who="1" m="11273" /><E35/><V84/><F19/><AGARI ba="3,0" hai="13,19,23,124,125" m="11273,49162,41483" machi="19" ten="40,18000,2" yaku="10,1,19,1,34,2,52,3" doraHai="120" who="1" fromWho="2" sc="177,0,553,189,35,-189,235,0" owari="177,-22.0,742,83.0,-154,-65.0,235,4.0" /></mjloggm>