<mjloggm ver="2.3"><GO type="169" lobby="0"/><UN n0="%E6%9C%A8%E6%BC%8F%E3%82%8C%E6%97%A5" n1="%E3%81%97%E3%82%89%E3%82%86%E3%81%8D%E2%99%AA" n2="%2D%E2%98%85%E7%8B%AC%E7%9C%BC%E9%89%84%E2%98%85%2D" n3="%72%52%66%44%79%55%66" dan="17,16,16,16" rate="2199.95,2016.62,2058.40,2118.61" sx="M,M,M,M"/><TAIKYOKU oya="0"/><INIT seed="0,0,0,3,1,102" ten="250,250,250,250" oya="0" hai0="34,15,69,39,130,118,12,134,89,64,23,87,27" hai1="30,109,92,54,32,13,26,63,55,38,77,74,80" hai2="53,101,117,97,4,78,56,133,5,8,51,127,58" hai3="104,85,75,50,90,48,113,43,121,9,108,22,33"/><T21/><D118/><U86/><E38/><V45/><F117/><W128/><G108/><T42/><D130/><U71/><E109/><V94/><F133/><W44/><G113/><T99/><D134/><U40/><E40/><V60/><F127/><W49/><G128/><T14/><D99/><U59/><E71/><V52/><F78/><W115/><G115/><T132/><D132/><U98/><E13/><V17/><REACH who="2" step="1"/><F45/><REACH who="2" ten="250,250,240,250" step="2"/><W76/><G44/><T37/><D37/><U114/><E114/><V88/><F88/><W29/><G90/><T67/><D39/><U93/><E74/><V83/><F83/><W131/><G76/><T25/><D89/><U18/><E77/><V61/><F61/><W16/><G75/><T10/><D87/><U1/><E80/><V126/><F126/><W46/><G85/><T116/><D116/><U31/><E86/><V35/><F35/><W20/><G46/><T62/><D34/><U81/><E81/><V47/><F47/><W66/><G33/><T68/><D42/><U119/><E63/><V123/><F123/><W122/><G43/><T24/><D10/><U79/><E32/><V19/><F19/><W110/><G16/><T135/><D135/><U0/><E18/><V100/><F100/><W65/><G9/><T124/><D124/><U6/><E79/><V28/><F28/><W73/><G29/><T129/><D129/><U125/><E31/><V103/><F103/><W41/><G131/><T2/><D2/><U57/><E0/><V96/><F96/><W72/><G121/><T106/><D106/><U82/><E125/><RYUUKYOKU ba="0,1" sc="250,15,250,-15,240,15,250,-15" hai0="12,14,15,21,23,24,25,27,62,64,67,68,69" hai2="4,5,8,17,51,52,53,56,58,60,94,97,101" /><INIT seed="0,1,1,4,1,36" ten="265,235,255,235" oya="0" hai0="89,24,123,101,11,66,23,48,99,120,1,47,9" hai1="126,108,113,28,132,41,18,111,0,58,67,59,68" hai2="27,16,54,37,97,92,57,29,100,127,49,106,3" hai3="110,5,93,130,19,42,6,25,33,125,20,87,2"/><T121/><D66/><U14/><E0/><V4/><F127/><W114/><G110/><N who="1" m="42026" /><E28/><V119/><F119/><W56/><G114/><T88/><D1/><U21/><E132/><V34/><F37/><W61/><G125/><T64/><D64/><U95/><E95/><V30/><F30/><W91/><G130/><T77/><D77/><U73/><E73/><V107/><F3/><W103/><G33/><T98/><D11/><U76/><E76/><V69/><F4/><N who="3" m="1643" /><G2/><T96/><D9/><U70/><E126/><V51/><F69/><N who="1" m="26729" /><E67/><V53/><REACH who="2" step="1"/><F16/><REACH who="2" ten="265,235,245,235" step="2"/><W94/><G19/><T128/><D128/><U79/><E113/><V124/><F124/><W43/><G20/><T38/><D38/><U7/><E7/><V8/><F8/><W46/><G25/><T62/><D23/><U85/><E21/><V75/><F75/><W55/><G46/><AGARI ba="1,2" hai="27,29,34,46,49,51,53,54,57,92,97,100,106,107" machi="46" ten="30,7700,0" yaku="1,1,7,1,53,2" doraHai="36" doraHaiUra="44" who="2" fromWho="3" sc="265,0,235,0,245,100,235,-80" /><INIT seed="1,0,0,1,0,100" ten="265,235,345,155" oya="1" hai0="83,128,45,109,75,28,120,20,32,76,55,131,1" hai1="62,0,127,82,29,3,70,114,33,26,87,73,8" hai2="134,111,22,60,39,103,71,37,72,50,115,51,43" hai3="97,61,11,85,92,5,25,88,129,31,6,121,101"/><U89/><E127/><V112/><F72/><W30/><G129/><N who="0" m="49739" /><D1/><U21/><E114/><N who="2" m="43563" /><F103/><W58/><G121/><T17/><D109/><U98/><E8/><V14/><F14/><W86/><G86/><T19/><D32/><U35/><E73/><V34/><F34/><W46/><G46/><T65/><D65/><U81/><E33/><V105/><F22/><W132/><G132/><T117/><D117/><U44/><E44/><N who="2" m="25887" /><F105/><W79/><G79/><T133/><D133/><U42/><E42/><V18/><F18/><W36/><G36/><T53/><D120/><U107/><E81/><V125/><F134/><W49/><G49/><N who="0" m="28847" /><D55/><U90/><E21/><V63/><F111/><W119/><G119/><T126/><D126/><U130/><E130/><V27/><F27/><AGARI ba="0,0" hai="17,19,20,27,28,75,76,83" m="28847,49739" machi="27" ten="30,1000,0" yaku="19,1" doraHai="100" who="0" fromWho="2" sc="265,10,235,0,345,-10,155,0" /><INIT seed="2,0,0,2,2,118" ten="275,235,335,155" oya="2" hai0="90,94,73,9,100,92,87,68,102,130,82,69,41" hai1="124,22,86,40,109,72,128,78,65,31,18,134,84" hai2="101,37,96,39,135,122,7,29,70,21,56,34,127" hai3="26,24,98,75,132,63,113,106,111,123,125,95,12"/><V71/><F34/><W49/><G111/><T77/><D41/><U8/><E65/><V4/><F135/><W45/><G125/><T38/><D38/><U129/><E40/><V14/><F127/><W20/><G132/><T120/><D9/><U59/><E59/><V66/><F122/><W107/><G113/><T80/><D69/><U83/><E31/><V54/><F71/><W42/><G75/><T3/><D3/><U33/><E33/><V97/><F70/><W110/><G110/><T79/><D68/><U44/><E44/><V51/><F66/><W117/><G117/><T61/><D61/><U53/><E53/><V88/><F37/><W121/><G12/><T5/><D5/><U105/><E8/><V81/><F39/><W58/><G106/><T15/><D15/><N who="1" m="9567" /><E105/><V23/><F29/><W35/><G107/><T103/><D130/><N who="1" m="50283" /><E124/><V76/><F101/><W32/><G32/><T10/><D10/><U60/><E134/><V131/><F131/><W48/><G48/><T19/><D19/><U57/><E109/><V50/><F50/><W36/><G36/><T13/><D13/><U46/><E46/><V11/><F4/><W133/><G35/><T25/><D25/><N who="3" m="9833" /><G20/><N who="2" m="7753" /><F76/><W119/><G119/><T27/><D27/><U99/><E72/><V47/><F47/><W67/><G133/><T74/><D120/><U108/><E108/><V1/><F1/><W17/><G17/><T116/><D116/><U91/><E60/><V89/><F81/><AGARI ba="0,0" hai="73,74,77,79,80,81,82,87,90,92,94,100,102,103" machi="81" ten="40,12000,2" yaku="9,1,35,6" doraHai="118" who="0" fromWho="2" sc="275,120,235,0,335,-120,155,0" /><INIT seed="3,0,0,4,0,44" ten="395,235,215,155" oya="3" hai0="90,59,99,123,23,92,73,54,125,39,8,106,81" hai1="89,120,95,24,63,51,18,109,53,118,94,67,2" hai2="35,122,0,52,40,26,3,33,30,119,20,102,6" hai3="49,97,83,22,112,29,101,62,43,27,134,9,17"/><W38/><G112/><T48/><D39/><U4/><E120/><V36/><F122/><W117/><G134/><T70/><D70/><U98/><E109/><V64/><F119/><W105/><G117/><T114/><D123/><U15/><E118/><V31/><F64/><W126/><G126/><T10/><D125/><U75/><E75/><V69/><F69/><W56/><G38/><T45/><D106/><U71/><E24/><V60/><F102/><W34/><G83/><T110/><D110/><U128/><E2/><V12/><F36/><W82/><G82/><T1/><D1/><N who="2" m="586" /><F40/><W135/><G9/><T55/><D114/><U7/><E95/><V127/><F52/><W80/><G80/><T32/><D32/><N who="2" m="12362" /><F60/><W115/><G115/><T121/><D121/><U37/><E37/><V50/><F50/><W93/><G135/><T107/><D107/><U129/><E51/><V104/><F104/><W78/><G78/><T11/><D73/><U87/><E53/><V16/><F127/><W19/><G105/><T47/><D55/><U21/><REACH who="1" step="1"/><E98/><REACH who="1" ten="395,225,215,155" step="2"/><V14/><F12/><W13/><G13/><T58/><D54/><U85/><E85/><V65/><F65/><N who="3" m="39111" /><G34/><T66/><D66/><U68/><E68/><V88/><F88/><W124/><G124/><T74/><D90/><U132/><E132/><V42/><F42/><W100/><G100/><T72/><D72/><U111/><E111/><V61/><F61/><W96/><G96/><T91/><D74/><U108/><E108/><V5/><F14/><W46/><AGARI ba="0,1" hai="17,19,22,27,29,43,46,49,93,97,101" m="39111" machi="46" ten="30,6000,0" yaku="25,1,8,1,52,1" doraHai="44" who="3" fromWho="3" sc="395,-20,225,-20,215,-20,155,70" /><INIT seed="3,1,0,5,0,119" ten="375,205,195,225" oya="3" hai0="71,66,82,7,8,44,42,16,46,24,74,76,93" hai1="128,39,122,120,90,17,36,103,58,94,13,87,14" hai2="123,84,55,6,59,15,31,5,106,78,57,125,88" hai3="25,61,51,23,108,81,132,77,67,109,50,104,86"/><W22/><G132/><T52/><D71/><U89/><E128/><V121/><F106/><W134/><G104/><T113/><D66/><U102/><E58/><V47/><F125/><W33/><G33/><T18/><D113/><U1/><E1/><V40/><F78/><W45/><G134/><T9/><D9/><U48/><E48/><N who="3" m="18474" /><G45/><T75/><D75/><U60/><E60/><N who="2" m="35903" /><F31/><W49/><G25/><T110/><D110/><N who="3" m="42601" /><G49/><N who="0" m="28711" /><D24/><U92/><E87/><V116/><F15/><W117/><G117/><T115/><D115/><U85/><E85/><V83/><F59/><AGARI ba="1,0" hai="22,23,59,61,67,77,81,86" m="42601,18474" machi="59" ten="30,2900,0" yaku="14,1,10,1" doraHai="119" who="3" fromWho="2" sc="375,0,205,0,195,-32,225,32" /><INIT seed="3,2,0,2,0,51" ten="375,205,163,257" oya="3" hai0="133,15,90,57,95,126,46,44,108,14,100,13,127" hai1="120,41,8,119,55,62,35,27,124,88,33,123,79" hai2="23,86,97,87,78,134,7,103,2,99,20,42,3" hai3="29,135,113,17,115,110,28,118,26,24,92,125,16"/><W11/><G92/><T56/><D100/><U48/><E79/><V74/><F134/><W106/><G106/><T4/><D4/><U82/><E124/><N who="0" m="47657" /><D108/><U45/><E8/><V19/><F42/><W18/><G125/><T67/><D133/><U43/><E119/><V91/><F99/><W21/><G135/><T5/><D5/><U63/><E27/><V9/><F2/><W36/><G36/><T39/><D67/><U59/><E63/><V54/><F91/><W107/><G107/><T60/><D39/><U25/><E43/><V101/><F101/><W102/><G102/><T85/><D60/><U53/><E41/><V129/><F129/><W68/><G68/><T84/><D84/><U38/><E38/><V49/><F78/><W65/><G65/><T121/><D121/><U70/><E70/><V50/><F74/><W98/><G98/><T93/><D93/><U6/><E6/><V37/><F49/><W32/><G118/><T69/><D69/><U71/><E71/><V0/><F0/><W64/><G64/><T105/><D105/><U34/><REACH who="1" step="1"/><E25/><REACH who="1" ten="375,195,163,257" step="2"/><V128/><F37/><W30/><G110/><T111/><D111/><U47/><E47/><AGARI ba="2,1" hai="13,14,15,44,46,47,56,57,85,90,95" m="47657" machi="47" ten="30,1000,0" yaku="18,1" doraHai="51" who="0" fromWho="1" sc="375,26,195,-16,163,0,257,0" /><INIT seed="4,0,0,3,1,113" ten="401,179,163,257" oya="0" hai0="94,82,55,73,63,71,34,91,104,2,105,42,77" hai1="45,23,78,26,47,135,17,49,51,50,40,36,97" hai2="14,123,48,130,4,121,134,38,13,87,69,114,15" hai3="103,27,128,66,35,127,58,6,21,100,118,75,116"/><T85/><D2/><U93/><E135/><V98/><F38/><W132/><G75/><T5/><D5/><U112/><E112/><V90/><F114/><W33/><G6/><T111/><D34/><N who="3" m="12809" /><G132/><T32/><D32/><U8/><E78/><V102/><F69/><W18/><G100/><T122/><D42/><U0/><E0/><V84/><F130/><W12/><G103/><T52/><D122/><U120/><E120/><V16/><F134/><W25/><G58/><T41/><D41/><U83/><E83/><V46/><F4/><W24/><G66/><T57/><D111/><U126/><E8/><V79/><F79/><W68/><G68/><T30/><D30/><U131/><E131/><V3/><F3/><W39/><G39/><T29/><D29/><U125/><REACH who="1" step="1"/><E47/><REACH who="1" ten="401,169,163,257" step="2"/><V70/><F123/><W43/><G128/><T88/><D77/><U89/><AGARI ba="0,1" hai="17,23,26,36,40,45,49,50,51,89,93,97,125,126" machi="89" ten="30,4000,0" yaku="1,1,2,1,0,1,53,0" doraHai="113" doraHaiUra="109" who="1" fromWho="1" sc="401,-20,169,50,163,-10,257,-10" /><INIT seed="5,0,0,2,5,120" ten="381,219,153,247" oya="1" hai0="81,44,7,75,129,68,16,115,87,21,123,28,39" hai1="65,8,32,104,108,18,22,55,96,63,130,53,77" hai2="78,10,38,122,127,89,37,0,133,19,6,24,25" hai3="67,101,58,93,72,60,79,41,56,14,100,36,3"/><U33/><E130/><V35/><F122/><W91/><G3/><T135/><D68/><U45/><E77/><V116/><F116/><W30/><G30/><T92/><D75/><U131/><E8/><V46/><F133/><W4/><G58/><T43/><D7/><U17/><E104/><V117/><F117/><W23/><G79/><T11/><D11/><U9/><E96/><V94/><F127/><W27/><G72/><T118/><D28/><U111/><E9/><V128/><F128/><W103/><G4/><T40/><D40/><U86/><E86/><V105/><F105/><W50/><G14/><T13/><D135/><U57/><E131/><V83/><F35/><N who="1" m="13385" /><E45/><V12/><F46/><N who="3" m="25935" /><G36/><T71/><D129/><U132/><E18/><V74/><F37/><W82/><G82/><T15/><D81/><U107/><E107/><V114/><F114/><W29/><G101/><T125/><D39/><U69/><E69/><V26/><F38/><W97/><AGARI ba="0,0" hai="23,27,29,56,60,67,91,93,97,100,103" m="25935" machi="97" ten="30,1100,0" yaku="8,1" doraHai="120" who="3" fromWho="3" sc="381,-3,219,-5,153,-3,247,11" /><INIT seed="6,0,0,4,3,21" ten="378,214,150,258" oya="2" hai0="98,96,77,105,130,0,41,97,3,69,99,118,10" hai1="55,25,36,64,129,83,109,125,7,62,27,126,133" hai2="50,66,76,42,61,70,17,35,52,90,113,44,103" hai3="57,108,111,16,120,80,87,68,51,2,29,65,110"/><V33/><F113/><W9/><G120/><T1/><D69/><U54/><E109/><V94/><F76/><W93/><G29/><T132/><D41/><U20/><E36/><V82/><F82/><W75/><G68/><T78/><D10/><U95/><E7/><V102/><F17/><W34/><G34/><T14/><D14/><U19/><E83/><V134/><F134/><W116/><G116/><T11/><D11/><U63/><E133/><V104/><F33/><W88/><G2/><T71/><D71/><U106/><E106/><V26/><F104/><W100/><G75/><T67/><D67/><U18/><E95/><V45/><F45/><W112/><G112/><T47/><D47/><U49/><E49/><V8/><F8/><W38/><G38/><T30/><D118/><U40/><E40/><V32/><F32/><W37/><G37/><T46/><D46/><U117/><E117/><V124/><F124/><N who="1" m="47721" /><E129/><V74/><F74/><W131/><G131/><T101/><D130/><U28/><E18/><V12/><F12/><W119/><G119/><T91/><D132/><U13/><E13/><V48/><F48/><W24/><G9/><T85/><D30/><U92/><E92/><V107/><F107/><W58/><G51/><T5/><D5/><U79/><E79/><V127/><F127/><W122/><G122/><T39/><D39/><U128/><E128/><V135/><F135/><W4/><G4/><T81/><AGARI ba="0,0" hai="0,1,3,77,78,81,85,91,96,97,98,99,101,105" machi="81" ten="40,1500,0" yaku="0,1" doraHai="21" who="0" fromWho="0" sc="378,15,214,-4,150,-7,258,-4" /><INIT seed="7,0,0,0,5,47" ten="393,210,143,254" oya="3" hai0="16,43,117,128,80,4,93,46,106,134,64,98,31" hai1="25,39,85,79,96,19,71,68,34,103,107,65,75" hai2="42,86,57,84,111,24,14,99,92,51,8,37,114" hai3="120,6,36,61,15,125,44,118,58,56,28,50,11"/><W49/><G118/><T40/><D16/><U110/><E19/><V127/><F111/><W63/><G120/><T59/><D59/><N who="3" m="22569" /><G36/><T21/><D43/><U83/><E110/><V108/><F108/><W41/><G125/><T104/><D104/><U97/><E97/><V124/><F114/><W89/><G28/><T35/><D31/><N who="1" m="19823" /><E85/><V95/><F37/><W100/><G100/><T54/><D106/><U33/><E33/><V9/><F24/><W69/><G69/><N who="1" m="26698" /><E65/><V10/><F127/><W2/><G2/><T133/><D64/><U91/><E91/><V7/><F124/><W0/><G0/><T130/><D117/><U12/><E12/><V82/><F86/><W74/><G74/><T122/><D35/><U116/><E116/><V17/><F57/><W29/><G29/><T101/><D122/><U112/><E39/><V78/><F17/><W23/><G23/><T62/><D21/><U129/><E129/><V76/><F76/><W135/><G135/><T20/><D130/><U132/><E132/><V94/><F99/><W3/><G3/><T123/><D134/><U126/><E126/><V1/><F1/><W72/><G72/><T13/><D133/><U60/><E60/><N who="3" m="23114" /><G89/><T109/><D109/><U113/><AGARI ba="0,0" hai="75,79,83,96,103,107,112,113" m="26698,19823" machi="113" ten="30,1100,0" yaku="23,1" doraHai="47" who="1" fromWho="1" sc="393,-3,210,11,143,-3,254,-5" owari="390,49.0,221,-18.0,140,-36.0,249,5.0" /></mjloggm>