<mjloggm ver="2.3"><GO type="169" lobby="0"/><UN n0="%E7%8F%BE%E5%A4%A7%E7%9C%9F%E9%BE%8D%E5%B0%86" n1="%E6%9C%A8%E5%8E%9F%E8%B1%AA%E4%B8%80" n2="%E4%BF%AE%E5%A3%AB%33%E5%B9%B4" n3="%74%75%63%6B%62%6F%63%6B" dan="16,17,17,17" rate="2036.77,2211.67,2106.65,2100.14" sx="M,M,M,M"/><TAIKYOKU oya="0"/><INIT seed="0,0,0,2,3,130" ten="250,250,250,250" oya="0" hai0="80,91,50,4,117,134,96,41,66,125,83,15,114" hai1="1,110,132,30,87,40,47,59,82,118,26,35,12" hai2="133,56,46,60,94,88,53,73,98,86,69,74,111" hai3="99,20,97,105,81,76,7,24,109,23,31,116,77"/><T113/><D117/><U44/><E118/><V92/><F111/><W89/><G109/><T93/><D125/><U135/><E1/><V38/><F69/><W57/><G116/><T121/><D121/><U68/><E68/><V64/><F133/><N who="1" m="51273" /><E110/><V9/><F9/><W72/><G7/><T3/><D3/><U16/><E59/><V79/><F79/><W127/><G77/><T108/><D134/><U84/><E82/><V48/><REACH who="2" step="1"/><F38/><REACH who="2" ten="250,250,240,250" step="2"/><W8/><G8/><T17/><D108/><U14/><E47/><V128/><F128/><W101/><G127/><T122/><D122/><U65/><E65/><V106/><F106/><W104/><G105/><T62/><D66/><U103/><E103/><AGARI ba="0,1" hai="46,48,53,56,60,64,73,74,86,88,92,94,98,103" machi="103" ten="30,3900,0" yaku="1,1,7,1,54,1,53,0" doraHai="130" doraHaiUra="6" who="2" fromWho="1" sc="250,0,250,-39,240,49,250,0" /><INIT seed="1,0,0,0,2,130" ten="250,211,289,250" oya="1" hai0="70,129,71,134,135,94,87,48,64,88,30,109,46" hai1="67,13,51,59,73,21,104,127,116,53,25,106,85" hai2="115,95,10,16,66,56,111,60,47,126,0,5,121" hai3="54,97,2,101,72,29,75,11,38,107,102,80,78"/><U20/><E116/><V113/><F121/><W18/><G54/><T74/><D129/><U110/><E73/><V98/><F111/><W89/><G102/><T65/><D74/><U61/><E127/><V133/><F126/><W50/><G75/><T43/><D30/><U86/><E110/><V26/><F47/><W57/><G38/><T99/><D109/><U96/><E96/><V63/><F63/><W55/><G29/><T114/><D114/><U82/><E13/><V125/><F125/><W40/><G40/><T92/><D65/><U6/><E6/><V44/><F44/><W77/><G77/><T84/><D87/><U91/><E86/><V81/><F81/><W119/><G119/><T79/><D64/><U68/><REACH who="1" step="1"/><E21/><REACH who="1" ten="250,201,289,250" step="2"/><V19/><F113/><W35/><G35/><T1/><D1/><U76/><E76/><V42/><F115/><W27/><G2/><T33/><D33/><U105/><E105/><V62/><F5/><W117/><G117/><T112/><D112/><U14/><E14/><V17/><F98/><W123/><G11/><T93/><D79/><U58/><E58/><V24/><F56/><W108/><G108/><T118/><D118/><U132/><E132/><N who="0" m="50729" /><D99/><U103/><E103/><V122/><F133/><W41/><G97/><T12/><D12/><U37/><E37/><V39/><F39/><W52/><G57/><T23/><D23/><U3/><E3/><V45/><F0/><W34/><G34/><T69/><AGARI ba="0,1" hai="43,46,48,69,70,71,84,88,92,93,94" m="50729" machi="69" ten="40,8000,1" yaku="20,1,52,3,54,1" doraHai="130" who="0" fromWho="0" sc="250,90,201,-40,289,-20,250,-20" /><INIT seed="2,0,0,1,3,41" ten="340,161,269,230" oya="2" hai0="75,111,22,33,116,37,8,62,120,71,15,74,93" hai1="132,31,3,102,53,29,106,38,14,99,1,112,42" hai2="5,17,84,34,122,94,26,81,130,12,113,39,35" hai3="119,21,0,118,51,105,50,7,104,20,32,47,55"/><V87/><F113/><W97/><G32/><T24/><D33/><U129/><E112/><V40/><F122/><W80/><G80/><T52/><D37/><U56/><E132/><V92/><F5/><W36/><G36/><T82/><D120/><U95/><E129/><V89/><F130/><W2/><G97/><T101/><D111/><U61/><E106/><V83/><F26/><W49/><G7/><T13/><D116/><N who="3" m="44585" /><G55/><T123/><D123/><U10/><E3/><N who="3" m="1066" /><G47/><T59/><D82/><U54/><E1/><V107/><F107/><AGARI ba="0,0" hai="20,21,49,50,51,104,105,107" m="1066,44585" machi="107" ten="40,2600,0" yaku="28,2" doraHai="41" who="3" fromWho="2" sc="340,0,161,0,269,-26,230,26" /><INIT seed="3,0,0,3,5,0" ten="340,161,243,256" oya="3" hai0="38,90,77,107,7,61,99,85,35,34,26,125,105" hai1="93,51,100,94,23,89,56,71,39,20,81,113,128" hai2="6,8,47,27,45,28,69,50,18,92,122,40,30" hai3="96,98,119,114,42,41,1,67,108,88,33,64,60"/><W121/><G121/><T55/><D38/><U110/><E113/><V116/><F69/><W68/><G114/><T106/><D77/><U76/><E71/><V10/><F116/><W80/><G119/><T57/><D99/><U65/><E39/><V49/><F122/><W123/><G123/><T13/><D26/><U66/><E110/><V75/><F75/><W63/><G33/><T44/><D44/><U36/><E36/><V54/><F92/><W129/><G1/><T3/><D3/><U130/><E100/><V5/><F18/><W112/><G112/><T126/><D13/><U24/><E94/><V97/><F97/><W29/><G29/><N who="2" m="11369" /><F27/><W120/><G120/><T21/><D21/><U134/><E23/><V14/><F14/><W62/><G108/><T103/><D7/><AGARI ba="0,0" hai="5,6,7,8,10,40,45,47,49,50,54" m="11369" machi="7" ten="30,7700,0" yaku="8,1,52,3" doraHai="0" who="2" fromWho="0" sc="340,-77,161,0,243,77,256,0" /><INIT seed="4,0,0,3,0,13" ten="263,161,320,256" oya="0" hai0="116,41,70,112,15,106,57,14,107,58,22,1,71" hai1="101,44,24,36,0,53,78,83,5,93,43,114,9" hai2="99,8,128,40,75,105,61,3,11,117,60,96,28" hai3="27,85,104,79,122,119,74,127,132,63,46,25,16"/><T121/><D1/><U17/><E114/><V88/><F75/><W86/><G119/><T133/><D116/><U32/><E53/><V62/><F117/><W134/><G104/><T39/><D121/><U52/><E52/><V65/><F65/><W111/><G111/><T7/><D112/><U91/><E101/><V100/><F128/><W80/><G127/><T131/><D131/><U48/><E48/><V73/><F73/><W55/><G122/><T89/><D133/><N who="3" m="51305" /><G27/><T47/><D106/><U130/><E130/><V72/><F72/><W38/><G38/><T118/><D107/><U20/><E32/><V95/><F3/><W29/><G29/><T87/><D118/><U110/><E110/><V115/><F115/><W124/><G124/><T6/><D15/><U56/><E56/><V19/><F28/><W76/><G79/><T135/><D135/><U90/><REACH who="1" step="1"/><E93/><REACH who="1" ten="263,151,320,256" step="2"/><V23/><REACH who="2" step="1"/><F40/><REACH who="2" ten="263,151,310,256" step="2"/><W123/><G123/><T103/><D41/><U34/><E34/><V66/><F66/><W37/><G55/><T98/><D70/><U64/><E64/><V4/><F4/><W125/><G125/><T113/><D71/><U33/><E33/><V54/><F54/><W97/><G63/><T69/><D69/><U82/><E82/><V2/><F2/><W102/><G80/><T108/><D113/><U45/><E45/><V67/><F67/><W18/><G46/><T120/><D120/><U92/><E92/><V30/><F30/><W84/><G37/><T68/><D68/><U12/><E12/><AGARI ba="0,2" hai="8,11,12,19,23,60,61,62,88,95,96,99,100,105" machi="12" ten="40,5200,0" yaku="1,1,52,1,54,1,53,0" doraHai="13" doraHaiUra="31" who="2" fromWho="1" sc="263,0,151,-52,310,72,256,0" /><INIT seed="5,0,0,1,3,123" ten="263,99,382,256" oya="1" hai0="109,132,20,1,108,49,71,55,106,135,9,85,62" hai1="32,4,15,41,117,35,56,38,36,60,8,46,77" hai2="72,10,52,93,127,6,67,88,30,110,128,133,100" hai3="5,73,101,68,114,63,80,65,121,94,84,124,19"/><U11/><E117/><V7/><F72/><W69/><G121/><T28/><D106/><U116/><E116/><V57/><F110/><W43/><G124/><T126/><D126/><U122/><E122/><V115/><F127/><W79/><G69/><T64/><D85/><U82/><E38/><V102/><F133/><N who="0" m="51274" /><D28/><U59/><E8/><V3/><F128/><W0/><G114/><T26/><D20/><U51/><E36/><V90/><F67/><W95/><G19/><T48/><D26/><U74/><REACH who="1" step="1"/><E59/><REACH who="1" ten="263,89,382,256" step="2"/><V83/><F57/><W107/><G68/><T21/><D9/><U78/><E78/><V58/><F58/><W40/><G65/><AGARI ba="0,1" hai="4,11,15,32,35,41,46,51,56,60,65,74,77,82" machi="65" ten="30,2900,0" yaku="1,1,7,1,53,0" doraHai="123" doraHaiUra="18" who="1" fromWho="3" sc="263,0,89,39,382,0,256,-29" /><INIT seed="5,1,0,3,3,118" ten="263,128,382,227" oya="1" hai0="102,28,58,82,56,98,47,61,78,44,101,1,85" hai1="8,48,32,73,34,4,90,57,109,42,113,72,37" hai2="6,133,99,92,88,17,50,86,81,122,41,68,43" hai3="24,14,69,128,3,18,29,130,30,129,135,10,100"/><U76/><E113/><V104/><F68/><W31/><G69/><T60/><D1/><U20/><E109/><V36/><F133/><W114/><G100/><T5/><D5/><U11/><E20/><V15/><F122/><W35/><G135/><T95/><D28/><N who="3" m="10857" /><G3/><T125/><D102/><U67/><E90/><V119/><F104/><W103/><G103/><T94/><D94/><U123/><E123/><V112/><F119/><W74/><G74/><T120/><D125/><U124/><E124/><V25/><F36/><W108/><G108/><T132/><D132/><U54/><E67/><V65/><F65/><W27/><G27/><T12/><D12/><U66/><E66/><V62/><F62/><N who="0" m="24170" /><D120/><U33/><E76/><V93/><F50/><W0/><G0/><T19/><D19/><U13/><REACH who="1" step="1"/><E11/><REACH who="1" ten="263,118,382,227" step="2"/><V63/><F112/><AGARI ba="1,1" hai="10,14,18,24,31,35,112,114,128,129,130" m="10857" machi="112" ten="40,5200,0" yaku="19,1,34,2" doraHai="118" who="3" fromWho="2" sc="263,0,118,0,382,-55,227,65" /><INIT seed="6,0,0,4,1,130" ten="263,118,327,292" oya="2" hai0="133,69,81,135,37,53,92,100,111,45,94,80,121" hai1="35,101,57,78,40,84,79,16,106,116,86,75,109" hai2="107,1,66,125,10,60,19,38,34,103,41,27,112" hai3="76,48,128,18,127,122,70,129,110,5,56,68,36"/><V33/><F125/><W44/><G5/><T15/><D111/><U115/><E35/><V99/><F112/><W85/><G110/><T55/><D69/><U132/><E109/><V119/><F119/><W102/><G102/><T42/><D121/><U120/><E40/><V2/><F19/><W97/><G97/><N who="0" m="59431" /><D94/><U31/><E31/><N who="2" m="19711" /><F10/><W23/><G127/><T134/><D15/><U43/><E43/><V8/><F8/><W73/><G73/><T49/><D55/><U83/><E57/><AGARI ba="0,0" hai="37,42,45,49,53,57,80,81,133,134,135" m="59431" machi="57" ten="30,7700,0" yaku="20,1,52,3" doraHai="130" who="0" fromWho="1" sc="263,77,118,-77,327,0,292,0" /><INIT seed="7,0,0,0,1,41" ten="340,41,327,292" oya="3" hai0="4,91,54,44,125,56,12,55,100,53,107,61,72" hai1="105,76,19,77,64,40,115,26,8,31,75,68,30" hai2="15,67,90,49,73,116,11,118,50,110,82,9,128" hai3="22,14,5,23,32,96,47,62,132,48,94,2,0"/><W101/><G132/><T109/><D72/><U58/><E115/><V45/><F110/><W80/><G32/><T89/><D109/><U7/><E58/><V102/><F128/><W60/><G2/><T46/><D125/><U131/><E131/><V114/><F114/><W78/><G0/><T98/><D46/><U34/><E30/><V3/><F102/><W74/><G23/><T38/><D38/><U42/><E40/><V120/><F120/><W134/><G134/><T95/><D44/><U18/><E18/><V65/><F3/><W6/><G6/><T84/><REACH who="0" step="1"/><D91/><REACH who="0" ten="330,41,327,292" step="2"/><U86/><E86/><V87/><F73/><W130/><G130/><T103/><D103/><U81/><E77/><V33/><F90/><W24/><G5/><T52/><D52/><U25/><E25/><V13/><F45/><W16/><G24/><T83/><D83/><U97/><E19/><V113/><F82/><W122/><G122/><T1/><D1/><U57/><E42/><AGARI ba="0,1" hai="14,16,22,42,47,48,60,62,74,78,80,94,96,101" machi="42" ten="30,5800,0" yaku="7,1,52,1,54,1" doraHai="41" who="3" fromWho="1" sc="330,0,41,-58,327,0,292,68" owari="330,13.0,-17,-52.0,327,-7.0,360,46.0" /></mjloggm>