<mjloggm ver="2.3"><GO type="185" lobby="0"/><UN n0="%E8%8A%B1%E9%AD%81" n1="%E3%81%82%E3%81%96%E3%81%B6" n2="%E3%83%B4%E3%82%A3%E3%83%AF%E3%82%B3%E3%82%B0%E3%83%8B" n3="" dan="17,17,18,0" rate="2339.79,2251.95,2308.83,1500.00" sx="F,M,M,C"/><TAIKYOKU oya="0"/><INIT seed="0,0,0,2,5,63" ten="350,350,350,0" oya="0" hai0="113,68,1,101,42,32,44,65,97,3,62,93,117" hai1="131,116,108,88,109,46,100,73,0,70,104,79,125" hai2="55,107,39,134,118,105,40,102,89,120,50,111,106" hai3=""/><T69/><D113/><U84/><E0/><V67/><N who="2" m="30752" /><V121/><N who="2" m="31008" /><V127/><F111/><N who="1" m="42569" /><E116/><V78/><F118/><T64/><D117/><U47/><E125/><V61/><F127/><T35/><D68/><U71/><E131/><V76/><F102/><T129/><D129/><U119/><E119/><V115/><F115/><T99/><D64/><U48/><E79/><V110/><F134/><T81/><D81/><U122/><N who="1" m="31264" /><U103/><E73/><V132/><F132/><T60/><D60/><U2/><E2/><V45/><F89/><T91/><D1/><U85/><E85/><V37/><F110/><T49/><REACH who="0" step="1"/><D3/><REACH who="0" ten="340,350,350,0" step="2"/><U58/><E71/><V82/><F82/><T54/><D54/><U83/><E70/><V90/><F55/><T133/><D133/><U80/><E80/><V59/><REACH who="2" step="1"/><F90/><REACH who="2" ten="340,350,340,0" step="2"/><T112/><D112/><U72/><E88/><V87/><F87/><T66/><D66/><U98/><E84/><V92/><F92/><AGARI ba="0,2" hai="32,35,42,44,49,62,65,69,91,92,93,97,99,101" machi="92" ten="30,5800,0" yaku="1,1,7,1,52,1,53,0" doraHai="63" doraHaiUra="135" who="0" fromWho="2" sc="340,78,350,0,340,-58,0,0" /><INIT seed="0,1,0,2,1,2" ten="418,350,282,0" oya="0" hai0="38,98,120,110,89,32,64,83,76,105,94,100,60" hai1="102,44,58,86,127,51,124,40,111,132,118,0,59" hai2="125,81,123,131,53,133,114,91,90,119,84,135,34" hai3=""/><T49/><N who="0" m="30752" /><T73/><D38/><U75/><E75/><V37/><N who="2" m="31520" /><V129/><F37/><T70/><D110/><U36/><E0/><V101/><F114/><T93/><D32/><U99/><E118/><V88/><F53/><T71/><D49/><U117/><E117/><V47/><F47/><T63/><REACH who="0" step="1"/><D89/><REACH who="0" ten="408,350,282,0" step="2"/><N who="2" m="34410" /><F34/><T121/><N who="0" m="31008" /><T109/><D109/><U104/><E111/><V33/><F33/><T87/><D87/><U106/><E86/><V134/><F119/><T62/><D62/><U3/><E36/><V113/><F113/><T66/><AGARI ba="1,1" hai="60,63,64,66,70,71,73,76,83,93,94,98,100,105" m="31008,30752" machi="66" ten="30,12000,2" yaku="1,1,0,1,9,1,52,2,53,2" doraHai="2" doraHaiUra="65" who="0" fromWho="0" sc="408,132,350,-61,282,-61,0,0" /><INIT seed="0,2,0,4,0,112" ten="540,289,221,0" oya="0" hai0="67,77,66,3,0,134,62,50,48,47,58,126,133" hai1="63,68,135,100,55,118,117,69,38,120,86,90,70" hai2="51,96,124,34,61,107,73,91,80,122,35,94,65" hai3=""/><T88/><D126/><U130/><N who="1" m="30752" /><U101/><E38/><V113/><N who="2" m="31264" /><V33/><F124/><T97/><D77/><U56/><E130/><V79/><F113/><T52/><D67/><U125/><E125/><V2/><F51/><T105/><D48/><U54/><E135/><N who="0" m="51721" /><D105/><U123/><N who="1" m="31520" /><U99/><E55/><V53/><F53/><T42/><D42/><U49/><E49/><V60/><F2/><T85/><D97/><U104/><REACH who="1" step="1"/><E101/><REACH who="1" ten="540,279,221,0" step="2"/><V46/><F34/><T81/><AGARI ba="2,1" hai="0,3,47,50,52,58,62,66,81,85,88" m="51721" machi="81" ten="30,4000,0" yaku="20,1,54,2" doraHai="112" who="0" fromWho="0" sc="540,54,279,-22,221,-22,0,0" /><INIT seed="0,3,0,0,2,74" ten="594,257,199,0" oya="0" hai0="42,100,116,119,111,48,88,123,58,120,92,96,59" hai1="135,0,134,97,57,79,54,34,46,128,61,38,107" hai2="99,33,108,118,69,117,53,39,1,133,68,45,81" hai3=""/><T55/><N who="0" m="30752" /><T49/><N who="0" m="31520" /><T72/><D111/><U3/><E34/><V71/><F33/><T80/><D42/><U77/><E128/><V84/><F1/><T91/><D91/><U103/><E3/><V83/><F133/><N who="1" m="50697" /><E0/><V56/><F108/><T114/><D114/><U105/><E105/><V113/><F113/><T64/><D100/><U110/><E110/><V112/><F112/><T82/><D64/><U52/><E54/><V75/><F99/><T60/><D60/><U109/><E109/><V102/><F102/><T122/><N who="0" m="31264" /><T76/><REACH who="0" step="1"/><D82/><REACH who="0" ten="584,257,199,0" step="2"/><U85/><E85/><V63/><F81/><T35/><D35/><U86/><E86/><V121/><N who="2" m="31008" /><V73/><F84/><T36/><D36/><U78/><E79/><V2/><F2/><T32/><D32/><U126/><E126/><V67/><F83/><T131/><D131/><U129/><E129/><V50/><F39/><T104/><D104/><U62/><E61/><V47/><F73/><T66/><D66/><U41/><AGARI ba="3,1" hai="38,41,46,52,57,62,77,78,97,103,107" m="50697" machi="41" ten="30,5900,0" yaku="20,1,52,2,54,1" doraHai="74" who="1" fromWho="1" sc="584,-42,257,75,199,-23,0,0" /><INIT seed="1,0,0,0,1,48" ten="542,332,176,0" oya="1" hai0="110,94,40,62,44,107,43,63,131,133,80,86,130" hai1="54,99,119,57,95,83,61,91,115,36,66,90,58" hai2="108,105,88,126,103,125,85,77,84,81,135,106,101" hai3=""/><U92/><E115/><V76/><F108/><T70/><D107/><N who="2" m="40970" /><F135/><T74/><D110/><U0/><E119/><V82/><F76/><T127/><D127/><AGARI ba="0,0" hai="77,81,82,84,85,88,101,103,125,126,127" m="40970" machi="127" ten="30,7700,0" yaku="18,1,34,2,54,1" doraHai="48" who="2" fromWho="0" sc="542,-77,332,0,176,77,0,0" /><INIT seed="2,0,0,0,3,101" ten="465,332,253,0" oya="2" hai0="53,111,131,79,89,109,116,112,87,74,62,57,82" hai1="77,37,41,51,72,33,48,44,80,43,85,1,2" hai2="50,66,117,32,103,121,84,106,42,126,55,81,98" hai3=""/><V64/><N who="2" m="31008" /><V67/><F117/><T52/><D116/><U34/><E37/><V107/><F126/><T122/><N who="0" m="31264" /><T115/><D131/><U96/><E72/><V70/><F32/><T49/><D89/><U61/><E61/><V108/><F108/><N who="0" m="41546" /><D74/><U110/><E110/><V97/><F42/><T45/><AGARI ba="0,0" hai="45,49,52,53,57,62,79,82,87,112,115" m="41546,31264" machi="45" ten="30,3000,0" yaku="14,1,52,1,54,1" doraHai="101" who="0" fromWho="0" sc="465,30,332,-10,253,-20,0,0" /><INIT seed="4,0,0,4,4,34" ten="495,322,233,0" oya="0" hai0="40,81,112,41,111,62,99,97,36,91,82,76,90" hai1="130,71,106,88,101,128,35,55,32,98,64,122,96" hai2="2,87,125,113,63,1,37,3,102,86,77,120,69" hai3=""/><T124/><D124/><U68/><N who="1" m="31264" /><U132/><E132/><V38/><N who="2" m="30752" /><V105/><F125/><T45/><D112/><U51/><E35/><V133/><F113/><T109/><D62/><U73/><E73/><V58/><F69/><T79/><REACH who="0" step="1"/><D45/><REACH who="0" ten="485,322,233,0" step="2"/><U49/><E32/><V85/><F133/><T65/><D65/><U84/><E64/><V75/><F77/><T92/><D92/><U100/><E106/><V42/><F75/><T118/><D118/><U44/><E44/><V89/><F89/><T93/><D93/><U123/><N who="1" m="31520" /><U60/><E60/><V94/><F94/><T104/><D104/><U115/><E115/><V70/><F105/><T116/><D116/><U74/><E74/><V53/><F102/><T59/><D59/><U67/><E88/><V0/><N who="2" m="0" /><DORA hai="121" /><V107/><F107/><T127/><D127/><U129/><E100/><V48/><REACH who="2" step="1"/><F70/><REACH who="2" ten="485,322,223,0" step="2"/><T47/><D47/><AGARI ba="0,2" hai="37,38,42,47,48,53,58,63,85,86,87" m="0,30752" machi="47" ten="70,12000,2" yaku="1,1,2,1,52,5,53,0" doraHai="34,121" doraHaiUra="114,134" who="2" fromWho="0" sc="485,-120,322,0,223,140,0,0" /><INIT seed="5,0,0,2,4,99" ten="365,322,363,0" oya="1" hai0="50,3,45,111,68,122,38,128,78,51,87,133,46" hai1="40,108,116,35,83,110,76,47,71,91,79,74,92" hai2="44,53,104,61,72,86,123,93,48,34,63,115,95" hai3=""/><U105/><E116/><V39/><N who="2" m="31520" /><V37/><F34/><T96/><N who="0" m="31264" /><T97/><D111/><N who="1" m="42539" /><E35/><V102/><F72/><T32/><D32/><U54/><E105/><V62/><F115/><T58/><D3/><U127/><E127/><V135/><F135/><T67/><D133/><U120/><N who="1" m="30752" /><U59/><E71/><V130/><F130/><T132/><D132/><U65/><E65/><V118/><F118/><T131/><D68/><U126/><E126/><V2/><F2/><T52/><D38/><U77/><E40/><V33/><F33/><T103/><D67/><U107/><E47/><V57/><F44/><T36/><D36/><U114/><E107/><V94/><REACH who="2" step="1"/><F86/><REACH who="2" ten="365,322,353,0" step="2"/><T84/><D87/><U82/><E114/><V80/><F80/><T125/><D125/><U109/><N who="1" m="42547" /><U56/><DORA hai="101" /><E74/><V41/><F41/><T100/><D128/><U70/><E82/><V112/><F112/><T64/><D131/><U66/><E83/><V134/><F134/><T42/><D84/><U0/><E0/><V89/><F89/><T49/><D45/><U69/><E91/><V1/><F1/><T88/><D42/><U129/><E129/><V124/><F124/><T73/><D46/><U60/><E79/><RYUUKYOKU ba="0,1" sc="365,-10,322,-10,353,20,0,0" hai2="37,39,48,53,57,61,62,63,93,94,95,102,104" /><INIT seed="6,1,1,2,3,108" ten="355,312,373,0" oya="2" hai0="126,68,82,91,74,119,106,114,130,113,102,118,33" hai1="61,62,49,59,34,67,57,71,37,101,66,97,51" hai2="41,43,46,132,96,44,131,70,69,120,116,1,105" hai3=""/><V2/><N who="2" m="30752" /><V47/><F116/><N who="0" m="44586" /><D68/><U64/><E34/><V95/><F105/><T40/><D40/><U115/><E37/><V112/><F131/><T135/><D33/><U79/><E79/><V56/><F132/><T75/><D135/><U63/><REACH who="1" step="1"/><E115/><REACH who="1" ten="355,302,373,0" step="2"/><N who="0" m="44041" /><D130/><U121/><N who="1" m="31008" /><U36/><E36/><V45/><F112/><T3/><D3/><U48/><E48/><V128/><F128/><T93/><D126/><U85/><E85/><V50/><F41/><T122/><N who="0" m="31264" /><T78/><D74/><U35/><E35/><V52/><F1/><T103/><D106/><AGARI ba="1,2" hai="49,51,57,59,61,62,63,64,66,67,71,97,101,106" m="31008" machi="106" ten="30,7700,0" yaku="1,1,7,1,9,1,52,1,53,0" doraHai="108" doraHaiUra="127" who="1" fromWho="0" sc="355,-79,302,99,373,0,0,0" owari="276,-32.0,401,35.0,373,-3.0,0,0.0" /></mjloggm>