<mjloggm ver="2.3"><GO type="185" lobby="0"/><UN n0="%E9%95%B7%E9%87%8E%E6%9D%BE%E6%9C%AC" n1="%63%61%6C%63%2E" n2="%E5%B0%91%E5%A5%B3%E2%98%85%E3%82%B9%E3%82%AF%E3%83%AA%E3%83%97%E3%83%88" n3="" dan="17,19,16,0" rate="2231.18,2404.56,2143.92,1500.00" sx="M,M,F,C"/><TAIKYOKU oya="0"/><INIT seed="0,0,0,3,1,135" ten="350,350,350,0" oya="0" hai0="0,91,48,69,85,53,107,46,129,131,83,59,134" hai1="94,49,105,52,113,50,79,115,127,130,123,76,66" hai2="112,75,125,120,3,57,108,81,54,109,82,32,119" hai3=""/><T67/><D0/><U35/><N who="1" m="31520" /><U78/><E105/><V103/><N who="2" m="30752" /><V128/><F3/><T2/><D2/><U40/><E35/><V65/><F32/><T38/><D107/><U51/><E130/><V39/><F128/><N who="0" m="49226" /><D134/><U116/><E116/><V110/><F119/><T60/><D38/><U63/><E94/><V101/><F39/><T124/><D124/><U93/><E93/><V55/><F125/><T126/><D126/><U45/><E127/><V47/><F112/><N who="1" m="43081" /><E40/><V90/><F47/><AGARI ba="0,0" hai="46,47,48,53,59,60,67,69,83,85,91" m="49226" machi="47" ten="30,1500,0" yaku="19,1" doraHai="135" who="0" fromWho="2" sc="350,15,350,0,350,-15,0,0" /><INIT seed="0,1,0,2,2,80" ten="365,350,335,0" oya="0" hai0="64,77,91,90,99,107,42,58,55,78,95,57,47" hai1="44,93,53,86,131,119,109,121,34,3,115,38,122" hai2="128,39,50,125,63,69,54,101,1,89,79,68,87" hai3=""/><T70/><D70/><U92/><N who="1" m="31008" /><U72/><N who="1" m="31264" /><U67/><E119/><V41/><F1/><T117/><D117/><U135/><E72/><V114/><F114/><T113/><D113/><U111/><E115/><V74/><F74/><T71/><D71/><U45/><E34/><V124/><F79/><T126/><D126/><U118/><E118/><V127/><F101/><T81/><D107/><U94/><E3/><V60/><F41/><T82/><D64/><U83/><E67/><V40/><F40/><T120/><N who="0" m="30752" /><T129/><D129/><U73/><E73/><V103/><F39/><T104/><D104/><U108/><E131/><V130/><F103/><T85/><D91/><U96/><E38/><V98/><F98/><T102/><D55/><U66/><E66/><V62/><F128/><T0/><D0/><U97/><E135/><V106/><F106/><T61/><D61/><U48/><E45/><V37/><F37/><T112/><D112/><U105/><E105/><V35/><F35/><T49/><D102/><U132/><E132/><V116/><F130/><T51/><D49/><U100/><E100/><V84/><F116/><T43/><D43/><U123/><N who="1" m="31520" /><U134/><E134/><V52/><F124/><RYUUKYOKU ba="1,0" sc="365,10,350,10,335,-20,0,0" hai0="42,47,51,57,58,77,78,81,82,85,90,95,99" hai1="44,48,53,83,86,92,93,94,96,97,108,109,111" /><INIT seed="0,2,0,0,0,56" ten="375,360,315,0" oya="0" hai0="34,126,132,51,109,93,40,120,57,60,37,73,59" hai1="128,91,104,98,62,2,42,77,129,89,92,75,95" hai2="0,46,53,65,52,70,48,36,124,85,108,64,83" hai3=""/><T123/><N who="0" m="30752" /><T110/><N who="0" m="31520" /><T47/><D34/><U96/><E2/><V94/><F0/><T50/><D73/><U135/><E42/><V122/><N who="2" m="31264" /><V97/><F36/><T61/><D93/><U44/><E44/><V82/><F108/><N who="0" m="41578" /><D126/><U118/><E118/><V116/><F116/><T66/><D132/><U131/><E135/><V117/><F70/><T45/><D45/><U107/><E62/><V38/><F117/><T114/><D114/><U101/><E101/><V32/><F38/><T49/><D37/><U133/><E133/><V33/><F32/><T105/><D105/><U130/><E129/><V125/><F33/><T121/><N who="0" m="31008" /><T79/><D79/><U127/><E127/><V76/><F83/><AGARI ba="2,0" hai="75,77,83,89,91,92,95,96,98,104,107,128,130,131" machi="83" ten="40,8000,1" yaku="9,1,19,1,34,3" doraHai="56" who="1" fromWho="2" sc="375,0,360,84,315,-84,0,0" /><INIT seed="1,0,0,2,4,73" ten="375,444,231,0" oya="1" hai0="33,37,64,97,119,85,108,47,69,99,36,131,45" hai1="102,111,74,79,68,98,114,124,91,81,77,75,104" hai2="133,132,41,63,126,72,118,90,3,107,53,86,134" hai3=""/><U89/><E68/><V100/><F3/><T115/><D33/><U60/><E114/><V2/><F72/><N who="1" m="27689" /><E60/><V52/><F2/><T84/><D115/><U128/><E124/><V129/><F126/><T70/><D64/><U125/><E125/><V38/><F118/><T117/><REACH who="0" step="1"/><D131/><REACH who="0" ten="365,444,231,0" step="2"/><U95/><E128/><V106/><F129/><T50/><D50/><U121/><N who="1" m="31008" /><U112/><E112/><V1/><F1/><T101/><D101/><U82/><E111/><AGARI ba="0,1" hai="36,37,45,47,69,70,84,85,97,99,108,111,117,119" machi="111" ten="25,8000,1" yaku="1,1,22,2,53,2" doraHai="73" doraHaiUra="122" who="0" fromWho="1" sc="365,90,444,-80,231,0,0,0" /><INIT seed="2,0,0,1,5,44" ten="455,364,231,0" oya="2" hai0="42,32,72,69,90,68,126,50,63,76,52,41,92" hai1="128,65,93,130,98,135,84,86,97,81,94,124,43" hai2="71,74,70,34,116,37,104,53,38,57,1,73,67" hai3=""/><V106/><F1/><T75/><D32/><U121/><N who="1" m="31008" /><U39/><E65/><V127/><F67/><T125/><D41/><U134/><E43/><V58/><F53/><T45/><D69/><U88/><E39/><V51/><F34/><T91/><D91/><U105/><E105/><V3/><F3/><T2/><D2/><U122/><N who="1" m="31264" /><U112/><E112/><V60/><F127/><N who="0" m="48650" /><D76/><U111/><E124/><V110/><F110/><T61/><D68/><U99/><E111/><V40/><F116/><T114/><D114/><U129/><E94/><V46/><F40/><T85/><D63/><U79/><AGARI ba="0,0" hai="79,81,84,86,88,93,97,98,99,128,129,130,134,135" m="31264,31008" machi="79" ten="40,12000,3" yaku="0,1,19,1,34,3,52,2,54,1" doraHai="44" who="1" fromWho="1" sc="455,-40,364,120,231,-80,0,0" /><INIT seed="4,0,0,2,5,86" ten="415,484,151,0" oya="0" hai0="74,41,70,58,80,2,123,43,132,106,50,32,40" hai1="117,48,101,111,98,53,90,91,97,88,89,49,129" hai2="133,56,66,131,55,35,0,134,54,121,102,92,71" hai3=""/><T76/><N who="0" m="31520" /><T60/><D2/><U37/><E117/><V47/><N who="2" m="31008" /><V103/><F0/><T110/><D32/><U3/><E3/><V34/><F71/><T78/><D132/><U75/><E111/><V93/><F47/><T65/><D110/><U128/><E75/><V120/><N who="2" m="30752" /><V122/><N who="2" m="31264" /><V51/><F51/><T63/><D106/><U109/><E37/><V96/><F66/><T39/><D78/><U105/><E109/><V67/><F67/><T57/><D39/><U44/><E49/><V79/><F79/><T130/><D130/><N who="1" m="50283" /><E91/><V94/><F131/><T127/><D127/><U85/><E97/><V42/><F96/><T52/><REACH who="0" step="1"/><D70/><REACH who="0" ten="405,484,151,0" step="2"/><U135/><E135/><N who="2" m="51723" /><F34/><T113/><D113/><U124/><E124/><V108/><F35/><T61/><AGARI ba="0,1" hai="40,41,43,50,52,57,58,60,61,63,65,74,76,80" m="31520" machi="61" ten="30,8000,1" yaku="1,1,0,1,52,1,54,1,53,1" doraHai="86" doraHaiUra="107" who="0" fromWho="0" sc="405,90,484,-40,151,-40,0,0" /><INIT seed="4,1,0,3,4,131" ten="495,444,111,0" oya="0" hai0="103,94,126,81,102,86,124,107,62,57,120,98,65" hai1="33,89,59,54,119,69,106,3,45,116,121,90,37" hai2="78,68,113,67,110,82,97,41,118,109,104,130,77" hai3=""/><T105/><N who="0" m="30752" /><T64/><D64/><U38/><N who="1" m="31008" /><U91/><E33/><V1/><F130/><T35/><D35/><U99/><E69/><V101/><F1/><T132/><D132/><U56/><E3/><V100/><F41/><T133/><D133/><U92/><E106/><V122/><N who="2" m="31264" /><V84/><F67/><T63/><D63/><U36/><E45/><V50/><F68/><T112/><D112/><U0/><E0/><V48/><F113/><T111/><D111/><U51/><REACH who="1" step="1"/><E59/><REACH who="1" ten="495,434,111,0" step="2"/><V79/><F118/><AGARI ba="1,1" hai="36,37,38,51,54,56,89,90,91,92,99,116,118,119" m="31008" machi="118" ten="50,12000,2" yaku="1,1,2,1,52,1,53,3" doraHai="131" doraHaiUra="114" who="1" fromWho="2" sc="495,0,434,132,111,-122,0,0" owari="495,10.0,566,51.0,-11,-61.0,0,0.0" /></mjloggm>