<mjloggm ver="2.3"><GO type="169" lobby="0"/><UN n0="%E8%BD%9F%E9%8B%BC%E9%89%84" n1="%EF%BC%A9%EF%BC%A3%EF%BC%A8%EF%BC%A9" n2="%69%70%73%E6%88%A6%E5%A3%AB" n3="%73%61%6C%61%6D%61%6E" dan="16,17,16,16" rate="2225.35,2097.81,2064.79,2118.05" sx="M,M,M,M"/><TAIKYOKU oya="0"/><INIT seed="0,0,0,0,5,115" ten="250,250,250,250" oya="0" hai0="47,109,96,4,129,99,46,98,54,124,104,57,123" hai1="59,80,131,53,6,17,33,24,61,28,110,18,97" hai2="8,29,21,9,10,2,7,103,77,108,84,125,76" hai3="25,31,65,106,82,105,122,95,27,102,0,74,52"/><T130/><D123/><U62/><E110/><V20/><F108/><W67/><G0/><T70/><D109/><U60/><E131/><N who="0" m="50185" /><D70/><U107/><E6/><V45/><F125/><W134/><G122/><T120/><D120/><U101/><REACH who="1" step="1"/><E80/><REACH who="1" ten="250,240,250,250" step="2"/><V119/><F7/><W1/><G82/><T40/><D124/><U50/><AGARI ba="0,1" hai="17,18,24,28,33,50,53,59,60,61,62,97,101,107" machi="50" ten="30,8000,1" yaku="1,1,2,1,0,1,53,2" doraHai="115" doraHaiUra="15" who="1" fromWho="1" sc="250,-40,240,90,250,-20,250,-20" /><INIT seed="1,0,0,5,0,77" ten="210,330,230,230" oya="1" hai0="44,85,61,112,86,27,82,102,11,124,84,39,40" hai1="116,26,15,97,122,55,87,25,117,93,23,17,60" hai2="3,99,74,118,45,80,38,37,135,21,24,20,53" hai3="119,79,41,71,81,30,66,13,14,130,134,113,29"/><U51/><E122/><V65/><F118/><W32/><G113/><T129/><D112/><U115/><E115/><V106/><F3/><W89/><G119/><T90/><D129/><U83/><E60/><V100/><F135/><W12/><G134/><T62/><D124/><U54/><E117/><V128/><F128/><W91/><G130/><T73/><D102/><U8/><E116/><V75/><F21/><W64/><G41/><T49/><D27/><U70/><E70/><V46/><F65/><N who="3" m="25195" /><G32/><T104/><D104/><U42/><E42/><V9/><F9/><W52/><G71/><T36/><D36/><U56/><E55/><V67/><F67/><W110/><G110/><T57/><D39/><U109/><E109/><V0/><F0/><W43/><G43/><T59/><D73/><U4/><E97/><V132/><F132/><W126/><G126/><T33/><D11/><U121/><E121/><V127/><F127/><W114/><G114/><T88/><D33/><U2/><REACH who="1" step="1"/><E93/><REACH who="1" ten="210,320,230,230" step="2"/><V101/><F99/><W111/><G52/><T105/><D105/><U72/><E72/><V123/><F53/><W131/><G111/><T92/><D62/><U78/><AGARI ba="0,1" hai="2,4,8,15,17,23,25,26,51,54,56,78,83,87" machi="78" ten="20,7800,0" yaku="1,1,0,1,7,1,52,1,53,0" doraHai="77" doraHaiUra="96" who="1" fromWho="1" sc="210,-26,320,88,230,-26,230,-26" /><INIT seed="1,1,0,0,0,116" ten="184,408,204,204" oya="1" hai0="1,37,87,14,44,28,52,38,7,83,82,57,98" hai1="40,26,63,74,73,124,68,62,30,99,103,47,105" hai2="127,90,23,59,115,27,46,55,94,130,43,125,89" hai3="20,42,104,78,49,131,108,97,39,133,128,69,51"/><U134/><E124/><N who="2" m="47691" /><F130/><N who="3" m="49707" /><G108/><T17/><D1/><U65/><E62/><N who="2" m="36223" /><F115/><W67/><G133/><T70/><D28/><U111/><E134/><V114/><F94/><W9/><G9/><T86/><D7/><U126/><E111/><V8/><F8/><W41/><G78/><T24/><D70/><U22/><REACH who="1" step="1"/><E126/><REACH who="1" ten="184,398,204,204" step="2"/><V123/><F114/><W53/><G69/><T35/><D37/><AGARI ba="1,1" hai="22,26,30,37,40,47,63,65,68,73,74,99,103,105" machi="37" ten="30,5800,0" yaku="1,1,2,1,7,1,53,0" doraHai="116" doraHaiUra="2" who="1" fromWho="0" sc="184,-61,398,71,204,0,204,0" /><INIT seed="1,2,0,2,0,61" ten="123,469,204,204" oya="1" hai0="97,6,71,1,103,88,94,2,62,60,15,36,92" hai1="46,43,130,73,56,133,25,38,116,13,132,55,29" hai2="59,104,115,5,100,63,54,19,10,69,135,0,45" hai3="76,16,3,70,39,64,48,89,72,87,114,131,121"/><U52/><E116/><V123/><F123/><W32/><G121/><T58/><D36/><U17/><E73/><V85/><F135/><N who="1" m="51785" /><E130/><V40/><F115/><W47/><G114/><T81/><D81/><U109/><E109/><V95/><F69/><W113/><G113/><T112/><D112/><U110/><E110/><V49/><F104/><W77/><G3/><T22/><D62/><U28/><E25/><V9/><F19/><W18/><G39/><T50/><D50/><N who="1" m="30743" /><E55/><V24/><F24/><W37/><G32/><T26/><D71/><U53/><E53/><V8/><REACH who="2" step="1"/><F85/><REACH who="2" ten="123,469,194,204" step="2"/><W107/><G70/><T74/><D74/><U96/><E96/><AGARI ba="2,1" hai="0,5,8,9,10,40,45,49,54,59,63,95,96,100" machi="96" ten="40,2600,0" yaku="1,1,2,1,53,0" doraHai="61" doraHaiUra="21" who="2" fromWho="1" sc="123,0,469,-32,194,42,204,0" /><INIT seed="2,0,0,3,2,68" ten="123,437,236,204" oya="2" hai0="19,11,60,22,91,75,69,30,77,109,15,116,121" hai1="127,76,119,24,42,135,107,81,46,79,123,27,71" hai2="45,26,98,48,41,84,106,67,70,129,54,31,80" hai3="52,23,61,1,88,78,49,66,18,126,110,94,99"/><V36/><F129/><W100/><G110/><T12/><D109/><U20/><E119/><V32/><F106/><W73/><G126/><T39/><D116/><U85/><E71/><V125/><F125/><W134/><G1/><T9/><D121/><U92/><E107/><V3/><F3/><W89/><G134/><T53/><D77/><U74/><E135/><V103/><F67/><W82/><G61/><T57/><D75/><U133/><E133/><V124/><F70/><W17/><G66/><T55/><D69/><U105/><E105/><V25/><F25/><W114/><G114/><T108/><D39/><U28/><E123/><V33/><F124/><W64/><G64/><T51/><D30/><U21/><E79/><V63/><F63/><W5/><G5/><T14/><D91/><U10/><E10/><N who="0" m="3593" /><D108/><U104/><E104/><V115/><F115/><W118/><G118/><T65/><D65/><U7/><E7/><V4/><F4/><W72/><G72/><T97/><D97/><U131/><E131/><V16/><F98/><W56/><REACH who="3" step="1"/><G17/><REACH who="3" ten="123,437,236,194" step="2"/><T38/><D60/><U2/><E2/><V29/><F16/><W96/><G96/><T13/><D19/><N who="1" m="12319" /><E127/><V62/><F62/><W59/><G59/><T0/><D57/><U58/><E58/><V95/><F29/><W93/><G93/><T113/><D0/><U120/><E120/><V86/><F95/><W101/><G101/><T111/><D113/><U37/><E92/><V83/><F103/><W34/><G34/><T47/><N who="0" m="3072" /><DORA hai="35" /><T112/><D112/><U102/><E102/><V87/><F33/><RYUUKYOKU ba="0,1" sc="123,-30,437,10,236,10,194,10" hai1="21,27,28,37,42,46,74,76,81,85" hai2="26,31,32,36,41,45,48,54,80,83,84,86,87" hai3="18,23,49,52,56,73,78,82,88,89,94,99,100" /><INIT seed="2,1,1,5,1,50" ten="93,447,246,204" oya="2" hai0="97,87,47,123,7,32,88,67,12,71,43,109,2" hai1="21,92,115,131,41,90,75,22,4,110,119,129,45" hai2="124,122,117,39,69,33,8,70,118,107,132,49,52" hai3="85,86,36,23,29,127,76,81,133,18,112,37,66"/><V34/><F122/><W77/><G29/><T44/><D123/><U82/><E115/><V96/><F124/><W27/><G127/><T17/><D32/><U116/><E4/><V10/><F39/><W73/><G112/><T113/><D113/><U65/><E65/><V63/><F132/><W6/><G133/><T62/><D109/><U60/><E60/><V130/><F130/><N who="1" m="49673" /><E110/><V101/><F33/><W126/><G126/><T51/><D47/><U28/><E82/><V100/><F100/><W68/><G73/><T108/><D108/><U59/><E59/><V105/><F105/><W54/><G6/><T24/><D24/><N who="1" m="16399" /><E22/><V16/><F34/><W40/><G66/><T13/><D2/><U48/><E75/><V55/><F55/><W14/><G68/><T9/><D97/><AGARI ba="1,1" hai="41,45,48,90,92,97,116,119" m="16399,49673" machi="97" ten="30,1000,0" yaku="19,1" doraHai="50" who="1" fromWho="0" sc="93,-13,447,23,246,0,204,0" /><INIT seed="3,0,0,4,2,70" ten="80,470,246,204" oya="3" hai0="33,57,24,67,103,85,91,49,6,51,75,36,118" hai1="120,124,77,121,105,112,9,82,25,131,86,102,116" hai2="114,100,53,59,88,76,44,101,11,128,19,37,23" hai3="123,109,95,64,14,93,81,52,108,0,38,134,2"/><W15/><G123/><T50/><D75/><U58/><E58/><V17/><F114/><W12/><G64/><T126/><D118/><U28/><E112/><V4/><F76/><W3/><G134/><T47/><D6/><U125/><E9/><V29/><F29/><W35/><G35/><T99/><D126/><N who="1" m="48747" /><E25/><V1/><F128/><W39/><G81/><T122/><D122/><U127/><E28/><V98/><F17/><W21/><G21/><T115/><D115/><U42/><E42/><V66/><F66/><W56/><G56/><T90/><D24/><U133/><E127/><V119/><F119/><W65/><G65/><T72/><D72/><U132/><E116/><V69/><F69/><W41/><G52/><T97/><D33/><U55/><E55/><V113/><F113/><W48/><G48/><T110/><D110/><N who="3" m="42601" /><G41/><T74/><D74/><U104/><E121/><V16/><F19/><W135/><G135/><T96/><D67/><U71/><E71/><V117/><F117/><W83/><G83/><T18/><D57/><U78/><E120/><V80/><F80/><W43/><G43/><T40/><D103/><U31/><E102/><V8/><F8/><W5/><G5/><T34/><D34/><U45/><E133/><V73/><F59/><W32/><G32/><T30/><D30/><U10/><E132/><V13/><F53/><W129/><G129/><T7/><D7/><U22/><E10/><V26/><F26/><W61/><G61/><T89/><REACH who="0" step="1"/><D18/><REACH who="0" ten="70,470,246,204" step="2"/><U92/><E131/><V79/><F16/><W84/><G84/><AGARI ba="0,1" hai="36,40,47,49,50,51,84,85,89,90,91,96,97,99" machi="84" ten="50,16000,3" yaku="1,1,2,1,29,2,52,1,53,3" doraHai="70" doraHaiUra="46" who="0" fromWho="3" sc="70,170,470,0,246,0,204,-160" /><INIT seed="4,0,0,0,0,29" ten="240,470,246,44" oya="0" hai0="16,9,4,40,2,39,110,70,85,75,64,56,129" hai1="46,117,77,127,115,15,74,35,67,37,69,112,96" hai2="80,120,41,13,130,36,48,97,7,91,95,105,58" hai3="24,73,90,123,33,109,101,114,22,125,47,27,1"/><T104/><D75/><U131/><E117/><V81/><F105/><W102/><G123/><T88/><D104/><U133/><E69/><V54/><F120/><W60/><G109/><T63/><D110/><U21/><E67/><V92/><F130/><W55/><G125/><T45/><D129/><U65/><E131/><V78/><F36/><W83/><G114/><N who="1" m="43562" /><E65/><V68/><F68/><W76/><G1/><T18/><REACH who="0" step="1"/><D70/><REACH who="0" ten="230,470,246,44" step="2"/><U118/><E74/><V121/><F121/><W11/><G11/><T49/><D49/><U26/><E127/><V0/><F0/><W43/><G90/><T126/><D126/><U103/><E118/><V71/><F71/><W99/><G102/><T44/><D44/><U61/><E46/><V98/><F78/><W53/><G60/><T87/><D87/><U50/><E61/><V3/><F3/><W79/><G79/><T108/><D108/><U20/><E50/><V28/><F41/><W100/><G100/><T52/><D52/><U119/><E103/><V5/><F54/><W17/><G47/><T30/><D30/><U51/><E119/><V8/><F28/><W72/><G73/><T128/><D128/><U42/><E77/><V122/><F122/><W113/><G113/><T23/><D23/><U10/><E21/><V59/><F48/><W62/><G62/><T116/><D116/><U124/><E51/><V14/><F91/><W94/><G43/><T132/><D132/><U82/><E133/><V89/><F89/><W107/><G107/><T6/><D6/><U86/><E124/><V32/><F8/><W135/><G135/><RYUUKYOKU ba="0,1" sc="230,10,470,-30,246,10,44,10" hai0="2,4,9,16,18,39,40,45,56,63,64,85,88" hai2="5,7,13,14,32,58,59,80,81,92,95,97,98" hai3="17,22,24,27,33,53,55,72,76,83,94,99,101" /><INIT seed="4,1,1,4,2,95" ten="240,440,256,54" oya="0" hai0="108,134,24,83,5,19,53,4,126,67,40,129,81" hai1="88,42,62,68,128,9,79,32,50,93,112,124,41" hai2="77,10,86,74,94,109,29,96,115,105,73,56,76" hai3="72,118,89,69,6,84,46,16,87,107,18,59,21"/><T22/><D129/><U31/><E128/><V75/><F29/><W82/><G69/><T78/><D126/><U66/><E124/><V125/><F125/><W44/><G118/><T63/><D108/><U119/><E119/><V104/><F56/><W65/><G72/><T1/><D134/><U47/><E79/><N who="2" m="30283" /><F10/><W7/><G107/><N who="2" m="41033" /><F109/><W123/><G123/><T121/><D121/><U14/><E31/><V36/><F36/><W23/><G84/><T61/><D40/><U54/><E32/><V12/><F12/><N who="3" m="9351" /><G65/><T30/><D1/><U49/><E66/><V114/><F86/><W130/><G130/><T71/><D4/><N who="3" m="1577" /><G59/><T70/><D5/><U15/><E68/><V102/><AGARI ba="1,1" hai="73,74,75,94,96,102,114,115" m="41033,30283" machi="102" ten="40,5200,0" yaku="34,2,52,1" doraHai="95" who="2" fromWho="2" sc="240,-27,440,-14,256,65,54,-14" /><INIT seed="5,0,0,5,5,66" ten="213,426,321,40" oya="1" hai0="43,46,97,123,65,98,88,60,21,83,16,69,80" hai1="33,95,34,31,113,132,86,102,47,22,54,61,109" hai2="26,93,118,13,75,127,6,73,106,3,59,71,5" hai3="20,39,58,100,25,125,42,119,92,90,4,115,120"/><U8/><E113/><V131/><F106/><W36/><G120/><T72/><D123/><U41/><E132/><V112/><F118/><W78/><G115/><T24/><D72/><U2/><E109/><V87/><F112/><W122/><G119/><T7/><D7/><U64/><E54/><V9/><F71/><W30/><G122/><T128/><D128/><U55/><E55/><V108/><F108/><W130/><G130/><T44/><D44/><U129/><E2/><V103/><F131/><W67/><G125/><T135/><D135/><U35/><E8/><V110/><F110/><W57/><G4/><T62/><D62/><U17/><E31/><V85/><F127/><W11/><G78/><T32/><D32/><U49/><E129/><V56/><F3/><W76/><G76/><T74/><D74/><U0/><E0/><V117/><F117/><W134/><G134/><T133/><D133/><U51/><E51/><V126/><F126/><W19/><G100/><T53/><D53/><U107/><E107/><V89/><F75/><W23/><G11/><T27/><D27/><U91/><E102/><V14/><F73/><W104/><G104/><T81/><REACH who="0" step="1"/><D88/><REACH who="0" ten="203,426,321,40" step="2"/><U105/><E35/><V63/><F26/><N who="3" m="16711" /><G67/><T1/><D1/><U79/><E79/><V45/><F103/><W37/><G42/><T38/><AGARI ba="0,1" hai="16,21,24,38,43,46,60,65,69,80,81,83,97,98" machi="38" ten="30,8000,1" yaku="1,1,0,1,52,1,54,1,53,1" doraHai="66" doraHaiUra="40" who="0" fromWho="0" sc="203,90,426,-40,321,-20,40,-20" /><INIT seed="6,0,0,5,0,48" ten="293,386,301,20" oya="2" hai0="44,30,16,57,56,108,64,112,68,99,107,33,77" hai1="94,37,105,73,51,14,31,129,35,121,42,79,71" hai2="32,80,19,13,17,63,113,88,114,21,74,103,66" hai3="83,89,131,9,87,118,102,76,132,11,84,54,120"/><V22/><F32/><W15/><G118/><T134/><D108/><U49/><E105/><V86/><F74/><W128/><G120/><T52/><D77/><U126/><E71/><V135/><F103/><W101/><G132/><T69/><D134/><U2/><E2/><V109/><F109/><W119/><G119/><T93/><D112/><U62/><E37/><V110/><F110/><W85/><G9/><T125/><D107/><U18/><E31/><V117/><F117/><W47/><G128/><T43/><D125/><U70/><E35/><V130/><F130/><W34/><G34/><T7/><D7/><U46/><E79/><V90/><F90/><W41/><G131/><T38/><D57/><U53/><E73/><V23/><F135/><W61/><G41/><T36/><D36/><U127/><E129/><V4/><F4/><W104/><G104/><T78/><D78/><U39/><E39/><V12/><REACH who="2" step="1"/><F22/><REACH who="2" ten="293,386,291,20" step="2"/><W95/><G85/><T98/><D33/><U116/><E116/><V123/><F123/><W133/><G133/><T106/><D106/><U1/><E121/><V100/><F100/><W0/><G0/><T81/><D99/><U50/><E1/><V59/><AGARI ba="0,1" hai="12,13,17,19,21,23,59,63,66,80,86,88,113,114" machi="59" ten="30,11700,0" yaku="1,1,0,1,9,1,54,1,53,0" doraHai="48" doraHaiUra="65" who="2" fromWho="2" sc="293,-39,386,-39,291,127,20,-39" owari="254,-15.0,347,15.0,418,52.0,-19,-52.0" /></mjloggm>