<mjloggm ver="2.3"><GO type="225" lobby="0"/><UN n0="%E3%81%AB%E3%82%83%EF%BD%9E%E3%81%8A" n1="%E9%9F%93%E8%A1%9B%E9%9D%92" n2="%E8%88%B9%E8%A6%8B%E7%B5%90%E8%A1%A3%E3%81%A1%E3%82%83%E3%82%93" n3="%E3%82%A4%E3%83%8A%E3%82%BA%E3%83%9E%E8%91%AC%E5%84%80" dan="16,16,16,17" rate="2146.34,2195.11,2178.94,2241.48" sx="M,F,F,F"/><TAIKYOKU oya="0"/><INIT seed="0,0,0,0,3,47" ten="250,250,250,250" oya="0" hai0="31,26,23,88,55,122,119,120,53,91,107,78,54" hai1="27,89,36,116,25,133,67,39,95,94,46,33,105" hai2="118,72,0,124,121,8,52,97,37,3,51,112,13" hai3="61,123,12,42,69,9,130,87,20,86,113,125,100"/><T96/><D119/><U76/><E116/><V43/><F118/><W58/><G113/><T101/><REACH who="0" step="1"/><D78/><REACH who="0" ten="240,250,250,250" step="2"/><U111/><E76/><V34/><F112/><W5/><G123/><AGARI ba="0,1" hai="23,26,31,53,54,55,88,91,96,101,107,120,122,123" machi="123" ten="40,7700,0" yaku="1,1,2,1,54,1,53,0" doraHai="47" doraHaiUra="71" who="0" fromWho="3" sc="240,87,250,0,250,0,250,-77" /><INIT seed="0,1,0,1,1,44" ten="327,250,250,173" oya="0" hai0="45,35,13,100,80,114,11,31,15,17,30,107,122" hai1="86,133,115,34,27,1,57,89,12,42,47,54,63" hai2="65,0,126,109,20,52,119,41,7,73,59,58,29" hai3="97,77,32,81,33,82,110,123,10,91,98,124,23"/><T83/><D122/><U67/><E1/><V26/><F73/><W103/><G110/><T56/><D114/><U120/><E120/><V37/><F109/><W8/><G124/><T117/><D117/><U18/><E115/><V87/><F119/><W19/><G123/><T4/><D100/><U3/><E3/><V135/><F135/><W128/><G128/><T76/><D107/><U53/><E133/><V108/><F108/><W95/><G33/><T46/><D56/><U28/><E12/><V75/><F126/><W24/><G32/><T66/><D66/><U90/><E18/><V48/><F75/><W72/><REACH who="3" step="1"/><G81/><REACH who="3" ten="327,250,250,163" step="2"/><T88/><D80/><U102/><E102/><V84/><F37/><W69/><G69/><T6/><D35/><U60/><E86/><V38/><F38/><W101/><G101/><T125/><D125/><U55/><REACH who="1" step="1"/><E60/><REACH who="1" ten="327,240,250,163" step="2"/><N who="2" m="38047" /><F87/><W79/><G79/><T14/><D76/><U51/><AGARI ba="1,2" hai="27,28,34,42,47,51,53,54,55,57,63,67,89,90" machi="51" ten="30,4000,0" yaku="1,1,0,1,52,1,53,0" doraHai="44" doraHaiUra="2" who="1" fromWho="1" sc="327,-21,240,63,250,-11,163,-11" /><INIT seed="1,0,0,3,4,91" ten="306,303,239,152" oya="1" hai0="93,82,51,66,11,123,72,24,67,79,57,48,102" hai1="113,83,60,111,131,49,92,90,109,115,75,52,85" hai2="96,2,53,36,13,14,118,34,104,135,121,7,106" hai3="40,78,15,65,84,94,5,124,1,97,32,27,114"/><U37/><E37/><V41/><F121/><W107/><G114/><T103/><D123/><U45/><E131/><V133/><F118/><W129/><G124/><T95/><D11/><U126/><E126/><V73/><F73/><W86/><G129/><T87/><D24/><U89/><E60/><V0/><F34/><W50/><G107/><T76/><D72/><U10/><E10/><V88/><F53/><W26/><G1/><N who="2" m="617" /><F41/><W4/><G65/><N who="0" m="24587" /><D79/><U28/><E28/><V19/><F7/><W12/><G32/><T71/><D71/><U20/><E20/><V33/><F33/><W35/><G35/><T21/><D21/><U125/><E125/><V47/><F47/><W16/><G50/><N who="0" m="18987" /><D57/><U8/><E8/><V110/><F36/><W80/><G40/><T17/><D17/><U62/><E62/><V58/><F58/><W64/><G64/><T68/><D68/><U3/><E3/><V42/><F42/><W39/><G39/><T54/><D54/><U128/><E128/><V101/><F106/><W130/><G130/><T55/><D55/><U31/><E31/><V18/><F18/><W69/><G69/><T100/><AGARI ba="0,0" hai="76,82,87,93,95,100,102,103" m="18987,24587" machi="100" ten="30,4000,0" yaku="8,1,52,2" doraHai="91" who="0" fromWho="0" sc="306,40,303,-20,239,-10,152,-10" /><INIT seed="2,0,0,0,5,112" ten="346,283,229,142" oya="2" hai0="45,82,80,79,10,108,44,12,18,115,29,76,126" hai1="55,19,75,113,34,86,128,131,5,52,56,38,11" hai2="122,74,0,107,69,70,24,67,28,77,31,4,83" hai3="102,129,97,50,117,95,99,26,100,120,27,135,81"/><V91/><F122/><W94/><G135/><T22/><D115/><U73/><E38/><V72/><F107/><W48/><G129/><N who="1" m="49738" /><E113/><V9/><F91/><W132/><G132/><T68/><D68/><U119/><E34/><N who="2" m="20743" /><F31/><W14/><G14/><T87/><D126/><U111/><E111/><V63/><F70/><W20/><G81/><T134/><D108/><U40/><E40/><V114/><F114/><W61/><G61/><T36/><D36/><U71/><E71/><V42/><F42/><W46/><G20/><T130/><D134/><U96/><E19/><V51/><F51/><W60/><G60/><T49/><D49/><U103/><E86/><V90/><F90/><W92/><G92/><T118/><D130/><U3/><E119/><V123/><F123/><W88/><G88/><T85/><D118/><U98/><E98/><V121/><F121/><W23/><G23/><T32/><D32/><U7/><E7/><V58/><F58/><W89/><G89/><T109/><D109/><U54/><E56/><V78/><F78/><W105/><G120/><T57/><D57/><U62/><E62/><V30/><F30/><W116/><REACH who="3" step="1"/><G46/><REACH who="3" ten="346,283,229,132" step="2"/><T47/><D47/><U13/><E13/><V106/><F106/><AGARI ba="0,1" hai="26,27,48,50,94,95,97,99,100,102,105,106,116,117" machi="106" ten="25,12000,2" yaku="1,1,2,1,22,2,52,2,53,0" doraHai="112" doraHaiUra="53" who="3" fromWho="2" sc="346,0,283,0,229,-120,132,130" /><AGARI ba="0,0" hai="3,5,11,52,54,55,73,75,96,103,106" m="49738" machi="106" ten="30,2000,0" yaku="19,1,54,1" doraHai="112" who="1" fromWho="2" sc="346,0,283,20,109,-20,262,0" /><INIT seed="3,0,0,5,0,122" ten="346,303,89,262" oya="3" hai0="82,33,69,129,65,54,41,29,87,24,2,132,85" hai1="70,20,49,26,13,21,52,121,48,80,4,73,63" hai2="131,35,62,68,90,42,16,1,38,37,47,3,76" hai3="81,99,45,55,117,125,100,135,57,78,106,114,28"/><W110/><G114/><T94/><D2/><U119/><E121/><V96/><F90/><W61/><G117/><T67/><D69/><U93/><E119/><V22/><F131/><W124/><G135/><T111/><D41/><U43/><E73/><V112/><F112/><W10/><G28/><T109/><D129/><U123/><E123/><V53/><F38/><W8/><G45/><T0/><D0/><U71/><E80/><V40/><F40/><W120/><G120/><T11/><D11/><U72/><E72/><V108/><F76/><W58/><G58/><T77/><D54/><U75/><E75/><V86/><F86/><N who="3" m="48439" /><G8/><T17/><D17/><U36/><E4/><V31/><F31/><W116/><G10/><T64/><D132/><U19/><E36/><V101/><F35/><W97/><G97/><T79/><D94/><U51/><E43/><V12/><F96/><W14/><G14/><T118/><D118/><U15/><E93/><V113/><F101/><W92/><G92/><T126/><D126/><N who="3" m="48745" /><G116/><T127/><D127/><U88/><E88/><V56/><F113/><W34/><G34/><T91/><D91/><U27/><E70/><V50/><REACH who="2" step="1"/><F108/><AGARI ba="0,0" hai="55,57,61,99,100,106,108,110" m="48745,48439" machi="108" ten="30,5800,0" yaku="18,1,52,2" doraHai="122" who="3" fromWho="2" sc="346,0,303,0,89,-58,262,58" /><INIT seed="3,1,0,2,3,22" ten="346,303,31,320" oya="3" hai0="0,46,53,5,3,115,26,70,76,27,82,54,90" hai1="62,86,65,96,21,68,94,95,67,43,23,107,69" hai2="13,89,60,18,36,114,119,31,29,127,52,78,117" hai3="105,35,17,47,30,10,14,99,111,104,15,73,32"/><W79/><G111/><T126/><D70/><U108/><E108/><V24/><F36/><W57/><G79/><T49/><D126/><U109/><E109/><V132/><F78/><W41/><G73/><T87/><D115/><U84/><E43/><V135/><F89/><W131/><G131/><T98/><D3/><U134/><E107/><V59/><F59/><W102/><G105/><T2/><D2/><U121/><E134/><V124/><F60/><W16/><G57/><T39/><D39/><U45/><E45/><V6/><F52/><N who="0" m="20074" /><D5/><U66/><E121/><V129/><F6/><W123/><G123/><T12/><D12/><U63/><E67/><V80/><F80/><W11/><G30/><T19/><D19/><U28/><E96/><V133/><F114/><W92/><G104/><T8/><D8/><U40/><E40/><V33/><F129/><W93/><G93/><N who="0" m="56631" /><D0/><U128/><E128/><V9/><REACH who="2" step="1"/><F31/><AGARI ba="1,0" hai="21,23,28,31,62,63,65,66,68,69,84,86,94,95" machi="31" ten="25,1600,0" yaku="22,2" doraHai="22" who="1" fromWho="2" sc="346,0,303,19,31,-19,320,0" owari="346,45.0,322,12.0,12,-49.0,320,-8.0" /></mjloggm>