<mjloggm ver="2.3"><GO type="185" lobby="0"/><UN n0="%E8%8A%B1%E9%AD%81" n1="%E7%81%AB%E6%98%9F%E3%81%AE%E7%8A%AC" n2="%41%74%72%69%61" n3="" dan="17,16,17,0" rate="2338.87,2197.86,2276.81,1500.00" sx="F,M,F,C"/><TAIKYOKU oya="0"/><INIT seed="0,0,0,4,0,81" ten="350,350,350,0" oya="0" hai0="90,93,76,50,38,119,49,2,1,106,0,75,69" hai1="51,110,73,117,33,71,94,48,88,89,77,63,3" hai2="115,126,42,108,132,128,47,99,68,82,91,105,35" hai3=""/><T109/><D119/><U114/><E3/><V65/><F115/><T66/><D106/><U103/><E33/><V129/><F35/><T62/><D38/><U74/><E117/><V113/><F113/><T61/><D109/><U52/><E110/><V102/><F108/><T111/><D111/><U53/><E114/><V97/><F132/><T80/><REACH who="0" step="1"/><D62/><REACH who="0" ten="340,350,350,0" step="2"/><U131/><E131/><V134/><F128/><T36/><D36/><U59/><E71/><V70/><F129/><T98/><AGARI ba="0,1" hai="0,1,2,49,50,61,66,69,75,76,80,90,93,98" machi="98" ten="30,2000,0" yaku="1,1,0,1,53,0" doraHai="81" doraHaiUra="43" who="0" fromWho="0" sc="340,30,350,-10,350,-10,0,0" /><INIT seed="0,1,0,3,5,73" ten="370,340,340,0" oya="0" hai0="81,75,119,135,118,103,71,52,57,0,49,130,105" hai1="67,124,108,66,91,99,90,72,64,34,112,114,83" hai2="79,87,3,131,102,109,106,51,80,70,76,35,100" hai3=""/><T107/><D0/><U1/><E1/><V117/><F3/><T43/><D130/><U115/><E34/><V63/><F35/><T61/><D135/><U40/><E124/><V134/><F134/><T93/><D93/><U120/><N who="1" m="30752" /><U132/><E132/><V42/><F131/><T97/><D107/><U47/><E108/><V125/><F109/><T111/><D111/><U65/><N who="1" m="16896" /><DORA hai="58" /><U88/><E72/><V128/><F70/><T56/><D71/><U44/><E83/><V54/><F106/><T95/><D105/><U126/><E126/><V59/><F125/><T84/><D75/><U98/><E40/><V45/><F128/><T127/><D127/><U104/><REACH who="1" step="1"/><E104/><REACH who="1" ten="370,330,340,0" step="2"/><V82/><F117/><T94/><D95/><U53/><E53/><V55/><F54/><T86/><D43/><U74/><E74/><AGARI ba="1,1" hai="42,45,51,55,59,63,74,76,79,80,82,87,100,102" machi="74" ten="30,7700,0" yaku="7,1,52,3" doraHai="73,58" who="2" fromWho="1" sc="370,0,330,-79,340,89,0,0" /><INIT seed="1,0,0,0,2,51" ten="370,251,429,0" oya="1" hai0="79,50,104,83,53,35,60,45,116,87,89,36,73" hai1="107,101,132,0,76,70,40,72,64,98,124,2,63" hai2="82,127,59,120,93,3,77,113,62,52,112,66,92" hai3=""/><U69/><E124/><V130/><N who="2" m="30752" /><V119/><F119/><T100/><D116/><U58/><E132/><V39/><F3/><T94/><D35/><U90/><E58/><V32/><F32/><T131/><D131/><U38/><E70/><V48/><F39/><T118/><D118/><U91/><E90/><V114/><F130/><T57/><D36/><U110/><E91/><V125/><F125/><T34/><D34/><U65/><E65/><V42/><F42/><T97/><D45/><U111/><E40/><V135/><F135/><T67/><D50/><U78/><E38/><V123/><N who="2" m="31520" /><V133/><F133/><T129/><D129/><U44/><E44/><V109/><F109/><N who="1" m="41481" /><E78/><V49/><F127/><T126/><D126/><U121/><N who="1" m="31008" /><U117/><E117/><V33/><F33/><T122/><N who="0" m="31264" /><T105/><REACH who="0" step="1"/><D67/><REACH who="0" ten="360,251,429,0" step="2"/><U84/><E84/><V115/><N who="2" m="28672" /><DORA hai="134" /><V81/><F48/><T103/><D103/><U80/><AGARI ba="0,1" hai="0,2,63,64,69,72,76,80,98,101,107" m="31008,41481" machi="80" ten="30,7800,0" yaku="14,1,10,1,23,1,52,1" doraHai="51,134" who="1" fromWho="1" sc="360,-39,251,88,429,-39,0,0" /><INIT seed="1,1,0,3,5,78" ten="321,339,390,0" oya="1" hai0="32,59,39,70,132,114,98,53,48,109,87,74,51" hai1="76,125,67,68,41,99,102,106,58,36,128,112,118" hai2="46,0,1,91,77,80,129,123,127,50,56,93,126" hai3=""/><U63/><E118/><V120/><N who="2" m="30752" /><V135/><N who="2" m="31520" /><V81/><F135/><T107/><D32/><U3/><E112/><V117/><F117/><T49/><D114/><U75/><E3/><V61/><F129/><T122/><N who="0" m="31264" /><T65/><D74/><U40/><E128/><V57/><F0/><T85/><D132/><U124/><E58/><N who="2" m="22635" /><F61/><T2/><D2/><U54/><E54/><V100/><F100/><T133/><D133/><U103/><E103/><V44/><F77/><T92/><D39/><U45/><E40/><V47/><F50/><T34/><D48/><U104/><E104/><V121/><N who="2" m="31008" /><V131/><F1/><T84/><D51/><U96/><E96/><V94/><F131/><T115/><D115/><U111/><E111/><V119/><F119/><T101/><D109/><U71/><E71/><V52/><F52/><T83/><D107/><U89/><REACH who="1" step="1"/><E89/><REACH who="1" ten="321,329,390,0" step="2"/><V43/><F43/><T130/><D130/><U113/><E113/><V110/><F91/><T35/><D70/><U116/><E116/><V134/><F110/><T73/><REACH who="0" step="1"/><D65/><REACH who="0" ten="311,329,390,0" step="2"/><U66/><E66/><V64/><F64/><T60/><D60/><U108/><E108/><V105/><F134/><T88/><D88/><U42/><E42/><RYUUKYOKU ba="1,2" sc="311,10,329,10,390,-20,0,0" hai0="34,35,49,53,59,73,83,84,85,87,92,98,101" hai1="36,41,45,63,67,68,75,76,99,102,106,124,125" /><INIT seed="1,2,2,0,0,38" ten="321,339,370,0" oya="1" hai0="103,0,3,67,36,41,122,58,89,92,88,120,47" hai1="127,95,94,54,39,2,60,79,102,50,52,97,124" hai2="59,68,113,70,118,129,90,49,78,119,76,55,33" hai3=""/><U105/><E2/><V121/><N who="2" m="31008" /><V75/><F33/><T53/><N who="0" m="30752" /><T87/><N who="0" m="31264" /><T43/><D67/><U131/><E39/><V46/><F129/><T56/><D43/><U98/><E131/><V81/><F113/><T112/><D112/><U109/><E79/><V82/><F90/><T106/><D58/><U133/><E133/><V101/><F101/><T83/><D106/><U132/><E132/><V37/><F37/><T85/><REACH who="0" step="1"/><D103/><REACH who="0" ten="311,339,370,0" step="2"/><U35/><E105/><V111/><F59/><T73/><D73/><U116/><E102/><V80/><F75/><T1/><D1/><U61/><E50/><AGARI ba="2,3" hai="0,3,36,41,47,50,53,56,83,85,87,88,89,92" m="31264,30752" machi="50" ten="30,12000,2" yaku="1,1,7,1,52,3,54,1,53,0" doraHai="38" doraHaiUra="72" who="0" fromWho="1" sc="311,154,339,-124,370,0,0,0" /><INIT seed="2,0,0,5,1,122" ten="465,215,370,0" oya="2" hai0="108,32,63,125,2,75,117,124,90,135,116,3,69" hai1="0,76,52,115,72,99,119,103,110,56,93,134,121" hai2="98,94,55,60,105,77,133,58,83,100,82,114,79" hai3=""/><V78/><F114/><T57/><D32/><U86/><N who="1" m="31008" /><U40/><E0/><N who="0" m="41" /><D75/><U87/><E115/><V59/><F133/><T46/><D135/><U45/><E134/><V36/><F36/><T123/><N who="0" m="31520" /><T97/><D69/><U127/><E119/><N who="0" m="45641" /><D46/><U120/><N who="1" m="30752" /><U101/><E127/><N who="0" m="48713" /><D90/><U50/><E103/><V111/><F111/><T62/><D97/><U126/><E126/><V107/><REACH who="2" step="1"/><F59/><REACH who="2" ten="465,215,360,0" step="2"/><T64/><D63/><U48/><E110/><AGARI ba="0,1" hai="57,62,64,108,110" m="48713,45641,31520,41" machi="110" ten="40,8000,1" yaku="18,1,52,3" doraHai="122" who="0" fromWho="1" sc="465,90,215,-80,360,0,0,0" /><INIT seed="4,0,0,2,4,48" ten="555,135,360,0" oya="0" hai0="47,112,65,78,106,91,2,121,72,67,35,89,63" hai1="49,101,74,34,93,59,99,116,95,64,69,98,82" hai2="51,96,79,40,61,133,55,113,131,123,75,134,68" hai3=""/><T102/><N who="0" m="31008" /><T94/><D35/><U85/><E34/><V107/><N who="2" m="31520" /><V119/><F113/><T114/><D2/><U73/><E116/><V39/><F119/><T71/><D65/><U81/><E69/><V111/><F111/><T3/><D3/><U42/><E64/><V62/><F131/><T132/><D132/><U53/><E42/><V80/><F68/><T130/><D130/><U84/><E74/><V60/><F39/><T66/><D66/><U126/><E126/><V86/><F40/><T36/><D106/><U124/><E124/><V33/><F33/><T110/><D110/><U70/><E70/><V118/><F118/><T50/><D36/><U46/><E46/><V128/><F128/><T117/><D117/><U37/><E37/><V44/><REACH who="2" step="1"/><F75/><REACH who="2" ten="555,135,350,0" step="2"/><T97/><D112/><U56/><E73/><V52/><F52/><T120/><N who="0" m="30752" /><T58/><D114/><U32/><E32/><V1/><F1/><T38/><D38/><U57/><E82/><V104/><F104/><T115/><D115/><U88/><REACH who="1" step="1"/><E85/><REACH who="1" ten="555,125,350,0" step="2"/><V129/><F129/><T103/><D71/><U54/><E54/><V92/><F92/><T87/><D87/><U43/><E43/><V105/><F105/><T100/><D94/><RYUUKYOKU ba="0,2" sc="555,-20,125,10,350,10,0,0" hai1="49,53,56,57,59,81,84,88,93,95,98,99,101" hai2="44,51,55,60,61,62,79,80,86,96,107,133,134" /><INIT seed="5,1,2,0,4,117" ten="535,135,360,0" oya="1" hai0="112,134,78,32,59,105,52,50,57,80,2,83,129" hai1="84,94,120,0,122,115,125,75,85,35,119,3,39" hai2="130,74,98,95,55,68,99,54,135,100,88,132,90" hai3=""/><U33/><N who="1" m="30752" /><U133/><N who="1" m="31264" /><U118/><E75/><V87/><F74/><T104/><D2/><U126/><E39/><V82/><F68/><T111/><D32/><U66/><E115/><V67/><F67/><T47/><D111/><U124/><E66/><V51/><F130/><T43/><D129/><U113/><E113/><V62/><F62/><T108/><D108/><U114/><E114/><V128/><F128/><T41/><D134/><N who="2" m="51242" /><F51/><T58/><D112/><U81/><E133/><V116/><F116/><N who="1" m="44585" /><E94/><AGARI ba="1,2" hai="54,55,82,87,88,90,94,95,98,99,100" m="51242" machi="94" ten="30,2000,0" yaku="20,1,54,1" doraHai="117" who="2" fromWho="1" sc="535,0,135,-22,360,42,0,0" /><INIT seed="6,0,0,5,5,80" ten="535,113,402,0" oya="2" hai0="56,109,117,92,66,91,128,74,45,95,101,122,97" hai1="99,86,64,127,108,72,67,69,90,103,59,118,104" hai2="120,48,38,3,60,53,58,79,134,44,98,82,133" hai3=""/><V132/><N who="2" m="30752" /><V36/><F3/><T119/><N who="0" m="31264" /><T126/><D109/><U68/><E108/><V116/><F98/><T107/><D74/><U39/><E118/><V115/><F116/><T41/><D126/><U111/><E111/><V73/><REACH who="2" step="1"/><F115/><REACH who="2" ten="535,113,392,0" step="2"/><T83/><D117/><U2/><E2/><V1/><F1/><T130/><D119/><U76/><E127/><V87/><F87/><T61/><D83/><U55/><E72/><V124/><F124/><T78/><D78/><U84/><E84/><V135/><N who="2" m="33792" /><DORA hai="121" /><V125/><F125/><T112/><D112/><U114/><E76/><V110/><F110/><T52/><D66/><AGARI ba="0,1" hai="36,38,44,48,53,58,60,66,73,79,82" m="33792,30752" machi="66" ten="70,12000,1" yaku="1,1,20,1,52,1,53,1" doraHai="80,121" doraHaiUra="123,49" who="2" fromWho="0" sc="535,-120,113,0,392,130,0,0" owari="415,2.0,113,-49.0,522,47.0,0,0.0" /></mjloggm>