<mjloggm ver="2.3"><GO type="185" lobby="0"/><UN n0="%6D%6F%6D%6F%74%61%6B%65" n1="%E7%81%AB%E6%98%9F%E3%81%AE%E7%8A%AC" n2="%E3%81%BF%E3%83%BC%E3%82%8F" n3="" dan="16,16,17,0" rate="2108.06,2192.21,2281.28,1500.00" sx="M,M,M,C"/><TAIKYOKU oya="0"/><INIT seed="0,0,0,3,2,55" ten="350,350,350,0" oya="0" hai0="103,102,82,133,53,108,47,134,1,114,113,106,123" hai1="124,0,94,70,100,37,104,71,67,91,65,72,54" hai2="39,74,117,44,79,98,69,51,126,3,99,59,45" hai3=""/><T107/><D1/><U88/><E88/><V83/><F3/><T81/><D53/><U80/><E80/><V132/><F126/><T89/><D47/><U50/><E50/><V112/><F132/><T111/><REACH who="0" step="1"/><D89/><REACH who="0" ten="340,350,350,0" step="2"/><U110/><E110/><V119/><F45/><T68/><D68/><U42/><E42/><V95/><F44/><T32/><D32/><U38/><E38/><V127/><F39/><T61/><D61/><U75/><E75/><V120/><F74/><T96/><D96/><U87/><E87/><V49/><F99/><T115/><D115/><U64/><E64/><V85/><F98/><T35/><D35/><U86/><E86/><V131/><F85/><T76/><D76/><U118/><E118/><V34/><F79/><T92/><D92/><U135/><E135/><V121/><F95/><T90/><D90/><U122/><E122/><AGARI ba="0,1" hai="81,82,102,103,106,107,108,111,113,114,122,123,133,134" machi="122" ten="25,18000,2" yaku="1,1,22,2,34,3,53,0" doraHai="55" doraHaiUra="105" who="0" fromWho="1" sc="340,190,350,-180,350,0,0,0" /><INIT seed="0,1,0,3,5,93" ten="530,170,350,0" oya="0" hai0="32,125,64,38,36,122,66,86,119,110,120,37,45" hai1="129,85,108,118,114,75,74,84,116,90,121,95,55" hai2="87,83,49,117,112,96,50,34,33,126,2,68,130" hai3=""/><T46/><N who="0" m="30752" /><T62/><N who="0" m="31264" /><T69/><D32/><U35/><N who="1" m="31008" /><U73/><E55/><V48/><F112/><T113/><D113/><U106/><E35/><V43/><F130/><T132/><D119/><N who="1" m="45611" /><E114/><V0/><F117/><T59/><D86/><U98/><E129/><V41/><F126/><T52/><D125/><U80/><E108/><V58/><F68/><T70/><D132/><U128/><E128/><V101/><F58/><T81/><D81/><U40/><E40/><V105/><F34/><T111/><D111/><U88/><E106/><V47/><F33/><T61/><D110/><U53/><E53/><V97/><F97/><AGARI ba="1,0" hai="73,74,75,80,84,85,88,90,95,97,98" m="45611,31008" machi="97" ten="40,12000,2" yaku="34,2,52,3,54,1" doraHai="93" who="1" fromWho="2" sc="530,0,170,122,350,-122,0,0" /><INIT seed="1,0,0,5,0,95" ten="530,292,228,0" oya="1" hai0="48,118,38,2,98,49,99,58,70,100,63,117,85" hai1="60,96,106,36,78,114,55,126,79,123,97,35,33" hai2="94,47,77,42,128,53,110,3,135,69,103,56,40" hai3=""/><U67/><N who="1" m="31520" /><U34/><E114/><V64/><F3/><T52/><D38/><U102/><E36/><V62/><F110/><T107/><D2/><U80/><E126/><V119/><F119/><N who="0" m="45578" /><D70/><U93/><E55/><V111/><F111/><T132/><D132/><U109/><E109/><V54/><F135/><T82/><D99/><U74/><E79/><AGARI ba="0,0" hai="48,49,52,58,63,79,82,85,98,100,107" m="45578" machi="79" ten="30,3900,0" yaku="12,1,52,1,54,1" doraHai="95" who="0" fromWho="1" sc="530,39,292,-39,228,0,0,0" /><INIT seed="2,0,0,4,0,33" ten="569,253,228,0" oya="2" hai0="91,55,50,39,111,85,40,69,124,93,74,45,97" hai1="134,54,80,43,83,51,132,135,41,119,32,44,117" hai2="63,64,77,108,105,75,129,78,90,130,116,106,65" hai3=""/><V57/><F116/><N who="1" m="44617" /><E32/><V100/><F108/><T3/><D111/><U61/><E83/><V110/><F110/><T53/><D74/><U92/><E80/><V133/><F133/><T95/><D69/><U37/><E92/><V48/><F90/><T52/><D3/><U36/><E61/><V104/><F100/><T35/><D124/><U94/><E94/><V123/><N who="2" m="31520" /><V59/><F75/><T120/><N who="0" m="30752" /><T58/><D35/><U72/><E72/><V71/><F78/><T89/><AGARI ba="0,0" hai="39,40,45,50,52,53,55,58,85,89,91,93,95,97" m="30752" machi="89" ten="20,3900,0" yaku="0,1,7,1,52,1,54,1" doraHai="33" who="0" fromWho="0" sc="569,39,253,-13,228,-26,0,0" /><INIT seed="4,0,0,1,5,111" ten="608,240,202,0" oya="0" hai0="133,38,48,83,93,110,58,63,108,119,134,103,118" hai1="1,129,84,46,42,95,98,132,85,88,121,102,89" hai2="77,104,50,122,36,126,105,61,72,66,112,106,109" hai3=""/><T62/><D83/><U96/><N who="1" m="31008" /><U124/><E1/><V86/><N who="2" m="31264" /><V47/><F109/><N who="0" m="42090" /><D38/><U54/><E129/><V56/><F126/><T33/><D33/><U65/><E124/><V130/><F130/><T57/><D48/><U64/><E132/><N who="0" m="50793" /><D103/><U97/><E54/><V55/><F36/><T82/><D93/><U127/><E127/><V78/><F72/><T68/><D68/><U131/><E131/><V3/><F3/><T52/><D82/><U123/><N who="1" m="31520" /><U39/><REACH who="1" step="1"/><E102/><REACH who="1" ten="608,230,202,0" step="2"/><V35/><F35/><T44/><D44/><U45/><E45/><V67/><F47/><T92/><D92/><AGARI ba="0,1" hai="39,42,46,64,65,84,85,88,89,92,95,96,97,98" m="31520,31008" machi="92" ten="40,8000,1" yaku="1,1,9,1,52,2,54,1,53,0" doraHai="111" doraHaiUra="73" who="1" fromWho="0" sc="608,-80,230,90,202,0,0,0" /><INIT seed="5,0,0,1,1,128" ten="528,320,202,0" oya="1" hai0="1,36,105,73,48,103,132,77,104,40,113,118,83" hai1="67,55,85,35,124,62,120,82,122,106,133,88,131" hai2="32,112,100,74,71,97,84,87,91,69,49,64,47" hai3=""/><U90/><N who="1" m="30752" /><U59/><N who="1" m="31264" /><U134/><E35/><V94/><F32/><T117/><D1/><U81/><E106/><V99/><F74/><T116/><D113/><U41/><E131/><V56/><F112/><T96/><D36/><U129/><E129/><V52/><F87/><T76/><D76/><U78/><E124/><V53/><F64/><T109/><D109/><U107/><E107/><V0/><F0/><T80/><D80/><U45/><E67/><V39/><F99/><T43/><D105/><U61/><E61/><V119/><F119/><T72/><D72/><U42/><E42/><N who="0" m="15913" /><D48/><U65/><E65/><V126/><F126/><T51/><D51/><U75/><REACH who="1" step="1"/><E90/><REACH who="1" ten="528,310,202,0" step="2"/><V33/><F33/><T111/><D111/><U125/><E125/><V50/><REACH who="2" step="1"/><F39/><AGARI ba="0,1" hai="39,41,45,55,59,62,75,78,81,82,85,88,133,134" m="31264,30752" machi="39" ten="40,18000,2" yaku="1,1,52,4,54,1,53,0" doraHai="128" doraHaiUra="44" who="1" fromWho="2" sc="528,0,310,190,202,-180,0,0" /><INIT seed="5,1,0,4,2,124" ten="528,500,22,0" oya="1" hai0="117,94,48,76,129,135,122,47,105,116,112,32,100" hai1="37,54,43,77,90,56,96,1,38,66,109,91,119" hai2="123,115,101,89,42,99,78,82,45,57,0,35,102" hai3=""/><U95/><E1/><V84/><N who="2" m="31520" /><V113/><F0/><T114/><N who="0" m="31264" /><T67/><D105/><U63/><E119/><N who="0" m="45641" /><D32/><U131/><E109/><V58/><F35/><T128/><D76/><U108/><E108/><V52/><F89/><T81/><D81/><U74/><E43/><V80/><F82/><T118/><D67/><U126/><E126/><V87/><F84/><T39/><D39/><U127/><E127/><V133/><F133/><T134/><D94/><U34/><E34/><V86/><F86/><T3/><D100/><U92/><E66/><V98/><F102/><T36/><D36/><U59/><E77/><V93/><F99/><T79/><D79/><U71/><E74/><V97/><F98/><T44/><D44/><U130/><E71/><V125/><F125/><T106/><D106/><U70/><E70/><V51/><REACH who="2" step="1"/><F58/><REACH who="2" ten="528,500,12,0" step="2"/><T41/><D3/><U55/><E96/><V49/><AGARI ba="1,1" hai="42,45,49,51,52,57,78,80,87,93,97,101,113,115" m="31520" machi="49" ten="30,6000,1" yaku="1,1,2,1,0,1,52,1,54,1,53,0" doraHai="124" doraHaiUra="107" who="2" fromWho="2" sc="528,-21,500,-41,12,72,0,0" /><INIT seed="6,0,0,5,4,133" ten="507,459,84,0" oya="2" hai0="94,40,66,83,38,107,128,3,102,67,74,0,82" hai1="33,112,75,64,96,61,79,55,89,60,80,85,32" hai2="2,71,132,122,121,114,65,124,123,135,42,70,99" hai3=""/><V78/><N who="2" m="31008" /><V129/><N who="2" m="31264" /><V87/><N who="2" m="31520" /><V37/><F2/><T76/><D107/><U92/><E112/><V127/><F114/><T47/><D3/><U100/><E55/><V44/><F129/><T95/><D0/><U43/><E43/><V115/><F115/><T131/><D83/><U50/><E50/><V45/><F99/><T36/><D36/><U39/><E39/><V63/><F71/><T105/><D105/><U52/><E61/><V111/><F111/><T72/><D72/><U120/><N who="1" m="30752" /><U53/><E32/><V93/><F45/><T106/><D106/><U109/><E109/><V97/><F87/><T130/><D102/><U1/><E1/><V56/><F78/><T119/><D119/><U35/><E35/><V81/><F81/><T103/><D103/><U117/><E117/><V86/><F86/><T41/><D41/><U62/><E33/><V118/><F70/><T51/><D38/><U84/><E84/><V59/><F59/><T58/><D67/><U68/><E62/><AGARI ba="0,0" hai="40,47,51,58,62,66,74,76,82,94,95,128,130,131" machi="62" ten="40,1300,0" yaku="19,1" doraHai="133" who="0" fromWho="1" sc="507,13,459,-13,84,0,0,0" owari="520,47.0,446,5.0,84,-52.0,0,0.0" /></mjloggm>