<mjloggm ver="2.3"><GO type="169" lobby="0"/><UN n0="%E6%B1%A0%E7%94%B0%E3%81%AD%E3%81%93" n1="%E4%BF%AE%E5%A3%AB%33%E5%B9%B4" n2="%E3%81%A6%E3%82%93%E3%81%A6%E3%81%93%E7%8B%90" n3="%6B%5F%6D%5F%62" dan="16,17,16,16" rate="2056.42,2104.52,2194.17,2159.48" sx="F,M,M,M"/><TAIKYOKU oya="0"/><INIT seed="0,0,0,5,3,96" ten="250,250,250,250" oya="0" hai0="10,79,85,57,68,97,32,30,48,120,16,7,108" hai1="45,128,100,1,98,28,88,106,0,116,43,22,46" hai2="50,122,55,86,21,14,125,95,121,133,107,80,12" hai3="77,33,73,65,53,40,19,38,25,102,91,83,39"/><T101/><D120/><U24/><E116/><V104/><F133/><W18/><G65/><T81/><D68/><U64/><E128/><V47/><F125/><W6/><G91/><T119/><D119/><U134/><E134/><V105/><F95/><W89/><G89/><T42/><D108/><U15/><E64/><V124/><F124/><W69/><G69/><T82/><D32/><U58/><E58/><V90/><REACH who="2" step="1"/><F21/><REACH who="2" ten="250,250,240,250" step="2"/><W26/><G33/><T72/><D30/><U17/><E45/><V78/><F78/><W62/><G77/><T5/><D82/><U11/><REACH who="1" step="1"/><E88/><REACH who="1" ten="250,240,240,250" step="2"/><V111/><F111/><W117/><G117/><T63/><D72/><U51/><AGARI ba="0,2" hai="0,1,11,15,17,22,24,28,43,46,51,98,100,106" machi="51" ten="20,12000,2" yaku="1,1,2,1,0,1,7,1,52,1,53,1" doraHai="96" doraHaiUra="23" who="1" fromWho="1" sc="250,-60,240,140,240,-30,250,-30" /><INIT seed="1,0,0,3,3,31" ten="190,380,210,220" oya="1" hai0="107,135,116,56,65,41,94,6,12,3,10,119,47" hai1="63,57,67,74,33,128,82,16,52,7,77,85,58" hai2="76,69,88,95,121,29,62,98,105,120,123,54,2" hai3="14,48,81,97,45,19,21,110,106,50,70,4,118"/><U127/><E128/><V18/><F2/><W25/><G110/><T124/><D107/><U80/><E127/><V86/><F29/><W103/><G118/><T122/><D124/><U23/><E7/><V75/><F18/><W130/><G130/><T27/><D122/><U1/><E1/><V134/><F54/><W117/><G117/><T115/><D135/><U59/><E67/><V51/><F51/><W101/><G101/><T112/><D56/><U22/><E22/><V38/><F38/><W35/><G70/><T91/><D27/><U68/><E33/><V9/><F9/><W96/><G96/><T126/><D65/><U0/><E0/><V64/><F134/><W53/><G81/><T11/><D126/><U17/><E17/><V42/><F42/><W132/><G132/><T40/><D40/><U60/><E68/><V13/><F13/><W131/><G131/><T43/><D43/><U93/><E93/><V61/><F61/><W92/><G106/><T46/><D46/><U73/><E60/><V24/><F24/><W133/><G133/><T79/><D79/><U114/><E73/><V109/><F109/><W49/><G35/><T129/><D129/><U72/><E72/><V102/><F123/><W28/><G28/><T26/><D26/><N who="1" m="14695" /><E114/><V71/><F71/><W83/><G83/><AGARI ba="0,0" hai="62,64,69,75,76,83,86,88,95,98,102,105,120,121" machi="83" ten="40,5200,0" yaku="24,2,54,1" doraHai="31" who="2" fromWho="3" sc="190,0,380,0,210,52,220,-52" /><INIT seed="2,0,0,1,2,124" ten="190,380,262,168" oya="2" hai0="19,131,54,26,64,61,20,13,27,127,128,119,76" hai1="101,48,110,114,70,89,122,33,52,58,50,102,115" hai2="49,103,106,135,75,94,95,24,10,0,42,81,46" hai3="112,83,23,87,6,82,100,31,130,30,51,25,68"/><V107/><F135/><W99/><G112/><T67/><D127/><U74/><E33/><V125/><F125/><W9/><G68/><T22/><D76/><U12/><E74/><V97/><F24/><N who="0" m="9258" /><D119/><U16/><E70/><V93/><F107/><W113/><G113/><T120/><D120/><U77/><E77/><V73/><REACH who="2" step="1"/><F81/><REACH who="2" ten="190,380,252,168" step="2"/><W123/><G82/><T104/><D104/><U44/><E115/><V38/><F38/><W1/><G123/><T86/><D22/><U55/><E122/><V92/><N who="2" m="23552" /><DORA hai="34" /><V60/><F60/><W39/><G39/><T88/><D61/><U37/><E114/><V5/><AGARI ba="0,1" hai="0,5,10,42,46,49,73,75,97,103,106" m="23552" machi="5" ten="40,24000,3" yaku="1,1,0,1,52,1,53,5" doraHai="124,34" doraHaiUra="90,40" who="2" fromWho="2" sc="190,-80,380,-80,252,250,168,-80" /><INIT seed="2,1,0,0,0,38" ten="110,300,502,88" oya="2" hai0="65,54,120,6,93,135,122,105,39,60,50,15,114" hai1="37,35,12,86,8,133,53,43,51,73,58,16,47" hai2="0,75,14,132,130,89,96,97,63,77,3,80,129" hai3="55,69,94,113,33,48,36,74,31,131,24,34,121"/><V5/><F132/><W109/><G121/><T28/><D105/><U92/><E133/><V70/><F14/><W119/><G119/><T72/><D135/><U30/><E73/><V81/><F81/><W115/><G109/><T41/><D72/><U56/><E35/><V134/><F134/><W66/><G131/><N who="2" m="50185" /><F89/><W9/><G74/><T2/><D2/><N who="2" m="554" /><F5/><W27/><G36/><T4/><D4/><U22/><E8/><V112/><F112/><N who="3" m="43083" /><G9/><T117/><D114/><U32/><E32/><N who="3" m="12394" /><G31/><T99/><D28/><U49/><E30/><V61/><F61/><N who="3" m="40143" /><G94/><T85/><D93/><U44/><E37/><V1/><F1/><W84/><G84/><T25/><D85/><U98/><E86/><V106/><F106/><W127/><G127/><T67/><D39/><U123/><E123/><V52/><F70/><W76/><G76/><T100/><D122/><U83/><E83/><V90/><F90/><AGARI ba="1,0" hai="12,16,22,43,44,47,49,51,53,56,58,90,92,98" machi="90" ten="30,7700,0" yaku="7,1,8,1,52,1,54,1" doraHai="38" who="1" fromWho="2" sc="110,0,300,80,502,-80,88,0" /><INIT seed="3,0,0,0,3,3" ten="110,380,422,88" oya="3" hai0="102,128,80,100,18,41,26,62,65,105,101,38,51" hai1="94,92,19,110,5,123,30,97,52,59,14,17,64" hai2="98,106,36,79,49,131,120,32,73,55,11,71,116" hai3="127,89,86,126,91,77,58,114,15,72,37,82,2"/><W88/><G2/><T109/><D109/><U66/><E110/><V45/><F32/><W25/><G37/><T69/><D128/><U23/><E123/><V21/><F116/><W96/><G25/><T84/><D38/><U33/><E33/><V121/><F131/><W53/><G114/><T20/><D41/><U112/><E30/><V9/><F71/><W124/><G15/><T35/><D51/><U68/><E68/><V67/><F67/><W16/><G16/><T12/><D105/><U61/><E112/><V39/><F21/><W95/><REACH who="3" step="1"/><G72/><REACH who="3" ten="110,380,422,78" step="2"/><T93/><D35/><U44/><E19/><V70/><F36/><W117/><G117/><T56/><D69/><U113/><E113/><V130/><F70/><W74/><G74/><T57/><D57/><U31/><E17/><V135/><F39/><W40/><G40/><T75/><D75/><U133/><E14/><V87/><F73/><W46/><G46/><T0/><D0/><U90/><E44/><V43/><F43/><W129/><G129/><T78/><REACH who="0" step="1"/><D26/><REACH who="0" ten="100,380,422,78" step="2"/><U63/><E59/><V107/><F130/><W81/><G81/><T122/><D122/><U8/><E31/><V76/><F120/><W28/><G28/><T27/><D27/><U125/><E23/><V47/><F121/><W118/><G118/><T132/><D132/><U50/><E133/><V34/><F135/><W99/><G99/><AGARI ba="0,2" hai="12,18,20,56,62,65,78,80,84,93,99,100,101,102" machi="99" ten="40,2600,0" yaku="1,1,8,1,53,0" doraHai="3" doraHaiUra="7" who="0" fromWho="3" sc="100,46,380,0,422,0,78,-26" /><INIT seed="4,0,0,2,0,60" ten="146,380,422,52" oya="0" hai0="61,32,25,134,70,9,86,29,115,112,105,72,14" hai1="40,75,85,87,54,58,109,26,2,106,35,68,102" hai2="34,63,100,101,77,64,80,65,1,0,27,42,118" hai3="97,10,19,79,62,23,88,131,43,81,48,36,37"/><T93/><D72/><U30/><E109/><V8/><F118/><W128/><G10/><T103/><D134/><U38/><E75/><V117/><F117/><W76/><G76/><T123/><D123/><U91/><E2/><V3/><F42/><W125/><G125/><T59/><D70/><U4/><E4/><V92/><F8/><W51/><G51/><T56/><D105/><U71/><E87/><V83/><F63/><W74/><G48/><T82/><D93/><U7/><E7/><V33/><F92/><N who="3" m="56455" /><G43/><T17/><D103/><N who="2" m="39498" /><F27/><N who="3" m="14847" /><G62/><T127/><D127/><U98/><E40/><V104/><F77/><W39/><G39/><T130/><D130/><U52/><E38/><V111/><F104/><W73/><G73/><T110/><D110/><U67/><E68/><V28/><F28/><W113/><G113/><N who="0" m="43595" /><D61/><U21/><E71/><V119/><F119/><W45/><G37/><T84/><D84/><U5/><E85/><V96/><F96/><W135/><G135/><T31/><D31/><U69/><E69/><V57/><F57/><W129/><G36/><T53/><D53/><U99/><E54/><V121/><F121/><W47/><AGARI ba="0,0" hai="45,47,74,79,81,128,129,131" m="14847,56455" machi="47" ten="40,2700,0" yaku="19,1,54,1" doraHai="60" who="3" fromWho="3" sc="146,-13,380,-7,422,-7,52,27" /><INIT seed="5,0,0,1,0,89" ten="133,373,415,79" oya="1" hai0="52,25,132,118,48,1,113,126,92,104,12,67,16" hai1="81,36,106,13,127,27,129,46,2,100,30,83,28" hai2="97,71,123,5,78,23,24,119,65,64,108,90,130" hai3="57,85,102,95,61,105,72,60,99,74,79,63,47"/><U58/><E2/><V11/><F108/><W62/><G47/><T101/><D118/><U7/><E106/><V110/><F110/><W96/><G85/><T17/><D1/><U59/><E100/><V88/><F119/><W15/><G79/><T135/><D104/><U49/><E129/><V54/><F123/><W131/><G131/><T3/><D3/><U66/><E36/><V55/><F130/><W50/><G50/><T82/><D67/><N who="2" m="25674" /><F90/><W84/><G84/><T53/><D113/><U115/><E127/><V10/><F78/><W120/><G120/><T125/><D82/><U26/><E66/><V69/><F69/><W45/><G45/><N who="0" m="27663" /><D53/><N who="2" m="19978" /><F5/><W22/><N who="3" m="15360" /><DORA hai="75" /><W117/><G57/><T32/><D32/><U35/><E115/><V21/><F21/><W38/><G38/><T44/><D44/><U109/><E109/><V34/><F34/><W122/><G122/><T103/><D25/><U76/><E46/><V39/><F71/><W111/><G111/><T116/><D17/><U80/><E76/><V87/><F97/><W128/><G128/><T42/><D42/><U98/><E98/><V43/><F43/><W29/><G117/><T133/><D116/><U40/><E40/><V91/><F91/><N who="3" m="55423" /><G29/><T73/><D73/><U56/><E49/><V18/><F39/><W112/><G112/><T107/><D107/><U33/><E59/><V20/><F20/><W31/><G31/><T37/><D37/><U6/><E58/><V77/><F77/><W68/><G68/><T121/><D121/><U51/><E56/><V41/><F41/><W114/><G114/><RYUUKYOKU ba="0,0" sc="133,-15,373,-15,415,15,79,15" hai2="10,11,18,23,24,87,88" hai3="15,22,72,74,99,102,105" /><INIT seed="6,1,0,1,0,19" ten="118,358,430,94" oya="2" hai0="23,85,96,124,69,80,135,63,67,77,64,4,113" hai1="59,92,117,46,115,97,130,120,114,49,54,105,110" hai2="1,90,128,27,116,26,24,52,70,106,66,95,34" hai3="103,39,53,134,56,111,87,14,82,40,57,109,36"/><V0/><F116/><W44/><G134/><T72/><D135/><U129/><E105/><V133/><F133/><W28/><G39/><T48/><D124/><U127/><E117/><V45/><F106/><W94/><G56/><T65/><D113/><N who="1" m="43019" /><E110/><V73/><F73/><W50/><G14/><T107/><D4/><U20/><E127/><V121/><F121/><W8/><G8/><T62/><D69/><U18/><E46/><V122/><F122/><W35/><G35/><T74/><D96/><U89/><E120/><V91/><F34/><W5/><G28/><T29/><D48/><U42/><E42/><V17/><F128/><W25/><G25/><AGARI ba="1,0" hai="18,20,25,49,54,59,89,92,97,129,130" m="43019" machi="25" ten="30,2000,0" yaku="15,1,52,1" doraHai="19" who="1" fromWho="3" sc="118,0,358,23,430,0,94,-23" /><INIT seed="7,0,0,3,4,90" ten="118,381,430,71" oya="3" hai0="116,12,59,78,110,68,35,121,67,58,84,109,98" hai1="61,123,99,18,81,32,83,29,95,133,79,69,50" hai2="132,10,28,106,60,86,2,120,9,112,111,75,4" hai3="26,77,34,92,22,115,94,80,24,131,55,13,104"/><W53/><G115/><T73/><D35/><U0/><E123/><V130/><F111/><W124/><G131/><T52/><D73/><U31/><E0/><V113/><F75/><W117/><G117/><T37/><D37/><U118/><E133/><V85/><F132/><W46/><G124/><T40/><D40/><U41/><E81/><V51/><F130/><W16/><G104/><T66/><D68/><U47/><E32/><V65/><F120/><W122/><G122/><T93/><D116/><U56/><E18/><V43/><F28/><N who="3" m="17495" /><G34/><T129/><D59/><U23/><E23/><V74/><F10/><N who="3" m="6199" /><G24/><T100/><D129/><U101/><E69/><N who="2" m="42151" /><F106/><W45/><G77/><T87/><D121/><U82/><E118/><V102/><F102/><W119/><G119/><T54/><D110/><U25/><E25/><V63/><F74/><W76/><G76/><T17/><D54/><N who="3" m="20489" /><G80/><N who="1" m="30762" /><E79/><V39/><F39/><W134/><G134/><T27/><D27/><U105/><E105/><V62/><F2/><W127/><G127/><T91/><D109/><U5/><E5/><V48/><F4/><W64/><G64/><AGARI ba="0,0" hai="29,31,41,47,50,56,61,64,95,99,101" m="30762" machi="64" ten="30,2000,0" yaku="8,1,52,1" doraHai="90" who="1" fromWho="3" sc="118,0,381,20,430,0,71,-20" owari="118,-28.0,401,20.0,430,53.0,51,-45.0" /></mjloggm>