<mjloggm ver="2.3"><GO type="169" lobby="0"/><UN n0="%72%61%69%32%31%31" n1="%E3%82%82%E3%83%BC%E3%82%8A%E3%83%BC" n2="%E8%91%B5%E3%81%A1%E3%82%83%E3%82%93" n3="%7A%6F%6F%31%39%36%34" dan="16,16,16,18" rate="2086.64,2197.34,2098.58,2237.50" sx="M,M,F,M"/><TAIKYOKU oya="0"/><INIT seed="0,0,0,4,3,67" ten="250,250,250,250" oya="0" hai0="114,1,71,28,101,120,2,121,16,104,56,65,127" hai1="119,40,81,99,83,3,5,79,128,42,126,10,134" hai2="97,55,62,76,125,93,58,25,53,82,24,54,20" hai3="8,37,36,113,94,43,19,90,73,63,112,61,80"/><T129/><D114/><U44/><E119/><V92/><F125/><W130/><G130/><T131/><D28/><U84/><E126/><V21/><F21/><W12/><G73/><T14/><D56/><U15/><E128/><N who="0" m="49225" /><D127/><U98/><E134/><V50/><F25/><W48/><G80/><T108/><D108/><U102/><E3/><N who="0" m="1033" /><D101/><U122/><E122/><V60/><F60/><W115/><G63/><N who="0" m="40383" /><D104/><U89/><E102/><V45/><F55/><W96/><G61/><T124/><D124/><U72/><E40/><V135/><F135/><W75/><G115/><T109/><D109/><U49/><AGARI ba="0,0" hai="5,10,15,42,44,49,72,79,81,83,84,89,98,99" machi="49" ten="20,1500,0" yaku="0,1,7,1" doraHai="67" who="1" fromWho="1" sc="250,-7,250,15,250,-4,250,-4" /><INIT seed="1,0,0,2,4,131" ten="243,265,246,246" oya="1" hai0="57,72,91,75,54,42,125,113,135,32,41,68,29" hai1="10,58,18,63,12,97,132,87,102,56,90,69,66" hai2="7,81,129,88,101,78,96,53,28,93,98,36,47" hai3="20,34,60,62,114,124,120,2,127,65,25,40,5"/><U122/><E122/><V106/><F129/><W108/><G114/><T30/><D113/><U49/><E49/><V85/><F28/><W39/><G120/><T6/><D68/><U17/><E17/><V118/><F118/><W38/><G108/><T82/><D125/><U46/><E46/><V59/><F7/><W95/><G95/><T64/><D64/><U21/><E21/><V107/><F36/><W79/><G79/><T19/><D6/><U103/><E103/><V130/><F130/><W104/><G104/><T121/><D19/><U16/><E18/><V89/><F47/><W45/><G39/><T55/><D82/><U61/><E61/><V115/><F115/><W48/><G48/><T70/><D91/><U8/><E8/><V4/><F4/><W3/><G62/><T100/><D70/><U99/><E99/><N who="2" m="57775" /><F59/><W109/><G109/><T23/><D57/><U94/><REACH who="1" step="1"/><E132/><REACH who="1" ten="243,255,246,246" step="2"/><V52/><F107/><AGARI ba="0,1" hai="10,12,16,56,58,63,66,69,87,90,94,97,102,107" machi="107" ten="30,11600,0" yaku="1,1,2,1,7,1,54,1,53,0" doraHai="131" doraHaiUra="44" who="1" fromWho="2" sc="243,0,255,126,246,-116,246,0" /><INIT seed="1,1,0,4,2,22" ten="243,381,130,246" oya="1" hai0="4,32,82,125,59,113,102,135,107,14,128,75,67" hai1="10,97,117,6,57,42,55,29,5,106,115,50,18" hai2="73,79,133,47,83,126,51,85,114,19,110,127,84" hai3="0,132,48,86,35,101,105,96,54,93,37,43,36"/><U45/><E115/><V80/><F114/><W62/><G0/><T118/><D113/><U25/><E117/><V92/><F110/><W123/><G123/><T131/><D118/><U3/><E106/><V41/><F133/><W17/><G132/><T72/><D135/><U58/><E6/><V38/><F92/><W81/><G62/><N who="0" m="38367" /><D32/><U68/><E68/><V39/><F73/><W66/><G66/><T74/><D125/><U129/><E129/><N who="0" m="49737" /><D82/><U21/><E97/><V69/><F69/><W53/><G35/><T24/><D24/><U26/><REACH who="1" step="1"/><E42/><REACH who="1" ten="243,371,130,246" step="2"/><V89/><REACH who="2" step="1"/><F19/><REACH who="2" ten="243,371,120,246" step="2"/><W116/><G17/><T9/><D107/><U34/><AGARI ba="1,2" hai="3,5,10,18,21,25,26,29,34,45,50,55,57,58" machi="34" ten="20,18000,2" yaku="1,1,2,1,0,1,7,1,52,2,53,0" doraHai="22" doraHaiUra="11" who="1" fromWho="1" sc="243,-61,371,203,120,-61,246,-61" /><INIT seed="1,2,0,5,5,41" ten="182,574,59,185" oya="1" hai0="35,88,73,37,101,27,33,26,53,94,31,50,80" hai1="96,93,122,36,130,44,15,106,119,56,83,58,62" hai2="131,125,84,115,47,90,23,75,9,51,48,77,64" hai3="34,4,60,100,2,92,49,12,67,45,98,127,69"/><U128/><E119/><V46/><F125/><W11/><G127/><T126/><D126/><U132/><E106/><V134/><F131/><W129/><G129/><T6/><D37/><U87/><E122/><V43/><F134/><W7/><G34/><T91/><D6/><U14/><E132/><V74/><F115/><W121/><G121/><T103/><D73/><U113/><E113/><V59/><F77/><W114/><G114/><T79/><D79/><U97/><E36/><V38/><F9/><W135/><G135/><T68/><D68/><U57/><E62/><V107/><F107/><W111/><G111/><T81/><D50/><U32/><E32/><V39/><F23/><W102/><G102/><T86/><D53/><U54/><E128/><V52/><F39/><W82/><G82/><T63/><D63/><U108/><E108/><V71/><F71/><W5/><REACH who="3" step="1"/><G2/><REACH who="3" ten="182,574,59,175" step="2"/><T0/><D0/><U16/><E83/><V55/><REACH who="2" step="1"/><F64/><REACH who="2" ten="182,574,49,175" step="2"/><W66/><G66/><T1/><D1/><U13/><E130/><V18/><F18/><W109/><G109/><T118/><D118/><U28/><E16/><V95/><AGARI ba="2,2" hai="38,43,46,47,48,51,52,55,59,74,75,84,90,95" machi="95" ten="20,16000,3" yaku="1,1,0,1,7,1,52,2,54,1,53,2" doraHai="41" doraHaiUra="104" who="2" fromWho="2" sc="182,-42,574,-82,49,186,175,-42" /><INIT seed="2,0,0,3,5,9" ten="140,492,235,133" oya="2" hai0="26,50,87,20,31,76,95,51,112,96,84,1,104" hai1="72,56,10,89,90,30,122,15,120,47,103,115,23" hai2="52,106,116,79,91,71,107,43,126,34,118,25,24" hai3="53,74,82,110,83,12,102,124,39,85,67,109,119"/><V62/><F43/><W60/><G119/><T14/><D112/><U55/><E115/><V77/><F91/><W108/><G39/><T135/><D1/><U36/><E72/><V69/><F62/><W37/><G37/><T92/><D135/><U132/><E103/><V5/><F5/><W8/><G124/><T75/><D75/><U13/><E132/><V35/><REACH who="2" step="1"/><F126/><REACH who="2" ten="140,492,225,133" step="2"/><W127/><G127/><T113/><D113/><U22/><E90/><V70/><F70/><W97/><G60/><T78/><D78/><U48/><E89/><V7/><F7/><W131/><G110/><T111/><D111/><U63/><E122/><V32/><F32/><W0/><G109/><T46/><D76/><U101/><E120/><V125/><F125/><W19/><G108/><T4/><D4/><U105/><E101/><V44/><F44/><W66/><G102/><T123/><D46/><U61/><E63/><V129/><F129/><W21/><G131/><T114/><D123/><U6/><E36/><V3/><F3/><W27/><G0/><T128/><D128/><U38/><E38/><V58/><F58/><W28/><G83/><T17/><D114/><U93/><E56/><V80/><F80/><W68/><G68/><T45/><D45/><U73/><E61/><V65/><F65/><W29/><G67/><T11/><D51/><U49/><E48/><V57/><F57/><W16/><G66/><T18/><D50/><U42/><E49/><V134/><F134/><W88/><G53/><AGARI ba="0,1" hai="24,25,34,35,52,53,69,71,77,79,106,107,116,118" machi="53" ten="25,9600,0" yaku="1,1,22,2,54,1,53,0" doraHai="9" doraHaiUra="98" who="2" fromWho="3" sc="140,0,492,0,225,106,133,-96" /><INIT seed="2,1,0,2,1,66" ten="140,492,331,37" oya="2" hai0="121,77,9,54,132,117,86,120,100,55,29,118,17" hai1="52,24,76,47,84,62,108,98,105,95,60,96,133" hai2="68,25,15,99,80,38,112,124,32,94,128,91,107" hai3="45,72,134,111,44,57,34,20,115,104,16,102,43"/><V21/><F112/><W8/><G115/><T113/><D113/><U69/><E108/><V75/><F38/><W2/><G111/><T13/><D132/><U31/><E105/><V1/><F1/><W82/><G134/><T131/><D131/><U88/><E133/><V59/><F124/><W79/><G34/><T28/><D100/><U14/><E14/><V70/><F128/><W67/><G102/><T127/><D127/><U12/><E12/><V78/><F107/><W110/><G104/><T81/><D55/><U114/><E114/><V64/><F32/><W129/><G110/><T122/><REACH who="0" step="1"/><D54/><REACH who="0" ten="130,492,331,37" step="2"/><U7/><E52/><V40/><F40/><W56/><G129/><T4/><D4/><U10/><E7/><V23/><F15/><W74/><G2/><T116/><AGARI ba="1,1" hai="9,13,17,28,29,77,81,86,116,117,118,120,121,122" machi="116" ten="40,5200,0" yaku="1,1,0,1,12,1,53,0" doraHai="66" doraHaiUra="90" who="0" fromWho="0" sc="130,65,492,-14,331,-27,37,-14" /><INIT seed="3,0,0,0,3,8" ten="195,478,304,23" oya="3" hai0="59,76,38,45,114,133,64,70,88,120,51,36,35" hai1="118,132,89,117,50,97,29,60,19,105,5,99,44" hai2="93,11,129,18,72,90,22,86,12,42,28,127,67" hai3="82,52,79,37,17,80,104,130,68,15,46,21,58"/><W95/><G130/><T91/><D120/><U87/><E5/><V1/><F129/><W20/><G104/><T32/><D76/><U2/><E2/><V71/><F127/><W134/><G68/><T7/><D70/><U47/><E29/><V10/><F72/><W4/><G134/><T62/><D133/><U39/><E39/><V54/><F42/><W53/><G4/><T14/><D114/><U33/><E33/><V112/><F1/><W66/><G37/><T48/><D36/><U23/><E60/><V24/><F112/><W26/><G95/><T124/><D38/><U77/><E77/><V121/><F121/><W6/><G66/><T81/><D48/><U69/><E69/><V115/><F115/><W116/><G116/><N who="1" m="44650" /><E47/><V84/><F84/><W75/><G82/><T98/><D124/><U65/><E65/><V13/><F54/><W135/><G135/><T0/><D0/><U31/><E31/><V78/><F78/><W49/><G6/><T119/><D119/><U30/><E30/><V57/><F71/><W103/><G103/><T128/><D128/><U107/><E105/><V61/><REACH who="2" step="1"/><F13/><REACH who="2" ten="195,478,294,23" step="2"/><W100/><G100/><T74/><D14/><N who="1" m="9719" /><E132/><V122/><F122/><W34/><G34/><AGARI ba="0,1" hai="10,11,12,18,22,24,28,34,57,61,67,86,90,93" machi="34" ten="30,3900,0" yaku="1,1,7,1,52,1,53,0" doraHai="8" doraHaiUra="109" who="2" fromWho="3" sc="195,0,478,0,294,49,23,-39" owari="195,-20.0,478,58.0,343,14.0,-16,-52.0" /></mjloggm>