<mjloggm ver="2.3"><GO type="169" lobby="0"/><UN n0="%64%61%6E%6E%63%68%69" n1="%E3%81%BF%E3%81%8B%E3%81%8B%E2%99%AA" n2="%6D%6F%72%65%6B%6F%75" n3="%64%6F%6C%6D%61%67%65%73" dan="17,16,16,16" rate="2163.45,2144.60,2096.63,2054.17" sx="M,M,M,M"/><TAIKYOKU oya="0"/><INIT seed="0,0,0,4,4,27" ten="250,250,250,250" oya="0" hai0="41,80,4,119,98,73,128,34,95,84,61,22,59" hai1="112,24,3,127,26,129,113,40,28,108,15,83,16" hai2="76,53,92,120,110,79,7,54,116,65,46,64,52" hai3="118,25,57,106,37,87,71,103,62,51,23,31,100"/><T134/><D34/><U49/><E127/><V48/><F120/><W125/><G118/><T123/><D123/><U86/><E129/><V42/><F110/><W12/><G37/><T20/><D128/><U97/><E3/><V9/><F116/><W39/><G39/><T0/><D73/><U90/><E108/><V44/><F44/><W6/><G125/><T55/><D41/><U11/><E97/><V8/><F92/><W94/><G71/><T99/><D119/><U30/><E49/><V14/><F8/><W58/><G58/><T67/><D134/><U104/><E104/><V131/><F131/><W18/><G6/><T29/><D98/><U135/><E40/><V89/><REACH who="2" step="1"/><F89/><REACH who="2" ten="250,250,240,250" step="2"/><N who="3" m="53567" /><G106/><T10/><D95/><U77/><E135/><V1/><F1/><W21/><G51/><T70/><D99/><U82/><E112/><V109/><F109/><W124/><G124/><T96/><D96/><U111/><E113/><V60/><F60/><W85/><G85/><T19/><D84/><N who="1" m="48207" /><E111/><V102/><F102/><W117/><G117/><T33/><D80/><U93/><E93/><V35/><F35/><W45/><G45/><T105/><D105/><U36/><E36/><V72/><F72/><W130/><G130/><T2/><D2/><U133/><E133/><V91/><F91/><W43/><G43/><T126/><D126/><U13/><E13/><V50/><F50/><W122/><G122/><T17/><D33/><U101/><E101/><V132/><F132/><W88/><G88/><T69/><D0/><U47/><E47/><V38/><F38/><W68/><G68/><RYUUKYOKU ba="0,1" sc="250,-30,250,10,240,10,250,10" hai1="11,15,16,24,26,28,30,83,86,90" hai2="7,9,14,42,46,48,52,53,54,64,65,76,79" hai3="12,18,21,23,25,31,57,62,100,103" /><INIT seed="1,1,1,4,3,81" ten="220,260,250,260" oya="1" hai0="100,95,70,135,77,83,1,67,36,11,25,102,123" hai1="126,87,26,94,75,118,108,16,66,13,23,5,91" hai2="39,9,57,127,40,79,53,121,128,12,21,28,48" hai3="105,130,52,133,55,113,51,29,43,93,4,34,8"/><U24/><E118/><V64/><F121/><W96/><G113/><T89/><D36/><U85/><E75/><V86/><F127/><W42/><G105/><T2/><D123/><U56/><E126/><V54/><F64/><W78/><G133/><T47/><D135/><U73/><E73/><V80/><F128/><W65/><G65/><T50/><D70/><U3/><E108/><V82/><F39/><W7/><G78/><T41/><D67/><U76/><E3/><V69/><F69/><W124/><G124/><T134/><D134/><U61/><E5/><V60/><F40/><W120/><G130/><T37/><D25/><N who="1" m="9835" /><E76/><V103/><F103/><W0/><G29/><T97/><D50/><U115/><E115/><V106/><F106/><W22/><G34/><T116/><D116/><U72/><E72/><V46/><F21/><W88/><G22/><T10/><D2/><U31/><E31/><V98/><F28/><W20/><G20/><T49/><D37/><U110/><E110/><V104/><F104/><W90/><G4/><T33/><D33/><U19/><E19/><V125/><F125/><W68/><G68/><T27/><D27/><U35/><E35/><V114/><F114/><W30/><G30/><T92/><D1/><U62/><E62/><V17/><F98/><AGARI ba="1,1" hai="13,16,23,56,61,66,85,87,91,94,98" m="9835" machi="98" ten="30,11600,0" yaku="8,1,52,2,54,1" doraHai="81" who="1" fromWho="2" sc="220,0,260,129,250,-119,260,0" /><INIT seed="1,2,0,5,0,99" ten="220,389,131,260" oya="1" hai0="16,80,111,63,116,14,70,81,126,7,47,83,91" hai1="124,100,71,34,131,67,43,69,25,104,36,118,23" hai2="52,58,65,86,48,53,54,41,17,60,84,78,95" hai3="26,122,94,72,59,28,92,35,121,15,32,97,114"/><U40/><E118/><V90/><F17/><W128/><G114/><T119/><D7/><U19/><E124/><V120/><F120/><W89/><G72/><T29/><D126/><U66/><E131/><V117/><F117/><W64/><G128/><T62/><D70/><U61/><E34/><V33/><F33/><W129/><G32/><T24/><D111/><U56/><E36/><V74/><F74/><W105/><G105/><T98/><D47/><U45/><E45/><V21/><F21/><W110/><G110/><T42/><D42/><U4/><E4/><V20/><F20/><W107/><G107/><T68/><D68/><U77/><E77/><V37/><F37/><W11/><G129/><T79/><D79/><U6/><E6/><V2/><F2/><W133/><G133/><T115/><D115/><U18/><E18/><V73/><F73/><W12/><G94/><N who="0" m="56671" /><D116/><U102/><E104/><V134/><F134/><W39/><G39/><T49/><D49/><U27/><E27/><V31/><F31/><W135/><G135/><T3/><D3/><U127/><E127/><V132/><F132/><W106/><G106/><T30/><D24/><U9/><E9/><V130/><F130/><W50/><G50/><T38/><D38/><U87/><E69/><V10/><F10/><W0/><G0/><T109/><D109/><U51/><E51/><V101/><F41/><N who="1" m="15945" /><E87/><V5/><F5/><N who="3" m="3183" /><G15/><T113/><D113/><U96/><E96/><N who="2" m="59551" /><F78/><W13/><G13/><T85/><D85/><N who="2" m="32874" /><F90/><W44/><G44/><AGARI ba="2,0" hai="44,48,52,53,54,58,60,65" m="32874,59551" machi="44" ten="30,3900,0" yaku="8,1,52,1,54,1" doraHai="99" who="2" fromWho="3" sc="220,0,389,0,131,45,260,-45" /><INIT seed="2,0,0,5,5,114" ten="220,389,176,215" oya="2" hai0="117,8,31,69,25,93,86,38,62,55,33,50,123" hai1="133,111,0,20,46,130,99,57,89,113,131,7,2" hai2="66,49,16,80,129,48,125,54,84,18,27,35,40" hai3="98,91,118,127,6,135,134,51,95,19,78,1,83"/><V45/><F125/><W43/><G1/><T109/><D38/><U77/><E113/><V63/><F129/><W121/><G6/><T70/><D123/><U68/><E111/><V37/><F35/><W90/><G121/><T14/><D109/><U128/><E68/><V106/><F106/><W60/><G127/><T105/><D105/><U102/><E133/><N who="3" m="50698" /><G60/><T87/><D117/><U79/><E89/><N who="3" m="33802" /><G19/><T13/><D93/><U32/><E32/><V42/><F49/><W107/><G51/><T74/><D74/><U36/><E20/><V12/><F27/><W124/><G43/><T94/><D94/><N who="1" m="58743" /><E7/><V24/><F24/><W75/><G124/><T104/><D104/><U120/><E120/><V126/><F126/><W47/><G107/><T88/><D62/><U5/><E5/><V26/><F26/><W17/><G47/><T3/><D3/><N who="1" m="1067" /><E57/><N who="2" m="37231" /><F37/><W72/><G17/><N who="2" m="6761" /><F12/><W122/><G122/><T65/><D69/><U85/><E36/><V76/><AGARI ba="0,0" hai="40,42,45,48,54,76,80,84" m="6761,37231" machi="76" ten="30,3000,0" yaku="8,1,54,1" doraHai="114" who="2" fromWho="2" sc="220,-10,389,-10,176,30,215,-10" /><INIT seed="2,1,0,3,3,82" ten="210,379,206,205" oya="2" hai0="104,65,28,74,52,77,91,69,33,49,76,62,60" hai1="122,97,45,135,118,23,128,3,72,50,20,92,54" hai2="48,111,9,36,25,63,114,93,86,39,100,27,37" hai3="4,131,66,75,81,11,43,126,34,129,105,99,98"/><V127/><F114/><W80/><G34/><T16/><D74/><U78/><E118/><V24/><F127/><W61/><G43/><T8/><D104/><U58/><E128/><N who="3" m="49226" /><G126/><T14/><D62/><U124/><E124/><V57/><F111/><W90/><G81/><T87/><D28/><U119/><E119/><V5/><F48/><W113/><G105/><T41/><D41/><U133/><E78/><V79/><F100/><W47/><G47/><T125/><D33/><U7/><E72/><V44/><F44/><W2/><G113/><T68/><D68/><U117/><E117/><V115/><F115/><W101/><G101/><T95/><D125/><U6/><E122/><V35/><F35/><W130/><N who="3" m="49234" /><W107/><DORA hai="121" /><G107/><T13/><D13/><U134/><E45/><AGARI ba="1,0" hai="8,14,16,45,49,52,60,65,69,76,77,87,91,95" machi="45" ten="30,7700,0" yaku="7,1,52,1,54,2" doraHai="82,121" who="0" fromWho="1" sc="210,80,379,-80,206,0,205,0" /><INIT seed="3,0,0,3,0,53" ten="290,299,206,205" oya="3" hai0="79,82,73,64,115,41,57,122,40,51,114,23,98" hai1="63,3,7,109,80,94,83,30,133,27,86,26,100" hai2="36,68,123,108,92,43,81,124,33,110,127,58,97" hai3="103,62,31,15,60,105,34,61,117,17,130,88,102"/><W128/><G117/><T107/><D122/><U77/><E109/><N who="2" m="42091" /><F33/><W135/><G135/><T35/><D35/><U54/><E133/><V76/><F68/><W25/><G105/><T72/><D72/><U0/><E7/><V11/><F11/><W69/><G69/><T93/><D107/><U24/><E30/><V20/><F20/><W113/><G113/><N who="0" m="43019" /><D23/><U49/><E63/><V18/><F18/><W10/><REACH who="3" step="1"/><G88/><REACH who="3" ten="290,299,206,195" step="2"/><N who="0" m="55591" /><D51/><U19/><E49/><V91/><F36/><W46/><G46/><T129/><D129/><AGARI ba="0,1" hai="10,15,17,25,31,34,60,61,62,102,103,128,129,130" machi="129" ten="40,3900,0" yaku="1,1,19,1,53,0" doraHai="53" doraHaiUra="75" who="3" fromWho="0" sc="290,-39,299,0,206,0,195,49" /><INIT seed="3,1,0,1,4,50" ten="251,299,206,244" oya="3" hai0="28,90,87,51,91,133,108,92,129,127,63,16,34" hai1="42,11,64,134,110,115,113,95,73,3,121,58,111" hai2="25,68,22,44,15,98,72,54,107,38,18,33,49" hai3="93,123,89,70,103,104,32,10,37,14,8,0,12"/><W77/><G123/><T76/><D108/><N who="1" m="41515" /><E121/><V56/><F72/><W82/><G37/><T53/><D127/><U80/><E134/><V59/><F68/><W117/><G70/><T61/><D133/><U29/><E29/><V45/><F38/><W126/><G32/><T4/><D4/><N who="1" m="1439" /><E42/><V60/><F107/><W48/><G126/><T96/><D76/><N who="1" m="44047" /><E95/><V17/><F98/><W75/><G117/><T125/><D125/><U81/><E81/><V83/><F83/><W20/><G0/><T114/><D114/><U43/><E43/><V101/><F101/><W5/><G103/><T31/><D129/><U1/><E1/><V130/><F130/><W131/><G104/><T135/><D135/><U116/><E116/><V97/><F97/><W99/><G131/><T84/><D34/><U119/><E119/><V85/><F85/><W86/><G75/><T26/><D31/><U106/><E106/><V27/><F33/><W78/><G78/><T9/><D28/><U46/><E46/><N who="2" m="18027" /><F18/><W74/><G74/><T19/><D19/><U66/><E66/><AGARI ba="1,0" hai="15,17,22,25,27,49,54,56,59,60,66" m="18027" machi="66" ten="30,2000,0" yaku="8,1,52,1" doraHai="50" who="2" fromWho="1" sc="251,0,299,-23,206,23,244,0" /><INIT seed="4,0,0,3,3,60" ten="251,276,229,244" oya="0" hai0="59,116,75,0,22,106,24,135,88,111,18,114,79" hai1="7,128,109,118,89,123,31,14,52,93,56,100,50" hai2="98,94,61,4,10,133,97,33,9,23,41,69,130" hai3="12,68,2,66,42,81,77,27,47,15,107,104,101"/><T32/><D116/><U85/><E118/><V30/><F33/><W21/><G2/><T26/><D114/><U5/><E123/><V92/><F130/><W131/><G101/><T38/><D38/><U62/><E109/><V44/><F133/><W90/><G90/><T119/><D119/><U64/><E128/><V120/><F120/><W16/><G131/><T83/><D106/><U124/><E124/><V73/><F73/><W112/><G112/><T103/><D103/><U122/><E122/><V105/><F105/><W57/><G68/><T129/><D129/><U117/><E117/><V113/><F113/><W51/><G104/><T91/><D0/><U76/><E31/><V49/><F69/><W115/><G107/><T82/><D111/><U8/><E100/><N who="2" m="60455" /><F61/><N who="3" m="38191" /><G115/><T3/><D3/><U67/><E76/><V6/><F6/><N who="1" m="2057" /><E62/><V84/><F4/><AGARI ba="0,0" hai="4,8,14,50,52,56,64,67,85,89,93" m="2057" machi="4" ten="30,7700,0" yaku="8,1,52,2,54,1" doraHai="60" who="1" fromWho="2" sc="251,0,276,77,229,-77,244,0" /><INIT seed="5,0,0,1,1,47" ten="251,353,152,244" oya="1" hai0="7,90,23,16,129,79,31,22,43,99,128,123,57" hai1="3,6,125,49,133,26,80,115,2,4,75,21,94" hai2="10,11,41,5,121,46,8,120,135,32,42,96,38" hai3="76,89,0,33,62,59,131,30,35,130,114,64,18"/><U39/><E115/><V69/><F32/><W29/><G76/><T13/><D79/><U93/><E80/><V91/><F135/><W14/><G0/><T28/><D123/><U20/><E26/><V15/><F69/><W84/><G114/><T87/><D99/><U122/><E39/><V81/><F42/><W66/><G66/><T107/><D107/><U82/><E82/><V24/><F24/><W25/><G30/><T60/><D43/><U17/><E17/><V100/><F120/><W118/><G118/><T85/><D7/><U50/><E122/><V98/><F121/><W113/><G33/><T34/><D34/><U97/><E97/><V40/><F41/><W72/><G72/><T52/><D87/><U104/><E104/><V92/><REACH who="2" step="1"/><F81/><REACH who="2" ten="251,353,142,244" step="2"/><W77/><G113/><T9/><D31/><U103/><E133/><V1/><F1/><W108/><G130/><N who="0" m="50283" /><D28/><U67/><E3/><V112/><F112/><W102/><G131/><T53/><D53/><U117/><E2/><V61/><F61/><W51/><G25/><T63/><D63/><U134/><E134/><V74/><F74/><W101/><G29/><T65/><D65/><U71/><E75/><V111/><F111/><W55/><G35/><T70/><D70/><U95/><E67/><V73/><F73/><W45/><G64/><T27/><D27/><U109/><E71/><V56/><F56/><W36/><G62/><T58/><D58/><U19/><E117/><V106/><AGARI ba="0,1" hai="5,8,10,11,15,38,40,46,91,92,96,98,100,106" machi="106" ten="20,2700,0" yaku="1,1,0,1,7,1,53,0" doraHai="47" doraHaiUra="132" who="2" fromWho="2" sc="251,-7,353,-13,142,37,244,-7" /><INIT seed="6,0,0,5,3,121" ten="244,340,179,237" oya="2" hai0="113,96,18,8,123,15,126,130,1,114,46,54,64" hai1="19,129,32,0,127,63,83,59,52,17,75,97,3" hai2="100,62,38,90,21,107,70,43,26,53,7,133,10" hai3="112,108,28,68,106,22,101,95,125,36,115,47,41"/><V80/><F133/><W88/><G68/><T20/><D123/><U86/><E129/><V128/><F128/><W89/><G125/><T98/><D130/><U131/><E131/><V34/><F34/><W35/><G35/><T69/><D126/><U4/><E75/><V25/><F107/><W76/><G76/><T29/><D64/><U118/><E118/><V122/><F100/><W24/><G108/><T91/><D69/><U105/><E127/><V23/><F122/><W61/><G61/><T40/><D54/><U49/><E32/><V13/><F38/><W51/><G106/><T37/><D91/><U73/><E73/><V85/><F43/><W79/><G79/><T67/><D67/><U60/><E3/><V77/><F77/><W87/><G101/><T14/><D1/><U111/><E111/><V72/><F72/><W119/><G119/><T11/><D29/><U117/><E105/><V27/><F70/><W66/><G66/><T74/><D74/><U104/><E104/><V99/><REACH who="2" step="1"/><F99/><REACH who="2" ten="244,340,169,237" step="2"/><W84/><REACH who="3" step="1"/><G36/><REACH who="3" ten="244,340,169,227" step="2"/><T71/><D71/><U132/><E117/><V33/><F33/><W16/><G16/><T94/><D18/><U12/><E132/><V31/><F31/><W110/><G110/><T58/><D37/><U48/><E19/><V57/><AGARI ba="0,2" hai="7,10,13,21,23,25,26,27,53,57,62,80,85,90" machi="57" ten="30,6000,0" yaku="1,1,0,1,8,1,53,0" doraHai="121" doraHaiUra="92" who="2" fromWho="2" sc="244,-20,340,-20,169,80,227,-20" /><INIT seed="6,1,0,1,0,108" ten="224,320,249,207" oya="2" hai0="72,111,60,114,118,50,131,105,34,31,63,133,102" hai1="9,74,24,86,19,35,33,39,103,5,93,38,120" hai2="134,89,123,126,2,70,100,112,55,81,97,59,51" hai3="130,45,41,0,66,109,87,88,71,125,83,92,26"/><V23/><F123/><W128/><G109/><T84/><D72/><U3/><E120/><V61/><F2/><W11/><G125/><T6/><D111/><U32/><E74/><V77/><F126/><W94/><G66/><T10/><D131/><N who="3" m="50217" /><G71/><T17/><D17/><U57/><E57/><V135/><F89/><W20/><G11/><T113/><D133/><N who="2" m="50698" /><F23/><W49/><G0/><N who="0" m="327" /><D50/><U44/><E44/><V75/><F70/><W67/><G67/><T95/><D95/><U91/><REACH who="1" step="1"/><E103/><REACH who="1" ten="224,310,249,207" step="2"/><V85/><F75/><W64/><G64/><T62/><D118/><U73/><E73/><V79/><F100/><W115/><G115/><N who="0" m="44043" /><D102/><U18/><E18/><AGARI ba="1,1" hai="18,20,26,41,45,49,83,87,88,92,94" m="50217" machi="18" ten="30,2000,0" yaku="19,1,54,1" doraHai="108" who="3" fromWho="1" sc="224,0,310,-23,249,0,207,33" /><INIT seed="7,0,0,1,1,57" ten="224,287,249,240" oya="3" hai0="132,133,42,72,113,126,0,80,33,43,102,51,73" hai1="17,77,35,129,62,120,118,67,55,79,78,119,109" hai2="64,99,131,82,2,128,127,86,107,71,112,41,22" hai3="23,31,83,50,117,116,39,87,4,16,27,95,103"/><W85/><G39/><T12/><D0/><U105/><E109/><V110/><F110/><W56/><G4/><T89/><D33/><U134/><E129/><V101/><F2/><W130/><G130/><T96/><D126/><U30/><E134/><N who="0" m="51817" /><D12/><U108/><E108/><V20/><F127/><W1/><G1/><T13/><D13/><U29/><E120/><V19/><F112/><W122/><G122/><T135/><D113/><U74/><E74/><N who="0" m="28777" /><D51/><U58/><E105/><V98/><F128/><W54/><G31/><N who="1" m="11786" /><E35/><V60/><F107/><W66/><G66/><T53/><D53/><U61/><E17/><V111/><F19/><W68/><G68/><T100/><N who="0" m="51825" /><T24/><DORA hai="25" /><D24/><U38/><E38/><V5/><F131/><W114/><G114/><T6/><D6/><U75/><E75/><V8/><F5/><W88/><G103/><N who="0" m="39467" /><D80/><U48/><E67/><V123/><F82/><W32/><G32/><T70/><D70/><U93/><E118/><V11/><F64/><W21/><REACH who="3" step="1"/><G21/><REACH who="3" ten="224,287,249,230" step="2"/><T115/><D115/><U91/><E119/><V104/><F22/><W106/><G106/><T49/><D49/><U121/><E121/><V81/><F20/><W124/><G124/><T34/><D34/><U125/><E125/><V45/><F71/><W37/><G37/><T69/><D69/><U76/><N who="1" m="19456" /><DORA hai="92" /><U28/><E28/><V94/><F104/><W10/><G10/><T26/><D26/><U9/><E9/><V90/><F11/><W47/><G47/><T36/><D36/><U59/><E59/><V15/><F123/><W84/><G84/><AGARI ba="0,1" hai="48,55,58,61,62,84,91,93" m="19456,11786" machi="84" ten="40,12000,2" yaku="6,1,8,1,52,5" doraHai="57,25,92" who="1" fromWho="3" sc="224,0,287,130,249,0,230,-120" owari="224,-18.0,417,52.0,249,5.0,110,-39.0" /></mjloggm>