<mjloggm ver="2.3"><GO type="169" lobby="0"/><UN n0="%E8%A5%BF%E5%B2%A1%E8%82%B2%E6%9C%AA%E2%99%AA" n1="%E9%8A%80%E8%89%B2%E3%81%84%E3%81%8C%E3%81%90%E3%82%8A" n2="%E3%81%B5%E3%81%8F%E3%81%A1%E3%82%83%E3%82%93%E3%81%A7%E3%81%99" n3="%E4%B8%80%E8%93%AE%E5%B3%BB%E6%BD%A4" dan="16,18,16,18" rate="2097.73,2294.65,2055.33,2247.65" sx="F,M,M,M"/><TAIKYOKU oya="0"/><INIT seed="0,0,0,0,4,95" ten="250,250,250,250" oya="0" hai0="115,41,4,67,113,12,37,65,19,105,77,118,124" hai1="102,21,22,74,101,58,49,87,125,46,91,82,32" hai2="75,47,16,72,45,122,109,119,79,54,100,88,73" hai3="108,27,93,39,8,60,38,1,30,126,24,35,90"/><T62/><D118/><U43/><E32/><V5/><F122/><W85/><G108/><T127/><D4/><U103/><E125/><N who="0" m="48201" /><D105/><U98/><E74/><V123/><F123/><W86/><G126/><T3/><D3/><U14/><E58/><V64/><F119/><W84/><G60/><T48/><D37/><U112/><E112/><N who="0" m="43081" /><D77/><U20/><REACH who="1" step="1"/><E14/><REACH who="1" ten="250,240,250,250" step="2"/><V107/><F109/><W34/><G1/><T53/><D62/><U110/><E110/><V104/><F73/><W63/><G63/><T17/><D41/><U0/><E0/><V70/><F75/><W92/><G35/><T13/><D13/><U114/><E114/><V25/><F72/><W29/><G34/><T134/><D134/><U33/><E33/><V6/><F70/><W129/><G39/><T97/><D12/><U42/><E42/><V51/><F45/><W56/><G38/><T28/><D65/><U23/><N who="1" m="5120" /><DORA hai="131" /><U50/><E50/><V26/><F64/><W81/><G56/><N who="0" m="32807" /><D67/><U52/><E52/><V71/><F54/><W130/><G27/><T117/><D117/><U94/><AGARI ba="0,1" hai="43,46,49,82,87,91,94,98,101,102,103" m="5120" machi="94" ten="40,8000,1" yaku="1,1,0,1,8,1,52,1,53,1" doraHai="95,131" doraHaiUra="36,111" who="1" fromWho="1" sc="250,-40,240,90,250,-20,250,-20" /><INIT seed="1,0,0,3,3,122" ten="210,330,230,230" oya="1" hai0="100,70,116,130,35,113,102,98,64,54,50,14,87" hai1="69,9,20,16,27,34,89,81,88,94,40,52,10" hai2="2,38,120,56,33,4,74,95,8,43,32,1,135" hai3="30,3,63,0,58,103,67,37,24,121,19,41,12"/><U101/><E69/><V28/><F120/><W118/><G121/><T77/><D113/><U48/><E34/><V105/><F135/><W78/><G118/><T29/><D116/><U47/><E40/><V133/><F133/><W79/><G103/><T6/><D130/><U124/><E124/><V57/><F105/><W90/><G0/><T92/><D35/><U51/><E51/><V86/><F74/><W11/><G3/><T97/><D29/><U36/><E36/><V53/><F2/><W132/><G132/><T83/><D64/><U46/><E46/><V22/><F56/><W109/><G41/><T104/><D70/><U128/><E128/><V134/><F134/><W44/><G44/><T42/><D42/><U59/><E47/><V131/><F131/><W15/><G37/><T39/><D39/><U7/><E7/><V55/><F53/><W72/><G72/><T17/><D6/><U21/><E101/><N who="0" m="39017" /><D92/><U119/><E119/><V115/><F115/><W5/><G90/><N who="1" m="34922" /><E81/><V91/><F43/><W111/><G12/><T99/><D104/><U127/><E127/><V126/><F126/><W125/><G5/><T66/><D66/><U61/><E94/><V123/><F123/><W23/><REACH who="3" step="1"/><G125/><REACH who="3" ten="210,330,230,220" step="2"/><T73/><D73/><U85/><E85/><V96/><F86/><W31/><G31/><T60/><D14/><N who="1" m="7247" /><E10/><V114/><F38/><W75/><G75/><T13/><D13/><U45/><E27/><N who="2" m="16503" /><F114/><W117/><G117/><T62/><D17/><U71/><E45/><AGARI ba="0,1" hai="45,50,54,60,62,77,83,87,97,98,99" m="39017" machi="45" ten="30,1000,0" yaku="8,1" doraHai="122" who="0" fromWho="1" sc="210,20,330,-10,230,0,220,0" /><INIT seed="2,0,0,0,5,21" ten="230,320,230,220" oya="2" hai0="18,39,59,117,96,51,60,37,115,130,22,134,32" hai1="100,63,40,84,3,50,101,111,64,4,129,69,71" hai2="112,61,38,114,10,33,102,72,92,126,125,122,35" hai3="106,104,53,103,30,82,95,65,24,2,41,116,0"/><V27/><F122/><W67/><G116/><T109/><D32/><U113/><E113/><V58/><F72/><W6/><G41/><T74/><D115/><N who="2" m="44074" /><F38/><W7/><G82/><T55/><D74/><U76/><E129/><V68/><F68/><W42/><G42/><T66/><D134/><U49/><E71/><V11/><F92/><W119/><G95/><T108/><D130/><U36/><E36/><V91/><F91/><W79/><G119/><T131/><D131/><U17/><E100/><V78/><F78/><W105/><G79/><T44/><D117/><U75/><E101/><V86/><F86/><W14/><G53/><T99/><D39/><U56/><E84/><V26/><F102/><W80/><G80/><T135/><D135/><U118/><E118/><V43/><F43/><W46/><G46/><T57/><D44/><U45/><E75/><V93/><F93/><W90/><G90/><T52/><D66/><U88/><E76/><V19/><F58/><W13/><G103/><T47/><D47/><U12/><E88/><V97/><F97/><W16/><G106/><T48/><D60/><U127/><E50/><V124/><F61/><W77/><G77/><T15/><D37/><U73/><E69/><V94/><F94/><W9/><G105/><T121/><D121/><U31/><E73/><V1/><F1/><N who="3" m="619" /><G104/><T132/><D132/><U107/><E107/><V85/><F85/><W123/><G123/><T110/><AGARI ba="0,0" hai="15,18,22,48,51,52,55,57,59,96,99,108,109,110" machi="110" ten="30,7900,0" yaku="0,1,9,1,14,1,54,1" doraHai="21" who="0" fromWho="0" sc="230,79,320,-20,230,-39,220,-20" /><INIT seed="3,0,0,0,5,21" ten="309,300,191,200" oya="3" hai0="119,22,118,88,117,51,0,80,48,128,11,37,41" hai1="54,133,72,121,27,69,62,14,110,95,7,26,29" hai2="38,18,89,47,6,104,134,23,99,61,130,3,33" hai3="34,108,126,101,107,10,124,16,8,98,115,93,75"/><W67/><G115/><T122/><D0/><U85/><E121/><V114/><F114/><W74/><G67/><T30/><D122/><U65/><E72/><V5/><F33/><W1/><G34/><T81/><D37/><U59/><E110/><V131/><F134/><W77/><G108/><T86/><D128/><N who="2" m="49194" /><F61/><W106/><G1/><T73/><D11/><N who="1" m="4479" /><E69/><V60/><F60/><W17/><G93/><T19/><D30/><U120/><E133/><V123/><F123/><W116/><G77/><T112/><D112/><U92/><E29/><V68/><F68/><W83/><G83/><T20/><D20/><U64/><E95/><N who="2" m="56815" /><F104/><W13/><G116/><T82/><D41/><U24/><E120/><V66/><F66/><W111/><G111/><T58/><D73/><U40/><E40/><N who="2" m="22935" /><F3/><W12/><G98/><T87/><D118/><U50/><E62/><V91/><F91/><AGARI ba="0,0" hai="24,26,27,50,54,59,64,65,85,91,92" m="4479" machi="91" ten="30,7700,0" yaku="8,1,52,3" doraHai="21" who="1" fromWho="2" sc="309,0,300,77,191,-77,200,0" /><INIT seed="4,0,0,0,1,73" ten="309,377,114,200" oya="0" hai0="27,119,43,28,95,135,75,113,4,38,21,65,44" hai1="64,60,16,91,109,63,17,123,90,33,58,89,128" hai2="10,59,85,108,97,11,120,32,24,5,110,47,72" hai3="104,102,67,3,118,25,77,37,19,79,121,8,112"/><T122/><D119/><U107/><E109/><V66/><F120/><W34/><G118/><T20/><D122/><U98/><E123/><V55/><F72/><W74/><G121/><T130/><D113/><U76/><E33/><V46/><F66/><W87/><G37/><T40/><D130/><U126/><E128/><V39/><F39/><W117/><G117/><T18/><D135/><U125/><E76/><V92/><F110/><W116/><G74/><T84/><D75/><U99/><E107/><V68/><F68/><W54/><G54/><T80/><D4/><U88/><E89/><V12/><F108/><W2/><G87/><T13/><D65/><U56/><E91/><V7/><F24/><W111/><G111/><T23/><D95/><U61/><E61/><V9/><F32/><W14/><G116/><T29/><D43/><U101/><REACH who="1" step="1"/><E64/><REACH who="1" ten="309,367,114,200" step="2"/><V96/><F85/><W50/><G104/><T0/><D0/><U36/><E36/><V133/><F133/><W30/><G67/><T114/><D114/><U51/><E51/><V106/><F106/><W1/><G112/><T94/><D94/><U53/><E53/><V41/><F41/><W83/><G50/><T86/><D80/><U78/><E78/><V129/><F129/><W49/><G83/><T132/><D132/><U57/><E57/><V71/><F59/><W100/><G49/><T131/><D131/><U81/><E81/><V82/><F82/><W15/><G79/><T127/><D127/><U6/><E6/><V31/><F92/><W35/><G77/><T124/><D124/><U134/><E134/><RYUUKYOKU ba="0,1" sc="309,15,367,15,114,-15,200,-15" hai0="13,18,20,21,23,27,28,29,38,40,44,84,86" hai1="16,17,56,58,60,63,88,90,98,99,101,125,126" /><INIT seed="4,1,1,1,4,59" ten="324,382,99,185" oya="0" hai0="69,28,74,70,23,80,0,71,114,53,33,19,99" hai1="134,47,15,27,41,34,82,87,75,20,119,83,5" hai2="122,110,124,90,55,130,126,125,128,10,12,8,81" hai3="25,52,127,102,21,46,2,48,100,129,1,101,116"/><T40/><D0/><U78/><E119/><V133/><F122/><W17/><G116/><T76/><D114/><U39/><E134/><V44/><F110/><W103/><N who="3" m="25600" /><DORA hai="108" /><W94/><G129/><N who="2" m="49769" /><F55/><W63/><G127/><T26/><D40/><U43/><E43/><V98/><F44/><W118/><G118/><T13/><D99/><U115/><E34/><V62/><F62/><W123/><G123/><T97/><D97/><U51/><E115/><V132/><F12/><W4/><G94/><T16/><D19/><U72/><E82/><V42/><F42/><W61/><REACH who="3" step="1"/><G1/><REACH who="3" ten="324,382,99,175" step="2"/><T56/><D71/><U7/><E39/><V14/><F81/><W6/><G6/><T22/><D33/><U91/><E5/><N who="2" m="3343" /><F10/><AGARI ba="1,2" hai="2,4,10,17,21,25,46,48,52,61,63" m="25600" machi="10" ten="50,12000,2" yaku="1,1,52,2,54,1,53,2" doraHai="59,108" doraHaiUra="57,111" who="3" fromWho="2" sc="324,0,382,0,99,-123,175,143" owari="324,12.0,382,48.0,-24,-52.0,318,-8.0" /></mjloggm>