<mjloggm ver="2.3"><GO type="225" lobby="0"/><UN n0="%E8%91%B5%E3%81%A1%E3%82%83%E3%82%93" n1="%E3%82%AD%E3%83%AC%E3%81%9D%E3%81%86" n2="%72%69%6F%75%63%68%61%6E" n3="%EF%BC%AE%EF%BC%AF%EF%BD%90%EF%BD%90%EF%BC%AF" dan="16,16,17,16" rate="2107.70,2075.68,2105.94,2088.92" sx="F,M,M,M"/><TAIKYOKU oya="0"/><INIT seed="0,0,0,5,2,16" ten="250,250,250,250" oya="0" hai0="132,27,1,103,129,50,45,22,65,28,96,17,74" hai1="32,30,88,36,58,79,11,111,56,85,104,3,114" hai2="62,41,102,59,10,105,44,81,18,61,68,60,119" hai3="110,113,90,120,128,14,0,21,109,71,5,72,116"/><T51/><D129/><U20/><E36/><V106/><F119/><W75/><G90/><T48/><D132/><U34/><E104/><V131/><F68/><W86/><G86/><T87/><D74/><N who="3" m="28201" /><G14/><T94/><D1/><U112/><E79/><V25/><F131/><W2/><G21/><N who="0" m="15471" /><D65/><U89/><E111/><N who="3" m="42506" /><G128/><T70/><D70/><U15/><E3/><N who="3" m="1066" /><G5/><T46/><D87/><U123/><E85/><V23/><F81/><W47/><G47/><T69/><D69/><U117/><E117/><V53/><F10/><W92/><G92/><T100/><D100/><U12/><E11/><V93/><F93/><W133/><G71/><T67/><D67/><U31/><REACH who="1" step="1"/><E20/><REACH who="1" ten="250,240,250,250" step="2"/><V64/><F106/><W99/><G116/><T98/><D96/><U95/><E95/><V76/><F76/><W6/><G99/><T24/><AGARI ba="0,1" hai="17,22,24,45,46,48,50,51,94,98,103" m="15471" machi="24" ten="30,6000,0" yaku="8,1,52,2" doraHai="16" who="0" fromWho="0" sc="250,70,240,-20,250,-20,250,-20" /><INIT seed="0,1,0,3,3,15" ten="320,220,230,230" oya="0" hai0="21,129,58,28,35,67,53,92,13,116,43,118,101" hai1="98,122,124,127,45,121,50,63,34,4,0,42,107" hai2="88,22,31,96,114,44,29,46,62,9,125,134,100" hai3="71,132,60,1,123,80,95,91,2,126,119,83,20"/><T40/><D129/><U23/><E34/><V77/><F114/><W104/><G119/><T66/><D35/><U109/><E109/><V131/><F131/><W115/><G115/><T11/><D118/><U85/><E85/><V111/><F111/><W61/><G132/><T117/><D117/><U79/><E79/><V72/><F134/><W26/><G126/><N who="1" m="48170" /><E63/><V84/><F125/><W65/><G104/><T18/><D116/><U27/><E4/><V5/><F72/><W17/><G123/><T75/><D75/><U74/><E0/><V49/><F77/><W69/><G1/><T90/><D101/><N who="1" m="62903" /><E74/><V94/><F62/><W130/><G2/><T52/><D67/><U99/><E99/><V103/><F103/><W16/><G130/><T102/><D66/><U41/><E41/><N who="0" m="15945" /><D102/><U86/><E86/><V120/><F120/><W10/><G61/><T51/><D53/><U108/><E108/><V6/><F6/><W68/><G68/><T78/><D78/><U105/><E105/><V87/><F87/><W47/><G69/><T55/><D55/><U57/><E57/><V54/><F44/><W135/><G47/><T112/><D112/><U64/><E64/><V37/><F37/><W7/><G7/><N who="0" m="3327" /><D92/><U25/><E122/><V128/><F128/><W133/><G133/><T93/><D93/><U14/><E121/><V39/><F39/><W113/><G113/><T70/><D70/><U106/><E106/><N who="2" m="63751" /><F5/><W81/><G135/><T24/><D90/><U33/><E33/><V82/><F94/><W76/><G95/><T32/><D32/><U59/><E59/><RYUUKYOKU ba="1,0" sc="320,15,220,15,230,-15,230,-15" hai0="18,21,24,28,51,52,58" hai1="14,23,25,27,42,45,50" /><INIT seed="0,2,0,1,3,102" ten="335,235,215,215" oya="0" hai0="86,60,132,25,52,125,7,54,78,129,46,90,35" hai1="113,56,93,107,127,85,47,108,103,42,44,53,135" hai2="92,10,119,61,99,101,75,110,65,48,118,100,57" hai3="133,124,71,116,64,2,67,128,40,49,131,91,45"/><T51/><D125/><U19/><E127/><V109/><F75/><W6/><G124/><T120/><D120/><U55/><E108/><N who="2" m="41579" /><F10/><N who="3" m="2391" /><G116/><N who="2" m="44585" /><F48/><W38/><G133/><T73/><D129/><N who="3" m="49737" /><G91/><AGARI ba="2,0" hai="57,61,65,91,92,99,100,101" m="44585,41579" machi="91" ten="30,2000,0" yaku="14,1,12,1" doraHai="102" who="2" fromWho="3" sc="335,0,235,0,215,26,215,-26" /><INIT seed="1,0,0,5,2,4" ten="335,235,241,189" oya="1" hai0="40,62,110,105,7,117,79,34,82,35,119,36,125" hai1="32,51,83,75,61,50,67,78,65,103,95,118,127" hai2="19,30,108,130,38,86,18,123,121,15,17,28,93" hai3="87,70,25,20,24,71,80,58,63,22,120,132,2"/><U8/><E118/><V90/><F38/><W16/><G120/><T107/><D62/><U113/><E113/><V60/><F108/><W74/><G74/><N who="0" m="43383" /><D110/><U102/><E32/><N who="0" m="12329" /><D7/><U98/><E127/><V109/><F130/><W124/><G124/><T55/><D55/><U64/><E102/><V10/><F109/><W133/><G2/><T27/><D27/><U100/><E100/><V37/><F37/><W111/><G111/><T11/><D11/><U12/><REACH who="1" step="1"/><E61/><REACH who="1" ten="335,225,241,189" step="2"/><V1/><F123/><W106/><G106/><T91/><D125/><U29/><E29/><N who="2" m="11371" /><F121/><W99/><G133/><T52/><D105/><U56/><E56/><V13/><F1/><W115/><G132/><T72/><D107/><U89/><E89/><V73/><F73/><W31/><G115/><T85/><D72/><U126/><E126/><V45/><F45/><W116/><G116/><T48/><D119/><U54/><E54/><V77/><F77/><N who="3" m="46479" /><G70/><T59/><D117/><U53/><E53/><V104/><F104/><W23/><G71/><T128/><D128/><U14/><E14/><N who="2" m="5131" /><F60/><W43/><G43/><T112/><D112/><U5/><AGARI ba="0,1" hai="5,8,12,50,51,64,65,67,75,78,83,95,98,103" machi="5" ten="30,6000,0" yaku="1,1,0,1,52,1,53,0" doraHai="4" doraHaiUra="26" who="1" fromWho="1" sc="335,-20,225,70,241,-20,189,-20" /><INIT seed="1,1,0,0,0,119" ten="315,295,221,169" oya="1" hai0="107,52,100,81,17,132,99,68,36,14,54,60,79" hai1="55,117,83,62,120,33,56,87,134,29,24,26,0" hai2="11,25,70,66,40,32,51,111,16,77,95,69,61" hai3="101,126,67,114,44,88,59,109,86,93,113,35,84"/><U27/><E117/><V71/><F111/><W122/><G35/><T31/><D36/><U53/><E0/><V41/><F77/><W19/><G109/><T64/><D132/><U10/><E120/><V48/><F95/><W98/><G122/><T75/><REACH who="0" step="1"/><D31/><REACH who="0" ten="305,295,221,169" step="2"/><U73/><E134/><V46/><F32/><W127/><G113/><T63/><D63/><U8/><E29/><V57/><F11/><AGARI ba="1,1" hai="11,14,17,52,54,60,64,68,75,79,81,99,100,107" machi="11" ten="30,7700,0" yaku="1,1,7,1,54,1,53,1" doraHai="119" doraHaiUra="96" who="0" fromWho="2" sc="305,90,295,0,221,-80,169,0" /><INIT seed="2,0,0,2,4,95" ten="395,295,141,169" oya="2" hai0="50,56,42,104,45,31,113,21,17,16,61,19,55" hai1="130,81,133,23,111,54,118,73,43,120,103,1,102" hai2="46,39,36,93,51,5,62,2,121,99,134,24,70" hai3="14,28,34,59,98,12,91,100,35,66,64,13,67"/><V72/><F121/><W114/><G114/><T6/><D113/><U60/><E111/><V84/><F72/><W52/><G91/><T7/><D104/><U119/><E1/><V79/><F134/><W92/><REACH who="3" step="1"/><G28/><REACH who="3" ten="395,295,141,159" step="2"/><T58/><D31/><U74/><E119/><V131/><F131/><W117/><G117/><T3/><D3/><U87/><E118/><V11/><F24/><W108/><G108/><T107/><D21/><U10/><E23/><V71/><F79/><W128/><G128/><T106/><D7/><U116/><E116/><V115/><F115/><W124/><G124/><T8/><REACH who="0" step="1"/><D56/><REACH who="0" ten="385,295,141,159" step="2"/><U25/><E130/><V88/><F71/><W15/><N who="3" m="3072" /><DORA hai="20" /><W127/><G127/><T18/><D18/><U85/><E120/><V0/><F2/><W110/><G110/><T22/><D22/><U112/><E112/><V83/><F70/><W41/><G41/><T69/><D69/><U40/><E43/><V53/><REACH who="2" step="1"/><F62/><AGARI ba="0,2" hai="34,35,52,59,62,64,66,67,92,98,100" m="3072" machi="62" ten="50,6400,0" yaku="1,1,52,1,54,1,53,0" doraHai="95,20" doraHaiUra="68,38" who="3" fromWho="2" sc="385,0,295,0,141,-64,159,84" /><INIT seed="3,0,0,3,1,135" ten="385,295,77,243" oya="3" hai0="94,11,14,39,115,31,37,47,92,116,93,103,44" hai1="57,71,123,125,27,84,134,121,126,29,108,45,65" hai2="34,120,119,63,36,100,132,87,113,35,68,83,56" hai3="32,133,30,62,107,58,4,64,33,80,8,48,55"/><W112/><G133/><T46/><D116/><U23/><E134/><V1/><F1/><W25/><G112/><T41/><D115/><U20/><E108/><V43/><F132/><W2/><G107/><T99/><D31/><N who="1" m="17895" /><E45/><V69/><F113/><W129/><G129/><T26/><D26/><N who="1" m="16607" /><E71/><V122/><F119/><W79/><G33/><T109/><D109/><U74/><E74/><V118/><F34/><W38/><G38/><T124/><D124/><N who="1" m="47723" /><E84/><V117/><F35/><W111/><G111/><T89/><D44/><U70/><E70/><V97/><F68/><W86/><REACH who="3" step="1"/><G48/><REACH who="3" ten="385,295,77,233" step="2"/><T3/><D39/><U24/><E24/><V18/><F36/><W96/><G96/><T104/><D37/><U95/><E95/><V21/><F118/><W82/><G82/><T91/><D94/><U17/><E17/><V102/><F117/><W88/><G88/><T10/><D91/><U72/><E72/><V53/><F122/><W5/><G5/><T81/><D89/><U6/><E6/><V75/><F75/><W106/><G106/><T15/><D104/><U12/><E123/><V66/><F120/><W28/><G28/><T67/><D93/><U73/><E73/><V110/><F110/><W105/><G105/><T60/><D92/><U51/><E121/><V40/><F69/><W7/><G7/><T16/><D99/><U77/><E51/><V85/><F97/><W52/><AGARI ba="0,1" hai="2,4,8,25,30,32,52,55,58,62,64,79,80,86" machi="52" ten="30,11700,0" yaku="1,1,0,1,54,1,53,1" doraHai="135" doraHaiUra="59" who="3" fromWho="3" sc="385,-39,295,-39,77,-39,233,127" owari="346,15.0,256,-14.0,38,-46.0,360,45.0" /></mjloggm>