<mjloggm ver="2.3"><GO type="225" lobby="0"/><UN n0="%E3%81%8A%E3%81%84%E3%81%AE%E3%82%8A" n1="%E9%89%84%E5%BC%B7%E3%83%A2%E3%83%92%E3%83%BC%E3%83%8C%E4%B8%83%E6%AE%B5" n2="%E9%88%B4%E4%B8%B8" n3="%6B%79%6F%6E%6B%6F%31%31" dan="16,18,17,17" rate="2124.50,2237.79,2187.61,2215.53" sx="M,F,M,M"/><TAIKYOKU oya="0"/><INIT seed="0,0,0,0,4,109" ten="250,250,250,250" oya="0" hai0="52,119,74,63,65,38,49,112,66,28,124,86,36" hai1="118,72,1,0,79,51,84,47,85,14,2,17,77" hai2="10,117,110,27,37,35,67,11,55,129,16,48,32" hai3="134,34,46,13,31,92,5,15,83,102,40,133,33"/><T42/><D74/><U89/><E118/><V98/><F37/><N who="0" m="14442" /><D28/><U101/><E101/><V122/><F122/><W87/><G46/><N who="0" m="25815" /><D86/><U20/><E72/><V88/><F117/><W44/><G44/><T30/><D30/><U73/><E85/><V70/><F110/><W108/><G40/><T71/><D119/><U78/><E73/><V95/><F129/><W97/><G108/><T29/><D29/><U104/><E104/><V93/><F70/><W75/><G75/><T100/><D100/><U82/><REACH who="1" step="1"/><E78/><REACH who="1" ten="250,240,250,250" step="2"/><V25/><F32/><W50/><G34/><T54/><D124/><U125/><E125/><V135/><F35/><W113/><G33/><T120/><D120/><U116/><E116/><V90/><F135/><W126/><G126/><T9/><D9/><U69/><E69/><V41/><F10/><W62/><G87/><T39/><D39/><U7/><E7/><V96/><F41/><AGARI ba="0,1" hai="0,1,2,14,17,20,41,47,51,77,79,82,84,89" machi="41" ten="40,1300,0" yaku="1,1,53,0" doraHai="109" doraHaiUra="91" who="1" fromWho="2" sc="250,0,240,23,250,-13,250,0" /><INIT seed="1,0,0,4,5,3" ten="250,263,237,250" oya="1" hai0="0,105,101,37,45,135,52,19,28,127,99,78,133" hai1="43,50,65,33,24,42,134,41,68,60,64,31,83" hai2="89,12,97,116,77,56,93,2,57,48,59,73,90" hai3="70,125,72,107,39,113,103,81,114,11,67,47,75"/><U44/><E134/><N who="0" m="51209" /><D0/><U14/><E65/><V66/><F2/><W7/><G125/><T118/><D118/><U36/><E36/><V9/><F116/><W22/><G75/><T121/><D121/><U38/><E38/><V98/><F73/><W63/><G22/><T23/><D127/><U92/><E92/><N who="2" m="56463" /><F77/><W71/><G71/><T120/><D120/><U51/><E51/><V126/><F126/><W76/><G103/><T132/><D78/><U110/><E110/><V88/><F90/><W74/><G74/><T55/><D28/><U95/><E83/><V87/><F98/><W91/><G91/><T86/><D86/><U15/><REACH who="1" step="1"/><E95/><REACH who="1" ten="250,253,237,250" step="2"/><V10/><F66/><W124/><G124/><T80/><D80/><U117/><E117/><V96/><F96/><W109/><G109/><T27/><D132/><U4/><E4/><N who="2" m="3111" /><F10/><W84/><G107/><T8/><D37/><U21/><E21/><V130/><F130/><W18/><G39/><T1/><D45/><U85/><E85/><V112/><F112/><W69/><G47/><T94/><D105/><U6/><E6/><AGARI ba="0,1" hai="1,6,8,19,23,27,52,55,94,99,101" m="51209" machi="6" ten="30,3900,0" yaku="20,1,52,1,54,1" doraHai="3" who="0" fromWho="1" sc="250,49,253,-39,237,0,250,0" /><INIT seed="2,0,0,4,1,20" ten="299,214,237,250" oya="2" hai0="96,95,47,77,99,64,27,3,106,67,89,128,126" hai1="5,54,53,10,12,56,124,81,17,102,6,50,123" hai2="25,24,61,16,134,2,73,76,51,4,121,86,59" hai3="92,0,35,115,65,19,7,107,8,22,72,58,42"/><V83/><F121/><W31/><G107/><T69/><D3/><U41/><E124/><V110/><F134/><W14/><G72/><T108/><D126/><U122/><E41/><V117/><F117/><W113/><G42/><T130/><D108/><U23/><E102/><V85/><F110/><W91/><G65/><T120/><D120/><U74/><E6/><V109/><F109/><W13/><G58/><T66/><D77/><U71/><E71/><V44/><F73/><W94/><G94/><T97/><D69/><U49/><E81/><N who="2" m="47271" /><F2/><W45/><G45/><T104/><D47/><U84/><E84/><V75/><F4/><W135/><G13/><T39/><D39/><U46/><REACH who="1" step="1"/><E74/><REACH who="1" ten="299,204,237,250" step="2"/><V131/><F75/><W55/><G135/><T15/><D104/><U34/><E34/><V98/><F98/><N who="3" m="57631" /><G55/><T118/><D106/><U79/><E79/><N who="2" m="46463" /><F131/><W43/><G43/><T63/><D63/><U36/><E36/><V33/><F33/><W129/><G129/><T57/><D128/><U93/><E93/><V32/><F32/><W78/><G78/><T114/><D130/><U60/><E60/><V119/><F119/><W82/><G82/><T48/><D118/><U103/><E103/><V100/><F100/><W125/><G125/><T40/><D95/><U1/><AGARI ba="0,1" hai="1,5,10,12,17,23,46,49,50,53,54,56,122,123" machi="1" ten="30,2000,0" yaku="1,1,0,1,53,0" doraHai="20" doraHaiUra="88" who="1" fromWho="1" sc="299,-5,204,30,237,-10,250,-5" /><INIT seed="3,0,0,3,1,106" ten="294,234,227,245" oya="3" hai0="0,69,123,48,57,129,132,118,38,72,87,59,46" hai1="1,88,94,8,41,17,51,47,60,6,7,76,81" hai2="45,22,65,103,58,67,16,52,98,130,85,44,135" hai3="31,9,15,96,75,134,37,107,2,29,114,3,63"/><W50/><G37/><T73/><D0/><U25/><E7/><V23/><F130/><W55/><G75/><T95/><D123/><U33/><E60/><V43/><F135/><W105/><G134/><T110/><D132/><U86/><E17/><V24/><F85/><W34/><G114/><T64/><D38/><U74/><E25/><N who="2" m="14535" /><F98/><W122/><G122/><T35/><D35/><U4/><E4/><V10/><F103/><W115/><G115/><T121/><D118/><U32/><AGARI ba="0,0" hai="1,6,8,32,33,41,47,51,74,76,81,86,88,94" machi="32" ten="30,4000,0" yaku="0,1,52,1,54,1" doraHai="106" who="1" fromWho="1" sc="294,-10,234,40,227,-10,245,-20" /><INIT seed="4,0,0,0,5,80" ten="284,274,217,225" oya="0" hai0="43,96,117,112,75,76,35,72,90,78,8,0,84" hai1="44,113,25,120,10,86,15,53,131,17,133,54,67" hai2="28,99,88,58,127,70,107,65,108,52,130,26,92" hai3="109,134,66,82,95,19,12,2,74,40,61,45,79"/><T59/><D117/><U98/><E120/><V6/><F108/><W114/><G114/><T60/><D60/><U132/><E131/><V27/><F130/><W124/><G134/><T36/><D59/><U125/><E125/><V115/><F115/><W73/><G124/><T87/><D96/><U29/><E113/><V103/><F127/><W47/><G2/><T49/><D49/><U63/><E98/><V111/><F111/><W24/><G109/><T31/><D90/><U100/><E100/><V21/><F6/><W11/><G95/><T23/><D76/><U37/><E37/><V69/><F65/><W32/><G74/><T39/><D39/><U7/><E7/><V55/><F26/><W102/><G102/><T68/><D68/><U22/><E44/><V20/><F20/><W5/><G40/><T14/><D112/><U106/><E106/><V123/><F55/><W41/><G41/><T110/><D110/><U46/><E46/><V34/><F34/><W116/><G116/><T97/><D97/><U81/><E133/><V30/><F30/><W18/><G18/><N who="0" m="10711" /><D43/><U101/><E101/><V122/><F123/><W94/><G94/><T1/><D36/><U119/><E132/><V85/><F122/><W33/><G33/><T89/><D1/><U16/><E119/><V56/><F56/><N who="3" m="37159" /><G32/><T38/><D38/><U9/><E67/><V104/><F104/><W62/><G62/><AGARI ba="0,0" hai="21,27,28,52,58,62,69,70,85,88,92,99,103,107" machi="62" ten="30,7700,0" yaku="7,1,52,1,54,2" doraHai="80" who="2" fromWho="3" sc="284,0,274,0,217,77,225,-77" /><INIT seed="5,0,0,3,0,125" ten="284,274,294,148" oya="1" hai0="32,82,36,69,51,46,106,20,134,2,28,132,14" hai1="117,38,50,85,5,129,91,107,103,86,92,80,90" hai2="122,78,72,18,48,67,98,101,35,118,42,40,23" hai3="94,81,105,114,33,120,58,61,116,95,96,8,131"/><U55/><E38/><V123/><F35/><W93/><G120/><T99/><D2/><U121/><E121/><V128/><F118/><W44/><G33/><T108/><D108/><U10/><E117/><V133/><F67/><W49/><G116/><T102/><D36/><U63/><E63/><V13/><F133/><N who="0" m="51306" /><D69/><U11/><E129/><V87/><F72/><W25/><G114/><T111/><D111/><U124/><E124/><V68/><F128/><W7/><G105/><T24/><D82/><U77/><E5/><V76/><F68/><W84/><G25/><T9/><D32/><U52/><E55/><V19/><F122/><W26/><G26/><T4/><D46/><N who="1" m="27735" /><E103/><V89/><F123/><W104/><G104/><T27/><D27/><U12/><E12/><N who="2" m="9671" /><F101/><W109/><G109/><T113/><D113/><U45/><E45/><N who="2" m="25639" /><F42/><N who="3" m="24727" /><G131/><T73/><D73/><U71/><E71/><V135/><F98/><W21/><G21/><T22/><D51/><U53/><E107/><V3/><F3/><W74/><G74/><T47/><D47/><U54/><E77/><V110/><F110/><W59/><G96/><T70/><D70/><U127/><E127/><V65/><F135/><W130/><G130/><T126/><D126/><U6/><E11/><N who="2" m="6591" /><F65/><W56/><G8/><T100/><D100/><U57/><E57/><N who="3" m="14594" /><W88/><DORA hai="62" /><G7/><T0/><D0/><U29/><E29/><V64/><F64/><W16/><G61/><T34/><AGARI ba="0,0" hai="4,9,14,20,22,24,28,34,99,102,106" m="51306" machi="34" ten="30,1100,0" yaku="20,1" doraHai="125,62" who="0" fromWho="0" sc="284,11,274,-5,294,-3,148,-3" /><INIT seed="6,0,0,5,2,20" ten="295,269,291,145" oya="2" hai0="97,106,110,107,1,35,53,57,93,47,103,109,49" hai1="88,75,60,76,126,105,74,72,116,69,12,120,115" hai2="130,34,58,119,87,117,22,78,73,77,17,27,131" hai3="16,3,122,43,132,14,40,38,80,23,121,28,67"/><V26/><F73/><W118/><G118/><N who="2" m="45065" /><F58/><W127/><G3/><T86/><D35/><U99/><E116/><V39/><F39/><W124/><G67/><T8/><D106/><U41/><E41/><N who="3" m="15946" /><G38/><T79/><D93/><U32/><E32/><V51/><F51/><W64/><G64/><T33/><D33/><U125/><E120/><N who="3" m="46186" /><G28/><T95/><D95/><U24/><E105/><V113/><F87/><W84/><G84/><T18/><D57/><U5/><E75/><V101/><F101/><W31/><G31/><T56/><D56/><U114/><E74/><V7/><F113/><W70/><G70/><T48/><D49/><U104/><E72/><V81/><F81/><W96/><G96/><T133/><D1/><U21/><E115/><V37/><F37/><W85/><G85/><T13/><D86/><U55/><E114/><V90/><F90/><W135/><G80/><T6/><D79/><U62/><E76/><V91/><F91/><W108/><G108/><BYE who="3" /><T54/><D54/><U71/><E55/><V50/><F50/><W29/><G29/><T9/><D9/><U82/><E99/><V42/><F42/><UN n3="%6B%79%6F%6E%6B%6F%31%31" /><W98/><G98/><T59/><D109/><U65/><E71/><V89/><F89/><W111/><G111/><T11/><D110/><U102/><E88/><V112/><F112/><W94/><G94/><T2/><D59/><U129/><E65/><V134/><F77/><W68/><G68/><T4/><D4/><U10/><E5/><V0/><F78/><W15/><G15/><T83/><D83/><U63/><E12/><V46/><F7/><RYUUKYOKU ba="0,0" sc="295,15,269,-15,291,-15,145,15" hai0="2,6,8,11,13,18,47,48,53,97,103,107,133" hai3="14,16,23,124,127,132,135" owari="310,41.0,254,-15.0,276,8.0,160,-34.0" /></mjloggm>