<mjloggm ver="2.3"><GO type="169" lobby="0"/><UN n0="%E8%8A%B1%E6%BE%A4%E3%83%91%E3%82%AF%E3%83%81%E3%83%BC" n1="%E3%81%9F%E3%81%91%E3%81%A3%E3%81%A1%E2%98%85" n2="%7A%65%6C%64%65%6E" n3="%E3%81%8A%E3%83%BC%E3%81%9F%E3%81%91" dan="17,16,16,16" rate="2176.95,2078.71,2143.75,2122.13" sx="M,M,M,M"/><TAIKYOKU oya="0"/><INIT seed="0,0,0,5,3,119" ten="250,250,250,250" oya="0" hai0="76,15,85,129,4,120,103,134,81,34,98,118,95" hai1="8,25,94,42,35,99,114,75,27,111,61,52,79" hai2="28,12,36,49,13,100,115,44,16,31,58,71,84" hai3="78,7,0,97,127,5,41,92,33,66,90,47,109"/><T110/><D118/><U19/><E114/><V106/><F115/><W101/><G109/><T112/><D112/><U24/><E111/><V126/><F71/><W43/><G33/><T10/><D110/><U18/><E35/><V122/><F126/><W37/><G127/><T104/><D129/><U60/><E42/><V117/><F117/><W73/><G66/><T131/><D131/><U123/><E123/><V48/><F122/><W128/><G128/><T17/><D134/><U89/><E75/><V82/><F36/><W87/><G43/><T14/><D120/><U50/><E79/><V86/><F106/><N who="3" m="63791" /><G0/><T57/><D34/><U9/><E9/><V54/><F100/><W125/><G125/><T56/><REACH who="0" step="1"/><D104/><REACH who="0" ten="240,250,250,250" step="2"/><U96/><E96/><V51/><F84/><W64/><G64/><T46/><D46/><U1/><E1/><V30/><F44/><W65/><G65/><T70/><D70/><U132/><E132/><V124/><F124/><W133/><G133/><T116/><D116/><U39/><E39/><V22/><REACH who="2" step="1"/><F13/><REACH who="2" ten="240,250,240,250" step="2"/><W38/><G38/><T59/><D59/><U21/><E8/><AGARI ba="0,2" hai="4,8,10,14,15,17,56,57,76,81,85,95,98,103" machi="8" ten="30,5800,0" yaku="1,1,7,1,8,1,53,0" doraHai="119" doraHaiUra="40" who="0" fromWho="1" sc="240,78,250,-58,240,0,250,0" /><INIT seed="0,1,0,0,3,30" ten="318,192,240,250" oya="0" hai0="42,129,18,68,51,0,124,28,97,38,41,55,76" hai1="100,32,27,46,75,14,126,4,123,12,116,13,50" hai2="59,37,7,103,114,125,39,69,49,24,119,53,16" hai3="121,91,82,33,132,120,113,89,34,93,47,94,67"/><T80/><D129/><U60/><E75/><V72/><F114/><W128/><G113/><T106/><D124/><U118/><E100/><V58/><F125/><W92/><G128/><T6/><D68/><U10/><E126/><V85/><F72/><W130/><G130/><T26/><D38/><U81/><E81/><V44/><F119/><N who="1" m="45609" /><E60/><V110/><F110/><W20/><G132/><T17/><D6/><U35/><E50/><V62/><F7/><W23/><G67/><T101/><D0/><N who="1" m="263" /><E46/><V8/><F103/><W111/><G47/><T95/><D106/><U117/><N who="1" m="45617" /><U88/><DORA hai="1" /><E88/><N who="3" m="33866" /><G82/><T122/><D42/><U43/><E43/><V84/><F59/><W133/><G133/><T90/><D122/><N who="3" m="47209" /><G111/><T134/><D41/><U19/><E123/><V105/><F69/><W87/><G87/><T83/><D101/><U74/><E74/><V11/><F39/><W21/><AGARI ba="1,0" hai="20,21,23,33,34,92,93,94" m="47209,33866" machi="21" ten="40,12000,2" yaku="28,2,13,1,52,2,54,1" doraHai="30,1" who="3" fromWho="3" sc="318,-61,192,-31,240,-31,250,123" /><INIT seed="1,0,0,5,0,111" ten="257,161,209,373" oya="1" hai0="76,33,133,134,93,66,127,100,53,19,105,2,103" hai1="123,34,96,58,90,68,118,119,70,124,130,54,126" hai2="35,110,114,30,38,113,6,46,49,37,43,52,101" hai3="129,51,44,135,9,77,115,57,36,39,83,95,80"/><U94/><E34/><V45/><F110/><W121/><G121/><T1/><D105/><U71/><E123/><V41/><F6/><W62/><G129/><T20/><D33/><U7/><E7/><V5/><F5/><W64/><G135/><N who="0" m="51723" /><D76/><U61/><REACH who="1" step="1"/><E130/><REACH who="1" ten="257,151,209,373" step="2"/><V73/><F73/><W120/><G120/><T128/><D128/><U112/><E112/><N who="2" m="43115" /><F101/><W82/><G115/><T17/><D103/><U32/><E32/><V14/><F14/><W24/><G77/><T29/><D100/><U102/><E102/><V4/><F4/><W60/><G24/><T42/><D1/><U67/><E67/><V18/><F18/><W10/><G64/><T3/><D66/><U86/><E86/><V47/><F35/><W75/><G75/><T106/><D3/><U28/><E28/><AGARI ba="0,1" hai="28,30,37,38,41,43,45,46,47,49,52" m="43115" machi="28" ten="30,8000,1" yaku="11,1,52,3,54,1" doraHai="111" who="2" fromWho="1" sc="257,0,151,-80,209,90,373,0" /><INIT seed="2,0,0,4,1,15" ten="257,71,299,373" oya="2" hai0="48,101,50,1,47,7,76,98,41,26,124,125,42" hai1="130,79,115,71,44,108,133,105,14,99,69,11,65" hai2="45,31,22,3,63,83,109,119,60,18,19,102,27" hai3="13,66,17,117,35,91,129,67,80,38,85,51,122"/><V128/><F119/><W127/><G38/><T134/><D134/><U111/><E133/><V103/><F3/><W36/><G36/><T46/><D76/><U86/><E115/><V9/><F128/><W33/><G122/><T89/><D89/><U59/><E130/><V123/><F123/><W72/><G129/><T74/><D74/><U84/><E79/><V81/><F109/><W58/><G72/><T120/><D120/><U34/><E34/><V0/><F45/><W112/><G117/><T135/><D135/><U5/><E44/><V82/><F0/><W10/><G127/><T97/><D26/><U113/><E113/><V94/><F9/><W53/><G112/><T116/><D116/><U56/><E99/><N who="2" m="59767" /><F103/><W87/><G66/><T70/><D70/><U93/><E105/><V37/><F37/><W30/><G30/><T43/><D43/><U61/><E71/><V100/><F100/><W23/><G85/><T16/><D7/><U2/><E2/><V114/><F114/><W57/><G10/><T32/><D1/><U25/><E25/><V121/><F121/><W92/><G80/><N who="2" m="20481" /><V54/><DORA hai="12" /><F54/><N who="3" m="31967" /><G67/><T96/><D101/><U118/><E118/><V88/><F88/><W64/><G64/><T28/><D28/><U24/><E24/><V90/><F90/><W29/><G29/><T104/><D104/><U52/><E93/><V55/><F55/><W77/><G77/><T75/><D75/><U73/><E73/><V62/><AGARI ba="0,0" hai="18,19,22,27,31,60,62,63" m="20481,59767" machi="62" ten="40,12000,1" yaku="8,1,52,4" doraHai="15,12" who="2" fromWho="2" sc="257,-40,71,-40,299,120,373,-40" /><INIT seed="2,1,0,3,5,84" ten="217,31,419,333" oya="2" hai0="128,5,20,27,117,131,73,114,54,81,70,91,10" hai1="96,30,11,39,26,106,105,112,111,48,110,46,14" hai2="71,8,28,33,22,52,49,69,51,53,123,72,61" hai3="82,37,9,36,134,83,15,86,62,99,104,44,24"/><V89/><F123/><W119/><G119/><T129/><D114/><U113/><E39/><V4/><F33/><W135/><G82/><T3/><D117/><U45/><E96/><V66/><F72/><W101/><G24/><T38/><D70/><U43/><E48/><V79/><F79/><W76/><G62/><T132/><D132/><N who="3" m="50729" /><G44/><N who="1" m="17002" /><E43/><V18/><F28/><W55/><G55/><T122/><D122/><U109/><E26/><V29/><F29/><W31/><G31/><T120/><D38/><U98/><E30/><V125/><F125/><W0/><G0/><T127/><D127/><U80/><E80/><V90/><F69/><W23/><G23/><T64/><D64/><U130/><E130/><V97/><F51/><W67/><G67/><T47/><D73/><U68/><E68/><V133/><F133/><W102/><G102/><T124/><D120/><U103/><E106/><V77/><F49/><W7/><AGARI ba="1,0" hai="7,9,15,36,37,76,83,86,99,101,104" m="50729" machi="7" ten="30,1100,0" yaku="20,1" doraHai="84" who="3" fromWho="3" sc="217,-4,31,-4,419,-6,333,14" /><INIT seed="3,0,0,0,5,21" ten="213,27,413,347" oya="3" hai0="27,10,61,62,28,114,90,98,19,0,109,36,54" hai1="129,105,132,13,60,56,126,35,23,133,86,2,16" hai2="135,64,49,55,69,15,80,81,83,58,71,123,73" hai3="66,92,41,52,45,8,88,110,67,51,26,125,75"/><W127/><G75/><T131/><D109/><U99/><E105/><V93/><F135/><N who="1" m="51785" /><E99/><V29/><F123/><W97/><G110/><T122/><D122/><U107/><E107/><V30/><F73/><W128/><G128/><T31/><D36/><U57/><E57/><V124/><F124/><N who="3" m="47691" /><G8/><T43/><D131/><U74/><E86/><V1/><F1/><W17/><G41/><T4/><D114/><U121/><E74/><V130/><F130/><W7/><G7/><T102/><D43/><U119/><E129/><V3/><F3/><W70/><G70/><T77/><D77/><U37/><E126/><V53/><F93/><W96/><G96/><T106/><D90/><U79/><E37/><V24/><F64/><W117/><G117/><T118/><D118/><U34/><E119/><V33/><F29/><W91/><G91/><T9/><D31/><U6/><E79/><V95/><F95/><W68/><G68/><T11/><D54/><U78/><E78/><V134/><F134/><W38/><G38/><T32/><REACH who="0" step="1"/><D9/><REACH who="0" ten="203,27,413,347" step="2"/><N who="1" m="2263" /><E121/><V42/><F42/><W100/><G100/><T44/><D44/><U46/><E46/><V108/><F108/><W113/><G113/><T104/><D104/><U103/><E103/><V94/><F55/><AGARI ba="0,1" hai="13,16,23,34,35,55,56,60" m="2263,51785" machi="55" ten="30,2000,0" yaku="20,1,54,1" doraHai="21" who="1" fromWho="2" sc="203,0,27,30,413,-20,347,0" /><INIT seed="4,0,0,1,0,73" ten="203,57,393,347" oya="0" hai0="39,31,108,37,20,128,7,104,61,15,17,125,12" hai1="129,110,34,38,45,107,132,1,131,32,58,80,92" hai2="42,111,60,124,117,78,126,116,25,119,130,74,13" hai3="0,82,114,66,56,26,51,99,71,68,90,64,95"/><T2/><D128/><N who="1" m="49227" /><E110/><V121/><F130/><W85/><G0/><T16/><D125/><N who="2" m="48234" /><F111/><W70/><G114/><T62/><D108/><U59/><E107/><V40/><F121/><W24/><G51/><T106/><D31/><U69/><E69/><V87/><F74/><W27/><REACH who="3" step="1"/><G56/><REACH who="3" ten="203,57,393,337" step="2"/><N who="1" m="21546" /><E1/><V36/><F36/><W89/><AGARI ba="0,1" hai="24,26,27,64,66,68,70,71,82,85,89,90,95,99" machi="89" ten="40,2700,0" yaku="1,1,0,1,53,0" doraHai="73" doraHaiUra="6" who="3" fromWho="3" sc="203,-13,57,-7,393,-7,337,37" /><INIT seed="5,0,0,4,3,107" ten="190,50,386,374" oya="1" hai0="10,14,115,85,37,8,119,24,124,16,111,105,84" hai1="91,39,44,78,76,17,106,13,122,71,112,114,104" hai2="100,75,35,19,0,51,135,110,36,25,41,27,99" hai3="60,5,46,52,67,32,49,103,129,15,128,47,120"/><U94/><E71/><V109/><F135/><W40/><G32/><T7/><D111/><U31/><E122/><V23/><F0/><W134/><G103/><T50/><D37/><U59/><E31/><V101/><F36/><W64/><G5/><T11/><D119/><U81/><E78/><V58/><F100/><W97/><G15/><T65/><D105/><U55/><E106/><V30/><F75/><W69/><G97/><T90/><D124/><U53/><E104/><V2/><F2/><W108/><G108/><T82/><D115/><N who="1" m="44075" /><E59/><V74/><F74/><W83/><G83/><T57/><D24/><U123/><E123/><V88/><F101/><W72/><G72/><T133/><D133/><U54/><E39/><V21/><F35/><W73/><G73/><T92/><D50/><N who="1" m="28871" /><E76/><V4/><F4/><W80/><G80/><T98/><D85/><N who="1" m="50607" /><E94/><N who="2" m="56775" /><F110/><W89/><G89/><T68/><D68/><U1/><E1/><V77/><F77/><W48/><G120/><T126/><D126/><U102/><E102/><V38/><F38/><W42/><G134/><T130/><D130/><N who="3" m="50281" /><G67/><T117/><D117/><U87/><E87/><V121/><F121/><W6/><G6/><T56/><D7/><U95/><E95/><V33/><F109/><W22/><G22/><AGARI ba="0,0" hai="13,17,22,54,55" m="50607,28871,44075" machi="22" ten="30,1500,0" yaku="15,1" doraHai="107" who="1" fromWho="3" sc="190,0,50,15,386,0,374,-15" /><INIT seed="5,1,0,5,4,40" ten="190,65,386,359" oya="1" hai0="49,66,67,76,64,122,107,91,4,98,115,114,25" hai1="132,22,2,56,130,135,68,73,123,65,39,77,83" hai2="78,106,118,100,90,105,31,29,5,61,116,93,38" hai3="26,97,12,36,13,53,0,44,52,131,80,102,88"/><U17/><E123/><V95/><F38/><W10/><G131/><T133/><D122/><U75/><E130/><V99/><F5/><W109/><G109/><T112/><D133/><N who="1" m="51275" /><E73/><V1/><F1/><W3/><G13/><T121/><D121/><U119/><E68/><V104/><F61/><W21/><G3/><T62/><D76/><U101/><E119/><N who="2" m="45611" /><F29/><W74/><G0/><T86/><D4/><U113/><E113/><V58/><F58/><W35/><G35/><T125/><D125/><U87/><E2/><V72/><F31/><W42/><G74/><T69/><D49/><U8/><E8/><V23/><F23/><W24/><G24/><T89/><D25/><N who="1" m="14543" /><E39/><V30/><F30/><W14/><G26/><T120/><D120/><U81/><E101/><V82/><F95/><W34/><G34/><T57/><D69/><U55/><E65/><N who="0" m="25193" /><D86/><AGARI ba="1,0" hai="72,78,82,86,90,93,99,100,104,105,106" m="45611" machi="86" ten="30,3900,0" yaku="24,1,34,2" doraHai="40" who="2" fromWho="0" sc="190,-42,65,0,386,42,359,0" /><INIT seed="6,0,0,3,0,41" ten="148,65,428,359" oya="2" hai0="57,118,116,23,106,128,48,85,76,27,18,86,13" hai1="1,37,97,39,104,95,131,14,25,46,30,114,90" hai2="132,69,127,105,33,53,60,2,73,19,6,26,8" hai3="80,4,126,44,51,79,72,22,84,122,21,43,52"/><V120/><F120/><W10/><G126/><T71/><D71/><U49/><E114/><V78/><F127/><W45/><G122/><T61/><D106/><U119/><E119/><N who="0" m="45609" /><D128/><U32/><E131/><V28/><F132/><W70/><G70/><T109/><D76/><U17/><E1/><V36/><F53/><W56/><G72/><T34/><D109/><U67/><E67/><N who="2" m="41191" /><F19/><W35/><G35/><T115/><D48/><U77/><E77/><V20/><F20/><W47/><REACH who="3" step="1"/><G43/><REACH who="3" ten="148,65,428,349" step="2"/><T112/><D34/><U110/><E110/><V42/><F42/><W12/><AGARI ba="0,1" hai="4,10,12,21,22,44,45,47,51,52,56,79,80,84" machi="12" ten="30,16000,3" yaku="1,1,2,1,0,1,8,1,52,3,54,1,53,0" doraHai="41" doraHaiUra="123" who="3" fromWho="3" sc="148,-40,65,-40,428,-80,349,170" /><INIT seed="7,0,0,1,2,63" ten="108,25,348,519" oya="3" hai0="28,101,78,123,60,12,102,30,134,89,50,130,105" hai1="77,95,86,103,98,117,126,39,125,128,109,70,97" hai2="81,80,71,16,131,106,42,75,69,52,91,114,26" hai3="0,129,121,72,41,11,124,23,133,132,57,22,1"/><W73/><G41/><T3/><D3/><U100/><E39/><V19/><F114/><W107/><G57/><T116/><D123/><U9/><E70/><V67/><F131/><W62/><G62/><T34/><D130/><U85/><E9/><V13/><F106/><W48/><G48/><T66/><D116/><U64/><E128/><V15/><F42/><W120/><G129/><T90/><D134/><U51/><E51/><V37/><F37/><W108/><G11/><T82/><D12/><U96/><E64/><V74/><F26/><W4/><G107/><T20/><D34/><U21/><E21/><V59/><F59/><W122/><G108/><T68/><D50/><U84/><E109/><V46/><F91/><W25/><G25/><T119/><D119/><U94/><E117/><V127/><F127/><N who="1" m="48649" /><E77/><V7/><F7/><W93/><G124/><T113/><D20/><N who="3" m="7721" /><G4/><T36/><D36/><U27/><E27/><V111/><F111/><W79/><G93/><T8/><D105/><U56/><E56/><V104/><F104/><W135/><G79/><T99/><D78/><U47/><E47/><V54/><REACH who="2" step="1"/><F67/><REACH who="2" ten="108,25,338,519" step="2"/><W24/><G24/><T18/><D66/><U38/><E38/><V83/><F83/><W31/><G122/><T87/><D68/><U33/><E33/><V76/><F76/><W53/><G121/><T44/><D44/><U49/><E49/><V32/><F32/><W115/><G120/><T43/><D43/><U110/><E110/><V118/><F118/><W17/><G133/><T14/><D60/><U6/><E6/><V5/><F5/><RYUUKYOKU ba="0,1" sc="108,-15,25,15,338,15,519,-15" hai1="84,85,86,94,95,96,97,98,100,103" hai2="13,15,16,19,46,52,54,69,71,74,75,80,81" owari="93,-31.0,40,-46.0,353,15.0,514,62.0" /></mjloggm>