<mjloggm ver="2.3"><GO type="225" lobby="0"/><UN n0="%E8%A3%81%E3%81%8D%E3%81%AE%E9%BE%8D" n1="%E3%82%AD%E3%83%AC%E3%81%9D%E3%81%86" n2="%E4%B9%9D%E4%B8%88%E8%8A%B1%E9%9F%B3" n3="%E7%AB%8B%E8%8F%AF%E5%A5%8F" dan="16,16,16,16" rate="2015.43,2073.78,2176.08,2138.27" sx="F,M,F,F"/><TAIKYOKU oya="0"/><BYE who="1" /><UN n1="%E3%82%AD%E3%83%AC%E3%81%9D%E3%81%86" /><INIT seed="0,0,0,3,3,109" ten="250,250,250,250" oya="0" hai0="6,89,98,47,84,61,65,57,69,121,113,12,127" hai1="74,31,48,67,20,17,103,60,96,82,14,97,5" hai2="133,83,1,90,68,26,132,87,59,73,30,92,79" hai3="95,70,101,64,16,75,13,27,86,116,62,53,110"/><T0/><D121/><U72/><E31/><V54/><F1/><W111/><G116/><T35/><D35/><U44/><E5/><V11/><F11/><W106/><G75/><T28/><D127/><U108/><E108/><N who="3" m="41514" /><G27/><T117/><D117/><U131/><E131/><V56/><F68/><W85/><G106/><T10/><D28/><U126/><E126/><V63/><REACH who="2" step="1"/><F59/><REACH who="2" ten="250,250,240,250" step="2"/><N who="3" m="35183" /><G70/><T112/><D69/><U94/><E44/><V25/><F25/><W49/><G64/><T40/><D0/><U15/><E67/><V134/><F134/><W88/><G101/><T122/><D122/><U38/><E103/><V120/><F120/><W9/><G49/><T39/><REACH who="0" step="1"/><D98/><AGARI ba="0,1" hai="9,13,16,85,86,88,95,98" m="35183,41514" machi="98" ten="30,3900,0" yaku="14,1,54,2" doraHai="109" who="3" fromWho="0" sc="250,-39,250,0,240,0,250,49" /><INIT seed="1,0,0,5,5,60" ten="211,250,240,299" oya="1" hai0="14,74,132,46,41,44,96,114,42,134,43,2,58" hai1="0,116,123,75,69,10,56,55,113,77,76,120,63" hai2="109,71,8,91,112,3,18,11,85,99,31,108,94" hai3="97,27,105,25,39,67,86,68,129,73,36,7,95"/><U130/><E113/><V110/><F31/><W131/><G73/><T17/><D2/><U30/><E116/><V62/><F3/><W122/><G122/><T127/><D74/><U24/><E130/><N who="3" m="49674" /><G7/><T26/><D114/><U15/><E0/><V47/><F47/><W90/><G105/><T9/><D127/><U52/><E69/><V79/><F112/><W78/><G78/><N who="1" m="30314" /><E75/><V135/><F135/><N who="0" m="51754" /><D26/><N who="3" m="9737" /><G97/><T59/><D96/><U119/><E119/><V12/><F79/><W48/><G48/><N who="0" m="26639" /><D42/><U61/><E123/><V102/><F11/><W64/><G68/><T50/><AGARI ba="0,0" hai="9,14,17,43,46,50,58,59" m="26639,51754" machi="50" ten="30,1100,0" yaku="20,1" doraHai="60" who="0" fromWho="0" sc="211,11,250,-5,240,-3,299,-3" /><INIT seed="2,0,0,0,5,56" ten="222,245,237,296" oya="2" hai0="67,5,34,20,29,134,77,60,21,130,92,17,13" hai1="51,41,108,57,26,63,27,7,124,78,37,68,104" hai2="84,22,100,59,110,10,94,4,113,98,65,42,112" hai3="35,23,0,114,75,96,87,102,31,66,6,99,126"/><V19/><F110/><W28/><G75/><T83/><D134/><U36/><E104/><V3/><F42/><W86/><G35/><T2/><D130/><U58/><E78/><V109/><F109/><W54/><G114/><T62/><D34/><U103/><E103/><V38/><F38/><N who="1" m="14953" /><E7/><V122/><F122/><W133/><G133/><T90/><D2/><U14/><E14/><V18/><F84/><W72/><G72/><T25/><D5/><U117/><E108/><V111/><F111/><W76/><G0/><T95/><D67/><N who="1" m="41087" /><E26/><V118/><F118/><W24/><G6/><T8/><D8/><U49/><E27/><V43/><F43/><W82/><G31/><T80/><D95/><U105/><E105/><V47/><F47/><W71/><G86/><N who="0" m="48399" /><D83/><U61/><E124/><V52/><F65/><W48/><G126/><T1/><D1/><U79/><E79/><V44/><F44/><W93/><G99/><AGARI ba="0,0" hai="13,17,20,21,25,29,60,62,90,92,99" m="48399" machi="99" ten="30,3900,0" yaku="8,1,52,2" doraHai="56" who="0" fromWho="3" sc="222,39,245,0,237,0,296,-39" /><INIT seed="3,0,0,1,5,104" ten="261,245,237,257" oya="3" hai0="84,130,112,28,77,111,1,36,116,2,14,53,100" hai1="75,101,103,25,70,24,125,123,117,12,109,29,11" hai2="126,46,13,120,59,38,63,5,18,8,44,71,65" hai3="106,78,10,30,50,37,119,21,80,48,39,17,4"/><W58/><G106/><T56/><D116/><U19/><E123/><V73/><F120/><W68/><G68/><T118/><D118/><U34/><E117/><V114/><F114/><W79/><G119/><T127/><D112/><U66/><E75/><V134/><F134/><W96/><G30/><T94/><D36/><U54/><E109/><V43/><F126/><W47/><G58/><T128/><D111/><U99/><E125/><V26/><F46/><W51/><G96/><T60/><D127/><U108/><E108/><V110/><F110/><W105/><G105/><T31/><D14/><U41/><E41/><V33/><F73/><W98/><G98/><T27/><D31/><U57/><E25/><V16/><REACH who="2" step="1"/><F71/><REACH who="2" ten="261,245,227,257" step="2"/><W133/><G133/><T72/><D72/><U64/><E70/><V6/><F6/><W45/><G45/><T62/><D56/><U52/><E57/><V90/><F90/><W81/><G47/><T9/><D77/><U69/><E69/><V135/><F135/><W61/><G79/><T132/><D132/><U35/><E103/><V124/><F124/><W92/><G78/><T3/><D100/><U42/><E101/><V15/><F15/><W86/><G4/><T55/><D2/><U49/><E12/><V87/><F87/><W89/><G86/><T7/><D1/><U67/><E99/><V20/><F20/><W22/><G89/><T122/><D122/><U93/><E34/><V131/><F131/><W76/><G21/><N who="0" m="15471" /><D130/><U102/><E102/><V129/><F129/><W40/><G22/><T95/><D128/><U107/><E35/><RYUUKYOKU ba="0,1" sc="261,-10,245,-10,227,30,257,-10" hai2="5,8,13,16,18,26,33,38,43,44,59,63,65" /><INIT seed="4,1,1,1,4,87" ten="251,235,257,247" oya="0" hai0="44,103,82,113,104,75,114,59,72,11,105,57,99" hai1="48,97,77,30,22,110,135,6,122,9,120,58,7" hai2="37,34,13,62,96,61,3,91,102,23,68,84,51" hai3="54,100,78,10,69,129,19,112,36,131,26,25,118"/><T1/><D105/><U106/><E110/><V8/><F37/><W71/><G36/><T16/><D44/><U76/><E135/><V79/><F34/><W49/><G118/><T39/><D39/><U121/><E106/><V83/><F68/><N who="3" m="26187" /><G100/><T74/><D82/><U63/><E97/><V132/><F132/><W116/><G116/><T43/><D43/><U46/><E22/><V35/><F35/><W2/><G78/><T65/><D1/><U123/><E30/><V31/><F3/><W66/><G66/><T50/><D50/><U18/><E18/><V93/><F51/><W133/><G133/><T45/><D45/><U124/><E124/><V56/><F56/><N who="3" m="32847" /><G112/><N who="0" m="43115" /><D65/><U92/><E92/><V20/><F79/><W64/><G64/><T89/><D89/><U4/><E9/><V14/><F14/><AGARI ba="1,1" hai="11,14,16,57,59,72,74,75,99,103,104" m="43115" machi="14" ten="40,3900,0" yaku="15,1,54,1" doraHai="87" who="0" fromWho="2" sc="251,52,235,0,257,-42,247,0" owari="303,39.0,235,-16.0,215,-28.0,247,5.0" /></mjloggm>