<mjloggm ver="2.3"><GO type="169" lobby="0"/><UN n0="%E3%81%BE%E3%83%BC%E3%81%8F%E3%81%96%E3%81%84%E3%82%93" n1="%E3%81%8F%E3%81%86%E3%81%9F%E3%82%8D" n2="%E5%AE%9F%E5%AD%98" n3="%E8%91%B5%E3%81%A1%E3%82%83%E3%82%93" dan="16,17,17,16" rate="2162.38,2164.94,2147.83,2109.64" sx="M,M,M,F"/><TAIKYOKU oya="0"/><INIT seed="0,0,0,3,5,59" ten="250,250,250,250" oya="0" hai0="28,111,90,30,14,69,120,57,124,24,133,0,126" hai1="56,62,73,122,26,107,1,123,15,86,36,32,102" hai2="116,63,128,11,103,92,54,37,130,114,5,4,110" hai3="67,43,50,89,39,19,3,31,46,109,129,132,27"/><T44/><D120/><U6/><E73/><V53/><F114/><W20/><G109/><T12/><D69/><U91/><E36/><V106/><F37/><W18/><G129/><T40/><D0/><U17/><E102/><V7/><F106/><W115/><G115/><T9/><D133/><U119/><E107/><V21/><F110/><W66/><G132/><T84/><D111/><U77/><E77/><V93/><F11/><W83/><G3/><T49/><D57/><U127/><E119/><V52/><F116/><W101/><G101/><T70/><D70/><U85/><E85/><V38/><F38/><W64/><G39/><T68/><D68/><U71/><E71/><V95/><F103/><W33/><G33/><T78/><D78/><U79/><E79/><V125/><F125/><W108/><G108/><T135/><D135/><U80/><E6/><V34/><F34/><W121/><REACH who="3" step="1"/><G121/><REACH who="3" ten="250,250,250,240" step="2"/><T13/><D9/><N who="1" m="6383" /><E1/><V10/><F10/><W22/><G22/><T81/><REACH who="0" step="1"/><D24/><REACH who="0" ten="240,250,250,240" step="2"/><U35/><E26/><V74/><F128/><W29/><G29/><AGARI ba="0,2" hai="12,13,14,28,29,30,40,44,49,81,84,90,124,126" machi="29" ten="40,7700,0" yaku="1,1,2,1,53,1" doraHai="59" doraHaiUra="42" who="0" fromWho="3" sc="240,97,250,0,250,0,240,-77" /><INIT seed="0,1,0,1,3,104" ten="337,250,250,163" oya="0" hai0="0,8,134,125,129,63,77,55,35,83,42,21,71" hai1="24,127,34,126,114,76,47,43,82,87,97,120,19" hai2="69,44,61,110,6,74,28,107,58,1,75,48,80" hai3="85,4,132,13,62,96,115,70,7,91,54,84,108"/><T86/><D35/><U67/><E120/><V135/><F107/><W56/><G108/><T45/><D134/><U89/><E67/><V2/><F110/><W94/><G115/><T117/><D117/><U101/><E114/><V41/><F135/><W133/><G70/><T18/><D129/><U51/><E89/><V60/><F28/><W49/><G133/><T12/><D125/><N who="1" m="47627" /><E19/><V68/><F80/><W131/><G131/><T109/><D109/><U16/><E16/><V66/><F69/><W22/><G132/><T53/><D71/><U128/><E128/><V92/><F92/><W102/><G22/><T88/><D63/><U64/><E64/><V46/><F46/><W36/><G36/><T121/><D121/><U9/><E9/><V95/><F95/><W100/><G62/><T122/><D122/><U57/><E57/><V123/><F123/><W99/><G7/><T81/><D8/><U40/><E24/><V10/><REACH who="2" step="1"/><F1/><REACH who="2" ten="337,250,240,163" step="2"/><W119/><G119/><T33/><D0/><U23/><E47/><V79/><F79/><W17/><G99/><T38/><REACH who="0" step="1"/><D33/><REACH who="0" ten="327,250,240,163" step="2"/><U30/><E34/><V90/><F90/><W29/><G91/><T11/><D11/><U65/><E76/><V105/><F105/><W93/><G102/><T130/><D130/><U98/><E101/><V73/><F73/><AGARI ba="1,2" hai="12,18,21,38,42,45,53,55,73,77,81,83,86,88" machi="73" ten="30,11600,0" yaku="1,1,7,1,52,1,54,1,53,0" doraHai="104" doraHaiUra="113" who="0" fromWho="2" sc="327,139,250,0,240,-119,163,0" /><INIT seed="0,2,0,1,4,61" ten="466,250,121,163" oya="0" hai0="89,70,90,42,109,101,30,85,93,97,80,37,23" hai1="114,132,112,115,45,62,6,13,71,54,75,88,19" hai2="83,122,47,11,134,124,63,64,100,28,126,46,8" hai3="77,33,121,87,9,104,78,94,56,53,14,2,43"/><T41/><D70/><U26/><E75/><V99/><F122/><W39/><G104/><T25/><D37/><U106/><E106/><V24/><F134/><W27/><G2/><T74/><D109/><U12/><E132/><V50/><F83/><W111/><G111/><T66/><D66/><N who="1" m="41431" /><E6/><V18/><F18/><W0/><G0/><T58/><D58/><U76/><E76/><V127/><F99/><W130/><G130/><T123/><D123/><U7/><E7/><V82/><F82/><W16/><G121/><T117/><D117/><U40/><E54/><V118/><F100/><W5/><G43/><T44/><D44/><U120/><E88/><N who="0" m="33897" /><D74/><U133/><E133/><V131/><F131/><W20/><G39/><T21/><D21/><N who="1" m="13631" /><E120/><V103/><F103/><W1/><G87/><T129/><D129/><U81/><E81/><V57/><F118/><W15/><G94/><T108/><D108/><U102/><E102/><V135/><F135/><W92/><G92/><T98/><D98/><U36/><AGARI ba="2,0" hai="12,13,36,40,45,112,114,115" m="13631,41431" machi="36" ten="30,2000,0" yaku="11,1,52,1" doraHai="61" who="1" fromWho="1" sc="466,-12,250,26,121,-7,163,-7" /><INIT seed="1,0,0,2,3,66" ten="454,276,114,156" oya="1" hai0="93,41,104,16,120,15,36,70,63,20,7,105,103" hai1="56,121,46,107,48,72,25,100,114,83,75,43,19" hai2="3,99,31,59,55,123,26,29,21,88,98,38,61" hai3="53,90,67,71,110,108,94,97,18,109,89,76,2"/><U122/><E114/><V11/><F123/><W40/><G40/><T82/><D120/><U42/><E42/><V23/><F38/><W135/><G135/><T0/><D82/><U34/><E100/><V13/><F3/><W54/><G2/><T132/><D132/><U124/><E107/><V112/><F112/><W51/><G76/><T60/><D93/><U128/><E128/><V73/><F73/><W45/><G18/><T57/><D103/><U39/><E124/><V116/><F116/><W79/><G79/><T62/><D57/><U111/><E111/><V10/><F10/><W133/><G133/><T125/><D125/><U9/><E75/><V126/><F126/><W49/><G90/><T44/><REACH who="0" step="1"/><D70/><REACH who="0" ten="444,276,114,156" step="2"/><U95/><E95/><V33/><F88/><W87/><G97/><T17/><D17/><U131/><E131/><V65/><F33/><W24/><G71/><T130/><D130/><U84/><E56/><V80/><F80/><W91/><G89/><T81/><D81/><U35/><E83/><V69/><F29/><W64/><REACH who="3" step="1"/><G24/><REACH who="3" ten="444,276,114,146" step="2"/><T96/><D96/><U92/><E25/><V6/><F99/><W30/><G30/><T8/><AGARI ba="0,2" hai="0,7,8,15,16,20,36,41,44,60,62,63,104,105" machi="8" ten="30,7900,0" yaku="1,1,0,1,54,1,53,1" doraHai="66" doraHaiUra="4" who="0" fromWho="0" sc="444,99,276,-39,114,-20,146,-20" /><INIT seed="2,0,0,1,0,126" ten="543,237,94,126" oya="2" hai0="133,81,49,61,76,74,125,59,92,114,9,128,84" hai1="91,28,113,105,70,102,18,87,80,1,2,82,129" hai2="78,124,14,44,55,67,64,112,123,60,54,30,37" hai3="131,109,111,132,23,135,56,57,24,32,65,127,96"/><V43/><F124/><W90/><G127/><T120/><D125/><U5/><E113/><V77/><F112/><W4/><G32/><T41/><D114/><U3/><E70/><V22/><F123/><W94/><G4/><T16/><D120/><U83/><E28/><V110/><F110/><N who="3" m="41995" /><G131/><T34/><D34/><U130/><E5/><V99/><F67/><W31/><G65/><T10/><D133/><AGARI ba="0,0" hai="23,24,31,56,57,90,94,96,132,133,135" m="41995" machi="133" ten="30,2000,0" yaku="20,1,14,1" doraHai="126" who="3" fromWho="0" sc="543,-20,237,0,94,0,126,20" /><INIT seed="3,0,0,5,3,44" ten="523,237,94,146" oya="3" hai0="34,100,18,59,63,7,48,21,42,45,121,67,127" hai1="95,62,130,90,2,4,129,86,119,133,66,81,126" hai2="19,16,87,102,12,76,61,41,72,51,65,9,117" hai3="37,28,104,91,98,112,131,58,115,57,75,89,14"/><W128/><G37/><T29/><D121/><U109/><E109/><V71/><F117/><W107/><G28/><T94/><D127/><U49/><E126/><V134/><F134/><W32/><G14/><T22/><D7/><U68/><E133/><V55/><F72/><W69/><G75/><T23/><D34/><U83/><E119/><V52/><F102/><W123/><G69/><T20/><D29/><U122/><E122/><V38/><F38/><W26/><G123/><T85/><D85/><U125/><E125/><V53/><F19/><W40/><G40/><T70/><D70/><U88/><E4/><V84/><REACH who="2" step="1"/><F76/><REACH who="2" ten="523,237,84,146" step="2"/><W73/><G73/><T114/><D114/><U93/><E129/><V101/><F101/><W5/><G5/><T111/><D111/><U106/><E130/><V56/><F56/><W77/><G77/><T118/><D118/><U80/><E106/><V11/><F11/><W54/><G131/><T33/><D33/><U8/><E8/><V99/><F99/><W116/><G128/><T132/><D132/><U43/><E68/><V60/><F60/><W15/><G116/><T25/><D23/><U79/><E62/><V108/><F108/><W120/><G98/><AGARI ba="0,1" hai="18,20,21,22,25,42,45,48,59,63,67,94,98,100" machi="98" ten="40,2600,0" yaku="8,1,52,1" doraHai="44" who="0" fromWho="3" sc="523,36,237,0,84,0,146,-26" /><INIT seed="4,0,0,5,1,94" ten="559,237,84,120" oya="0" hai0="63,1,75,73,0,8,64,81,134,40,3,105,12" hai1="101,19,128,82,60,121,112,57,89,92,59,37,39" hai2="122,34,67,80,51,6,56,129,25,11,132,65,58" hai3="76,110,108,98,35,70,43,83,117,93,21,96,115"/><T119/><D119/><U127/><E121/><V72/><F122/><W131/><G35/><T7/><D134/><U17/><E127/><V100/><F132/><W66/><G43/><T24/><D105/><U86/><E128/><V18/><F129/><W135/><G131/><T90/><D40/><U54/><E112/><V45/><F100/><W97/><G135/><T33/><D90/><U107/><E107/><V9/><F34/><W124/><G117/><T85/><D85/><U104/><E104/><V36/><F36/><W102/><G21/><T88/><D88/><U5/><E5/><V16/><F72/><N who="3" m="43399" /><G66/><T114/><D114/><U48/><E39/><V61/><F80/><W42/><G42/><T130/><D130/><U52/><E37/><V41/><F25/><W78/><G70/><T116/><D116/><U29/><E29/><V20/><F20/><W15/><G15/><T99/><D33/><U46/><E46/><V123/><F123/><W28/><G28/><T126/><D24/><U23/><E23/><V47/><F47/><W106/><G115/><T55/><D64/><U103/><E103/><V53/><F41/><W38/><G38/><T91/><D0/><U79/><REACH who="1" step="1"/><E101/><REACH who="1" ten="559,227,84,120" step="2"/><V113/><F113/><W133/><G133/><T125/><D125/><U22/><E22/><V4/><F4/><W111/><G124/><T50/><D7/><U30/><E30/><V2/><F11/><W31/><G31/><T26/><D8/><U69/><E69/><V62/><AGARI ba="0,1" hai="2,6,9,16,18,45,51,53,56,58,61,62,65,67" machi="62" ten="30,4000,0" yaku="0,1,9,1,54,1" doraHai="94" who="2" fromWho="2" sc="559,-20,227,-10,84,50,120,-10" /><INIT seed="5,0,0,1,2,87" ten="539,217,134,110" oya="1" hai0="26,44,115,69,30,135,46,80,97,56,18,40,60" hai1="118,33,65,130,5,83,116,122,109,92,74,28,108" hai2="9,32,49,112,81,58,52,11,133,2,131,106,67" hai3="24,103,50,66,104,68,42,70,100,102,48,10,13"/><U21/><E65/><V78/><F32/><W84/><G104/><T53/><D115/><U91/><E33/><V134/><F106/><W16/><G24/><T89/><D135/><U121/><E5/><V76/><F112/><W45/><G66/><T117/><D117/><N who="1" m="45163" /><E21/><V127/><F127/><W86/><REACH who="3" step="1"/><G48/><REACH who="3" ten="539,217,134,100" step="2"/><T37/><D26/><U132/><E132/><V34/><F134/><W101/><N who="3" m="25600" /><DORA hai="57" /><W126/><G126/><T61/><D37/><U77/><E130/><V36/><F133/><W22/><G22/><T0/><D69/><AGARI ba="0,1" hai="10,13,16,42,45,50,68,69,70,84,86" m="25600" machi="69" ten="50,6400,0" yaku="1,1,54,1,53,1" doraHai="87,57" doraHaiUra="114,12" who="3" fromWho="0" sc="539,-64,217,0,134,0,100,74" /><INIT seed="6,0,0,1,2,122" ten="475,217,134,174" oya="2" hai0="15,0,41,99,36,127,30,40,72,110,80,96,75" hai1="88,135,5,94,39,106,64,58,8,68,27,6,59" hai2="1,101,60,48,63,51,87,17,55,82,45,33,42" hai3="20,124,105,81,13,79,66,85,4,121,29,28,77"/><V114/><F114/><W116/><G121/><T117/><D0/><U49/><E39/><V107/><F1/><W131/><G116/><T111/><D30/><U95/><E106/><V26/><F101/><W92/><G105/><T132/><D15/><U130/><E68/><V126/><F126/><W44/><G124/><T120/><D127/><U50/><E135/><V98/><F98/><W86/><G131/><T129/><D120/><U62/><E95/><V16/><F107/><W25/><G66/><T69/><D80/><U52/><E130/><V9/><F33/><W65/><G65/><T3/><D3/><U18/><E50/><V61/><F26/><W93/><G29/><T73/><D129/><U102/><E102/><V109/><F109/><N who="0" m="41482" /><D69/><U123/><E123/><V128/><F128/><W90/><G79/><T83/><D83/><U53/><E64/><V134/><F9/><N who="3" m="4263" /><G86/><T43/><D36/><U103/><E103/><V21/><F21/><W46/><G90/><T10/><D10/><U133/><E8/><V32/><F32/><W35/><G35/><T89/><D89/><U24/><E24/><V67/><F67/><W70/><G70/><T54/><D54/><U2/><E2/><V115/><F134/><W76/><G77/><T84/><D84/><N who="1" m="52487" /><E133/><V38/><F38/><W23/><G23/><AGARI ba="0,0" hai="5,6,18,23,27,49,52,53,58,59,62" m="52487" machi="23" ten="30,3900,0" yaku="8,1,54,2" doraHai="122" who="1" fromWho="3" sc="475,0,217,39,134,0,174,-39" /><INIT seed="7,0,0,4,2,81" ten="475,256,134,135" oya="3" hai0="40,124,19,117,28,22,84,20,13,77,47,73,121" hai1="46,32,27,132,11,55,114,50,14,111,78,110,89" hai2="23,126,133,72,21,66,107,105,96,108,128,54,61" hai3="4,64,36,44,130,131,99,42,29,41,119,43,91"/><W26/><G119/><T15/><D117/><U53/><E78/><V70/><F108/><W34/><G4/><T45/><D121/><U90/><E114/><V97/><F72/><W39/><G64/><T134/><D73/><U60/><E132/><V94/><F133/><W5/><G5/><T80/><D134/><U75/><E75/><V62/><F128/><N who="3" m="49195" /><G44/><T106/><D106/><U0/><E90/><V101/><F126/><W17/><G17/><N who="0" m="10287" /><D124/><U69/><E0/><V38/><F38/><W9/><G9/><N who="0" m="6639" /><D40/><N who="3" m="10241" /><W93/><AGARI ba="0,0" hai="26,29,34,36,39,91,93,99" m="10241,49195" machi="93" ten="40,3900,0" yaku="4,1,19,1" doraHai="81" who="3" fromWho="3" sc="475,-13,256,-13,134,-13,135,39" /><INIT seed="7,1,0,2,0,42" ten="462,243,121,174" oya="3" hai0="108,16,59,8,118,111,89,21,127,109,87,11,125" hai1="110,90,99,41,75,0,97,134,94,88,117,82,63" hai2="57,27,70,5,39,33,93,112,22,66,44,48,133" hai3="37,114,132,131,26,30,71,28,17,51,40,122,15"/><W69/><G122/><T4/><D118/><U58/><E110/><V84/><F112/><W86/><G37/><T74/><D74/><U3/><E134/><V54/><F133/><W98/><G132/><T103/><D103/><U102/><E41/><V9/><F33/><W128/><G114/><T96/><D96/><U35/><E35/><V64/><F70/><W100/><G86/><T23/><D59/><U47/><E47/><V10/><F10/><N who="0" m="3626" /><D4/><U18/><E18/><V120/><F120/><W81/><G81/><N who="0" m="49391" /><D16/><U62/><E62/><V123/><F123/><W115/><G40/><T107/><D107/><U126/><E126/><AGARI ba="1,0" hai="21,23,108,109,111,125,126,127" m="49391,3626" machi="126" ten="40,1300,0" yaku="18,1" doraHai="42" who="0" fromWho="1" sc="462,16,243,-16,121,0,174,0" owari="478,58.0,227,3.0,121,-38.0,174,-23.0" /></mjloggm>