<mjloggm ver="2.3"><GO type="169" lobby="0"/><UN n0="%E3%82%A8%E3%83%AB%E3%82%B2%E3%83%AB%E3%83%BC%E3%82%B8" n1="%E9%95%B7%E5%B2%A1" n2="%6D%6D%6A%61%6E%67%6B%69" n3="%70%69%6E%63%65%72%73" dan="16,17,17,16" rate="2132.47,2197.73,2162.29,2144.88" sx="M,M,M,M"/><TAIKYOKU oya="0"/><INIT seed="0,0,0,3,0,120" ten="250,250,250,250" oya="0" hai0="127,124,47,69,49,110,87,102,20,36,105,75,21" hai1="38,103,118,44,134,57,83,5,98,112,101,30,61" hai2="93,91,51,7,40,78,115,12,25,131,10,41,104" hai3="116,59,80,0,29,39,66,92,129,22,108,53,31"/><T34/><D75/><U68/><E118/><V77/><F104/><W37/><G116/><T48/><D34/><U19/><E112/><V63/><F131/><W55/><G0/><T74/><D74/><U52/><E134/><V26/><F63/><N who="3" m="38271" /><G39/><T58/><D69/><U82/><E30/><N who="3" m="11274" /><G37/><T97/><D36/><U33/><E33/><V43/><F51/><W100/><G129/><T62/><D87/><U54/><E5/><V94/><F94/><W88/><G108/><T81/><D81/><U4/><E4/><V56/><F56/><W8/><G8/><T6/><D6/><U45/><E68/><V96/><REACH who="2" step="1"/><F115/><REACH who="2" ten="250,250,240,250" step="2"/><W28/><G80/><N who="1" m="30762" /><E38/><V32/><F32/><W3/><G100/><T1/><D49/><N who="1" m="28967" /><E103/><V86/><F86/><N who="3" m="52247" /><G3/><T64/><D1/><U128/><E128/><V130/><F130/><W122/><G122/><T114/><D114/><U14/><E45/><V60/><F60/><W132/><G132/><T85/><D85/><U73/><E73/><V23/><F23/><W111/><G111/><T95/><D110/><U90/><E101/><V113/><F113/><W15/><G15/><T46/><D105/><U109/><E109/><V18/><F18/><W117/><G117/><T106/><D106/><U99/><E90/><V35/><F35/><W79/><G79/><AGARI ba="0,1" hai="7,10,12,25,26,40,41,43,77,78,79,91,93,96" machi="79" ten="40,2600,0" yaku="1,1,8,1,53,0" doraHai="120" doraHaiUra="27" who="2" fromWho="3" sc="250,0,250,0,240,36,250,-26" /><INIT seed="1,0,0,0,4,16" ten="250,250,276,224" oya="1" hai0="88,128,116,63,31,24,46,132,42,23,29,115,94" hai1="117,12,98,89,6,35,79,38,71,15,62,5,129" hai2="113,59,57,67,114,126,105,39,108,61,123,64,119" hai3="86,60,49,97,25,82,130,17,43,100,120,102,125"/><U8/><E117/><V78/><F105/><W127/><G120/><T27/><D116/><U58/><E129/><V121/><F78/><W14/><G130/><T44/><D115/><N who="2" m="44042" /><F119/><W19/><G60/><T69/><D128/><U4/><E35/><V10/><F10/><N who="3" m="6359" /><G97/><T101/><D101/><U84/><E38/><V9/><F9/><W70/><G70/><T72/><D72/><U7/><E71/><V133/><F39/><W13/><G25/><T0/><D0/><U22/><E79/><V95/><F95/><W2/><G2/><T80/><D80/><U107/><E107/><V55/><F126/><N who="3" m="48139" /><G49/><T92/><D132/><U73/><E73/><V85/><F85/><W109/><G43/><T11/><D11/><U99/><E99/><V83/><F83/><W65/><G65/><T20/><D42/><U91/><E98/><V47/><F133/><W96/><G96/><T110/><D69/><U54/><REACH who="1" step="1"/><E84/><REACH who="1" ten="250,240,276,224" step="2"/><V68/><F68/><W21/><G100/><T45/><D110/><U1/><E1/><V41/><F108/><W33/><G102/><T76/><D76/><U134/><E134/><V75/><F75/><W66/><G109/><T52/><D88/><U81/><E81/><V90/><F90/><N who="3" m="51543" /><G33/><T30/><D30/><U122/><E122/><V103/><F103/><W18/><G66/><T111/><D111/><U34/><E34/><V48/><F67/><W28/><G28/><T74/><D74/><U87/><E87/><V124/><F124/><W40/><G13/><T51/><D31/><U106/><E106/><V93/><F93/><W53/><G21/><RYUUKYOKU ba="0,1" sc="250,-15,240,15,276,15,224,-15" hai1="4,5,6,7,8,12,15,22,54,58,62,89,91" hai2="41,47,48,55,57,59,61,64,121,123" /><INIT seed="1,1,1,4,1,52" ten="235,255,291,209" oya="1" hai0="1,42,76,88,62,95,38,73,23,39,56,22,89" hai1="116,64,80,54,70,26,75,48,72,68,115,69,129" hai2="40,65,8,57,17,91,2,124,109,6,29,4,14" hai3="100,133,126,55,98,67,7,111,101,49,79,82,114"/><U24/><E115/><V97/><F109/><W32/><G32/><T59/><D1/><U127/><E116/><V113/><F124/><W81/><G111/><T51/><D73/><U12/><E127/><V83/><F40/><W117/><G117/><T25/><D76/><U110/><E110/><V20/><F113/><W3/><G126/><T0/><D0/><U34/><E129/><V107/><F107/><W92/><G133/><T44/><D39/><U31/><E12/><V43/><F43/><W11/><G114/><T37/><D37/><U96/><E96/><V60/><F6/><W112/><G112/><T5/><D5/><U125/><E125/><V41/><F41/><W16/><G67/><T128/><D38/><U118/><E118/><V122/><F29/><W47/><G101/><T119/><D119/><U132/><E132/><V94/><F83/><W19/><REACH who="3" step="1"/><G81/><REACH who="3" ten="235,255,291,199" step="2"/><T50/><D128/><U9/><E80/><V134/><F134/><W121/><G121/><T93/><D42/><U90/><E64/><V105/><F122/><W108/><G108/><T78/><D78/><U135/><E135/><V36/><F36/><W130/><G130/><T30/><D30/><U45/><E90/><V106/><AGARI ba="1,2" hai="2,4,8,14,17,20,57,60,65,91,94,97,105,106" machi="106" ten="30,2000,0" yaku="0,1,52,1" doraHai="52" who="2" fromWho="2" sc="235,-6,255,-11,291,43,199,-6" /><INIT seed="2,0,0,2,2,118" ten="229,244,334,193" oya="2" hai0="15,17,9,81,16,19,67,129,71,13,10,78,42" hai1="39,109,130,40,106,127,111,0,120,26,44,134,91" hai2="124,66,83,96,21,97,11,63,104,69,22,103,31" hai3="64,6,108,98,59,2,92,76,7,32,4,116,62"/><V125/><F11/><W14/><G116/><T41/><D129/><U8/><E106/><V57/><F96/><W65/><G108/><N who="1" m="41546" /><E130/><V48/><F83/><W113/><G113/><T37/><D37/><U36/><E26/><V75/><F75/><W135/><G135/><T101/><D101/><U94/><E134/><V74/><F74/><W68/><G32/><T5/><D71/><U47/><E127/><N who="2" m="48715" /><F31/><W49/><G76/><T87/><REACH who="0" step="1"/><D67/><REACH who="0" ten="219,244,334,193" step="2"/><U80/><E39/><V35/><F69/><W30/><G64/><T86/><D86/><U121/><E36/><V100/><F100/><W95/><G68/><T18/><AGARI ba="0,1" hai="5,9,10,13,15,16,17,18,19,41,42,78,81,87" machi="18" ten="30,7900,0" yaku="1,1,0,1,8,1,54,1,53,0" doraHai="118" doraHaiUra="132" who="0" fromWho="0" sc="219,89,244,-20,334,-39,193,-20" /><INIT seed="3,0,0,2,0,23" ten="308,224,295,173" oya="3" hai0="83,99,55,101,49,51,61,114,21,106,48,129,110" hai1="94,68,132,57,45,124,33,35,65,27,16,30,10" hai2="131,126,25,38,56,118,14,87,59,97,64,102,47" hai3="72,76,54,42,115,84,91,11,34,52,88,80,86"/><W62/><G115/><T95/><D114/><U123/><E123/><V111/><F111/><W15/><G34/><T71/><D110/><U29/><E124/><V133/><F118/><W89/><G42/><T63/><D129/><U75/><E132/><V5/><F126/><W28/><G28/><T69/><D106/><U26/><E75/><V112/><F112/><W4/><REACH who="3" step="1"/><G62/><REACH who="3" ten="308,224,295,163" step="2"/><T58/><D63/><N who="1" m="38127" /><E35/><V74/><F131/><W7/><G7/><T41/><D41/><U6/><E33/><V36/><F5/><W50/><G50/><T134/><D51/><U32/><E32/><V109/><F38/><W85/><AGARI ba="0,1" hai="4,11,15,52,54,72,76,80,84,85,86,88,89,91" machi="85" ten="30,11700,0" yaku="1,1,0,1,54,2,53,0" doraHai="23" doraHaiUra="40" who="3" fromWho="3" sc="308,-39,224,-39,295,-39,163,127" /><INIT seed="3,1,0,2,3,48" ten="269,185,256,290" oya="3" hai0="37,125,39,29,105,83,51,115,78,4,67,108,40" hai1="113,63,109,31,130,15,100,106,118,120,8,56,43" hai2="9,87,54,2,97,7,96,26,70,126,131,77,85" hai3="68,92,6,79,22,123,73,52,24,91,132,32,27"/><W82/><G123/><T55/><D105/><U81/><E120/><V5/><F70/><W75/><G68/><T14/><D67/><U33/><E113/><V133/><F26/><W80/><G132/><T93/><D115/><U76/><E109/><V64/><F64/><W59/><G32/><T17/><D108/><U10/><E130/><V98/><F131/><W127/><G6/><T11/><D125/><U19/><E118/><V60/><F126/><W135/><G135/><T66/><D66/><U3/><E43/><V119/><F119/><W128/><G128/><T88/><D29/><U34/><E31/><V99/><F77/><W111/><G127/><T13/><D40/><U114/><E114/><V61/><F61/><W28/><G27/><T30/><D30/><U23/><E100/><V110/><F110/><W117/><G117/><T16/><D39/><U121/><E106/><V58/><F133/><W116/><G116/><T1/><D1/><U69/><E69/><V36/><F36/><W46/><G111/><T57/><D14/><U112/><E121/><V104/><REACH who="2" step="1"/><F5/><REACH who="2" ten="269,185,246,290" step="2"/><W42/><G79/><T18/><D37/><U65/><E112/><V71/><F71/><W12/><G24/><T124/><D124/><U84/><E10/><V95/><F95/><W101/><G92/><T47/><D78/><U49/><E49/><V129/><F129/><W103/><G28/><T41/><D83/><U44/><E33/><V107/><F107/><W86/><G80/><T38/><REACH who="0" step="1"/><D4/><REACH who="0" ten="259,185,246,290" step="2"/><N who="1" m="1055" /><E34/><V62/><F62/><W102/><G82/><T134/><D134/><U90/><E76/><RYUUKYOKU ba="1,2" sc="259,10,185,10,246,10,290,-30" hai0="11,13,16,17,18,38,41,47,51,55,57,88,93" hai1="15,19,23,44,56,63,65,81,84,90" hai2="2,7,9,54,58,60,85,87,96,97,98,99,104" /><INIT seed="4,2,2,4,1,24" ten="269,195,256,260" oya="0" hai0="13,88,36,12,49,120,26,38,83,34,125,109,85" hai1="80,128,77,87,103,74,118,127,6,2,44,5,117" hai2="126,11,17,4,92,110,3,37,61,108,23,114,79" hai3="18,58,21,73,69,107,101,52,55,91,30,16,28"/><T111/><D120/><U121/><E121/><V64/><F37/><W119/><G69/><T135/><D125/><U29/><E127/><V60/><F126/><W129/><G119/><T130/><D135/><U33/><E128/><V42/><F42/><W20/><G73/><T40/><D130/><U86/><E103/><V0/><F0/><W48/><G129/><T122/><D122/><U96/><E96/><V9/><F9/><W134/><G134/><T22/><D34/><U131/><E131/><V54/><F79/><W25/><G91/><T62/><D62/><U63/><E63/><V65/><F54/><W47/><G101/><T39/><D49/><U50/><E117/><V56/><F92/><W67/><G67/><T123/><D40/><U115/><E115/><V1/><F1/><W100/><G100/><T113/><D113/><U72/><E118/><V78/><F78/><W95/><G95/><T68/><D68/><U112/><E112/><V116/><F116/><W106/><G107/><T70/><D70/><U51/><E51/><V82/><F82/><W81/><G81/><T46/><D46/><U94/><E72/><V32/><F32/><W97/><G106/><T59/><D59/><U133/><E133/><V66/><F114/><W104/><G104/><T124/><D124/><U84/><E2/><V132/><F132/><W76/><G97/><T98/><D98/><U31/><E94/><V75/><F75/><W8/><G76/><T14/><REACH who="0" step="1"/><D123/><REACH who="0" ten="259,195,256,260" step="2"/><U90/><E50/><V43/><F43/><W15/><G20/><T53/><D53/><U102/><E33/><RYUUKYOKU ba="2,3" sc="259,15,195,-15,256,-15,260,15" hai0="12,13,14,22,26,36,38,39,83,85,88,109,111" hai3="8,15,16,18,21,25,28,30,47,48,52,55,58" /><INIT seed="4,3,3,4,1,55" ten="274,180,241,275" oya="0" hai0="119,125,92,131,29,126,26,16,91,114,13,9,37" hai1="75,71,77,85,45,3,41,21,88,120,46,95,133" hai2="23,63,68,39,32,86,96,35,108,113,60,56,66" hai3="38,20,104,14,117,129,135,118,50,57,49,127,24"/><T79/><D37/><U27/><E120/><V44/><F108/><W2/><G2/><T59/><D79/><U34/><E71/><V69/><F69/><W58/><G38/><T128/><D119/><U94/><E3/><V89/><F96/><W33/><G33/><N who="0" m="20663" /><D114/><U61/><E34/><V25/><F44/><W12/><G104/><T1/><D1/><U52/><E133/><V43/><F43/><W67/><G135/><T103/><D103/><U134/><E134/><V115/><F39/><W36/><G36/><T54/><D92/><N who="1" m="54287" /><E77/><V97/><F97/><W4/><G129/><N who="0" m="49739" /><D91/><U73/><E73/><V18/><F115/><W64/><G24/><T28/><D28/><N who="1" m="17519" /><E75/><V81/><F113/><W99/><G99/><T98/><D98/><U15/><E15/><V31/><F31/><W102/><G102/><T101/><D101/><U112/><E112/><V62/><F62/><AGARI ba="3,3" hai="9,13,16,54,59,62,125,126" m="49739,20663" machi="62" ten="30,5800,0" yaku="19,1,52,1,54,1" doraHai="55" who="0" fromWho="2" sc="274,97,180,0,241,-67,275,0" /><INIT seed="4,4,0,5,2,32" ten="371,180,174,275" oya="0" hai0="65,67,134,8,71,79,117,135,68,50,10,86,41" hai1="119,108,2,121,70,59,98,51,14,36,17,69,90" hai2="102,12,9,39,113,105,34,84,88,118,29,94,110" hai3="56,95,128,22,130,96,111,58,15,44,5,120,66"/><T76/><D86/><U85/><E119/><V7/><F39/><W82/><G111/><T46/><D117/><U0/><E121/><V3/><F118/><W43/><G120/><T107/><D107/><U24/><E36/><V112/><F110/><W99/><G82/><T49/><D46/><U78/><E108/><V54/><F12/><W75/><G75/><T30/><D30/><U100/><E24/><V123/><F123/><W129/><G66/><T124/><D41/><U6/><E6/><V114/><F54/><W4/><G4/><T28/><REACH who="0" step="1"/><D28/><REACH who="0" ten="361,180,174,275" step="2"/><U109/><E109/><V106/><REACH who="2" step="1"/><F102/><REACH who="2" ten="361,180,164,275" step="2"/><N who="3" m="60703" /><G129/><T62/><D62/><U81/><E100/><V116/><F116/><W25/><G128/><T93/><D93/><U35/><E81/><V27/><AGARI ba="4,2" hai="3,7,9,27,29,34,84,88,94,105,106,112,113,114" machi="27" ten="40,12000,2" yaku="1,1,0,1,15,1,52,1,54,1,53,1" doraHai="32" doraHaiUra="21" who="2" fromWho="2" sc="361,-64,180,-34,164,152,275,-34" /><INIT seed="5,0,0,2,0,99" ten="297,146,316,241" oya="1" hai0="50,41,133,23,58,42,77,25,72,38,131,8,15" hai1="10,30,17,76,5,67,9,44,91,134,74,20,100" hai2="121,6,22,52,101,123,62,129,43,88,2,108,60" hai3="113,33,28,1,21,73,40,102,63,132,92,125,120"/><U98/><E134/><V110/><F2/><W107/><G73/><T94/><D133/><U57/><E30/><V114/><F6/><W49/><G1/><T18/><D38/><U53/><E91/><V127/><F22/><W16/><G107/><T46/><D131/><U78/><E67/><V79/><F79/><W0/><G0/><T90/><D58/><U93/><E44/><V112/><F43/><W37/><G37/><T111/><D111/><U119/><E119/><V51/><F101/><W39/><G39/><T115/><D115/><N who="2" m="44074" /><F88/><W84/><G33/><T104/><D104/><U96/><E96/><V56/><F127/><W27/><G113/><T95/><D42/><U83/><E78/><V54/><F62/><W19/><G125/><T124/><D124/><U122/><E122/><N who="2" m="46603" /><F129/><W34/><G120/><T31/><D77/><U81/><E5/><V97/><F97/><N who="3" m="59687" /><G34/><T75/><REACH who="0" step="1"/><D94/><REACH who="0" ten="287,146,316,241" step="2"/><U14/><REACH who="1" step="1"/><E83/><REACH who="1" ten="287,136,316,241" step="2"/><V35/><F110/><W87/><G132/><T36/><D36/><U29/><E29/><V32/><F108/><W69/><G28/><T116/><D116/><U3/><E3/><V65/><F65/><W135/><G135/><T82/><D82/><U48/><AGARI ba="0,2" hai="9,10,14,17,20,48,53,57,74,76,81,93,98,100" machi="48" ten="20,7800,0" yaku="1,1,0,1,7,1,52,1,53,0" doraHai="99" doraHaiUra="61" who="1" fromWho="1" sc="287,-26,136,98,316,-26,241,-26" /><INIT seed="5,1,0,0,0,17" ten="261,234,290,215" oya="1" hai0="70,6,65,112,87,32,46,21,132,37,27,29,72" hai1="118,64,50,90,104,73,75,34,58,3,57,59,79" hai2="114,12,69,35,103,66,127,77,67,99,95,25,98" hai3="9,81,10,96,16,26,11,22,89,91,78,85,33"/><U92/><E118/><V54/><F127/><W130/><G33/><T2/><D72/><U52/><E104/><V102/><F77/><W129/><REACH who="3" step="1"/><G96/><REACH who="3" ten="261,234,290,205" step="2"/><T31/><D32/><U124/><E34/><V20/><F35/><W40/><G40/><T0/><D0/><U133/><E3/><V122/><F99/><W48/><G48/><T56/><D2/><U61/><E124/><V68/><F98/><W106/><G106/><T4/><D37/><U43/><E43/><V105/><F105/><W60/><G60/><T107/><D107/><U36/><E36/><V63/><F63/><W44/><G44/><T93/><D46/><U97/><E133/><V131/><F103/><W108/><G108/><T84/><D132/><U117/><E117/><V14/><F102/><W123/><G123/><T113/><D112/><U110/><E110/><V80/><F122/><W76/><G76/><T47/><D47/><U101/><E79/><V51/><F51/><W82/><G82/><T94/><D113/><U55/><REACH who="1" step="1"/><E101/><REACH who="1" ten="261,224,290,205" step="2"/><V100/><F100/><W115/><G115/><T49/><D49/><AGARI ba="1,2" hai="49,50,52,55,57,58,59,61,64,73,75,90,92,97" machi="49" ten="30,12000,1" yaku="1,1,2,1,7,1,9,1,54,1,53,0" doraHai="17" doraHaiUra="83" who="1" fromWho="0" sc="261,-123,224,143,290,0,205,0" /><INIT seed="5,2,0,3,1,30" ten="138,367,290,205" oya="1" hai0="60,105,9,15,98,79,16,76,28,65,75,80,92" hai1="71,107,97,69,23,91,47,126,106,54,21,34,64" hai2="81,31,120,12,90,84,25,49,72,57,39,1,100" hai3="37,61,48,118,50,93,5,44,88,66,129,111,29"/><U135/><E54/><V104/><F1/><W68/><G111/><T2/><D2/><U109/><E47/><V67/><F39/><W0/><G129/><T110/><D110/><U83/><E83/><V35/><F120/><W89/><G118/><T74/><D105/><N who="1" m="39947" /><E109/><V122/><F122/><W73/><G73/><T127/><D127/><U26/><E26/><V24/><F24/><W63/><G63/><T11/><D28/><U18/><E18/><V86/><F72/><W58/><G89/><T40/><D40/><U108/><E108/><V94/><F12/><W6/><G29/><T45/><D45/><U42/><E42/><V52/><F67/><W56/><G37/><T102/><D79/><U96/><E91/><V7/><F7/><W62/><G68/><N who="1" m="26186" /><E64/><V41/><F41/><N who="3" m="24591" /><G0/><T113/><D75/><U33/><E135/><V70/><F70/><W134/><G50/><T77/><D77/><U87/><E87/><V78/><F104/><W13/><G13/><T119/><D119/><U101/><E101/><V22/><REACH who="2" step="1"/><F100/><REACH who="2" ten="138,367,280,205" step="2"/><W55/><G134/><T27/><D27/><U115/><E126/><V3/><F3/><W85/><AGARI ba="2,1" hai="5,6,55,56,58,61,62,66,85,88,93" m="24591" machi="85" ten="30,2000,0" yaku="8,1,54,1" doraHai="30" who="3" fromWho="3" sc="138,-7,367,-12,280,-7,205,36" /><INIT seed="6,0,0,1,1,14" ten="131,355,273,241" oya="2" hai0="66,38,52,98,35,0,64,69,16,56,80,132,8" hai1="28,118,17,71,91,12,41,77,10,104,83,61,18" hai2="51,130,67,93,62,107,128,95,46,48,7,25,3" hai3="116,42,81,79,122,54,124,22,57,89,34,87,39"/><V15/><F3/><W109/><G124/><T85/><D35/><U24/><E118/><V94/><F107/><W4/><G34/><T102/><D38/><U68/><E104/><V19/><F7/><W76/><G116/><T44/><D44/><U47/><E91/><V96/><F25/><W134/><G122/><T111/><D111/><U11/><E61/><V65/><F48/><W23/><G109/><T82/><D69/><U72/><E11/><V49/><F49/><W114/><G134/><T115/><D115/><U74/><E72/><V117/><F96/><W37/><G4/><T97/><D132/><U29/><E18/><V88/><F117/><W100/><G100/><T135/><D135/><U33/><E29/><V58/><F67/><N who="0" m="25642" /><D0/><U45/><E45/><V63/><F63/><W53/><G53/><T123/><D123/><U1/><E1/><V50/><F50/><AGARI ba="0,0" hai="10,12,17,24,28,33,41,47,50,68,71,74,77,83" machi="50" ten="30,2000,0" yaku="7,1,52,1" doraHai="14" who="1" fromWho="2" sc="131,0,355,20,273,-20,241,0" /><INIT seed="7,0,0,3,0,0" ten="131,375,253,241" oya="3" hai0="130,33,8,39,3,115,62,112,132,103,116,104,48" hai1="29,63,26,81,58,9,109,78,17,93,96,94,38" hai2="59,91,46,69,135,119,16,28,20,51,131,75,54" hai3="64,107,5,110,85,98,45,23,95,102,18,80,89"/><W118/><G118/><T84/><D116/><U127/><E109/><V12/><F69/><W68/><G110/><T40/><D130/><U82/><E38/><V24/><F75/><W57/><G68/><T97/><D132/><U66/><E127/><V72/><F72/><W50/><G107/><T101/><D101/><N who="1" m="60559" /><E78/><V129/><F135/><W128/><G128/><T121/><D121/><U90/><E29/><V6/><F119/><W32/><G32/><T108/><D108/><U105/><E105/><V133/><F133/><W106/><G106/><T56/><D33/><U2/><E2/><V11/><F91/><W25/><G57/><T10/><D39/><U83/><E83/><V134/><F134/><W4/><G64/><T34/><D34/><U124/><E124/><V31/><F131/><W65/><G65/><T61/><D84/><N who="1" m="52551" /><E9/><V49/><F129/><W13/><G25/><T27/><D27/><U125/><E125/><V55/><AGARI ba="0,0" hai="6,11,12,16,20,24,28,31,46,49,51,54,55,59" machi="55" ten="20,8000,1" yaku="0,1,7,1,8,1,52,1,54,1" doraHai="0" who="2" fromWho="2" sc="131,-20,375,-20,253,80,241,-40" owari="111,-39.0,355,46.0,333,13.0,201,-20.0" /></mjloggm>