<mjloggm ver="2.3"><GO type="185" lobby="0"/><UN n0="%E9%95%B7%E5%85%89%E9%BA%BB%E5%A4%9C" n1="%44%75%73%6B" n2="%E3%81%BE%E3%81%A3%E3%81%97%E3%83%BC" n3="" dan="16,16,17,0" rate="2221.40,2212.27,2270.66,1500.00" sx="M,M,F,C"/><TAIKYOKU oya="0"/><INIT seed="0,0,0,2,3,86" ten="350,350,350,0" oya="0" hai0="84,33,46,115,59,118,130,97,123,67,51,42,43" hai1="107,61,39,71,100,32,40,94,109,106,103,113,36" hai2="122,110,55,114,131,134,38,88,89,87,82,49,121" hai3=""/><T126/><N who="0" m="31520" /><T69/><D33/><U56/><E109/><V58/><N who="2" m="31008" /><V65/><N who="2" m="31264" /><V104/><F114/><T105/><D118/><U117/><E117/><V75/><F104/><T44/><D115/><U80/><E32/><V127/><F75/><T66/><D126/><U108/><E108/><V135/><F110/><T74/><D74/><U77/><E71/><V76/><F127/><T45/><D130/><U72/><E113/><V63/><F38/><T116/><D116/><U111/><E111/><V101/><F101/><T129/><D129/><U48/><E107/><V125/><F131/><T132/><D132/><N who="2" m="50730" /><F125/><T2/><D2/><U120/><N who="1" m="30752" /><U0/><E0/><V85/><F85/><T128/><D128/><U1/><E1/><V81/><F81/><T99/><D84/><U102/><E106/><V54/><F54/><T73/><D73/><U112/><E112/><V53/><F53/><T37/><D105/><U91/><E40/><N who="0" m="15401" /><D99/><U35/><E35/><V41/><F41/><T50/><D97/><U133/><E133/><V64/><F64/><N who="0" m="24618" /><D37/><U124/><E124/><V34/><F34/><T52/><D69/><AGARI ba="0,0" hai="49,55,58,63,65,69,76,82,87,88,89" m="50730,31264,31008" machi="69" ten="30,12000,2" yaku="20,1,52,4,54,1" doraHai="86" who="2" fromWho="0" sc="350,-120,350,0,350,120,0,0" /><INIT seed="1,0,0,4,5,125" ten="230,350,470,0" oya="1" hai0="100,135,71,113,62,52,85,90,54,78,126,83,66" hai1="119,2,68,120,42,130,122,104,124,77,46,51,96" hai2="127,32,50,133,0,34,58,108,40,106,70,99,103" hai3=""/><U112/><N who="1" m="30752" /><U67/><N who="1" m="31264" /><U35/><E119/><V65/><F0/><T95/><D126/><U91/><E112/><V3/><F3/><T118/><D113/><U84/><E124/><V80/><F127/><T55/><D135/><U1/><E35/><V131/><F133/><T86/><D100/><U123/><N who="1" m="31520" /><U128/><E68/><V101/><F70/><T116/><AGARI ba="0,0" hai="52,54,55,62,66,71,78,83,85,86,90,95,116,118" machi="116" ten="30,1500,0" yaku="0,1,54,1" doraHai="125" who="0" fromWho="0" sc="230,15,350,-10,470,-5,0,0" /><INIT seed="2,0,0,2,5,81" ten="245,340,465,0" oya="2" hai0="38,99,44,40,85,49,57,110,103,127,123,68,92" hai1="113,54,93,70,96,86,94,63,48,46,71,52,91" hai2="64,132,118,45,73,88,51,56,114,75,116,53,87" hai3=""/><V33/><F33/><T55/><N who="0" m="31520" /><T66/><D127/><U74/><E74/><V59/><F114/><T101/><D110/><U77/><E113/><V69/><F132/><T112/><D112/><U122/><N who="1" m="31264" /><U117/><E117/><V128/><F128/><T119/><D119/><U124/><E124/><V106/><F106/><T115/><D115/><U129/><E129/><V107/><F107/><T134/><D134/><U131/><E131/><V105/><F105/><T32/><D32/><U82/><E63/><V60/><F118/><T95/><D66/><U135/><E135/><V61/><F116/><T130/><D68/><U0/><E0/><V41/><F69/><T39/><D130/><U84/><E54/><V62/><F62/><T83/><D95/><AGARI ba="0,0" hai="41,45,51,53,56,59,60,61,64,73,75,87,88,95" machi="95" ten="30,5800,0" yaku="7,1,52,1,54,1" doraHai="81" who="2" fromWho="0" sc="245,-58,340,0,465,58,0,0" /><INIT seed="2,1,0,5,5,41" ten="187,340,523,0" oya="2" hai0="98,39,65,33,84,83,95,108,129,58,79,104,67" hai1="124,92,47,88,117,90,119,131,113,102,85,68,72" hai2="97,3,128,45,116,0,126,1,77,34,80,120,63" hai3=""/><V44/><N who="2" m="30752" /><V60/><F34/><T103/><D33/><U43/><E68/><V52/><F116/><N who="1" m="44617" /><E113/><V71/><F126/><T57/><D129/><U89/><E72/><V105/><F128/><T53/><D39/><U112/><E112/><V101/><F71/><T94/><D108/><U135/><E131/><V81/><F81/><T73/><D58/><U134/><E124/><V46/><REACH who="2" step="1"/><F52/><REACH who="2" ten="187,340,513,0" step="2"/><T93/><REACH who="0" step="1"/><D73/><AGARI ba="1,1" hai="0,1,3,44,45,46,60,63,73,77,80,97,101,105" m="30752" machi="73" ten="50,18000,2" yaku="1,1,2,1,52,4,53,0" doraHai="41" doraHaiUra="111" who="2" fromWho="0" sc="187,-182,340,0,513,192,0,0" /><BYE who="0" /><UN n0="%E9%95%B7%E5%85%89%E9%BA%BB%E5%A4%9C" /><INIT seed="2,2,0,5,5,115" ten="5,340,705,0" oya="2" hai0="87,59,130,113,2,114,69,86,47,117,102,96,93" hai1="33,98,51,46,85,121,100,123,61,122,135,80,32" hai2="126,1,35,99,91,58,55,65,112,34,104,79,105" hai3=""/><V90/><F1/><T41/><D2/><U72/><N who="1" m="31008" /><U62/><N who="1" m="31264" /><U120/><N who="1" m="30752" /><U57/><N who="1" m="31520" /><U39/><E72/><V50/><BYE who="0" /><F112/><T124/><D124/><U92/><E39/><V109/><F126/><UN n0="%E9%95%B7%E5%85%89%E9%BA%BB%E5%A4%9C" /><T107/><D117/><U53/><BYE who="0" /><E62/><V54/><F109/><T64/><D64/><U131/><E135/><UN n0="%E9%95%B7%E5%85%89%E9%BA%BB%E5%A4%9C" /><V128/><F65/><T3/><D130/><U127/><BYE who="0" /><E131/><V83/><F128/><T48/><D48/><U116/><E116/><UN n0="%E9%95%B7%E5%85%89%E9%BA%BB%E5%A4%9C" /><V125/><F125/><T108/><D108/><U71/><BYE who="0" /><E71/><V66/><F66/><T82/><D82/><U133/><E133/><V52/><F58/><T84/><D84/><U101/><E101/><V43/><F104/><T74/><D74/><U45/><E45/><V103/><F34/><T81/><D81/><U111/><E111/><V40/><F35/><T42/><D42/><U44/><E44/><V76/><F50/><T70/><D70/><U75/><E75/><V110/><F110/><T89/><D89/><N who="2" m="33802" /><F76/><T119/><D119/><U132/><E132/><V49/><F49/><T63/><D63/><U73/><E127/><V88/><F79/><T36/><D36/><U78/><E32/><V60/><F60/><T37/><D37/><RYUUKYOKU ba="2,0" sc="5,-10,340,-10,705,20,0,0" hai2="40,43,52,54,55,83,88,99,103,105" owari="-5,-61.0,330,-7.0,725,68.0,0,0.0" /></mjloggm>