<mjloggm ver="2.3"><GO type="169" lobby="0"/><UN n0="%E3%82%B5%E3%83%96%E3%82%A2%E3%83%A9%E3%83%89" n1="%E3%81%82%E3%82%93%E3%81%A7%E3%81%83" n2="%E3%81%93%E3%81%A1" n3="%E3%81%BD%E3%82%93%E3%81%A7%E3%82%89%E3%81%84%E3%81%8A%E3%82%93" dan="16,17,17,18" rate="2076.58,2146.50,2193.22,2220.64" sx="M,F,F,M"/><TAIKYOKU oya="0"/><INIT seed="0,0,0,2,1,36" ten="250,250,250,250" oya="0" hai0="134,129,54,105,47,132,44,3,102,12,130,91,50" hai1="83,22,33,18,127,34,35,107,97,68,131,118,135" hai2="96,98,123,30,48,1,104,86,55,28,6,38,100" hai3="93,120,128,99,78,60,23,89,67,57,17,133,42"/><T39/><D3/><U20/><E118/><V84/><F38/><W74/><G128/><N who="0" m="49259" /><D12/><U126/><E68/><V49/><F123/><W56/><G133/><N who="0" m="51307" /><D91/><U65/><E65/><V106/><F1/><W110/><G120/><T90/><D90/><U58/><E58/><V103/><F55/><W112/><G112/><T59/><D39/><U72/><E131/><V94/><F6/><W2/><G2/><T119/><D119/><U15/><E135/><V64/><F64/><W41/><G110/><T77/><D77/><U37/><E37/><V7/><F7/><W75/><G57/><T122/><D122/><U19/><E83/><V9/><F94/><W66/><G66/><T70/><D70/><U125/><E72/><V115/><F9/><W0/><G0/><T76/><D76/><U111/><E97/><AGARI ba="0,0" hai="44,47,50,54,59,97,102,105" m="51307,49259" machi="97" ten="30,2900,0" yaku="19,1,20,1" doraHai="36" who="0" fromWho="1" sc="250,29,250,-29,250,0,250,0" /><INIT seed="0,1,0,2,0,17" ten="279,221,250,250" oya="0" hai0="116,113,7,30,135,119,76,94,57,50,123,104,26" hai1="103,37,70,130,52,91,51,112,12,71,124,100,107" hai2="110,45,81,115,128,88,129,2,117,20,102,60,97" hai3="95,134,35,29,78,53,16,92,74,39,98,64,58"/><T0/><D123/><U67/><E37/><V55/><F115/><W23/><G39/><T15/><D104/><U25/><E130/><N who="2" m="50283" /><F2/><W36/><G36/><T96/><D135/><U63/><E124/><V6/><F6/><W19/><G134/><T59/><D76/><U121/><E121/><V3/><F3/><W84/><G74/><T73/><D73/><U90/><E71/><V24/><F110/><W1/><G64/><T133/><D133/><U65/><E65/><V82/><F117/><W80/><G1/><T75/><D75/><U56/><E112/><V18/><F45/><W127/><G35/><T28/><D0/><U61/><E61/><V99/><F102/><W21/><G127/><T49/><D113/><U5/><E25/><V86/><F82/><W126/><G126/><T72/><D72/><U66/><E66/><V132/><F132/><W109/><G109/><T4/><D26/><U14/><E5/><V46/><F46/><W41/><G41/><T125/><D125/><U54/><E107/><V11/><F11/><W47/><G47/><T31/><D15/><N who="1" m="5675" /><E70/><V38/><F38/><W44/><G44/><T131/><D131/><U10/><E10/><V33/><F33/><W34/><G34/><T105/><D105/><U32/><E32/><V93/><F81/><W68/><G68/><T101/><D119/><U22/><E103/><V114/><F114/><W108/><G108/><T62/><D116/><U8/><E100/><V48/><F48/><N who="0" m="18538" /><D62/><U69/><E54/><V87/><F99/><W85/><G53/><T89/><D101/><U122/><E52/><RYUUKYOKU ba="1,0" sc="279,15,221,-15,250,15,250,-15" hai0="4,7,28,30,31,57,59,89,94,96" hai2="18,20,24,55,60,86,87,88,93,97" /><INIT seed="0,2,0,4,1,1" ten="294,206,265,235" oya="0" hai0="75,0,68,9,110,116,31,83,94,34,129,27,119" hai1="90,95,38,96,17,130,128,24,82,20,48,100,37" hai2="74,131,98,53,126,102,121,87,2,84,4,79,69" hai3="14,33,92,120,115,76,60,15,56,104,40,26,13"/><T36/><D129/><U52/><E128/><V7/><F131/><W124/><G104/><T97/><D68/><U70/><E70/><V65/><F121/><W19/><G115/><T71/><D71/><U93/><E82/><V72/><F2/><W86/><G120/><T58/><D58/><U21/><E21/><V39/><F39/><W99/><G40/><T106/><D36/><U18/><E130/><V117/><F53/><W28/><G124/><T103/><D94/><U45/><REACH who="1" step="1"/><E18/><REACH who="1" ten="294,196,265,235" step="2"/><V123/><F69/><W61/><G19/><T5/><D110/><U16/><E16/><V44/><F123/><W43/><G33/><T66/><D66/><U118/><E118/><V22/><F65/><W47/><G28/><T125/><D125/><U32/><E32/><V35/><F22/><W12/><G76/><AGARI ba="2,1" hai="0,5,9,27,31,34,75,76,83,97,103,106,116,119" machi="76" ten="40,7700,0" yaku="23,2,52,1" doraHai="1" who="0" fromWho="3" sc="294,93,196,0,265,0,235,-83" /><INIT seed="0,3,0,4,4,29" ten="387,196,265,152" oya="0" hai0="5,9,90,101,94,77,17,67,49,10,54,48,96" hai1="24,114,71,93,97,32,98,39,38,116,1,53,111" hai2="13,119,11,3,74,118,15,30,8,108,33,102,122" hai3="81,12,7,78,31,0,92,113,28,58,56,127,59"/><T87/><D67/><U62/><E116/><N who="2" m="44587" /><F74/><W34/><G113/><T70/><D70/><U64/><E111/><V6/><F102/><W21/><G127/><T57/><D77/><U86/><E1/><N who="2" m="79" /><F108/><W79/><G0/><T72/><D72/><U110/><E114/><V18/><F122/><W68/><G68/><T115/><D115/><U133/><E133/><V83/><F83/><W103/><G34/><T124/><D124/><U20/><E110/><V61/><F61/><W44/><G44/><T60/><D17/><U95/><E53/><V91/><F91/><W55/><G55/><T131/><D131/><U51/><E51/><V132/><F132/><W109/><G109/><T14/><REACH who="0" step="1"/><D10/><REACH who="0" ten="377,196,265,152" step="2"/><U47/><E64/><V50/><F18/><W2/><G79/><T82/><AGARI ba="3,1" hai="5,9,14,48,49,54,57,60,82,87,90,94,96,101" machi="82" ten="20,12000,1" yaku="1,1,2,1,0,1,7,1,8,1,53,0" doraHai="29" doraHaiUra="130" who="0" fromWho="0" sc="377,139,196,-43,265,-43,152,-43" /><INIT seed="0,4,0,2,0,35" ten="516,153,222,109" oya="0" hai0="8,47,100,93,53,91,122,131,89,50,12,23,51" hai1="44,113,90,97,1,2,4,96,66,128,81,41,87" hai2="65,111,25,115,13,119,77,72,129,98,86,14,61" hai3="85,11,32,134,24,135,42,114,34,46,37,5,69"/><T18/><D122/><U60/><E128/><V28/><F115/><W71/><G114/><T133/><D133/><N who="3" m="50697" /><G85/><T79/><D131/><U31/><E31/><V39/><F39/><W21/><G21/><T127/><D127/><U130/><E130/><V49/><F72/><W43/><G43/><T126/><D126/><U121/><E121/><V56/><F129/><W26/><G26/><T22/><D79/><U62/><E113/><V105/><F111/><W59/><G59/><T9/><D23/><U55/><E55/><V38/><F38/><W92/><G92/><T80/><D51/><U104/><E4/><V64/><F49/><W40/><G40/><T6/><D80/><U54/><E54/><V132/><F65/><W3/><G24/><T16/><D100/><U67/><E62/><V10/><F61/><W125/><G125/><T118/><D118/><U108/><E108/><V88/><F56/><W68/><AGARI ba="4,0" hai="3,5,11,32,34,37,42,46,68,69,71" m="50697" machi="68" ten="40,5200,0" yaku="20,1,23,1,52,1" doraHai="35" who="3" fromWho="3" sc="516,-30,153,-17,222,-17,109,64" /><INIT seed="1,0,0,4,4,132" ten="486,136,205,173" oya="1" hai0="116,73,19,56,6,38,62,48,17,34,35,22,104" hai1="75,11,125,133,101,70,61,32,86,49,97,87,54" hai2="58,110,77,12,44,123,46,13,88,119,105,129,51" hai3="2,134,122,9,14,68,40,91,33,5,114,83,135"/><U126/><E75/><V18/><F119/><W3/><G114/><T92/><D104/><U130/><E32/><V94/><F123/><W53/><G122/><T120/><D38/><U100/><E133/><N who="3" m="50698" /><G33/><T80/><D6/><U0/><E130/><V8/><F105/><W102/><G102/><T72/><D92/><U66/><E0/><V28/><F129/><W115/><G115/><T25/><D48/><U124/><E11/><V59/><F110/><W121/><G121/><T31/><D116/><U71/><E70/><V84/><F28/><W7/><G7/><T107/><D107/><N who="1" m="63887" /><E101/><V27/><F27/><W89/><G40/><T112/><D35/><U67/><E67/><V16/><F77/><W76/><G53/><T37/><D34/><U113/><E113/><V52/><F58/><AGARI ba="0,0" hai="49,54,58,61,66,71,86,87,124,125,126" m="63887" machi="58" ten="30,11600,0" yaku="18,1,52,3" doraHai="132" who="1" fromWho="2" sc="486,0,136,116,205,-116,173,0" /><INIT seed="1,1,0,4,1,67" ten="486,252,89,173" oya="1" hai0="115,22,120,119,10,12,70,122,63,124,83,80,112" hai1="90,127,118,27,3,105,17,125,16,58,106,26,11" hai2="14,84,79,110,109,34,56,46,98,103,28,97,0" hai3="2,38,31,49,77,102,113,54,48,60,30,43,21"/><U6/><E118/><V130/><F0/><W126/><G2/><T74/><D22/><U81/><E58/><V71/><F14/><W72/><G102/><T111/><D111/><N who="2" m="42506" /><F46/><W116/><G116/><T15/><D124/><N who="1" m="47691" /><E81/><N who="2" m="47167" /><F56/><W25/><G126/><T92/><D119/><U69/><E69/><V65/><F28/><W135/><G31/><T132/><D74/><U13/><E90/><V59/><F34/><W95/><G72/><T50/><D50/><U19/><E13/><V108/><F59/><W88/><G77/><T1/><D1/><U52/><E52/><V64/><N who="2" m="42514" /><V131/><DORA hai="89" /><F98/><W24/><G24/><AGARI ba="1,0" hai="3,6,11,16,17,19,24,26,27,105,106" m="47691" machi="24" ten="30,2900,0" yaku="18,1,54,1" doraHai="67,89" who="1" fromWho="3" sc="486,0,252,32,89,0,173,-32" /><INIT seed="1,2,0,4,2,24" ten="486,284,89,141" oya="1" hai0="60,54,49,30,9,82,99,20,71,79,39,47,4" hai1="2,84,131,76,112,26,44,11,97,56,109,106,121" hai2="107,52,86,1,38,50,128,133,125,33,31,40,73" hai3="8,19,63,64,34,105,32,58,10,67,18,101,21"/><U75/><E75/><V120/><RYUUKYOKU type="yao9" ba="2,0" sc="486,0,284,0,89,0,141,0" hai2="1,31,33,38,40,50,52,73,86,107,120,125,128,133" /><INIT seed="1,3,0,5,4,130" ten="486,284,89,141" oya="1" hai0="1,50,64,47,88,34,117,10,69,78,48,127,89" hai1="81,23,30,5,29,100,63,12,98,92,73,113,66" hai2="106,134,120,126,132,38,6,25,53,85,111,36,49" hai3="7,118,43,93,71,95,87,90,32,14,91,55,41"/><U86/><E73/><V122/><F106/><W79/><G32/><T16/><D34/><U108/><E113/><V46/><F85/><W133/><G71/><T11/><D117/><U54/><E54/><N who="2" m="30007" /><F25/><W135/><G118/><T103/><D103/><U82/><E108/><V0/><F6/><W65/><G65/><T57/><D69/><U42/><E42/><V101/><F101/><W8/><G79/><T94/><D78/><U107/><E107/><V24/><F24/><W2/><G2/><T58/><D1/><U59/><E82/><V39/><F0/><W21/><G55/><T28/><D28/><U68/><E68/><V97/><F97/><W19/><G43/><T22/><D64/><U128/><E128/><V33/><F33/><W20/><G41/><T61/><D94/><U17/><E5/><V114/><F111/><W104/><G104/><T109/><D109/><U13/><E12/><V119/><F119/><W77/><G77/><AGARI ba="3,0" hai="13,17,23,29,30,59,63,66,77,81,86,92,98,100" machi="77" ten="30,2900,0" yaku="7,1,8,1" doraHai="130" who="1" fromWho="3" sc="486,0,284,38,89,0,141,-38" /><INIT seed="1,4,0,2,0,82" ten="486,322,89,103" oya="1" hai0="72,41,42,39,52,31,110,67,58,45,96,85,89" hai1="44,86,34,40,30,127,16,1,60,87,109,63,36" hai2="74,97,56,6,9,27,75,55,2,73,99,11,50" hai3="43,131,106,132,80,77,48,53,26,116,15,61,130"/><U101/><E1/><V0/><REACH who="2" step="1"/><F27/><REACH who="2" ten="486,322,79,103" step="2"/><W122/><G26/><T111/><D111/><U88/><E109/><V123/><F123/><W12/><G122/><T4/><D110/><U29/><E34/><V95/><F95/><W28/><G106/><T113/><D113/><U92/><E127/><V107/><F107/><W134/><G130/><T108/><D108/><U133/><E133/><V112/><F112/><W117/><G131/><T38/><D31/><U62/><E101/><V135/><F135/><W70/><G28/><T47/><D72/><U119/><E119/><V66/><F66/><W120/><G117/><T37/><D67/><U126/><E126/><V81/><F81/><W69/><G80/><T35/><D35/><U115/><E115/><V59/><F59/><W129/><G116/><T128/><D128/><U20/><REACH who="1" step="1"/><E87/><REACH who="1" ten="486,312,79,103" step="2"/><V3/><F3/><W49/><G132/><T19/><D85/><U13/><AGARI ba="4,2" hai="13,16,20,29,30,36,40,44,60,62,63,86,88,92" machi="13" ten="30,18000,2" yaku="1,1,2,1,0,1,52,1,54,2,53,1" doraHai="82" doraHaiUra="91" who="1" fromWho="1" sc="486,-64,312,212,79,-64,103,-64" /><INIT seed="1,5,0,1,1,130" ten="422,524,15,39" oya="1" hai0="56,95,134,3,132,87,64,32,135,1,116,84,6" hai1="18,108,102,35,125,54,50,72,45,111,78,77,43" hai2="15,60,104,85,89,42,79,19,47,97,31,98,25" hai3="8,128,74,58,113,123,133,88,0,66,38,26,114"/><U120/><E120/><V91/><F79/><W9/><G123/><T73/><D73/><U20/><E35/><V34/><F60/><W100/><G74/><T40/><D32/><U71/><E71/><V86/><F104/><W131/><G38/><T17/><D116/><U127/><E102/><V12/><F47/><W107/><G100/><T44/><D17/><U103/><E103/><V14/><F42/><W112/><G107/><T5/><D56/><U67/><E67/><V46/><F46/><W122/><G122/><T109/><D64/><U118/><E118/><V27/><F19/><W81/><G26/><T65/><D109/><N who="1" m="42059" /><E54/><V80/><REACH who="2" step="1"/><F27/><REACH who="2" ten="422,524,5,39" step="2"/><W30/><G128/><T92/><D65/><U63/><E63/><V126/><F126/><N who="1" m="48137" /><E72/><V39/><F39/><W16/><G131/><T57/><D40/><U115/><E115/><V101/><F101/><W70/><G113/><T99/><D44/><U82/><E82/><AGARI ba="5,1" hai="12,14,15,25,31,34,80,82,85,86,89,91,97,98" machi="82" ten="40,2600,0" yaku="1,1,9,1,53,0" doraHai="130" doraHaiUra="105" who="2" fromWho="1" sc="422,0,524,-41,5,51,39,0" /><INIT seed="2,0,0,0,0,113" ten="422,483,56,39" oya="2" hai0="3,99,104,114,119,76,107,87,133,4,79,0,57" hai1="126,12,32,86,39,52,36,8,83,117,59,45,130" hai2="125,33,49,37,27,6,105,71,31,95,98,41,124" hai3="54,116,40,53,42,24,100,16,65,64,102,28,75"/><V103/><F37/><W80/><G80/><T56/><D114/><U21/><E32/><V112/><F112/><W88/><G75/><T122/><D4/><U129/><E126/><N who="2" m="48747" /><F6/><W93/><G116/><T13/><D133/><U25/><E117/><V29/><F29/><W7/><G7/><T9/><D13/><U51/><E59/><V73/><F73/><W50/><G54/><T14/><D14/><U34/><E34/><V123/><F123/><W106/><G106/><T108/><D9/><U90/><E129/><V115/><F115/><W134/><G28/><T132/><D132/><U26/><E130/><V30/><F30/><W72/><G72/><T20/><D20/><U97/><E97/><V68/><F95/><W121/><G121/><T101/><D122/><U46/><E46/><AGARI ba="0,0" hai="27,31,33,41,46,49,68,71,98,103,105" m="48747" machi="46" ten="30,1500,0" yaku="18,1" doraHai="113" who="2" fromWho="1" sc="422,0,483,-15,56,15,39,0" /><INIT seed="2,1,0,1,2,6" ten="422,468,71,39" oya="2" hai0="70,73,67,34,89,122,46,107,61,51,37,57,119" hai1="81,75,0,126,13,45,104,32,76,71,93,4,52" hai2="94,43,130,39,38,114,22,69,10,132,63,90,128" hai3="21,92,60,125,54,42,109,84,99,15,53,1,134"/><V72/><F114/><W85/><G109/><T59/><D122/><U86/><E104/><V78/><F22/><W8/><G125/><T110/><D107/><U12/><E71/><V98/><F69/><W55/><G134/><T2/><D2/><U33/><E126/><V11/><F63/><W68/><G1/><T64/><D34/><U129/><E129/><N who="2" m="49771" /><F132/><W36/><G21/><T83/><D110/><U88/><E33/><V112/><F112/><W44/><G60/><T23/><D119/><U20/><E32/><V58/><F58/><W111/><G68/><T79/><D23/><U35/><E35/><V62/><F62/><W127/><G127/><T49/><D67/><U5/><E0/><V65/><F65/><W121/><G121/><T27/><D27/><U66/><E66/><V87/><F72/><W135/><G111/><T48/><D70/><U19/><REACH who="1" step="1"/><E13/><REACH who="1" ten="422,458,71,39" step="2"/><V106/><F106/><W50/><G135/><T24/><D24/><U96/><E96/><V105/><F105/><W100/><REACH who="3" step="1"/><G36/><REACH who="3" ten="422,458,71,29" step="2"/><T97/><D37/><U9/><E9/><N who="2" m="3083" /><F39/><W101/><G101/><T102/><D102/><U115/><E115/><V116/><F116/><W82/><G82/><T47/><D57/><U80/><E80/><N who="2" m="47511" /><F38/><W77/><G77/><T95/><AGARI ba="1,2" hai="46,47,48,49,51,59,61,64,73,79,83,89,95,97" machi="95" ten="30,1100,0" yaku="0,1" doraHai="6" who="0" fromWho="0" sc="422,34,458,-4,71,-6,29,-4" /><INIT seed="3,0,0,0,4,77" ten="456,454,65,25" oya="3" hai0="14,13,92,128,11,25,59,99,81,24,101,124,41" hai1="52,131,71,109,100,127,19,126,105,87,106,132,45" hai2="23,27,64,20,54,66,88,42,107,119,79,95,62" hai3="32,48,18,65,89,84,69,63,1,44,50,21,51"/><W37/><G1/><T17/><D124/><N who="1" m="47659" /><E71/><V56/><F107/><W39/><G32/><T90/><D128/><U58/><E131/><V102/><F119/><W123/><G44/><T57/><D41/><U133/><E109/><V85/><F102/><W122/><G122/><T78/><D101/><U135/><E45/><V47/><F79/><W83/><REACH who="3" step="1"/><G123/><REACH who="3" ten="456,454,65,15" step="2"/><T75/><D14/><AGARI ba="0,1" hai="14,18,21,37,39,48,50,51,63,65,69,83,84,89" machi="14" ten="40,7700,0" yaku="1,1,2,1,52,1,53,0" doraHai="77" doraHaiUra="130" who="3" fromWho="0" sc="456,-77,454,0,65,0,15,87" /><INIT seed="3,1,0,4,1,133" ten="379,454,65,102" oya="3" hai0="122,17,81,123,127,69,65,50,67,75,23,101,27" hai1="126,131,109,116,113,80,8,30,121,49,52,47,115" hai2="105,82,83,78,63,97,57,95,124,45,51,107,3" hai3="6,112,92,79,130,46,7,72,43,114,62,91,84"/><W59/><G130/><T38/><D38/><U11/><E121/><V60/><F3/><W55/><G72/><T56/><D69/><U21/><E131/><V129/><F129/><W39/><REACH who="3" step="1"/><G79/><REACH who="3" ten="379,454,65,92" step="2"/><T34/><D75/><U66/><E115/><AGARI ba="1,1" hai="6,7,39,43,46,55,59,62,84,91,92,112,114,115" machi="115" ten="40,7700,0" yaku="1,1,2,1,53,1" doraHai="133" doraHaiUra="90" who="3" fromWho="1" sc="379,0,454,-80,65,0,92,90" /><INIT seed="3,2,0,2,4,115" ten="379,374,65,182" oya="3" hai0="81,46,24,96,59,79,13,18,90,6,98,66,37" hai1="36,86,40,70,54,58,53,14,19,20,12,72,61" hai2="85,43,101,88,91,92,84,64,51,132,41,100,134" hai3="17,21,111,94,11,34,47,9,93,71,5,27,74"/><W119/><G71/><T78/><D6/><U97/><E72/><V113/><F64/><W22/><G74/><T135/><D24/><U1/><E1/><V107/><F51/><W44/><G111/><T10/><D135/><U68/><E86/><V103/><F113/><W114/><G114/><T89/><D37/><U56/><E14/><V76/><F43/><W123/><G123/><T122/><D122/><U110/><E110/><V112/><F41/><W3/><G34/><T67/><D46/><U102/><E40/><V0/><F0/><W83/><G83/><T2/><D2/><U42/><E42/><V126/><F112/><W4/><G119/><T106/><D106/><U118/><E36/><V35/><F35/><W33/><G33/><T32/><D32/><U38/><E38/><V120/><F120/><W63/><G63/><N who="0" m="38271" /><D67/><U25/><E12/><V29/><F29/><W16/><G3/><T124/><D124/><U49/><REACH who="1" step="1"/><E118/><REACH who="1" ten="379,364,65,182" step="2"/><V31/><F76/><N who="0" m="29226" /><D81/><U7/><E7/><V48/><F126/><W15/><G15/><T60/><D98/><U30/><E30/><V131/><F31/><W129/><G129/><T55/><D96/><U109/><E109/><V82/><F131/><W133/><G133/><N who="2" m="51305" /><F48/><W39/><G39/><T75/><D75/><U80/><E80/><N who="2" m="49543" /><F107/><AGARI ba="2,1" hai="19,20,25,49,53,54,56,58,61,68,70,97,102,107" machi="107" ten="30,2000,0" yaku="1,1,7,1,53,0" doraHai="115" doraHaiUra="73" who="1" fromWho="2" sc="379,0,364,36,65,-26,182,0" /><INIT seed="4,0,0,2,3,48" ten="379,400,39,182" oya="0" hai0="28,63,46,98,127,23,117,89,45,111,3,81,78" hai1="6,4,33,41,42,59,53,105,25,65,2,0,88" hai2="26,64,114,107,18,52,130,115,12,73,19,38,68" hai3="124,31,84,85,20,17,69,11,15,132,60,57,97"/><T102/><D117/><U91/><E105/><V129/><F73/><W80/><G124/><T75/><D127/><U101/><E2/><V27/><F107/><W77/><G132/><T70/><D3/><U21/><E33/><V9/><F38/><W83/><G69/><T103/><D111/><U123/><E101/><V40/><F40/><N who="1" m="15465" /><E65/><V10/><F64/><W24/><G97/><T35/><D103/><U100/><E100/><V76/><F76/><W116/><G116/><T110/><D110/><U37/><E0/><V50/><F68/><W74/><REACH who="3" step="1"/><G83/><REACH who="3" ten="379,400,39,172" step="2"/><T44/><D70/><U93/><E37/><V87/><F87/><W62/><G62/><T47/><D63/><N who="1" m="36335" /><E123/><V121/><F121/><W14/><G14/><T92/><D102/><U67/><E67/><AGARI ba="0,1" hai="11,15,17,20,24,31,57,60,67,74,77,80,84,85" machi="67" ten="30,2000,0" yaku="1,1,7,1,53,0" doraHai="48" doraHaiUra="135" who="3" fromWho="1" sc="379,0,400,-20,39,0,172,30" /><INIT seed="5,0,0,0,2,104" ten="379,380,39,202" oya="1" hai0="15,23,105,43,25,84,58,92,70,112,63,12,5" hai1="53,87,109,49,77,89,99,82,35,45,126,117,9" hai2="79,107,46,30,37,127,122,97,124,88,113,96,4" hai3="24,22,8,27,64,98,68,118,21,56,6,73,19"/><U65/><E126/><V32/><F4/><W119/><G68/><T26/><D105/><U135/><E135/><V48/><F37/><W44/><G44/><T120/><D112/><U55/><E35/><V1/><F1/><W93/><G64/><T47/><D70/><U106/><E117/><V61/><F61/><W103/><G56/><T128/><D128/><U100/><E109/><V60/><F60/><W10/><G73/><T134/><D134/><U18/><E65/><V36/><F36/><W29/><REACH who="3" step="1"/><G10/><REACH who="3" ten="379,380,39,192" step="2"/><T31/><D58/><U34/><E55/><V42/><F46/><W0/><AGARI ba="0,1" hai="0,6,8,19,21,22,24,27,29,93,98,103,118,119" machi="0" ten="30,4000,0" yaku="1,1,2,1,0,1,53,0" doraHai="104" doraHaiUra="123" who="3" fromWho="3" sc="379,-10,380,-20,39,-10,192,50" /><BYE who="2" /><UN n2="%E3%81%93%E3%81%A1" /><INIT seed="6,0,0,1,2,9" ten="369,360,29,242" oya="2" hai0="116,111,44,73,134,107,112,12,95,19,2,67,8" hai1="109,103,21,97,83,47,16,89,31,54,52,49,113" hai2="57,29,129,14,78,82,68,131,87,22,127,99,72" hai3="45,96,126,10,75,3,36,115,66,70,41,79,71"/><V27/><F68/><W35/><G126/><T101/><D111/><U34/><E109/><V81/><F127/><W88/><G115/><T58/><D112/><U84/><E113/><V43/><F99/><W15/><G35/><T39/><D107/><U62/><E34/><V130/><F43/><W64/><G3/><T69/><D69/><U18/><E31/><V53/><F82/><W30/><G30/><T92/><D2/><U23/><E23/><V133/><F133/><W59/><G71/><T118/><D73/><U6/><E6/><V77/><F72/><W17/><G70/><T105/><D105/><U51/><E62/><V128/><N who="2" m="32768" /><DORA hai="123" /><V98/><F98/><W28/><G28/><T80/><D80/><U7/><E7/><V76/><REACH who="2" step="1"/><F14/><REACH who="2" ten="369,360,19,242" step="2"/><W5/><G75/><T56/><D134/><U74/><E74/><V13/><F13/><W104/><G15/><T85/><D12/><U32/><E32/><V0/><F0/><W33/><G41/><T91/><D118/><U4/><E4/><V60/><AGARI ba="0,1" hai="22,27,29,53,57,60,76,77,78,81,87" m="32768" machi="60" ten="60,18000,2" yaku="1,1,0,1,19,1,53,4" doraHai="9,123" doraHaiUra="125,37" who="2" fromWho="2" sc="369,-60,360,-60,19,190,242,-60" /><INIT seed="6,1,0,3,4,11" ten="309,300,209,182" oya="2" hai0="126,97,113,77,70,98,115,69,10,37,13,102,59" hai1="84,120,40,18,31,68,51,16,135,53,19,17,54" hai2="71,133,20,61,107,66,50,119,24,75,78,121,36" hai3="104,108,1,127,14,91,105,64,122,27,8,117,21"/><V26/><F119/><W60/><G122/><T73/><D126/><U130/><E68/><V129/><F36/><W112/><G117/><T134/><D134/><U99/><E120/><V95/><F121/><W114/><G108/><T30/><D30/><U41/><E135/><V123/><F123/><W89/><G1/><T62/><D37/><U101/><E130/><V15/><F107/><W56/><G127/><T82/><D70/><U96/><E31/><V0/><F0/><W67/><G67/><T44/><D44/><U72/><E72/><V39/><F39/><W111/><G111/><T22/><D22/><U55/><E84/><V38/><F38/><W47/><G47/><T85/><D73/><U103/><N who="1" m="4096" /><DORA hai="6" /><U80/><E80/><V110/><F75/><W52/><G21/><T63/><D69/><U57/><E57/><V2/><F2/><W23/><G23/><T116/><D116/><U88/><E88/><N who="3" m="33866" /><G27/><T124/><D124/><U90/><E90/><V100/><F71/><N who="3" m="42375" /><G14/><T94/><D98/><N who="1" m="37419" /><E51/><V5/><F50/><N who="3" m="30743" /><G8/><T29/><D29/><U32/><E32/><V25/><F133/><W3/><G3/><T81/><D81/><U131/><E131/><V118/><F129/><W7/><G7/><N who="0" m="3295" /><D59/><U87/><E87/><V43/><F118/><W109/><G109/><T9/><D9/><U46/><E46/><V33/><F110/><W74/><G74/><T34/><D34/><U86/><E86/><V49/><F33/><W79/><G79/><T132/><D132/><U93/><E93/><V128/><F128/><W45/><G45/><T92/><D92/><RYUUKYOKU ba="1,0" sc="309,10,300,10,209,-30,182,10" hai0="62,63,77,82,85,94,97,102,113,115" hai1="40,41,53,54,55,101,103" hai3="104,105,112,114" /><INIT seed="7,2,0,4,0,76" ten="319,310,179,192" oya="3" hai0="106,77,46,47,92,83,39,52,101,33,65,118,48" hai1="122,86,130,84,12,131,10,88,28,16,125,133,23" hai2="17,63,20,62,4,104,66,115,13,113,49,64,24" hai3="123,126,78,27,73,30,44,75,61,134,119,127,42"/><W40/><G119/><T117/><D106/><U98/><E122/><V68/><F104/><W11/><G123/><T14/><D33/><U95/><E133/><V54/><F4/><W135/><G11/><T80/><D65/><U107/><E125/><N who="3" m="47626" /><G61/><T51/><D77/><U114/><E114/><N who="2" m="43531" /><F13/><W37/><G42/><T29/><D29/><U60/><E60/><N who="2" m="23083" /><F68/><W102/><G102/><T99/><D39/><U72/><E72/><N who="3" m="27722" /><G78/><T15/><D118/><U19/><E28/><V38/><F38/><W100/><G100/><T69/><D69/><U71/><E71/><V25/><F25/><W74/><N who="3" m="27730" /><W111/><DORA hai="94" /><G111/><T70/><D70/><U55/><E55/><V43/><F43/><W56/><G56/><AGARI ba="2,0" hai="17,20,24,49,54,56,64,66" m="23083,43531" machi="56" ten="30,1000,0" yaku="15,1" doraHai="76,94" who="2" fromWho="3" sc="319,0,310,0,179,16,192,-16" owari="319,41.0,310,11.0,195,-20.0,176,-32.0" /></mjloggm>