<mjloggm ver="2.3"><GO type="185" lobby="0"/><UN n0="%E3%81%BE%E3%81%A4%E3%81%AE%E3%81%8F%E3%82%93" n1="%61%6F%70%79%6F%6E%2D%7A" n2="%E9%95%B7%E5%85%89%E9%BA%BB%E5%A4%9C" n3="" dan="17,16,16,0" rate="2242.90,2064.36,2233.59,1500.00" sx="M,M,M,C"/><TAIKYOKU oya="0"/><INIT seed="0,0,0,4,1,42" ten="350,350,350,0" oya="0" hai0="56,71,97,41,90,91,58,125,51,123,48,78,130" hai1="133,33,59,0,55,40,115,64,45,109,103,47,117" hai2="73,62,129,37,135,122,77,46,88,104,34,101,108" hai3=""/><T49/><N who="0" m="31520" /><T95/><D71/><U57/><E0/><V81/><N who="2" m="31264" /><V75/><F34/><T1/><D1/><U121/><N who="1" m="31008" /><U68/><E33/><V36/><F135/><T120/><N who="0" m="30752" /><T98/><D130/><U54/><E103/><V110/><F129/><T96/><D125/><U35/><E35/><V65/><F75/><T84/><D78/><U76/><E76/><V118/><F118/><T44/><D91/><U39/><E117/><V32/><F32/><T70/><D70/><U106/><E106/><V83/><F101/><T86/><D86/><U87/><E87/><V128/><F104/><T102/><D102/><U126/><E115/><V60/><F128/><T2/><D2/><U79/><E79/><V134/><F134/><T61/><D58/><U89/><E89/><V111/><F88/><T100/><D100/><U67/><E133/><V112/><F112/><T124/><D124/><U105/><E105/><V127/><F127/><T53/><AGARI ba="0,0" hai="41,44,48,49,51,53,56,61,84,90,95,96,97,98" m="30752,31520" machi="53" ten="30,8000,1" yaku="0,1,8,1,52,3" doraHai="42" who="0" fromWho="0" sc="350,80,350,-40,350,-40,0,0" /><INIT seed="0,1,0,4,5,44" ten="430,310,310,0" oya="0" hai0="46,77,79,39,63,88,67,62,119,40,111,121,74" hai1="123,131,81,86,96,132,68,42,106,56,75,38,32" hai2="80,34,60,103,61,115,51,90,128,118,101,113,107" hai3=""/><T125/><N who="0" m="31008" /><T95/><D119/><U134/><N who="1" m="31520" /><U98/><E32/><V58/><F34/><T45/><D125/><U47/><E131/><V78/><F118/><T114/><D114/><U94/><E68/><V73/><F128/><T59/><D111/><U65/><E75/><V3/><F3/><T99/><D74/><U112/><E112/><V122/><N who="2" m="31264" /><V82/><F60/><T102/><D46/><U117/><E117/><V108/><F108/><T93/><REACH who="0" step="1"/><D63/><REACH who="0" ten="420,310,310,0" step="2"/><U2/><E47/><V124/><F124/><T109/><D109/><U89/><E2/><V84/><F113/><T66/><D66/><U52/><E65/><V92/><F115/><T50/><D50/><U126/><E126/><V87/><F51/><T110/><D110/><U64/><E64/><V91/><F107/><T69/><D69/><U43/><E106/><V83/><F61/><T85/><AGARI ba="1,1" hai="39,40,45,59,62,67,77,79,85,88,93,95,99,102" m="31008" machi="85" ten="20,12000,2" yaku="1,1,0,1,7,1,52,1,54,1,53,1" doraHai="44" doraHaiUra="71" who="0" fromWho="0" sc="420,132,310,-61,310,-61,0,0" /><INIT seed="0,2,0,1,5,95" ten="552,249,249,0" oya="0" hai0="118,109,67,130,63,119,132,37,60,42,90,98,46" hai1="58,52,32,106,110,126,113,59,108,116,34,55,71" hai2="56,61,88,104,135,35,120,49,80,44,87,94,73" hai3=""/><T36/><D36/><U134/><E106/><V79/><N who="2" m="30752" /><V121/><N who="2" m="31008" /><V62/><F35/><T97/><D132/><U81/><E81/><V72/><F135/><T117/><D130/><U76/><E134/><V2/><F2/><T115/><D115/><U3/><E76/><V51/><F104/><T86/><D109/><U53/><E71/><V1/><F1/><T74/><D74/><U83/><E83/><V47/><F73/><T133/><D133/><U100/><E100/><V114/><F114/><T122/><N who="0" m="31264" /><T65/><D63/><U48/><E3/><V99/><F72/><T40/><D40/><U68/><E68/><V93/><F93/><T128/><D128/><U85/><E116/><V64/><F62/><T123/><N who="0" m="31520" /><T70/><REACH who="0" step="1"/><D65/><REACH who="0" ten="542,249,249,0" step="2"/><U82/><E113/><V129/><F129/><T38/><D38/><U50/><E110/><V96/><F96/><T41/><D41/><U33/><E108/><V103/><F103/><T0/><D0/><U43/><E33/><V102/><F102/><T124/><D124/><U127/><E34/><V112/><F112/><T84/><D84/><U45/><E32/><V91/><F61/><T105/><D105/><U69/><E126/><V107/><F64/><RYUUKYOKU ba="2,1" sc="542,20,249,-10,249,-10,0,0" hai0="37,42,46,60,67,70,86,90,97,98,117,118,119" /><INIT seed="0,3,1,3,2,129" ten="562,239,239,0" oya="0" hai0="80,1,134,77,105,122,43,135,59,109,34,54,91" hai1="113,49,130,42,102,99,101,79,131,57,133,56,97" hai2="128,86,0,115,120,52,2,90,3,119,41,60,76" hai3=""/><T117/><N who="0" m="31264" /><T37/><D117/><U81/><E113/><V104/><N who="2" m="30752" /><V61/><F115/><T73/><D1/><U98/><E42/><V114/><F114/><T39/><D34/><U65/><E65/><V62/><F104/><T127/><D105/><U63/><E49/><V45/><F128/><N who="1" m="49193" /><E133/><N who="0" m="50697" /><D127/><U87/><E63/><V74/><F76/><T75/><D109/><U132/><E132/><V70/><F74/><T96/><D75/><U66/><E66/><V55/><F70/><T58/><D43/><U111/><E111/><V106/><F106/><T53/><D53/><U78/><E57/><N who="0" m="21513" /><D54/><U38/><E56/><V95/><REACH who="2" step="1"/><F119/><REACH who="2" ten="562,239,229,0" step="2"/><T83/><D83/><U126/><E126/><V82/><F82/><T84/><D73/><U71/><E71/><V93/><F93/><AGARI ba="3,2" hai="37,39,77,80,84,91,93,96" m="21513,50697,31264" machi="93" ten="30,12000,1" yaku="20,1,52,4" doraHai="129" who="0" fromWho="2" sc="562,146,239,0,229,-126,0,0" /><INIT seed="0,4,0,0,3,68" ten="708,239,103,0" oya="0" hai0="88,127,94,79,70,76,34,109,75,2,124,130,53" hai1="78,106,86,112,90,52,40,60,32,65,95,115,92" hai2="3,36,104,58,57,101,91,119,77,37,80,67,120" hai3=""/><T1/><D34/><U46/><E32/><V72/><N who="2" m="30752" /><V111/><F3/><T98/><D70/><U114/><E106/><V122/><N who="2" m="31264" /><V89/><F111/><T125/><D109/><U129/><E129/><V123/><N who="2" m="31520" /><V135/><F135/><T39/><D130/><U66/><E78/><N who="0" m="29737" /><D39/><U93/><E52/><V51/><F119/><T118/><D118/><U82/><REACH who="1" step="1"/><E60/><REACH who="1" ten="708,229,103,0" step="2"/><V97/><F51/><AGARI ba="4,1" hai="40,46,51,65,66,82,86,90,92,93,95,112,114,115" machi="51" ten="50,8000,1" yaku="1,1,2,1,11,1,53,2" doraHai="68" doraHaiUra="61" who="1" fromWho="2" sc="708,0,229,98,103,-88,0,0" /><INIT seed="1,0,0,2,1,128" ten="708,327,15,0" oya="1" hai0="133,76,80,37,40,62,44,99,107,45,97,63,132" hai1="55,105,73,72,65,94,87,57,1,42,110,50,52" hai2="95,106,69,83,130,88,58,47,48,119,116,64,111" hai3=""/><U60/><E1/><V39/><F130/><T51/><D63/><U118/><E105/><V121/><N who="2" m="31008" /><V93/><F106/><T0/><D62/><U78/><E118/><V123/><N who="2" m="31520" /><V33/><F33/><T112/><D112/><U67/><E110/><V126/><F111/><T75/><D0/><U41/><E73/><V89/><F39/><T36/><D36/><U100/><E72/><V35/><F35/><T84/><D75/><U108/><E108/><V96/><F69/><T90/><D76/><U77/><E77/><V38/><F38/><T2/><D2/><U68/><E67/><V32/><F32/><T43/><D107/><U120/><N who="1" m="30752" /><U102/><E55/><V86/><F126/><T122/><N who="0" m="31264" /><T92/><D92/><U103/><REACH who="1" step="1"/><E94/><REACH who="1" ten="708,317,15,0" step="2"/><V115/><F115/><T81/><D81/><AGARI ba="0,1" hai="41,42,50,52,57,60,65,68,78,81,87,100,102,103" m="30752" machi="81" ten="40,12000,1" yaku="1,1,2,1,52,1,54,1,53,0" doraHai="128" doraHaiUra="70" who="1" fromWho="0" sc="708,-120,317,130,15,0,0,0" /><INIT seed="1,1,0,3,1,33" ten="588,447,15,0" oya="1" hai0="92,87,44,1,112,89,73,79,72,107,57,102,82" hai1="77,60,133,131,127,58,42,113,111,53,70,71,3" hai2="0,105,132,37,41,54,103,106,51,98,124,36,75" hai3=""/><U122/><N who="1" m="31264" /><U65/><E113/><V45/><F132/><T114/><D1/><U40/><E3/><V2/><F75/><T134/><D134/><U135/><E77/><V101/><F37/><T126/><D126/><U96/><E96/><V47/><F124/><T119/><D73/><U74/><E74/><V39/><F39/><T109/><D119/><U69/><E127/><V91/><F91/><T49/><D57/><U97/><E97/><AGARI ba="1,0" hai="0,2,36,41,45,47,51,54,97,98,101,103,105,106" machi="97" ten="40,5200,0" yaku="9,1,52,2" doraHai="33" who="2" fromWho="1" sc="588,0,447,-54,15,54,0,0" /><INIT seed="2,0,0,3,5,35" ten="588,393,69,0" oya="2" hai0="122,54,103,44,106,108,38,46,62,129,69,125,132" hai1="96,42,33,52,123,126,117,47,56,135,55,77,99" hai2="2,111,124,0,51,40,3,87,60,73,110,71,65" hai3=""/><V127/><F73/><T1/><RYUUKYOKU type="yao9" ba="0,0" sc="588,0,393,0,69,0,0,0" hai0="1,38,44,46,54,62,69,103,106,108,122,125,129,132" /><INIT seed="2,1,0,0,3,53" ten="588,393,69,0" oya="2" hai0="66,96,51,47,114,94,56,43,104,35,41,126,62" hai1="133,46,48,103,106,122,3,110,105,102,119,101,80" hai2="88,52,85,77,72,129,120,97,111,117,115,73,74" hai3=""/><V50/><N who="2" m="30752" /><V45/><F117/><T82/><D35/><U38/><N who="1" m="31264" /><U69/><E3/><V59/><F115/><T128/><D114/><U124/><E110/><V63/><F111/><T68/><D104/><U40/><E133/><V98/><F77/><T89/><D128/><U34/><E34/><V135/><F129/><T49/><D126/><U123/><N who="1" m="31520" /><U91/><E124/><V1/><F1/><T70/><D82/><U118/><E69/><V87/><F87/><T130/><D130/><U116/><E38/><V55/><REACH who="2" step="1"/><F135/><REACH who="2" ten="588,393,59,0" step="2"/><T64/><D64/><U58/><E116/><V37/><F37/><T33/><D33/><U93/><E118/><V32/><F32/><T44/><AGARI ba="1,1" hai="41,43,44,47,49,51,56,62,66,68,70,89,94,96" machi="44" ten="30,3000,0" yaku="0,1,9,1,52,1" doraHai="53" who="0" fromWho="0" sc="588,42,393,-11,59,-21,0,0" /><INIT seed="4,0,0,5,0,88" ten="630,382,38,0" oya="0" hai0="64,123,57,90,113,53,54,96,120,99,104,34,55" hai1="43,65,129,67,69,41,50,115,36,46,86,81,62" hai2="111,35,2,71,107,1,48,91,122,51,40,89,114" hai3=""/><T94/><N who="0" m="30752" /><T132/><N who="0" m="31520" /><T87/><D34/><U33/><E33/><V78/><N who="2" m="31264" /><V106/><F114/><T73/><D73/><U3/><E3/><V68/><F35/><T130/><D113/><U45/><E129/><V133/><F133/><T74/><D74/><U112/><E86/><V105/><F78/><T100/><D132/><U121/><N who="1" m="31008" /><U60/><REACH who="1" step="1"/><E81/><REACH who="1" ten="630,372,38,0" step="2"/><V77/><F77/><T108/><D130/><U49/><E49/><V0/><F111/><T101/><D108/><U32/><E32/><V127/><F127/><T80/><REACH who="0" step="1"/><D64/><REACH who="0" ten="620,372,38,0" step="2"/><U63/><E63/><AGARI ba="0,2" hai="53,54,55,57,63,80,87,90,94,96,99,100,101,104" m="31520,30752" machi="63" ten="30,18000,2" yaku="1,1,2,1,7,1,52,3,53,0" doraHai="88" doraHaiUra="135" who="0" fromWho="1" sc="620,200,372,-180,38,0,0,0" /><INIT seed="4,1,0,1,4,115" ten="820,192,38,0" oya="0" hai0="80,42,44,45,90,52,72,89,106,123,127,121,122" hai1="3,135,102,119,51,34,104,0,110,84,95,120,98" hai2="108,48,77,37,55,75,64,38,94,43,111,83,113" hai3=""/><T36/><N who="0" m="31008" /><T46/><N who="0" m="31264" /><T117/><N who="0" m="31520" /><T71/><D71/><U107/><N who="1" m="30752" /><U124/><E34/><V100/><F113/><T112/><D112/><U61/><E124/><V79/><F64/><T1/><D1/><U65/><E110/><V40/><F77/><T35/><D35/><U93/><E135/><V68/><F68/><T74/><D106/><U73/><E73/><V70/><F70/><T69/><D69/><U125/><E125/><V76/><F76/><T50/><D127/><U114/><E114/><V78/><F78/><T53/><D117/><U67/><E119/><V101/><F101/><T99/><D80/><U63/><E104/><V92/><F92/><T97/><D97/><U60/><E107/><V39/><F108/><T86/><D99/><U66/><E3/><V96/><REACH who="2" step="1"/><F111/><REACH who="2" ten="820,192,28,0" step="2"/><T105/><D105/><U128/><E0/><V85/><F85/><T33/><D33/><U41/><E84/><V59/><AGARI ba="1,1" hai="37,38,39,40,43,48,55,59,75,79,83,94,96,100" machi="59" ten="30,3000,0" yaku="1,1,0,1,53,1" doraHai="115" doraHaiUra="88" who="2" fromWho="2" sc="820,-21,192,-11,28,42,0,0" /><INIT seed="5,0,0,5,5,36" ten="799,181,70,0" oya="1" hai0="78,90,100,73,111,95,51,58,135,108,68,101,61" hai1="113,104,91,53,120,69,126,125,52,62,57,80,40" hai2="66,124,118,35,93,77,133,129,131,82,130,132,37" hai3=""/><U134/><N who="1" m="30752" /><U87/><E104/><V33/><F37/><T107/><D68/><U96/><E113/><V64/><F118/><T60/><D60/><U79/><E134/><N who="2" m="51819" /><F93/><T45/><D135/><U67/><E40/><V56/><F56/><T81/><D107/><U98/><E53/><V85/><F124/><N who="1" m="47721" /><E79/><V112/><F112/><T110/><D58/><U114/><E114/><V106/><F106/><T109/><D61/><AGARI ba="0,0" hai="52,57,61,62,67,69,80,87,91,96,98" m="47721,30752" machi="61" ten="30,5800,0" yaku="18,1,52,1,54,1" doraHai="36" who="1" fromWho="0" sc="799,-58,181,58,70,0,0,0" /><INIT seed="5,1,0,4,1,116" ten="741,239,70,0" oya="1" hai0="43,40,74,90,85,51,67,133,32,108,88,50,99" hai1="54,110,107,1,76,122,82,92,89,63,100,70,42" hai2="41,86,46,73,134,48,49,125,128,79,123,87,72" hai3=""/><U84/><N who="1" m="31264" /><U127/><E1/><V68/><N who="2" m="31520" /><V66/><F134/><T65/><D74/><U95/><E110/><V56/><F125/><T64/><D108/><U103/><E127/><V83/><F128/><T115/><D32/><U130/><E42/><V121/><N who="2" m="31008" /><V53/><REACH who="2" step="1"/><F73/><REACH who="2" ten="741,239,60,0" step="2"/><T33/><D133/><U117/><E130/><V61/><AGARI ba="1,1" hai="41,46,48,49,53,56,61,66,68,72,79,83,86,87" m="31008,31520" machi="61" ten="30,12000,3" yaku="1,1,2,1,0,1,52,4,53,1" doraHai="116" doraHaiUra="52" who="2" fromWho="2" sc="741,-41,239,-81,60,132,0,0" /><INIT seed="6,0,0,5,1,108" ten="700,158,192,0" oya="2" hai0="56,119,134,94,112,100,105,86,125,34,133,38,104" hai1="98,63,65,41,117,85,115,111,79,71,51,82,90" hai2="103,128,72,87,75,66,113,81,67,0,118,58,54" hai3=""/><V114/><F0/><T2/><D2/><U95/><E117/><V123/><N who="2" m="31520" /><V55/><F118/><T3/><D38/><U126/><E126/><V106/><F128/><T57/><D3/><U84/><E111/><V68/><F68/><T77/><D119/><U101/><E41/><V76/><F55/><T61/><D34/><U53/><E115/><N who="2" m="44043" /><F103/><T116/><D116/><U40/><E40/><V50/><F106/><T78/><D112/><U45/><REACH who="1" step="1"/><E101/><REACH who="1" ten="700,148,192,0" step="2"/><V89/><F75/><AGARI ba="0,1" hai="45,51,53,63,65,71,75,79,82,84,85,90,95,98" machi="75" ten="30,7700,0" yaku="1,1,2,1,7,1,53,1" doraHai="108" doraHaiUra="49" who="1" fromWho="2" sc="700,0,148,87,192,-77,0,0" owari="700,64.0,235,-16.0,115,-48.0,0,0.0" /></mjloggm>