<mjloggm ver="2.3"><GO type="185" lobby="0"/><UN n0="%44%75%73%6B" n1="%58%65%6C%65%72%61%74%6F" n2="%E9%B4%A8%E6%90%8D" n3="" dan="16,17,16,0" rate="2218.50,2248.20,2118.94,1500.00" sx="M,F,M,C"/><TAIKYOKU oya="0"/><INIT seed="0,0,0,0,2,32" ten="350,350,350,0" oya="0" hai0="127,65,44,113,88,108,103,93,38,119,33,107,72" hai1="50,46,131,71,49,96,70,86,105,79,89,35,40" hai2="42,123,39,126,106,47,109,95,54,48,37,66,134" hai3=""/><T36/><D113/><U91/><E35/><V90/><N who="2" m="31520" /><V3/><F3/><T87/><D119/><U75/><E131/><V124/><F106/><T55/><D33/><U41/><E79/><V73/><F73/><T52/><D72/><U92/><E75/><V135/><F109/><T64/><D127/><N who="2" m="48682" /><F66/><T129/><D129/><U120/><N who="1" m="30752" /><U111/><E111/><V62/><F62/><T115/><D108/><U45/><REACH who="1" step="1"/><E105/><REACH who="1" ten="350,340,350,0" step="2"/><V122/><N who="2" m="31264" /><V114/><F114/><T99/><D115/><U101/><E101/><V84/><F37/><T85/><D36/><U0/><E0/><V77/><F77/><T117/><D117/><U51/><E51/><V130/><F130/><T59/><D38/><U43/><E43/><V112/><F112/><T58/><D107/><U81/><AGARI ba="0,1" hai="40,41,45,46,49,50,70,71,81,86,89,91,92,96" m="30752" machi="81" ten="20,9000,2" yaku="1,1,0,1,7,1,9,1,52,1,53,2" doraHai="32" doraHaiUra="67" who="1" fromWho="1" sc="350,-60,340,100,350,-30,0,0" /><INIT seed="1,0,0,4,5,99" ten="290,440,320,0" oya="1" hai0="0,100,2,32,115,108,60,130,102,112,49,78,75" hai1="72,113,101,74,123,47,55,62,133,134,117,116,73" hai2="3,111,110,121,1,50,104,105,114,89,54,79,103" hai3=""/><U63/><N who="1" m="31520" /><U36/><E113/><V37/><N who="2" m="31008" /><V67/><F114/><T82/><D32/><U124/><E124/><V80/><F37/><T76/><D108/><N who="2" m="41514" /><F67/><T34/><D34/><U71/><E101/><V132/><F89/><T48/><D60/><N who="1" m="23083" /><E71/><V38/><F38/><T69/><D82/><U106/><E106/><N who="2" m="41067" /><F103/><T56/><D56/><U59/><E47/><V120/><N who="2" m="30752" /><V129/><F129/><T118/><D130/><U96/><E36/><V95/><F95/><T107/><D107/><U109/><E109/><V41/><F41/><T98/><D98/><U83/><E96/><V135/><F1/><T119/><REACH who="0" step="1"/><D69/><REACH who="0" ten="280,440,320,0" step="2"/><U125/><E83/><V88/><F3/><T65/><D65/><U53/><E116/><V66/><F66/><T92/><D92/><U61/><E117/><V128/><F128/><T46/><D46/><U84/><E59/><V126/><F126/><T85/><D85/><U45/><E84/><V42/><F80/><T40/><D40/><U93/><E93/><V35/><F42/><T39/><D39/><U52/><E125/><V94/><F35/><T122/><N who="0" m="31264" /><T43/><D43/><U81/><E81/><V64/><F94/><T86/><D86/><U77/><E61/><RYUUKYOKU ba="0,1" sc="280,20,440,-10,320,-10,0,0" hai0="0,2,48,49,75,76,78,100,102,112,115,118,119" /><INIT seed="2,1,1,1,2,130" ten="300,430,310,0" oya="2" hai0="61,39,1,83,114,46,126,129,43,125,122,107,45" hai1="98,115,123,93,108,77,82,92,41,135,38,53,49" hai2="84,48,3,100,35,66,94,64,68,60,62,116,120" hai3=""/><V109/><N who="2" m="30752" /><V73/><F3/><T33/><N who="0" m="31264" /><T72/><D33/><U119/><E108/><V69/><F35/><T111/><D107/><U97/><E115/><V75/><F116/><T113/><D1/><U2/><E2/><V34/><F34/><T90/><D111/><U63/><E38/><V127/><F109/><T32/><D32/><U47/><E135/><V79/><F127/><N who="0" m="48650" /><D129/><U42/><E119/><V54/><F79/><T105/><D105/><U50/><E63/><V99/><REACH who="2" step="1"/><F84/><REACH who="2" ten="300,430,300,0" step="2"/><T40/><D113/><U51/><E123/><V110/><F110/><T117/><D117/><U88/><E41/><V81/><F81/><T91/><D114/><U74/><E42/><V37/><F37/><T103/><D39/><U55/><E47/><AGARI ba="1,2" hai="47,48,54,60,62,64,66,68,69,73,75,94,99,100" m="30752" machi="47" ten="30,11600,0" yaku="1,1,7,1,9,1,52,1,53,0" doraHai="130" doraHaiUra="76" who="2" fromWho="1" sc="300,0,430,-118,300,138,0,0" /><INIT seed="2,2,0,1,2,51" ten="300,312,438,0" oya="2" hai0="82,132,134,104,2,47,131,96,46,106,77,128,59" hai1="70,68,67,117,133,124,107,127,3,1,35,50,36" hai2="115,114,45,100,97,61,101,92,99,93,125,95,120" hai3=""/><V85/><N who="2" m="30752" /><V94/><F61/><T87/><D2/><N who="1" m="523" /><E36/><V60/><F60/><T130/><D59/><U126/><E107/><N who="0" m="41001" /><D96/><N who="2" m="36938" /><F45/><AGARI ba="2,0" hai="45,46,47,77,82,87,128,130,131,132,134" m="41001" machi="45" ten="40,1300,0" yaku="19,1" doraHai="51" who="0" fromWho="2" sc="300,17,312,0,438,-17,0,0" /><INIT seed="4,0,0,5,1,0" ten="317,312,421,0" oya="0" hai0="62,108,74,36,83,49,135,59,60,129,98,104,52" hai1="47,50,79,84,73,99,88,38,42,111,43,103,33" hai2="56,117,130,66,123,124,82,58,127,75,97,131,128" hai3=""/><T65/><D36/><U71/><E111/><V101/><N who="2" m="31520" /><V121/><N who="2" m="31008" /><V126/><F66/><T96/><D129/><U63/><E33/><V118/><F82/><T77/><D135/><U95/><E73/><V67/><F75/><T61/><D108/><U116/><E116/><N who="2" m="44651" /><F67/><T89/><D96/><U90/><E71/><V109/><F109/><T92/><REACH who="0" step="1"/><D104/><AGARI ba="0,0" hai="56,58,97,101,104,124,126,127,128,130,131" m="44651,31008,31520" machi="104" ten="40,8000,1" yaku="18,1,19,1,12,1,52,2" doraHai="0" who="2" fromWho="0" sc="317,-80,312,0,421,80,0,0" /><INIT seed="5,0,0,1,3,57" ten="237,312,501,0" oya="1" hai0="103,63,78,95,47,82,69,77,0,112,37,90,56" hai1="74,64,102,43,122,41,135,35,93,52,118,60,70" hai2="101,115,42,2,105,98,125,84,110,33,91,62,114" hai3=""/><U124/><N who="1" m="31264" /><U36/><E118/><V79/><F33/><T92/><D0/><U128/><E35/><V104/><F2/><T134/><D134/><U113/><E135/><V50/><F110/><T71/><D112/><U3/><E3/><V109/><F109/><T94/><D103/><U72/><E113/><V119/><F105/><T51/><D37/><U75/><E124/><V97/><F125/><T1/><D1/><U53/><E128/><V88/><F119/><T46/><D69/><U117/><E117/><V40/><F50/><T96/><D71/><U99/><REACH who="1" step="1"/><E36/><REACH who="1" ten="237,302,501,0" step="2"/><V127/><F127/><T55/><D47/><U130/><E130/><V107/><F115/><T86/><REACH who="0" step="1"/><D96/><REACH who="0" ten="227,302,501,0" step="2"/><U39/><E39/><V108/><F114/><T85/><D85/><U121/><N who="1" m="31008" /><U89/><E89/><V133/><F91/><T111/><D111/><U106/><E106/><V58/><F88/><T123/><N who="0" m="31520" /><T126/><D126/><U131/><E131/><V76/><F98/><T66/><AGARI ba="0,2" hai="46,51,55,56,63,66,77,78,82,86,90,92,94,95" m="31520" machi="66" ten="30,9000,2" yaku="1,1,0,1,8,1,52,2,53,1" doraHai="57" doraHaiUra="54" who="0" fromWho="0" sc="227,110,302,-60,501,-30,0,0" /><INIT seed="6,0,0,3,3,108" ten="337,242,471,0" oya="2" hai0="120,93,130,121,118,133,40,57,78,33,125,76,65" hai1="113,43,134,87,99,52,100,115,36,110,98,89,60" hai2="106,82,58,124,102,51,2,96,55,77,94,70,128" hai3=""/><V39/><F124/><T109/><N who="0" m="30752" /><T61/><N who="0" m="31008" /><T90/><D109/><U47/><E110/><V50/><F128/><T127/><D118/><U116/><E116/><V132/><F132/><T80/><D33/><U42/><E134/><V54/><F2/><T72/><D133/><U68/><E43/><V1/><F1/><T79/><D130/><U69/><E69/><V107/><F70/><T34/><D34/><U104/><E98/><V64/><F64/><T84/><D40/><U92/><REACH who="1" step="1"/><E52/><REACH who="1" ten="337,232,471,0" step="2"/><V88/><F39/><T117/><D117/><U62/><E62/><V3/><F3/><T71/><D71/><U122/><N who="1" m="31264" /><U74/><E74/><V37/><F37/><T48/><D127/><U41/><E41/><V44/><F102/><T45/><D125/><U63/><E63/><V75/><AGARI ba="0,1" hai="44,50,51,54,55,58,75,77,82,88,94,96,106,107" machi="75" ten="20,2600,0" yaku="0,1,7,1,54,1" doraHai="108" who="2" fromWho="2" sc="337,-13,232,-13,471,36,0,0" owari="324,-8.0,219,-38.0,507,46.0,0,0.0" /></mjloggm>