<mjloggm ver="2.3"><GO type="225" lobby="0"/><UN n0="%E3%81%82%E3%82%89%E3%81%8C%E3%81%8D%E3%81%82%E3%82%84%E3%81%9B" n1="%E3%81%82%E3%81%9A%E3%81%8D%E3%81%82%E3%81%9A%E3%81%95" n2="%E3%82%A4%E3%83%8A%E3%82%BA%E3%83%9E%E8%91%AC%E5%84%80" n3="%E3%81%95%E3%81%8D%E3%81%9F%E3%81%BE%E6%9E%97%E6%AA%8E" dan="16,16,17,16" rate="2153.28,2105.82,2241.82,2124.36" sx="F,M,F,M"/><TAIKYOKU oya="0"/><INIT seed="0,0,0,5,4,11" ten="250,250,250,250" oya="0" hai0="67,16,71,42,17,105,28,13,47,56,6,118,95" hai1="116,109,73,112,18,49,127,120,117,48,14,53,37" hai2="23,90,31,62,115,133,72,128,74,44,2,96,111" hai3="54,27,129,121,98,130,77,126,84,87,125,80,132"/><T41/><D105/><U32/><E37/><V3/><F115/><W64/><G64/><T99/><D118/><U75/><E120/><V1/><F111/><W91/><G54/><T35/><D71/><U33/><E109/><V83/><F128/><N who="3" m="49259" /><G98/><T81/><D81/><U29/><E29/><V22/><F133/><W15/><G27/><T8/><D35/><U66/><E66/><V63/><F44/><W82/><G15/><T59/><D28/><U110/><E110/><V46/><F46/><W86/><G121/><T39/><D42/><U0/><E53/><V20/><F31/><W57/><G57/><T76/><D76/><U45/><E45/><V26/><F26/><W134/><G87/><T93/><D93/><U106/><E14/><V123/><F123/><W34/><G34/><T89/><REACH who="0" step="1"/><D59/><REACH who="0" ten="240,250,250,250" step="2"/><U52/><E32/><V124/><F83/><W40/><G40/><T68/><D68/><U50/><E33/><V10/><F74/><W97/><G97/><T114/><D114/><U92/><E112/><V21/><F72/><W36/><G36/><T122/><D122/><U94/><E73/><V103/><F96/><W107/><G107/><T88/><D88/><U12/><E106/><V65/><F90/><W61/><G61/><AGARI ba="0,1" hai="6,8,13,16,17,39,41,47,56,61,67,89,95,99" machi="61" ten="40,7700,0" yaku="1,1,52,1,54,1,53,0" doraHai="11" doraHaiUra="78" who="0" fromWho="3" sc="240,87,250,0,250,0,250,-77" /><INIT seed="0,1,0,1,1,68" ten="327,250,250,173" oya="0" hai0="30,81,33,82,12,117,131,36,46,130,106,11,104" hai1="92,96,34,27,128,99,100,118,119,7,67,89,25" hai2="21,65,70,86,16,26,83,75,42,52,135,29,4" hai3="39,58,31,95,109,17,44,112,76,41,103,73,80"/><T79/><D117/><U125/><E125/><V14/><F75/><W71/><G112/><T0/><D30/><U66/><E128/><N who="0" m="49193" /><D33/><U15/><E119/><V49/><F135/><W120/><G120/><T19/><D0/><U129/><E129/><V111/><F111/><W74/><G109/><T2/><D2/><U40/><E40/><V115/><F115/><W43/><G71/><T61/><D61/><U6/><E34/><V93/><F42/><W126/><G126/><T47/><D47/><U91/><E15/><V23/><F4/><W59/><G31/><T55/><D55/><U114/><E118/><V24/><F93/><W127/><G127/><T28/><D28/><U18/><E92/><V48/><F14/><W77/><G44/><T101/><D101/><U51/><E100/><V8/><F8/><W37/><G103/><T102/><D102/><U35/><E35/><V1/><F1/><W98/><G95/><T108/><D108/><U116/><E116/><V121/><F121/><W56/><G56/><T13/><D13/><U94/><E94/><V90/><REACH who="2" step="1"/><F52/><REACH who="2" ten="327,250,240,173" step="2"/><W57/><G57/><T134/><D134/><U122/><E114/><V85/><F85/><W53/><G53/><T97/><D97/><U110/><E110/><V69/><F69/><W78/><G78/><T38/><D82/><U105/><E99/><V45/><F45/><W88/><G98/><T133/><D133/><U84/><E96/><V107/><F107/><N who="0" m="41002" /><D46/><U9/><E105/><V3/><F3/><W54/><G54/><T72/><AGARI ba="1,1" hai="11,12,19,36,38,72,79,81" m="41002,49193" machi="72" ten="30,6000,0" yaku="19,1,52,2" doraHai="68" who="0" fromWho="0" sc="327,73,250,-21,240,-21,173,-21" /><INIT seed="0,2,0,4,3,74" ten="400,229,219,152" oya="0" hai0="72,9,15,27,21,109,135,36,116,85,61,99,18" hai1="70,91,17,32,1,129,10,104,130,57,26,44,54" hai2="82,66,13,97,105,88,65,132,4,58,12,64,37" hai3="6,126,7,41,117,40,23,50,68,80,69,53,122"/><T103/><D72/><U123/><E123/><V16/><F37/><W73/><G117/><T98/><D116/><U19/><E70/><V114/><F114/><W14/><G122/><T90/><D36/><U119/><E119/><V28/><F132/><W76/><G126/><T125/><D125/><U96/><E44/><V106/><F28/><W113/><G113/><T34/><D34/><U42/><E42/><V121/><F121/><W3/><G3/><T38/><D38/><U92/><E104/><V118/><F118/><W31/><G41/><T79/><D109/><U29/><E10/><N who="2" m="4167" /><F106/><W75/><G75/><T30/><D103/><U43/><E43/><V71/><F71/><W59/><G40/><T46/><D46/><U62/><REACH who="1" step="1"/><E1/><REACH who="1" ten="400,219,219,152" step="2"/><V24/><F105/><W56/><G69/><T35/><D135/><U2/><E2/><V131/><F131/><AGARI ba="2,1" hai="17,19,26,29,32,54,57,62,91,92,96,129,130,131" machi="131" ten="40,2600,0" yaku="1,1,19,1,53,0" doraHai="74" doraHaiUra="134" who="1" fromWho="2" sc="400,0,219,42,219,-32,152,0" /><INIT seed="1,0,0,1,0,79" ten="400,261,187,152" oya="1" hai0="107,94,124,106,126,131,23,97,90,63,62,13,89" hai1="81,12,121,49,8,80,117,33,29,56,67,43,130" hai2="113,123,14,76,118,64,72,5,98,93,112,73,82" hai3="104,122,120,39,47,41,24,129,116,15,28,35,6"/><U110/><E121/><V65/><F123/><W54/><G129/><T51/><D131/><U77/><E117/><V37/><F37/><W30/><G116/><T18/><D51/><U57/><E130/><V21/><F73/><W10/><G104/><N who="0" m="39979" /><D90/><U1/><E1/><V32/><F32/><W103/><G103/><T2/><D2/><U19/><E110/><V99/><F118/><W92/><G92/><T46/><D46/><N who="1" m="25823" /><E33/><V111/><F111/><W71/><G71/><T87/><D87/><U58/><E77/><V86/><F72/><W74/><G30/><T7/><D7/><U95/><E29/><V119/><F99/><W125/><G125/><AGARI ba="0,0" hai="13,18,23,62,63,89,94,97,124,125,126" m="39979" machi="125" ten="30,1000,0" yaku="18,1" doraHai="79" who="0" fromWho="3" sc="400,10,261,0,187,0,152,-10" /><INIT seed="2,0,0,3,1,96" ten="410,261,187,142" oya="2" hai0="44,101,67,133,108,76,73,61,117,74,24,81,110" hai1="111,23,97,125,132,17,122,15,46,68,107,52,99" hai2="126,100,59,72,112,57,6,94,120,27,78,62,63" hai3="91,39,4,129,8,35,75,105,41,32,80,106,5"/><V82/><F112/><W121/><G121/><T83/><D133/><U26/><E122/><V123/><F126/><W36/><G129/><T71/><D117/><U45/><E68/><V113/><F113/><W48/><G48/><T118/><D118/><U53/><E111/><V49/><F49/><W40/><G91/><T9/><D44/><N who="1" m="17003" /><E107/><V43/><F43/><W33/><G8/><T124/><D124/><U37/><E37/><V103/><F6/><N who="3" m="2667" /><G80/><T84/><D9/><N who="1" m="6383" /><E132/><V21/><F94/><W70/><G70/><T77/><D84/><U98/><E125/><V25/><F82/><W13/><G13/><T18/><D101/><U16/><AGARI ba="0,0" hai="16,23,26,52,53,97,98,99" m="6383,17003" machi="16" ten="30,4000,0" yaku="8,1,54,2" doraHai="96" who="1" fromWho="1" sc="410,-10,261,40,187,-20,142,-10" /><INIT seed="3,0,0,2,5,70" ten="400,301,167,132" oya="3" hai0="120,115,97,132,81,48,77,40,114,19,60,64,51" hai1="84,14,129,35,25,44,96,49,22,58,125,20,62" hai2="73,108,105,83,50,113,2,101,28,94,135,104,1" hai3="76,11,90,12,18,27,0,4,61,121,107,39,100"/><W55/><G121/><T17/><D120/><U123/><E123/><V88/><F113/><N who="0" m="43018" /><D132/><U95/><E125/><V5/><F108/><W110/><G110/><T67/><D97/><U106/><E106/><V111/><F111/><W8/><G90/><T24/><D64/><U124/><E84/><N who="2" m="52487" /><F105/><W116/><G116/><T89/><D89/><U37/><E37/><V56/><F28/><W98/><G76/><T103/><D103/><U78/><E78/><N who="2" m="44495" /><F5/><W130/><G130/><T53/><D40/><U85/><E96/><N who="2" m="61479" /><F135/><W122/><G122/><T46/><D51/><U79/><E49/><V93/><F93/><W32/><G39/><T127/><D127/><U102/><E95/><V69/><F69/><W65/><G55/><AGARI ba="0,0" hai="1,2,50,55,56" m="61479,44495,52487" machi="55" ten="30,2000,0" yaku="24,1,54,1" doraHai="70" who="2" fromWho="3" sc="400,0,301,0,167,20,132,-20" owari="400,50.0,301,10.0,187,-21.0,112,-39.0" /></mjloggm>