<mjloggm ver="2.3"><GO type="185" lobby="0"/><UN n0="%74%61%6B%61%2D%31%31%36" n1="%E6%B8%85%E5%BC%B5" n2="%E9%AC%BC" n3="" dan="16,16,17,0" rate="2153.59,2162.42,2272.09,1500.00" sx="M,M,F,C"/><TAIKYOKU oya="0"/><INIT seed="0,0,0,4,4,108" ten="350,350,350,0" oya="0" hai0="57,33,3,129,88,99,127,134,94,41,103,95,51" hai1="87,130,2,49,40,59,124,85,120,133,109,53,122" hai2="0,45,68,117,77,66,126,119,114,75,74,107,46" hai3=""/><T96/><D33/><U118/><N who="1" m="30752" /><U63/><N who="1" m="31264" /><U82/><E118/><N who="2" m="45067" /><F107/><T54/><D127/><U55/><E124/><V65/><F126/><T44/><D129/><U56/><E130/><V106/><F106/><T91/><D134/><U98/><E133/><V128/><F128/><T38/><REACH who="0" step="1"/><D103/><REACH who="0" ten="340,350,350,0" step="2"/><U36/><E2/><AGARI ba="0,1" hai="2,3,38,41,44,51,54,57,88,91,94,95,96,99" machi="2" ten="40,12000,1" yaku="1,1,2,1,9,1,54,1,53,0" doraHai="108" doraHaiUra="58" who="0" fromWho="1" sc="340,130,350,-120,350,0,0,0" /><INIT seed="0,1,0,0,4,104" ten="470,230,350,0" oya="0" hai0="106,65,32,119,134,112,82,85,56,54,100,105,98" hai1="71,93,107,95,90,101,69,87,50,77,42,37,99" hai2="115,96,111,84,52,117,131,62,86,51,2,116,124" hai3=""/><T94/><D32/><U36/><E71/><V39/><F115/><T109/><D112/><U118/><E118/><V97/><F2/><T89/><D119/><N who="2" m="45642" /><F39/><T1/><D1/><U72/><E69/><V35/><F35/><T49/><D134/><U78/><E78/><V113/><F113/><T110/><REACH who="0" step="1"/><D65/><REACH who="0" ten="460,230,350,0" step="2"/><U45/><REACH who="1" step="1"/><E93/><REACH who="1" ten="460,220,350,0" step="2"/><V108/><F108/><AGARI ba="1,2" hai="49,54,56,82,85,89,94,98,100,105,106,108,109,110" machi="108" ten="40,18000,2" yaku="1,1,2,1,14,1,10,1,53,3" doraHai="104" doraHaiUra="123" who="0" fromWho="2" sc="460,202,220,0,350,-182,0,0" /><INIT seed="0,2,0,0,3,133" ten="662,220,168,0" oya="0" hai0="124,127,0,82,2,118,113,132,65,93,134,117,64" hai1="119,77,37,76,84,50,61,112,95,92,107,80,47" hai2="33,42,35,126,3,55,85,79,130,122,49,106,46" hai3=""/><T114/><REACH who="0" step="1"/><D93/><REACH who="0" ten="652,220,168,0" step="2"/><U52/><E92/><V104/><F35/><T44/><D44/><U98/><E112/><V63/><F33/><T78/><D78/><U40/><E119/><V43/><F79/><T99/><D99/><U101/><E76/><V72/><F46/><T74/><D74/><U48/><REACH who="1" step="1"/><E95/><REACH who="1" ten="652,210,168,0" step="2"/><V105/><F105/><T70/><D70/><U109/><E109/><V102/><F106/><T67/><D67/><U89/><E89/><V71/><F104/><T135/><D135/><U103/><E103/><V60/><F102/><T129/><D129/><U1/><E1/><V110/><F130/><T91/><D91/><U69/><E69/><V115/><F110/><T58/><D58/><AGARI ba="2,2" hai="37,40,47,48,50,52,58,61,77,80,84,98,101,107" machi="58" ten="40,2600,0" yaku="1,1,54,1,53,0" doraHai="133" doraHaiUra="88" who="1" fromWho="0" sc="652,-30,210,50,168,0,0,0" /><INIT seed="1,0,0,1,2,59" ten="622,260,168,0" oya="1" hai0="54,52,38,107,34,96,122,71,116,37,1,115,78" hai1="109,112,132,56,48,66,101,46,62,89,123,75,45" hai2="40,64,120,47,76,61,134,65,135,85,105,124,57" hai3=""/><U84/><N who="1" m="31520" /><U119/><E112/><V106/><N who="2" m="30752" /><V55/><F124/><T81/><N who="0" m="31264" /><T114/><D34/><U99/><E119/><V95/><F76/><T129/><D1/><U126/><E75/><V110/><F110/><T98/><D71/><U60/><E126/><V100/><F85/><T128/><D78/><U50/><E109/><V125/><F95/><T88/><D81/><U2/><E2/><V133/><F125/><T111/><D111/><U3/><E3/><V58/><F100/><T121/><N who="0" m="31008" /><T91/><D107/><N who="2" m="40970" /><F58/><T44/><D44/><U74/><E74/><V51/><AGARI ba="0,0" hai="40,47,51,55,57,61,64,65,133,134,135" m="40970,30752" machi="51" ten="40,3900,0" yaku="20,1,52,2" doraHai="59" who="2" fromWho="2" sc="622,-13,260,-26,168,39,0,0" /><INIT seed="2,0,0,4,5,50" ten="609,234,207,0" oya="2" hai0="49,115,38,84,34,81,86,72,113,87,42,70,117" hai1="107,35,44,130,104,112,51,62,96,97,1,78,54" hai2="69,46,58,90,43,67,92,109,56,74,122,0,131" hai3=""/><V101/><N who="2" m="31264" /><V95/><F0/><T103/><D34/><U127/><E1/><V2/><F2/><T55/><D117/><U80/><E35/><V41/><F74/><T76/><D70/><U123/><N who="1" m="31520" /><U91/><E112/><N who="0" m="43081" /><D103/><U48/><E127/><V3/><F3/><T89/><D42/><U88/><E130/><V102/><F131/><T121/><N who="0" m="31008" /><T33/><D38/><U66/><E51/><V106/><F106/><T32/><D89/><U36/><E36/><V85/><F109/><T52/><D52/><U71/><E97/><V94/><F69/><T75/><D75/><U124/><E124/><V68/><F68/><T129/><D129/><U83/><E83/><V126/><F126/><T82/><D82/><U98/><E98/><V65/><F90/><T125/><D125/><U108/><E108/><V100/><F85/><T53/><D53/><U135/><E107/><V61/><F46/><AGARI ba="0,0" hai="32,33,46,49,55,72,76,81,84,86,87" m="31008,43081" machi="46" ten="30,3900,0" yaku="11,1,52,2" doraHai="50" who="0" fromWho="2" sc="609,39,234,0,207,-39,0,0" /><INIT seed="4,0,0,4,0,62" ten="648,234,168,0" oya="0" hai0="111,97,115,117,66,64,60,116,45,83,69,61,128" hai1="134,54,118,121,86,135,104,50,52,127,51,71,32" hai2="35,39,110,85,43,42,44,75,124,92,2,0,49" hai3=""/><T76/><D115/><U87/><N who="1" m="31008" /><U133/><E32/><V82/><F35/><T96/><D128/><U126/><E118/><V114/><F110/><T106/><D111/><U94/><E71/><V33/><F33/><T78/><D45/><U34/><E34/><V131/><F114/><T91/><D91/><U53/><E104/><V77/><F131/><T119/><D106/><U113/><E113/><V98/><F124/><N who="1" m="47657" /><E94/><V129/><F129/><T109/><D109/><U36/><E36/><V47/><F75/><T101/><D101/><AGARI ba="0,0" hai="0,2,39,42,43,44,47,49,77,82,85,92,98,101" machi="101" ten="30,1000,0" yaku="7,1" doraHai="62" who="2" fromWho="0" sc="648,-10,234,0,168,10,0,0" /><INIT seed="5,0,0,0,5,59" ten="638,234,178,0" oya="1" hai0="56,50,113,83,63,79,67,49,96,109,101,46,38" hai1="34,103,69,60,54,33,80,104,135,75,47,55,42" hai2="77,1,61,124,94,128,44,62,133,72,52,92,97" hai3=""/><U118/><E118/><V85/><F1/><T57/><D109/><U3/><E3/><V112/><F128/><T129/><D129/><U37/><E135/><V95/><F133/><T122/><N who="0" m="31264" /><T90/><D90/><U32/><E55/><V74/><F124/><T40/><D57/><U107/><E54/><V71/><F112/><T111/><D113/><U127/><E127/><V130/><F130/><T125/><D111/><U110/><E110/><V73/><F97/><T82/><D82/><U131/><E131/><V100/><F100/><T86/><D125/><U108/><E108/><V48/><F71/><T123/><D123/><U64/><REACH who="1" step="1"/><E103/><REACH who="1" ten="638,224,178,0" step="2"/><V39/><REACH who="2" step="1"/><F39/><REACH who="2" ten="638,224,168,0" step="2"/><T35/><D35/><U93/><E93/><AGARI ba="0,2" hai="38,40,46,49,50,56,63,67,79,83,86,93,96,101" m="31264" machi="93" ten="30,3900,0" yaku="7,1,52,2" doraHai="59" who="0" fromWho="1" sc="638,59,224,-39,168,0,0,0" /><INIT seed="6,0,0,0,0,37" ten="697,185,168,0" oya="2" hai0="55,111,96,32,127,47,101,69,62,83,75,80,108" hai1="35,98,94,92,122,63,42,124,87,135,102,59,130" hai2="109,93,116,103,71,41,90,82,2,33,133,89,45" hai3=""/><V134/><F116/><T123/><N who="0" m="31520" /><T68/><D32/><U60/><N who="1" m="31264" /><U43/><E35/><V44/><F33/><T73/><D127/><U79/><E124/><V117/><F117/><T126/><D126/><U56/><E135/><N who="2" m="51723" /><F2/><T64/><D69/><U67/><E130/><V36/><F71/><T70/><D68/><U95/><E79/><V34/><F34/><T97/><D97/><U46/><E87/><V120/><N who="2" m="30752" /><V74/><F109/><T65/><D65/><U3/><E3/><V107/><F107/><T115/><D115/><U51/><E42/><V105/><F105/><T110/><D75/><U121/><N who="1" m="31008" /><U40/><E40/><V58/><F58/><T113/><D113/><U66/><AGARI ba="0,0" hai="43,46,51,56,59,60,63,66,67,92,94,95,98,102" m="31008,31264" machi="66" ten="20,9000,2" yaku="0,1,7,1,9,1,8,1,52,3" doraHai="37" who="1" fromWho="1" sc="697,-30,185,90,168,-60,0,0" owari="667,61.0,275,-12.0,108,-49.0,0,0.0" /></mjloggm>