<mjloggm ver="2.3"><GO type="169" lobby="0"/><UN n0="%E8%BD%9F%E9%8B%BC%E9%89%84" n1="%E4%B8%89%E5%86%A0%E7%8E%8B%E3%83%BB%E5%B1%B1%E7%94%B0%E5%93%B2%E4%BA%BA" n2="%E5%B0%8F%E6%89%8B%E8%BF%94%E6%92%B2%E6%BB%85%E4%BC%9A%E9%95%B7" n3="%E3%82%A2%E3%83%AB%E4%B8%AD%40%E3%83%86%E3%83%B3%E3%83%91" dan="16,17,17,17" rate="2210.78,2216.75,2170.64,2216.00" sx="M,M,F,M"/><TAIKYOKU oya="0"/><INIT seed="0,0,0,4,1,13" ten="250,250,250,250" oya="0" hai0="50,82,37,36,58,87,8,79,17,88,46,30,114" hai1="95,3,20,42,60,97,134,53,92,26,113,16,130" hai2="104,2,9,129,68,96,25,64,106,47,27,117,11" hai3="56,69,125,89,77,109,15,22,63,33,29,103,118"/><T133/><D114/><U51/><E113/><V124/><F129/><W128/><G118/><T127/><D133/><U18/><E130/><V116/><F124/><W91/><G128/><T72/><D127/><U94/><E3/><V122/><F122/><W59/><G109/><T73/><D30/><N who="1" m="17735" /><E134/><V131/><F131/><W65/><G125/><T5/><D58/><N who="1" m="34895" /><E97/><V0/><F47/><AGARI ba="0,0" hai="16,18,42,47,51,92,94,95" m="34895,17735" machi="47" ten="30,7700,0" yaku="8,1,52,2,54,1" doraHai="13" who="1" fromWho="2" sc="250,0,250,77,250,-77,250,0" /><INIT seed="1,0,0,3,2,58" ten="250,327,173,250" oya="1" hai0="52,57,126,131,123,68,10,54,104,69,12,89,7" hai1="120,108,111,16,8,100,27,56,72,55,2,13,132" hai2="70,4,74,134,77,50,61,82,83,110,67,118,91" hai3="60,21,97,122,84,86,22,66,14,90,73,121,125"/><U49/><E120/><V79/><F118/><W113/><G113/><T32/><D32/><U124/><E124/><V24/><F134/><W65/><G73/><T62/><D126/><U41/><E132/><V28/><F110/><N who="1" m="42025" /><E72/><V76/><F4/><W31/><G125/><T23/><D123/><U116/><E116/><V1/><F1/><W107/><G66/><T71/><D104/><U29/><E2/><V88/><F50/><W33/><G86/><T98/><D131/><U46/><E100/><V85/><REACH who="2" step="1"/><F79/><REACH who="2" ten="250,327,163,250" step="2"/><W19/><G121/><T20/><D54/><U51/><E51/><V101/><F101/><W99/><G122/><T48/><D48/><U34/><E41/><V18/><F18/><W105/><G19/><T17/><D17/><U80/><E46/><V15/><F15/><W128/><G14/><T95/><AGARI ba="0,1" hai="7,10,12,20,23,52,57,62,68,69,71,89,95,98" machi="95" ten="40,5200,0" yaku="0,1,52,1,54,1" doraHai="58" who="0" fromWho="0" sc="250,62,327,-26,163,-13,250,-13" /><INIT seed="2,0,0,0,3,34" ten="312,301,150,237" oya="2" hai0="60,76,93,134,4,101,85,119,2,108,56,15,58" hai1="16,55,96,48,124,7,91,97,116,62,89,68,78" hai2="130,46,73,0,75,81,70,131,112,114,120,13,64" hai3="95,29,117,90,30,127,79,110,44,98,71,20,115"/><V86/><F70/><W105/><G117/><T109/><D119/><U18/><E116/><V45/><F64/><W132/><G110/><T80/><D134/><U84/><E78/><V35/><F35/><W21/><G132/><T3/><D4/><U102/><E124/><V72/><F13/><W24/><G127/><T82/><D15/><U41/><E7/><V51/><F120/><W40/><G115/><T37/><D37/><U5/><E5/><V1/><F86/><W25/><G71/><T69/><D58/><N who="1" m="35167" /><E68/><V99/><F99/><N who="1" m="37961" /><E102/><V52/><F81/><W33/><G33/><T121/><D101/><U36/><E36/><V50/><F75/><W129/><G129/><T32/><D32/><U54/><E41/><V49/><F49/><W26/><G26/><T107/><D93/><N who="1" m="54439" /><E91/><V28/><F28/><W66/><G66/><T9/><D69/><U125/><E125/><V135/><F135/><W38/><REACH who="3" step="1"/><G79/><REACH who="3" ten="312,301,150,227" step="2"/><T12/><D121/><U67/><E67/><V126/><REACH who="2" step="1"/><F126/><REACH who="2" ten="312,301,140,227" step="2"/><W31/><G31/><T10/><D109/><U128/><E128/><V77/><F77/><W6/><G6/><T94/><D108/><U103/><E103/><V106/><F106/><AGARI ba="0,2" hai="20,21,24,25,29,30,38,40,44,90,95,98,105,106" machi="106" ten="40,2600,0" yaku="1,1,9,1,53,0" doraHai="34" doraHaiUra="118" who="3" fromWho="2" sc="312,0,301,0,140,-26,227,46" /><INIT seed="3,0,0,0,4,32" ten="312,301,114,273" oya="3" hai0="38,63,9,72,112,113,20,67,59,111,86,39,83" hai1="33,43,133,35,7,92,65,91,85,14,62,78,55" hai2="11,54,128,36,18,82,42,53,93,95,10,49,50" hai3="107,124,76,115,22,114,135,60,46,102,74,105,129"/><W71/><G124/><T100/><D111/><U13/><E133/><V104/><F104/><W24/><G129/><T132/><D132/><U98/><E43/><V5/><F36/><W0/><G135/><T73/><D100/><U99/><E55/><V34/><F34/><W88/><G74/><N who="0" m="28779" /><D20/><U19/><E98/><V21/><F42/><W119/><G76/><N who="0" m="46439" /><D9/><N who="2" m="3082" /><F82/><W94/><G119/><T87/><D87/><U110/><E7/><V116/><F128/><W117/><G117/><T45/><D45/><U57/><E35/><V109/><F109/><W108/><G108/><T134/><D134/><U48/><E33/><V12/><F5/><W103/><G46/><T16/><D16/><U58/><E19/><V118/><F118/><W89/><G22/><T28/><D28/><U125/><E110/><V81/><F81/><W41/><G41/><T69/><D69/><U4/><E4/><V30/><F30/><W130/><G71/><T31/><D31/><U52/><E125/><V68/><F68/><W61/><G94/><N who="2" m="35849" /><F116/><W29/><G29/><T47/><D47/><U122/><E78/><V17/><F17/><W15/><G15/><T120/><D38/><U77/><E13/><V75/><F75/><W26/><G130/><T127/><D39/><U1/><E14/><V96/><F96/><W121/><REACH who="3" step="1"/><G0/><REACH who="3" ten="312,301,114,263" step="2"/><T25/><D127/><U131/><E1/><V79/><F79/><W40/><G40/><T90/><D25/><U6/><E131/><V101/><F101/><W64/><G64/><T8/><D67/><U23/><E77/><V97/><F97/><W27/><G27/><RYUUKYOKU ba="0,1" sc="312,-15,301,-15,114,15,263,15" hai2="12,18,21,49,50,53,54" hai3="24,26,60,61,88,89,102,103,105,107,114,115,121" /><INIT seed="3,1,1,2,1,80" ten="297,286,129,278" oya="3" hai0="40,65,131,79,16,29,47,84,112,19,126,106,48" hai1="57,10,38,82,53,91,111,51,107,62,1,33,44" hai2="135,86,6,20,64,71,103,13,96,121,78,89,100" hai3="46,70,130,37,72,58,134,124,41,14,9,125,50"/><W22/><G72/><T67/><D106/><U114/><E33/><V101/><F135/><W118/><G118/><T99/><D131/><U77/><E107/><V108/><F108/><W76/><G76/><T105/><D126/><U56/><E111/><V109/><F109/><W42/><G22/><T30/><D105/><U133/><E133/><V117/><F117/><W28/><G28/><N who="0" m="10859" /><D99/><U104/><E104/><V127/><F96/><W87/><G134/><T15/><D112/><U54/><E114/><V88/><F71/><W95/><G70/><T60/><D60/><U115/><E115/><V128/><F64/><N who="0" m="24650" /><D15/><U98/><E38/><V52/><F128/><W110/><G130/><T45/><D47/><U3/><E44/><V5/><F127/><N who="3" m="48715" /><G58/><T11/><D11/><U31/><E10/><V4/><F121/><W18/><G110/><T94/><D79/><U75/><E31/><V120/><F120/><W129/><G129/><T0/><D0/><U27/><E27/><V119/><F119/><W83/><G37/><T73/><D73/><U32/><E32/><V92/><F78/><N who="3" m="46583" /><G46/><T2/><D2/><U24/><E24/><V93/><F20/><W12/><G12/><T26/><D26/><U132/><E132/><V49/><F13/><W68/><G68/><T8/><D8/><U43/><E1/><V35/><F35/><W81/><G14/><T113/><D113/><U59/><E3/><V23/><F23/><W36/><G36/><T102/><D102/><U116/><E116/><V25/><F25/><W123/><G9/><T55/><D40/><U74/><E74/><RYUUKYOKU ba="1,1" sc="297,30,286,-10,129,-10,278,-10" hai0="16,19,45,48,55,84,94" /><INIT seed="4,2,1,1,3,69" ten="327,276,119,268" oya="0" hai0="38,67,135,73,109,115,91,108,78,90,68,86,5" hai1="18,94,60,99,124,103,127,54,117,120,28,36,41" hai2="80,72,6,102,111,95,87,50,65,26,34,43,42" hai3="121,97,104,4,53,128,46,44,51,118,52,93,59"/><T112/><D5/><U81/><E117/><V14/><F111/><N who="0" m="42570" /><D68/><U29/><E120/><V129/><F129/><W25/><G118/><T75/><D67/><U21/><E81/><V15/><F65/><W79/><G128/><T92/><D38/><U84/><E84/><V24/><F72/><N who="0" m="27722" /><D78/><U62/><E41/><V71/><F34/><W64/><G121/><T20/><D20/><U7/><E36/><V47/><F43/><W105/><G4/><T61/><D61/><U9/><E60/><V122/><F71/><W58/><G64/><T17/><D17/><U0/><E54/><V98/><F122/><W33/><G79/><T74/><N who="0" m="27730" /><T1/><DORA hai="96" /><D1/><U82/><E62/><V114/><F114/><N who="0" m="43562" /><D90/><U88/><E18/><V56/><F15/><W10/><G10/><T63/><D63/><U49/><E21/><V11/><REACH who="2" step="1"/><F56/><REACH who="2" ten="327,276,109,268" step="2"/><W134/><G59/><T31/><D135/><U12/><E12/><V57/><F57/><W125/><G134/><T106/><D31/><U23/><E28/><V55/><F55/><W100/><G58/><T13/><D13/><U130/><E130/><V45/><F45/><W3/><G53/><T132/><D132/><U89/><E29/><V107/><F107/><AGARI ba="2,2" hai="86,91,92,106,107" m="43562,27730,42570" machi="107" ten="50,12000,1" yaku="10,1,15,1,34,2" doraHai="69,96" who="0" fromWho="2" sc="327,146,276,0,109,-126,268,0" owari="473,57.0,276,8.0,-17,-52.0,268,-13.0" /></mjloggm>