<mjloggm ver="2.3"><GO type="185" lobby="0"/><UN n0="%E5%A4%AA%E3%81%8F%E3%81%AA%E3%81%84%E3%81%8A" n1="%41%74%72%69%61" n2="%E6%B5%81%E7%9F%B3%E4%B8%80%E6%97%8F" n3="" dan="17,17,16,0" rate="2231.38,2267.10,2182.66,1500.00" sx="M,F,F,C"/><TAIKYOKU oya="0"/><INIT seed="0,0,0,2,2,96" ten="350,350,350,0" oya="0" hai0="42,131,117,104,58,107,129,121,116,122,87,90,60" hai1="83,45,48,38,114,56,63,49,98,46,2,82,47" hai2="41,110,81,32,123,74,105,66,126,106,37,76,88" hai3=""/><T71/><N who="0" m="31008" /><T80/><N who="0" m="31264" /><T61/><D42/><U1/><E38/><V85/><N who="2" m="31520" /><V120/><N who="2" m="30752" /><V111/><F32/><T53/><D107/><U127/><E127/><V101/><F126/><T39/><D104/><U134/><E134/><V89/><F66/><T44/><D39/><U62/><E98/><V93/><F101/><T115/><D115/><U57/><REACH who="1" step="1"/><E47/><REACH who="1" ten="350,340,350,0" step="2"/><V92/><F37/><T52/><D44/><U50/><E50/><V55/><F41/><T112/><D112/><AGARI ba="0,1" hai="1,2,45,46,48,49,56,57,62,63,82,83,112,114" machi="112" ten="25,3200,0" yaku="1,1,22,2,53,0" doraHai="96" doraHaiUra="69" who="1" fromWho="0" sc="350,-32,340,42,350,0,0,0" /><INIT seed="1,0,0,5,4,49" ten="318,382,350,0" oya="1" hai0="34,98,51,121,57,117,108,78,97,1,104,69,68" hai1="53,116,83,126,110,128,134,79,112,60,44,82,59" hai2="33,120,114,41,38,133,45,135,124,62,2,129,89" hai3=""/><U118/><E112/><V127/><N who="2" m="30752" /><V72/><F2/><T111/><N who="0" m="31008" /><T46/><D1/><U90/><E134/><N who="2" m="51211" /><F33/><T95/><D34/><U52/><E126/><N who="2" m="48171" /><F72/><T47/><D78/><U91/><E128/><V106/><F106/><T48/><D104/><U109/><E44/><V54/><F89/><T50/><D57/><U55/><E79/><V113/><F114/><T67/><D117/><U100/><E100/><V80/><F80/><N who="1" m="30761" /><E118/><V73/><F73/><T96/><D95/><U64/><E116/><V99/><F113/><T76/><D76/><U77/><E77/><V74/><F74/><T70/><REACH who="0" step="1"/><D67/><REACH who="0" ten="308,382,350,0" step="2"/><U119/><E119/><V81/><F81/><T88/><D88/><U125/><E125/><V84/><F45/><AGARI ba="0,1" hai="45,46,47,48,50,51,68,69,70,96,97,98,108,111" m="31008" machi="45" ten="50,12000,2" yaku="1,1,29,2,28,2,52,1,53,0" doraHai="49" doraHaiUra="39" who="0" fromWho="2" sc="308,130,382,0,350,-120,0,0" /><INIT seed="2,0,0,5,1,72" ten="438,382,230,0" oya="2" hai0="107,90,88,64,102,79,89,87,35,73,125,48,32" hai1="53,58,62,52,39,122,98,40,116,129,56,109,33" hai2="133,106,119,123,85,75,118,132,93,81,117,49,86" hai3=""/><V80/><N who="2" m="31520" /><V41/><F106/><T127/><D73/><U76/><N who="1" m="31264" /><U134/><E33/><V55/><F41/><T42/><D64/><U131/><E109/><V121/><N who="2" m="31008" /><V59/><F75/><T46/><D102/><U34/><E34/><V3/><F93/><T1/><D107/><U77/><E134/><N who="2" m="51819" /><F3/><T0/><D35/><U108/><E108/><V95/><F95/><T110/><D32/><U71/><E116/><N who="2" m="29699" /><V74/><DORA hai="63" /><F74/><T105/><D105/><U124/><E124/><N who="0" m="47689" /><D110/><U92/><E40/><V83/><AGARI ba="0,0" hai="49,55,59,80,81,83,85,86" m="29699,51819,31008,31520" machi="83" ten="50,6400,0" yaku="20,1,52,2" doraHai="72,63" who="2" fromWho="2" sc="438,-32,382,-32,230,64,0,0" /><INIT seed="2,1,0,0,2,57" ten="406,350,294,0" oya="2" hai0="40,65,99,35,44,114,119,63,48,117,77,66,46" hai1="67,102,95,74,56,130,126,91,88,52,64,92,127" hai2="82,0,123,94,83,113,39,58,135,90,120,59,49" hai3=""/><V78/><N who="2" m="30752" /><V129/><N who="2" m="31520" /><V62/><F39/><T104/><D35/><U108/><E74/><V60/><F0/><T105/><D114/><U42/><E42/><V81/><F113/><T125/><D125/><N who="1" m="47627" /><E108/><V47/><F129/><T84/><D66/><N who="1" m="25131" /><E130/><V36/><F36/><T115/><D115/><U109/><E109/><V41/><F78/><T110/><D110/><U3/><E3/><V80/><N who="2" m="20480" /><DORA hai="96" /><V76/><F76/><T34/><D34/><U54/><E102/><V112/><F135/><T86/><D77/><U97/><E56/><N who="2" m="21547" /><F112/><T33/><D33/><U53/><E53/><V131/><F131/><T101/><D40/><U37/><E37/><V73/><F73/><T79/><D79/><U98/><AGARI ba="1,0" hai="52,54,88,91,92,95,97,98" m="25131,47627" machi="98" ten="30,3000,0" yaku="18,1,54,2" doraHai="57,96" who="1" fromWho="1" sc="406,-11,350,32,294,-21,0,0" /><INIT seed="4,0,0,0,0,44" ten="395,382,273,0" oya="0" hai0="131,68,123,76,135,77,56,124,113,0,80,72,128" hai1="2,125,118,91,111,65,49,88,93,53,46,64,87" hai2="92,67,119,98,106,96,134,109,83,74,108,57,127" hai3=""/><T33/><RYUUKYOKU type="yao9" ba="0,0" sc="395,0,382,0,273,0,0,0" hai0="0,33,56,68,72,76,77,80,113,123,124,128,131,135" /><INIT seed="4,1,0,5,5,120" ten="395,382,273,0" oya="0" hai0="104,118,32,73,49,129,93,52,78,67,96,123,80" hai1="56,63,42,115,53,44,112,68,89,135,71,111,34" hai2="95,64,117,75,66,82,122,59,40,132,38,3,121" hai3=""/><T77/><N who="0" m="31520" /><T86/><D118/><U98/><E34/><V37/><N who="2" m="31008" /><V100/><N who="2" m="31264" /><V116/><F3/><T105/><D32/><U94/><E135/><V54/><F132/><T2/><D2/><U127/><E127/><V48/><F75/><T46/><D129/><U50/><REACH who="1" step="1"/><E111/><REACH who="1" ten="395,372,273,0" step="2"/><V87/><F116/><T101/><REACH who="0" step="1"/><D67/><REACH who="0" ten="385,372,273,0" step="2"/><U85/><E85/><V47/><F117/><T125/><D125/><U88/><E88/><V113/><F66/><T45/><D45/><U57/><E57/><V90/><F64/><T128/><D128/><U43/><E43/><V103/><F90/><T99/><D99/><U108/><E108/><V69/><F59/><T134/><D134/><U102/><E102/><V41/><F100/><T0/><D0/><U58/><E58/><V61/><F103/><T124/><D124/><U79/><E79/><V74/><F47/><T130/><D130/><U70/><AGARI ba="1,2" hai="42,44,50,53,56,63,68,70,71,89,94,98,112,115" machi="70" ten="40,2000,0" yaku="1,1,0,1,53,0" doraHai="120" doraHaiUra="97" who="1" fromWho="1" sc="385,-14,372,42,273,-8,0,0" /><INIT seed="5,0,0,5,2,118" ten="371,414,265,0" oya="1" hai0="133,32,54,48,93,114,134,70,107,130,129,0,117" hai1="111,53,1,100,2,105,128,57,46,65,86,82,78" hai2="44,69,89,87,79,60,51,88,121,99,33,3,83" hai3=""/><U131/><E111/><V124/><N who="2" m="31008" /><V122/><N who="2" m="31264" /><V41/><F33/><T109/><D32/><U84/><E65/><V73/><F3/><T75/><D0/><U50/><E86/><V115/><F124/><T68/><D107/><U120/><N who="1" m="30752" /><U56/><E1/><V101/><F115/><T42/><D75/><U81/><E2/><V135/><F135/><N who="0" m="51722" /><D109/><U116/><E116/><V38/><F38/><T126/><D117/><U127/><E127/><V80/><F89/><T102/><D42/><U58/><REACH who="1" step="1"/><E82/><REACH who="1" ten="371,404,265,0" step="2"/><V40/><F40/><T98/><D126/><U71/><E71/><N who="0" m="27177" /><D114/><U74/><E74/><V85/><F69/><T49/><D54/><U92/><E92/><V67/><F67/><T104/><D93/><U103/><E103/><V45/><F73/><T64/><D64/><U96/><AGARI ba="0,1" hai="46,50,53,56,57,58,78,81,84,96,100,105,128,131" m="30752" machi="96" ten="30,8000,1" yaku="1,1,0,1,52,2,53,1" doraHai="118" doraHaiUra="95" who="1" fromWho="1" sc="371,-40,404,90,265,-40,0,0" /><INIT seed="5,1,0,1,4,63" ten="331,494,225,0" oya="1" hai0="134,120,128,50,36,99,32,95,115,116,82,45,129" hai1="117,100,107,123,48,126,70,65,130,85,64,121,111" hai2="71,114,47,92,39,118,35,2,67,83,106,33,105" hai3=""/><U41/><N who="1" m="31008" /><U61/><N who="1" m="31520" /><U1/><E117/><V68/><F92/><T132/><N who="0" m="30752" /><T44/><D32/><N who="2" m="12362" /><F83/><T62/><D115/><U91/><E1/><V94/><F94/><T97/><D116/><U84/><E126/><V38/><F118/><T60/><D36/><N who="2" m="13866" /><F47/><T96/><D95/><U104/><E130/><N who="0" m="50281" /><D82/><U54/><E111/><V110/><F110/><T86/><D86/><U51/><E100/><V53/><F53/><T81/><D81/><U55/><E41/><V87/><F87/><T124/><D44/><U69/><E61/><N who="0" m="23657" /><D124/><U122/><N who="1" m="31264" /><U76/><E76/><V58/><F114/><T49/><D45/><U108/><E108/><V52/><F2/><T56/><D56/><U135/><REACH who="1" step="1"/><E91/><REACH who="1" ten="331,484,225,0" step="2"/><V103/><F103/><T72/><D72/><U43/><E43/><V113/><F113/><T80/><D49/><U40/><E40/><V34/><F34/><T102/><D50/><U77/><E77/><V125/><F125/><T119/><D119/><U88/><E88/><V90/><F90/><T46/><D102/><U37/><E37/><V98/><F71/><T73/><D73/><U131/><E131/><V109/><F68/><T66/><D134/><AGARI ba="1,1" hai="48,51,54,55,64,65,69,70,84,85,104,107,134,135" m="31264,31520,31008" machi="134" ten="25,24000,3" yaku="1,1,22,2,52,5,53,0" doraHai="63" doraHaiUra="112" who="1" fromWho="0" sc="331,-242,484,252,225,0,0,0" /><INIT seed="5,2,0,1,1,70" ten="89,736,225,0" oya="1" hai0="94,75,56,109,33,90,100,92,61,108,110,124,117" hai1="76,129,2,69,66,40,102,120,105,58,62,118,93" hai2="81,48,46,39,106,104,71,128,42,98,96,77,121" hai3=""/><U116/><N who="1" m="30752" /><U73/><E2/><V84/><N who="2" m="31008" /><V57/><F71/><T87/><D33/><U82/><E129/><V83/><F128/><T65/><D75/><U51/><E93/><V86/><F98/><T111/><N who="0" m="27648" /><DORA hai="95" /><T80/><D124/><U130/><E130/><V0/><F96/><T132/><D132/><U38/><E105/><V41/><F0/><T59/><D117/><U134/><E102/><V97/><F97/><T63/><REACH who="0" step="1"/><D100/><REACH who="0" ten="79,736,225,0" step="2"/><U114/><E134/><V60/><F42/><T32/><D32/><U54/><E114/><V45/><F45/><AGARI ba="2,1" hai="38,40,45,51,54,58,62,66,69,73,76,82,116,118" m="30752" machi="45" ten="40,12000,1" yaku="24,2,52,2" doraHai="70,95" who="1" fromWho="2" sc="79,0,736,134,225,-124,0,0" /><INIT seed="5,3,0,2,2,67" ten="79,870,101,0" oya="1" hai0="98,102,66,74,95,96,40,60,88,35,47,78,42" hai1="70,75,68,44,93,59,105,76,87,32,45,128,77" hai2="52,127,41,122,86,80,134,81,111,39,100,89,58" hai3=""/><U54/><E105/><V133/><N who="2" m="31264" /><V34/><F34/><T64/><D35/><U92/><E32/><V69/><F111/><T36/><D40/><U129/><E59/><V109/><F109/><T85/><D74/><U132/><E75/><V124/><F100/><T65/><D78/><U33/><E33/><V106/><F106/><T135/><D135/><N who="2" m="51722" /><F69/><T99/><REACH who="0" step="1"/><D60/><REACH who="0" ten="69,870,101,0" step="2"/><U118/><E132/><V115/><F41/><T63/><D63/><U71/><E77/><V51/><F39/><T37/><D37/><U49/><E118/><V83/><F115/><T94/><AGARI ba="3,1" hai="36,42,47,64,65,66,85,88,94,95,96,98,99,102" machi="94" ten="30,6000,1" yaku="1,1,0,1,54,1,53,2" doraHai="67" doraHaiUra="90" who="0" fromWho="0" sc="69,76,870,-43,101,-23,0,0" /><INIT seed="6,0,0,2,1,117" ten="145,827,78,0" oya="2" hai0="73,113,71,97,108,80,87,86,115,105,76,60,72" hai1="58,93,111,46,64,128,104,101,33,49,55,32,130" hai2="75,79,114,61,77,99,96,118,37,91,35,98,131" hai3=""/><V34/><F118/><T36/><D36/><U84/><E104/><V94/><F37/><T54/><D108/><U3/><E111/><V65/><F114/><N who="0" m="43530" /><D87/><U103/><E3/><V121/><N who="2" m="31008" /><V95/><F131/><N who="1" m="50217" /><E84/><V39/><F39/><T112/><D112/><U134/><E134/><V63/><F98/><T0/><D0/><U38/><E93/><V106/><F106/><T62/><D71/><U107/><E107/><V53/><F53/><T123/><N who="0" m="31520" /><T44/><D105/><U68/><E68/><V110/><F110/><T100/><D100/><N who="1" m="38475" /><E64/><V2/><F2/><T43/><D43/><AGARI ba="0,0" hai="32,33,38,43,46,49,55,58" m="38475,50217" machi="43" ten="30,1000,0" yaku="19,1" doraHai="117" who="1" fromWho="0" sc="145,-10,827,10,78,0,0,0" owari="135,-26.0,837,78.0,78,-52.0,0,0.0" /></mjloggm>