<mjloggm ver="2.3"><GO type="185" lobby="0"/><UN n0="%E6%B0%B7%E3%81%AE%4B" n1="%E3%81%BF%E3%83%BC%E3%82%8F" n2="%E3%82%B3%E3%82%B3%E3%82%A2%E3%81%AF%E4%BF%BA%E3%81%AE%E5%AB%81" n3="" dan="16,17,17,0" rate="2098.67,2261.11,2226.73,1500.00" sx="M,M,F,C"/><TAIKYOKU oya="0"/><INIT seed="0,0,0,5,2,107" ten="350,350,350,0" oya="0" hai0="127,82,119,130,78,59,134,65,90,120,123,53,48" hai1="88,103,117,41,94,121,69,75,37,67,133,52,97" hai2="50,84,1,32,93,115,108,0,125,76,81,132,131" hai3=""/><T34/><N who="0" m="30752" /><T112/><N who="0" m="31520" /><T56/><D112/><U54/><N who="1" m="31008" /><U87/><E117/><V42/><F115/><T118/><D34/><U95/><E133/><V36/><F32/><T74/><D134/><U68/><E75/><V109/><F132/><T66/><D130/><U113/><E113/><V46/><F131/><T101/><D127/><U83/><E83/><V110/><F125/><T89/><D101/><U126/><E126/><V35/><F35/><T43/><D43/><U44/><REACH who="1" step="1"/><E67/><REACH who="1" ten="350,340,350,0" step="2"/><V91/><REACH who="2" step="1"/><F36/><REACH who="2" ten="350,340,340,0" step="2"/><T122/><N who="0" m="31264" /><T63/><REACH who="0" step="1"/><D66/><REACH who="0" ten="340,340,340,0" step="2"/><U92/><E92/><V111/><N who="2" m="27648" /><DORA hai="58" /><V100/><F100/><T96/><D96/><AGARI ba="0,3" hai="0,1,42,46,50,76,81,84,91,93,96" m="27648" machi="96" ten="70,8000,1" yaku="1,1,14,1,53,1" doraHai="107,58" doraHaiUra="77,116" who="2" fromWho="0" sc="340,-80,340,0,340,110,0,0" /><INIT seed="1,0,0,0,1,119" ten="260,340,450,0" oya="1" hai0="64,103,53,125,44,131,78,106,57,122,82,123,130" hai1="132,33,76,101,73,127,105,135,67,92,97,117,102" hai2="60,39,83,0,79,42,93,134,43,129,71,54,107" hai3=""/><U65/><E117/><V124/><F107/><T52/><N who="0" m="31264" /><T1/><N who="0" m="31520" /><T63/><D1/><U62/><E33/><V34/><F34/><T110/><D110/><U98/><E127/><V86/><F0/><T113/><D113/><U133/><REACH who="1" step="1"/><E62/><REACH who="1" ten="260,330,450,0" step="2"/><V37/><F124/><T56/><D125/><U45/><E45/><V38/><F60/><T88/><D44/><U77/><E77/><V69/><F129/><N who="0" m="49162" /><D78/><U96/><E96/><V40/><F134/><T118/><D118/><U104/><E104/><V81/><F79/><T48/><D106/><U61/><E61/><V89/><F37/><T126/><D126/><U116/><E116/><V90/><F38/><T112/><D112/><U58/><E58/><V109/><F39/><T46/><D103/><U55/><E55/><V75/><F42/><T121/><N who="0" m="31008" /><T128/><D128/><U2/><E2/><V91/><F40/><T70/><D53/><U111/><E111/><V120/><F109/><T114/><D114/><U84/><E84/><AGARI ba="0,1" hai="46,48,52,56,57,63,64,70,82,84,88" m="31008,49162,31520,31264" machi="84" ten="30,16000,3" yaku="19,1,52,6,54,2" doraHai="119" who="0" fromWho="1" sc="260,170,330,-160,450,0,0,0" /><INIT seed="2,0,0,3,1,33" ten="430,170,450,0" oya="2" hai0="61,75,128,134,76,115,99,40,67,45,131,89,62" hai1="54,39,68,32,90,113,100,95,132,57,79,35,126" hai2="51,2,0,129,123,34,53,74,107,91,104,87,94" hai3=""/><V112/><N who="2" m="31520" /><V60/><F34/><T98/><D115/><U88/><E113/><V83/><F112/><T96/><D134/><U85/><E132/><V64/><F129/><N who="0" m="49738" /><D89/><U63/><E126/><V43/><F43/><T92/><D92/><U103/><E39/><V135/><F135/><T105/><D105/><U86/><E79/><V69/><F107/><T82/><D67/><U77/><E77/><V122/><N who="2" m="31264" /><V50/><F104/><T110/><D110/><U70/><E32/><V109/><F109/><T36/><AGARI ba="0,0" hai="36,40,45,61,62,75,76,82,96,98,99" m="49738" machi="36" ten="30,800,0" yaku="19,1" doraHai="33" who="0" fromWho="0" sc="430,8,170,-3,450,-5,0,0" /><INIT seed="4,0,0,2,5,65" ten="438,167,445,0" oya="0" hai0="44,109,55,97,3,85,132,52,122,116,77,41,82" hai1="70,42,73,33,121,105,38,0,80,133,95,34,112" hai2="51,61,100,120,32,103,110,115,101,69,88,104,117" hai3=""/><T79/><D3/><U83/><RYUUKYOKU type="yao9" ba="0,0" sc="438,0,167,0,445,0,0,0" hai1="0,33,34,38,42,70,73,80,83,95,105,112,121,133" /><INIT seed="4,1,0,1,0,122" ten="438,167,445,0" oya="0" hai0="92,88,66,90,73,106,113,33,63,74,69,52,129" hai1="79,117,61,39,116,85,115,102,109,95,44,97,70" hai2="81,94,78,46,38,98,89,103,65,32,110,0,133" hai3=""/><T131/><D33/><U62/><E39/><V84/><F32/><T54/><D106/><U34/><E34/><V35/><F35/><T124/><D113/><U3/><E3/><V37/><F0/><T59/><D124/><U77/><E44/><V2/><F2/><T126/><D126/><U132/><E61/><V57/><F133/><T93/><D69/><U50/><E50/><V114/><F114/><T128/><D66/><U135/><E62/><V99/><F110/><T75/><D54/><U105/><E70/><V45/><F37/><T58/><D59/><U64/><E64/><V120/><N who="2" m="30752" /><V51/><F38/><T104/><D104/><U108/><E115/><V47/><F65/><T72/><N who="0" m="18432" /><DORA hai="101" /><T53/><D53/><U96/><E116/><V118/><F118/><T42/><D42/><U83/><E77/><V60/><F60/><T87/><D90/><U91/><E117/><V56/><REACH who="2" step="1"/><F51/><REACH who="2" ten="438,167,435,0" step="2"/><T68/><REACH who="0" step="1"/><D68/><REACH who="0" ten="428,167,435,0" step="2"/><U40/><REACH who="1" step="1"/><E40/><REACH who="1" ten="428,157,435,0" step="2"/><V49/><F49/><T55/><D55/><U43/><E43/><V80/><F80/><AGARI ba="1,3" hai="52,58,63,80,87,88,92,93,128,129,131" m="18432" machi="80" ten="70,12000,1" yaku="1,1,19,1,54,2,53,1" doraHai="122,101" doraHaiUra="111,86" who="0" fromWho="2" sc="428,152,157,0,435,-122,0,0" /><INIT seed="4,2,0,3,0,128" ten="580,157,313,0" oya="0" hai0="106,60,70,38,108,33,56,73,127,93,130,132,104" hai1="64,135,77,107,121,76,66,37,114,62,63,65,72" hai2="111,126,59,118,57,79,97,95,75,102,42,74,86" hai3=""/><T134/><RYUUKYOKU type="yao9" ba="2,0" sc="580,0,157,0,313,0,0,0" hai0="33,38,56,60,70,73,93,104,106,108,127,130,132,134" /><INIT seed="4,3,0,5,3,56" ten="580,157,313,0" oya="0" hai0="112,60,85,123,39,83,77,109,72,36,46,68,54" hai1="116,49,63,124,42,61,115,47,48,3,58,66,45" hai2="89,93,125,35,107,40,114,73,126,101,94,119,128" hai3=""/><T104/><N who="0" m="31520" /><T118/><D118/><U67/><E3/><V122/><N who="2" m="31264" /><V129/><F35/><T76/><D112/><U103/><E103/><V99/><F40/><T38/><D109/><U1/><E1/><V37/><F37/><T70/><D104/><U80/><E80/><V64/><F64/><N who="1" m="24617" /><E115/><V2/><F2/><T130/><D130/><N who="2" m="50282" /><F114/><T75/><D77/><U87/><E124/><N who="2" m="47723" /><F119/><T133/><D38/><U84/><E116/><V111/><F111/><T69/><D36/><U110/><E110/><V100/><F73/><T59/><D39/><U51/><E87/><V120/><N who="2" m="30752" /><V32/><F32/><T97/><D75/><U86/><E84/><V98/><F89/><T132/><D72/><U108/><E86/><V52/><F52/><T135/><D46/><N who="1" m="17419" /><E108/><V127/><N who="2" m="47731" /><V53/><DORA hai="79" /><F53/><T41/><D41/><U91/><E91/><V71/><F71/><T105/><D70/><U78/><E78/><V131/><N who="2" m="50290" /><V88/><DORA hai="92" /><F101/><AGARI ba="3,0" hai="54,59,60,68,69,76,83,85,97,101,105,132,133,135" m="31520" machi="101" ten="40,12000,1" yaku="20,1,52,4" doraHai="56,79,92" who="0" fromWho="2" sc="580,126,157,0,313,-126,0,0" /><INIT seed="4,4,0,0,4,98" ten="706,157,187,0" oya="0" hai0="120,69,47,38,104,49,107,117,81,125,46,121,42" hai1="62,79,45,129,115,126,63,106,132,41,37,89,93" hai2="105,97,103,77,101,96,70,114,82,85,68,130,134" hai3=""/><T40/><N who="0" m="30752" /><T100/><N who="0" m="31008" /><T43/><D117/><U112/><E129/><V66/><F114/><N who="1" m="43561" /><E132/><V51/><F134/><T0/><D0/><U91/><E126/><V52/><F130/><T131/><D131/><U108/><E108/><V74/><F66/><T65/><D125/><U123/><N who="1" m="31520" /><U78/><E106/><V64/><F64/><T55/><D81/><U61/><E91/><V102/><F74/><T119/><D119/><U67/><E67/><V1/><F1/><T36/><D100/><U3/><E3/><V99/><REACH who="2" step="1"/><F105/><REACH who="2" ten="706,157,177,0" step="2"/><T76/><D107/><U34/><E34/><V109/><F109/><T92/><D104/><U128/><E128/><V111/><F111/><T57/><D76/><U54/><E54/><V113/><F113/><T95/><REACH who="0" step="1"/><D43/><REACH who="0" ten="696,157,177,0" step="2"/><U39/><E79/><V53/><F53/><T2/><D2/><U83/><E78/><V88/><F88/><T86/><D86/><U33/><E89/><V59/><AGARI ba="4,2" hai="51,52,59,68,70,77,82,85,96,97,99,101,102,103" machi="59" ten="30,9000,2" yaku="1,1,0,1,52,3,54,1,53,0" doraHai="98" doraHaiUra="35" who="2" fromWho="2" sc="696,-64,157,-34,177,118,0,0" /><INIT seed="5,0,0,0,3,67" ten="632,123,295,0" oya="1" hai0="63,80,103,102,108,64,90,84,65,104,36,76,98" hai1="69,86,89,92,94,49,39,132,45,34,125,111,106" hai2="72,53,118,73,130,57,85,112,0,46,55,97,1" hai3=""/><U122/><N who="1" m="31264" /><U71/><E34/><V119/><F130/><T105/><D108/><U101/><E111/><V81/><F112/><T78/><D36/><U113/><E113/><V66/><F97/><T47/><D47/><U91/><E132/><V116/><F46/><T110/><D110/><U40/><E125/><V96/><F96/><T51/><D51/><U87/><E106/><V128/><F128/><T131/><D131/><U50/><E101/><V83/><F66/><T109/><D109/><U52/><E50/><V60/><F53/><T133/><D133/><U38/><E39/><V82/><REACH who="2" step="1"/><F85/><REACH who="2" ten="632,123,285,0" step="2"/><T107/><D65/><U3/><E3/><AGARI ba="0,1" hai="0,1,3,55,57,60,72,73,81,82,83,116,118,119" machi="3" ten="50,6400,0" yaku="1,1,2,1,53,1" doraHai="67" doraHaiUra="59" who="2" fromWho="1" sc="632,0,123,-64,285,74,0,0" /><INIT seed="6,0,0,2,3,97" ten="632,59,359,0" oya="2" hai0="93,57,134,121,55,51,3,101,122,79,87,128,85" hai1="80,75,94,110,82,47,33,72,120,100,113,125,127" hai2="63,99,2,83,115,109,116,70,123,46,105,67,53" hai3=""/><V60/><N who="2" m="31520" /><V117/><F2/><T68/><N who="0" m="31008" /><T61/><N who="0" m="31264" /><T118/><D3/><U43/><N who="1" m="30752" /><U36/><E47/><V114/><F83/><T40/><D118/><N who="2" m="45674" /><F105/><T44/><D134/><U62/><E43/><V96/><F96/><T35/><D128/><U71/><E62/><V45/><F99/><T124/><D35/><U48/><E71/><V58/><F109/><T56/><D124/><U119/><E48/><V107/><F107/><T73/><D68/><U42/><E36/><V74/><F74/><T86/><D101/><U132/><E42/><V76/><F76/><T66/><D73/><U112/><E33/><V133/><F133/><T92/><D79/><U65/><E119/><V106/><F106/><T90/><D93/><U104/><E132/><V52/><F53/><T91/><D90/><U135/><E110/><V32/><F32/><T81/><D81/><U108/><E108/><V54/><F54/><T130/><D91/><U50/><E135/><V98/><F98/><T78/><D92/><U34/><E104/><V95/><F95/><T37/><D78/><U131/><E34/><V88/><F88/><T84/><N who="0" m="21504" /><DORA hai="69" /><T126/><D55/><U38/><E80/><V64/><F52/><RYUUKYOKU ba="0,0" sc="632,-10,59,-10,359,20,0,0" hai2="45,46,58,60,63,64,67,70,114,115" /><INIT seed="6,1,0,2,4,73" ten="622,49,379,0" oya="2" hai0="88,106,70,111,35,83,75,80,87,122,38,113,72" hai1="92,93,61,127,100,1,96,67,97,33,115,123,57" hai2="62,65,102,134,117,133,60,46,82,34,112,44,135" hai3=""/><V54/><F34/><T95/><N who="0" m="31264" /><T78/><D35/><U43/><N who="1" m="31520" /><U86/><E1/><V71/><F117/><T2/><D2/><U98/><E33/><V91/><F102/><T131/><D38/><U49/><E67/><V81/><F112/><T110/><D113/><U40/><E61/><V64/><F91/><T101/><D70/><U79/><E57/><V85/><F54/><T108/><D131/><U36/><E49/><V109/><F109/><T90/><D72/><U50/><E50/><V84/><F134/><T128/><D128/><U130/><E36/><V125/><F125/><T39/><D39/><U126/><E40/><V41/><F41/><T116/><D116/><U107/><E43/><V45/><F45/><T56/><D56/><U69/><E69/><V105/><F105/><T59/><D59/><U89/><E115/><V52/><F52/><T55/><D55/><U118/><E130/><V129/><F129/><T63/><D63/><U32/><E118/><V104/><F104/><T77/><D106/><U3/><E32/><V119/><F119/><T74/><D90/><U94/><E3/><V48/><F48/><T37/><D37/><U124/><E79/><V42/><F42/><T66/><D111/><RYUUKYOKU ba="1,0" sc="622,-20,49,10,379,10,0,0" hai1="86,89,92,93,94,96,97,98,100,107,124,126,127" hai2="44,46,60,62,64,65,71,81,82,84,85,133,135" /><INIT seed="6,2,0,5,0,33" ten="602,59,389,0" oya="2" hai0="57,89,56,114,34,64,112,76,131,38,59,107,115" hai1="121,52,90,86,125,93,54,70,43,95,69,122,135" hai2="1,132,44,39,63,104,124,55,87,98,91,48,60" hai3=""/><V45/><F124/><T74/><D34/><U73/><N who="1" m="31008" /><U47/><N who="1" m="31264" /><U78/><E78/><V127/><F127/><T100/><D131/><U83/><E83/><V65/><F132/><T105/><D38/><U109/><E95/><V41/><F1/><T123/><N who="0" m="31520" /><T35/><D35/><U88/><E93/><V42/><F98/><T81/><D89/><U58/><E86/><V96/><F96/><T72/><D72/><U120/><N who="1" m="30752" /><U99/><E99/><V134/><F134/><T50/><D64/><U36/><E73/><V101/><F101/><T37/><D37/><U133/><E125/><V129/><F129/><T3/><D3/><U126/><E126/><V113/><F113/><T61/><D61/><U53/><E90/><V97/><F65/><T40/><D100/><U46/><E88/><V117/><F117/><T51/><D40/><U106/><E106/><AGARI ba="2,0" hai="50,51,56,57,59,74,76,81,105,106,107,112,114,115" m="31520" machi="106" ten="50,6400,0" yaku="15,1,11,1,52,1" doraHai="33" who="0" fromWho="1" sc="602,68,59,-68,389,0,0,0" owari="670,62.0,-9,-61.0,389,-1.0,0,0.0" /></mjloggm>