<mjloggm ver="2.3"><GO type="225" lobby="0"/><UN n0="%E5%B1%B1%E8%B6%8A" n1="%E4%B9%9D%E4%B8%88%E8%8A%B1%E9%9F%B3" n2="%E3%82%A4%E3%83%8A%E3%82%BA%E3%83%9E%E8%91%AC%E5%84%80" n3="%E3%81%82%E3%81%9A%E3%81%8D%E3%81%82%E3%81%9A%E3%81%95" dan="18,16,17,16" rate="2205.33,2174.04,2244.13,2099.41" sx="M,F,F,M"/><TAIKYOKU oya="0"/><INIT seed="0,0,0,4,1,56" ten="250,250,250,250" oya="0" hai0="94,111,109,108,93,5,42,116,36,34,61,105,127" hai1="125,19,26,73,49,90,86,103,74,53,60,92,135" hai2="63,129,29,77,85,123,66,24,33,20,27,32,75" hai3="119,16,133,57,102,98,48,1,11,67,45,13,80"/><T52/><D105/><U65/><E135/><V28/><F123/><W43/><G119/><T0/><D116/><U99/><E125/><V58/><F129/><W7/><G133/><T40/><D34/><U117/><E117/><V113/><F113/><W2/><G80/><T35/><D35/><U12/><E26/><V114/><F114/><W91/><G91/><T121/><D127/><U101/><E101/><V78/><F75/><W124/><G124/><T46/><D42/><U132/><E132/><V8/><F20/><W134/><G134/><T23/><D121/><U22/><E53/><V71/><F85/><W68/><G68/><T6/><D23/><U18/><E49/><V37/><F37/><W64/><G57/><N who="0" m="34983" /><D0/><U70/><REACH who="1" step="1"/><E19/><REACH who="1" ten="250,240,250,250" step="2"/><V100/><F100/><W21/><REACH who="3" step="1"/><G2/><REACH who="3" ten="250,240,250,240" step="2"/><T55/><D55/><U120/><E120/><V69/><REACH who="2" step="1"/><F8/><REACH who="2" ten="250,240,240,240" step="2"/><W118/><G118/><T88/><D94/><AGARI ba="0,3" hai="12,18,22,60,65,70,73,74,86,90,92,94,99,103" machi="94" ten="30,7700,0" yaku="1,1,7,1,52,1,53,1" doraHai="56" doraHaiUra="97" who="1" fromWho="0" sc="250,-77,240,107,240,0,240,0" /><AGARI ba="0,0" hai="1,7,11,13,16,21,43,45,48,64,67,94,98,102" machi="94" ten="30,7700,0" yaku="1,1,7,1,54,1,53,1" doraHai="56" doraHaiUra="97" who="3" fromWho="0" sc="173,-77,347,0,240,0,240,77" /><INIT seed="1,0,0,2,0,79" ten="96,347,240,317" oya="1" hai0="4,99,40,48,45,52,115,92,57,94,90,68,126" hai1="112,89,17,91,55,59,93,50,15,54,26,108,46" hai2="95,19,42,106,105,35,80,128,43,125,74,71,110" hai3="135,24,28,33,85,38,16,70,49,103,100,31,76"/><U98/><E112/><V73/><F110/><W37/><G70/><T114/><D126/><U7/><E108/><V13/><F125/><W66/><G66/><T131/><D131/><U47/><E7/><V97/><F128/><W14/><G31/><T30/><D68/><U87/><E26/><V39/><F35/><W102/><G135/><T65/><D65/><U122/><E55/><V123/><F123/><W64/><G64/><T109/><D109/><U75/><E75/><V81/><F71/><W44/><G85/><T62/><D30/><U134/><E134/><V84/><F39/><W23/><REACH who="3" step="1"/><G76/><REACH who="3" ten="96,347,240,307" step="2"/><T63/><D115/><U8/><REACH who="1" step="1"/><E122/><REACH who="1" ten="96,337,240,307" step="2"/><V107/><F73/><W51/><G51/><T41/><D114/><U58/><E58/><V118/><F74/><W132/><G132/><T86/><D4/><U25/><E25/><V60/><F42/><AGARI ba="0,2" hai="14,16,23,24,28,33,37,38,42,44,49,100,102,103" machi="42" ten="40,2600,0" yaku="1,1,54,1,53,0" doraHai="79" doraHaiUra="101" who="3" fromWho="2" sc="96,0,337,0,240,-26,307,46" /><INIT seed="2,0,0,5,4,65" ten="96,337,214,353" oya="2" hai0="43,133,16,115,8,123,128,89,99,122,113,80,34" hai1="63,85,127,70,104,126,129,69,13,3,9,76,32" hai2="0,118,29,86,12,96,24,33,48,79,124,64,81" hai3="106,75,5,125,91,83,38,93,101,17,114,14,72"/><V30/><F118/><W40/><G125/><N who="1" m="47626" /><E129/><V47/><F0/><W94/><G114/><T18/><D43/><U100/><E32/><V112/><F124/><W15/><G5/><T37/><D37/><U107/><E3/><V7/><F112/><N who="0" m="43082" /><D89/><U52/><E76/><V22/><F96/><N who="3" m="61735" /><G94/><T26/><D80/><U35/><E85/><V111/><F111/><W97/><G97/><T73/><D73/><U88/><E88/><V117/><F117/><W10/><G15/><N who="0" m="7271" /><D99/><N who="1" m="61471" /><E35/><V95/><F95/><W68/><G91/><T130/><D133/><U46/><E107/><V66/><F30/><W28/><G75/><T6/><D6/><N who="1" m="3255" /><E63/><V19/><REACH who="2" step="1"/><F7/><REACH who="2" ten="96,337,204,353" step="2"/><W134/><G28/><N who="0" m="19735" /><D18/><U54/><E54/><AGARI ba="0,1" hai="12,19,22,24,29,33,47,48,54,64,66,79,81,86" machi="54" ten="30,2900,0" yaku="1,1,7,1,53,0" doraHai="65" doraHaiUra="57" who="2" fromWho="1" sc="96,0,337,-29,204,39,353,0" /><INIT seed="2,1,0,1,5,29" ten="96,308,243,353" oya="2" hai0="12,102,113,43,103,119,64,32,80,82,108,0,127" hai1="115,39,123,76,75,41,72,22,48,67,70,132,66" hai2="89,25,6,13,79,69,34,45,110,17,28,65,1" hai3="96,44,38,126,90,23,104,49,52,37,27,125,124"/><V26/><F110/><W77/><G77/><T57/><D0/><U117/><E22/><V47/><F79/><W85/><G96/><T120/><D113/><U94/><E94/><V130/><F130/><W133/><G104/><T97/><D120/><U112/><E76/><V7/><F26/><W4/><G4/><T135/><D108/><U86/><E86/><V54/><F54/><W106/><G106/><T36/><D135/><U105/><E105/><V100/><F100/><W111/><G133/><T53/><D127/><U62/><E75/><V121/><F121/><W18/><G111/><T83/><D119/><U15/><E15/><V114/><F114/><W60/><G60/><T40/><D64/><N who="1" m="41239" /><E72/><V93/><F65/><N who="1" m="24585" /><E132/><V92/><F69/><W8/><G8/><T109/><D109/><U118/><E39/><V74/><F74/><W11/><G11/><T50/><D36/><U78/><E78/><V9/><F93/><AGARI ba="1,0" hai="18,23,27,37,38,44,49,52,85,90,93,124,125,126" machi="93" ten="40,2600,0" yaku="18,1,54,1" doraHai="29" who="3" fromWho="2" sc="96,0,308,0,243,-29,353,29" /><INIT seed="3,0,0,0,1,68" ten="96,308,214,382" oya="3" hai0="116,23,33,76,74,112,127,0,37,95,129,9,84" hai1="110,16,29,15,42,77,64,2,102,115,8,47,117" hai2="122,19,51,55,97,10,26,20,106,46,17,78,41" hai3="103,36,62,69,98,73,43,27,75,89,90,111,121"/><W130/><G121/><T120/><D23/><U35/><E110/><V92/><F106/><W119/><G119/><T6/><D84/><U114/><E117/><V39/><F122/><W57/><G69/><T28/><D95/><U134/><E134/><V118/><F118/><W124/><G124/><T3/><D76/><U44/><E102/><V45/><F78/><W24/><G130/><T22/><D22/><U4/><E64/><V67/><F67/><W125/><G125/><T88/><D88/><U18/><E47/><V104/><F104/><W25/><G36/><T52/><D52/><U109/><E109/><V61/><F61/><W31/><G31/><T40/><D9/><U93/><E93/><V108/><F108/><W100/><G43/><T80/><D80/><U34/><E34/><V71/><F71/><W32/><G32/><T101/><D101/><U133/><E77/><V91/><F10/><W113/><G113/><T87/><D87/><U38/><E133/><V94/><F94/><W72/><G103/><T86/><D86/><U96/><E96/><V66/><F66/><W105/><G111/><T99/><D99/><U85/><E85/><V12/><F12/><W48/><G48/><T21/><D40/><U49/><E49/><V70/><F70/><W65/><AGARI ba="0,0" hai="24,25,27,57,62,65,72,73,75,89,90,98,100,105" machi="65" ten="40,2100,0" yaku="0,1" doraHai="68" who="3" fromWho="3" sc="96,-7,308,-7,214,-7,382,21" owari="89,-41.0,301,10.0,207,-19.0,403,50.0" /></mjloggm>