<mjloggm ver="2.3"><GO type="169" lobby="0"/><UN n0="%E3%81%94%E3%81%AB%E3%82%87" n1="%4D%72%46%65%6E%67" n2="%E5%B0%8F%E6%89%8B%E8%BF%94%E6%92%B2%E6%BB%85%E4%BC%9A%E9%95%B7" n3="%72%52%66%44%79%55%66" dan="17,16,17,16" rate="2175.03,2099.99,2164.81,2128.86" sx="M,M,F,M"/><TAIKYOKU oya="0"/><INIT seed="0,0,0,0,2,46" ten="250,250,250,250" oya="0" hai0="123,63,130,85,22,82,18,121,81,84,120,42,133" hai1="67,132,117,83,49,9,39,110,13,60,56,7,124" hai2="97,6,61,65,104,125,41,28,47,127,113,93,76" hai3="91,11,90,119,25,38,89,10,99,30,36,54,69"/><T116/><D116/><U26/><E39/><V15/><F104/><W64/><G119/><T57/><D130/><U75/><E117/><V135/><F113/><W72/><G72/><T114/><D114/><U107/><E107/><V58/><F135/><W74/><G74/><T122/><D133/><U5/><E132/><V23/><F76/><W118/><G118/><T111/><D111/><U55/><E110/><V102/><F6/><W96/><G54/><T31/><D31/><U128/><E124/><V68/><F68/><W87/><G87/><T94/><D42/><U66/><E66/><V88/><F102/><W70/><G64/><T2/><D2/><U8/><E26/><V51/><REACH who="2" step="1"/><F28/><REACH who="2" ten="250,250,240,250" step="2"/><W24/><G90/><T98/><D122/><U34/><E128/><V35/><F35/><W134/><G134/><T109/><D109/><U45/><E34/><V59/><F59/><W100/><REACH who="3" step="1"/><G30/><REACH who="3" ten="250,250,240,240" step="2"/><T16/><D121/><U73/><REACH who="1" step="1"/><E83/><REACH who="1" ten="250,240,240,240" step="2"/><V115/><F115/><W3/><G3/><AGARI ba="0,3" hai="3,5,7,8,9,13,45,49,55,56,60,67,73,75" machi="3" ten="30,8000,1" yaku="1,1,2,1,7,1,52,1,53,1" doraHai="46" doraHaiUra="50" who="1" fromWho="3" sc="250,0,240,110,240,0,240,-80" /><INIT seed="1,0,0,0,5,5" ten="250,350,240,160" oya="1" hai0="79,6,12,129,124,105,118,33,132,106,58,90,120" hai1="123,119,82,53,63,59,72,10,28,23,128,113,127" hai2="60,35,83,48,77,43,107,86,115,49,9,25,85" hai3="116,11,97,95,100,114,40,30,74,14,22,92,73"/><U66/><E123/><V80/><F107/><N who="0" m="40970" /><D12/><U21/><E119/><V2/><F115/><W65/><G114/><T135/><D58/><U112/><E28/><V88/><F60/><W51/><G116/><T46/><D46/><U39/><E39/><V121/><F121/><W111/><G111/><T31/><D6/><U96/><E96/><V32/><F25/><W91/><G65/><T17/><D17/><U41/><E41/><V57/><F43/><W89/><G100/><T69/><D69/><U70/><E82/><V102/><F102/><W133/><G133/><N who="0" m="51275" /><D33/><U108/><E108/><V76/><F57/><W27/><G51/><T101/><D79/><U71/><E71/><V103/><F103/><W134/><G40/><T78/><D78/><U61/><E112/><V13/><F2/><W38/><G38/><T98/><D120/><U55/><E113/><V44/><F44/><W26/><G26/><T94/><D118/><U50/><E21/><V87/><F35/><W84/><REACH who="3" step="1"/><G134/><REACH who="3" ten="250,350,240,150" step="2"/><T56/><D101/><U18/><E50/><V126/><F32/><W0/><G0/><T8/><D124/><U104/><E127/><V29/><F126/><W45/><G45/><T131/><D131/><U1/><E128/><V52/><F52/><N who="1" m="20041" /><E66/><V67/><F67/><W20/><G20/><T110/><D110/><U99/><E23/><V16/><F29/><W47/><G47/><T75/><D129/><U34/><E34/><V68/><F68/><W19/><AGARI ba="0,1" hai="11,14,19,22,27,30,73,74,84,89,91,92,95,97" machi="19" ten="20,8000,1" yaku="1,1,0,1,7,1,52,1,53,1" doraHai="5" doraHaiUra="93" who="3" fromWho="3" sc="250,-20,350,-40,240,-20,150,90" /><INIT seed="2,0,0,2,1,100" ten="230,310,220,240" oya="2" hai0="23,93,88,65,80,110,28,57,68,121,84,133,123" hai1="37,18,106,36,51,8,111,27,26,14,55,7,44" hai2="98,105,41,124,3,91,82,70,46,126,49,128,12" hai3="104,90,47,131,130,0,94,9,30,99,75,116,129"/><V50/><F3/><W134/><G116/><T22/><D68/><U52/><E111/><V4/><F70/><W72/><G134/><T48/><D110/><U34/><E106/><V24/><F128/><W6/><G30/><T31/><D133/><U109/><E109/><V1/><F1/><W97/><REACH who="3" step="1"/><G47/><REACH who="3" ten="230,310,220,230" step="2"/><T11/><D31/><U32/><E32/><V92/><F126/><W77/><G77/><T16/><D28/><U101/><E34/><V114/><F124/><W5/><G5/><T17/><D123/><U54/><E37/><V108/><F108/><W42/><G42/><T95/><D121/><U120/><E36/><V118/><F118/><W13/><G13/><N who="0" m="9487" /><D11/><N who="1" m="6495" /><E120/><V45/><F24/><W53/><G53/><N who="1" m="20586" /><E101/><AGARI ba="0,1" hai="0,6,9,72,75,90,94,97,99,101,104,129,130,131" machi="101" ten="40,5200,0" yaku="1,1,19,1,52,1,53,0" doraHai="100" doraHaiUra="10" who="3" fromWho="1" sc="230,0,310,-52,220,0,230,62" /><INIT seed="3,0,0,1,2,78" ten="230,258,220,292" oya="3" hai0="59,6,114,80,64,129,112,0,45,44,85,82,48" hai1="77,126,47,61,106,116,7,118,98,131,9,19,33" hai2="75,92,46,104,93,3,54,23,18,20,88,105,128" hai3="89,90,103,86,91,26,37,50,41,135,17,63,39"/><W73/><G135/><T36/><D129/><U122/><E33/><V10/><F128/><W123/><G73/><T87/><D0/><U109/><E131/><V49/><F75/><W40/><G123/><T16/><D6/><U65/><E122/><V14/><F93/><W72/><G72/><T27/><D36/><U28/><E28/><V12/><F3/><W133/><G133/><T35/><D35/><U15/><E77/><V71/><F71/><W57/><G103/><T2/><D2/><U70/><E109/><V96/><REACH who="2" step="1"/><F23/><REACH who="2" ten="230,258,210,292" step="2"/><W38/><G50/><T52/><D112/><U113/><E113/><V134/><F134/><W22/><REACH who="3" step="1"/><G86/><REACH who="3" ten="230,258,210,282" step="2"/><T67/><D114/><U34/><E34/><V108/><F108/><W120/><G120/><T43/><D87/><U97/><E118/><V56/><F56/><W84/><G84/><T119/><D119/><U99/><E116/><V130/><F130/><W68/><G68/><T95/><D59/><U100/><E47/><V66/><F66/><AGARI ba="0,2" hai="17,22,26,37,38,39,40,41,57,63,66,89,90,91" machi="66" ten="50,2400,0" yaku="1,1,53,0" doraHai="78" doraHaiUra="5" who="3" fromWho="2" sc="230,0,258,0,210,-24,282,44" /><INIT seed="3,1,0,2,3,55" ten="230,258,186,326" oya="3" hai0="79,0,60,1,82,63,15,41,61,124,9,117,92" hai1="14,34,11,56,53,70,99,116,20,95,105,87,78" hai2="104,51,130,35,36,64,2,30,44,18,67,31,132" hai3="119,102,94,107,112,10,4,28,98,66,89,114,40"/><W57/><G119/><T135/><D117/><U96/><E34/><V129/><F104/><W121/><G121/><T46/><D124/><U80/><E70/><V22/><F2/><W37/><G28/><T33/><D135/><U50/><E116/><V131/><F36/><W6/><G40/><T74/><D92/><U75/><E20/><V49/><F132/><W128/><G37/><T27/><D27/><U47/><E105/><V93/><F93/><W77/><G77/><T103/><D103/><U16/><REACH who="1" step="1"/><E47/><REACH who="1" ten="230,248,186,326" step="2"/><V12/><F35/><W106/><G107/><T23/><D23/><U58/><E58/><V101/><F101/><W108/><G106/><T24/><D33/><U81/><E81/><V127/><F127/><W38/><G57/><T26/><D46/><U19/><E19/><V73/><F31/><W43/><G114/><T25/><REACH who="0" step="1"/><D41/><REACH who="0" ten="220,248,186,326" step="2"/><U120/><E120/><V54/><F30/><W29/><G43/><T39/><D39/><U123/><E123/><V21/><F21/><W3/><G38/><T97/><D97/><U85/><E85/><V69/><F73/><W5/><G98/><T109/><D109/><U118/><E118/><V84/><F84/><W45/><G108/><T126/><D126/><U83/><E83/><V65/><F69/><W72/><G45/><T86/><D86/><U8/><E8/><V122/><F122/><W68/><G72/><T133/><D133/><U13/><E13/><V88/><F44/><W90/><G10/><T76/><D76/><U48/><E48/><V7/><F12/><W32/><G112/><T134/><D134/><RYUUKYOKU ba="1,2" sc="220,15,248,15,186,-15,326,-15" hai0="0,1,9,15,24,25,26,60,61,63,74,79,82" hai1="11,14,16,50,53,56,75,78,80,87,95,96,99" /><INIT seed="4,2,2,3,0,35" ten="235,263,171,311" oya="0" hai0="17,97,94,10,3,26,91,45,11,131,96,2,85" hai1="128,58,101,4,125,34,106,20,130,117,57,22,7" hai2="44,129,30,13,0,59,66,133,32,43,74,113,1" hai3="36,73,99,89,47,55,124,63,127,46,9,135,111"/><T100/><D131/><N who="1" m="50219" /><E34/><V76/><F129/><W118/><G111/><T114/><D114/><U62/><E117/><V65/><F113/><W98/><G118/><T31/><D96/><N who="3" m="36905" /><G73/><T81/><D45/><U134/><E62/><V64/><F133/><W60/><G36/><T54/><D54/><U29/><E29/><V72/><F59/><N who="1" m="22537" /><E134/><V42/><F13/><W92/><G9/><T122/><D122/><U87/><E87/><V95/><F95/><W38/><G38/><T14/><REACH who="0" step="1"/><D11/><REACH who="0" ten="225,263,171,311" step="2"/><U121/><E121/><V15/><F44/><W102/><G46/><T107/><D107/><U67/><E106/><V105/><F105/><W68/><G47/><T79/><D79/><U70/><E67/><V93/><F76/><W25/><G55/><T49/><D49/><U115/><E115/><V110/><F66/><W50/><G50/><T52/><D52/><U21/><E70/><V40/><F65/><W84/><G68/><T86/><D86/><U69/><E69/><V18/><F64/><W78/><G84/><T8/><D8/><U28/><E125/><V132/><F132/><W16/><G135/><T71/><D71/><U103/><E28/><V33/><F30/><W51/><G127/><T61/><D61/><U126/><E126/><V37/><F37/><W108/><G63/><T6/><D6/><AGARI ba="2,3" hai="4,6,7,20,21,22,101,103" m="22537,50219" machi="6" ten="40,5200,0" yaku="28,2,19,1" doraHai="35" who="1" fromWho="0" sc="225,-58,263,88,171,0,311,0" /><INIT seed="5,0,0,3,5,105" ten="167,351,171,311" oya="1" hai0="122,1,71,85,21,125,87,56,54,18,75,38,90" hai1="118,47,72,49,84,88,57,8,12,103,109,46,135" hai2="15,7,74,96,19,42,45,13,108,31,121,111,115" hai3="73,16,98,10,113,83,123,67,82,3,55,127,116"/><U134/><E72/><V28/><F121/><W93/><G123/><T130/><D71/><U27/><E118/><V0/><F96/><W36/><G116/><T99/><D122/><U78/><E78/><V119/><F119/><W17/><G36/><T89/><D1/><U25/><E103/><V126/><F45/><N who="1" m="16905" /><E109/><V117/><F42/><W79/><G113/><T23/><D75/><U30/><E30/><V50/><F50/><W107/><G107/><T4/><D130/><U41/><E41/><V33/><F74/><W51/><G67/><T66/><D125/><U77/><E77/><V76/><F76/><W133/><G83/><N who="0" m="49343" /><D4/><N who="1" m="3079" /><E57/><V40/><F40/><W53/><G133/><N who="1" m="50698" /><E49/><V58/><F58/><W63/><G63/><N who="0" m="38247" /><D38/><U22/><E22/><N who="0" m="8201" /><D54/><U80/><AGARI ba="0,0" hai="25,27,80,84,88" m="50698,3079,16905" machi="80" ten="30,3000,0" yaku="20,1,54,1" doraHai="105" who="1" fromWho="1" sc="167,-10,351,30,171,-10,311,-10" /><INIT seed="5,1,0,2,4,34" ten="157,381,161,301" oya="1" hai0="28,61,1,134,83,73,3,119,77,87,14,84,93" hai1="40,20,57,109,39,2,18,104,53,8,85,106,89" hai2="129,58,27,19,5,131,21,62,59,52,127,7,133" hai3="102,54,76,86,79,125,98,95,51,132,103,70,90"/><U0/><E40/><V16/><F127/><W82/><G132/><T37/><D119/><U46/><E46/><V10/><F133/><W80/><G125/><T135/><D135/><U112/><E39/><V25/><F59/><W65/><G65/><T44/><D134/><U69/><E69/><V23/><REACH who="2" step="1"/><F7/><REACH who="2" ten="157,381,151,301" step="2"/><W24/><G70/><T123/><D123/><U45/><E109/><V113/><F113/><W67/><G67/><T126/><D126/><U116/><E112/><V12/><AGARI ba="1,1" hai="5,10,12,16,19,21,23,25,27,52,58,62,129,131" machi="12" ten="30,8000,1" yaku="1,1,0,1,9,1,54,2,53,0" doraHai="34" doraHaiUra="121" who="2" fromWho="2" sc="157,-21,381,-41,151,93,301,-21" /><INIT seed="6,0,0,3,1,102" ten="136,340,244,280" oya="2" hai0="16,61,83,30,59,105,33,38,88,49,48,114,20" hai1="115,70,128,26,65,122,89,41,99,111,29,104,43" hai2="84,121,80,23,5,6,57,13,90,7,119,52,14" hai3="73,76,95,78,0,67,60,39,113,21,85,75,3"/><V106/><F119/><W74/><G39/><T81/><D38/><U97/><E115/><V31/><F121/><W11/><G113/><T100/><D114/><U87/><E97/><V92/><F106/><W54/><G54/><T36/><D36/><U118/><E118/><V112/><F112/><W40/><G40/><T103/><D33/><N who="1" m="20663" /><E111/><V2/><F2/><W42/><G42/><T79/><D30/><U72/><E72/><V9/><F31/><W25/><G11/><T53/><D83/><U8/><E8/><V44/><F44/><W98/><G85/><T133/><D133/><U132/><E132/><V108/><F108/><W71/><G0/><T4/><D4/><U22/><E22/><V18/><F80/><W56/><G71/><T126/><D126/><U32/><E32/><V51/><AGARI ba="0,0" hai="5,6,7,9,13,14,18,23,51,52,57,84,90,92" machi="51" ten="20,18000,2" yaku="0,1,7,1,25,2,8,1,54,1" doraHai="102" who="2" fromWho="2" sc="136,-60,340,-60,244,180,280,-60" /><INIT seed="6,1,0,2,2,26" ten="76,280,424,220" oya="2" hai0="11,86,131,130,8,111,4,38,96,61,73,27,13" hai1="113,0,41,67,53,99,30,83,19,51,54,97,39" hai2="37,62,3,2,60,123,71,82,36,87,74,31,64" hai3="120,78,114,133,48,101,49,90,65,122,72,89,18"/><V80/><F74/><W5/><G101/><T25/><D38/><U108/><E39/><V50/><F50/><W68/><G5/><N who="0" m="3215" /><D73/><U85/><E0/><V9/><F9/><W45/><G72/><T132/><D96/><N who="1" m="36939" /><E67/><V6/><F6/><W47/><G65/><T124/><D86/><U24/><E19/><V58/><F58/><W91/><G78/><T76/><D76/><U116/><E116/><V10/><F10/><W109/><G109/><T117/><D61/><U1/><E1/><V112/><F87/><W94/><G94/><T126/><D111/><U33/><E33/><V44/><F44/><N who="3" m="16971" /><G18/><T129/><D117/><U7/><E7/><V110/><F110/><W135/><G68/><T17/><D132/><N who="3" m="50761" /><G114/><T98/><D98/><U32/><E113/><V81/><F112/><W79/><G79/><T107/><D107/><U42/><E108/><V121/><F81/><W57/><G57/><T43/><D43/><N who="1" m="16395" /><E51/><AGARI ba="1,0" hai="48,49,51,89,90,91,120,122" m="50761,16971" machi="51" ten="40,5200,0" yaku="28,2,20,1" doraHai="26" who="3" fromWho="1" sc="76,0,280,-55,424,0,220,55" /><INIT seed="7,0,0,1,3,87" ten="76,225,424,275" oya="3" hai0="44,61,62,51,82,45,38,110,119,127,52,115,125" hai1="71,108,34,116,1,122,104,32,49,120,123,10,39" hai2="29,130,134,68,97,98,4,15,28,103,132,18,27" hai3="94,72,54,102,74,83,109,77,76,113,59,25,2"/><W3/><G113/><T131/><D82/><U81/><E81/><V37/><F37/><W64/><G77/><T70/><D110/><U30/><E49/><V43/><F43/><W58/><G74/><T14/><D14/><U17/><E71/><V7/><F68/><W117/><G117/><T12/><D12/><N who="1" m="7319" /><E104/><N who="2" m="63599" /><F98/><W36/><G36/><T40/><D119/><U79/><E79/><V114/><F130/><W92/><G109/><T121/><D121/><N who="1" m="30979" /><U135/><DORA hai="80" /><E39/><V65/><F65/><W41/><G41/><T133/><D131/><U57/><E57/><V31/><F27/><W13/><G25/><T22/><D22/><U16/><E116/><V42/><F42/><W86/><G64/><T63/><D115/><U66/><E66/><V67/><F67/><W90/><G59/><T95/><D70/><U96/><E96/><V33/><F33/><N who="1" m="12905" /><E30/><V93/><F93/><W85/><G94/><T128/><D128/><U89/><E1/><V106/><F106/><W50/><G102/><T78/><D78/><U112/><E89/><V73/><F73/><W129/><G72/><T101/><D101/><U48/><E48/><V84/><F84/><W107/><G107/><T20/><D20/><U55/><E112/><V69/><F69/><W8/><G129/><T5/><D5/><AGARI ba="0,0" hai="2,3,5,8,13,50,54,58,76,83,85,86,90,92" machi="5" ten="30,11600,0" yaku="7,1,52,3" doraHai="87,80" who="3" fromWho="0" sc="76,-116,225,0,424,0,275,116" owari="-40,-54.0,225,-17.0,424,52.0,391,19.0" /></mjloggm>