<mjloggm ver="2.3"><GO type="185" lobby="0"/><UN n0="%63%61%6C%63%2E" n1="%E3%83%9A%E3%83%9A%E3%83%AD%E3%83%B3%E3%83%81%E3%83%BC%E3%83%8E%37" n2="%43%72%65%2E%43" n3="" dan="19,16,18,0" rate="2396.83,2108.06,2387.08,1500.00" sx="M,M,F,C"/><TAIKYOKU oya="0"/><INIT seed="0,0,0,0,1,112" ten="350,350,350,0" oya="0" hai0="43,135,32,1,45,56,123,110,80,63,36,108,87" hai1="130,3,115,101,127,94,70,99,42,67,106,90,77" hai2="120,105,2,81,89,75,121,33,0,114,61,47,97" hai3=""/><T122/><N who="0" m="31264" /><T100/><N who="0" m="31520" /><T126/><D32/><U131/><E3/><V93/><N who="2" m="30752" /><V91/><N who="2" m="31008" /><V129/><F114/><T44/><D1/><U128/><E42/><V134/><F33/><T84/><D135/><U72/><E70/><V62/><F129/><T116/><D126/><U41/><E41/><V48/><F134/><T49/><D100/><U58/><E67/><V34/><F34/><T38/><D116/><U40/><E40/><V119/><F0/><T83/><D45/><U118/><E58/><V68/><F68/><T95/><D95/><U125/><E118/><V37/><F105/><T55/><D83/><U74/><E115/><V50/><F2/><T54/><D84/><U82/><E74/><V65/><F75/><T76/><REACH who="0" step="1"/><D55/><REACH who="0" ten="340,350,350,0" step="2"/><U39/><E39/><AGARI ba="0,1" hai="36,38,39,43,44,49,54,56,63,76,80,87,108,110" m="31520,31264" machi="39" ten="40,12000,1" yaku="1,1,2,1,52,2,53,0" doraHai="112" doraHaiUra="96" who="0" fromWho="1" sc="340,130,350,-120,350,0,0,0" /><INIT seed="0,1,0,4,2,129" ten="470,230,350,0" oya="0" hai0="112,48,122,0,119,126,123,77,59,102,45,36,131" hai1="130,50,128,38,85,90,47,70,103,49,79,65,66" hai2="105,80,124,118,100,101,69,62,99,60,109,83,106" hai3=""/><T95/><N who="0" m="31264" /><T92/><N who="0" m="31520" /><T68/><D119/><U127/><E103/><V93/><F124/><T125/><D68/><U94/><E127/><N who="0" m="48649" /><D112/><U3/><E3/><V121/><N who="2" m="31008" /><V76/><F109/><T120/><N who="0" m="30752" /><T46/><D0/><U40/><E79/><V37/><F37/><T89/><D131/><N who="1" m="50219" /><E70/><V86/><F118/><T56/><D77/><U55/><E38/><V82/><F69/><T32/><D32/><U104/><E104/><N who="2" m="40043" /><F60/><T34/><D34/><U1/><E1/><V58/><F62/><T51/><D102/><N who="2" m="39530" /><F58/><AGARI ba="1,0" hai="40,47,49,50,55,58,65,66,85,90,94" m="50219" machi="58" ten="30,1000,0" yaku="19,1" doraHai="129" who="1" fromWho="2" sc="470,0,230,12,350,-12,0,0" /><INIT seed="1,0,0,4,2,80" ten="470,242,338,0" oya="1" hai0="128,44,34,42,0,83,93,81,104,82,32,98,105" hai1="48,91,87,118,109,77,70,110,134,94,107,119,111" hai2="62,74,114,58,60,50,71,133,99,79,115,88,40" hai3=""/><U76/><E70/><V36/><F133/><T49/><D0/><U132/><E107/><V112/><F36/><T72/><D72/><U127/><E48/><V117/><F117/><N who="1" m="44553" /><E127/><V124/><F124/><T69/><D69/><U2/><E2/><V75/><F71/><T63/><D63/><N who="2" m="24106" /><F79/><AGARI ba="0,0" hai="76,77,79,87,91,94,109,110,111,132,134" m="44553" machi="79" ten="40,12000,1" yaku="14,1,10,1,34,2,52,1" doraHai="80" who="1" fromWho="2" sc="470,0,242,120,338,-120,0,0" /><INIT seed="1,1,0,3,0,34" ten="470,362,218,0" oya="1" hai0="59,65,44,111,90,131,107,133,86,70,124,123,134" hai1="75,55,94,85,48,60,58,39,125,127,122,32,120" hai2="100,57,63,114,95,77,1,51,49,101,73,74,82" hai3=""/><U53/><N who="1" m="30752" /><U45/><N who="1" m="31264" /><U128/><E32/><V104/><F114/><T106/><N who="0" m="31520" /><T42/><D70/><U88/><E75/><V3/><F104/><T130/><D111/><U41/><REACH who="1" step="1"/><E128/><REACH who="1" ten="470,352,218,0" step="2"/><V89/><F74/><T118/><D131/><U79/><E79/><V71/><F77/><T47/><D130/><U64/><E64/><V126/><F73/><T92/><D65/><U2/><E2/><V105/><F1/><T76/><D76/><U84/><E84/><V46/><F3/><T129/><D129/><U108/><E108/><V109/><F109/><T33/><D33/><U87/><E87/><V117/><F117/><T91/><D118/><U102/><E102/><V54/><F101/><T103/><D103/><U43/><E43/><V110/><F100/><T83/><D42/><U50/><E50/><V0/><F51/><T37/><D86/><U119/><E119/><V93/><F0/><T132/><D134/><U98/><E98/><V68/><F110/><T36/><D133/><U115/><E115/><V72/><F72/><T35/><D132/><U81/><E81/><V66/><F82/><T62/><D35/><U121/><N who="1" m="31008" /><U61/><E61/><V80/><F80/><T52/><D83/><RYUUKYOKU ba="1,1" sc="470,-10,352,20,218,-10,0,0" hai1="39,41,45,48,53,55,58,60,85,88,94,125,127" /><INIT seed="1,2,1,2,4,40" ten="460,372,208,0" oya="1" hai0="110,130,71,104,117,118,82,125,83,43,81,123,38" hai1="95,41,126,98,124,61,97,132,102,49,115,92,59" hai2="129,121,119,35,135,77,108,0,109,48,80,84,74" hai3=""/><U54/><E132/><V32/><N who="2" m="31008" /><V62/><F0/><T122/><N who="0" m="31264" /><T128/><N who="0" m="31520" /><T1/><D110/><N who="2" m="42602" /><F119/><N who="0" m="45578" /><D1/><U56/><E115/><V93/><F129/><N who="0" m="49770" /><D125/><N who="1" m="48235" /><E41/><V75/><F135/><T86/><D71/><U65/><E98/><V51/><F62/><T36/><D104/><AGARI ba="2,1" hai="49,54,56,59,61,65,92,95,97,102,104" m="48235" machi="104" ten="30,1500,0" yaku="18,1" doraHai="40" who="1" fromWho="0" sc="460,-19,372,29,208,0,0,0" /><INIT seed="1,3,0,0,1,65" ten="441,401,208,0" oya="1" hai0="132,36,111,72,130,123,128,109,125,71,50,1,115" hai1="0,117,101,104,75,88,96,74,58,61,69,76,37" hai2="66,106,103,86,114,81,102,107,60,122,43,51,2" hai3=""/><U110/><E0/><V119/><N who="2" m="31264" /><V56/><F2/><T94/><D94/><U127/><E117/><V100/><F119/><T135/><D50/><U131/><E127/><V105/><F114/><T85/><D85/><U67/><E131/><V52/><F43/><T126/><N who="0" m="31520" /><T121/><N who="0" m="31008" /><T62/><D72/><U46/><E37/><V45/><REACH who="2" step="1"/><F107/><REACH who="2" ten="441,401,198,0" step="2"/><T118/><D1/><U99/><E110/><V129/><F129/><N who="0" m="49770" /><D115/><U124/><E124/><N who="0" m="47721" /><D118/><U33/><E104/><V120/><N who="2" m="30752" /><V134/><F134/><N who="0" m="51242" /><D36/><U113/><E96/><V77/><AGARI ba="3,1" hai="45,51,52,56,60,66,77,81,86,100,102,103,105,106" m="30752,31264" machi="77" ten="30,6000,1" yaku="1,1,0,1,52,2,54,1,53,0" doraHai="65" doraHaiUra="108" who="2" fromWho="2" sc="441,-23,401,-43,198,76,0,0" /><INIT seed="2,0,0,2,3,64" ten="418,358,274,0" oya="2" hai0="115,41,118,43,93,95,101,98,56,89,128,129,74" hai1="124,52,96,99,117,122,112,75,71,48,78,42,113" hai2="37,126,39,0,2,87,108,1,81,49,123,50,33" hai3=""/><V70/><N who="2" m="31520" /><V85/><F33/><T77/><D118/><U34/><N who="1" m="31264" /><U79/><E34/><V88/><F126/><T32/><D32/><U40/><E124/><V58/><F70/><T57/><D115/><U104/><E71/><V82/><F108/><T55/><D77/><U114/><E117/><V60/><F37/><T116/><D74/><U80/><E79/><V44/><F39/><T111/><D116/><U130/><E130/><N who="0" m="50281" /><D111/><U103/><REACH who="1" step="1"/><E99/><REACH who="1" ten="418,348,274,0" step="2"/><V131/><F131/><T51/><D57/><AGARI ba="0,1" hai="40,42,48,52,57,75,78,80,96,103,104,112,113,114" m="31264" machi="57" ten="40,8000,1" yaku="1,1,2,1,52,1,54,1,53,0" doraHai="64" doraHaiUra="135" who="1" fromWho="0" sc="418,-80,348,90,274,0,0,0" /><INIT seed="4,0,0,1,0,127" ten="338,438,274,0" oya="0" hai0="96,131,69,128,94,118,116,48,98,75,110,121,129" hai1="125,71,109,100,119,53,66,52,126,123,82,70,111" hai2="105,83,112,114,44,106,36,33,65,104,99,84,89" hai3=""/><T102/><N who="0" m="31008" /><T85/><D110/><U92/><N who="1" m="31520" /><U93/><E82/><V122/><N who="2" m="31264" /><V60/><F33/><T35/><D35/><U103/><REACH who="1" step="1"/><E66/><REACH who="1" ten="338,428,274,0" step="2"/><V135/><F65/><T64/><D75/><U45/><E45/><V59/><F44/><T74/><D74/><U40/><E40/><V78/><F83/><T58/><D85/><U101/><E101/><V87/><F84/><T124/><D124/><U2/><E2/><V117/><F87/><T80/><D80/><U63/><E63/><V37/><F60/><T32/><D32/><U86/><E86/><V57/><F78/><T113/><D113/><U120/><N who="1" m="30752" /><U56/><E56/><V72/><F59/><T61/><D98/><U49/><E49/><V132/><F72/><T43/><D43/><U133/><E133/><V42/><F42/><T55/><AGARI ba="0,1" hai="48,55,58,61,64,69,94,96,102,116,118,128,129,131" m="31008" machi="55" ten="40,12000,2" yaku="0,1,19,1,52,4" doraHai="127" who="0" fromWho="0" sc="338,130,428,-60,274,-60,0,0" /><INIT seed="4,1,0,5,0,44" ten="468,368,214,0" oya="0" hai0="2,80,93,97,40,104,68,111,128,121,33,76,61" hai1="114,129,36,62,112,101,50,38,87,58,110,90,86" hai2="99,133,67,134,77,54,53,42,75,98,103,1,107" hai3=""/><T108/><N who="0" m="31008" /><T49/><D104/><U84/><E110/><N who="0" m="42025" /><D33/><U124/><E129/><V109/><F109/><T60/><D2/><U32/><E32/><V34/><F34/><T92/><D128/><U105/><E124/><V51/><F1/><T95/><D97/><U59/><E101/><V46/><F67/><T118/><D68/><U52/><E90/><V69/><F69/><T47/><D118/><U55/><E105/><V91/><F91/><T125/><D125/><U41/><E41/><V71/><F71/><T96/><D96/><U78/><E78/><V70/><F70/><T43/><D40/><U45/><E45/><V66/><F99/><T65/><D65/><U81/><E81/><V94/><F66/><T0/><D0/><U56/><E56/><V73/><F107/><T89/><D89/><U106/><E106/><V48/><F42/><T126/><D126/><U132/><E132/><N who="2" m="50795" /><F77/><T115/><D115/><AGARI ba="1,0" hai="36,38,50,52,55,58,59,62,84,86,87,112,114,115" machi="115" ten="40,8000,1" yaku="15,1,11,1,52,1,54,1" doraHai="44" who="1" fromWho="0" sc="468,-82,368,82,214,0,0,0" /><INIT seed="5,0,0,3,3,125" ten="386,450,214,0" oya="1" hai0="117,47,127,96,37,93,111,129,81,76,133,40,91" hai1="101,71,68,90,57,79,34,36,110,39,113,108,95" hai2="77,73,112,78,64,49,63,132,2,35,33,124,99" hai3=""/><U61/><E34/><V59/><F2/><T128/><D111/><U55/><E113/><V38/><F38/><T122/><N who="0" m="31264" /><T121/><N who="0" m="31008" /><T58/><D127/><U83/><E101/><V62/><F124/><T89/><D133/><U0/><E0/><V84/><F132/><T126/><D126/><U115/><E115/><V54/><F112/><T82/><D117/><U106/><E106/><V53/><F73/><T120/><N who="0" m="30752" /><T72/><D58/><U52/><E55/><V50/><F99/><T118/><D118/><U134/><E134/><V1/><F1/><T87/><AGARI ba="0,0" hai="37,40,47,72,76,81,82,87,89,91,93,96,128,129" m="30752,31008,31264" machi="87" ten="30,9000,2" yaku="0,1,52,5" doraHai="125" who="0" fromWho="0" sc="386,90,450,-60,214,-30,0,0" /><INIT seed="6,0,0,0,3,83" ten="476,390,184,0" oya="2" hai0="123,45,84,76,106,52,132,74,68,80,59,112,88" hai1="73,133,100,125,115,77,129,94,44,54,51,47,126" hai2="40,117,34,86,41,35,70,36,85,55,50,75,56" hai3=""/><V110/><F117/><T79/><N who="0" m="31520" /><T99/><D112/><U121/><N who="1" m="31008" /><U60/><E73/><V43/><F36/><T2/><D2/><U105/><E77/><V46/><F70/><T1/><D1/><U90/><E105/><V120/><N who="2" m="30752" /><V71/><F71/><T135/><D45/><U87/><E100/><V134/><F134/><N who="0" m="51242" /><D68/><U48/><E129/><V72/><F110/><T0/><D0/><U91/><E60/><V93/><F46/><T111/><D111/><U61/><E61/><V57/><F93/><T58/><D74/><N who="2" m="28202" /><F55/><T98/><D59/><N who="2" m="22602" /><F50/><T113/><D113/><U81/><E115/><V102/><F102/><T127/><D52/><U65/><E133/><V82/><F82/><T95/><D80/><U131/><E81/><V124/><F124/><T104/><D127/><U62/><E125/><V118/><F118/><T66/><D58/><U38/><E38/><V32/><AGARI ba="0,0" hai="32,34,35,40,41,43,85,86" m="22602,28202,30752" machi="32" ten="40,8000,1" yaku="28,2,52,3" doraHai="83" who="2" fromWho="2" sc="476,-40,390,-40,184,80,0,0" /><INIT seed="6,1,0,1,3,38" ten="436,350,264,0" oya="2" hai0="112,42,94,51,44,107,97,102,61,84,58,70,110" hai1="37,67,45,96,122,63,91,114,128,129,134,117,95" hai2="35,131,124,39,87,85,65,48,71,1,86,47,50" hai3=""/><V92/><F1/><T49/><D110/><U105/><N who="1" m="31264" /><U33/><E33/><V55/><F35/><T53/><D112/><U93/><E114/><V83/><F131/><N who="1" m="50249" /><E134/><V120/><N who="2" m="30752" /><V103/><F124/><T123/><N who="0" m="31520" /><T126/><D126/><U57/><E117/><V130/><F130/><T101/><D70/><U99/><E105/><V76/><F39/><T75/><D75/><U90/><E45/><V108/><F108/><T82/><D102/><U34/><E37/><V125/><F125/><T78/><D107/><U118/><E118/><V36/><F36/><AGARI ba="1,0" hai="36,42,44,49,51,53,58,61,78,82,84,94,97,101" m="31520" machi="36" ten="30,3900,0" yaku="7,1,52,2" doraHai="38" who="0" fromWho="2" sc="436,41,350,0,264,-41,0,0" owari="477,43.0,350,-5.0,223,-38.0,0,0.0" /></mjloggm>