<mjloggm ver="2.3"><GO type="169" lobby="0"/><UN n0="%E5%BD%BC%E5%A5%B3%E6%AC%B2%E3%81%97%E3%81%84%E3%82%88" n1="%E8%A5%BF%E5%B2%A1%E8%82%B2%E6%9C%AA%E2%99%AA" n2="%E3%81%A0%E3%82%81%E3%81%AE%E3%81%99%E3%81%91" n3="%E6%84%9B%E5%86%85%E9%87%8C%E8%8F%9C" dan="16,16,16,18" rate="2157.67,2103.49,2171.03,2172.09" sx="M,F,M,F"/><TAIKYOKU oya="0"/><INIT seed="0,0,0,1,0,40" ten="250,250,250,250" oya="0" hai0="112,93,16,32,90,102,21,119,127,27,77,56,62" hai1="46,28,61,108,69,87,13,9,128,113,36,73,94" hai2="6,100,117,111,19,37,98,83,110,130,25,23,43" hai3="38,103,42,80,82,20,65,51,55,63,60,57,4"/><T31/><D112/><U35/><E73/><V89/><F130/><W71/><G4/><T107/><D119/><U8/><E128/><V92/><F117/><W121/><G121/><T76/><D127/><U68/><E108/><N who="2" m="41515" /><F6/><W134/><G134/><T84/><D102/><U39/><E28/><V49/><F37/><W79/><G103/><T81/><D107/><U18/><E35/><V109/><N who="2" m="41523" /><V116/><DORA hai="50" /><F116/><W122/><G122/><T54/><REACH who="0" step="1"/><D81/><REACH who="0" ten="240,250,250,250" step="2"/><U120/><E113/><V30/><F83/><W125/><G125/><T11/><D11/><U34/><E8/><V12/><F100/><W29/><G79/><T24/><AGARI ba="0,1" hai="16,21,24,27,31,32,54,56,62,76,77,84,90,93" machi="24" ten="20,12000,1" yaku="1,1,0,1,7,1,52,1,54,1,53,0" doraHai="40,50" doraHaiUra="95,67" who="0" fromWho="0" sc="240,130,250,-40,250,-40,250,-40" /><INIT seed="0,1,0,1,5,51" ten="370,210,210,210" oya="0" hai0="44,73,78,83,113,58,104,16,74,38,121,60,95" hai1="105,20,65,127,126,36,56,61,14,10,27,90,34" hai2="102,2,22,3,71,64,79,70,24,63,19,116,69" hai3="67,42,45,115,111,9,8,55,7,1,89,33,124"/><T132/><D121/><U86/><E36/><V66/><F116/><W57/><G115/><T77/><D113/><U25/><E105/><V103/><F79/><W112/><G112/><T134/><D104/><U52/><E34/><V129/><F129/><W75/><G33/><T41/><D95/><U118/><E118/><V110/><F110/><W6/><G111/><T5/><D5/><U18/><E65/><V120/><F120/><W32/><G32/><T13/><D78/><U130/><E130/><V94/><F66/><W0/><G75/><T15/><D74/><U23/><E20/><V100/><REACH who="2" step="1"/><F94/><REACH who="2" ten="370,210,200,210" step="2"/><W35/><G67/><T108/><D108/><U68/><E68/><AGARI ba="1,1" hai="2,3,19,22,24,63,64,68,69,70,71,100,102,103" machi="68" ten="50,3200,0" yaku="1,1,2,1,53,0" doraHai="51" doraHaiUra="92" who="2" fromWho="1" sc="370,0,210,-35,200,45,210,0" /><INIT seed="1,0,0,0,3,21" ten="370,175,245,210" oya="1" hai0="65,64,0,104,6,119,103,29,80,45,100,134,26" hai1="46,72,33,112,2,121,110,95,66,35,117,74,69" hai2="129,62,68,84,97,13,96,78,115,86,42,99,102" hai3="131,133,47,79,125,106,23,130,11,25,8,15,126"/><U14/><E112/><V67/><F115/><W88/><G106/><T73/><D119/><U28/><E66/><V53/><F129/><N who="3" m="49163" /><G79/><T98/><D134/><U27/><E69/><V55/><F102/><W82/><G47/><T18/><D103/><U61/><E61/><V36/><F36/><W39/><G39/><T127/><D127/><N who="3" m="48649" /><G15/><T111/><D111/><U41/><E14/><V94/><F42/><W10/><G133/><T114/><D114/><U4/><E117/><V31/><F13/><W5/><G82/><T44/><D80/><U50/><E121/><V132/><F78/><W49/><G49/><T70/><D45/><U58/><E110/><V51/><F132/><W19/><G88/><T116/><D44/><U77/><E95/><V3/><F94/><W32/><G32/><T9/><D116/><U63/><E33/><V108/><F108/><W56/><G56/><T101/><D73/><U38/><E50/><V76/><F76/><W52/><G52/><T59/><D59/><U113/><E113/><V123/><F55/><W1/><AGARI ba="0,0" hai="1,5,8,10,11,19,23,25" m="48649,49163" machi="1" ten="30,8000,1" yaku="19,1,18,1,34,2,52,1" doraHai="21" who="3" fromWho="3" sc="370,-20,175,-40,245,-20,210,80" /><INIT seed="2,0,0,2,4,84" ten="350,135,225,290" oya="2" hai0="24,38,67,73,35,69,26,113,79,120,130,109,107" hai1="16,102,17,118,8,3,25,50,74,108,86,133,77" hai2="80,22,29,110,57,99,72,1,95,2,75,105,36" hai3="121,135,101,116,14,13,55,21,47,64,43,51,32"/><V128/><F36/><W88/><G116/><T85/><RYUUKYOKU type="yao9" ba="0,0" sc="350,0,135,0,225,0,290,0" hai0="24,26,35,38,67,69,73,79,85,107,109,113,120,130" /><INIT seed="2,1,0,1,2,112" ten="350,135,225,290" oya="2" hai0="90,106,62,120,15,41,109,57,19,115,125,78,122" hai1="50,44,75,101,22,108,69,97,52,73,98,24,86" hai2="25,117,49,17,38,93,88,36,1,71,29,84,45" hai3="116,58,96,12,48,72,92,39,42,129,107,3,79"/><V104/><F117/><W102/><G3/><T13/><D115/><U8/><E108/><V118/><F118/><W27/><G116/><T14/><D109/><U128/><E69/><V105/><F71/><W11/><G39/><T2/><D125/><U114/><E114/><V16/><F1/><W95/><G129/><T113/><D113/><U110/><E110/><V43/><F38/><W46/><G72/><T20/><D2/><U103/><E128/><V26/><F36/><W59/><G79/><T91/><D41/><U33/><E86/><V10/><F25/><W4/><G107/><T53/><D106/><U80/><E8/><V37/><F37/><W135/><G135/><T47/><D47/><U123/><E33/><V28/><F28/><W5/><G5/><T82/><D122/><U130/><E130/><V32/><REACH who="2" step="1"/><F17/><REACH who="2" ten="350,135,215,290" step="2"/><W64/><G27/><T70/><D70/><U119/><E119/><V89/><F89/><W111/><G111/><T63/><D120/><U54/><E123/><V35/><F35/><W56/><REACH who="3" step="1"/><G95/><REACH who="3" ten="350,135,215,280" step="2"/><T23/><D19/><U61/><E24/><V76/><F76/><W131/><G131/><T126/><D126/><U65/><E80/><V121/><F121/><W94/><G94/><T68/><D82/><U77/><E77/><V127/><F127/><W66/><AGARI ba="1,2" hai="4,11,12,42,46,48,56,58,59,64,66,92,96,102" machi="66" ten="30,7900,0" yaku="1,1,0,1,8,1,53,1" doraHai="112" doraHaiUra="99" who="3" fromWho="3" sc="350,-21,135,-21,215,-40,280,102" /><INIT seed="3,0,0,3,1,46" ten="329,114,175,382" oya="3" hai0="66,24,43,128,60,49,70,119,107,51,62,20,87" hai1="118,37,84,125,15,13,101,59,75,105,95,23,120" hai2="98,14,52,112,121,123,104,63,2,0,100,85,22" hai3="111,47,5,19,89,32,90,92,34,50,56,42,58"/><W134/><G134/><T53/><D119/><U81/><E37/><V114/><F85/><W64/><G111/><T110/><D110/><U93/><E120/><N who="2" m="46155" /><F14/><N who="1" m="5129" /><E75/><V26/><F63/><W1/><G19/><T99/><D128/><U131/><E125/><V76/><F76/><W4/><G89/><T16/><D43/><U126/><E105/><V40/><F40/><W102/><G102/><T21/><D87/><U68/><E68/><V116/><F116/><W45/><G45/><T30/><D60/><U57/><E131/><V132/><F52/><W77/><G77/><T31/><D53/><U6/><E126/><V108/><F132/><W129/><G129/><T39/><D39/><U82/><E118/><V88/><F88/><W25/><G5/><T80/><D80/><N who="1" m="30827" /><E6/><V8/><F108/><W55/><G64/><T29/><REACH who="0" step="1"/><D21/><REACH who="0" ten="319,114,175,382" step="2"/><U73/><E84/><V74/><F74/><W9/><G42/><T122/><D122/><U61/><E73/><V36/><F36/><W127/><G127/><T97/><D97/><U113/><E61/><V106/><F98/><W3/><G34/><T7/><D7/><U44/><E23/><V69/><F22/><W72/><G72/><T71/><D71/><U54/><E54/><V135/><F69/><W10/><G4/><T78/><D78/><U115/><E115/><V117/><F114/><W130/><G130/><T35/><D35/><U41/><E113/><V103/><F112/><W28/><G56/><T67/><D67/><U17/><E59/><V133/><F133/><W96/><G58/><T94/><D94/><U27/><E95/><RYUUKYOKU ba="0,1" sc="319,15,114,-15,175,-15,382,15" hai0="16,20,24,29,30,31,49,51,62,66,70,99,107" hai3="1,3,9,10,25,28,32,47,50,55,90,92,96" /><INIT seed="3,1,1,3,4,63" ten="334,99,160,397" oya="3" hai0="91,37,100,7,23,73,57,11,106,72,127,12,48" hai1="78,79,36,118,69,116,128,20,82,86,115,90,34" hai2="88,40,64,49,92,122,13,132,104,6,80,17,31" hai3="120,96,111,27,16,21,35,61,44,130,62,24,0"/><W10/><G120/><T65/><D127/><U14/><E34/><V93/><F104/><W117/><G117/><N who="1" m="45162" /><E36/><V15/><F31/><W101/><G130/><T58/><D37/><U113/><E69/><V114/><F132/><W77/><G77/><N who="1" m="29194" /><E128/><V108/><F108/><W43/><G111/><T133/><D133/><U94/><E14/><V123/><F114/><N who="1" m="43529" /><E20/><V71/><F71/><W119/><G119/><T126/><D23/><U47/><E47/><V22/><F22/><W87/><G35/><T9/><D12/><U74/><E74/><V54/><F15/><W56/><G21/><T25/><D73/><U41/><E41/><V81/><F40/><W30/><G44/><T102/><D72/><U50/><E50/><V98/><F49/><W112/><G43/><T33/><D48/><U76/><N who="1" m="29202" /><U99/><DORA hai="59" /><E99/><V85/><F98/><W5/><G112/><T67/><D33/><U3/><E3/><V8/><F13/><W124/><G96/><T83/><D11/><U129/><E129/><V26/><F8/><W38/><G38/><T89/><D9/><U39/><E39/><V125/><F123/><W29/><G10/><T75/><D75/><U19/><E19/><V51/><F122/><W68/><G16/><T55/><D7/><U103/><E103/><V53/><F51/><W131/><G5/><T84/><D100/><U60/><E60/><V121/><F17/><W95/><G101/><T46/><D102/><U42/><E42/><V4/><F6/><W2/><G131/><T18/><D18/><U45/><E45/><V107/><F121/><RYUUKYOKU ba="1,1" sc="334,-10,99,30,160,-10,397,-10" hai1="82,86,90,94" /><INIT seed="4,2,1,2,5,12" ten="324,129,150,387" oya="0" hai0="93,104,32,128,60,133,63,1,55,116,51,11,95" hai1="53,38,125,44,100,61,98,82,89,115,6,70,52" hai2="23,77,73,76,4,67,42,79,105,19,59,117,94" hai3="78,122,83,24,26,3,86,66,96,126,90,22,21"/><T65/><D116/><U88/><E125/><V28/><F105/><W106/><G3/><T48/><D133/><U111/><E111/><V74/><F117/><W56/><G126/><T49/><D128/><U10/><E115/><V20/><F4/><W7/><G7/><T130/><D130/><U113/><E113/><V37/><F37/><W127/><G127/><T27/><D104/><U101/><E70/><V33/><F33/><W62/><G122/><T119/><D119/><U43/><E100/><V2/><F2/><W58/><G106/><T118/><D118/><U54/><E61/><N who="2" m="38335" /><F73/><W69/><G96/><T41/><D41/><U123/><E123/><V9/><F42/><W99/><G99/><T109/><D109/><U85/><E89/><V35/><F35/><W46/><G46/><T68/><D11/><U135/><E135/><V0/><F0/><W102/><G102/><T80/><D1/><U132/><E132/><V75/><F75/><W29/><REACH who="3" step="1"/><G78/><REACH who="3" ten="324,129,150,377" step="2"/><T97/><D97/><U72/><E72/><V50/><F74/><W64/><G64/><T16/><D65/><U18/><E6/><V107/><F107/><W30/><AGARI ba="2,2" hai="21,22,24,26,29,30,56,58,62,66,69,83,86,90" machi="30" ten="20,5200,0" yaku="1,1,0,1,7,1,9,1,53,0" doraHai="12" doraHaiUra="47" who="3" fromWho="3" sc="324,-28,129,-15,150,-15,377,78" /><INIT seed="5,0,0,2,5,29" ten="296,114,135,455" oya="1" hai0="53,106,114,44,130,92,50,109,127,45,20,63,96" hai1="72,78,58,32,1,13,31,118,123,71,87,82,93" hai2="79,11,12,73,102,68,84,59,30,98,80,43,8" hai3="24,112,55,132,19,33,135,17,95,70,128,27,61"/><U113/><E71/><V56/><F68/><W22/><G112/><T122/><D109/><U49/><E1/><V36/><F30/><W28/><G128/><T76/><D127/><U7/><E118/><V38/><F11/><W21/><G95/><T121/><D114/><U129/><E123/><V34/><F34/><W10/><G55/><T6/><D130/><U52/><E113/><V125/><F125/><W133/><G10/><T4/><D106/><U108/><E129/><V47/><F38/><W69/><G61/><T107/><D107/><U85/><E108/><V16/><REACH who="2" step="1"/><F73/><REACH who="2" ten="296,114,125,455" step="2"/><W14/><AGARI ba="0,1" hai="14,17,19,21,22,24,27,28,33,69,70,132,133,135" machi="14" ten="30,4000,0" yaku="0,1,20,1,52,1" doraHai="29" who="3" fromWho="3" sc="296,-10,114,-20,125,-10,455,50" /><INIT seed="6,0,0,1,1,0" ten="286,94,115,505" oya="2" hai0="45,86,117,72,64,87,96,94,15,126,133,134,32" hai1="112,124,129,89,5,59,52,80,92,122,132,33,3" hai2="42,25,81,82,111,29,127,93,104,63,76,115,69" hai3="106,77,130,55,13,10,12,58,16,114,28,102,67"/><V60/><F104/><W135/><G67/><T7/><D32/><U43/><E33/><V78/><F115/><W101/><G106/><T50/><D64/><U1/><E112/><V18/><F69/><W8/><G28/><T23/><D72/><U46/><E129/><V53/><F42/><W68/><G68/><T120/><D120/><U11/><E124/><V131/><F131/><W6/><G135/><T110/><D110/><U71/><E71/><V22/><F127/><W121/><G121/><T98/><D126/><U97/><E132/><V74/><F111/><W24/><G130/><T26/><D117/><U73/><E122/><V88/><F53/><W14/><G24/><T4/><D134/><U21/><E21/><V61/><F18/><N who="3" m="8455" /><G77/><T109/><D109/><U85/><E73/><V84/><REACH who="2" step="1"/><F63/><REACH who="2" ten="286,94,105,505" step="2"/><N who="3" m="36319" /><G114/><T47/><D133/><U36/><E52/><V35/><F35/><W118/><G118/><T27/><D50/><U57/><E1/><V90/><F90/><AGARI ba="0,1" hai="3,5,11,36,43,46,57,59,80,85,89,90,92,97" machi="90" ten="30,2000,0" yaku="7,1,52,1" doraHai="0" who="1" fromWho="2" sc="286,0,94,30,105,-20,505,0" /><INIT seed="7,0,0,0,2,41" ten="286,124,85,505" oya="3" hai0="15,14,109,49,128,32,10,22,19,43,74,113,126" hai1="119,4,23,95,132,112,135,5,45,0,28,61,9" hai2="108,86,6,76,64,107,66,7,115,114,111,121,123" hai3="124,127,120,25,100,84,77,129,105,97,55,71,99"/><W33/><G120/><N who="2" m="46153" /><F107/><W101/><G129/><T116/><D49/><U38/><E112/><N who="2" m="43051" /><F86/><W65/><G55/><T118/><D43/><N who="1" m="22775" /><E119/><V8/><F76/><W2/><G2/><T18/><D113/><U24/><E95/><V94/><F94/><N who="3" m="58423" /><G84/><T117/><D74/><U90/><E4/><N who="2" m="1579" /><F8/><W73/><G73/><T72/><D72/><U20/><E61/><V83/><F83/><W102/><G102/><T17/><D109/><AGARI ba="0,0" hai="64,66,108,109,111" m="1579,43051,46153" machi="109" ten="40,8000,1" yaku="28,2,13,1,15,1" doraHai="41" who="2" fromWho="0" sc="286,-80,124,0,85,80,505,0" owari="206,1.0,124,-38.0,165,-23.0,505,60.0" /></mjloggm>