<mjloggm ver="2.3"><GO type="185" lobby="0"/><UN n0="%E3%81%BF%E3%83%BC%E3%82%8F" n1="%41%74%72%69%61" n2="%E3%81%B6%E3%82%8B%E3%81%AF%E3%81%A4" n3="" dan="17,17,16,0" rate="2261.61,2267.61,2144.35,1500.00" sx="M,F,M,C"/><TAIKYOKU oya="0"/><INIT seed="0,0,0,0,3,36" ten="350,350,350,0" oya="0" hai0="111,121,119,37,100,81,57,64,56,134,80,63,43" hai1="32,66,39,95,3,84,74,75,128,105,133,46,34" hai2="96,90,127,52,126,101,77,42,107,44,53,48,33" hai3=""/><T102/><N who="0" m="31008" /><T92/><D119/><U55/><E105/><V69/><F33/><T125/><D134/><U94/><E3/><V79/><F69/><T47/><D125/><N who="2" m="47626" /><F90/><T51/><D111/><U91/><E133/><V115/><F115/><T62/><D37/><U108/><E108/><V86/><F86/><T76/><D92/><U54/><E128/><V73/><F73/><T135/><D135/><U58/><E66/><V87/><F87/><T132/><D132/><U97/><E74/><V67/><F67/><T103/><REACH who="0" step="1"/><D76/><AGARI ba="0,0" hai="42,44,48,52,53,76,77,79,96,101,107" m="47626" machi="76" ten="30,3900,0" yaku="18,1,52,1,54,1" doraHai="36" who="2" fromWho="0" sc="350,-39,350,0,350,39,0,0" /><INIT seed="1,0,0,3,2,93" ten="311,350,389,0" oya="1" hai0="108,45,116,3,102,37,41,76,35,106,99,128,58" hai1="49,133,78,81,68,90,60,130,89,32,97,55,67" hai2="73,132,84,112,54,123,38,36,70,98,95,0,2" hai3=""/><U85/><E32/><V56/><N who="2" m="31520" /><V77/><F70/><T127/><D35/><U118/><E118/><V63/><F132/><T39/><D3/><U91/><E133/><V111/><F111/><T51/><D108/><U52/><E130/><V135/><F135/><T134/><D134/><U50/><E49/><V74/><F112/><T83/><D128/><U64/><E64/><V43/><F0/><T113/><D113/><U82/><E82/><V122/><N who="2" m="31264" /><V96/><F2/><T71/><D127/><U115/><E115/><V62/><F62/><T103/><D71/><U121/><N who="1" m="31008" /><U107/><REACH who="1" step="1"/><E50/><REACH who="1" ten="311,340,389,0" step="2"/><V119/><F119/><T94/><D116/><U105/><E105/><V48/><F48/><T92/><D106/><U79/><E79/><V42/><F77/><T69/><D51/><U88/><N who="1" m="22528" /><DORA hai="40" /><U120/><N who="1" m="30752" /><U44/><E44/><V110/><F110/><T61/><D45/><U129/><E129/><V75/><F95/><T86/><D94/><U34/><E34/><V1/><F1/><T87/><D92/><U100/><AGARI ba="0,1" hai="52,55,60,67,68,78,81,85,97,100,107" m="30752,22528,31008" machi="100" ten="40,16000,3" yaku="1,1,0,1,52,3,54,2,53,1" doraHai="93,40" doraHaiUra="65,109" who="1" fromWho="1" sc="311,-80,340,170,389,-80,0,0" /><INIT seed="1,1,0,4,2,80" ten="231,510,309,0" oya="1" hai0="71,89,109,72,53,77,92,100,130,46,51,81,42" hai1="75,106,119,2,90,134,118,111,108,58,120,124,85" hai2="117,61,56,123,3,83,50,129,63,93,39,33,84" hai3=""/><U127/><N who="1" m="30752" /><U45/><E2/><V59/><N who="2" m="31520" /><V131/><F3/><T38/><D109/><N who="1" m="42059" /><E75/><V82/><F33/><T57/><D130/><N who="2" m="49674" /><F39/><T68/><REACH who="0" step="1"/><D100/><REACH who="0" ten="221,510,309,0" step="2"/><U128/><E128/><V122/><N who="2" m="31264" /><V47/><F117/><T101/><D101/><U114/><E119/><V121/><N who="2" m="31008" /><V76/><F93/><T62/><D62/><N who="2" m="23562" /><F83/><T86/><AGARI ba="1,1" hai="38,42,46,51,53,57,68,71,72,77,81,86,89,92" machi="86" ten="20,6000,1" yaku="1,1,0,1,7,1,52,1,53,1" doraHai="80" doraHaiUra="54" who="0" fromWho="0" sc="221,72,510,-41,309,-21,0,0" /><INIT seed="2,0,0,0,5,74" ten="293,469,288,0" oya="2" hai0="100,71,59,50,65,102,87,90,116,77,128,48,75" hai1="36,92,134,34,38,83,3,111,104,88,46,79,117" hai2="61,135,54,64,32,49,67,106,66,120,119,40,108" hai3=""/><V122/><N who="2" m="30752" /><V56/><N who="2" m="31264" /><V60/><F32/><T125/><D128/><U47/><E34/><V63/><F106/><T126/><D116/><U112/><E112/><V58/><F119/><T91/><D71/><U69/><E117/><V132/><F108/><T73/><D65/><N who="2" m="25194" /><F40/><T45/><D59/><U1/><E69/><V113/><F113/><T82/><D50/><U105/><E111/><V51/><F51/><T41/><D75/><U131/><E131/><V86/><F86/><T70/><D70/><U72/><E134/><AGARI ba="0,0" hai="49,54,56,58,60,61,63,67,132,134,135" m="25194,31264,30752" machi="134" ten="30,12000,1" yaku="20,1,34,2,52,2" doraHai="74" who="2" fromWho="1" sc="293,0,469,-120,288,120,0,0" /><INIT seed="2,1,0,0,4,110" ten="293,349,408,0" oya="2" hai0="63,72,68,77,48,50,34,87,104,54,115,78,98" hai1="49,89,108,120,36,53,73,113,42,74,58,95,64" hai2="62,114,51,100,3,93,118,101,121,45,69,59,35" hai3=""/><V33/><N who="2" m="31008" /><V105/><F3/><T76/><D34/><U92/><N who="1" m="30752" /><U60/><E108/><V86/><F118/><T56/><D72/><U38/><E95/><V88/><F69/><T130/><D130/><U123/><N who="1" m="31520" /><U96/><E113/><V111/><F111/><T41/><D115/><U103/><E103/><V67/><F114/><T37/><D104/><U90/><E90/><V0/><F0/><T55/><D98/><U61/><E60/><V131/><F131/><T44/><D68/><U79/><E42/><V81/><F105/><T43/><D43/><U126/><E126/><V70/><F70/><T109/><D109/><U46/><REACH who="1" step="1"/><E79/><REACH who="1" ten="293,339,408,0" step="2"/><V107/><F107/><T2/><D2/><U83/><E83/><V94/><F33/><T112/><D112/><U122/><N who="1" m="31264" /><U80/><E80/><V75/><F35/><T91/><D77/><U40/><E40/><V71/><F101/><T65/><D76/><U52/><E52/><V32/><F100/><T129/><D78/><U97/><E97/><V99/><F32/><T85/><D55/><U124/><E124/><V106/><F106/><T39/><D54/><U127/><E127/><V128/><F99/><T135/><D41/><U102/><E102/><RYUUKYOKU ba="1,1" sc="293,-10,339,20,408,-10,0,0" hai1="36,38,46,49,53,58,61,64,73,74,89,92,96" /><INIT seed="4,2,1,4,5,101" ten="283,359,398,0" oya="0" hai0="59,134,132,128,75,93,102,2,67,124,32,95,74" hai1="115,57,89,130,119,106,100,36,76,123,88,127,112" hai2="97,78,35,120,98,87,110,44,58,111,65,46,53" hai3=""/><T83/><D2/><U51/><N who="1" m="31520" /><U104/><E36/><V68/><N who="2" m="30752" /><V66/><F35/><T70/><D32/><U38/><E38/><V79/><F68/><T129/><D70/><U117/><E76/><V90/><F110/><T135/><D124/><U113/><E127/><V69/><F69/><T43/><D43/><U3/><E3/><V82/><F111/><T1/><D1/><U61/><E51/><V86/><F78/><T126/><D126/><U52/><E130/><N who="0" m="50281" /><D83/><U122/><N who="1" m="31264" /><U103/><E100/><V109/><F109/><T45/><D45/><U81/><E103/><V108/><F108/><T48/><D102/><U42/><E42/><V118/><F44/><T37/><D37/><U105/><E81/><V80/><F46/><T39/><D39/><U64/><E64/><N who="2" m="24683" /><F118/><AGARI ba="2,1" hai="52,57,61,88,89,104,105,106,112,113,115,117,118,119" m="31264,31520" machi="118" ten="50,16000,3" yaku="15,1,11,1,52,5,54,2" doraHai="101" who="1" fromWho="2" sc="283,0,359,174,398,-164,0,0" /><INIT seed="5,0,0,4,3,47" ten="283,533,234,0" oya="1" hai0="45,3,59,82,63,105,125,46,70,123,104,92,102" hai1="131,79,126,78,33,40,62,34,115,100,0,60,101" hai2="86,2,49,129,135,90,53,75,122,91,32,74,116" hai3=""/><U132/><E0/><V117/><N who="2" m="31264" /><V89/><F2/><T51/><N who="0" m="31520" /><T69/><D3/><U134/><E40/><V72/><F32/><T121/><N who="0" m="31008" /><T38/><D125/><U73/><E73/><V112/><F86/><T52/><D82/><U50/><E115/><V96/><F129/><T48/><D38/><U118/><E126/><V41/><F41/><T39/><D39/><U65/><E65/><V97/><F135/><T1/><D1/><U71/><E71/><V37/><F37/><T119/><D119/><U95/><E95/><V43/><F43/><T36/><D36/><U55/><E55/><V110/><F112/><T64/><D69/><U130/><E118/><N who="2" m="45675" /><F49/><AGARI ba="0,0" hai="33,34,49,50,60,62,78,79,100,101,130,131,132,134" machi="49" ten="25,9600,0" yaku="22,2,52,2" doraHai="47" who="1" fromWho="2" sc="283,0,533,96,234,-96,0,0" /><INIT seed="5,1,0,3,0,118" ten="283,629,138,0" oya="1" hai0="92,39,98,110,60,115,90,121,135,88,103,51,125" hai1="114,78,77,131,127,0,48,112,106,83,33,76,101" hai2="64,132,59,79,129,35,46,107,38,134,91,32,40" hai3=""/><U1/><E33/><V73/><F107/><T72/><N who="0" m="31008" /><T89/><D39/><U87/><E127/><V58/><F129/><T53/><D110/><U56/><E131/><V75/><F91/><T117/><D125/><U67/><E101/><V55/><F64/><T120/><N who="0" m="30752" /><T80/><D115/><N who="1" m="44075" /><E106/><V71/><F71/><T109/><D109/><U2/><E48/><V113/><F113/><T82/><D135/><N who="2" m="51754" /><F59/><T108/><D108/><U69/><E56/><V36/><F36/><T41/><D117/><U43/><E43/><V66/><F66/><T122/><N who="0" m="31264" /><T57/><D72/><N who="2" m="27722" /><F79/><T81/><D41/><U49/><E49/><AGARI ba="1,0" hai="32,35,38,40,46,49,55,58" m="27722,51754" machi="49" ten="30,1000,0" yaku="20,1" doraHai="118" who="2" fromWho="1" sc="283,0,629,-12,138,12,0,0" /><AGARI ba="1,0" hai="49,51,53,57,60,80,81,82,88,89,90,92,98,103" m="31264,30752,31008" machi="49" ten="40,16000,3" yaku="8,1,52,6,54,1" doraHai="118" who="0" fromWho="1" sc="283,160,617,-160,150,0,0,0" /><INIT seed="6,0,0,1,3,58" ten="443,457,150,0" oya="2" hai0="89,80,67,129,127,130,128,109,73,117,37,95,108" hai1="56,83,104,70,87,57,110,85,48,65,46,126,106" hai2="123,113,33,96,53,132,77,78,74,51,112,59,124" hai3=""/><V133/><N who="2" m="31520" /><V94/><F33/><T120/><N who="0" m="30752" /><T71/><D37/><U2/><E110/><N who="0" m="42601" /><D117/><U79/><E2/><V54/><F74/><T97/><D127/><U45/><E126/><V41/><F41/><T64/><D71/><U98/><E70/><V114/><F124/><T125/><D125/><U122/><N who="1" m="31264" /><U86/><E45/><V88/><REACH who="2" step="1"/><F53/><REACH who="2" ten="443,457,140,0" step="2"/><T43/><D43/><U68/><E65/><V66/><F66/><T32/><D32/><U101/><E68/><V0/><F0/><T39/><D39/><U121/><N who="1" m="31008" /><U103/><E86/><V131/><F131/><T93/><D64/><U69/><E69/><V75/><F75/><T42/><D67/><U119/><E85/><V60/><F60/><T76/><D42/><U134/><E119/><V118/><F118/><T47/><D73/><U135/><E135/><AGARI ba="0,1" hai="51,54,59,77,78,88,94,96,112,113,114,132,133,135" m="31520" machi="135" ten="50,18000,2" yaku="1,1,15,1,20,1,52,1,54,1,53,2" doraHai="58" doraHaiUra="72" who="2" fromWho="1" sc="443,0,457,-180,140,190,0,0" /><INIT seed="6,1,0,5,2,95" ten="443,277,330,0" oya="2" hai0="112,2,124,128,119,126,70,89,51,3,33,1,107" hai1="50,79,64,104,36,62,35,132,96,98,0,43,113" hai2="69,102,88,61,59,73,32,85,111,38,39,131,45" hai3=""/><V41/><F32/><T99/><D119/><U74/><E35/><V86/><F73/><T37/><D33/><U82/><E0/><V44/><F131/><T40/><D128/><U134/><E113/><V117/><F117/><T109/><D109/><U106/><E36/><V97/><F69/><T48/><D112/><U84/><E74/><V127/><F127/><N who="0" m="48682" /><D70/><U77/><E77/><V92/><F111/><T100/><D89/><U87/><E87/><V52/><REACH who="2" step="1"/><F102/><REACH who="2" ten="443,277,320,0" step="2"/><T133/><D133/><N who="1" m="51307" /><E106/><V120/><N who="2" m="30752" /><V93/><F93/><T71/><D71/><U56/><E104/><V53/><F53/><T94/><D107/><U66/><E66/><V60/><F60/><T65/><D65/><U110/><E110/><V135/><F135/><T46/><AGARI ba="1,1" hai="1,2,3,37,40,46,48,51,94,99,100" m="48682" machi="46" ten="40,2000,0" yaku="18,1,52,1" doraHai="95" who="0" fromWho="0" sc="443,32,277,-8,320,-14,0,0" owari="475,42.0,269,-33.0,306,-9.0,0,0.0" /></mjloggm>