<mjloggm ver="2.3"><GO type="169" lobby="0"/><UN n0="%62%6F%79%61%74%65%74%75" n1="%73%61%6C%61%6D%61%6E" n2="%E5%90%8D%E5%89%8D%E6%9C%AA%E5%AE%9A" n3="%E4%B9%BE%E5%9D%A4%E5%8D%81%E4%BA%94%E6%93%B2" dan="16,16,17,16" rate="2111.70,2107.53,2138.67,2104.95" sx="M,M,M,M"/><TAIKYOKU oya="0"/><INIT seed="0,0,0,1,3,29" ten="250,250,250,250" oya="0" hai0="125,41,77,31,89,20,135,4,65,71,44,118,133" hai1="93,123,58,73,103,38,76,67,40,90,105,134,5" hai2="126,28,16,21,2,10,122,107,49,61,115,87,110" hai3="39,47,36,1,95,101,43,66,70,127,0,14,18"/><T111/><D118/><U19/><E123/><V119/><F115/><W12/><G127/><T130/><D77/><U94/><E134/><V64/><F126/><W13/><G39/><T8/><D125/><U26/><E5/><V117/><F122/><W104/><G104/><T120/><D120/><U75/><E105/><V100/><F110/><W59/><G70/><T24/><D130/><U102/><E38/><V108/><F108/><W53/><G66/><T78/><D78/><U68/><E68/><V88/><F49/><W52/><G53/><T121/><D121/><U23/><E40/><V32/><F100/><W92/><G95/><T91/><D111/><U46/><E46/><V7/><F107/><W54/><G54/><T81/><D65/><U30/><E94/><V48/><F48/><W131/><G131/><T99/><D71/><U112/><E112/><V6/><F6/><W114/><G114/><T50/><D99/><U34/><E67/><V25/><F61/><W85/><G0/><T42/><D42/><U63/><E63/><V11/><F11/><W80/><G1/><N who="0" m="15" /><D81/><U124/><E124/><V129/><F129/><W109/><G109/><T74/><D74/><U55/><E76/><V62/><F62/><N who="3" m="36199" /><G101/><N who="1" m="38410" /><E55/><V51/><F51/><N who="3" m="27135" /><G92/><T22/><D135/><U45/><E45/><V3/><F64/><W37/><G37/><T82/><D133/><U79/><E58/><V56/><F56/><W9/><G36/><T96/><D82/><N who="1" m="45423" /><E75/><V17/><F2/><W83/><G83/><T116/><D116/><N who="2" m="44618" /><F21/><N who="0" m="8298" /><D96/><N who="1" m="57399" /><E19/><V57/><F57/><W128/><G128/><T106/><D106/><RYUUKYOKU ba="0,0" sc="250,0,250,0,250,0,250,0" hai0="24,31,41,44,50,89,91" hai1="23,26,30,34" hai2="3,7,10,16,17,25,28,32,87,88" hai3="9,12,13,14,18,80,85" /><INIT seed="0,1,0,3,2,44" ten="250,250,250,250" oya="0" hai0="43,10,68,0,80,30,8,118,61,78,98,35,25" hai1="40,12,127,66,62,27,134,95,99,106,18,107,102" hai2="86,132,123,26,112,72,94,33,67,120,126,47,41" hai3="93,96,111,2,108,121,89,13,53,1,104,77,122"/><T17/><D118/><U55/><E127/><V32/><F126/><W14/><G77/><T59/><D68/><U103/><E134/><V11/><F72/><W7/><G104/><T105/><D43/><U129/><E129/><V87/><F132/><W56/><G14/><T69/><D17/><U63/><E40/><V91/><F67/><W84/><G96/><T6/><D10/><U51/><E27/><V70/><F70/><W24/><G24/><T16/><D16/><U130/><E130/><V92/><F112/><W85/><G85/><T58/><D69/><U23/><E103/><V110/><F11/><N who="3" m="4351" /><G1/><T20/><D35/><U57/><REACH who="1" step="1"/><E62/><REACH who="1" ten="250,240,250,250" step="2"/><V19/><F26/><W28/><G28/><T100/><REACH who="0" step="1"/><D61/><REACH who="0" ten="240,240,250,250" step="2"/><U79/><E79/><V45/><F41/><W114/><G114/><T50/><D50/><U119/><E119/><V9/><F33/><W116/><G116/><T37/><D37/><U34/><E34/><V128/><F32/><W21/><G21/><T74/><AGARI ba="1,2" hai="0,6,8,20,25,30,58,59,74,78,80,98,100,105" machi="74" ten="20,7800,0" yaku="1,1,0,1,7,1,53,1" doraHai="44" doraHaiUra="97" who="0" fromWho="0" sc="240,101,240,-27,250,-27,250,-27" /><INIT seed="0,2,0,1,3,37" ten="341,213,223,223" oya="0" hai0="122,25,73,98,74,111,22,114,77,8,86,106,50" hai1="30,18,126,1,94,115,53,28,26,34,100,2,103" hai2="96,46,89,11,70,52,24,130,113,35,128,38,40" hai3="120,127,32,117,56,64,91,36,75,110,51,43,85"/><T60/><D122/><U54/><E126/><V95/><F113/><W20/><G75/><T5/><D114/><U124/><E124/><V79/><F70/><W57/><G32/><T63/><D111/><U48/><E115/><V123/><F123/><W16/><G127/><T134/><D134/><U4/><E30/><V84/><F11/><W121/><G117/><T42/><D74/><U105/><E105/><V80/><F35/><W62/><G110/><T118/><D73/><U135/><E135/><V61/><REACH who="2" step="1"/><F24/><REACH who="2" ten="341,213,213,223" step="2"/><W27/><G121/><T66/><D25/><U112/><E34/><V45/><F45/><N who="3" m="26047" /><G120/><T68/><D68/><U21/><E112/><V101/><F101/><W17/><G56/><AGARI ba="2,1" hai="38,40,46,52,56,61,79,80,84,89,95,96,128,130" machi="56" ten="40,5200,0" yaku="1,1,52,1,54,1,53,0" doraHai="37" doraHaiUra="3" who="2" fromWho="3" sc="341,0,213,0,213,68,223,-58" /><INIT seed="1,0,0,3,2,98" ten="341,213,281,165" oya="1" hai0="50,13,65,38,39,40,130,88,48,6,41,122,96" hai1="99,93,49,20,86,114,51,71,113,104,53,54,72" hai2="101,32,126,24,108,124,14,11,17,135,110,8,42" hai3="43,119,80,63,2,46,59,78,107,79,45,123,36"/><U75/><E71/><V87/><F42/><W125/><G123/><T33/><D33/><U1/><E1/><V94/><F87/><W111/><G125/><N who="2" m="48233" /><F94/><W76/><G119/><T91/><D122/><U73/><E104/><V25/><F101/><W77/><G111/><N who="2" m="42537" /><F135/><W69/><G107/><T112/><D41/><U29/><E86/><V12/><F32/><W89/><G69/><T19/><D40/><U4/><E113/><V52/><F52/><W62/><G2/><T121/><D112/><U92/><E114/><V60/><F60/><W85/><G46/><T28/><D121/><U55/><E92/><V57/><F57/><W100/><N who="3" m="19456" /><DORA hai="18" /><W95/><REACH who="3" step="1"/><G59/><REACH who="3" ten="341,213,281,155" step="2"/><T30/><D130/><U82/><E75/><V133/><F133/><W81/><G81/><T16/><D38/><U102/><E82/><V3/><F3/><W106/><G106/><T37/><D37/><U132/><E132/><V5/><AGARI ba="0,1" hai="5,8,11,12,14,17,24,25" m="42537,48233" machi="5" ten="30,7900,0" yaku="18,1,14,1,34,2" doraHai="98,18" who="2" fromWho="2" sc="341,-20,213,-39,281,89,155,-20" /><INIT seed="2,0,0,2,1,45" ten="321,174,370,135" oya="2" hai0="10,119,4,130,105,39,65,87,25,83,1,123,21" hai1="92,59,134,67,122,24,37,20,32,91,108,102,73" hai2="26,109,117,9,80,31,13,120,135,18,81,55,8" hai3="71,124,98,132,106,17,27,86,19,90,40,29,99"/><V69/><F120/><W85/><G71/><T43/><D123/><U16/><E122/><V126/><F117/><W62/><G124/><T38/><D119/><U33/><E108/><V51/><F69/><W61/><G132/><T2/><D2/><U133/><E73/><V112/><F112/><W88/><G40/><T23/><D105/><U118/><E37/><V89/><F135/><N who="1" m="51721" /><E102/><V115/><F115/><W104/><G27/><T101/><D101/><U78/><E78/><V53/><F126/><W74/><REACH who="3" step="1"/><G29/><REACH who="3" ten="321,174,370,125" step="2"/><T127/><D127/><U103/><E118/><V42/><F31/><W7/><G7/><T114/><D4/><U5/><E5/><V63/><F26/><W22/><G22/><T94/><D43/><U125/><E125/><V116/><F116/><W75/><AGARI ba="0,1" hai="17,19,61,62,74,75,85,86,88,90,98,99,104,106" machi="75" ten="25,8000,1" yaku="1,1,0,1,22,2,54,1,53,0" doraHai="45" doraHaiUra="54" who="3" fromWho="3" sc="321,-20,174,-20,370,-40,125,90" /><INIT seed="3,0,0,4,2,22" ten="301,154,330,215" oya="3" hai0="21,24,101,86,103,82,66,131,50,93,113,110,89" hai1="32,36,30,6,39,63,120,77,64,73,37,9,79" hai2="31,3,56,51,27,102,98,111,60,11,107,133,124" hai3="132,69,61,48,119,108,47,0,33,5,68,53,26"/><W117/><G0/><T92/><D110/><U54/><E120/><V41/><F133/><W121/><G5/><T87/><D131/><U123/><E123/><V116/><F124/><W100/><G121/><T28/><D113/><U10/><E54/><V62/><F111/><W97/><G108/><T18/><D66/><U112/><E112/><V80/><F116/><W25/><G132/><T118/><D118/><U127/><E127/><V67/><F80/><W125/><G125/><T106/><D106/><U115/><E115/><V42/><F51/><W95/><G119/><T57/><D93/><U38/><E38/><V84/><F84/><W44/><G117/><T65/><D28/><U16/><E73/><V76/><F76/><W14/><G33/><T135/><D135/><U23/><E30/><V99/><F99/><W13/><G69/><T46/><D57/><U49/><E49/><V75/><F75/><W8/><G68/><T90/><REACH who="0" step="1"/><D65/><REACH who="0" ten="291,154,330,215" step="2"/><U7/><E64/><V114/><F114/><W15/><G61/><T35/><D35/><U126/><E63/><V128/><F128/><W83/><G83/><T4/><D4/><U52/><E6/><N who="2" m="1503" /><F60/><W70/><G70/><T104/><D104/><U122/><E7/><V105/><F105/><W134/><G134/><T12/><D12/><N who="1" m="9607" /><E126/><V17/><F31/><W85/><G8/><N who="1" m="3178" /><E122/><V71/><F71/><W74/><G13/><T129/><D129/><U20/><E32/><V55/><F67/><W130/><G130/><T78/><D78/><N who="1" m="29707" /><E20/><N who="2" m="13711" /><F62/><W96/><G14/><T94/><D94/><U29/><E29/><V72/><F72/><RYUUKYOKU ba="0,1" sc="291,10,154,10,330,10,215,-30" hai0="18,21,24,46,50,82,86,87,89,90,92,101,103" hai1="36,37,39,52" hai2="41,42,55,56,98,102,107" /><INIT seed="4,1,1,0,4,73" ten="301,164,340,185" oya="0" hai0="108,118,86,85,103,30,22,92,72,62,2,75,38" hai1="47,94,74,61,8,106,130,35,36,0,57,79,49" hai2="97,6,52,96,69,117,112,5,101,31,16,83,66" hai3="76,80,116,50,11,124,102,64,82,78,32,25,41"/><T125/><D118/><U21/><E106/><V18/><F117/><W135/><G116/><T63/><D2/><U58/><E35/><V93/><F112/><W104/><G124/><T39/><D125/><U95/><E36/><V1/><F1/><W105/><G135/><T24/><D108/><U28/><E130/><V129/><F129/><W14/><G64/><T81/><D39/><U87/><E74/><V34/><F69/><W115/><G115/><T59/><D38/><U113/><E113/><V20/><F66/><W122/><G122/><T17/><D75/><U128/><E128/><V44/><F34/><W71/><G71/><T77/><D17/><N who="2" m="6762" /><F83/><W134/><G134/><T13/><D13/><U55/><E8/><V23/><F97/><W70/><G70/><T42/><D42/><N who="1" m="24823" /><E0/><V107/><F107/><W37/><G37/><T88/><D103/><U100/><E100/><V65/><F65/><W19/><G102/><T121/><D121/><U119/><E119/><V29/><F23/><W51/><G32/><T99/><REACH who="0" step="1"/><D63/><REACH who="0" ten="291,164,340,185" step="2"/><U126/><E61/><V12/><F12/><W56/><G41/><T4/><D4/><U109/><E109/><V120/><F120/><W90/><G14/><T131/><D131/><U132/><E132/><V67/><F5/><W33/><G105/><T45/><D45/><U26/><E126/><V46/><F46/><W114/><G104/><T40/><D40/><U3/><E3/><V43/><F43/><W84/><G114/><T127/><D127/><U15/><E15/><V10/><F44/><W7/><G7/><T110/><D110/><RYUUKYOKU ba="1,2" sc="291,30,164,-10,340,-10,185,-10" hai0="22,24,30,59,62,72,77,81,85,86,88,92,99" /><INIT seed="4,2,2,1,5,79" ten="321,154,330,175" oya="0" hai0="100,104,45,8,31,3,5,22,111,62,71,114,46" hai1="30,98,48,32,23,24,107,34,2,63,0,84,28" hai2="75,126,6,77,92,96,130,89,61,105,29,112,27" hai3="10,76,129,39,93,81,51,50,128,12,26,65,38"/><T17/><D114/><U15/><E48/><N who="3" m="18474" /><G65/><T49/><D31/><N who="1" m="11819" /><E84/><V72/><F112/><W91/><G26/><T116/><D116/><U124/><E63/><V64/><F105/><W55/><G55/><T78/><D111/><U56/><E56/><V66/><F66/><W16/><G93/><T36/><D36/><U33/><E98/><V135/><F6/><W134/><G91/><T95/><D104/><U110/><E107/><V68/><F135/><W70/><G70/><T54/><D78/><U20/><E110/><V86/><F130/><N who="3" m="50283" /><G134/><T101/><D95/><U103/><E103/><V14/><F68/><W52/><G52/><T90/><D90/><U43/><E43/><V123/><F64/><W108/><G108/><T73/><D71/><U127/><E24/><V11/><F61/><W85/><AGARI ba="2,2" hai="10,12,16,38,39,76,81,85" m="50283,18474" machi="85" ten="30,4000,0" yaku="19,1,52,1,54,1" doraHai="79" who="3" fromWho="3" sc="321,-22,154,-12,330,-12,175,66" /><INIT seed="5,0,0,4,3,5" ten="299,142,318,241" oya="1" hai0="41,128,80,51,84,88,103,45,100,118,43,34,2" hai1="135,131,27,72,24,66,28,85,94,3,12,48,76" hai2="119,101,83,68,124,133,113,96,35,56,15,58,62" hai3="17,71,108,75,46,130,37,120,64,77,74,97,129"/><U11/><E3/><V6/><F119/><W92/><G120/><T134/><D118/><U126/><E72/><V30/><F133/><W8/><G108/><T38/><D34/><U20/><E135/><V52/><F124/><W93/><G64/><T0/><D134/><U123/><E123/><V59/><F113/><W18/><G71/><T122/><D122/><U33/><E126/><V31/><F83/><W63/><G63/><T82/><D128/><N who="3" m="49257" /><G77/><T10/><D82/><U117/><E117/><V14/><F68/><W7/><G46/><T107/><D107/><U47/><E131/><V79/><F35/><W53/><G53/><T54/><D0/><U25/><E66/><V13/><F79/><W115/><G37/><T98/><D38/><U87/><E76/><V132/><F6/><W81/><G81/><T26/><D80/><U44/><E44/><V105/><F132/><W109/><G109/><T69/><D69/><U22/><E33/><V90/><F90/><N who="3" m="55447" /><G115/><T86/><D45/><U60/><E60/><V127/><F127/><W57/><G57/><T95/><D43/><N who="1" m="24703" /><E94/><V16/><F62/><W116/><G93/><T1/><D95/><U67/><E67/><V104/><F104/><W19/><G116/><T50/><D41/><U99/><E99/><V112/><F112/><W70/><G70/><T106/><D98/><U42/><E42/><V36/><F36/><W9/><G7/><T121/><D106/><U39/><E39/><V40/><F40/><W49/><G49/><T110/><D121/><U21/><E28/><N who="2" m="10795" /><F52/><W91/><G91/><T61/><D88/><RYUUKYOKU ba="0,0" sc="299,-30,142,10,318,10,241,10" hai1="11,12,20,21,22,24,25,27,85,87" hai2="13,14,15,16,56,58,59,96,101,105" hai3="8,9,17,18,19,74,75" /><INIT seed="5,1,0,4,0,59" ten="269,152,328,251" oya="1" hai0="129,34,128,3,122,14,67,38,96,32,21,13,29" hai1="44,30,64,83,47,16,69,120,23,97,127,89,66" hai2="42,72,74,8,10,36,11,50,112,76,93,33,119" hai3="17,116,121,18,40,75,132,68,100,126,70,41,6"/><U115/><E120/><V77/><F119/><W84/><G75/><T56/><D38/><U45/><E115/><V52/><F33/><N who="0" m="12906" /><D96/><U9/><E127/><V80/><F112/><W102/><G84/><T60/><D3/><U4/><E30/><V92/><F36/><W22/><G121/><T107/><D107/><U124/><E124/><V113/><F42/><W54/><G126/><T62/><D122/><U91/><E69/><V88/><F113/><W43/><G6/><T90/><D90/><N who="1" m="34315" /><E83/><V57/><F88/><W65/><G116/><T37/><D37/><U109/><E97/><V125/><F125/><W135/><G54/><N who="0" m="33815" /><D21/><U31/><E31/><V25/><F25/><W27/><G102/><T99/><D99/><U114/><E114/><V95/><REACH who="2" step="1"/><F92/><REACH who="2" ten="269,152,318,251" step="2"/><W2/><G27/><T71/><D29/><U26/><E109/><V106/><F106/><W81/><G43/><T123/><D123/><U103/><E103/><V130/><F130/><AGARI ba="1,1" hai="13,14,62,67,71,128,129,130" m="33815,12906" machi="130" ten="30,3900,0" yaku="19,1,52,2" doraHai="59" who="0" fromWho="2" sc="269,52,152,0,318,-42,251,0" /><INIT seed="6,0,0,1,5,71" ten="321,152,276,251" oya="2" hai0="60,134,81,15,43,54,63,11,120,29,75,115,111" hai1="38,102,83,119,133,90,65,32,31,41,34,42,128" hai2="18,96,122,5,52,91,73,13,20,2,66,93,101" hai3="21,22,27,47,85,108,10,107,40,118,127,77,125"/><V103/><F122/><W37/><G107/><T30/><D120/><U68/><E119/><V79/><F2/><W44/><G118/><T84/><D111/><U50/><E102/><V105/><F66/><W9/><G108/><T16/><D75/><U99/><E128/><V94/><F5/><W39/><G85/><T69/><D134/><U97/><E133/><V48/><F105/><W46/><G77/><T1/><D1/><U100/><E68/><V106/><F106/><W59/><G59/><T117/><D115/><U98/><E100/><V55/><F55/><W25/><G47/><T95/><D95/><U12/><E65/><V26/><F26/><W23/><G23/><T113/><D113/><U14/><E50/><V89/><F79/><W4/><G4/><T135/><D135/><U56/><E56/><N who="2" m="32775" /><F73/><W17/><G17/><T51/><D69/><U49/><E49/><V129/><F129/><W87/><REACH who="3" step="1"/><G87/><AGARI ba="0,0" hai="13,18,20,87,89,91,93,94,96,101,103" m="32775" machi="87" ten="30,5800,0" yaku="25,1,8,1,54,1" doraHai="71" who="2" fromWho="3" sc="321,0,152,0,276,58,251,-58" /><INIT seed="6,1,0,1,5,85" ten="321,152,334,193" oya="2" hai0="96,36,20,98,59,45,68,32,92,121,81,3,9" hai1="134,26,39,67,116,60,21,4,100,69,44,101,83" hai2="66,115,13,135,41,30,7,0,10,91,122,49,46" hai3="22,42,84,80,23,33,124,55,107,24,119,17,78"/><V133/><F122/><W86/><G119/><T11/><D68/><U2/><E116/><V51/><F115/><W34/><G107/><T117/><D32/><U70/><E70/><V104/><F104/><W102/><G102/><T5/><D121/><U56/><E134/><N who="2" m="51211" /><F30/><W47/><G124/><T113/><D117/><U127/><E127/><V129/><F129/><W97/><G97/><T114/><D81/><U61/><E83/><V25/><F25/><W131/><G131/><T79/><D79/><U8/><E44/><V6/><F66/><W105/><G105/><T123/><D123/><U99/><E39/><V58/><F0/><W37/><G55/><T89/><D59/><U48/><E48/><V120/><F120/><W43/><G43/><T74/><D74/><U63/><E69/><V65/><F91/><W125/><G125/><T12/><D20/><U94/><REACH who="1" step="1"/><E101/><REACH who="1" ten="321,142,334,193" step="2"/><V64/><F51/><W128/><G128/><T88/><D36/><U54/><E54/><V132/><F132/><W118/><G118/><T35/><D45/><U53/><E53/><V130/><F130/><W27/><G86/><T57/><D114/><U103/><E103/><V90/><F41/><W19/><AGARI ba="1,1" hai="17,19,22,23,24,27,33,34,37,42,47,78,80,84" machi="19" ten="20,2700,0" yaku="0,1,7,1,9,1" doraHai="85" who="3" fromWho="3" sc="321,-8,142,-8,334,-14,193,40" /><INIT seed="7,0,0,2,2,6" ten="313,134,320,233" oya="3" hai0="66,30,92,25,43,46,128,47,93,3,40,38,35" hai1="27,81,65,69,111,100,13,16,73,20,11,131,70" hai2="10,75,0,129,54,104,94,29,115,113,24,72,15" hai3="18,90,106,45,86,37,74,84,2,102,83,71,112"/><W14/><G71/><T127/><D3/><U135/><E111/><V56/><F104/><W49/><G37/><T98/><D128/><U58/><E131/><V120/><F94/><W57/><G2/><T36/><D127/><U9/><E135/><V97/><F97/><W34/><G34/><T130/><D130/><U51/><E100/><V52/><F54/><W91/><G112/><N who="2" m="43081" /><F0/><W105/><G74/><T42/><D42/><U89/><E69/><V119/><F120/><W39/><G57/><T63/><D98/><U122/><E70/><AGARI ba="0,0" hai="25,30,35,36,38,40,43,46,47,63,66,70,92,93" machi="70" ten="30,2000,0" yaku="7,1,9,1" doraHai="6" who="0" fromWho="1" sc="313,20,134,-20,320,0,233,0" owari="333,44.0,114,-39.0,320,12.0,233,-17.0" /></mjloggm>