<mjloggm ver="2.3"><GO type="169" lobby="0"/><UN n0="%E7%B4%A0%E6%8C%AF%E3%82%8A%E7%8C%AB" n1="%52%65%64%62%75%6C%6C" n2="%E9%88%B4%E4%B8%B8" n3="%E3%81%8B%E3%81%A5%E3%81%8D%EF%BC%B8%EF%BC%A9" dan="17,18,17,16" rate="2156.14,2182.53,2193.77,2108.59" sx="M,F,M,M"/><TAIKYOKU oya="0"/><INIT seed="0,0,0,3,5,69" ten="250,250,250,250" oya="0" hai0="28,8,6,123,41,71,27,128,9,116,5,18,126" hai1="78,80,135,32,33,61,43,119,46,81,59,15,88" hai2="16,53,115,49,24,84,96,101,85,57,42,1,34" hai3="48,117,130,66,0,14,122,44,70,90,37,77,79"/><T114/><D71/><U105/><E119/><V10/><F115/><W52/><G0/><T107/><D107/><U31/><E105/><V108/><F108/><W21/><G117/><T76/><D116/><U4/><E135/><V131/><F131/><W129/><G122/><T92/><D123/><U127/><E127/><V39/><F34/><W22/><G90/><T17/><D76/><N who="3" m="29257" /><G66/><T19/><D92/><U40/><E4/><N who="0" m="1641" /><D41/><U63/><E15/><V67/><F67/><W13/><G70/><T68/><D68/><U111/><E31/><V95/><F1/><W62/><G62/><T50/><D50/><U106/><E106/><V20/><REACH who="2" step="1"/><F10/><REACH who="2" ten="250,250,240,250" step="2"/><N who="0" m="4202" /><D114/><U11/><E11/><V36/><F36/><W94/><G37/><T91/><D128/><N who="3" m="49257" /><G94/><T25/><D126/><U100/><E32/><V132/><F132/><W82/><G82/><T124/><D124/><U87/><E80/><V74/><F74/><W55/><G55/><T65/><D65/><U112/><E81/><V54/><F54/><W121/><G121/><T109/><D109/><U7/><E7/><V45/><AGARI ba="0,1" hai="16,20,24,39,42,45,49,53,57,84,85,95,96,101" machi="45" ten="30,8000,1" yaku="1,1,0,1,52,1,54,1,53,1" doraHai="69" doraHaiUra="23" who="2" fromWho="2" sc="250,-40,250,-20,240,90,250,-20" /><INIT seed="1,0,0,2,5,62" ten="210,230,330,230" oya="1" hai0="79,66,99,48,135,64,21,113,24,70,77,123,107" hai1="124,2,1,16,27,12,121,115,87,7,125,54,51" hai2="11,45,117,40,95,116,14,68,93,39,26,106,96" hai3="130,42,114,102,58,134,41,29,49,128,94,92,88"/><U4/><E87/><V67/><F93/><W120/><G120/><T43/><D70/><U47/><E115/><V119/><F26/><W82/><G114/><T118/><D107/><U19/><E121/><V81/><F81/><W50/><G134/><T17/><D123/><U85/><E27/><V110/><F110/><W131/><G29/><T129/><D118/><U44/><E85/><V25/><F25/><W22/><G22/><T104/><D104/><U33/><E33/><V80/><F80/><W8/><G8/><T31/><D135/><U86/><E86/><V97/><F106/><W63/><G102/><T3/><D3/><U109/><E109/><V100/><F96/><N who="3" m="57351" /><G94/><T5/><D5/><U76/><E76/><N who="0" m="29257" /><D129/><N who="3" m="33025" /><W83/><DORA hai="98" /><G82/><T13/><D113/><U61/><E1/><V28/><F28/><W69/><G69/><T32/><D99/><U72/><E2/><V36/><F36/><W108/><G108/><T90/><D90/><U112/><E112/><V84/><F84/><W30/><G30/><T56/><D32/><U20/><E20/><V52/><F68/><W89/><G89/><T127/><D31/><U55/><E4/><V0/><F0/><W53/><G83/><T73/><D24/><U126/><E7/><V23/><F117/><W59/><G50/><T57/><D48/><U15/><E51/><V103/><F116/><W74/><G74/><T18/><D73/><U10/><E72/><V46/><F95/><W6/><G6/><T132/><D21/><U111/><E111/><V78/><F119/><W65/><AGARI ba="0,0" hai="41,42,49,53,58,59,63,65" m="33025,57351" machi="65" ten="40,5200,0" yaku="19,1,52,1,54,1" doraHai="62,98" who="3" fromWho="3" sc="210,-13,230,-26,330,-13,230,52" /><INIT seed="2,0,0,2,1,131" ten="197,204,317,282" oya="2" hai0="116,85,133,71,135,1,124,132,119,72,127,107,44" hai1="7,93,96,2,38,102,58,16,3,6,66,55,126" hai2="65,97,50,46,21,90,24,60,112,59,20,106,35" hai3="43,73,45,117,63,78,109,17,12,128,29,134,105"/><V4/><F112/><W23/><G105/><T5/><D107/><U77/><E38/><V10/><F35/><W74/><G109/><T40/><D72/><U0/><E126/><N who="0" m="48169" /><D71/><U94/><E77/><V103/><F90/><W113/><G117/><N who="0" m="45131" /><D85/><U18/><E66/><V34/><F34/><W28/><G78/><T80/><D80/><U99/><E7/><V8/><F4/><W27/><G128/><T129/><D129/><U56/><E6/><V114/><F20/><W37/><G113/><T11/><D44/><U92/><E55/><V32/><F32/><W51/><G74/><T36/><D40/><U120/><E120/><V57/><F57/><N who="1" m="22121" /><E102/><V130/><F114/><W68/><G73/><T123/><D36/><U13/><E13/><V122/><F122/><AGARI ba="0,0" hai="1,5,11,122,123,132,133,135" m="45131,48169" machi="122" ten="40,16000,3" yaku="20,1,18,1,12,1,23,1,34,2,52,3" doraHai="131" who="0" fromWho="2" sc="197,160,204,0,317,-160,282,0" /><INIT seed="3,0,0,5,1,131" ten="357,204,157,282" oya="3" hai0="54,9,105,61,53,92,42,29,120,7,47,133,129" hai1="112,96,60,70,123,91,62,126,125,68,73,128,83" hai2="15,18,66,39,81,90,102,82,104,106,63,75,88" hai3="8,116,1,13,25,11,30,52,122,98,26,97,49"/><W56/><G122/><T78/><D105/><U45/><E123/><V99/><F39/><W12/><G116/><T111/><D129/><U43/><E112/><V38/><F38/><W74/><G74/><T118/><D111/><U76/><E96/><V23/><F106/><W79/><G79/><T127/><D127/><N who="1" m="48651" /><E91/><V21/><F21/><W24/><G1/><T134/><D118/><U50/><E128/><V35/><F35/><W103/><G30/><T80/><D29/><U17/><E17/><V33/><F33/><W14/><REACH who="3" step="1"/><G98/><REACH who="3" ten="357,204,157,272" step="2"/><T37/><D120/><U67/><E73/><V110/><F110/><W34/><G34/><T28/><D28/><U77/><E77/><V6/><F75/><W41/><G41/><T57/><D42/><U94/><E76/><V58/><REACH who="2" step="1"/><F6/><REACH who="2" ten="357,204,147,272" step="2"/><W10/><G10/><T0/><D9/><U115/><E115/><V113/><F113/><W32/><G32/><T31/><D7/><U2/><E2/><V124/><F124/><W84/><G84/><T121/><D0/><U5/><E5/><V93/><F93/><AGARI ba="0,2" hai="8,11,12,13,14,24,25,26,49,52,56,93,97,103" machi="93" ten="40,7700,0" yaku="1,1,8,1,54,1,53,0" doraHai="131" doraHaiUra="86" who="3" fromWho="2" sc="357,0,204,0,147,-77,272,97" /><INIT seed="3,1,0,1,5,15" ten="357,204,70,369" oya="3" hai0="1,95,119,79,43,66,33,106,82,44,125,39,62" hai1="128,85,104,8,121,23,52,0,78,102,50,112,59" hai2="40,132,124,45,71,94,49,10,12,117,20,73,19" hai3="61,118,75,74,98,68,31,30,131,99,64,96,109"/><W11/><G118/><T28/><D125/><U32/><E121/><V69/><F117/><W133/><G131/><T34/><D95/><U25/><E32/><V108/><F124/><W70/><G133/><T48/><D119/><U56/><E112/><V89/><F132/><W60/><G11/><T55/><D1/><U113/><E113/><V17/><F73/><N who="3" m="27659" /><G64/><T122/><D106/><U21/><E102/><V46/><F108/><W107/><G107/><T5/><D5/><U93/><E104/><V76/><F76/><W4/><G4/><T53/><D53/><U51/><E0/><V90/><F45/><W134/><G134/><T18/><D82/><U67/><E8/><V26/><REACH who="2" step="1"/><F89/><REACH who="2" ten="357,204,60,369" step="2"/><W35/><G109/><T86/><D79/><U115/><E78/><V83/><F83/><W81/><G81/><T22/><D44/><U88/><E115/><V57/><F57/><W120/><G120/><T80/><D80/><U27/><E59/><V111/><F111/><W129/><G129/><T100/><D122/><U36/><E56/><V92/><F92/><W7/><G70/><T16/><D100/><U29/><E93/><V135/><F135/><W77/><G68/><T37/><D37/><U6/><E36/><V13/><F13/><W110/><G77/><T72/><D39/><U130/><E88/><V63/><F63/><W101/><G61/><T41/><D62/><U114/><E114/><V3/><F3/><W9/><G60/><T38/><D38/><U103/><E103/><V116/><F116/><W84/><G110/><T47/><D72/><U58/><E128/><RYUUKYOKU ba="1,1" sc="357,-10,204,-10,60,30,369,-10" hai2="10,12,17,19,20,26,40,46,49,69,71,90,94" /><INIT seed="4,2,1,0,4,90" ten="347,194,90,359" oya="0" hai0="51,89,44,62,108,106,123,87,84,58,46,122,2" hai1="97,99,4,133,53,64,32,49,6,129,71,77,47" hai2="127,34,60,109,8,117,116,91,85,30,54,25,57" hai3="13,39,118,17,33,1,3,93,132,7,113,16,130"/><T101/><D2/><U83/><E32/><V121/><F121/><W50/><G39/><T78/><D108/><U12/><E129/><V70/><F109/><W20/><G33/><T105/><D78/><U72/><E71/><V59/><F127/><W11/><G113/><T27/><D101/><U42/><E64/><V38/><F38/><W125/><G118/><N who="2" m="45673" /><F8/><W98/><G125/><T94/><D46/><U31/><E31/><V48/><F70/><W86/><G86/><T95/><D27/><U0/><E133/><V67/><F85/><W104/><G104/><T36/><D36/><N who="1" m="21959" /><E12/><V80/><F91/><W41/><G130/><T68/><D68/><U69/><E6/><V114/><F80/><W100/><G132/><T21/><D21/><U110/><E69/><V135/><F135/><W40/><G1/><T107/><D122/><U88/><E88/><V134/><F134/><W19/><G3/><T5/><D5/><U56/><E110/><V74/><F74/><W126/><G126/><T63/><D123/><U22/><E22/><V102/><F102/><W45/><G20/><T124/><D124/><U28/><E28/><V112/><AGARI ba="2,1" hai="25,30,34,48,54,57,59,60,67,112,114" m="45673" machi="112" ten="30,1100,0" yaku="12,1" doraHai="90" who="2" fromWho="2" sc="347,-7,194,-5,90,27,359,-5" /><INIT seed="5,0,0,3,4,57" ten="340,189,117,354" oya="1" hai0="94,29,41,112,111,74,54,103,82,28,21,15,116" hai1="8,125,135,110,83,17,31,102,85,43,20,114,65" hai2="40,42,14,68,128,87,18,134,24,122,86,109,133" hai3="118,60,27,99,67,84,69,19,79,75,6,121,51"/><U33/><E114/><V50/><F109/><W105/><G121/><T104/><D104/><U113/><E113/><V44/><F122/><W25/><G6/><T98/><D116/><U66/><E135/><N who="2" m="51723" /><F128/><W12/><G75/><T16/><D111/><U58/><E125/><V53/><F24/><W78/><G78/><T4/><D112/><U124/><E124/><V37/><F68/><W5/><G5/><T46/><D54/><U70/><E70/><V108/><F108/><W115/><G115/><T0/><D74/><U26/><E43/><N who="2" m="16427" /><F37/><W97/><G105/><T23/><D82/><U56/><E102/><V47/><F44/><W81/><G118/><T71/><D71/><U72/><E72/><V10/><AGARI ba="0,0" hai="10,14,18,47,50,53,86,87" m="16427,51723" machi="10" ten="30,1100,0" yaku="20,1" doraHai="57" who="2" fromWho="2" sc="340,-3,189,-5,117,11,354,-3" /><INIT seed="6,0,0,1,1,16" ten="337,184,128,351" oya="2" hai0="110,85,100,48,78,0,22,94,29,89,95,114,130" hai1="2,93,127,123,106,108,19,96,121,71,40,105,11" hai2="44,73,99,83,76,65,115,112,101,56,15,72,131" hai3="63,9,128,126,132,84,39,8,36,125,67,129,62"/><V109/><F131/><N who="3" m="50251" /><G84/><T118/><D114/><N who="2" m="43562" /><F109/><W7/><G132/><T6/><D118/><U120/><E108/><V119/><F119/><W64/><G9/><T34/><D34/><U47/><E71/><V116/><F116/><W46/><G8/><T107/><D107/><U77/><E127/><N who="3" m="48650" /><G46/><T24/><D6/><U74/><E121/><V45/><F72/><W26/><G26/><T75/><D85/><U42/><E74/><V92/><F15/><W134/><G7/><T82/><D24/><U50/><E47/><V33/><F33/><W14/><G14/><T35/><D35/><U31/><E2/><V113/><N who="2" m="43570" /><V135/><DORA hai="122" /><F135/><W68/><G134/><T124/><D0/><U28/><E11/><V111/><F111/><W61/><G68/><T53/><D110/><U43/><E120/><V21/><F21/><W133/><G133/><T37/><D22/><U17/><E123/><V27/><F27/><W13/><G13/><T103/><D124/><U52/><E40/><V41/><F41/><W117/><G117/><T60/><D75/><U32/><E42/><V3/><F3/><W10/><G10/><T20/><D20/><U102/><E43/><V49/><F49/><W38/><AGARI ba="0,0" hai="36,38,39,61,62,63,64,67" m="48650,50251" machi="38" ten="50,12000,2" yaku="28,2,19,1,18,1,34,2" doraHai="16,122" who="3" fromWho="3" sc="337,-30,184,-30,128,-60,351,120" /><INIT seed="7,0,0,5,1,13" ten="307,154,68,471" oya="3" hai0="19,12,44,16,1,67,51,92,134,109,125,98,31" hai1="130,36,65,88,86,78,110,113,83,18,42,25,121" hai2="66,82,129,71,64,122,96,124,95,58,23,10,99" hai3="32,33,26,7,48,28,91,55,132,54,53,106,27"/><W59/><G106/><T3/><D109/><U24/><E36/><V84/><F124/><W35/><G132/><T30/><D125/><U0/><E0/><V74/><F129/><W117/><G7/><T101/><D134/><U2/><E2/><V8/><F74/><W47/><G117/><T128/><D128/><U87/><E42/><V135/><F71/><W107/><G107/><T97/><D3/><U72/><E113/><V103/><F122/><W75/><G75/><T43/><D67/><U63/><E110/><V4/><F135/><W79/><G79/><T46/><D1/><U9/><E72/><V104/><F8/><W11/><G11/><T81/><D81/><U100/><E100/><V14/><F58/><W112/><G112/><T6/><D6/><U115/><E121/><V57/><F57/><W61/><G54/><T76/><D76/><U60/><E65/><V118/><F118/><W94/><G26/><T45/><D45/><U5/><E5/><V56/><F56/><W17/><G33/><T37/><D98/><U52/><E52/><V68/><F68/><W85/><G35/><T116/><D116/><U21/><E25/><V133/><F133/><W89/><G55/><T69/><D69/><U105/><E24/><V15/><F96/><W20/><G32/><T123/><D123/><U126/><E126/><V50/><F50/><W41/><G28/><T114/><D114/><U120/><E120/><V131/><F131/><W22/><G47/><T102/><D46/><U90/><E130/><V119/><F119/><W111/><G111/><T29/><D44/><RYUUKYOKU ba="0,0" sc="307,0,154,0,68,0,471,0" owari="307,11.0,154,-25.0,68,-43.0,471,57.0" /></mjloggm>