<mjloggm ver="2.3"><GO type="169" lobby="0"/><UN n0="%E9%81%8A%E8%B5%B0" n1="%52%65%64%62%75%6C%6C" n2="%E3%81%82%E3%81%A3%E3%81%8D%E3%83%BC%E3%81%AB%E3%82%83%E3%82%93" n3="%E3%81%8B%E3%81%8B%E3%81%8B%E3%81%8B" dan="17,18,16,16" rate="2183.60,2180.42,2112.83,2150.85" sx="F,F,M,M"/><TAIKYOKU oya="0"/><INIT seed="0,0,0,1,4,39" ten="250,250,250,250" oya="0" hai0="75,58,88,7,54,38,121,36,84,112,18,23,70" hai1="33,89,124,12,125,108,135,129,59,71,74,134,97" hai2="53,76,21,96,107,40,46,44,81,68,6,78,65" hai3="117,1,120,99,34,102,15,45,9,127,132,94,2"/><T30/><D121/><U69/><E33/><V60/><F6/><W101/><G117/><T8/><D112/><U51/><E12/><V5/><F5/><W20/><G34/><T83/><D30/><U130/><E74/><V109/><F109/><W28/><G120/><T73/><D70/><N who="1" m="26635" /><E97/><V25/><F46/><W122/><G101/><T106/><D106/><U98/><E98/><V64/><F53/><W79/><G79/><T80/><D75/><U133/><E89/><V26/><F65/><W92/><G92/><T52/><D80/><U86/><E86/><V57/><F68/><W49/><G122/><T50/><D73/><U63/><E108/><V116/><F116/><W105/><G105/><T100/><D100/><U103/><E103/><V55/><F64/><W115/><G115/><T90/><D90/><U114/><E51/><V13/><F107/><W123/><G1/><T113/><D113/><U104/><E104/><V19/><F96/><W85/><G2/><T35/><D35/><U111/><E111/><V66/><F76/><W119/><G85/><T24/><REACH who="0" step="1"/><D54/><REACH who="0" ten="240,250,250,250" step="2"/><N who="1" m="34295" /><E114/><V11/><F66/><W41/><G102/><T22/><D22/><U32/><E32/><V47/><F21/><W126/><G20/><T62/><D62/><U0/><E0/><AGARI ba="0,1" hai="0,7,8,18,23,24,36,38,50,52,58,83,84,88" machi="0" ten="30,11600,0" yaku="1,1,7,1,54,2,53,0" doraHai="39" doraHaiUra="43" who="0" fromWho="1" sc="240,126,250,-116,250,0,250,0" /><INIT seed="0,1,0,0,5,5" ten="366,134,250,250" oya="0" hai0="93,75,98,64,57,102,29,99,100,113,16,110,50" hai1="134,1,8,76,55,12,127,89,26,23,38,19,92" hai2="91,88,106,34,120,105,103,59,46,14,123,13,33" hai3="60,109,32,101,35,68,27,54,74,85,6,129,0"/><T36/><D113/><U131/><E131/><V122/><F59/><W41/><G74/><T128/><D75/><U82/><E134/><V25/><F103/><N who="0" m="39466" /><D128/><U83/><E127/><V71/><F25/><W20/><G41/><T78/><D36/><U48/><E1/><V39/><F39/><W95/><G109/><T42/><D110/><U10/><E38/><V56/><F56/><W28/><G129/><T61/><D29/><U44/><E76/><V24/><F24/><W17/><G54/><T87/><D78/><U47/><E47/><V7/><F7/><W49/><G49/><T3/><D3/><U22/><E82/><V37/><F37/><W79/><G79/><T117/><D117/><U9/><E83/><V45/><REACH who="2" step="1"/><F122/><REACH who="2" ten="366,134,240,250" step="2"/><W66/><G6/><T2/><D57/><U116/><E116/><V90/><F90/><W81/><G101/><T4/><D4/><N who="1" m="3079" /><E23/><V21/><F21/><W63/><G0/><T118/><D2/><U94/><E94/><V30/><F30/><W86/><G95/><T130/><D93/><U62/><E62/><V84/><F84/><AGARI ba="1,1" hai="9,10,19,22,26,44,48,55,84,89,92" m="3079" machi="84" ten="30,7700,0" yaku="8,1,52,3" doraHai="5" who="1" fromWho="2" sc="366,0,134,90,240,-80,250,0" /><INIT seed="1,0,0,4,4,98" ten="366,224,160,250" oya="1" hai0="73,86,58,13,130,70,96,39,134,112,124,119,48" hai1="14,93,92,49,51,111,1,102,84,12,25,28,30" hai2="131,85,101,27,37,20,68,83,82,120,132,59,66" hai3="19,79,50,89,133,63,128,23,71,104,34,65,4"/><U106/><E1/><V16/><F120/><W24/><G104/><T75/><D70/><U72/><E72/><V2/><F37/><W35/><G79/><T36/><D119/><U125/><E125/><V29/><F131/><W110/><G110/><T61/><D112/><U56/><E106/><V60/><F132/><W91/><G133/><T90/><D134/><U121/><E121/><V129/><F129/><W77/><G128/><T88/><D130/><U44/><E56/><V64/><F2/><W95/><G77/><T6/><D124/><U87/><E25/><V22/><F101/><W103/><G4/><T32/><D32/><U18/><E18/><V3/><F3/><W118/><G118/><T67/><D39/><U80/><E44/><V55/><F68/><W122/><G122/><T135/><D36/><U52/><E80/><V46/><F46/><W8/><G8/><T108/><D135/><U38/><E38/><V47/><F47/><W127/><G50/><T100/><D108/><U115/><E111/><V21/><F21/><W81/><G127/><T26/><D48/><U97/><E97/><V114/><F83/><W10/><G10/><T109/><D109/><U42/><E115/><V9/><F9/><W78/><G35/><T45/><D45/><U0/><E0/><V69/><F69/><W33/><G33/><T11/><D26/><U74/><E74/><N who="0" m="28169" /><D86/><U54/><E42/><V62/><F62/><W123/><G34/><T76/><D76/><U31/><E31/><V41/><F114/><W43/><G123/><T117/><D117/><U7/><E7/><RYUUKYOKU ba="0,0" sc="366,15,224,15,160,-15,250,-15" hai0="6,11,13,58,61,67,88,90,96,100" hai1="12,14,28,30,49,51,52,54,84,87,92,93,102" /><INIT seed="1,1,0,5,3,83" ten="381,239,145,235" oya="1" hai0="133,115,46,8,56,100,119,26,132,29,108,59,116" hai1="0,127,129,134,65,51,44,12,58,70,124,43,135" hai2="37,102,53,123,71,69,32,48,49,79,42,25,112" hai3="107,128,91,23,103,17,15,54,98,120,89,5,126"/><U66/><E0/><V1/><F1/><W111/><G120/><T81/><D115/><U84/><E12/><V87/><F123/><W68/><G68/><T18/><D108/><U74/><E74/><V63/><F112/><W33/><G33/><T75/><D100/><U31/><E31/><V95/><F102/><W6/><G126/><N who="1" m="48170" /><E84/><V94/><F32/><W47/><G128/><T4/><D18/><U105/><E105/><V34/><F34/><W52/><G111/><T2/><D81/><U55/><E129/><V14/><F14/><W92/><G91/><T21/><D75/><U13/><E13/><V77/><F25/><W64/><G64/><N who="1" m="24682" /><E70/><V24/><F24/><W88/><G89/><T45/><D119/><U113/><E113/><V22/><F22/><W38/><G5/><T101/><D116/><U85/><E85/><V19/><F19/><W73/><G73/><T20/><D20/><U72/><E72/><V114/><F114/><W67/><G6/><T106/><D106/><U41/><E41/><V28/><F28/><W76/><G76/><T109/><D109/><U110/><E110/><V57/><F87/><W122/><G122/><T16/><D29/><U60/><AGARI ba="1,0" hai="43,44,51,55,58,60,134,135" m="24682,48170" machi="60" ten="30,6000,0" yaku="18,1,34,2" doraHai="83" who="1" fromWho="1" sc="381,-21,239,63,145,-21,235,-21" /><INIT seed="1,2,0,2,4,83" ten="360,302,124,214" oya="1" hai0="31,21,61,53,45,37,122,110,60,80,38,72,98" hai1="57,89,46,34,27,68,123,44,127,118,91,135,129" hai2="9,18,99,13,55,23,4,84,0,48,79,17,58" hai3="119,95,10,97,74,24,100,120,131,132,102,66,121"/><U69/><E123/><V77/><F99/><W90/><G66/><T3/><D3/><U107/><E107/><V56/><F17/><W88/><G24/><T19/><D110/><U73/><E73/><V22/><F22/><W33/><G10/><T15/><D122/><N who="3" m="47209" /><G33/><T70/><D31/><U112/><E57/><V128/><F128/><W86/><G74/><T8/><D98/><U25/><E129/><V52/><REACH who="2" step="1"/><F84/><REACH who="2" ten="360,302,114,214" step="2"/><W30/><G131/><T113/><D21/><U47/><E34/><V125/><F125/><W49/><G30/><T126/><D126/><U96/><E96/><V50/><AGARI ba="2,1" hai="0,4,9,13,18,23,48,50,52,55,56,58,77,79" machi="50" ten="20,8000,1" yaku="1,1,0,1,7,1,9,1,54,1,53,0" doraHai="83" doraHaiUra="134" who="2" fromWho="2" sc="360,-22,302,-42,114,96,214,-22" /><INIT seed="2,0,0,5,3,99" ten="338,260,210,192" oya="2" hai0="116,18,103,131,61,94,17,26,79,123,87,37,4" hai1="93,20,102,88,122,29,120,74,67,57,91,114,80" hai2="62,73,124,52,16,2,77,41,43,45,117,47,82" hai3="110,89,112,100,95,98,71,54,55,5,125,105,113"/><V0/><F117/><W135/><G110/><T78/><D123/><N who="1" m="47147" /><E114/><N who="3" m="44138" /><G135/><T31/><D116/><U40/><E40/><V36/><F124/><W59/><G71/><T42/><D131/><U48/><E74/><V66/><F16/><N who="0" m="6250" /><D37/><U119/><E80/><V130/><F130/><W111/><G111/><T101/><D42/><U51/><E51/><V129/><F129/><W33/><G33/><T118/><D118/><U107/><E107/><V1/><F52/><N who="3" m="20011" /><G59/><T15/><D61/><U24/><E48/><V84/><F84/><N who="3" m="52647" /><G5/><T38/><D38/><U109/><E109/><V69/><REACH who="2" step="1"/><F2/><REACH who="2" ten="338,260,200,192" step="2"/><W121/><G121/><T28/><D87/><U8/><E119/><V44/><F44/><W11/><G11/><T108/><D108/><U90/><E8/><V97/><F97/><W50/><G50/><AGARI ba="0,1" hai="0,1,36,41,43,45,47,50,62,66,69,73,77,82" machi="50" ten="30,5800,0" yaku="1,1,7,1,53,1" doraHai="99" doraHaiUra="72" who="2" fromWho="3" sc="338,0,260,0,200,68,192,-58" /><INIT seed="2,1,0,1,2,63" ten="338,260,268,134" oya="2" hai0="32,102,87,120,77,30,81,91,2,92,41,37,69" hai1="101,96,3,95,33,45,127,71,135,28,118,56,89" hai2="66,51,78,34,24,86,90,14,98,46,109,42,79" hai3="13,126,83,21,82,64,18,105,106,62,104,59,26"/><V6/><F98/><W70/><G126/><T129/><D120/><U112/><E71/><V15/><F109/><W75/><G75/><T36/><D129/><U123/><E112/><V57/><F34/><W0/><G0/><T16/><D69/><U73/><E3/><V22/><F6/><W122/><G122/><T68/><D68/><U48/><E118/><V4/><F4/><W107/><N who="3" m="26624" /><DORA hai="40" /><W43/><G43/><T11/><D102/><U115/><E115/><V130/><F130/><W53/><REACH who="3" step="1"/><G26/><REACH who="3" ten="338,260,268,124" step="2"/><T10/><D41/><U54/><E73/><V113/><F113/><W1/><G1/><T103/><D2/><U131/><E127/><V114/><F114/><W35/><G35/><T8/><D32/><U76/><E33/><V85/><F15/><W47/><G47/><T58/><D36/><U67/><E45/><V88/><F14/><W134/><G134/><T12/><D37/><U50/><E135/><V72/><F72/><W52/><G52/><T23/><D12/><U99/><E54/><V44/><F44/><W25/><G25/><T7/><D7/><U38/><E38/><V124/><F124/><W49/><AGARI ba="1,1" hai="13,18,21,49,53,59,62,64,70,82,83" m="26624" machi="49" ten="60,8000,1" yaku="1,1,0,1,52,1,53,1" doraHai="63,40" doraHaiUra="61,117" who="3" fromWho="3" sc="338,-21,260,-21,268,-41,124,93" /><INIT seed="3,0,0,0,1,90" ten="317,239,227,217" oya="3" hai0="119,23,3,129,19,76,59,65,118,127,64,132,73" hai1="18,54,27,83,22,16,78,122,8,31,7,82,95" hai2="81,117,60,107,97,128,48,91,35,32,86,25,66" hai3="87,21,74,50,133,34,126,94,10,71,113,63,116"/><W53/><G74/><T89/><D3/><U17/><E122/><V36/><F36/><W68/><G34/><T44/><D132/><U26/><E54/><V55/><F117/><W56/><G116/><T45/><D129/><U20/><E83/><V72/><F128/><W80/><G113/><T101/><D101/><U88/><E82/><V109/><F109/><W98/><G126/><T123/><D123/><U93/><E78/><V30/><F72/><W58/><G10/><T57/><D127/><U124/><E124/><V24/><F107/><W40/><G21/><T130/><D130/><U0/><REACH who="1" step="1"/><E95/><REACH who="1" ten="317,229,227,217" step="2"/><V112/><F112/><W61/><G133/><T92/><D76/><U46/><E46/><V121/><F121/><W104/><G104/><T41/><D45/><U96/><AGARI ba="0,1" hai="0,7,8,16,17,18,20,22,26,27,31,88,93,96" machi="96" ten="20,12000,2" yaku="1,1,0,1,7,1,52,1,54,2,53,0" doraHai="90" doraHaiUra="102" who="1" fromWho="1" sc="317,-30,229,130,227,-30,217,-60" /><INIT seed="4,0,0,0,0,22" ten="287,359,197,157" oya="0" hai0="4,59,58,99,8,27,0,55,100,123,54,91,23" hai1="18,38,12,106,24,52,84,56,53,127,33,131,101" hai2="122,121,118,25,26,95,110,14,68,70,20,29,89" hai3="64,87,126,96,2,13,65,82,63,116,98,43,35"/><T61/><D123/><U81/><E38/><V40/><F110/><W67/><G2/><T15/><D0/><U9/><E131/><V77/><F118/><W83/><G116/><T120/><D120/><U119/><E127/><V88/><F77/><W28/><G82/><T104/><D91/><U103/><E106/><V45/><F14/><W60/><G43/><T62/><D104/><U107/><E107/><V76/><F76/><W21/><G35/><T51/><D99/><N who="3" m="37929" /><G126/><T30/><REACH who="0" step="1"/><D51/><REACH who="0" ten="277,359,197,157" step="2"/><U49/><E119/><V41/><F122/><W132/><G63/><T66/><D66/><U19/><E49/><V1/><F121/><W44/><G60/><T102/><AGARI ba="0,1" hai="4,8,15,23,27,30,54,55,58,59,61,62,100,102" machi="102" ten="30,18000,2" yaku="1,1,0,1,9,1,8,1,52,1,53,1" doraHai="22" doraHaiUra="5" who="0" fromWho="0" sc="277,190,359,-60,197,-60,157,-60" /><INIT seed="4,1,0,2,3,94" ten="467,299,137,97" oya="0" hai0="115,97,51,14,29,78,64,49,17,126,90,81,54" hai1="77,66,96,25,50,102,36,23,40,87,61,56,5" hai2="122,18,99,26,53,108,37,2,101,28,92,46,31" hai3="135,43,19,24,124,11,59,112,6,35,100,22,117"/><T89/><D126/><U38/><E5/><V57/><F122/><W95/><G117/><T134/><D134/><U104/><E77/><V83/><F2/><W107/><G107/><T32/><D115/><U80/><E40/><V16/><F108/><W55/><G112/><T116/><D116/><U123/><E123/><V127/><F127/><W125/><G43/><T129/><D129/><U130/><E50/><V114/><F28/><W34/><G135/><T42/><D64/><U72/><E72/><V12/><F114/><W0/><G34/><T133/><D133/><U88/><REACH who="1" step="1"/><E130/><REACH who="1" ten="467,289,137,97" step="2"/><V105/><F37/><W13/><G124/><T109/><D49/><U132/><E132/><V111/><F111/><W9/><G125/><T47/><D42/><U62/><E62/><V69/><F46/><W10/><G0/><T65/><D109/><U84/><E84/><V131/><F131/><W128/><G128/><T98/><D78/><U73/><E73/><V82/><F69/><W75/><G75/><T106/><D51/><U67/><E67/><V48/><F105/><W44/><G44/><T58/><D65/><U93/><E93/><V1/><F1/><W91/><G6/><T86/><D106/><U70/><E70/><V39/><F39/><W103/><G55/><T7/><D7/><U119/><E119/><V60/><F60/><W85/><G59/><T121/><D121/><U113/><E113/><V52/><F53/><W41/><G41/><T20/><D58/><U4/><E4/><V21/><F12/><W8/><N who="3" m="2048" /><DORA hai="74" /><W30/><AGARI ba="1,1" hai="13,19,22,24,30,35,85,91,95,100,103" m="2048" machi="30" ten="40,2700,0" yaku="4,1,0,1" doraHai="94,74" who="3" fromWho="3" sc="467,-14,289,-8,137,-8,97,40" /><INIT seed="5,0,0,5,4,21" ten="453,281,129,137" oya="1" hai0="29,118,73,94,111,85,100,115,19,47,93,129,127" hai1="48,18,34,71,113,119,76,81,103,68,74,105,90" hai2="79,26,126,130,108,125,35,2,12,78,13,128,15" hai3="67,124,66,10,57,52,4,25,63,16,109,58,96"/><U114/><E34/><V0/><F108/><W72/><G72/><T110/><D29/><U32/><E32/><V121/><F121/><W98/><G109/><T75/><D47/><U101/><E119/><V77/><F35/><W82/><G82/><T39/><D39/><U33/><E33/><V31/><F31/><W91/><G124/><N who="2" m="47721" /><F26/><W104/><G104/><T43/><D43/><U14/><E90/><V9/><F9/><W27/><G66/><T38/><D38/><U49/><E49/><V1/><AGARI ba="0,0" hai="0,1,2,12,13,15,77,78,79,128,130" m="47721" machi="1" ten="50,8000,1" yaku="29,2,28,2,18,1" doraHai="21" who="2" fromWho="2" sc="453,-20,281,-40,129,80,137,-20" /><INIT seed="6,0,0,5,4,50" ten="433,241,209,117" oya="2" hai0="23,53,61,28,39,135,74,60,83,122,111,69,6" hai1="82,35,10,106,20,113,43,24,92,100,109,54,55" hai2="129,108,68,131,132,101,49,17,45,72,46,58,8" hai3="81,96,30,103,51,4,12,130,102,93,125,127,2"/><V1/><F68/><W89/><G2/><T40/><D122/><U65/><E106/><V97/><F72/><W75/><G30/><T56/><D111/><U91/><E35/><V76/><F76/><N who="3" m="44191" /><G4/><T33/><D33/><U37/><E113/><V99/><F108/><W79/><G12/><T48/><D6/><U123/><E37/><V29/><F29/><W3/><G3/><T44/><D135/><U104/><E104/><V85/><F132/><W57/><G51/><T9/><D9/><U117/><E100/><N who="3" m="38442" /><G57/><T36/><D36/><U32/><E43/><V73/><F1/><W5/><G5/><T15/><D15/><U84/><E65/><V13/><F73/><W62/><G62/><T63/><D23/><U71/><E117/><V118/><F118/><W110/><G110/><T18/><D18/><U25/><E32/><V64/><F64/><W112/><G79/><N who="0" m="44535" /><D28/><U94/><E10/><V105/><F58/><W88/><G130/><T47/><D47/><U27/><E20/><V120/><F120/><W21/><G21/><T90/><D90/><U80/><E123/><V42/><F45/><W11/><G11/><T115/><D115/><U34/><E34/><V31/><F31/><W26/><G26/><T98/><D69/><U121/><E71/><V14/><F14/><W86/><G112/><T16/><D16/><U119/><E109/><V66/><F66/><W0/><G0/><T78/><D78/><N who="1" m="46103" /><E121/><V133/><F133/><W114/><G114/><T134/><D134/><U116/><E116/><V77/><F131/><W38/><G38/><T70/><D70/><RYUUKYOKU ba="0,0" sc="433,15,241,-15,209,-15,117,15" hai0="39,40,44,48,53,56,60,61,63,98" hai3="86,88,89,93,96,125,127" /><INIT seed="7,1,0,1,3,78" ten="448,226,194,132" oya="3" hai0="91,52,26,55,4,90,88,124,123,87,40,130,135" hai1="133,77,11,74,92,73,122,109,104,127,63,117,118" hai2="45,108,23,27,112,58,5,111,38,84,75,98,69" hai3="70,15,32,121,57,68,6,96,93,80,67,39,51"/><W119/><G121/><T10/><D123/><U9/><E104/><V54/><F75/><W106/><G119/><T129/><D135/><U14/><E109/><V72/><F72/><W25/><G39/><T22/><D124/><U49/><E49/><V31/><F112/><W110/><G106/><T7/><D40/><U83/><E74/><V29/><F69/><W41/><G110/><T113/><D87/><U19/><E133/><V2/><F29/><W36/><G36/><T53/><D113/><U18/><E127/><V13/><F2/><W66/><G68/><T12/><REACH who="0" step="1"/><D4/><REACH who="0" ten="438,226,194,132" step="2"/><U100/><E122/><V107/><F5/><W17/><G70/><T28/><AGARI ba="1,1" hai="7,10,12,22,26,28,52,53,55,88,90,91,129,130" machi="28" ten="40,8000,1" yaku="1,1,2,1,0,1,54,2,53,0" doraHai="78" doraHaiUra="30" who="0" fromWho="0" sc="438,93,226,-21,194,-21,132,-41" owari="531,63.0,205,1.0,173,-23.0,91,-41.0" /></mjloggm>