<mjloggm ver="2.3"><GO type="169" lobby="0"/><UN n0="%E3%83%A4%E3%83%9E%E3%83%80%E3%81%95%E3%82%93" n1="%EF%BC%93%E7%95%AA%E3%82%B7%E3%83%A7%E3%83%BC%E3%83%88%E5%9D%82%E7%94%B0" n2="%E5%8F%A4%E6%B8%85%E6%B0%B4%E6%80%9C" n3="%E6%9C%AC%E7%94%B0%E9%80%8F" dan="16,17,17,17" rate="2117.36,2165.36,2132.90,2135.87" sx="M,M,F,F"/><TAIKYOKU oya="0"/><INIT seed="0,0,0,5,1,97" ten="250,250,250,250" oya="0" hai0="86,79,124,92,64,81,110,12,68,84,90,40,87" hai1="78,99,7,48,58,112,20,132,37,15,23,133,119" hai2="105,46,80,75,51,125,8,4,71,39,74,41,134" hai3="55,5,96,126,88,127,33,17,89,52,100,21,116"/><T108/><D40/><U131/><E37/><V38/><F134/><N who="1" m="51817" /><E119/><V72/><F125/><N who="3" m="47627" /><G33/><T44/><D44/><U11/><E78/><V13/><F71/><W24/><G5/><T70/><D124/><U35/><E99/><V22/><F105/><N who="3" m="63623" /><G116/><T115/><D64/><U120/><E58/><V129/><F129/><W82/><G82/><N who="0" m="47199" /><D12/><U77/><E48/><V69/><F69/><W30/><G30/><T27/><D27/><U130/><E77/><V6/><F6/><W36/><G36/><T31/><D31/><U121/><E35/><V28/><F80/><W62/><G62/><T113/><D68/><U9/><E9/><V56/><F56/><W50/><G55/><T42/><D42/><U19/><E112/><V93/><F39/><W0/><G0/><T104/><D70/><U102/><E102/><V122/><F38/><W95/><G95/><T29/><D29/><U16/><E130/><V54/><F93/><W83/><G83/><T107/><D107/><U76/><E131/><V91/><F41/><W118/><G118/><T73/><D104/><U53/><E53/><V1/><F28/><W14/><G24/><T117/><D117/><U34/><E34/><V101/><F54/><W128/><G128/><T45/><D45/><AGARI ba="0,0" hai="14,17,21,45,50,52,88,89" m="63623,47627" machi="45" ten="30,7700,0" yaku="18,1,52,1,54,2" doraHai="97" who="3" fromWho="0" sc="250,-77,250,0,250,0,250,77" /><INIT seed="1,0,0,1,4,94" ten="173,250,250,327" oya="1" hai0="14,112,75,105,24,133,110,51,127,131,96,92,17" hai1="68,1,57,48,102,120,0,42,122,45,98,106,61" hai2="70,109,121,54,47,78,19,15,86,60,87,44,43" hai3="2,132,25,16,13,88,35,56,36,50,107,5,66"/><U52/><REACH who="1" step="1"/><E68/><REACH who="1" ten="173,240,250,327" step="2"/><V135/><F70/><W114/><G114/><T77/><D112/><U32/><E32/><V33/><F33/><W46/><G132/><T6/><D133/><U53/><E53/><V12/><F135/><W20/><G107/><T82/><D105/><U63/><E63/><V74/><F60/><N who="3" m="38151" /><G35/><T38/><D127/><U22/><E22/><V10/><F54/><N who="3" m="30039" /><G36/><T100/><D38/><U119/><E119/><V126/><F126/><W101/><G2/><AGARI ba="0,1" hai="0,1,2,42,45,48,52,57,61,98,102,106,120,122" machi="2" ten="40,12000,1" yaku="21,2,52,1,54,1,53,0" doraHai="94" doraHaiUra="28" who="1" fromWho="3" sc="173,0,240,130,250,0,327,-120" /><INIT seed="1,1,0,1,4,87" ten="173,370,250,207" oya="1" hai0="107,47,118,99,59,51,45,3,6,130,20,2,90" hai1="38,124,56,48,102,43,94,10,88,24,80,22,42" hai2="33,49,11,65,53,21,62,31,121,76,132,110,93" hai3="39,55,120,61,9,133,128,111,114,113,8,1,115"/><U40/><E124/><V91/><F110/><W69/><G39/><T58/><D118/><U36/><E102/><V54/><F132/><W103/><G120/><T79/><D79/><U35/><E35/><V72/><F33/><W5/><G133/><T134/><D134/><U74/><E74/><V108/><F108/><W78/><G111/><T57/><D107/><U50/><E80/><V119/><F119/><W84/><G128/><T25/><D130/><U46/><E38/><V63/><F11/><W100/><G8/><T52/><D47/><U0/><E36/><V131/><F131/><W15/><G1/><T104/><D6/><U129/><E129/><V66/><F76/><W26/><G69/><T83/><D104/><U44/><E10/><V82/><F82/><W95/><G78/><T105/><D105/><U23/><E56/><V86/><F72/><W4/><G26/><T60/><D2/><U37/><E0/><V13/><F49/><N who="1" m="19049" /><E37/><V19/><F121/><W17/><G55/><N who="2" m="21001" /><F31/><W109/><G61/><AGARI ba="1,0" hai="13,19,21,61,62,63,65,66,86,91,93" m="21001" machi="61" ten="30,2000,0" yaku="8,1,52,1" doraHai="87" who="2" fromWho="3" sc="173,0,370,0,250,23,207,-23" /><INIT seed="2,0,0,2,1,39" ten="173,370,273,184" oya="2" hai0="100,118,111,84,5,7,81,110,99,50,107,102,65" hai1="79,68,17,115,72,46,62,47,103,8,92,26,134" hai2="116,135,29,80,87,91,6,59,57,121,16,89,132" hai3="41,66,63,4,23,131,51,43,133,64,96,88,122"/><V13/><F121/><W78/><G122/><T49/><D65/><U120/><E115/><V127/><F116/><W60/><G131/><T20/><D20/><U109/><E109/><V97/><F6/><W38/><G38/><T124/><D49/><U33/><E134/><N who="2" m="51243" /><F29/><W98/><G133/><T67/><D50/><U28/><E120/><V32/><F32/><W74/><G4/><T77/><D67/><N who="3" m="25641" /><G74/><T112/><D5/><U22/><E68/><V108/><F108/><N who="0" m="41514" /><D7/><U95/><E62/><N who="3" m="23594" /><G78/><T70/><D70/><U76/><E72/><V54/><F127/><W44/><G23/><T117/><D102/><U105/><E103/><V93/><F54/><N who="3" m="30055" /><G88/><N who="0" m="51215" /><D112/><U113/><E113/><V114/><F114/><W45/><G45/><T119/><D77/><U19/><E79/><V75/><F75/><W128/><G128/><T106/><D124/><U18/><E76/><V82/><F82/><W9/><G9/><AGARI ba="0,0" hai="9,13,16,57,59,80,87,89,91,93,97" m="51243" machi="9" ten="30,2900,0" yaku="20,1,54,1" doraHai="39" who="2" fromWho="3" sc="173,0,370,0,273,29,184,-29" /><INIT seed="2,1,0,4,1,16" ten="173,370,302,155" oya="2" hai0="20,29,1,47,70,96,131,44,66,39,14,13,6" hai1="43,132,80,42,99,115,27,69,92,56,122,86,72" hai2="55,74,33,5,121,130,3,98,119,100,28,31,54" hai3="53,108,18,57,105,89,129,35,82,103,37,124,114"/><V73/><F121/><W79/><G35/><T11/><D131/><U117/><E69/><V15/><F3/><W135/><G37/><T64/><D96/><U59/><E72/><V67/><F67/><W32/><G32/><T19/><D29/><U61/><E117/><V49/><F119/><W50/><G129/><T0/><D0/><U90/><E115/><V60/><F31/><W84/><G114/><T95/><D95/><U88/><E132/><V97/><F97/><W25/><G135/><T101/><D101/><U128/><E128/><V68/><F54/><W107/><G124/><T22/><D39/><U134/><E134/><V71/><F71/><W94/><G108/><T17/><D66/><U127/><E127/><V52/><F55/><W65/><G65/><T41/><D41/><U118/><E118/><V40/><F40/><N who="1" m="15401" /><E122/><V77/><F60/><AGARI ba="1,0" hai="1,6,11,13,14,17,19,20,22,44,47,60,64,70" machi="60" ten="40,5200,0" yaku="9,1,52,2" doraHai="16" who="0" fromWho="2" sc="173,55,370,0,302,-55,155,0" /><INIT seed="3,0,0,5,5,71" ten="228,370,247,155" oya="3" hai0="44,108,132,119,118,77,93,26,48,60,86,57,70" hai1="96,64,43,99,72,127,124,6,65,25,83,113,89" hai2="37,16,66,69,62,29,40,129,61,50,4,19,97" hai3="36,90,75,95,13,2,33,67,28,23,3,122,54"/><W114/><G122/><T56/><D77/><N who="1" m="44455" /><E113/><V88/><F129/><W46/><G114/><T52/><D26/><U81/><E43/><V21/><F4/><W123/><G123/><T59/><D86/><N who="1" m="50383" /><E6/><V109/><F109/><W42/><G75/><T100/><D108/><U105/><E25/><V98/><F37/><W110/><G110/><T10/><D132/><U18/><E18/><V27/><F62/><W73/><G73/><T31/><D31/><U126/><E99/><V85/><F50/><W74/><G74/><T12/><D70/><U53/><E53/><V49/><F49/><W115/><G115/><T111/><D111/><U92/><E105/><V63/><F63/><W68/><G33/><T38/><D60/><U120/><E120/><V103/><F40/><W87/><G28/><T15/><D38/><U94/><E94/><V102/><F98/><W130/><G130/><T58/><N who="0" m="14336" /><DORA hai="104" /><T20/><D20/><U117/><E117/><V106/><REACH who="2" step="1"/><F103/><AGARI ba="0,0" hai="64,65,92,96,103,124,126,127" m="50383,44455" machi="103" ten="30,2000,0" yaku="18,1,52,1" doraHai="71,104" who="1" fromWho="2" sc="228,0,370,20,247,-20,155,0" /><INIT seed="4,0,0,5,3,119" ten="228,390,227,155" oya="0" hai0="52,129,35,1,128,32,20,90,122,84,29,6,14" hai1="120,114,31,17,91,113,117,41,57,4,83,61,69" hai2="49,77,109,50,54,53,13,92,55,111,40,103,94" hai3="89,24,60,9,115,39,72,21,28,135,93,59,34"/><T104/><D104/><U68/><E117/><V74/><F74/><W105/><G115/><N who="1" m="44042" /><E31/><V70/><F70/><W82/><G135/><T30/><D1/><U66/><E4/><V87/><F13/><W19/><G39/><T110/><D6/><U67/><E41/><V126/><F126/><W44/><G105/><T62/><D30/><U134/><E17/><V0/><F0/><W58/><G44/><T23/><D29/><U95/><E83/><V38/><F38/><W75/><G82/><T37/><D37/><U11/><E11/><V81/><F40/><W121/><G121/><T130/><D122/><U106/><E106/><V16/><F16/><W64/><G58/><N who="0" m="35143" /><D110/><U80/><E80/><V2/><F2/><W5/><G34/><N who="0" m="12843" /><D14/><U71/><E134/><V33/><F33/><W132/><G28/><T46/><D46/><U108/><E108/><V118/><F118/><W56/><G56/><T7/><D7/><U96/><E120/><V47/><F47/><W27/><G27/><T123/><D123/><U107/><E107/><V100/><F109/><W98/><REACH who="3" step="1"/><G132/><REACH who="3" ten="228,390,227,145" step="2"/><T85/><D129/><U124/><E124/><V43/><F111/><W10/><G10/><T45/><D130/><U127/><E127/><V63/><F81/><W42/><G42/><T86/><D128/><U79/><E79/><V97/><F77/><W133/><G133/><T102/><D45/><U73/><E73/><V78/><F78/><W131/><G131/><T25/><D25/><U101/><E67/><V76/><F76/><W88/><G88/><AGARI ba="0,1" hai="57,61,66,68,69,71,88,91,95,96,101" m="44042" machi="88" ten="40,5200,0" yaku="15,1,11,1,54,1" doraHai="119" who="1" fromWho="3" sc="228,0,390,62,227,0,145,-52" /><INIT seed="5,0,0,3,3,93" ten="228,452,227,93" oya="1" hai0="59,23,127,122,20,4,32,15,81,98,42,120,45" hai1="74,44,89,110,118,79,10,84,113,76,61,131,34" hai2="126,69,66,130,19,77,101,115,2,55,129,53,75" hai3="33,97,96,3,70,7,12,128,104,67,0,60,62"/><U38/><E118/><V11/><F75/><W112/><G112/><T82/><D32/><U73/><E34/><V40/><F77/><W51/><G12/><T72/><D59/><U86/><E10/><V100/><F40/><W80/><G128/><T132/><D127/><U22/><E22/><V63/><F126/><W58/><G51/><T124/><D132/><U92/><E61/><V95/><F115/><W83/><G33/><T65/><D65/><U49/><E38/><V16/><F2/><W30/><G30/><T123/><D124/><U133/><E49/><V103/><F95/><W121/><G121/><T87/><D72/><N who="1" m="27755" /><E44/><V68/><F11/><W85/><G104/><T52/><D4/><U125/><E113/><V31/><F31/><W25/><G25/><T78/><D15/><U41/><E41/><V135/><F135/><W24/><G24/><T111/><D42/><U18/><E133/><V37/><F37/><W71/><G7/><T9/><D9/><U8/><E76/><V47/><F47/><W13/><G13/><T116/><D20/><U108/><E79/><V43/><F43/><W106/><G106/><T102/><D23/><U114/><E125/><V56/><F55/><W46/><G46/><T6/><D6/><U94/><E8/><V134/><F134/><W48/><G48/><N who="0" m="28687" /><D116/><U1/><E114/><V36/><F36/><W29/><G29/><T50/><D50/><U5/><E5/><V54/><F54/><W17/><G17/><N who="2" m="6729" /><F53/><N who="3" m="33871" /><G70/><T57/><D57/><U14/><E1/><N who="3" m="586" /><G80/><N who="0" m="47511" /><D111/><U28/><E108/><V105/><F105/><AGARI ba="0,0" hai="81,82,98,102,105,120,122,123" m="47511,28687" machi="105" ten="30,3900,0" yaku="13,1,52,1,54,1" doraHai="93" who="0" fromWho="2" sc="228,39,452,0,227,-39,93,0" /><INIT seed="6,0,0,0,1,44" ten="267,452,188,93" oya="2" hai0="104,31,134,24,123,2,99,57,17,75,54,78,27" hai1="124,83,3,50,4,121,66,39,12,29,98,13,34" hai2="14,107,23,97,131,28,89,128,133,82,114,135,41" hai3="49,38,106,67,48,5,59,87,6,52,86,105,37"/><V93/><F28/><W94/><G94/><T116/><D2/><U15/><E39/><V47/><F114/><W110/><G59/><T26/><D123/><U81/><E124/><V46/><F23/><W120/><G120/><T101/><D134/><N who="2" m="51210" /><F14/><W90/><G90/><T42/><D42/><U7/><E66/><V112/><F112/><W118/><G67/><T74/><D116/><U20/><E34/><V130/><F46/><W21/><G21/><T113/><D113/><U80/><E3/><V129/><N who="2" m="32768" /><DORA hai="43" /><V63/><F63/><W16/><G118/><T18/><D27/><N who="1" m="16615" /><E121/><V62/><F62/><W60/><G60/><T71/><D26/><U127/><E12/><V91/><F107/><W84/><G110/><T56/><D24/><U117/><E13/><V72/><F72/><W19/><G86/><T70/><D75/><U36/><E15/><V9/><F9/><W22/><G22/><T111/><D74/><U109/><E109/><V95/><F82/><W102/><G102/><T76/><D101/><U11/><E80/><V100/><F95/><W65/><G65/><T40/><D104/><U96/><E83/><V45/><F45/><W77/><G77/><T88/><D76/><U115/><E81/><V32/><F32/><W61/><G61/><T55/><D78/><U8/><E115/><V35/><F35/><W122/><G122/><T108/><D108/><U53/><E8/><V103/><F103/><W69/><G69/><T33/><D70/><U92/><E11/><V25/><F25/><W1/><G1/><T126/><D111/><U119/><E92/><RYUUKYOKU ba="0,0" sc="267,-15,452,-15,188,15,93,15" hai2="41,47,89,91,93,97,100" hai3="5,6,16,19,37,38,48,49,52,84,87,105,106" /><INIT seed="6,1,0,2,5,54" ten="252,437,203,108" oya="2" hai0="128,0,131,35,58,36,120,7,17,48,109,31,115" hai1="57,3,62,4,11,49,97,8,40,90,55,133,34" hai2="93,82,106,122,130,19,28,127,15,113,18,44,103" hai3="38,9,66,60,117,70,92,25,129,94,105,12,61"/><V39/><F106/><W86/><G105/><T56/><D36/><U16/><E34/><V123/><F28/><W69/><G117/><T126/><D109/><U89/><E133/><V119/><F119/><W21/><G38/><T107/><D107/><U108/><E108/><V26/><F113/><W110/><G110/><T72/><D115/><U45/><REACH who="1" step="1"/><E97/><REACH who="1" ten="252,427,203,108" step="2"/><N who="2" m="59823" /><F123/><W1/><G1/><T6/><D35/><U63/><E63/><V95/><F122/><W24/><G129/><T52/><D0/><U99/><E99/><V42/><F130/><W67/><G86/><T83/><D120/><U14/><AGARI ba="1,1" hai="3,4,8,11,14,16,40,45,49,55,57,62,89,90" machi="14" ten="30,7900,0" yaku="1,1,0,1,52,1,54,1,53,0" doraHai="54" doraHaiUra="91" who="1" fromWho="1" sc="252,-21,427,92,203,-40,108,-21" /><INIT seed="7,0,0,3,1,2" ten="231,519,163,87" oya="3" hai0="47,19,110,40,98,51,27,126,62,91,93,52,75" hai1="69,105,76,106,85,68,32,96,79,66,13,18,29" hai2="83,73,130,53,37,104,102,45,6,113,80,70,63" hai3="12,84,99,31,71,89,120,112,92,131,119,128,127"/><W35/><G71/><T50/><D75/><U121/><E106/><V97/><F113/><W0/><G0/><T101/><D110/><U115/><E85/><V11/><F130/><W36/><G36/><T7/><D126/><U118/><E121/><V132/><F132/><W74/><G120/><T116/><D7/><U107/><E107/><V134/><F134/><W86/><G119/><T123/><D123/><U122/><E29/><V55/><F80/><W56/><G127/><T43/><D62/><U22/><E32/><V41/><F63/><W87/><G112/><T16/><D27/><U81/><E69/><V95/><F104/><W72/><G35/><T109/><D109/><U44/><E118/><V26/><F26/><W8/><G56/><T78/><D78/><U39/><E79/><N who="2" m="44527" /><F70/><W5/><REACH who="3" step="1"/><G31/><REACH who="3" ten="231,519,163,77" step="2"/><T59/><D116/><U124/><E68/><V20/><F20/><W33/><G33/><T25/><D59/><U108/><E122/><V90/><F102/><W21/><G21/><T57/><D101/><U42/><E22/><V88/><F90/><W114/><G114/><T17/><D25/><U3/><E115/><V67/><F67/><W1/><G1/><AGARI ba="0,1" hai="1,6,11,37,41,45,53,55,88,95,97" m="44527" machi="1" ten="30,3900,0" yaku="25,1,52,1,54,1" doraHai="2" who="2" fromWho="3" sc="231,0,519,0,163,49,77,-39" owari="231,3.0,519,62.0,212,-19.0,38,-46.0" /></mjloggm>