<mjloggm ver="2.3"><GO type="225" lobby="0"/><UN n0="%E3%81%8A%E3%81%84%E3%81%AE%E3%82%8A" n1="%E8%91%B5%E3%81%A1%E3%82%83%E3%82%93" n2="%72%69%6F%75%63%68%61%6E" n3="%E3%82%AD%E3%83%AC%E3%81%9D%E3%81%86" dan="16,16,17,16" rate="2116.54,2105.71,2111.98,2077.55" sx="M,F,M,M"/><TAIKYOKU oya="0"/><INIT seed="0,0,0,3,2,86" ten="250,250,250,250" oya="0" hai0="96,120,61,12,89,8,64,127,91,88,34,121,55" hai1="66,69,83,53,118,72,0,90,123,107,50,102,56" hai2="29,122,80,82,132,54,106,84,43,129,16,71,98" hai3="119,124,26,92,19,130,93,33,63,11,115,30,25"/><T60/><D127/><U75/><E118/><V114/><F122/><W59/><G119/><T68/><D34/><U31/><E123/><V20/><F114/><W128/><G115/><T117/><D117/><U1/><E31/><V65/><F129/><N who="3" m="49771" /><G124/><T49/><D61/><U40/><E40/><V134/><F43/><W125/><G125/><T18/><REACH who="0" step="1"/><D96/><REACH who="0" ten="240,250,250,250" step="2"/><U10/><E69/><V111/><F98/><W6/><G63/><T46/><AGARI ba="0,1" hai="8,12,18,46,49,55,60,64,68,88,89,91,120,121" machi="46" ten="30,18000,2" yaku="1,1,2,1,0,1,52,3,54,1,53,0" doraHai="86" doraHaiUra="133" who="0" fromWho="0" sc="240,190,250,-60,250,-60,250,-60" /><INIT seed="0,1,0,3,1,106" ten="430,190,190,190" oya="0" hai0="131,19,30,129,71,94,32,77,101,57,104,65,122" hai1="6,121,100,52,109,24,35,34,1,3,48,127,25" hai2="125,0,70,75,128,97,7,46,18,64,80,116,4" hai3="60,41,12,113,38,39,31,27,89,36,69,123,96"/><T91/><D122/><U43/><E121/><V108/><F0/><W29/><G123/><T42/><D42/><U114/><E109/><V133/><F46/><W117/><G117/><T115/><D115/><U10/><E114/><V37/><F37/><W63/><G113/><T54/><D19/><U76/><E127/><V93/><F70/><W102/><G41/><T23/><D23/><U13/><E43/><V103/><F64/><W74/><G74/><T83/><D30/><U134/><E134/><V118/><F108/><W15/><G89/><T90/><D32/><U59/><E100/><V2/><F2/><W21/><G31/><T135/><D135/><U85/><E35/><V55/><F55/><W88/><G88/><T98/><D65/><U20/><E34/><V105/><F133/><W132/><G132/><T67/><D67/><U16/><REACH who="1" step="1"/><E1/><REACH who="1" ten="430,180,190,190" step="2"/><V62/><F125/><W130/><G39/><T17/><D101/><U81/><AGARI ba="1,1" hai="3,6,10,13,16,20,24,25,48,52,59,76,81,85" machi="81" ten="30,12000,2" yaku="1,1,2,1,0,1,54,2,53,1" doraHai="106" doraHaiUra="49" who="1" fromWho="1" sc="430,-61,180,133,190,-31,190,-31" /><INIT seed="1,0,0,3,5,31" ten="369,313,159,159" oya="1" hai0="25,125,49,22,97,95,131,101,94,59,16,38,73" hai1="71,129,89,81,92,113,86,108,112,45,99,115,123" hai2="67,9,87,75,7,135,47,3,20,61,68,82,80" hai3="90,41,65,109,30,54,11,83,0,57,103,10,107"/><U35/><E123/><V14/><F135/><W74/><G65/><T91/><D38/><U58/><E71/><V62/><F75/><W93/><G41/><T6/><D73/><U79/><E129/><V34/><F34/><W77/><G30/><T119/><D119/><U88/><E35/><V12/><F80/><W134/><G134/><T50/><D131/><U1/><E1/><V46/><F61/><W42/><G42/><T63/><D6/><U21/><E45/><V110/><F110/><W32/><G109/><T27/><D27/><U106/><E108/><V133/><F133/><W127/><G127/><T69/><D69/><U111/><E111/><V44/><REACH who="2" step="1"/><F20/><REACH who="2" ten="369,313,149,159" step="2"/><W17/><G32/><T2/><D125/><U121/><E21/><V128/><F128/><W19/><G83/><T28/><D63/><U76/><E121/><V55/><F55/><W51/><G74/><T122/><D22/><U130/><E130/><V60/><F60/><W66/><G54/><T36/><D122/><U37/><E115/><V84/><F84/><W40/><G66/><T39/><D97/><U64/><E113/><V13/><F13/><W85/><G85/><T126/><D25/><U78/><E112/><V5/><F5/><W120/><G120/><T26/><D26/><U114/><E114/><V33/><F33/><W18/><G0/><T102/><D2/><U118/><E118/><V96/><F96/><N who="3" m="61927" /><G40/><T29/><D126/><U24/><E24/><V43/><F43/><W104/><G11/><T8/><D8/><U48/><E81/><V117/><F117/><W105/><G10/><RYUUKYOKU ba="0,1" sc="369,-10,313,-10,149,30,159,-10" hai2="3,7,9,12,14,44,46,47,62,67,68,82,87" /><INIT seed="2,1,1,0,3,11" ten="359,303,179,149" oya="2" hai0="37,6,84,46,102,14,113,64,25,115,117,2,19" hai1="82,48,8,0,110,76,34,100,70,85,72,132,118" hai2="41,58,17,122,88,33,92,21,13,114,104,55,7" hai3="9,66,5,20,24,10,31,133,52,40,29,36,51"/><V79/><F114/><W61/><G133/><T81/><D2/><U119/><E118/><V89/><F122/><W134/><G134/><T87/><D117/><U112/><E119/><V74/><F104/><W57/><G31/><T95/><D64/><U60/><E112/><V126/><F33/><W16/><G29/><T32/><D37/><U111/><E132/><V30/><F126/><W12/><G36/><T43/><D32/><U77/><E100/><V73/><F79/><W99/><G99/><N who="0" m="59775" /><D25/><U106/><E106/><V127/><F127/><W97/><G97/><T22/><D84/><U67/><E34/><V75/><F41/><W49/><G40/><T101/><D101/><U71/><E48/><V69/><F69/><W38/><G38/><T135/><D135/><U62/><E85/><V59/><F30/><W53/><G10/><T107/><D107/><U65/><E77/><V94/><F7/><AGARI ba="1,1" hai="0,7,8,60,62,65,67,70,71,72,76,82,110,111" machi="7" ten="40,5200,0" yaku="9,1,23,2" doraHai="11" who="1" fromWho="2" sc="359,0,303,65,179,-55,149,0" /><INIT seed="3,0,0,0,2,134" ten="359,368,124,149" oya="3" hai0="38,131,123,67,126,98,24,85,113,41,127,121,34" hai1="71,128,111,35,21,59,6,54,109,29,107,122,56" hai2="37,117,51,77,84,65,30,40,103,106,116,79,4" hai3="119,80,43,87,83,132,118,95,91,61,33,89,5"/><W28/><G132/><T78/><D131/><U94/><E122/><N who="0" m="46601" /><D98/><U44/><E71/><V102/><F37/><W9/><G43/><T81/><D67/><U50/><E107/><V115/><F115/><W86/><G61/><T2/><D2/><U1/><E35/><V105/><F4/><W10/><G95/><T129/><D129/><U49/><E128/><V32/><F32/><W53/><G53/><T135/><D135/><U130/><E130/><V82/><F30/><W97/><G97/><T114/><D24/><N who="1" m="16527" /><E94/><V19/><F19/><W104/><G104/><N who="2" m="40041" /><F51/><W74/><G74/><T125/><D34/><U17/><E17/><V88/><F40/><W124/><G28/><T36/><D41/><N who="1" m="24719" /><E6/><V66/><F66/><W76/><G76/><N who="2" m="29257" /><F65/><W73/><G73/><T7/><D7/><U69/><E1/><V31/><F31/><W100/><G33/><T46/><D46/><N who="1" m="27991" /><E69/><V112/><F112/><AGARI ba="0,0" hai="36,38,78,81,85,112,113,114,125,126,127" m="46601" machi="112" ten="40,8000,1" yaku="11,1,18,1,52,3" doraHai="134" who="0" fromWho="2" sc="359,80,368,0,124,-80,149,0" owari="439,54.0,368,17.0,44,-46.0,149,-25.0" /></mjloggm>