<mjloggm ver="2.3"><GO type="169" lobby="0"/><UN n0="%E3%82%BC%E3%83%B3%E3%83%84%E3%82%A1%E3%83%BC%E3%83%95%E3%82%A9%E3%83%BC" n1="%E3%81%B5%E3%81%98%E3%81%8B%E3%81%A4" n2="%EF%BC%BC%28%EF%BC%BE%6F%EF%BC%BE%29%EF%BC%8F%E2%98%85" n3="%E7%B4%A0%E6%8C%AF%E3%82%8A%E7%8C%AB" dan="16,16,17,17" rate="2115.57,2155.69,2218.83,2158.17" sx="M,M,M,M"/><TAIKYOKU oya="0"/><INIT seed="0,0,0,1,2,40" ten="250,250,250,250" oya="0" hai0="63,19,41,109,135,76,4,93,14,52,53,87,112" hai1="131,29,74,75,127,65,71,132,118,51,32,47,83" hai2="62,3,80,13,121,115,77,5,85,38,27,58,113" hai3="10,25,126,90,108,107,20,91,54,8,129,88,44"/><T43/><D112/><U106/><E118/><V82/><F3/><W18/><G107/><T110/><D4/><U72/><E106/><V45/><F121/><W42/><G108/><N who="0" m="41579" /><D135/><U89/><E132/><V31/><F82/><W101/><G129/><T98/><D76/><U84/><E131/><V50/><F38/><W100/><G126/><T99/><D87/><U94/><E127/><V79/><F79/><W124/><G124/><T9/><D98/><U78/><E71/><V123/><F123/><W119/><G119/><T12/><D12/><U48/><E48/><V125/><F125/><W70/><G70/><T134/><D134/><U35/><E65/><V26/><F26/><W73/><G73/><T104/><D104/><U24/><REACH who="1" step="1"/><E35/><REACH who="1" ten="250,240,250,250" step="2"/><V95/><F115/><W16/><G18/><T60/><D63/><U46/><E46/><V111/><F62/><W57/><G44/><T2/><D60/><U67/><E67/><V22/><F45/><W33/><G33/><T64/><D64/><U39/><E39/><V92/><F113/><W1/><G42/><AGARI ba="0,1" hai="24,29,32,42,47,51,72,74,75,78,83,84,89,94" machi="42" ten="30,3900,0" yaku="1,1,7,1,52,1,53,0" doraHai="40" doraHaiUra="7" who="1" fromWho="3" sc="250,0,240,49,250,0,250,-39" /><INIT seed="1,0,0,2,3,30" ten="250,289,250,211" oya="1" hai0="26,6,62,48,17,82,15,101,74,70,124,88,24" hai1="96,77,107,89,68,87,27,97,80,81,19,16,119" hai2="42,56,98,84,104,116,118,123,1,14,55,28,25" hai3="91,130,61,133,63,78,13,33,76,71,132,44,20"/><U109/><E68/><V79/><F1/><W113/><G71/><T21/><D124/><U37/><E37/><V93/><F123/><W86/><G113/><T127/><D127/><U135/><E119/><V35/><F42/><W134/><G44/><T111/><D111/><U90/><E135/><V92/><F104/><W10/><G20/><T54/><D101/><U11/><E109/><V105/><F105/><W22/><G22/><T73/><D6/><U45/><E107/><V114/><F14/><W57/><G130/><T121/><D121/><U31/><E45/><V23/><F23/><W38/><G38/><T3/><D3/><U72/><E11/><V65/><F65/><W34/><G63/><T106/><D106/><U75/><E75/><V53/><F53/><N who="3" m="33967" /><G91/><T39/><D39/><U5/><E5/><V128/><F128/><W100/><G100/><T43/><D43/><U110/><E110/><V95/><F114/><W41/><G41/><T49/><D49/><U60/><E60/><V46/><F46/><W126/><G126/><T0/><D0/><U59/><E59/><V122/><F122/><W9/><G9/><T8/><D26/><U36/><E36/><V52/><F98/><W64/><G64/><N who="0" m="41239" /><D54/><U47/><E47/><V129/><F129/><W4/><G86/><N who="0" m="50263" /><D48/><U2/><E2/><V115/><F115/><W69/><G69/><T94/><D74/><U50/><E50/><N who="2" m="30743" /><F55/><W108/><G108/><T103/><D73/><U29/><E90/><V83/><F118/><W131/><G131/><T58/><D8/><U12/><E72/><V67/><F116/><RYUUKYOKU ba="0,0" sc="250,-15,289,-15,250,15,211,15" hai2="25,28,35,67,79,83,84,92,93,95" hai3="4,10,13,33,34,76,78,132,133,134" /><INIT seed="2,1,0,0,0,50" ten="235,274,265,226" oya="2" hai0="40,48,127,4,87,7,110,128,93,97,103,60,37" hai1="24,111,59,18,30,23,61,56,32,34,102,126,99" hai2="17,13,124,75,135,21,2,20,27,67,44,115,29" hai3="39,77,58,91,90,82,101,88,129,72,73,81,66"/><V95/><F75/><W117/><G39/><T125/><D110/><U89/><E126/><N who="0" m="48137" /><D37/><U105/><E111/><V122/><F124/><W52/><G117/><T113/><D113/><U22/><E89/><V62/><F115/><W76/><G129/><T16/><D60/><U98/><E98/><V53/><F122/><W130/><G130/><T31/><D31/><U80/><E80/><V25/><F2/><W49/><G66/><T69/><D69/><U116/><E116/><V68/><F135/><W51/><G51/><T78/><D16/><U79/><E79/><V15/><REACH who="2" step="1"/><F95/><REACH who="2" ten="235,274,255,226" step="2"/><W11/><G11/><T47/><D128/><U14/><REACH who="1" step="1"/><E59/><REACH who="1" ten="235,264,255,226" step="2"/><V12/><F12/><W28/><G101/><T1/><D1/><U65/><AGARI ba="1,2" hai="14,18,22,23,24,30,32,34,56,61,65,99,102,105" machi="65" ten="20,5200,0" yaku="1,1,2,1,0,1,7,1,53,0" doraHai="50" doraHaiUra="43" who="1" fromWho="1" sc="235,-14,264,75,255,-27,226,-14" /><INIT seed="3,0,0,3,2,132" ten="221,339,228,212" oya="3" hai0="77,54,13,70,66,68,74,121,15,111,5,60,52" hai1="37,11,86,116,117,71,73,1,99,19,61,32,24" hai2="130,124,113,108,96,94,0,38,65,105,133,102,3" hai3="25,123,12,64,49,122,131,44,16,6,30,4,58"/><W69/><G131/><T50/><D121/><U100/><E73/><V81/><F65/><W85/><G69/><T106/><D106/><N who="1" m="63775" /><E86/><V39/><F94/><W103/><G103/><T72/><D111/><U21/><E37/><V17/><F17/><W28/><G123/><T119/><D119/><N who="1" m="45643" /><E32/><V18/><F18/><W76/><G122/><T125/><D50/><U127/><E1/><V33/><F96/><W67/><G25/><T47/><D47/><U8/><E127/><V10/><F102/><W78/><G58/><T62/><D5/><N who="3" m="2153" /><G67/><AGARI ba="0,0" hai="8,11,19,21,24,61,67,71" m="45643,63775" machi="67" ten="30,1000,0" yaku="12,1" doraHai="132" who="1" fromWho="3" sc="221,0,339,10,228,0,212,-10" /><INIT seed="4,0,0,0,4,19" ten="221,349,228,202" oya="0" hai0="76,60,22,8,9,131,39,77,135,31,20,7,93" hai1="38,25,27,65,1,117,16,42,45,83,14,98,72" hai2="43,110,69,94,105,46,126,133,81,2,10,116,52" hai3="36,108,30,41,74,78,128,132,75,121,62,120,5"/><T71/><D39/><U13/><E117/><V114/><F105/><W102/><G30/><T58/><D71/><U33/><E1/><V122/><F69/><W6/><G102/><T51/><D131/><U24/><E65/><V107/><F107/><W97/><G97/><T95/><D51/><U96/><E13/><V109/><F122/><W111/><G62/><T11/><D7/><N who="3" m="2569" /><G78/><N who="0" m="30315" /><D135/><U119/><E119/><V48/><F116/><W115/><G128/><T124/><D124/><U86/><E72/><N who="3" m="27690" /><G115/><T129/><D129/><U61/><E61/><V103/><F133/><W79/><G79/><T63/><D31/><U73/><E73/><V3/><F126/><W18/><G41/><T40/><D40/><U59/><E33/><V101/><F114/><W49/><G49/><T35/><D63/><U34/><E34/><V0/><F0/><W87/><G36/><T85/><D35/><U23/><E59/><V127/><F127/><W32/><G32/><T4/><D4/><U89/><AGARI ba="0,0" hai="14,16,23,24,25,27,38,42,45,83,86,89,96,98" machi="89" ten="30,4000,0" yaku="0,1,52,1,54,1" doraHai="19" who="1" fromWho="1" sc="221,-20,349,40,228,-10,202,-10" /><INIT seed="5,0,0,2,0,61" ten="201,389,218,192" oya="1" hai0="125,109,2,53,105,115,89,42,70,33,84,117,112" hai1="56,18,75,12,103,119,31,57,135,110,98,66,52" hai2="19,104,50,45,92,87,124,51,11,94,113,126,54" hai3="22,9,107,88,74,59,131,20,81,62,55,132,15"/><U118/><E75/><V93/><F104/><W122/><G122/><T78/><D105/><U86/><E31/><V48/><F87/><N who="3" m="50287" /><G107/><T24/><D78/><U37/><E37/><V10/><F113/><W23/><G74/><T96/><D109/><U36/><E36/><V46/><F19/><N who="3" m="8687" /><G132/><T63/><D70/><U25/><E110/><V58/><F58/><W73/><G73/><T130/><D130/><U27/><E135/><V134/><F134/><W3/><G3/><T35/><D2/><U28/><E119/><V99/><F99/><W67/><G131/><T21/><D96/><U26/><E86/><V40/><REACH who="2" step="1"/><F51/><REACH who="2" ten="201,389,208,192" step="2"/><W71/><G71/><T30/><D115/><U17/><E118/><V68/><F68/><W43/><G43/><T7/><D112/><U8/><E57/><V116/><F116/><W129/><G129/><T77/><D117/><U83/><E98/><V95/><N who="2" m="23552" /><DORA hai="108" /><V72/><F72/><W32/><G32/><T111/><D42/><U85/><E17/><V69/><F69/><W49/><G49/><T80/><D111/><U39/><E39/><V121/><F121/><W100/><G100/><T97/><D35/><U102/><E103/><V91/><F91/><W114/><G114/><T106/><D33/><U123/><E102/><V133/><F133/><W82/><G82/><T101/><D106/><U29/><E123/><V90/><F90/><W4/><G4/><T41/><D7/><U14/><E83/><V47/><F47/><W13/><G59/><N who="0" m="35311" /><D89/><U38/><E56/><V6/><F6/><W34/><G34/><T5/><D101/><RYUUKYOKU ba="0,1" sc="201,-10,389,-10,208,30,192,-10" hai2="10,11,40,45,46,48,50,54,124,126" /><INIT seed="6,1,1,1,1,12" ten="191,379,238,182" oya="2" hai0="117,76,56,91,100,67,5,60,122,8,33,134,52" hai1="96,10,13,84,39,66,111,11,94,37,99,79,20" hai2="128,53,104,92,132,0,54,69,1,77,63,48,62" hai3="27,3,29,95,25,49,15,93,31,45,44,109,28"/><V61/><F104/><W115/><G3/><T40/><D122/><U65/><E111/><V129/><F77/><W124/><G109/><T70/><D33/><U133/><E133/><V81/><F81/><W126/><G15/><T101/><D134/><U57/><E39/><V30/><F132/><W88/><G115/><T114/><D114/><U21/><E37/><V130/><F69/><W83/><G83/><T87/><D40/><U47/><E47/><N who="3" m="17994" /><G49/><T120/><D76/><U42/><E42/><V55/><F48/><W18/><G18/><T72/><D72/><U35/><E35/><V17/><F30/><W74/><G74/><T64/><D117/><U107/><E107/><V80/><F80/><W58/><G58/><T135/><D120/><U98/><E57/><V127/><F127/><N who="3" m="48683" /><G95/><N who="0" m="54783" /><D70/><U59/><E59/><V14/><F92/><W110/><G110/><T16/><D5/><N who="1" m="3279" /><E79/><V116/><F116/><W68/><G68/><T102/><D135/><U119/><E119/><V103/><F103/><W32/><G32/><T34/><D34/><U24/><E94/><V105/><F105/><W131/><G131/><T9/><D8/><AGARI ba="1,1" hai="0,1,8,14,17,53,54,55,61,62,63,128,129,130" machi="8" ten="50,12000,1" yaku="29,2,19,1,52,1" doraHai="12" who="2" fromWho="0" sc="191,-123,379,0,238,133,182,0" /><INIT seed="6,2,0,5,1,31" ten="68,379,371,182" oya="2" hai0="19,117,72,135,71,39,83,9,107,67,98,3,41" hai1="17,30,24,113,20,99,51,124,86,109,48,26,102" hai2="33,1,42,29,7,58,49,95,129,22,40,125,97" hai3="55,8,63,120,46,92,131,66,84,89,4,25,62"/><V133/><F22/><W130/><G120/><T37/><D135/><U103/><E109/><V23/><F23/><W90/><G25/><T104/><D117/><U100/><E113/><V123/><F123/><W85/><G46/><N who="0" m="23855" /><D19/><U118/><E118/><V12/><F12/><W116/><G116/><T43/><D98/><U96/><E124/><V15/><F15/><W44/><G8/><T57/><D57/><U60/><E60/><V94/><F129/><W76/><G92/><T10/><D10/><U11/><E86/><V56/><F133/><W80/><G66/><T13/><D13/><N who="1" m="7359" /><E26/><V36/><F36/><W106/><G55/><T53/><D53/><U134/><E134/><V111/><F125/><W79/><G44/><N who="0" m="23679" /><D67/><U27/><E24/><V91/><F97/><AGARI ba="2,0" hai="20,27,30,48,51,96,97,99,100,102,103" m="7359" machi="97" ten="30,1000,0" yaku="8,1" doraHai="31" who="1" fromWho="2" sc="68,0,379,16,371,-16,182,0" /><INIT seed="7,0,0,3,1,14" ten="68,395,355,182" oya="3" hai0="51,49,57,83,96,112,81,60,6,45,77,28,21" hai1="127,89,10,66,26,62,46,104,40,44,32,73,94" hai2="33,90,17,92,38,39,123,30,119,64,5,61,36" hai3="110,43,93,58,109,135,47,70,79,128,72,37,55"/><W48/><G72/><T71/><D71/><U29/><E73/><V80/><F119/><W1/><G1/><T31/><D112/><U87/><E104/><V129/><F5/><W132/><G79/><T23/><D6/><U100/><E127/><V106/><F106/><W88/><G128/><T125/><D125/><U41/><E10/><V0/><F0/><W120/><G120/><T53/><D96/><U86/><E100/><V25/><F80/><W67/><G93/><T7/><D7/><U95/><E41/><V54/><F54/><W91/><G67/><T85/><D81/><U8/><E8/><V131/><F123/><W114/><G70/><T82/><D82/><U63/><E63/><V76/><F76/><W34/><G34/><T18/><D49/><U98/><E95/><V115/><F115/><W107/><G107/><T111/><D111/><N who="3" m="42505" /><G114/><T59/><D59/><U116/><E116/><V20/><F64/><W50/><G50/><T133/><D133/><AGARI ba="0,0" hai="37,43,47,48,55,58,88,91,132,133,135" m="42505" machi="133" ten="30,5800,0" yaku="20,1,10,1,54,1" doraHai="14" who="3" fromWho="0" sc="68,-58,395,0,355,0,182,58" /><INIT seed="7,1,0,5,2,95" ten="10,395,355,240" oya="3" hai0="4,40,12,88,115,65,6,87,133,96,61,132,21" hai1="57,53,35,93,60,76,122,112,103,64,106,31,56" hai2="46,84,99,43,118,0,29,42,39,62,91,104,9" hai3="89,16,34,114,85,126,7,33,110,27,48,105,77"/><W44/><G105/><T37/><D21/><U100/><E122/><V135/><F135/><W59/><G114/><T124/><D12/><U123/><E123/><V101/><F118/><W55/><G126/><T51/><D87/><U98/><E112/><V1/><F43/><W102/><G110/><T72/><D51/><U90/><E76/><V28/><F62/><W94/><G33/><T71/><D61/><N who="1" m="37935" /><E35/><V116/><F116/><W26/><G34/><T8/><D115/><U125/><E125/><V49/><F39/><W24/><G7/><T113/><D113/><U63/><E31/><V82/><REACH who="2" step="1"/><F9/><REACH who="2" ten="10,395,345,240" step="2"/><W119/><G119/><T23/><D124/><U20/><E60/><V22/><F22/><N who="3" m="13383" /><G77/><T111/><D23/><U19/><E106/><V11/><F11/><W92/><G44/><T120/><D8/><U83/><E20/><V54/><F54/><W79/><G79/><T67/><D40/><U18/><E53/><V74/><F74/><W86/><G86/><T70/><D120/><U75/><E63/><V129/><F129/><W108/><G108/><T66/><D66/><U130/><E75/><V14/><F14/><W45/><G45/><T109/><D88/><U73/><E73/><V13/><F13/><W121/><G121/><T58/><D72/><U128/><E90/><V80/><F80/><N who="3" m="49319" /><G102/><T69/><D69/><U68/><E103/><V47/><F47/><W117/><G117/><T10/><D10/><U5/><E68/><V3/><AGARI ba="1,1" hai="0,1,3,28,29,42,46,49,82,84,91,99,101,104" machi="3" ten="30,4000,0" yaku="1,1,0,1,52,1,53,0" doraHai="95" doraHaiUra="134" who="2" fromWho="2" sc="10,-11,395,-11,345,53,240,-21" owari="-1,-50.0,384,18.0,398,50.0,219,-18.0" /></mjloggm>