<mjloggm ver="2.3"><GO type="169" lobby="0"/><UN n0="%E3%81%A0%E3%82%81%E3%81%AE%E3%81%99%E3%81%91" n1="%E4%B8%80%E8%93%AE%E5%B3%BB%E6%BD%A4" n2="%E8%97%A4%E7%94%B0%E3%83%8B%E3%82%B3%E3%83%AB" n3="%E4%B8%96%E7%9B%B4%E3%81%97%E4%BA%BA" dan="16,18,17,17" rate="2168.94,2245.29,2103.70,2194.66" sx="M,M,F,M"/><TAIKYOKU oya="0"/><INIT seed="0,0,0,1,2,134" ten="250,250,250,250" oya="0" hai0="5,8,103,89,16,104,78,129,102,13,97,37,54" hai1="62,26,118,85,126,7,98,17,68,95,60,110,70" hai2="67,113,55,130,15,21,76,128,27,86,39,40,42" hai3="47,43,106,88,46,69,66,50,4,10,107,32,28"/><T119/><D119/><U25/><E118/><V58/><F113/><W64/><G32/><T31/><D129/><N who="2" m="49770" /><F67/><W133/><G28/><T92/><D37/><U71/><E7/><V41/><F15/><W100/><G133/><T108/><D108/><U20/><E110/><V9/><F9/><W79/><G79/><T96/><D78/><U6/><E6/><V81/><F39/><W131/><G131/><T80/><D31/><U22/><E85/><V44/><F44/><W61/><G66/><T33/><D33/><U51/><E51/><N who="2" m="31103" /><F40/><W53/><G100/><T91/><D80/><U74/><E74/><V121/><F121/><W2/><G88/><T120/><D120/><U0/><E0/><V90/><F76/><W123/><G123/><T117/><D117/><U49/><E49/><AGARI ba="0,0" hai="2,4,10,43,46,47,49,50,53,61,64,69,106,107" machi="49" ten="30,1000,0" yaku="7,1" doraHai="134" who="3" fromWho="1" sc="250,0,250,-10,250,0,250,10" /><INIT seed="1,0,0,4,1,56" ten="250,240,250,260" oya="1" hai0="58,52,25,99,55,86,37,69,105,106,47,46,71" hai1="102,131,44,135,81,21,57,90,126,38,17,107,29" hai2="39,132,84,134,133,103,121,59,60,96,50,0,54" hai3="98,75,6,1,49,73,64,123,20,63,2,125,85"/><U100/><E131/><V10/><F121/><W41/><G123/><T12/><D25/><U62/><E126/><V15/><F39/><W127/><G98/><T48/><D86/><N who="1" m="50511" /><E107/><V83/><F0/><W67/><G85/><T40/><D12/><N who="1" m="9383" /><E38/><V66/><F15/><W65/><G20/><T115/><D115/><U97/><E135/><V116/><F10/><W28/><G28/><T120/><D120/><U34/><E34/><V33/><F33/><W51/><G41/><T26/><D26/><U109/><E109/><V27/><F27/><W13/><G13/><T101/><REACH who="0" step="1"/><D106/><REACH who="0" ten="240,240,250,260" step="2"/><U16/><E29/><V11/><F116/><W92/><G2/><T112/><D112/><U110/><E110/><V9/><F84/><W14/><G1/><T8/><D8/><U30/><E30/><V113/><F113/><W61/><G14/><T95/><D95/><U91/><E16/><V122/><F83/><W117/><G92/><T68/><D68/><U128/><E128/><V111/><F111/><W18/><G18/><T24/><D24/><U42/><E97/><V82/><F82/><W108/><G108/><T23/><D23/><U78/><E78/><V88/><F122/><W87/><G87/><T22/><D22/><U74/><E74/><N who="3" m="28170" /><G117/><T118/><D118/><U77/><E77/><V70/><F103/><W80/><G80/><T5/><D5/><U79/><E79/><V129/><F129/><W43/><G6/><T130/><D130/><U114/><E114/><V104/><F104/><W93/><G93/><AGARI ba="0,1" hai="9,11,50,54,59,60,66,70,88,93,96,132,133,134" machi="93" ten="40,5200,0" yaku="20,1,52,1,54,1" doraHai="56" who="2" fromWho="3" sc="240,0,240,0,250,62,260,-52" /><INIT seed="2,0,0,1,0,113" ten="240,240,312,208" oya="2" hai0="111,105,24,28,34,42,13,106,128,115,22,97,26" hai1="125,135,98,62,52,17,110,23,99,126,25,10,89" hai2="35,102,47,73,133,74,116,95,44,45,32,87,41" hai3="57,59,2,14,86,75,37,119,46,65,121,72,19"/><V50/><F133/><W38/><G2/><T48/><D115/><U101/><E135/><V71/><F71/><W123/><G86/><T114/><D114/><U0/><E110/><V91/><F102/><W80/><G80/><T27/><D111/><U30/><E89/><V132/><F132/><W29/><G29/><T43/><D27/><U18/><E99/><V9/><F9/><W120/><G14/><T131/><D13/><U82/><E82/><V1/><F1/><W103/><G103/><N who="0" m="62703" /><D48/><U63/><E63/><V56/><F56/><W78/><G19/><N who="0" m="12383" /><D106/><U66/><E0/><V39/><F45/><W6/><G46/><T68/><D68/><U117/><E10/><V108/><F108/><W61/><G61/><T118/><D118/><U90/><E117/><V85/><F116/><W76/><G119/><T129/><AGARI ba="0,0" hai="26,28,34,42,43,128,129,131" m="12383,62703" machi="129" ten="30,1100,0" yaku="19,1" doraHai="113" who="0" fromWho="0" sc="240,11,240,-3,312,-5,208,-3" /><INIT seed="3,0,0,4,1,47" ten="251,237,307,205" oya="3" hai0="40,3,24,60,23,86,27,11,71,34,76,119,25" hai1="66,61,88,37,101,36,123,85,26,113,14,110,131" hai2="68,4,18,87,46,93,122,43,125,19,121,42,31" hai3="132,92,104,117,112,116,89,16,129,28,9,94,70"/><W2/><G112/><T49/><D119/><U1/><E113/><V80/><F68/><W55/><G104/><T115/><D115/><U111/><E1/><V8/><F31/><W75/><G75/><T15/><D3/><U95/><E123/><N who="2" m="47115" /><F93/><W44/><G70/><T29/><D34/><U33/><E131/><V73/><F73/><W45/><G129/><T124/><D124/><U100/><E14/><N who="2" m="5383" /><F125/><W38/><G28/><T12/><D12/><U114/><E114/><V13/><F46/><W6/><G94/><T105/><D105/><U83/><E26/><V74/><F74/><W56/><G117/><T22/><D29/><U96/><E100/><V58/><F58/><W133/><G116/><T0/><D0/><U7/><E7/><V35/><F35/><W63/><G45/><N who="0" m="25767" /><D60/><U54/><E33/><V62/><F62/><W41/><REACH who="3" step="1"/><G16/><REACH who="3" ten="251,237,307,195" step="2"/><N who="0" m="8319" /><D71/><U50/><E110/><V81/><F19/><W21/><G21/><T51/><D22/><U64/><E111/><V69/><F69/><W52/><G52/><T32/><D23/><U126/><E126/><V30/><F30/><W120/><G120/><T102/><D32/><U53/><E53/><V78/><F80/><W98/><AGARI ba="0,1" hai="2,6,9,38,41,44,55,56,63,89,92,98,132,133" machi="98" ten="30,3000,0" yaku="1,1,0,1,53,0" doraHai="47" doraHaiUra="82" who="3" fromWho="3" sc="251,-10,237,-10,307,-10,195,40" /><INIT seed="3,1,0,2,1,0" ten="241,227,297,235" oya="3" hai0="54,11,103,133,120,81,67,131,18,91,129,39,132" hai1="17,130,100,85,80,101,64,74,75,97,115,32,71" hai2="21,42,110,58,36,123,37,4,78,72,16,121,82" hai3="92,34,69,46,127,52,65,20,2,124,55,7,118"/><W87/><G118/><T94/><D39/><U99/><E32/><V90/><F110/><W5/><G34/><T73/><D67/><U6/><E115/><V76/><F58/><W108/><G108/><T66/><D66/><U102/><E17/><V43/><F90/><N who="3" m="53343" /><G2/><T22/><D120/><N who="2" m="46154" /><F76/><W28/><G28/><T33/><D33/><U41/><E41/><N who="2" m="15371" /><F4/><N who="3" m="1611" /><G46/><T53/><D73/><U95/><E6/><V117/><F117/><W1/><G1/><T84/><D103/><U62/><E130/><V40/><F40/><W88/><G20/><T57/><D22/><U48/><E48/><V106/><F106/><W68/><G88/><T96/><D131/><U10/><E10/><V113/><F113/><W60/><G69/><T77/><D129/><U12/><E75/><V15/><AGARI ba="1,0" hai="15,16,21,36,37,72,78,82" m="15371,46154" machi="15" ten="30,2000,0" yaku="13,1,54,1" doraHai="0" who="2" fromWho="2" sc="241,-6,227,-6,297,23,235,-11" /><INIT seed="4,0,0,3,1,123" ten="235,221,320,224" oya="0" hai0="87,126,125,134,13,32,12,17,91,35,108,38,63" hai1="101,103,27,129,9,82,73,107,28,50,11,98,19" hai2="15,81,30,117,76,44,75,72,24,2,92,56,65" hai3="16,52,60,111,89,67,83,90,86,23,122,110,78"/><T45/><D134/><U121/><E121/><V4/><F2/><W100/><G100/><T84/><D63/><U116/><E116/><V61/><F117/><W120/><G122/><T14/><D17/><U31/><E129/><V130/><F130/><W26/><G120/><T57/><D57/><U133/><E133/><V109/><F109/><W41/><G41/><N who="0" m="22711" /><D108/><U135/><E135/><V1/><F1/><W119/><G119/><T88/><D87/><U22/><E103/><V46/><F72/><W99/><G90/><N who="0" m="34347" /><D84/><U106/><E106/><V47/><F92/><N who="3" m="56719" /><G67/><T43/><D43/><U55/><E31/><V70/><F56/><AGARI ba="0,0" hai="16,23,26,52,56,60,78,83,86,110,111" m="56719" machi="56" ten="30,8000,1" yaku="25,1,52,2,54,2" doraHai="123" who="3" fromWho="2" sc="235,0,221,0,320,-80,224,80" /><INIT seed="5,0,0,0,0,90" ten="235,221,240,304" oya="1" hai0="50,116,75,103,92,118,81,8,107,88,13,5,3" hai1="20,17,125,58,37,101,105,93,77,4,7,22,12" hai2="6,56,108,10,0,19,98,133,46,120,126,66,111" hai3="41,59,91,114,113,26,89,76,68,124,18,64,71"/><U100/><E37/><V94/><F120/><W63/><G76/><N who="0" m="44191" /><D50/><U28/><E125/><V112/><F133/><W9/><G41/><T34/><D13/><U55/><E105/><V60/><F126/><W119/><G124/><T130/><D34/><U33/><E33/><V86/><F112/><N who="3" m="43115" /><G119/><T2/><D2/><U72/><E72/><V104/><F104/><W131/><G131/><T70/><D70/><N who="3" m="26665" /><G9/><T43/><D130/><U35/><E77/><V96/><F96/><W69/><N who="3" m="26673" /><W1/><DORA hai="128" /><G1/><T31/><D31/><U29/><E35/><V115/><F86/><W39/><G39/><T132/><D132/><U32/><E32/><V121/><F121/><W52/><G64/><T84/><D43/><U54/><E12/><V15/><F46/><W87/><G87/><T79/><D79/><U25/><E25/><V24/><F24/><W45/><G45/><T62/><D62/><U53/><E53/><V82/><F115/><W127/><G127/><T65/><D65/><U44/><E44/><V122/><F122/><W85/><G85/><T117/><D118/><U21/><E21/><AGARI ba="0,0" hai="18,21,26,52,59,63,89,91" m="26673,43115" machi="21" ten="50,3200,0" yaku="15,1,54,1" doraHai="90,128" who="3" fromWho="1" sc="235,0,221,-32,240,0,304,32" /><INIT seed="6,0,0,2,4,19" ten="235,189,240,336" oya="2" hai0="1,53,28,31,129,44,64,118,92,8,34,126,100" hai1="102,54,58,112,97,132,30,104,10,106,13,122,72" hai2="60,113,45,0,73,2,84,96,4,12,18,27,89" hai3="86,116,9,103,59,107,101,5,117,95,131,50,109"/><V90/><F113/><W128/><G109/><T61/><D34/><U51/><E112/><V35/><F73/><W66/><G107/><T85/><D129/><U15/><E132/><V63/><F45/><W80/><G66/><T22/><D126/><U98/><E122/><V57/><F63/><W134/><G59/><T56/><D118/><U135/><E135/><V133/><F133/><W124/><G134/><T3/><D28/><U25/><E72/><V94/><F35/><W68/><G68/><T17/><D8/><U87/><E87/><V47/><F47/><W77/><G50/><T62/><D31/><U76/><E76/><V93/><F4/><W110/><G110/><T39/><D85/><U26/><E10/><V42/><F42/><W79/><G124/><T78/><D78/><U71/><E71/><V121/><F121/><W70/><G70/><T120/><D120/><U67/><E67/><V91/><F91/><W115/><G115/><T52/><D64/><U43/><E43/><V74/><F74/><W7/><G117/><T108/><D108/><U41/><E41/><V38/><F38/><W20/><G116/><T83/><D39/><U127/><E127/><V99/><F84/><W11/><G86/><T81/><D3/><U29/><E106/><V33/><F33/><W16/><G79/><T82/><D1/><U55/><E55/><N who="0" m="21065" /><D56/><U21/><E98/><V46/><F46/><W40/><G77/><T23/><D44/><U24/><E30/><V14/><F0/><W125/><G40/><T6/><D62/><U119/><E119/><V32/><F2/><RYUUKYOKU ba="0,0" sc="235,-10,189,30,240,-10,336,-10" hai1="13,15,21,24,25,26,29,51,54,58,97,102,104" /><INIT seed="7,1,0,1,3,75" ten="225,219,230,326" oya="3" hai0="3,128,40,72,109,97,47,115,60,18,45,135,78" hai1="110,81,57,65,35,116,111,12,99,134,24,71,106" hai2="38,30,6,107,103,9,77,83,124,86,62,28,114" hai3="41,130,119,100,76,79,39,34,123,27,67,96,32"/><W105/><G119/><T48/><D109/><U11/><E116/><V88/><F38/><W50/><G123/><T131/><D3/><U61/><E134/><V91/><F114/><W42/><G39/><T118/><D118/><U43/><E43/><V7/><F124/><W20/><G67/><T0/><D0/><U104/><E57/><V89/><F107/><W122/><G122/><T127/><D135/><U93/><E81/><V10/><F103/><W26/><G100/><T33/><D33/><U21/><E106/><V29/><F62/><W68/><G105/><T23/><D127/><U22/><E22/><V117/><F117/><W73/><G20/><T84/><D115/><U90/><E35/><V121/><F121/><W25/><G34/><T69/><D97/><U56/><E71/><V46/><F46/><W87/><G68/><T92/><D72/><U63/><E63/><V51/><F51/><W4/><G50/><T112/><D112/><U31/><E104/><V74/><F74/><W17/><G73/><T13/><D47/><U95/><E95/><V37/><F37/><W36/><G36/><T54/><D92/><U120/><E120/><V70/><F70/><W129/><G32/><T52/><D69/><U108/><E108/><V64/><F64/><W8/><G42/><T1/><D1/><U53/><E65/><V102/><F102/><W55/><G41/><T80/><D60/><U85/><E99/><V44/><F44/><W66/><G96/><T113/><D113/><U49/><E61/><V125/><F125/><W132/><G132/><T133/><D133/><RYUUKYOKU ba="1,0" sc="225,10,219,10,230,10,326,-30" hai0="13,18,23,40,45,48,52,54,78,80,84,128,131" hai1="11,12,21,24,31,49,53,56,85,90,93,110,111" hai2="6,7,9,10,28,29,30,77,83,86,88,89,91" /><INIT seed="8,2,0,1,0,7" ten="235,229,240,296" oya="0" hai0="133,91,130,15,99,111,11,62,71,76,78,45,39" hai1="48,41,119,107,98,121,123,56,29,115,34,68,106" hai2="30,19,12,126,103,63,108,35,33,2,66,93,104" hai3="73,50,54,18,37,23,42,32,79,16,120,116,44"/><T100/><D130/><U129/><E68/><V47/><F108/><W14/><G32/><T92/><D111/><U3/><E3/><V9/><F126/><W24/><G116/><T135/><D39/><U22/><E34/><V86/><F104/><W95/><G120/><T28/><D28/><U122/><E129/><V125/><F125/><W83/><G95/><T64/><D45/><U4/><E4/><V70/><F2/><W52/><G37/><T58/><D71/><U88/><E119/><V69/><F69/><W10/><AGARI ba="2,0" hai="10,14,16,18,23,24,42,44,50,52,54,73,79,83" machi="10" ten="20,8000,1" yaku="0,1,7,1,52,1,54,2" doraHai="7" who="3" fromWho="3" sc="235,-42,229,-22,240,-22,296,86" owari="193,-31.0,207,-19.0,218,2.0,382,48.0" /></mjloggm>