<mjloggm ver="2.3"><GO type="169" lobby="0"/><UN n0="%54%65%4B" n1="%E3%83%8F%E3%83%83%E3%83%88%E3%83%AA%E3%82%B9" n2="%E3%81%99%E3%81%9A%E3%82%81%E3%82%AF%E3%83%AC%E3%82%A4%E3%82%B8%E3%83%BC" n3="%E3%82%81%E3%82%93%E3%81%A9%E3%81%84" dan="16,17,20,16" rate="2021.62,2157.42,2125.33,2058.47" sx="M,M,M,M"/><TAIKYOKU oya="0"/><INIT seed="0,0,0,3,5,131" ten="250,250,250,250" oya="0" hai0="92,60,98,105,78,102,49,27,129,18,134,110,135" hai1="61,77,56,32,106,115,124,104,85,100,90,119,38" hai2="109,82,39,87,67,57,127,13,84,10,123,51,68" hai3="52,70,11,79,30,107,6,20,114,66,96,83,2"/><T17/><D129/><U65/><E119/><V35/><F123/><W64/><G114/><T73/><D110/><U16/><E115/><V89/><F35/><W55/><G107/><T9/><D49/><U101/><E38/><V117/><F68/><W45/><G96/><T94/><D9/><U97/><E124/><V15/><F39/><W86/><G45/><T28/><D78/><U41/><E41/><V1/><F1/><W128/><G128/><T58/><D73/><U116/><E32/><V34/><F34/><W80/><G80/><T81/><D81/><U72/><E116/><V91/><F127/><W54/><REACH who="3" step="1"/><G70/><REACH who="3" ten="250,250,250,240" step="2"/><T44/><D44/><U0/><E106/><V29/><F117/><W43/><G43/><T42/><D42/><U4/><E97/><V5/><F109/><W118/><G118/><T23/><D105/><U121/><E104/><V111/><F111/><W7/><G7/><T133/><REACH who="0" step="1"/><D92/><REACH who="0" ten="240,250,250,240" step="2"/><U99/><E121/><V120/><F120/><W21/><G21/><T95/><D95/><U26/><E72/><V40/><F82/><W59/><G59/><T48/><D48/><U71/><E56/><V93/><F51/><W108/><G108/><T47/><D47/><U3/><E71/><V113/><F40/><W122/><G122/><T19/><D19/><U25/><E16/><V63/><F113/><W50/><G50/><T12/><D12/><U37/><E37/><V103/><F13/><W75/><G75/><T130/><D130/><U14/><E14/><V62/><F15/><W125/><G125/><T74/><D74/><U132/><E0/><RYUUKYOKU ba="0,2" sc="240,15,250,-15,250,-15,240,15" hai0="17,18,23,27,28,58,60,94,98,102,133,134,135" hai3="2,6,11,20,30,52,54,55,64,66,79,83,86" /><INIT seed="0,1,2,1,3,72" ten="255,235,235,255" oya="0" hai0="112,101,41,56,22,124,90,61,93,99,44,19,73" hai1="47,43,30,116,109,50,127,38,110,60,3,69,105" hai2="131,25,91,20,0,15,14,45,12,81,96,92,95" hai3="84,111,134,42,53,89,83,78,34,21,51,2,130"/><T80/><D112/><U7/><E116/><V103/><F0/><W74/><G34/><T85/><D124/><U16/><E105/><V107/><F131/><W108/><G2/><T126/><D126/><U62/><E127/><V37/><F37/><W122/><G130/><T128/><D128/><U17/><E30/><V32/><F32/><W76/><G134/><T55/><D73/><U39/><E39/><V24/><F24/><W58/><G74/><T125/><D125/><U132/><E38/><V40/><F45/><N who="3" m="26039" /><G21/><T115/><D115/><U97/><E132/><V77/><F40/><W119/><G119/><T114/><D114/><U64/><E97/><V4/><F4/><W100/><G100/><T65/><D44/><U94/><E94/><V13/><F91/><W102/><G102/><T113/><D41/><U82/><E62/><V129/><F129/><W33/><G33/><T66/><REACH who="0" step="1"/><D113/><REACH who="0" ten="245,235,235,255" step="2"/><U123/><E123/><V36/><F36/><W71/><G122/><T68/><D68/><U54/><E43/><V121/><F121/><W118/><G71/><T52/><D52/><U67/><E67/><V27/><F107/><W49/><G118/><T5/><D5/><U23/><E7/><V11/><F11/><W31/><G31/><T18/><D18/><U135/><E17/><N who="2" m="10303" /><F92/><W57/><G58/><T117/><D117/><U98/><E135/><V88/><F103/><W79/><G89/><T48/><D48/><U26/><E50/><V29/><F29/><W133/><G133/><T46/><D46/><U63/><E69/><V75/><F75/><W104/><G104/><RYUUKYOKU ba="1,3" sc="245,10,235,-30,235,10,255,10" hai0="19,22,55,56,61,65,66,80,85,90,93,99,101" hai2="12,13,14,25,27,77,81,88,95,96" hai3="49,53,57,76,78,79,83,84,108,111" /><INIT seed="0,2,3,3,0,80" ten="255,205,245,265" oya="0" hai0="11,34,126,124,110,61,36,129,58,76,89,104,24" hai1="103,74,45,67,26,68,25,19,55,99,65,98,22" hai2="75,125,101,84,50,91,2,8,77,113,134,49,87" hai3="15,73,111,66,106,38,90,92,62,21,72,12,52"/><T119/><D119/><U28/><E74/><V86/><F113/><W44/><G106/><T97/><D129/><U131/><E131/><V71/><F71/><W94/><G111/><T1/><D110/><U23/><E68/><V123/><F75/><W31/><G92/><N who="0" m="56463" /><D104/><U57/><E45/><V85/><F123/><W7/><G73/><T9/><D36/><U112/><E112/><V37/><F37/><W18/><G72/><T0/><D76/><U33/><E33/><V93/><F77/><W117/><G31/><T96/><D96/><N who="1" m="36907" /><E103/><V133/><F101/><W16/><G7/><T121/><D121/><U53/><E53/><V41/><F41/><W88/><G117/><T81/><D81/><U127/><E127/><N who="0" m="48681" /><D0/><U5/><E5/><N who="2" m="1079" /><F125/><W30/><G94/><T115/><D1/><U105/><E105/><V118/><F118/><W6/><G38/><T64/><D115/><U122/><E122/><V120/><F120/><W29/><G6/><T48/><D48/><AGARI ba="2,3" hai="19,22,23,25,26,28,48,55,57,65,67" m="36907" machi="48" ten="30,1000,0" yaku="8,1" doraHai="80" who="1" fromWho="0" sc="255,-16,205,46,245,0,265,0" /><INIT seed="1,0,0,0,1,84" ten="239,251,245,265" oya="1" hai0="38,31,120,114,22,70,10,97,85,121,102,131,128" hai1="132,63,66,110,134,109,39,94,115,99,19,25,51" hai2="6,8,61,104,108,41,81,36,76,116,91,43,135" hai3="118,73,52,3,87,59,106,12,90,34,72,2,83"/><U123/><E115/><V18/><F116/><W28/><G106/><T48/><D114/><U16/><E39/><V49/><F104/><W67/><G67/><T42/><D70/><U88/><E123/><N who="0" m="47177" /><D10/><U124/><E51/><V103/><F103/><W24/><G118/><T119/><D119/><U111/><E124/><V7/><F108/><W95/><G3/><T93/><D85/><U23/><E19/><V60/><F76/><W101/><G2/><T45/><D38/><U17/><E17/><V100/><F100/><W96/><REACH who="3" step="1"/><G12/><REACH who="3" ten="239,251,245,255" step="2"/><T69/><D69/><AGARI ba="0,1" hai="16,23,25,63,66,69,88,94,99,109,110,111,132,134" machi="69" ten="40,12000,1" yaku="14,1,10,1,52,1,54,2" doraHai="84" who="1" fromWho="0" sc="239,-120,251,130,245,0,255,0" /><INIT seed="1,1,0,4,5,124" ten="119,381,245,255" oya="1" hai0="49,71,91,65,100,73,17,47,67,110,97,20,58" hai1="21,15,96,78,61,29,68,6,79,22,8,24,53" hai2="9,94,74,122,106,16,113,70,46,37,135,55,44" hai3="80,2,51,5,43,129,72,39,63,98,132,83,111"/><U88/><E68/><V130/><F106/><W3/><G111/><T114/><D110/><U34/><E34/><V30/><F74/><W104/><G132/><T28/><D114/><U0/><E0/><V77/><F77/><W103/><G83/><T26/><D71/><U52/><E22/><V82/><F82/><W64/><G51/><T99/><D73/><U54/><REACH who="1" step="1"/><E61/><REACH who="1" ten="119,371,245,255" step="2"/><V1/><F1/><W23/><G63/><T85/><D28/><U69/><E69/><V35/><F70/><W107/><G3/><T76/><D76/><U119/><E119/><V60/><F35/><W116/><G2/><T12/><D26/><U109/><E109/><V59/><F30/><W118/><G118/><T87/><D20/><U133/><E133/><V101/><F60/><W7/><G23/><T89/><D12/><U92/><AGARI ba="1,1" hai="6,8,15,21,24,29,52,53,54,78,79,88,92,96" machi="92" ten="30,12000,1" yaku="1,1,0,1,8,1,54,2,53,0" doraHai="124" doraHaiUra="102" who="1" fromWho="1" sc="119,-41,371,133,245,-41,255,-41" /><INIT seed="1,2,0,4,3,131" ten="78,504,204,214" oya="1" hai0="62,93,16,71,20,115,105,68,30,50,122,64,104" hai1="114,3,53,41,75,83,77,125,108,72,12,94,46" hai2="73,59,5,9,1,4,111,121,15,74,36,45,67" hai3="135,86,66,18,133,25,99,113,106,76,44,40,6"/><U14/><E114/><V42/><F111/><W91/><G113/><T57/><D115/><U31/><E108/><V58/><F121/><W69/><G6/><T21/><D122/><U118/><E118/><V11/><F67/><W110/><G110/><T126/><D126/><U55/><E75/><V43/><F58/><W35/><G76/><T48/><D30/><U134/><E125/><V85/><F59/><W51/><G18/><T32/><D32/><U81/><E81/><V90/><F43/><W65/><G69/><T17/><D57/><U120/><E31/><V61/><F61/><W78/><G78/><T103/><D93/><AGARI ba="2,0" hai="1,4,5,9,11,15,36,42,45,73,74,85,90,93" machi="93" ten="30,1000,0" yaku="7,1" doraHai="131" who="2" fromWho="0" sc="78,-16,504,0,204,16,214,0" /><INIT seed="2,0,0,2,4,61" ten="62,504,220,214" oya="2" hai0="125,81,114,17,109,112,116,44,84,117,77,98,94" hai1="3,121,110,72,46,43,99,38,57,101,67,87,21" hai2="126,6,50,5,90,135,113,66,96,30,73,107,129" hai3="49,26,51,83,45,55,1,93,103,119,39,106,128"/><V108/><F113/><N who="0" m="43626" /><D17/><U104/><E110/><V22/><F73/><W32/><G1/><T25/><D25/><U65/><E121/><V28/><F107/><W97/><G128/><T13/><D13/><U47/><E72/><V52/><F129/><W33/><G119/><N who="0" m="45643" /><D44/><U15/><E3/><V92/><F108/><W88/><G26/><T58/><D58/><U79/><E57/><N who="2" m="32919" /><F135/><W54/><G39/><T134/><D109/><U132/><E132/><V133/><F126/><W59/><REACH who="3" step="1"/><G83/><REACH who="3" ten="62,504,220,204" step="2"/><T35/><D35/><U115/><E115/><V20/><F133/><W2/><G2/><T124/><D134/><U27/><E27/><V19/><F30/><W40/><G40/><T29/><D29/><U75/><E43/><V31/><F28/><W7/><G7/><N who="2" m="2569" /><F31/><W131/><G131/><T82/><D82/><U16/><E38/><V111/><F111/><W18/><G18/><T105/><D105/><U0/><E0/><V12/><F22/><W48/><G48/><T122/><D122/><U34/><E21/><V120/><F120/><W74/><G74/><T8/><D8/><U102/><E75/><V100/><F20/><W71/><G71/><T42/><D42/><U89/><E104/><V70/><F19/><W11/><G11/><T123/><D123/><U78/><E16/><V56/><F70/><W23/><G23/><T64/><D64/><U53/><E15/><V10/><F10/><W62/><G62/><T68/><D68/><U85/><E34/><V37/><F12/><W118/><G118/><T130/><D130/><U76/><E65/><V4/><F37/><RYUUKYOKU ba="0,1" sc="62,15,504,-15,220,-15,204,15" hai0="77,81,84,94,98,124,125" hai3="32,33,45,49,51,54,55,59,88,93,97,103,106" /><INIT seed="3,1,1,0,5,16" ten="77,489,205,219" oya="3" hai0="117,37,130,40,109,15,80,128,73,108,39,10,68" hai1="26,107,92,22,75,24,49,82,7,48,81,34,14" hai2="88,114,66,99,78,105,51,127,115,94,116,25,64" hai3="28,103,91,106,62,97,113,59,1,121,45,95,96"/><W69/><G121/><T41/><D117/><U83/><E107/><V102/><F116/><W53/><G113/><T57/><D73/><U89/><E75/><V65/><F127/><W129/><G129/><N who="0" m="49771" /><D80/><U11/><E34/><V30/><F51/><N who="1" m="19529" /><E22/><V21/><REACH who="2" step="1"/><F78/><REACH who="2" ten="77,489,195,219" step="2"/><W20/><G1/><T44/><D68/><U3/><E3/><V104/><F104/><W36/><G69/><T101/><D108/><U93/><E93/><V19/><F19/><W43/><REACH who="3" step="1"/><G28/><REACH who="3" ten="77,489,195,209" step="2"/><T79/><D109/><U74/><E74/><V31/><F31/><W9/><G9/><T90/><D10/><U61/><E11/><V60/><F60/><W100/><G100/><T72/><D101/><U56/><E61/><V98/><AGARI ba="1,3" hai="21,25,30,64,65,66,88,94,98,99,102,105,114,115" machi="98" ten="30,7900,0" yaku="1,1,0,1,52,1,54,1,53,0" doraHai="16" doraHaiUra="42" who="2" fromWho="2" sc="77,-21,489,-21,195,112,209,-40" /><INIT seed="4,0,0,0,3,126" ten="56,468,307,169" oya="0" hai0="96,1,14,97,75,91,107,31,119,93,57,56,58" hai1="28,22,113,50,8,82,86,85,43,72,135,39,98" hai2="132,73,133,65,55,131,25,63,118,99,80,90,27" hai3="47,11,3,102,100,6,9,2,36,108,84,46,112"/><T79/><D119/><U17/><E135/><V87/><F73/><W35/><G108/><T49/><D1/><U105/><E39/><V23/><F118/><W69/><G84/><T111/><D111/><U123/><E123/><V95/><F55/><W71/><G36/><T76/><D31/><U53/><E72/><V54/><F54/><W70/><G70/><T33/><D33/><U67/><E67/><V116/><F116/><W10/><G10/><T52/><D14/><U115/><E43/><V89/><F23/><W20/><G20/><T78/><REACH who="0" step="1"/><D75/><REACH who="0" ten="46,468,307,169" step="2"/><U41/><E28/><V104/><F25/><W128/><G35/><T94/><D94/><U51/><E105/><V61/><F27/><W13/><G13/><T34/><D34/><U29/><E29/><V109/><F109/><W125/><G6/><T59/><D59/><U134/><E134/><V124/><F104/><W4/><G4/><T0/><D0/><U37/><E82/><V60/><F133/><W18/><G18/><T127/><D127/><U16/><E16/><V48/><F124/><W24/><G125/><T42/><D42/><U32/><E41/><V30/><F30/><W45/><G24/><T21/><D21/><U19/><E22/><V26/><F26/><W101/><G112/><T114/><D114/><U66/><E32/><V117/><F117/><W68/><G3/><T121/><D121/><U120/><E120/><V40/><F132/><W74/><G2/><T130/><D130/><U83/><E115/><V64/><F131/><W88/><G74/><T129/><D129/><U81/><E113/><RYUUKYOKU ba="0,1" sc="46,15,468,-15,307,15,169,-15" hai0="49,52,56,57,58,76,78,79,91,93,96,97,107" hai2="40,48,60,61,63,64,65,80,87,89,90,95,99" /><INIT seed="4,1,1,3,5,9" ten="61,453,322,154" oya="0" hai0="127,11,114,5,46,48,81,23,92,42,30,135,128" hai1="10,131,122,91,112,28,49,88,70,106,93,63,96" hai2="1,79,78,61,69,117,7,102,59,19,66,16,37" hai3="39,85,60,4,116,29,99,56,3,71,124,47,50"/><T67/><D114/><U103/><E122/><V100/><F37/><W25/><G116/><T65/><D128/><U133/><E133/><V132/><F1/><W94/><G124/><T108/><D127/><U62/><E131/><V101/><F132/><W52/><G85/><T98/><D135/><U55/><E112/><V53/><F7/><W6/><G3/><T87/><D108/><U89/><E70/><V73/><F117/><W80/><G80/><T113/><D113/><U118/><E118/><V72/><F73/><W54/><G39/><T86/><D23/><U77/><E106/><V68/><F68/><W18/><G18/><N who="2" m="6697" /><F69/><W41/><G41/><T15/><D30/><U0/><E77/><N who="2" m="29195" /><F72/><W82/><G82/><T34/><D34/><U45/><E28/><V121/><F121/><W75/><G75/><T2/><D2/><U125/><E125/><V8/><F8/><W105/><G105/><T14/><D14/><U43/><E10/><V35/><F35/><W126/><G71/><T104/><D104/><U115/><E0/><V129/><F129/><W58/><G126/><T84/><REACH who="0" step="1"/><D81/><REACH who="0" ten="51,453,322,154" step="2"/><U27/><E115/><V119/><F119/><W109/><G109/><T123/><D123/><U17/><E27/><V24/><F24/><W22/><REACH who="3" step="1"/><G47/><REACH who="3" ten="51,453,322,144" step="2"/><T95/><D95/><U13/><E93/><V20/><F20/><W120/><G120/><T44/><D44/><U90/><E45/><V97/><F97/><W130/><G130/><T38/><D38/><U36/><N who="1" m="22528" /><DORA hai="74" /><U31/><E96/><V76/><F76/><W21/><G21/><T107/><D107/><RYUUKYOKU ba="1,3" sc="51,10,453,-30,322,10,144,10" hai0="5,11,15,42,46,48,65,67,84,86,87,92,98" hai2="53,59,61,66,100,101,102" hai3="4,6,22,25,29,50,52,54,56,58,60,94,99" /><INIT seed="4,2,3,4,2,8" ten="61,423,332,154" oya="0" hai0="83,104,66,28,59,121,101,50,19,92,22,99,67" hai1="58,118,131,133,62,74,45,13,41,126,21,108,26" hai2="47,79,71,78,52,11,85,77,4,120,16,69,82" hai3="113,12,123,65,125,33,49,129,87,76,60,30,40"/><T57/><D121/><U115/><E108/><V114/><F120/><W14/><G123/><T48/><D104/><U54/><E118/><V6/><F71/><W2/><G2/><T68/><D68/><U94/><E74/><V110/><F69/><W1/><G1/><T55/><D28/><U51/><E126/><V80/><F114/><W43/><G113/><T23/><D83/><U102/><E115/><V53/><F53/><W107/><G107/><T75/><D75/><U29/><E131/><V97/><F97/><W56/><G129/><T86/><D86/><U119/><E133/><V42/><F42/><W38/><G38/><T130/><D130/><U31/><E119/><V3/><F3/><W5/><G5/><N who="2" m="2153" /><F82/><W105/><G105/><T0/><D0/><U64/><E31/><V132/><F132/><W39/><G39/><T81/><D81/><U34/><E34/><V15/><F110/><W122/><G122/><T44/><D23/><U25/><E41/><V112/><F112/><W37/><G37/><T100/><D100/><U96/><E26/><V27/><F27/><W46/><G40/><N who="0" m="24583" /><D59/><U103/><E103/><V93/><F93/><W135/><G135/><T7/><D7/><U63/><E63/><V117/><F117/><W70/><G70/><T24/><AGARI ba="2,3" hai="19,22,24,50,55,57,66,67,92,99,101" m="24583" machi="24" ten="30,1500,0" yaku="8,1" doraHai="8" who="0" fromWho="0" sc="61,51,423,-7,332,-7,154,-7" /><INIT seed="4,3,0,0,0,39" ten="112,416,325,147" oya="0" hai0="41,78,45,51,60,23,131,33,17,61,79,118,12" hai1="64,115,119,49,43,1,69,128,56,66,16,109,26" hai2="81,93,7,6,80,76,132,35,97,108,32,117,126" hai3="94,120,91,75,102,52,104,125,68,82,46,24,124"/><T2/><D118/><U84/><E119/><V58/><F117/><W100/><G68/><T21/><D33/><U134/><E109/><V86/><F108/><W114/><G24/><T36/><D131/><U95/><E1/><V107/><F107/><W44/><G44/><T105/><D105/><U92/><E134/><V70/><F70/><W121/><G52/><T27/><D2/><U47/><E69/><V103/><F132/><W112/><G46/><T0/><D0/><U10/><E84/><V133/><F126/><N who="3" m="48747" /><G75/><T96/><D96/><U9/><E128/><V40/><F35/><W20/><G20/><T3/><D3/><U8/><E56/><V111/><F32/><W50/><G50/><T14/><D36/><U18/><E18/><V54/><F133/><W88/><G82/><T85/><D12/><U57/><E16/><V4/><F81/><W13/><G13/><T37/><D37/><U99/><E57/><V63/><F111/><W22/><G22/><T90/><D60/><U101/><E26/><V72/><F72/><W113/><G104/><T38/><D38/><U106/><E106/><V87/><F4/><W29/><G29/><N who="0" m="17647" /><D61/><U116/><E116/><V31/><F31/><W48/><G48/><T110/><D110/><U135/><E135/><V83/><F6/><W30/><G30/><T59/><D59/><U5/><E49/><V122/><F7/><W53/><G53/><T11/><D23/><U74/><E74/><V67/><F54/><W89/><G94/><AGARI ba="3,0" hai="11,14,17,41,45,51,78,79,85,90,94" m="17647" machi="94" ten="30,2900,0" yaku="8,1,52,1" doraHai="39" who="0" fromWho="3" sc="112,38,416,0,325,0,147,-38" /><INIT seed="4,4,0,3,5,93" ten="150,416,325,109" oya="0" hai0="73,40,95,38,13,29,134,112,125,53,44,30,27" hai1="31,42,66,52,0,61,129,5,55,113,81,64,69" hai2="26,43,90,96,86,100,2,117,108,121,80,102,92" hai3="32,111,39,1,36,16,97,79,118,58,115,83,20"/><T94/><D112/><U9/><E113/><V85/><F2/><W54/><G115/><T41/><D125/><U110/><E110/><V6/><F6/><W57/><G111/><T76/><D134/><U21/><E129/><V124/><F108/><W77/><G118/><T60/><D40/><U14/><E64/><V3/><F3/><W19/><G32/><T101/><D13/><U114/><E114/><V130/><F26/><W46/><G1/><T18/><D18/><U8/><E42/><V82/><F43/><W135/><G135/><T50/><D60/><U87/><E21/><V4/><F4/><W128/><G128/><T68/><D68/><U23/><E23/><V78/><F130/><W126/><G126/><T91/><D101/><N who="2" m="39018" /><F121/><W106/><G20/><T119/><D95/><U7/><E31/><V88/><F124/><W72/><G83/><T123/><D123/><U75/><E75/><N who="2" m="43103" /><F117/><W98/><G54/><T12/><D12/><U33/><E33/><V104/><F86/><W122/><G122/><T49/><D38/><U59/><E69/><V70/><F70/><W34/><G34/><T63/><D63/><U89/><AGARI ba="4,0" hai="0,5,7,8,9,14,52,55,59,61,66,81,87,89" machi="89" ten="20,2700,0" yaku="0,1,7,1,54,1" doraHai="93" who="1" fromWho="1" sc="150,-17,416,39,325,-11,109,-11" /><INIT seed="5,0,0,1,3,33" ten="133,455,314,98" oya="1" hai0="96,18,60,119,73,74,72,128,122,133,112,11,78" hai1="134,104,108,54,114,124,130,16,115,69,43,103,10" hai2="25,70,64,87,106,12,121,66,85,14,126,100,105" hai3="91,129,6,39,90,2,76,120,84,21,67,22,46"/><U57/><E69/><V45/><F126/><W0/><G120/><T88/><D122/><U97/><E124/><V30/><F121/><W116/><G129/><T50/><D128/><U79/><E130/><V98/><F106/><W65/><G116/><T36/><D119/><U63/><E134/><V48/><F66/><W42/><G6/><T52/><D133/><U118/><E118/><V8/><F12/><W86/><G76/><T109/><D36/><U38/><E79/><V27/><F27/><W24/><G24/><T131/><D131/><U101/><E101/><V51/><F48/><W23/><G67/><T117/><D117/><U19/><E108/><V135/><F135/><W127/><G65/><T49/><D109/><U4/><E43/><V35/><F8/><W17/><G17/><T102/><D74/><U95/><E104/><V15/><F14/><W62/><G62/><T3/><D3/><N who="1" m="287" /><E38/><V37/><F15/><W41/><G127/><T75/><D78/><U80/><E80/><V59/><F59/><W29/><G29/><T113/><D102/><U20/><E20/><V125/><F37/><W107/><G107/><T77/><D72/><U82/><E82/><V28/><F28/><W94/><REACH who="3" step="1"/><G42/><REACH who="3" ten="133,455,314,88" step="2"/><T68/><D77/><U110/><E110/><V58/><F125/><W9/><G9/><T40/><D11/><U111/><E111/><V53/><F70/><W89/><G89/><T31/><D88/><U5/><E5/><V56/><F64/><W44/><G44/><N who="0" m="27687" /><D40/><U7/><E7/><V1/><F45/><W93/><AGARI ba="0,1" hai="0,2,21,22,23,39,41,46,84,86,90,91,93,94" machi="93" ten="30,8000,1" yaku="1,1,0,1,9,1,52,2,53,0" doraHai="33" doraHaiUra="55" who="3" fromWho="3" sc="133,-20,455,-40,314,-20,88,90" /><INIT seed="6,0,0,2,3,119" ten="113,415,294,178" oya="2" hai0="121,134,55,112,8,77,46,80,66,102,12,21,126" hai1="20,101,28,5,16,76,38,78,65,26,49,60,113" hai2="33,104,70,110,131,88,35,115,94,107,117,39,109" hai3="15,18,1,127,129,89,91,4,32,29,124,105,90"/><V96/><F117/><W22/><G105/><N who="2" m="40521" /><F39/><W30/><G129/><T47/><D112/><U61/><E38/><V130/><F70/><W42/><G42/><T48/><D126/><N who="3" m="48169" /><G32/><N who="2" m="12361" /><F115/><W71/><G71/><T62/><D134/><U43/><E113/><V9/><F9/><AGARI ba="0,0" hai="1,4,9,15,18,22,29,30,89,90,91" m="48169" machi="9" ten="30,1000,0" yaku="18,1" doraHai="119" who="3" fromWho="2" sc="113,0,415,0,294,-10,178,10" /><INIT seed="7,0,0,2,5,60" ten="113,415,284,188" oya="3" hai0="29,50,10,58,114,79,45,3,37,52,111,110,18" hai1="103,51,2,130,105,11,34,53,25,27,44,15,83" hai2="133,59,135,89,61,49,77,41,67,55,125,87,62" hai3="66,5,4,33,74,126,80,78,35,99,8,19,124"/><W57/><G99/><T96/><D114/><U28/><E2/><V127/><F77/><W109/><G109/><T129/><D129/><U132/><E130/><V38/><F38/><W30/><G30/><T86/><D29/><U112/><E112/><V97/><F97/><W64/><G57/><T102/><D79/><U131/><E131/><V39/><F39/><W98/><G98/><T23/><D86/><U17/><E132/><N who="2" m="50763" /><F89/><W43/><G43/><T48/><D37/><U56/><E103/><V32/><F87/><W116/><G19/><T106/><D10/><U93/><E83/><V81/><F81/><W65/><G116/><T119/><D3/><U94/><E105/><V40/><F62/><W104/><G104/><T75/><D75/><U46/><E46/><V95/><F95/><W16/><G16/><T71/><D71/><U91/><E91/><V88/><F88/><W24/><G24/><T76/><D76/><U13/><E56/><V121/><F32/><N who="3" m="12363" /><G8/><T7/><D119/><U36/><E44/><N who="2" m="28071" /><F121/><W6/><G80/><T122/><D122/><U63/><E93/><V47/><F47/><W42/><G42/><AGARI ba="0,0" hai="40,41,42,59,61,67,125,127" m="28071,50763" machi="42" ten="30,7700,0" yaku="20,1,34,2,52,1" doraHai="60" who="2" fromWho="3" sc="113,0,415,0,284,77,188,-77" owari="113,-29.0,415,52.0,361,16.0,111,-39.0" /></mjloggm>