<mjloggm ver="2.3"><GO type="169" lobby="0"/><UN n0="%79%61%73%73%61%6E" n1="%67%75%73%68" n2="%E7%A0%B2%E3%81%AE%E4%B8%8A%E3%81%AE%E3%81%82%E3%81%AE%E5%A8%98" n3="%E9%BB%92%E7%8A%AC%40%E3%81%A6%E3%82%93%E3%81%BB%E3%83%BC" dan="16,16,16,16" rate="2141.30,2135.30,2165.10,2096.27" sx="M,M,F,F"/><TAIKYOKU oya="0"/><INIT seed="0,0,0,4,0,23" ten="250,250,250,250" oya="0" hai0="2,54,105,107,28,55,36,51,112,93,81,32,9" hai1="46,77,102,90,118,121,33,53,97,40,63,10,19" hai2="82,120,69,67,34,0,50,91,130,6,48,12,45" hai3="104,110,52,66,79,65,128,64,87,27,132,89,114"/><T20/><D36/><U37/><E118/><V35/><F120/><W103/><G114/><T18/><D112/><U1/><E121/><V70/><F0/><W21/><G128/><T44/><D93/><U15/><E33/><V62/><F130/><W39/><G39/><T122/><D122/><U25/><E1/><V13/><F6/><W126/><G110/><T11/><D11/><U127/><E127/><V119/><F119/><W78/><G132/><T7/><D81/><U31/><E77/><V85/><F69/><W56/><G126/><T84/><D84/><U83/><E83/><V125/><F125/><W115/><G115/><T133/><D133/><U96/><E90/><V113/><F113/><W17/><G103/><T99/><D99/><U134/><E134/><V60/><F60/><N who="3" m="35847" /><G104/><T116/><D55/><U109/><E109/><V38/><F38/><W61/><G61/><T42/><D54/><U80/><E80/><AGARI ba="0,0" hai="17,21,27,64,65,66,78,79,80,87,89" m="35847" machi="80" ten="30,3900,0" yaku="8,1,52,1,54,1" doraHai="23" who="3" fromWho="1" sc="250,0,250,-39,250,0,250,39" /><INIT seed="1,0,0,0,3,23" ten="250,211,250,289" oya="1" hai0="7,10,89,114,135,2,87,38,81,73,33,92,106" hai1="100,98,35,104,37,118,51,6,48,76,27,107,102" hai2="84,97,131,42,36,101,15,61,4,74,55,34,29" hai3="125,22,65,49,112,70,41,108,26,63,72,44,99"/><U12/><E37/><V77/><F131/><W66/><G112/><T8/><D114/><U18/><E118/><V128/><F128/><W86/><G108/><T71/><D135/><U69/><E69/><V75/><F36/><W5/><G72/><T94/><D106/><U113/><E113/><V62/><F42/><W52/><G125/><T3/><D71/><U30/><E6/><V19/><F4/><W39/><G5/><T67/><D67/><U0/><E0/><V95/><F84/><W14/><G14/><T59/><D59/><U79/><E51/><V132/><F132/><W120/><G120/><T58/><D8/><U96/><REACH who="1" step="1"/><E48/><REACH who="1" ten="250,201,250,289" step="2"/><V31/><F61/><W32/><G70/><T122/><D3/><U129/><E129/><V50/><F62/><W126/><G63/><T109/><D38/><U43/><E43/><V130/><F50/><W133/><G133/><T134/><D134/><U127/><E127/><V80/><F130/><W56/><G126/><T85/><D7/><U111/><E111/><V121/><F121/><W17/><G32/><T124/><D33/><U110/><E110/><V21/><F74/><W115/><G115/><T91/><D109/><U88/><E88/><V1/><F1/><W24/><G39/><T45/><D124/><U46/><E46/><V57/><F34/><W123/><G123/><T82/><D45/><U64/><E64/><V13/><F57/><W16/><G65/><T93/><D58/><U47/><E47/><V40/><F40/><W20/><G66/><T116/><D122/><U90/><E90/><V68/><F68/><RYUUKYOKU ba="0,1" sc="250,-10,201,30,250,-10,289,-10" hai1="12,18,27,30,35,76,79,96,98,100,102,104,107" /><INIT seed="1,1,1,4,4,82" ten="240,231,240,279" oya="1" hai0="72,47,115,79,25,93,18,123,114,2,98,9,81" hai1="68,52,78,23,121,5,26,4,73,77,50,21,103" hai2="17,15,60,37,10,27,80,102,85,13,101,91,11" hai3="74,111,124,62,32,56,95,84,96,61,8,30,31"/><U104/><E121/><V35/><F37/><W71/><G74/><T117/><D117/><U97/><E68/><V108/><F108/><W57/><G111/><T129/><D129/><U64/><E64/><V88/><F60/><N who="3" m="23147" /><G32/><T41/><D123/><U59/><E21/><V53/><F53/><W92/><G124/><T38/><D25/><U128/><E128/><V54/><F54/><W29/><G8/><T40/><D40/><U107/><E107/><V94/><F27/><W70/><G70/><T58/><D58/><N who="3" m="22633" /><G71/><T63/><D18/><U120/><E120/><V43/><F43/><W100/><G92/><T0/><D63/><U113/><E113/><V127/><F127/><W112/><G112/><T106/><D0/><U87/><E73/><V116/><F116/><W134/><G134/><T135/><D135/><U45/><E59/><V39/><F39/><W130/><G130/><T3/><D3/><U55/><E55/><V7/><F35/><W122/><G122/><T89/><REACH who="0" step="1"/><D106/><REACH who="0" ten="230,231,240,279" step="2"/><U118/><E118/><V12/><REACH who="2" step="1"/><F13/><REACH who="2" ten="230,231,230,279" step="2"/><W49/><G49/><T16/><D16/><U132/><E132/><V133/><F133/><W105/><G105/><T66/><D66/><U109/><E109/><V86/><AGARI ba="1,3" hai="7,10,11,12,15,17,80,85,86,88,91,94,101,102" machi="86" ten="20,12000,2" yaku="1,1,0,1,7,1,8,1,52,2,54,1,53,0" doraHai="82" doraHaiUra="36" who="2" fromWho="2" sc="230,-31,231,-61,230,153,279,-31" /><INIT seed="2,0,0,2,3,126" ten="199,170,383,248" oya="2" hai0="20,85,134,51,121,129,21,74,105,88,103,18,54" hai1="59,95,117,99,111,39,101,102,113,4,60,7,49" hai2="115,13,73,68,53,84,132,119,12,34,80,43,135" hai3="72,133,56,17,16,9,92,61,125,1,35,62,44"/><V50/><F115/><W5/><G35/><T11/><D74/><U15/><E39/><V128/><F119/><W24/><G72/><T3/><D121/><U75/><E117/><V46/><F73/><W64/><G125/><T55/><D134/><N who="2" m="51242" /><F68/><W23/><G133/><T82/><D54/><U93/><E113/><V130/><F34/><W89/><G44/><T26/><D105/><U14/><E75/><V28/><F28/><W83/><G83/><T32/><D103/><U38/><E38/><V116/><F116/><W42/><G42/><T66/><D66/><U19/><E49/><V112/><F112/><W8/><G62/><T118/><D118/><U114/><E114/><V25/><F25/><W81/><G81/><T87/><D87/><U67/><E111/><V78/><F43/><W77/><G77/><T40/><D40/><U104/><E14/><AGARI ba="0,0" hai="12,13,14,46,50,53,78,80,84,128,130" m="51242" machi="14" ten="30,5800,0" yaku="20,1,52,2" doraHai="126" who="2" fromWho="1" sc="199,0,170,-58,383,58,248,0" /><INIT seed="2,1,0,3,4,102" ten="199,112,441,248" oya="2" hai0="36,112,74,71,44,5,31,40,59,128,107,101,126" hai1="75,125,12,48,7,122,42,19,65,80,70,17,85" hai2="87,103,127,66,1,54,45,82,86,81,51,76,98" hai3="25,108,4,106,79,121,29,105,16,14,41,72,20"/><V46/><F127/><W53/><G121/><T73/><D126/><U111/><E125/><V89/><F1/><W3/><G108/><T24/><D112/><U34/><E75/><V55/><F66/><W49/><G41/><T113/><D59/><U64/><E111/><V88/><F76/><W110/><G110/><T96/><D128/><U97/><E34/><V129/><F129/><W83/><G4/><T118/><D113/><U132/><E132/><V61/><F61/><W8/><G3/><T120/><D120/><U62/><E65/><V78/><F78/><W57/><AGARI ba="1,0" hai="8,14,16,20,25,29,49,53,57,72,79,83,105,106" machi="57" ten="20,8000,1" yaku="0,1,7,1,52,2,54,1" doraHai="102" who="3" fromWho="3" sc="199,-21,112,-21,441,-41,248,83" /><INIT seed="3,0,0,3,2,9" ten="178,91,400,331" oya="3" hai0="98,97,107,0,109,8,86,88,59,13,82,71,26" hai1="55,60,43,123,78,52,108,105,96,115,101,33,111" hai2="117,66,87,42,125,73,50,106,81,46,44,24,134" hai3="92,68,36,135,15,19,20,120,128,122,131,99,114"/><W51/><G36/><T67/><D0/><U74/><E115/><V102/><F117/><W64/><G114/><T48/><D109/><N who="1" m="42059" /><E123/><V116/><F116/><W72/><G72/><T100/><D71/><U121/><E121/><V39/><F73/><W110/><G110/><T76/><D26/><U93/><E33/><V132/><F125/><W3/><G3/><T11/><D11/><U130/><E130/><N who="3" m="49706" /><G135/><N who="2" m="51753" /><F66/><W27/><G51/><T133/><D133/><U17/><E43/><N who="2" m="22655" /><F24/><W6/><G64/><T29/><D29/><U91/><E60/><V126/><F126/><W45/><G68/><T10/><D10/><U69/><E69/><V90/><F102/><N who="3" m="60775" /><G45/><T57/><D67/><U112/><E112/><V38/><F106/><W30/><G6/><T14/><D48/><AGARI ba="0,0" hai="38,42,46,48,50,81,87,90" m="22655,51753" machi="48" ten="30,1000,0" yaku="20,1" doraHai="9" who="2" fromWho="0" sc="178,-10,91,0,400,10,331,0" /><INIT seed="4,0,0,0,2,86" ten="168,91,410,331" oya="0" hai0="49,108,120,117,56,82,115,2,32,55,61,128,85" hai1="13,48,28,60,129,27,36,69,25,104,111,18,70" hai2="29,75,43,67,16,106,45,94,122,50,62,31,74" hai3="107,133,132,58,15,17,124,121,80,0,130,96,42"/><T88/><D117/><U101/><E36/><V9/><F106/><W81/><G0/><T24/><D120/><U14/><E111/><V26/><F122/><W125/><G121/><T44/><D2/><U98/><E129/><V97/><F9/><W23/><G42/><T76/><D128/><U131/><E131/><V89/><F31/><W100/><G58/><T95/><D115/><U87/><E25/><V105/><F105/><W116/><G116/><T92/><D108/><U114/><E114/><V113/><F113/><W11/><G130/><T71/><D71/><U112/><E112/><V40/><F16/><N who="3" m="8319" /><G81/><T91/><D32/><U73/><E73/><V7/><F7/><W134/><G80/><T6/><D6/><U77/><E48/><V110/><F40/><W35/><G35/><T126/><D24/><AGARI ba="0,0" hai="17,23,24,96,100,107,124,125,132,133,134" m="8319" machi="24" ten="30,2000,0" yaku="20,1,54,1" doraHai="86" who="3" fromWho="0" sc="168,-20,91,0,410,0,331,20" /><INIT seed="5,0,0,4,0,124" ten="148,91,410,351" oya="1" hai0="99,14,105,44,32,66,83,104,81,63,125,57,118" hai1="59,116,128,48,133,25,2,45,20,126,86,76,43" hai2="56,38,102,62,51,68,121,96,55,85,110,39,93" hai3="53,120,11,112,80,70,132,122,6,115,34,95,47"/><U17/><E116/><V113/><F110/><W106/><G34/><T90/><D32/><U4/><E126/><V40/><F121/><W89/><G70/><T23/><D125/><U31/><E133/><V84/><F113/><N who="3" m="43595" /><G80/><T16/><D118/><U117/><E117/><V65/><REACH who="2" step="1"/><F38/><REACH who="2" ten="148,91,400,351" step="2"/><W100/><G132/><T75/><D75/><U49/><E2/><V46/><AGARI ba="0,1" hai="39,40,46,51,55,56,62,65,68,84,85,93,96,102" machi="46" ten="30,12000,2" yaku="1,1,2,1,0,1,24,2,53,1" doraHai="124" doraHaiUra="37" who="2" fromWho="2" sc="148,-30,91,-60,400,130,351,-30" /><INIT seed="6,0,0,4,1,4" ten="118,31,530,321" oya="2" hai0="125,94,48,37,3,102,25,45,98,96,67,118,30" hai1="86,6,41,92,31,23,116,122,127,88,121,32,97" hai2="134,129,99,61,101,62,49,36,79,115,107,39,7" hai3="90,83,100,66,33,120,95,78,19,128,68,9,85"/><V0/><F115/><W110/><G33/><T2/><D37/><U38/><E116/><V46/><F129/><W93/><G120/><N who="1" m="46186" /><E127/><V132/><F79/><W69/><G110/><T109/><D109/><U53/><E32/><V51/><F7/><W135/><G128/><T59/><D125/><U112/><E112/><V12/><F0/><W52/><G135/><N who="2" m="51753" /><F12/><W24/><G66/><T82/><D82/><U27/><E53/><N who="2" m="29879" /><F51/><W113/><G113/><T57/><D118/><U1/><E41/><V26/><F26/><W131/><G131/><T81/><D2/><U28/><E38/><AGARI ba="0,0" hai="36,38,39,61,62,99,101,107" m="29879,51753" machi="38" ten="30,1500,0" yaku="20,1" doraHai="4" who="2" fromWho="1" sc="118,0,31,-15,530,15,321,0" /><INIT seed="6,1,0,1,2,56" ten="118,16,545,321" oya="2" hai0="41,102,77,27,119,49,120,20,40,110,103,58,2" hai1="84,51,43,92,95,135,47,54,39,88,130,22,69" hai2="5,26,90,28,70,104,133,108,65,8,37,30,87" hai3="67,129,100,93,60,35,114,13,18,101,98,89,36"/><V48/><F37/><W79/><G36/><T96/><D2/><U72/><E130/><V17/><F133/><W118/><G35/><T115/><D120/><U117/><E135/><V32/><F108/><W62/><G129/><T71/><D71/><U15/><E72/><V53/><F104/><W80/><G118/><T52/><D110/><U109/><E109/><V68/><F65/><W38/><G38/><T121/><D119/><U74/><E74/><V50/><F17/><W55/><G114/><T66/><D77/><U123/><E123/><V64/><F64/><W85/><G55/><T91/><D115/><U9/><E69/><V94/><F28/><W31/><G31/><N who="0" m="17895" /><D121/><U105/><E105/><V63/><F63/><N who="3" m="24107" /><G67/><T44/><D66/><U25/><E117/><V33/><F33/><W24/><G24/><T4/><D41/><U11/><E15/><V97/><F53/><W16/><G16/><T111/><D4/><U59/><REACH who="1" step="1"/><E95/><REACH who="1" ten="118,6,545,321" step="2"/><V1/><F94/><W78/><G101/><T126/><D111/><U132/><E132/><V23/><F1/><W127/><G127/><T7/><D126/><U45/><E45/><V0/><F0/><W10/><AGARI ba="1,1" hai="10,13,18,78,79,80,85,89,93,98,100" m="24107" machi="10" ten="30,7900,0" yaku="8,1,52,3" doraHai="56" who="3" fromWho="3" sc="118,-21,6,-21,545,-40,321,92" owari="97,-30.0,-15,-52.0,505,61.0,413,21.0" /></mjloggm>