<mjloggm ver="2.3"><GO type="169" lobby="0"/><UN n0="%E3%82%AB%E3%83%83%E3%82%AB%E3%83%83%E3%82%AB%E3%83%83" n1="%E3%81%9F%E3%81%91%E3%81%A3%E3%81%A1%E2%98%85" n2="%E3%82%B7%E3%83%A7%E3%83%BC%E3%83%88%E4%B9%85%E6%85%88" n3="%E8%8A%B1%E6%BE%A4%E3%83%91%E3%82%AF%E3%83%81%E3%83%BC" dan="16,16,16,17" rate="2118.07,2076.58,2036.61,2171.30" sx="M,M,F,M"/><TAIKYOKU oya="0"/><INIT seed="0,0,0,4,0,58" ten="250,250,250,250" oya="0" hai0="41,17,87,28,92,69,129,53,5,97,76,108,128" hai1="65,89,120,124,104,26,73,91,68,110,100,2,113" hai2="112,99,105,1,18,118,132,46,40,103,116,37,77" hai3="72,126,54,127,31,119,20,11,88,93,67,106,21"/><T9/><D69/><U24/><E2/><V90/><F112/><W13/><G119/><T66/><D66/><U117/><E117/><V48/><F1/><W23/><G106/><T6/><D28/><U135/><E113/><V32/><F32/><W125/><G72/><T14/><D41/><U55/><E73/><V3/><F3/><W64/><G31/><T115/><D115/><U60/><E120/><V35/><F35/><W4/><REACH who="3" step="1"/><G54/><REACH who="3" ten="250,250,250,240" step="2"/><T33/><D53/><U61/><E104/><V42/><F116/><W34/><G34/><T130/><D33/><U19/><E55/><V22/><F118/><W15/><G15/><T80/><REACH who="0" step="1"/><D108/><REACH who="0" ten="240,250,250,240" step="2"/><U57/><E110/><V30/><F30/><W27/><G27/><T56/><D56/><U74/><E57/><V52/><F40/><W49/><G49/><T114/><D114/><U131/><E26/><V0/><F42/><W71/><G71/><T70/><D70/><U123/><E24/><V43/><F43/><W12/><G12/><T36/><D36/><U83/><E68/><V63/><F37/><W50/><G50/><T94/><D94/><U98/><E65/><V16/><F48/><W109/><G109/><T82/><D82/><U29/><E83/><V121/><F52/><W86/><AGARI ba="0,2" hai="4,11,13,20,21,23,64,67,86,88,93,125,126,127" machi="86" ten="40,8000,1" yaku="1,1,0,1,18,1,54,1,53,0" doraHai="58" doraHaiUra="45" who="3" fromWho="3" sc="240,-40,250,-20,250,-20,240,100" /><INIT seed="1,0,0,5,2,111" ten="200,230,230,340" oya="1" hai0="8,2,97,132,131,22,55,129,15,3,53,28,37" hai1="96,60,35,41,32,29,7,9,59,105,109,42,0" hai2="57,61,79,103,106,47,21,63,4,66,30,16,120" hai3="88,135,81,130,24,134,123,52,58,122,99,67,82"/><U54/><E109/><V13/><F120/><W74/><G130/><N who="0" m="49675" /><D37/><U71/><E71/><V69/><F79/><W48/><G24/><N who="0" m="16407" /><D97/><U93/><E105/><V23/><F4/><W100/><G74/><T113/><D132/><N who="3" m="50729" /><G67/><T83/><D83/><N who="3" m="31753" /><G88/><T20/><D20/><U110/><E110/><V117/><F117/><W91/><G91/><T92/><D92/><AGARI ba="0,0" hai="48,52,58,92,99,100,122,123" m="31753,50729" machi="92" ten="30,2000,0" yaku="20,1,54,1" doraHai="111" who="3" fromWho="0" sc="200,-20,230,0,230,0,340,20" /><INIT seed="2,0,0,3,0,5" ten="180,230,230,360" oya="2" hai0="120,109,93,75,49,37,40,89,2,33,110,29,81" hai1="86,99,121,1,67,125,54,80,123,105,74,35,45" hai2="118,106,117,135,62,39,50,8,95,24,64,108,44" hai3="46,42,23,16,61,131,17,9,7,114,30,128,103"/><V65/><F106/><W104/><G114/><T18/><D120/><N who="1" m="46155" /><E35/><V69/><F64/><W47/><G61/><T3/><D37/><U63/><E1/><V97/><F135/><W28/><G103/><T73/><D33/><U31/><E31/><N who="3" m="11818" /><G104/><T4/><D29/><U19/><E74/><V41/><F24/><W94/><G94/><T78/><D18/><N who="3" m="7273" /><G23/><T100/><D100/><N who="1" m="62623" /><E125/><V15/><F108/><W70/><G70/><T57/><D75/><U77/><E19/><V79/><F79/><W68/><G68/><T12/><D2/><U107/><E107/><V116/><F39/><W20/><G20/><T53/><D3/><U133/><E133/><V98/><F98/><W14/><G42/><T10/><REACH who="0" step="1"/><D40/><REACH who="0" ten="170,230,230,360" step="2"/><U43/><E43/><V6/><REACH who="2" step="1"/><F118/><REACH who="2" ten="170,230,220,360" step="2"/><W112/><G112/><T129/><D129/><AGARI ba="0,2" hai="7,9,14,46,47,128,129,131" m="7273,11818" machi="129" ten="30,3900,0" yaku="19,1,52,1,54,1" doraHai="5" who="3" fromWho="0" sc="170,-39,230,0,220,0,360,59" /><INIT seed="3,0,0,3,3,47" ten="131,230,220,419" oya="3" hai0="72,23,81,124,71,67,2,94,24,92,0,125,37" hai1="9,131,123,128,13,34,66,39,104,1,65,52,36" hai2="109,59,93,18,132,25,112,11,20,105,98,119,76" hai3="10,126,84,53,54,108,89,116,12,107,100,31,44"/><W111/><G116/><T96/><D37/><U73/><E73/><V85/><F119/><W7/><G126/><N who="0" m="48747" /><D71/><U114/><E123/><V68/><F68/><W3/><G31/><T134/><D67/><U8/><E104/><V46/><F112/><W15/><G100/><T97/><D134/><U22/><E34/><V43/><F105/><W95/><G107/><T41/><D41/><U45/><E114/><V14/><F132/><W29/><G29/><N who="0" m="17567" /><D81/><U56/><E1/><N who="0" m="617" /><D72/><U64/><E45/><V120/><F59/><W57/><G44/><T117/><D117/><U103/><E103/><V82/><F120/><W87/><G87/><T80/><D80/><U122/><E122/><V106/><F106/><W118/><G118/><T6/><D6/><U102/><E102/><V99/><F93/><AGARI ba="0,0" hai="92,93,94,96,97" m="617,17567,48747" machi="93" ten="30,1000,0" yaku="18,1" doraHai="47" who="0" fromWho="2" sc="131,10,230,0,220,-10,419,0" /><INIT seed="4,0,0,0,4,62" ten="141,230,210,419" oya="0" hai0="120,111,25,78,26,127,119,134,7,85,24,132,128" hai1="116,1,89,5,9,68,27,67,59,36,54,96,114" hai2="63,118,82,108,41,102,97,105,50,81,80,55,51" hai3="18,92,88,130,76,4,112,15,100,34,44,60,3"/><T46/><D119/><U71/><E116/><V106/><F106/><W123/><G112/><T13/><D120/><U45/><E114/><V95/><F108/><W42/><G34/><T38/><D111/><U28/><E36/><V53/><F118/><W12/><G3/><T30/><D127/><U21/><E45/><V79/><F105/><W64/><G130/><T99/><D128/><U131/><E131/><V107/><F107/><W70/><G76/><T0/><D99/><U17/><E67/><V57/><F41/><W101/><G4/><T39/><D0/><U69/><E28/><V23/><F23/><W115/><G12/><T87/><D30/><U65/><E65/><V110/><F110/><W122/><G115/><T83/><D87/><U31/><E31/><V77/><REACH who="2" step="1"/><F63/><REACH who="2" ten="141,230,200,419" step="2"/><W84/><G123/><T49/><D38/><U29/><E29/><V6/><F6/><W10/><G122/><T74/><D39/><AGARI ba="0,1" hai="10,15,18,39,42,44,60,64,70,84,88,92,100,101" machi="39" ten="30,3900,0" yaku="7,1,52,1,54,1" doraHai="62" who="3" fromWho="0" sc="141,-39,230,0,200,0,419,49" /><INIT seed="5,0,0,4,5,97" ten="102,230,200,468" oya="1" hai0="0,25,63,32,89,18,70,64,71,3,67,20,103" hai1="4,115,78,8,119,102,98,14,15,72,57,92,128" hai2="28,22,19,87,133,33,17,43,123,93,91,10,85" hai3="82,41,120,129,84,61,130,9,44,30,52,74,39"/><U127/><E119/><V111/><F123/><W50/><G74/><T117/><D32/><U75/><E128/><N who="3" m="49258" /><G30/><T36/><D117/><U31/><E127/><V53/><F43/><W96/><G96/><T55/><D36/><U116/><E115/><V110/><F33/><W7/><G120/><T76/><D76/><U122/><E116/><V38/><F38/><W60/><G39/><T65/><D89/><U29/><E122/><V51/><F28/><W106/><G106/><T86/><D86/><U134/><E134/><V27/><F133/><W108/><G41/><T118/><D118/><U131/><E131/><V125/><F125/><W16/><G16/><T105/><D55/><U11/><E72/><V101/><F87/><W56/><G56/><T79/><D79/><U100/><E100/><V99/><F10/><W66/><G66/><T47/><D47/><U94/><E94/><V107/><F17/><W88/><G108/><T126/><D126/><U83/><REACH who="1" step="1"/><E57/><AGARI ba="0,0" hai="19,22,27,51,53,57,85,91,93,99,101,107,110,111" machi="57" ten="30,2000,0" yaku="7,1,52,1" doraHai="97" who="2" fromWho="1" sc="102,0,230,-20,200,20,468,0" /><INIT seed="6,0,0,4,1,15" ten="102,210,220,468" oya="2" hai0="68,51,76,43,109,66,45,127,62,93,117,21,115" hai1="58,71,77,26,13,19,69,16,70,112,55,120,39" hai2="126,5,108,129,65,95,42,131,6,91,85,53,7" hai3="35,37,75,30,20,104,107,110,9,119,23,128,54"/><V72/><F72/><W130/><G75/><T88/><D109/><U3/><E3/><V96/><F108/><W22/><G37/><T100/><D115/><U74/><E112/><V116/><F116/><W132/><G119/><T8/><D127/><U118/><E118/><V80/><F65/><W60/><G132/><T111/><D111/><U81/><E39/><V113/><F113/><W1/><G110/><T4/><D117/><U52/><E120/><V17/><F42/><W18/><G60/><T36/><D100/><U97/><E97/><V34/><F34/><W14/><G54/><T46/><D76/><U32/><E58/><V133/><F133/><W41/><G41/><T123/><D21/><N who="3" m="8297" /><G107/><T94/><D123/><U57/><E57/><V114/><F114/><W49/><G49/><T89/><D93/><U2/><E2/><V56/><F126/><W90/><G90/><T64/><D64/><U12/><E12/><V50/><REACH who="2" step="1"/><F17/><REACH who="2" ten="102,210,210,468" step="2"/><W78/><G35/><T99/><D36/><U67/><E67/><V105/><F105/><W11/><G18/><T87/><D43/><U134/><E134/><V33/><F33/><W10/><G104/><T84/><D66/><U25/><E19/><V73/><F73/><W48/><G128/><T135/><D135/><U122/><E122/><V63/><F63/><W27/><G130/><T86/><D62/><U102/><E32/><V98/><F98/><W103/><G30/><T38/><D38/><U31/><E31/><V40/><F40/><W101/><G27/><T59/><D99/><U92/><E25/><V124/><F124/><RYUUKYOKU ba="0,1" sc="102,-10,210,-10,210,30,468,-10" hai2="5,6,7,50,53,56,80,85,91,95,96,129,131" /><INIT seed="6,1,1,0,1,46" ten="92,200,240,458" oya="2" hai0="2,8,6,98,114,85,70,37,132,17,104,20,123" hai1="29,36,31,68,120,38,79,65,47,49,116,74,10" hai2="50,24,9,18,40,135,82,32,61,130,66,71,127" hai3="103,1,58,83,39,30,62,126,113,4,64,108,63"/><V90/><F130/><W81/><G108/><T84/><D123/><U45/><E120/><V33/><F127/><W96/><G39/><T131/><D131/><U54/><E116/><V106/><F106/><W55/><G126/><T28/><D132/><U23/><E74/><V44/><F135/><W99/><G99/><T7/><D114/><U121/><E121/><V102/><F102/><W97/><G97/><T128/><D128/><U34/><E79/><V94/><F82/><W107/><G113/><T13/><D37/><U91/><E34/><V75/><F75/><W134/><G134/><T92/><D104/><U67/><E10/><V19/><F9/><W87/><G87/><T88/><D7/><U118/><E118/><V0/><F0/><W89/><G89/><T15/><D70/><U3/><E3/><V119/><F119/><W124/><G124/><T21/><REACH who="0" step="1"/><D28/><REACH who="0" ten="82,200,240,458" step="2"/><U133/><E133/><V53/><F71/><W52/><G30/><T101/><D101/><U56/><E31/><V25/><F19/><AGARI ba="1,2" hai="2,6,8,13,15,17,19,20,21,84,85,88,92,98" machi="19" ten="40,8000,1" yaku="1,1,9,1,54,1,53,1" doraHai="46" doraHaiUra="35" who="0" fromWho="2" sc="82,103,200,0,240,-83,458,0" /><INIT seed="7,0,0,1,2,40" ten="185,200,157,458" oya="3" hai0="105,66,67,15,60,72,7,130,122,135,104,17,121" hai1="28,59,129,107,80,25,46,89,2,99,53,78,96" hai2="95,41,119,79,90,3,132,23,131,13,50,56,51" hai3="114,113,44,82,83,74,12,21,30,36,1,16,33"/><W92/><G1/><T98/><D72/><U6/><E2/><V134/><F3/><W63/><G63/><T29/><D7/><U31/><E6/><V34/><F34/><W18/><G92/><T8/><D29/><U54/><E107/><V22/><F79/><W106/><G106/><T49/><D130/><U9/><E9/><V108/><F108/><W133/><G74/><T81/><D135/><U37/><E37/><V127/><F119/><W43/><G133/><N who="2" m="51305" /><F127/><W20/><G30/><T76/><D104/><U11/><E11/><V62/><F50/><W57/><G57/><T124/><D124/><U102/><E129/><V4/><F4/><W24/><REACH who="3" step="1"/><G33/><REACH who="3" ten="185,200,157,448" step="2"/><T117/><D117/><U70/><E59/><V94/><F94/><W97/><G97/><T93/><D105/><U120/><E31/><V91/><F131/><W112/><AGARI ba="0,1" hai="12,16,18,20,21,24,36,43,44,82,83,112,113,114" machi="112" ten="30,12000,1" yaku="1,1,0,1,15,1,52,1,54,1,53,0" doraHai="40" doraHaiUra="45" who="3" fromWho="3" sc="185,-40,200,-40,157,-40,448,130" owari="145,-25.0,160,-4.0,117,-38.0,578,67.0" /></mjloggm>