<mjloggm ver="2.3"><GO type="225" lobby="0"/><UN n0="%E5%B7%A5%E8%97%A4%E6%96%B0%E4%B8%80" n1="%E3%81%8A%E3%81%84%E3%81%AE%E3%82%8A" n2="%E9%89%84%E5%BC%B7%E3%83%A2%E3%83%92%E3%83%BC%E3%83%8C%E4%B8%83%E6%AE%B5" n3="%E5%AE%89%E8%97%A4%E3%82%AB%E3%82%B1%E3%83%AB" dan="16,16,18,16" rate="2084.40,2122.48,2244.38,2053.47" sx="M,M,F,M"/><TAIKYOKU oya="0"/><INIT seed="0,0,0,2,5,25" ten="250,250,250,250" oya="0" hai0="62,24,8,120,15,95,94,11,39,7,4,99,76" hai1="87,85,32,12,69,105,6,134,123,89,100,1,33" hai2="110,114,128,135,75,43,59,132,51,10,79,45,20" hai3="66,104,118,63,103,115,112,17,107,113,42,64,57"/><T27/><D120/><U37/><E123/><V97/><F114/><W30/><G118/><T19/><D39/><U46/><E69/><V53/><F110/><W93/><G42/><T36/><D36/><U119/><E119/><V83/><F128/><W72/><G72/><T130/><D130/><U109/><E1/><V111/><F111/><W129/><G129/><T13/><D76/><U80/><E109/><V101/><F10/><W68/><G66/><T54/><D19/><U88/><E134/><V50/><REACH who="2" step="1"/><F20/><REACH who="2" ten="250,250,240,250" step="2"/><W78/><G113/><T124/><D124/><U77/><E33/><V44/><F44/><W3/><G112/><T65/><D54/><U82/><E32/><V18/><F18/><W41/><G17/><T21/><D21/><U9/><E46/><V22/><F22/><W38/><G115/><T52/><D52/><U90/><E37/><V2/><F2/><W96/><G3/><T16/><D16/><U5/><E5/><V29/><F29/><W23/><G30/><T108/><D108/><U81/><E77/><V117/><F117/><W56/><G78/><T34/><D34/><U48/><E48/><V40/><F40/><W98/><G41/><T133/><D133/><U102/><REACH who="1" step="1"/><E105/><AGARI ba="0,1" hai="43,45,50,51,53,59,75,79,83,97,101,105,132,135" machi="105" ten="40,1300,0" yaku="1,1,53,0" doraHai="25" doraHaiUra="26" who="2" fromWho="1" sc="250,0,250,-13,240,23,250,0" /><INIT seed="1,0,0,4,0,131" ten="250,237,263,250" oya="1" hai0="0,9,8,16,18,13,63,71,17,73,124,80,15" hai1="35,21,7,95,86,87,125,83,1,134,97,72,26" hai2="104,65,68,132,67,135,69,3,37,50,32,11,49" hai3="28,12,92,6,99,54,116,23,47,27,91,84,118"/><U61/><E134/><N who="2" m="51243" /><F32/><W64/><G64/><N who="2" m="24649" /><F104/><W123/><G123/><T105/><D71/><N who="2" m="27210" /><F37/><W93/><G118/><T102/><D63/><U122/><E125/><V108/><F108/><W70/><G116/><T4/><D124/><U10/><E122/><V119/><F119/><W109/><G109/><T81/><D73/><U22/><E61/><V117/><F117/><W114/><G70/><T115/><D115/><U38/><E38/><V44/><F44/><W66/><G114/><T43/><D43/><U41/><E41/><V82/><F82/><W45/><G45/><T39/><D39/><U75/><E35/><V59/><F59/><W126/><G47/><T96/><REACH who="0" step="1"/><D0/><REACH who="0" ten="240,237,263,250" step="2"/><U60/><E60/><V2/><F2/><W113/><G126/><T89/><D89/><U98/><E1/><V107/><F107/><W77/><G91/><T29/><D29/><U53/><E72/><V57/><F57/><W128/><G28/><T103/><D103/><U33/><E75/><V79/><F79/><W130/><G77/><T111/><D111/><U52/><E53/><V46/><F46/><W78/><G54/><T34/><D34/><U120/><E33/><V94/><F94/><W5/><G93/><T129/><D129/><U74/><E74/><V110/><F110/><W88/><G128/><T30/><D30/><U112/><E52/><V101/><F101/><W100/><G100/><T90/><D90/><N who="1" m="53719" /><E120/><V20/><F20/><N who="1" m="7785" /><E112/><V55/><F55/><W19/><G113/><T56/><D56/><U14/><E83/><AGARI ba="0,1" hai="4,8,9,13,15,16,17,18,80,81,83,96,102,105" machi="83" ten="40,2600,0" yaku="1,1,54,1,53,0" doraHai="131" doraHaiUra="42" who="0" fromWho="1" sc="240,36,237,-26,263,0,250,0" /><INIT seed="2,0,0,3,2,60" ten="276,211,263,250" oya="2" hai0="40,62,114,91,131,16,3,118,135,88,55,127,89" hai1="104,36,53,112,103,38,93,27,117,25,130,50,105" hai2="33,5,92,15,1,121,64,124,20,23,44,42,108" hai3="49,122,94,76,82,12,69,116,17,78,58,61,47"/><V52/><F121/><W132/><G69/><T56/><D131/><U80/><E112/><V32/><F1/><W128/><G122/><T85/><D127/><U126/><E117/><V51/><F124/><W59/><G116/><T113/><D135/><U86/><E126/><V48/><F33/><W0/><G0/><T28/><D118/><U19/><E130/><V134/><F32/><W21/><G128/><T75/><D75/><U14/><E36/><V74/><F74/><W31/><G132/><T97/><D3/><U46/><E38/><V72/><F72/><W18/><G31/><T107/><D28/><U96/><E105/><V100/><F108/><W26/><G94/><T129/><D129/><U98/><E96/><N who="2" m="59399" /><F64/><N who="3" m="38967" /><G59/><T2/><D2/><U119/><E104/><V11/><F134/><W63/><G63/><T65/><D107/><U101/><E103/><V66/><F66/><W87/><G78/><T84/><D97/><U83/><E119/><V106/><F106/><W81/><G81/><T10/><D113/><U90/><REACH who="1" step="1"/><E83/><REACH who="1" ten="276,201,263,250" step="2"/><V123/><F123/><W4/><G82/><T125/><D114/><U99/><E99/><V24/><F24/><W102/><G26/><T45/><D125/><U29/><E29/><V43/><F43/><W6/><G102/><T68/><D40/><U67/><E67/><V35/><F35/><W34/><G34/><T9/><D65/><U70/><E70/><V79/><F42/><W8/><G87/><T110/><D68/><U133/><E133/><V39/><F39/><W22/><G76/><T95/><D84/><U109/><E109/><RYUUKYOKU ba="0,1" sc="276,-10,201,30,263,-10,250,-10" hai1="14,19,25,27,46,50,53,80,86,90,93,98,101" /><INIT seed="3,1,1,4,0,4" ten="266,231,253,240" oya="3" hai0="94,1,36,121,67,38,83,12,78,110,77,25,31" hai1="53,13,122,91,22,43,27,76,45,29,86,104,21" hai2="42,103,132,65,23,10,57,120,105,112,64,8,16" hai3="125,46,134,40,114,30,116,109,117,124,93,24,44"/><W39/><G93/><T135/><D110/><U95/><E122/><V128/><F112/><W106/><G106/><T63/><D135/><U33/><E104/><V17/><F132/><W2/><G2/><T111/><D111/><U115/><E115/><V55/><F42/><N who="3" m="22623" /><G114/><T79/><D1/><U19/><E76/><V133/><F133/><W100/><G100/><T80/><D121/><U37/><REACH who="1" step="1"/><E53/><REACH who="1" ten="266,221,253,240" step="2"/><V7/><F55/><W49/><G134/><T41/><D79/><U101/><E101/><V97/><F103/><W66/><G109/><T108/><D78/><U87/><E87/><V48/><F105/><W62/><G117/><T58/><D77/><U28/><E28/><V54/><F120/><W99/><G116/><T51/><D108/><U9/><AGARI ba="1,2" hai="9,13,19,21,22,27,29,33,37,43,45,86,91,95" machi="9" ten="20,5200,0" yaku="1,1,0,1,7,1,52,1,53,0" doraHai="4" doraHaiUra="126" who="1" fromWho="1" sc="266,-14,221,75,253,-14,240,-27" /><INIT seed="4,0,0,5,4,104" ten="252,296,239,213" oya="0" hai0="102,115,90,128,119,58,108,52,134,82,97,22,117" hai1="81,56,75,53,121,66,26,29,2,34,8,130,103" hai2="69,105,96,48,42,86,57,91,23,39,44,92,133" hai3="36,32,0,120,70,122,77,24,19,47,54,72,65"/><T37/><D37/><U113/><E121/><N who="3" m="46698" /><G0/><T126/><D22/><U13/><E66/><V95/><F133/><W99/><G99/><T98/><D134/><U129/><E103/><V46/><F105/><W93/><G93/><T112/><D128/><N who="1" m="49259" /><E113/><N who="0" m="43593" /><D126/><U132/><E2/><V109/><F69/><W14/><G70/><T125/><D125/><U71/><E71/><V28/><F109/><W73/><G65/><T5/><D5/><N who="1" m="3215" /><E132/><V107/><F107/><W35/><G77/><T11/><D11/><U4/><E4/><V33/><F39/><W110/><G110/><T116/><D108/><U68/><E68/><V64/><F64/><W87/><G87/><N who="0" m="50551" /><D102/><U59/><E53/><V111/><F111/><W6/><G6/><T60/><AGARI ba="0,0" hai="52,58,60,97,98,116,117,119" m="50551,43593" machi="60" ten="40,3900,0" yaku="15,1,54,1" doraHai="104" who="0" fromWho="0" sc="252,39,296,-13,239,-13,213,-13" /><INIT seed="4,1,0,4,0,104" ten="291,283,226,200" oya="0" hai0="27,25,76,34,19,16,22,124,88,21,115,12,99" hai1="128,109,86,26,11,96,68,116,120,114,90,59,111" hai2="49,110,6,63,51,0,77,89,9,37,52,46,121" hai3="107,113,38,72,105,35,50,85,123,129,33,13,23"/><T106/><D115/><U8/><E68/><V1/><F121/><W18/><G38/><T40/><D124/><U43/><E120/><V2/><F110/><W48/><G123/><T125/><D125/><U39/><E116/><V56/><F77/><W28/><G113/><T82/><D40/><U3/><E114/><V112/><F112/><W119/><G119/><T135/><D135/><U64/><E128/><V83/><F37/><W47/><G129/><T84/><D34/><U57/><E3/><V95/><F83/><W65/><G35/><T92/><D106/><U102/><E43/><V14/><REACH who="2" step="1"/><F46/><REACH who="2" ten="291,283,216,200" step="2"/><W24/><G47/><T100/><D76/><U29/><E39/><V42/><F42/><W44/><G44/><T132/><D132/><U81/><E109/><V66/><F66/><W71/><G65/><T45/><D45/><U67/><E67/><V7/><F7/><W133/><G133/><T41/><D41/><U91/><E111/><V127/><F127/><W5/><G5/><T122/><D122/><U70/><E70/><V62/><F62/><W117/><G71/><T134/><D134/><U97/><E64/><V31/><F31/><W101/><G28/><T94/><D82/><U20/><E59/><V118/><F118/><W61/><G117/><T54/><D54/><U87/><E57/><V15/><F15/><AGARI ba="1,1" hai="12,15,16,19,21,22,25,27,84,88,92,94,99,100" machi="15" ten="30,12000,1" yaku="7,1,9,1,8,1,54,2" doraHai="104" who="0" fromWho="2" sc="291,133,283,0,216,-123,200,0" owari="424,53.0,283,8.0,93,-41.0,200,-20.0" /></mjloggm>