<mjloggm ver="2.3"><GO type="169" lobby="0"/><UN n0="%E3%81%BF%E3%81%A3%E3%81%8D%E3%83%BC" n1="%E6%AD%A6%E5%A8%81" n2="%E3%82%A8%E3%83%AB%E3%82%B2%E3%83%AB%E3%83%BC%E3%82%B8" n3="%70%69%6E%63%65%72%73" dan="17,17,16,16" rate="2205.21,2131.34,2138.38,2146.83" sx="M,M,M,M"/><TAIKYOKU oya="0"/><INIT seed="0,0,0,0,3,16" ten="250,250,250,250" oya="0" hai0="101,48,44,120,119,79,32,2,76,85,94,54,27" hai1="84,56,51,123,25,3,41,126,92,23,72,26,11" hai2="68,35,86,46,22,133,110,14,69,113,62,77,34" hai3="71,57,37,52,20,83,59,117,66,19,105,125,98"/><T18/><D119/><U129/><E123/><V111/><F113/><W9/><G117/><T40/><D2/><U127/><E72/><V36/><F133/><W100/><G37/><T65/><D120/><U124/><E129/><V87/><F46/><W21/><G125/><T88/><D65/><U17/><E3/><V90/><F36/><W15/><G71/><T30/><D101/><U78/><E11/><V45/><F45/><W24/><G83/><T116/><D116/><U10/><E10/><V134/><F77/><W104/><G104/><T81/><D18/><U49/><E41/><V47/><F47/><W106/><G106/><T114/><D114/><U12/><E78/><V8/><F8/><W55/><G66/><T43/><REACH who="0" step="1"/><D76/><REACH who="0" ten="240,250,250,250" step="2"/><U93/><E124/><V128/><F128/><W1/><G1/><T107/><D107/><U33/><E17/><N who="2" m="10551" /><F134/><W132/><G132/><T6/><D6/><U5/><E5/><V13/><F111/><W42/><G42/><T75/><AGARI ba="0,1" hai="27,30,32,40,43,44,48,54,75,79,81,85,88,94" machi="75" ten="20,12000,1" yaku="1,1,0,1,7,1,54,1,53,1" doraHai="16" doraHaiUra="31" who="0" fromWho="0" sc="240,130,250,-40,250,-40,250,-40" /><INIT seed="0,1,0,2,2,71" ten="370,210,210,210" oya="0" hai0="43,121,34,55,41,99,80,78,11,101,44,74,2" hai1="84,85,9,123,19,52,69,23,96,45,113,114,118" hai2="20,132,25,46,8,21,5,14,51,126,108,76,82" hai3="58,68,26,54,36,134,60,104,32,22,7,90,133"/><T91/><D121/><U109/><E118/><V53/><F108/><W73/><G73/><T56/><D34/><U18/><E123/><V88/><F126/><W64/><G104/><T122/><D122/><U130/><E109/><V57/><F132/><N who="3" m="50795" /><G7/><T89/><D43/><U131/><E69/><V77/><F57/><W17/><G32/><T49/><D2/><U30/><E96/><V35/><F35/><W92/><G36/><T98/><D11/><U135/><E135/><V110/><F110/><W47/><G47/><T50/><REACH who="0" step="1"/><D98/><REACH who="0" ten="360,210,210,210" step="2"/><U102/><E9/><V124/><F124/><W63/><G22/><T24/><D24/><U115/><E23/><V40/><F40/><W27/><G17/><T12/><D12/><U116/><E30/><V33/><F33/><W28/><G28/><T3/><D3/><U65/><E19/><V106/><F21/><W48/><G26/><T107/><AGARI ba="1,1" hai="41,44,49,50,55,56,74,78,80,89,91,99,101,107" machi="107" ten="20,3900,0" yaku="1,1,0,1,7,1,53,0" doraHai="71" doraHaiUra="83" who="0" fromWho="0" sc="360,52,210,-14,210,-14,210,-14" /><INIT seed="0,2,0,3,5,118" ten="412,196,196,196" oya="0" hai0="104,39,51,60,123,72,45,31,133,50,44,68,38" hai1="92,83,76,126,128,135,67,87,112,119,105,41,18" hai2="121,37,130,109,28,52,86,100,27,102,16,40,43" hai3="63,7,6,95,64,2,127,56,90,89,106,61,107"/><T48/><D104/><U49/><E67/><V21/><F109/><W132/><G132/><T3/><D72/><U125/><E18/><V26/><F130/><W11/><G127/><N who="1" m="48650" /><E41/><V23/><F121/><W10/><G61/><T110/><D3/><U17/><E17/><V5/><F5/><W4/><G4/><T32/><D32/><U73/><E49/><V46/><F43/><W71/><G71/><T77/><D77/><U22/><E22/><V14/><F14/><W81/><G81/><T94/><D94/><U78/><E119/><V75/><F75/><W69/><G69/><T35/><D35/><U88/><E135/><V15/><F15/><W82/><G82/><T1/><D1/><U66/><E66/><V29/><F86/><W74/><G74/><T12/><D123/><U79/><E128/><V84/><F84/><W111/><G111/><T115/><D31/><U103/><E112/><V134/><F134/><W54/><G64/><N who="0" m="40967" /><D115/><U65/><E65/><V131/><F131/><W113/><G113/><T124/><D110/><U114/><E114/><V120/><F120/><W117/><G117/><T36/><D133/><U129/><E129/><V42/><F29/><W9/><G2/><T19/><D124/><U8/><E8/><V96/><F42/><W34/><G6/><T53/><D44/><U122/><E122/><V62/><F96/><AGARI ba="2,0" hai="73,76,78,79,83,87,88,92,96,103,105" m="48650" machi="96" ten="30,8000,1" yaku="24,1,18,1,34,2,54,1" doraHai="118" who="1" fromWho="2" sc="412,0,196,86,196,-86,196,0" /><INIT seed="1,0,0,2,1,14" ten="412,282,110,196" oya="1" hai0="40,81,72,13,129,41,105,0,115,94,82,6,12" hai1="68,103,5,15,37,130,45,87,96,47,25,18,54" hai2="70,61,65,24,48,21,50,49,121,109,134,89,91" hai3="73,35,19,57,11,39,58,119,92,106,84,98,126"/><U124/><E124/><V9/><F121/><W74/><G39/><T46/><D105/><U83/><E130/><V102/><F109/><W116/><G35/><T123/><D115/><U108/><E108/><V100/><F134/><W10/><G106/><T133/><D133/><U33/><E68/><V79/><F79/><W128/><G84/><T132/><D41/><U27/><E5/><V66/><F9/><W32/><G32/><T88/><D81/><U111/><E111/><V78/><F78/><W120/><G120/><T26/><D26/><U44/><E37/><V28/><REACH who="2" step="1"/><F66/><REACH who="2" ten="412,282,100,196" step="2"/><W22/><G10/><T76/><D132/><U67/><E67/><V34/><F34/><W2/><G11/><N who="0" m="2503" /><D123/><U122/><E122/><V118/><F118/><W117/><G117/><T1/><D129/><U16/><E33/><V110/><F110/><W131/><G116/><T93/><D1/><U86/><E54/><V85/><F85/><W97/><G2/><T114/><D76/><U43/><E86/><V101/><AGARI ba="0,1" hai="21,24,28,48,49,50,61,65,70,89,91,100,101,102" machi="101" ten="30,2000,0" yaku="1,1,0,1,53,0" doraHai="14" doraHaiUra="4" who="2" fromWho="2" sc="412,-5,282,-10,100,30,196,-5" /><INIT seed="2,0,0,3,0,23" ten="407,272,130,191" oya="2" hai0="111,105,54,49,100,101,22,48,124,92,18,58,33" hai1="106,17,122,99,12,30,6,88,90,24,78,130,40" hai2="60,62,95,116,29,127,51,87,70,36,65,59,46" hai3="15,28,107,110,9,16,1,81,131,73,25,31,32"/><V108/><F116/><W74/><G107/><T55/><D33/><U117/><E117/><V102/><F127/><W64/><G110/><T38/><D38/><U26/><E6/><V118/><F118/><W47/><G131/><T61/><D111/><U76/><E130/><V134/><F108/><W27/><G64/><T113/><D105/><U37/><E122/><V35/><F134/><W13/><G47/><T129/><D113/><U20/><E37/><V79/><F36/><W68/><G68/><T45/><D124/><U93/><E40/><V104/><F104/><W98/><G98/><T115/><D115/><U103/><E90/><V123/><F123/><W41/><G41/><T72/><D72/><U44/><E44/><V75/><F75/><W85/><G13/><N who="0" m="9551" /><D129/><U53/><E53/><V42/><F102/><N who="0" m="39530" /><D92/><U7/><E7/><V80/><F95/><W21/><G1/><T10/><D10/><U96/><REACH who="1" step="1"/><E26/><REACH who="1" ten="407,262,130,191" step="2"/><V114/><F114/><W52/><G52/><T2/><D2/><U5/><E5/><V109/><F109/><W112/><G112/><T91/><D91/><AGARI ba="0,1" hai="9,15,16,21,25,27,28,31,32,73,74,81,85,91" machi="91" ten="30,7700,0" yaku="7,1,52,2,54,1" doraHai="23" who="3" fromWho="0" sc="407,-77,262,0,130,0,191,87" /><INIT seed="3,0,0,5,3,109" ten="330,262,130,278" oya="3" hai0="132,7,93,70,39,112,95,36,72,1,108,104,62" hai1="82,22,88,29,46,50,126,103,17,87,10,37,123" hai2="124,14,80,34,5,68,98,60,76,107,122,64,51" hai3="131,125,110,120,43,56,13,28,41,49,75,67,19"/><W133/><G75/><T11/><D104/><U54/><E123/><V66/><F122/><W61/><G120/><T84/><D72/><U63/><E126/><V58/><F124/><W53/><G125/><T24/><D108/><U27/><E37/><V55/><F34/><W94/><G133/><T135/><D24/><U16/><E103/><V105/><F66/><W33/><G131/><T115/><D84/><U71/><E71/><V100/><F107/><W134/><G134/><N who="0" m="51243" /><D93/><U35/><E63/><V114/><F114/><N who="0" m="43562" /><D95/><U57/><E57/><V128/><F128/><W38/><G38/><N who="0" m="14379" /><D62/><U12/><REACH who="1" step="1"/><E35/><REACH who="1" ten="330,252,130,278" step="2"/><V20/><F60/><N who="3" m="38279" /><G110/><T129/><D70/><U86/><E86/><V119/><F68/><W102/><G61/><T4/><D4/><AGARI ba="0,1" hai="4,10,12,16,17,22,27,29,46,50,54,82,87,88" machi="4" ten="30,8000,1" yaku="1,1,7,1,8,1,54,2,53,0" doraHai="109" doraHaiUra="117" who="1" fromWho="0" sc="330,-80,252,90,130,0,278,0" /><INIT seed="4,0,0,0,0,9" ten="250,342,130,278" oya="0" hai0="128,129,100,33,59,67,76,121,17,127,11,135,110" hai1="28,45,89,119,3,125,13,72,21,68,66,84,118" hai2="6,22,90,43,80,102,108,25,124,42,73,97,87" hai3="92,24,61,82,130,8,35,32,104,85,134,19,18"/><T49/><D121/><U20/><E3/><V86/><F108/><W96/><G104/><T91/><D33/><U116/><E72/><V34/><F124/><W4/><G130/><N who="0" m="50283" /><D110/><U5/><E125/><V132/><F132/><W107/><G107/><T47/><D100/><U26/><E45/><V38/><F34/><W78/><G134/><T7/><D76/><U83/><E66/><V123/><F123/><W74/><G74/><T52/><D17/><U41/><E41/><V15/><F73/><W126/><G126/><T48/><D127/><U120/><E68/><V10/><F87/><W53/><G32/><T64/><D91/><U69/><E69/><V94/><REACH who="2" step="1"/><F38/><REACH who="2" ten="250,342,120,278" step="2"/><W27/><G35/><T101/><D135/><U39/><E39/><V122/><F122/><W88/><G27/><T75/><D75/><U109/><E109/><V79/><F79/><W56/><REACH who="3" step="1"/><G24/><REACH who="3" ten="250,342,120,268" step="2"/><T23/><D67/><U50/><E120/><V1/><F1/><AGARI ba="0,2" hai="1,4,8,18,19,53,56,61,78,82,85,88,92,96" machi="1" ten="30,7700,0" yaku="1,1,2,1,7,1,54,1,53,0" doraHai="9" doraHaiUra="98" who="3" fromWho="2" sc="250,0,342,0,120,-77,268,97" /><INIT seed="5,0,0,4,3,90" ten="250,342,43,365" oya="1" hai0="71,105,24,14,109,64,46,86,39,95,91,56,57" hai1="4,111,131,61,31,70,51,114,103,132,81,100,11" hai2="23,44,117,7,93,65,75,80,122,123,85,113,104" hai3="27,92,89,112,124,82,97,106,41,19,53,79,119"/><U78/><E114/><V72/><F117/><W55/><G112/><T1/><D109/><U21/><E132/><V3/><F113/><W99/><G119/><T96/><D1/><U16/><E131/><V69/><F104/><W126/><G41/><T15/><D71/><U0/><E111/><V45/><F3/><W47/><G27/><T25/><D39/><U26/><E51/><V134/><F7/><W118/><G19/><T35/><D46/><U83/><E83/><V38/><F38/><W102/><G118/><T110/><D110/><U62/><E62/><V29/><F134/><W17/><G17/><T87/><D105/><U76/><E76/><V88/><F65/><W66/><G66/><T9/><D35/><U28/><E61/><V2/><F2/><W52/><REACH who="3" step="1"/><G47/><REACH who="3" ten="250,342,43,355" step="2"/><T50/><D25/><U32/><E70/><V13/><F45/><W133/><G133/><T120/><D24/><U8/><E8/><V73/><F44/><W127/><G127/><T22/><D64/><U37/><E37/><V34/><F69/><W30/><G30/><T121/><D9/><U74/><E31/><V115/><F115/><W59/><G59/><T6/><D57/><U128/><E128/><V68/><F68/><W49/><G49/><T40/><D56/><U107/><E107/><V60/><F60/><W77/><G77/><T58/><D58/><U54/><E54/><V116/><F116/><W48/><G48/><T135/><D50/><U129/><E129/><V5/><F29/><W94/><G94/><T12/><D135/><U125/><E125/><V84/><F93/><RYUUKYOKU ba="0,1" sc="250,-15,342,15,43,-15,355,15" hai1="0,4,11,16,21,26,28,32,74,78,81,100,103" hai3="52,53,55,79,82,89,92,97,99,102,106,124,126" /><INIT seed="5,1,1,5,5,7" ten="235,357,28,370" oya="1" hai0="133,46,11,58,56,113,78,30,10,131,81,93,29" hai1="118,31,108,21,36,0,124,71,14,70,34,80,95" hai2="9,127,128,37,109,1,43,103,41,35,92,12,89" hai3="129,59,117,4,67,63,52,32,125,83,38,47,60"/><U39/><E118/><V90/><F109/><W22/><G32/><T101/><D113/><U75/><E108/><V82/><F1/><W120/><G120/><T48/><D133/><U20/><E95/><V33/><F103/><W23/><G117/><T26/><D131/><U68/><E14/><V72/><F128/><W69/><G129/><T100/><D78/><N who="1" m="44127" /><E21/><V5/><F127/><W66/><G125/><T116/><D81/><U19/><E19/><V87/><F72/><W85/><G4/><T105/><D105/><U73/><E20/><V135/><F135/><W74/><G74/><T45/><D48/><U18/><E18/><V119/><F119/><W130/><G130/><T6/><D116/><U53/><E53/><V112/><F112/><W27/><G27/><T114/><D93/><U15/><E15/><V65/><F65/><W13/><G13/><T94/><D94/><U96/><E96/><V134/><F134/><W123/><G123/><T104/><D104/><U88/><E88/><V2/><F2/><W121/><G121/><T77/><D26/><N who="1" m="18807" /><E124/><V115/><F115/><W79/><REACH who="3" step="1"/><G38/><REACH who="3" ten="235,357,28,360" step="2"/><N who="1" m="14378" /><E73/><V55/><F37/><W99/><G99/><T102/><D114/><U91/><E0/><V28/><F41/><W132/><G132/><T107/><D107/><U16/><E16/><V54/><F43/><W62/><G62/><T97/><D97/><U76/><E76/><V25/><F35/><W42/><G42/><T40/><D77/><U61/><E61/><V111/><F111/><W8/><G8/><N who="0" m="3115" /><D40/><U106/><E106/><V24/><F24/><W86/><G86/><AGARI ba="1,2" hai="5,9,12,25,28,33,54,55,82,86,87,89,90,92" machi="86" ten="30,3900,0" yaku="6,1,7,1,52,1" doraHai="7" who="2" fromWho="3" sc="235,0,357,0,28,62,360,-42" /><INIT seed="6,0,0,2,5,122" ten="235,357,90,318" oya="2" hai0="79,108,91,58,94,83,48,98,73,131,62,49,32" hai1="36,8,18,38,78,117,85,63,105,129,3,25,21" hai2="17,29,7,68,127,126,66,31,22,40,15,16,80" hai3="89,102,109,13,90,113,116,77,69,92,111,60,119"/><V97/><F40/><W81/><G13/><T120/><D120/><U39/><E117/><N who="3" m="45130" /><G60/><T28/><D131/><U33/><E105/><V37/><F37/><W20/><G20/><T87/><D108/><N who="3" m="41545" /><G69/><T75/><D75/><U104/><E104/><V57/><F68/><W27/><G27/><T46/><D32/><U61/><E129/><V50/><F7/><W100/><G113/><T56/><D28/><U128/><E128/><V6/><F6/><W93/><G93/><T99/><D49/><U114/><E114/><V95/><F80/><W106/><G106/><T67/><REACH who="0" step="1"/><D58/><REACH who="0" ten="225,357,90,318" step="2"/><U43/><E33/><V130/><F130/><W26/><G26/><T74/><D74/><U0/><E25/><V1/><F1/><W45/><G45/><T135/><D135/><U124/><E36/><V47/><F57/><W133/><G133/><T64/><D64/><U132/><E39/><V107/><F66/><W42/><G42/><AGARI ba="0,1" hai="42,46,48,56,62,67,73,79,83,87,91,94,98,99" machi="42" ten="30,2000,0" yaku="1,1,7,1,53,0" doraHai="122" doraHaiUra="115" who="0" fromWho="3" sc="225,30,357,0,90,0,318,-20" /><INIT seed="7,0,0,0,2,96" ten="255,357,90,298" oya="3" hai0="26,107,132,92,123,83,106,110,126,17,9,76,38" hai1="112,71,82,124,62,46,39,113,129,105,20,16,41" hai2="121,10,63,114,64,85,44,8,134,103,51,86,15" hai3="104,77,32,95,72,60,135,109,73,79,0,80,28"/><W125/><G0/><T25/><D38/><U56/><E105/><V88/><F114/><N who="1" m="44137" /><E124/><V91/><F134/><W57/><G104/><T69/><D110/><U37/><E129/><V21/><F121/><W98/><G125/><T117/><D126/><U6/><E6/><V78/><F78/><W22/><G32/><T11/><D69/><U115/><E115/><V47/><F21/><W133/><G109/><T102/><D117/><U108/><E108/><V59/><F47/><W14/><G77/><T58/><D132/><N who="3" m="50761" /><G72/><T70/><D70/><U52/><E82/><V13/><F13/><W42/><G42/><T130/><D106/><U89/><E89/><V31/><F31/><W4/><G4/><T35/><D107/><U100/><E100/><V1/><F1/><W67/><G14/><T131/><D123/><U24/><E71/><V54/><F91/><N who="3" m="55679" /><G22/><T3/><D35/><U61/><E39/><V74/><F74/><W29/><AGARI ba="0,0" hai="28,29,57,60,67,73,79,80" m="55679,50761" machi="29" ten="30,1500,0" yaku="20,1" doraHai="96" who="3" fromWho="3" sc="255,-5,357,-5,90,-5,298,15" /><INIT seed="7,1,0,0,3,122" ten="250,352,85,313" oya="3" hai0="5,24,108,32,103,51,59,83,124,133,26,67,66" hai1="33,102,99,53,121,126,135,90,52,131,46,36,6" hai2="48,60,78,4,35,7,125,42,92,56,19,119,100" hai3="82,28,40,88,115,127,118,18,77,87,25,105,34"/><W97/><G127/><T117/><D117/><U63/><E121/><V45/><F119/><W44/><G118/><T94/><D124/><U110/><E110/><V49/><F125/><W75/><G115/><T96/><D133/><U91/><E126/><V123/><F123/><W114/><G114/><T1/><D32/><U93/><E33/><V120/><F120/><W112/><G112/><T55/><D108/><U116/><E116/><V15/><F35/><W113/><G113/><T80/><D1/><U43/><E135/><V69/><F69/><W38/><G18/><T89/><D5/><U111/><E111/><V71/><F71/><W85/><REACH who="3" step="1"/><G88/><REACH who="3" ten="250,352,85,303" step="2"/><T27/><REACH who="0" step="1"/><D89/><REACH who="0" ten="240,352,85,303" step="2"/><U72/><E91/><V30/><F78/><W62/><G62/><T41/><D41/><U8/><E90/><V37/><F30/><W84/><G84/><T134/><D134/><U101/><E63/><V129/><F129/><W106/><G106/><T47/><D47/><U17/><E131/><V29/><F29/><W22/><G22/><T50/><D50/><U14/><E46/><V81/><F49/><W21/><G21/><T109/><D109/><U13/><E43/><V0/><F48/><W79/><G79/><T9/><D9/><U10/><E10/><V130/><F130/><W73/><G73/><T3/><D3/><U23/><E72/><V61/><F0/><W64/><G64/><AGARI ba="1,2" hai="24,26,27,51,55,59,64,66,67,80,83,94,96,103" machi="64" ten="40,2600,0" yaku="1,1,8,1,53,0" doraHai="122" doraHaiUra="31" who="0" fromWho="3" sc="240,49,352,0,85,0,303,-29" owari="289,9.0,352,45.0,85,-41.0,274,-13.0" /></mjloggm>