<mjloggm ver="2.3"><GO type="169" lobby="0"/><UN n0="%48%61%63%68%69%6E%61%6C" n1="%E9%BA%BB%E9%9B%80%E3%81%A7%E9%A3%9F%E3%81%88%21" n2="%E3%81%A1%E3%82%87%E3%82%8A%E3%81%8A" n3="%E7%B7%91%E3%81%AE%E3%83%A9%E3%83%B3%E3%83%97" dan="16,18,18,16" rate="2042.21,2228.23,2222.57,2107.74" sx="M,M,M,M"/><TAIKYOKU oya="0"/><INIT seed="0,0,0,5,3,96" ten="250,250,250,250" oya="0" hai0="110,36,54,11,100,49,57,19,90,27,45,52,50" hai1="6,46,21,0,51,38,48,4,83,60,120,63,105" hai2="114,124,61,40,24,82,14,80,109,101,55,106,91" hai3="130,94,85,121,132,70,16,68,74,41,126,30,1"/><T93/><D36/><U122/><E38/><V111/><F114/><W2/><G74/><T62/><D110/><N who="2" m="41994" /><F40/><W10/><G41/><T135/><D135/><U44/><E21/><V31/><F14/><W42/><G42/><N who="0" m="24759" /><D100/><U133/><E83/><V65/><F55/><W115/><G115/><T119/><D119/><U104/><REACH who="1" step="1"/><E0/><REACH who="1" ten="250,240,250,250" step="2"/><V72/><F80/><W33/><G1/><T127/><D127/><U134/><AGARI ba="0,1" hai="4,6,44,46,48,51,60,63,104,105,120,122,133,134" machi="134" ten="25,12000,2" yaku="1,1,2,1,0,1,22,2,53,2" doraHai="96" doraHaiUra="131" who="1" fromWho="1" sc="250,-60,240,130,250,-30,250,-30" /><INIT seed="1,0,0,4,3,93" ten="190,370,220,220" oya="1" hai0="105,95,47,112,97,36,118,87,82,123,8,84,67" hai1="78,19,120,85,21,52,12,57,77,44,109,107,29" hai2="131,72,51,111,132,70,2,81,104,53,20,38,37" hai3="71,90,121,9,133,15,7,33,10,61,119,11,54"/><U18/><E107/><V135/><F2/><W13/><G121/><T89/><D67/><U88/><E120/><V28/><F111/><W68/><G119/><T46/><D118/><U98/><E109/><V114/><F70/><W45/><G33/><T94/><D123/><U130/><E130/><V86/><F72/><W4/><G133/><N who="2" m="51273" /><F131/><W96/><G11/><T59/><D112/><U110/><E110/><V92/><F92/><W100/><G90/><N who="0" m="55543" /><D105/><U124/><E124/><V117/><F117/><W108/><G108/><T43/><D36/><U91/><E29/><V27/><F104/><W16/><G45/><T32/><D32/><U99/><E44/><N who="2" m="27879" /><F114/><W40/><G40/><T63/><D43/><U39/><E39/><V17/><F28/><W24/><G71/><T31/><D31/><U14/><E78/><AGARI ba="0,0" hai="17,20,27,37,38,78,81,86" m="27879,51273" machi="78" ten="30,1000,0" yaku="20,1" doraHai="93" who="2" fromWho="1" sc="190,0,370,-10,220,10,220,0" /><INIT seed="2,0,0,2,3,134" ten="190,360,230,220" oya="2" hai0="35,70,66,29,42,63,122,20,61,5,58,10,9" hai1="31,107,0,77,117,82,47,102,76,45,129,123,23" hai2="95,4,132,88,93,8,91,24,25,97,15,18,73" hai3="67,65,34,118,26,72,71,92,14,120,21,126,19"/><V43/><F73/><W85/><G72/><T22/><D122/><U6/><E117/><V124/><F132/><W111/><G120/><T16/><D42/><U104/><E123/><V115/><F115/><W1/><G118/><T50/><D35/><U133/><E133/><V40/><F124/><W36/><G36/><T7/><D50/><U33/><E33/><V96/><F25/><W60/><G67/><T51/><D51/><U101/><E23/><AGARI ba="0,0" hai="4,8,15,18,23,24,40,43,88,91,93,95,96,97" machi="23" ten="40,7700,0" yaku="9,1,8,1,54,1" doraHai="134" who="2" fromWho="1" sc="190,0,360,-77,230,77,220,0" /><INIT seed="2,1,0,1,4,56" ten="190,283,307,220" oya="2" hai0="73,127,93,59,48,15,120,89,102,94,49,51,25" hai1="42,31,45,39,1,68,83,96,22,55,35,14,84" hai2="101,125,100,117,112,18,67,24,26,77,129,90,72" hai3="17,50,62,9,88,53,87,6,0,47,57,106,3"/><V36/><F117/><W134/><G106/><T97/><D120/><U95/><E1/><V16/><F112/><W27/><G134/><T121/><D121/><U20/><E68/><V115/><F115/><W8/><G27/><T70/><D70/><U60/><E35/><V2/><F2/><W7/><G17/><T29/><D73/><U78/><E31/><V116/><F36/><W38/><G38/><T23/><D127/><U75/><E75/><V13/><F116/><W63/><G47/><T98/><REACH who="0" step="1"/><D15/><REACH who="0" ten="180,283,307,220" step="2"/><U107/><E14/><V126/><F126/><W123/><REACH who="3" step="1"/><G123/><REACH who="3" ten="180,283,307,210" step="2"/><T82/><D82/><AGARI ba="1,2" hai="0,3,6,7,8,9,50,53,57,62,63,82,87,88" machi="82" ten="30,12000,2" yaku="1,1,2,1,7,1,9,1,52,2,54,1,53,0" doraHai="56" doraHaiUra="113" who="3" fromWho="0" sc="180,-123,283,0,307,0,210,143" /><INIT seed="3,0,0,1,3,29" ten="57,283,307,353" oya="3" hai0="94,80,128,24,56,34,40,77,49,65,44,75,46" hai1="78,25,36,53,30,23,22,96,13,112,133,2,120" hai2="0,70,87,67,106,83,7,109,38,89,28,127,69" hai3="42,122,134,90,116,118,107,4,124,135,10,63,12"/><W66/><G107/><T48/><D128/><U45/><E2/><V57/><F109/><W111/><G122/><T130/><D130/><U97/><E120/><V8/><F127/><W64/><G124/><T19/><D94/><U103/><E112/><V59/><F38/><W14/><G42/><T81/><D81/><U35/><E133/><N who="3" m="50698" /><G66/><T41/><D19/><U129/><E129/><V121/><F121/><W72/><G72/><T79/><D79/><U6/><E78/><V84/><F106/><W60/><G60/><T114/><D114/><U108/><E108/><V85/><F70/><W52/><G52/><T1/><D1/><U100/><E6/><V39/><F39/><W18/><G90/><T101/><D101/><U115/><E115/><V71/><F71/><N who="3" m="42399" /><G111/><T119/><D119/><U16/><E100/><V33/><F69/><W32/><G32/><T61/><REACH who="0" step="1"/><D24/><REACH who="0" ten="47,283,307,353" step="2"/><U95/><E97/><V21/><F83/><W126/><G126/><T88/><D88/><U50/><REACH who="1" step="1"/><E36/><REACH who="1" ten="47,273,307,353" step="2"/><V125/><F125/><W110/><G110/><T104/><D104/><U31/><E31/><V20/><F28/><W54/><G118/><T37/><D37/><U9/><AGARI ba="0,2" hai="9,13,16,22,23,25,30,35,45,50,53,95,96,103" machi="9" ten="20,12000,2" yaku="1,1,0,1,7,1,52,1,54,1,53,1" doraHai="29" doraHaiUra="98" who="1" fromWho="1" sc="47,-30,273,140,307,-30,353,-60" /><INIT seed="4,0,0,3,4,8" ten="17,413,277,293" oya="0" hai0="106,99,65,51,13,19,120,97,39,100,66,76,88" hai1="3,86,53,15,133,14,12,9,109,35,91,103,63" hai2="135,108,22,40,126,43,44,102,77,30,36,54,52" hai3="48,1,72,116,60,73,7,32,113,80,111,4,96"/><T125/><D120/><U42/><E109/><V92/><F108/><W33/><G111/><T61/><D39/><U75/><E75/><V119/><F135/><W20/><G116/><T84/><D125/><U114/><E35/><V57/><F126/><W0/><G20/><T41/><D76/><U21/><E133/><V110/><F110/><W28/><G28/><T69/><D99/><U37/><E103/><V62/><F43/><W55/><G60/><T64/><D51/><U130/><E130/><V16/><F30/><W74/><G80/><T59/><D41/><U83/><E114/><V17/><F77/><W93/><G33/><T94/><REACH who="0" step="1"/><D69/><REACH who="0" ten="7,413,277,293" step="2"/><U128/><E37/><V45/><F40/><W10/><G113/><T104/><D104/><U117/><E42/><V90/><F36/><W18/><G96/><T98/><D98/><U29/><E117/><V101/><F119/><W118/><G118/><T71/><D71/><U49/><E49/><V34/><F102/><W6/><G48/><T46/><D46/><U122/><E122/><V129/><F101/><W85/><G74/><T11/><AGARI ba="0,1" hai="11,13,19,59,61,64,65,66,84,88,94,97,100,106" machi="11" ten="20,12000,1" yaku="1,1,0,1,7,1,52,1,54,1,53,0" doraHai="8" doraHaiUra="31" who="0" fromWho="0" sc="7,130,413,-40,277,-40,293,-40" /><INIT seed="4,1,0,1,0,107" ten="137,373,237,253" oya="0" hai0="81,3,4,106,93,120,19,2,90,84,42,82,77" hai1="126,129,30,13,27,69,26,86,105,110,28,62,118" hai2="97,131,45,24,68,132,14,87,73,21,127,125,59" hai3="119,53,113,92,7,109,51,111,130,63,29,35,83"/><T60/><D120/><U16/><E118/><V121/><F121/><W8/><G119/><T96/><D106/><U55/><E105/><V20/><F68/><W40/><G130/><T71/><D42/><U103/><E129/><V89/><F97/><W88/><G83/><T66/><D4/><U135/><E103/><V6/><F131/><W78/><G78/><T38/><D38/><U11/><E126/><N who="2" m="48139" /><F132/><W123/><G123/><T9/><D9/><U128/><E128/><V108/><F108/><W22/><G40/><T1/><D19/><U133/><E86/><V25/><F45/><W124/><G124/><T64/><D64/><U122/><E122/><V70/><F73/><W117/><G117/><T49/><D49/><U91/><E91/><V57/><F70/><W74/><G74/><T114/><REACH who="0" step="1"/><D82/><REACH who="0" ten="127,373,237,253" step="2"/><U41/><E41/><V34/><F6/><W94/><G51/><T5/><D5/><U18/><E18/><V33/><F33/><W50/><G35/><T58/><D58/><N who="1" m="35167" /><E69/><V79/><F34/><W85/><G50/><T46/><D46/><U67/><E67/><V100/><F59/><W48/><G48/><T115/><AGARI ba="1,1" hai="1,2,3,60,66,71,77,81,84,90,93,96,114,115" machi="115" ten="40,7800,0" yaku="1,1,0,1,53,1" doraHai="107" doraHaiUra="61" who="0" fromWho="0" sc="127,91,373,-27,237,-27,253,-27" /><INIT seed="4,2,0,2,5,125" ten="218,346,210,226" oya="0" hai0="129,14,32,9,130,128,47,64,45,27,108,20,98" hai1="132,92,46,10,69,110,82,67,71,2,39,70,57" hai2="43,41,62,55,88,104,54,123,38,105,89,7,121" hai3="22,86,117,21,124,18,102,44,68,95,127,29,81"/><T72/><D72/><U24/><E110/><V109/><F62/><W26/><G117/><T91/><D32/><U85/><E132/><V33/><F7/><W6/><G68/><T83/><D108/><U12/><E2/><V75/><F109/><W101/><G6/><N who="0" m="3383" /><D64/><U42/><E92/><V107/><F104/><W1/><G1/><T78/><D78/><U76/><E24/><V115/><F38/><W34/><G34/><T61/><D61/><U90/><E57/><V4/><F4/><W58/><G44/><T31/><D98/><U94/><E67/><V131/><F33/><W122/><G122/><T80/><D91/><U93/><REACH who="1" step="1"/><E90/><REACH who="1" ten="218,336,210,226" step="2"/><V73/><REACH who="2" step="1"/><F115/><REACH who="2" ten="218,336,200,226" step="2"/><W30/><G127/><T52/><D45/><U114/><E114/><V53/><F53/><W56/><G124/><T19/><D31/><U135/><E135/><V103/><F103/><W60/><G30/><T111/><D111/><U0/><E0/><V134/><F134/><W79/><G102/><T37/><D37/><U11/><E11/><V51/><F51/><AGARI ba="2,2" hai="19,20,27,47,51,52,80,83,128,129,130" m="3383" machi="51" ten="30,12000,1" yaku="19,1,52,3,54,1" doraHai="125" who="0" fromWho="2" sc="218,146,336,0,200,-126,226,0" /><INIT seed="4,3,0,0,4,69" ten="364,336,74,226" oya="0" hai0="38,131,70,82,89,116,6,73,118,15,4,3,98" hai1="47,57,68,51,101,75,117,1,100,108,135,124,126" hai2="32,77,66,94,85,16,119,14,29,81,64,40,54" hai3="10,74,8,110,79,24,125,63,48,20,99,52,56"/><T128/><D70/><U28/><E68/><V80/><F119/><W7/><G110/><T112/><D112/><U105/><E108/><V107/><F107/><W113/><G113/><T122/><D122/><U31/><E117/><V130/><F130/><N who="0" m="49706" /><D3/><U25/><E75/><V13/><F13/><W103/><G74/><T123/><D123/><U58/><E1/><V50/><F94/><W91/><G79/><N who="0" m="44399" /><D38/><U72/><E72/><V134/><F40/><W87/><G125/><N who="1" m="48234" /><E135/><V34/><F134/><W61/><G20/><T127/><D127/><U12/><E12/><V120/><F120/><W45/><G24/><T37/><D37/><U42/><E28/><V11/><F80/><W17/><G7/><T96/><D6/><U60/><E105/><V53/><F29/><W115/><G115/><T35/><D35/><N who="1" m="20975" /><E57/><V90/><F34/><W62/><G17/><T106/><D106/><U67/><AGARI ba="3,0" hai="42,47,51,58,60,67,100,101" m="20975,48234" machi="67" ten="30,1100,0" yaku="18,1" doraHai="69" who="1" fromWho="1" sc="364,-8,336,20,74,-6,226,-6" /><INIT seed="5,0,0,5,5,11" ten="356,356,68,220" oya="1" hai0="108,36,95,0,35,19,87,114,42,47,113,57,75" hai1="9,46,128,27,38,76,98,81,63,17,32,52,43" hai2="20,124,93,55,15,3,116,12,58,103,54,85,45" hai3="111,91,115,10,22,135,56,28,48,118,86,40,16"/><U99/><E128/><V65/><F116/><W67/><G118/><T2/><D108/><U132/><E132/><V1/><F1/><W131/><G131/><T41/><D75/><U61/><E61/><V77/><F3/><W79/><G111/><T104/><D104/><U130/><E130/><V96/><F124/><W83/><G135/><T70/><D70/><U84/><E32/><V64/><F20/><W49/><G115/><N who="0" m="44043" /><D35/><U18/><E27/><V121/><F45/><W24/><G40/><T4/><D42/><U94/><E9/><V34/><F34/><W53/><G67/><N who="2" m="25673" /><F121/><W44/><G79/><T21/><D4/><U89/><REACH who="1" step="1"/><E98/><REACH who="1" ten="356,346,68,220" step="2"/><V133/><F133/><W82/><G10/><T33/><D33/><U25/><E25/><V102/><F102/><W73/><G28/><T59/><D59/><AGARI ba="0,1" hai="17,18,38,43,46,52,59,63,76,81,84,89,94,99" machi="59" ten="40,7700,0" yaku="1,1,54,1,53,1" doraHai="11" doraHaiUra="78" who="1" fromWho="0" sc="356,-77,346,87,68,0,220,0" /><INIT seed="5,1,0,0,1,21" ten="279,433,68,220" oya="1" hai0="0,98,56,104,81,52,131,126,8,12,123,82,76" hai1="118,100,121,64,125,5,124,112,14,15,83,47,135" hai2="32,80,7,66,97,116,103,48,75,94,108,40,49" hai3="26,105,67,113,111,30,72,115,90,93,60,89,68"/><U87/><E121/><V39/><F108/><W9/><G105/><T70/><D70/><U71/><E118/><V69/><F116/><W35/><G72/><T86/><D0/><U17/><E135/><V23/><F32/><W19/><G111/><T79/><D123/><U99/><E5/><V122/><F122/><W20/><G9/><T127/><D131/><U6/><E6/><V128/><F128/><W63/><G63/><T31/><D31/><U38/><E112/><V117/><F117/><W84/><REACH who="3" step="1"/><G90/><REACH who="3" ten="279,433,68,210" step="2"/><T88/><D104/><U95/><E124/><V92/><F75/><W1/><G1/><T36/><D126/><U27/><E125/><V42/><F7/><W107/><G107/><T91/><D127/><U41/><E71/><V33/><F69/><W120/><G120/><T37/><D98/><U85/><E87/><V78/><F97/><W119/><G119/><T106/><D106/><U29/><E64/><V77/><F66/><W130/><G130/><T2/><D2/><U24/><E85/><V22/><F33/><W4/><G4/><N who="0" m="3079" /><D91/><U44/><E99/><V53/><F39/><W3/><G3/><T10/><D10/><U134/><E38/><V57/><F57/><W59/><G59/><T114/><D37/><U96/><E96/><V109/><F109/><W61/><G61/><N who="0" m="35975" /><D36/><U50/><E134/><V65/><F65/><W11/><G11/><T110/><D110/><U74/><E74/><V45/><F45/><W54/><G54/><T73/><D114/><U62/><E44/><V34/><F53/><W43/><G43/><T51/><D51/><RYUUKYOKU ba="1,1" sc="279,15,433,-15,68,-15,210,15" hai0="73,76,79,81,82,86,88" hai3="19,20,26,30,35,60,67,68,84,89,93,113,115" /><INIT seed="6,2,1,0,4,89" ten="294,418,53,225" oya="2" hai0="75,60,64,22,2,111,9,47,130,35,5,51,115" hai1="25,34,4,68,18,110,74,116,46,83,79,86,50" hai2="15,63,113,24,126,134,85,119,97,81,7,54,94" hai3="133,36,92,87,66,88,95,30,108,84,98,106,14"/><V12/><F119/><W45/><G108/><T102/><D35/><U100/><E110/><V19/><F113/><W37/><G66/><T32/><D32/><U77/><E116/><V33/><F134/><W8/><G133/><T48/><D111/><U41/><E68/><V67/><F126/><W17/><G84/><T78/><D115/><U55/><E4/><V131/><F131/><W1/><G106/><T29/><D130/><U121/><E121/><V23/><F33/><W76/><G76/><T135/><D135/><U114/><E114/><V62/><F62/><W128/><G128/><T127/><D127/><U72/><E100/><V56/><F67/><W122/><G122/><T71/><D102/><U118/><E118/><V44/><F44/><W112/><G30/><T103/><D103/><U38/><E77/><N who="2" m="46255" /><F7/><W28/><G28/><T27/><D47/><U69/><E69/><V26/><F24/><W117/><G117/><T10/><D10/><U0/><E0/><V13/><F15/><W120/><G120/><T123/><D123/><U80/><E80/><V101/><AGARI ba="2,1" hai="12,13,19,23,26,54,56,63,94,97,101" m="46255" machi="101" ten="30,3000,0" yaku="8,1,52,1" doraHai="89" who="2" fromWho="2" sc="294,-12,418,-12,53,46,225,-12" /><INIT seed="6,3,0,3,0,31" ten="282,406,99,213" oya="2" hai0="105,69,64,118,42,24,135,134,74,110,126,67,131" hai1="96,1,15,23,111,133,5,28,123,37,59,51,103" hai2="77,76,4,54,41,114,62,109,94,63,113,95,3" hai3="87,66,75,40,71,80,132,112,84,99,50,97,52"/><V130/><F130/><W100/><G132/><T27/><D110/><U86/><E111/><V45/><F109/><W2/><G2/><T8/><D131/><U55/><E133/><V127/><F3/><W49/><G71/><T6/><D42/><U125/><E37/><V18/><F4/><W7/><G66/><T38/><D38/><U73/><E73/><V13/><F127/><W128/><G128/><T10/><D6/><U117/><E117/><V129/><F129/><W65/><G65/><T72/><D105/><U61/><E123/><V102/><F76/><W88/><G7/><T120/><D126/><U39/><E39/><V32/><F32/><W121/><G100/><T104/><D104/><U116/><E116/><V34/><F34/><W30/><G30/><T21/><D21/><U85/><E125/><V12/><F77/><N who="3" m="46095" /><G75/><T43/><D118/><U44/><E1/><V29/><F29/><W68/><G68/><T19/><D69/><U82/><E82/><V0/><F0/><W26/><G26/><T91/><D120/><U78/><E78/><V115/><F102/><W107/><G107/><T58/><D134/><U36/><E36/><N who="2" m="21671" /><F12/><W90/><G90/><T20/><D135/><U83/><E83/><V17/><F17/><W101/><G101/><T57/><D72/><U124/><E124/><V14/><F14/><W53/><G88/><T48/><D91/><U79/><E79/><V60/><F54/><W11/><G53/><T35/><D74/><U92/><E28/><V70/><F70/><W56/><G121/><T98/><D35/><U122/><E122/><RYUUKYOKU ba="3,0" sc="282,-10,406,-10,99,30,213,-10" hai2="13,18,60,62,63,94,95,113,114,115" /><INIT seed="6,4,0,2,2,54" ten="272,396,129,203" oya="2" hai0="107,35,106,119,57,12,67,26,95,79,135,45,8" hai1="20,85,24,97,41,1,11,63,43,15,98,3,129" hai2="36,131,91,99,29,23,51,73,100,22,74,47,102" hai3="134,55,87,30,93,127,82,50,37,62,32,109,115"/><V33/><F36/><W65/><G109/><T19/><D79/><U71/><E129/><V31/><F131/><W49/><G134/><T103/><D135/><U25/><E71/><V130/><F130/><W61/><G37/><T5/><D119/><U38/><E38/><V59/><F33/><W53/><G127/><T94/><D45/><U118/><E118/><V83/><F73/><W133/><G115/><T2/><D106/><U18/><E1/><V7/><F7/><W113/><G113/><T64/><D107/><U86/><E3/><V96/><F74/><W84/><G30/><N who="2" m="11273" /><F47/><W28/><G28/><N who="0" m="19863" /><D103/><N who="2" m="39466" /><F83/><W88/><G65/><N who="0" m="25163" /><D57/><U77/><E43/><V34/><F34/><W58/><G32/><T117/><D117/><U69/><E41/><V125/><F125/><W89/><REACH who="3" step="1"/><G133/><REACH who="3" ten="272,396,129,193" step="2"/><T39/><D39/><U27/><E69/><V46/><F46/><AGARI ba="4,1" hai="46,49,50,53,55,58,61,62,82,84,87,88,89,93" machi="46" ten="30,12000,2" yaku="1,1,2,1,7,1,8,1,52,1,54,1,53,0" doraHai="54" doraHaiUra="128" who="3" fromWho="2" sc="272,0,396,0,129,-132,193,142" owari="272,-13.0,396,49.0,-3,-50.0,335,14.0" /></mjloggm>