<mjloggm ver="2.3"><GO type="169" lobby="0"/><UN n0="%E9%9B%AA%E6%9C%88%E9%A2%A8%E8%8A%B1" n1="%E5%82%8D%E8%8B%A5%E7%84%A1%E4%BA%BA%35%31" n2="%E3%82%82%E3%81%BF%E3%81%95%E3%81%92" n3="%61%70%70%6C%61%75%73%65" dan="16,16,16,16" rate="2225.64,2166.02,2109.25,2119.47" sx="F,M,M,F"/><TAIKYOKU oya="0"/><INIT seed="0,0,0,5,4,24" ten="250,250,250,250" oya="0" hai0="31,9,53,0,93,6,46,16,20,131,74,66,121" hai1="47,119,111,21,80,133,64,73,125,48,25,49,115" hai2="90,1,13,91,54,122,58,112,106,110,67,88,22" hai3="70,94,39,100,4,117,5,127,63,68,97,40,124"/><T114/><D121/><U42/><E119/><V69/><F112/><W19/><G117/><T120/><D120/><U56/><E115/><V135/><F110/><W109/><G109/><T7/><D114/><U71/><E133/><V41/><F135/><W126/><G39/><T44/><D74/><U45/><E125/><V33/><F1/><W11/><G40/><T2/><D66/><U101/><E101/><V81/><F41/><W65/><G68/><T28/><D93/><U55/><E111/><V130/><F106/><W104/><G94/><T113/><D113/><U87/><E71/><V134/><F134/><W95/><G95/><T107/><D131/><U128/><E73/><V38/><F38/><W18/><REACH who="3" step="1"/><G4/><REACH who="3" ten="250,250,250,240" step="2"/><T59/><D107/><U103/><E128/><V60/><F130/><W132/><G132/><T105/><D105/><U35/><E103/><V96/><F69/><W98/><G98/><T29/><D6/><U51/><E35/><V36/><F96/><W92/><G92/><T75/><D2/><AGARI ba="0,1" hai="2,5,11,18,19,63,65,70,97,100,104,124,126,127" machi="2" ten="40,5200,0" yaku="1,1,18,1,53,1" doraHai="24" doraHaiUra="32" who="3" fromWho="0" sc="250,-52,250,0,250,0,240,62" /><INIT seed="1,0,0,1,5,42" ten="198,250,250,302" oya="1" hai0="124,44,24,39,35,95,104,85,15,63,27,43,20" hai1="32,130,122,119,62,101,92,36,126,49,125,84,77" hai2="83,89,94,109,28,111,2,11,5,71,18,79,123" hai3="81,106,41,129,117,45,50,25,61,54,52,112,57"/><U75/><E36/><V113/><F123/><W51/><G106/><T13/><D104/><U65/><E32/><V98/><F113/><W38/><G81/><T46/><D124/><N who="1" m="47723" /><E119/><V127/><F71/><W29/><G112/><T23/><D35/><U78/><E122/><V110/><F127/><W97/><G97/><T102/><D63/><U72/><E49/><V53/><F28/><W103/><G103/><T132/><D132/><U8/><E8/><V135/><F135/><W30/><G30/><T82/><D39/><U131/><E65/><V22/><F53/><W88/><G117/><T7/><D43/><U64/><E64/><V59/><F59/><W100/><G100/><T37/><D37/><U74/><E62/><V26/><F83/><W134/><G134/><T80/><D102/><U48/><E48/><V66/><F79/><N who="1" m="30217" /><E101/><V105/><F66/><W9/><G9/><T99/><D7/><U1/><E1/><V108/><N who="2" m="27648" /><DORA hai="73" /><V118/><F118/><W116/><G116/><T91/><D20/><U21/><E21/><V55/><F55/><W68/><G54/><T56/><D23/><U67/><E67/><V87/><F105/><W107/><G107/><T33/><D33/><U120/><E120/><V93/><F11/><W69/><G38/><T3/><D3/><U14/><E14/><V58/><F2/><W60/><G68/><T0/><D0/><U114/><E114/><V16/><F22/><N who="3" m="15543" /><G69/><T12/><D12/><U121/><E121/><V31/><F31/><W6/><G61/><T19/><D13/><U47/><E47/><V4/><F26/><RYUUKYOKU ba="0,0" sc="198,-10,250,30,250,-10,302,-10" hai1="72,74,75,84,92,130,131" /><INIT seed="1,1,0,3,5,5" ten="188,280,240,292" oya="1" hai0="114,42,10,31,74,21,6,43,127,45,109,103,28" hai1="110,118,40,46,33,117,35,99,119,2,41,47,134" hai2="11,54,55,91,105,89,72,59,133,76,123,26,16" hai3="121,104,39,107,63,49,129,111,25,15,79,128,86"/><U4/><E134/><V68/><F123/><W115/><G115/><T78/><D109/><U22/><E110/><V67/><F105/><W124/><G111/><T85/><D114/><U120/><E120/><V48/><F133/><W90/><G39/><T132/><D74/><U27/><E99/><V51/><F68/><W87/><G121/><T66/><D132/><U19/><E41/><V106/><F67/><W44/><G63/><T14/><D103/><U122/><E122/><V30/><F106/><W95/><G124/><T80/><D42/><U112/><E112/><V69/><F69/><W116/><G116/><T20/><D66/><U135/><E135/><V0/><F76/><W71/><G71/><T23/><REACH who="0" step="1"/><D127/><REACH who="0" ten="178,280,240,292" step="2"/><U13/><E40/><V60/><F54/><W108/><G108/><T52/><D52/><U37/><E37/><AGARI ba="1,1" hai="6,10,14,20,21,23,28,31,37,43,45,78,80,85" machi="37" ten="40,5200,0" yaku="1,1,52,1,53,1" doraHai="5" doraHaiUra="36" who="0" fromWho="1" sc="178,65,280,-55,240,0,292,0" /><INIT seed="2,0,0,4,0,55" ten="243,225,240,292" oya="2" hai0="3,127,16,39,68,95,126,27,111,117,9,46,108" hai1="131,24,84,129,75,60,91,30,123,61,121,57,90" hai2="19,37,4,132,64,70,2,79,42,26,80,38,17" hai3="14,0,97,122,66,92,63,13,35,133,58,128,93"/><V99/><F132/><W110/><G122/><N who="1" m="46602" /><E75/><V134/><F134/><W41/><G35/><T74/><D117/><U44/><E44/><V29/><F99/><W34/><G34/><T7/><D74/><U6/><E6/><V76/><F76/><W83/><G110/><N who="0" m="42027" /><D68/><U82/><E91/><V65/><F70/><W88/><G0/><T22/><D95/><U33/><E61/><V81/><F81/><W103/><G128/><T77/><D77/><U45/><E45/><N who="2" m="23759" /><F38/><W15/><G133/><T114/><D114/><U120/><N who="1" m="46610" /><U18/><DORA hai="1" /><E18/><N who="2" m="6667" /><F26/><W10/><G83/><T28/><D28/><U87/><E84/><V106/><F106/><W52/><G41/><AGARI ba="0,0" hai="3,7,9,16,22,27,39,41,46,126,127" m="42027" machi="41" ten="30,3900,0" yaku="14,1,52,1,54,1" doraHai="55,1" who="0" fromWho="3" sc="243,39,225,0,240,0,292,-39" /><INIT seed="3,0,0,0,0,31" ten="282,225,240,253" oya="3" hai0="88,35,39,10,33,47,14,53,58,112,74,29,82" hai1="62,50,117,78,13,42,116,118,128,122,41,5,66" hai2="65,18,23,46,21,71,109,43,93,90,106,54,81" hai3="96,28,84,77,51,89,86,104,69,103,79,57,120"/><W95/><G69/><T110/><D110/><U83/><E122/><V16/><F106/><W24/><G120/><T0/><D0/><U20/><E128/><V134/><F134/><W6/><G6/><T133/><D29/><U15/><E50/><V32/><F109/><W9/><G9/><T115/><D133/><U61/><E5/><V126/><F126/><W38/><G38/><T135/><D135/><U108/><E108/><V92/><F65/><W64/><G84/><N who="0" m="50199" /><D39/><U114/><E114/><N who="0" m="43561" /><D47/><U124/><E124/><V3/><F3/><W127/><G127/><T94/><D94/><U130/><E130/><V26/><F71/><W27/><G27/><T113/><D74/><U132/><E132/><V63/><F92/><W129/><G129/><T40/><D40/><N who="1" m="15467" /><E20/><V76/><F23/><W67/><G67/><T44/><D44/><U107/><E107/><V52/><F21/><W105/><G105/><T97/><D97/><U19/><E19/><V22/><F22/><N who="3" m="15383" /><G104/><T4/><D113/><U123/><E123/><V36/><F43/><W56/><G56/><T55/><D55/><U80/><E66/><V111/><F52/><N who="3" m="31903" /><G64/><T2/><D2/><U30/><E118/><V87/><F36/><W11/><G11/><T73/><D73/><U85/><E117/><V1/><F1/><W72/><G72/><T119/><D119/><U101/><E116/><V98/><F111/><W49/><G49/><AGARI ba="0,0" hai="4,10,14,33,35,49,53,58" m="43561,50199" machi="49" ten="30,7700,0" yaku="11,1,52,2,54,1" doraHai="31" who="0" fromWho="3" sc="282,77,225,0,240,0,253,-77" /><INIT seed="4,0,0,4,0,91" ten="359,225,240,176" oya="0" hai0="71,52,56,79,45,6,43,124,102,61,48,57,8" hai1="7,103,97,94,89,116,110,75,37,16,135,10,69" hai2="11,121,55,77,21,114,26,54,38,76,13,92,2" hai3="128,39,20,111,81,9,130,27,22,34,83,23,0"/><T109/><D109/><U1/><E69/><V65/><F121/><W58/><G39/><T99/><D124/><U59/><E37/><V101/><F38/><W119/><G58/><T14/><D71/><U40/><E116/><V98/><F2/><W80/><G119/><T85/><D56/><U4/><E40/><V120/><F65/><W90/><G111/><T18/><D18/><U72/><E7/><N who="2" m="3327" /><F114/><W66/><G66/><T106/><D106/><U74/><E135/><V41/><F41/><W84/><G9/><T44/><D44/><U122/><E122/><V63/><F120/><W17/><G0/><T64/><D64/><U51/><E110/><V15/><F15/><W117/><G117/><T87/><D79/><N who="2" m="30282" /><F63/><W86/><G34/><T96/><D96/><U112/><E112/><V35/><F35/><W42/><G42/><T115/><D115/><U133/><E133/><V129/><F129/><W125/><G125/><T131/><D131/><U113/><E113/><V118/><F118/><W60/><G60/><T104/><AGARI ba="0,0" hai="6,8,14,43,45,48,52,57,61,85,87,99,102,104" machi="104" ten="20,3900,0" yaku="0,1,7,1,54,1" doraHai="91" who="0" fromWho="0" sc="359,39,225,-13,240,-13,176,-13" /><INIT seed="4,1,0,2,2,113" ten="398,212,227,163" oya="0" hai0="47,30,5,117,4,87,59,36,50,6,70,62,49" hai1="37,38,74,51,93,71,15,60,116,118,24,135,94" hai2="1,3,89,44,107,9,128,11,108,40,66,7,55" hai3="18,88,121,99,75,79,25,68,126,104,52,101,134"/><T16/><D117/><U0/><E0/><V92/><F107/><W114/><G68/><T82/><D70/><U42/><E74/><V133/><F108/><W125/><G114/><T41/><D30/><U96/><E135/><V29/><F133/><W106/><G134/><T27/><D36/><U20/><E15/><V34/><F66/><W132/><G132/><T84/><D49/><U33/><E33/><V103/><F103/><W12/><G25/><T39/><D39/><U22/><E51/><V124/><F128/><W31/><G31/><T131/><D131/><U122/><E122/><V10/><F124/><W48/><G104/><T61/><D82/><U78/><E78/><V35/><F55/><W129/><G129/><T67/><D62/><U76/><E76/><V97/><F29/><W83/><G121/><T102/><D102/><U13/><E60/><V98/><F98/><W90/><G125/><T23/><AGARI ba="1,0" hai="4,5,6,16,23,27,41,47,50,59,61,67,84,87" machi="23" ten="30,6000,0" yaku="0,1,8,1,54,1" doraHai="113" who="0" fromWho="0" sc="398,63,212,-21,227,-21,163,-21" /><INIT seed="4,2,0,0,3,68" ten="461,191,206,142" oya="0" hai0="11,5,40,30,98,42,39,85,123,52,32,47,14" hai1="62,51,16,20,2,111,63,69,35,48,87,19,45" hai2="53,121,74,99,134,117,101,127,54,24,50,129,41" hai3="116,13,58,124,70,23,38,26,107,64,82,15,78"/><T6/><D123/><U36/><E35/><V4/><F74/><W34/><G116/><T59/><D98/><U76/><E2/><V79/><F79/><W106/><G70/><T88/><D40/><U60/><E69/><V95/><F129/><W90/><G90/><T126/><D126/><U25/><E111/><V75/><F75/><W27/><G124/><T81/><D30/><N who="1" m="17703" /><E36/><V103/><F134/><W104/><G34/><T115/><D115/><U29/><E29/><V112/><F112/><W113/><G113/><T128/><D32/><U72/><E72/><V73/><F73/><W28/><G38/><T18/><D128/><U135/><E135/><V118/><F4/><W56/><G27/><T43/><D43/><N who="1" m="24639" /><E51/><AGARI ba="2,0" hai="5,6,11,14,18,39,42,47,51,52,59,81,85,88" machi="51" ten="30,11600,0" yaku="7,1,52,1,54,2" doraHai="68" who="0" fromWho="1" sc="461,122,191,-122,206,0,142,0" /><INIT seed="4,3,0,3,3,100" ten="583,69,206,142" oya="0" hai0="21,22,56,71,8,97,7,45,113,132,65,49,118" hai1="35,120,12,67,91,102,52,39,26,95,123,78,85" hai2="50,127,0,72,76,31,98,115,13,41,6,51,44" hai3="122,121,117,126,70,80,79,90,62,125,124,107,34"/><T75/><D118/><U30/><E39/><V11/><F115/><W18/><G34/><T14/><D113/><U104/><E67/><V27/><F127/><W101/><G18/><T77/><D71/><U99/><E12/><V134/><F134/><W59/><G70/><T86/><D132/><U135/><E135/><V53/><F98/><N who="3" m="61879" /><G90/><T84/><D56/><U112/><E112/><V64/><F64/><W73/><G59/><T58/><D97/><U2/><E2/><V5/><F5/><W47/><G47/><T54/><D75/><U92/><E92/><V9/><F9/><W129/><G62/><N who="0" m="38103" /><D77/><U20/><E35/><V66/><F66/><W105/><G129/><T32/><D32/><U82/><REACH who="1" step="1"/><E52/><REACH who="1" ten="583,59,206,142" step="2"/><V87/><F53/><W96/><G117/><T83/><D83/><U68/><E68/><V15/><F0/><W93/><G105/><T114/><D114/><U109/><E109/><V19/><F15/><W116/><G116/><T111/><D111/><U89/><E89/><V33/><F13/><W38/><G38/><T110/><D110/><U37/><E37/><V48/><F33/><W43/><G43/><T4/><D7/><U57/><E57/><V10/><F41/><W25/><G25/><T3/><D3/><U106/><E106/><V133/><F27/><W88/><AGARI ba="3,1" hai="73,79,80,88,93,96,121,122,124,125,126" m="61879" machi="88" ten="40,8000,1" yaku="18,1,34,2,52,1,54,1" doraHai="100" who="3" fromWho="3" sc="583,-43,59,-23,206,-23,142,99" /><INIT seed="5,0,0,5,2,72" ten="540,36,183,241" oya="1" hai0="75,6,23,88,18,124,80,44,20,40,15,81,57" hai1="74,104,60,52,26,111,5,96,59,25,47,123,32" hai2="1,10,43,83,61,69,82,53,35,115,29,129,0" hai3="121,8,28,12,65,133,50,49,132,58,77,118,19"/><U68/><E123/><V95/><F129/><W33/><G118/><T99/><D124/><U24/><E74/><V117/><F117/><W113/><G121/><T66/><D6/><U114/><E111/><V76/><F43/><W130/><G113/><T67/><D23/><U103/><E114/><V87/><F115/><W41/><G130/><T85/><D57/><U108/><E108/><V93/><F29/><W31/><G77/><T63/><D63/><U125/><E125/><V127/><F35/><W122/><G122/><T34/><D34/><U128/><E128/><V94/><F127/><W107/><G107/><T110/><D110/><U64/><E47/><V92/><N who="2" m="23552" /><DORA hai="27" /><V97/><F97/><W11/><G41/><T51/><D99/><U45/><E45/><V102/><F102/><W22/><G33/><T54/><D40/><U79/><E79/><V119/><F119/><W135/><G65/><N who="0" m="24587" /><D75/><U14/><E14/><V84/><F69/><W71/><G71/><T46/><D46/><U17/><E17/><V78/><F10/><N who="3" m="3627" /><G58/><AGARI ba="0,0" hai="0,1,53,58,61,76,78,82,83,84,87" m="23552" machi="58" ten="50,6400,0" yaku="9,1,52,2" doraHai="72,27" who="2" fromWho="3" sc="540,0,36,0,183,64,241,-64" /><INIT seed="6,0,0,2,1,90" ten="540,36,247,177" oya="2" hai0="123,105,40,58,35,80,49,17,29,24,21,54,5" hai1="75,34,122,68,85,76,43,59,100,135,50,62,96" hai2="19,120,129,48,69,82,92,26,36,11,53,57,78" hai3="127,131,60,42,9,44,13,117,33,124,89,81,72"/><V65/><F120/><W132/><G117/><T28/><D123/><U70/><E122/><V20/><F129/><W73/><G33/><T115/><D105/><U18/><E135/><V16/><F36/><W79/><G131/><T114/><D5/><U112/><E75/><V102/><F69/><W130/><G130/><T110/><D110/><U113/><E34/><V37/><F65/><W77/><G60/><T27/><D40/><U25/><E85/><N who="2" m="48343" /><F37/><W106/><G106/><T74/><D17/><U1/><E76/><V121/><F121/><W125/><G132/><T12/><D12/><U55/><E1/><V108/><F108/><W67/><G67/><T91/><D74/><U133/><E133/><V119/><F119/><W126/><G126/><T47/><D58/><U134/><E134/><V61/><F48/><N who="3" m="26647" /><G79/><T7/><D7/><U64/><E68/><V111/><F111/><W107/><G107/><T32/><D21/><U2/><E2/><V51/><F51/><W6/><G77/><T23/><D23/><U15/><E43/><V39/><F39/><W14/><G14/><T86/><AGARI ba="0,0" hai="24,27,28,29,32,35,47,49,54,80,86,91,114,115" machi="86" ten="30,2000,0" yaku="0,1,9,1" doraHai="90" who="0" fromWho="0" sc="540,20,36,-5,247,-10,177,-5" /><INIT seed="7,0,0,3,1,89" ten="560,31,237,172" oya="3" hai0="132,14,5,135,127,123,122,61,54,95,43,3,82" hai1="107,7,42,37,80,25,67,131,23,47,2,118,64" hai2="73,79,87,21,125,71,53,62,88,34,50,105,113" hai3="59,117,101,133,32,108,106,78,66,56,45,130,84"/><W15/><G117/><T102/><D43/><U93/><E131/><V110/><F110/><W92/><G32/><T81/><D14/><U24/><E107/><V85/><F34/><W72/><G130/><T116/><D61/><U20/><E118/><V51/><F113/><W124/><G124/><T63/><D63/><U69/><E69/><V98/><F125/><W57/><G133/><T13/><D13/><U22/><E80/><V104/><F73/><W33/><G33/><T91/><D91/><U6/><E2/><V4/><F4/><W70/><G45/><T29/><D54/><U19/><E37/><V0/><F0/><W114/><G114/><T99/><D99/><U16/><E42/><V41/><F41/><W49/><G15/><T18/><D3/><U134/><E134/><V77/><F62/><W97/><G108/><T126/><D18/><U65/><E47/><V46/><F46/><W112/><G112/><T129/><D129/><U68/><E68/><V17/><F71/><W12/><G70/><T94/><D102/><U28/><E28/><V75/><F17/><N who="1" m="6729" /><E93/><V111/><F111/><W128/><G128/><T44/><D44/><U1/><E1/><V60/><F105/><W83/><G12/><T76/><D116/><U120/><E120/><V36/><F104/><W39/><G39/><T100/><D29/><U10/><E10/><V26/><F36/><W115/><G115/><T27/><D123/><U103/><E103/><V30/><F30/><W90/><G66/><T31/><D126/><U109/><E109/><V52/><F60/><W9/><G9/><RYUUKYOKU ba="0,0" sc="560,-15,31,15,237,-15,172,15" hai1="6,7,20,22,23,24,25,64,65,67" hai3="49,56,57,59,72,78,83,84,90,92,97,101,106" /><INIT seed="7,1,0,4,1,92" ten="545,46,222,187" oya="3" hai0="20,43,0,65,28,6,49,51,8,110,124,17,94" hai1="14,85,117,89,128,116,76,132,50,29,44,82,123" hai2="25,67,130,101,91,16,46,74,77,4,87,98,10" hai3="58,104,78,64,109,57,100,111,39,73,7,95,3"/><W99/><G39/><T9/><D110/><N who="3" m="41993" /><G64/><T88/><D124/><U11/><E123/><V33/><F130/><W84/><G7/><T37/><D65/><U47/><E128/><V35/><F67/><W21/><G21/><T62/><D62/><U134/><E29/><V34/><F77/><W23/><G23/><T15/><D28/><U24/><E24/><V19/><F74/><W56/><G3/><T135/><D135/><U107/><E107/><V119/><F46/><W1/><G1/><T40/><D8/><U121/><E121/><V125/><F125/><W97/><G84/><T69/><D69/><U53/><E47/><V129/><F129/><W131/><G131/><T113/><D37/><U133/><REACH who="1" step="1"/><E76/><REACH who="1" ten="545,36,222,187" step="2"/><V13/><F25/><W72/><G78/><T122/><D122/><U115/><E115/><V32/><F32/><W81/><G81/><T42/><REACH who="0" step="1"/><D113/><REACH who="0" ten="535,36,222,187" step="2"/><U80/><E80/><V5/><F33/><W18/><G18/><AGARI ba="1,2" hai="11,14,18,44,50,53,82,85,89,116,117,132,133,134" machi="18" ten="40,8000,1" yaku="1,1,25,2,20,1,53,1" doraHai="92" doraHaiUra="83" who="1" fromWho="3" sc="535,0,36,103,222,0,187,-83" owari="535,64.0,139,-26.0,222,2.0,104,-40.0" /></mjloggm>