<mjloggm ver="2.3"><GO type="185" lobby="0"/><UN n0="%E3%81%BF%E3%83%BC%E3%82%8F" n1="%E9%B4%A8%E6%90%8D" n2="%E7%B6%BE%E7%80%AC%E7%A9%82%E4%B9%83%E9%A6%99" n3="" dan="17,16,17,0" rate="2267.28,2125.33,2302.34,1500.00" sx="M,M,F,C"/><TAIKYOKU oya="0"/><INIT seed="0,0,0,1,1,66" ten="350,350,350,0" oya="0" hai0="1,127,105,2,32,129,40,37,77,102,124,86,59" hai1="116,72,61,80,68,0,46,82,76,106,93,123,58" hai2="71,75,83,34,89,113,3,85,64,131,115,36,52" hai3=""/><T94/><D94/><U108/><BYE who="0" /><N who="1" m="31520" /><U54/><E116/><UN n0="%E3%81%BF%E3%83%BC%E3%82%8F" /><V134/><F34/><T51/><D32/><U41/><E0/><V97/><F3/><T33/><D33/><U96/><E106/><V45/><F131/><T126/><D126/><U35/><BYE who="0" /><E35/><V95/><F134/><T79/><D79/><U114/><E114/><UN n0="%E3%81%BF%E3%83%BC%E3%82%8F" /><V121/><N who="2" m="31008" /><V91/><F75/><T49/><D129/><U39/><E82/><V57/><F45/><T111/><D86/><U67/><E108/><V133/><F36/><T63/><D77/><U44/><E44/><V104/><F133/><T120/><N who="0" m="30752" /><T98/><D111/><U117/><E117/><V42/><F42/><T43/><D43/><U55/><REACH who="1" step="1"/><E58/><REACH who="1" ten="350,340,350,0" step="2"/><V62/><REACH who="2" step="1"/><F104/><REACH who="2" ten="350,340,340,0" step="2"/><T128/><D105/><U84/><E84/><V81/><F81/><T60/><D1/><U100/><AGARI ba="0,2" hai="39,41,46,54,55,61,67,68,72,76,80,93,96,100" m="31520" machi="100" ten="20,9000,2" yaku="1,1,0,1,7,1,52,2,53,1" doraHai="66" doraHaiUra="92" who="1" fromWho="1" sc="350,-60,340,110,340,-30,0,0" /><INIT seed="1,0,0,0,4,122" ten="290,450,310,0" oya="1" hai0="113,70,65,33,1,110,103,75,41,58,118,104,81" hai1="101,112,42,56,86,109,45,117,106,116,32,125,95" hai2="129,91,130,93,121,96,46,71,50,44,59,89,85" hai3=""/><U76/><E112/><V120/><N who="2" m="30752" /><V126/><N who="2" m="31008" /><V35/><F35/><T37/><D58/><U52/><E32/><V124/><F71/><T36/><D65/><U53/><E125/><N who="2" m="48235" /><F59/><T133/><D41/><U62/><E106/><V73/><F73/><T51/><D51/><U83/><E53/><V105/><F105/><T63/><D63/><U119/><E95/><V127/><N who="2" m="48243" /><V74/><DORA hai="92" /><F74/><T128/><D103/><U87/><E101/><V64/><F64/><T114/><D70/><U57/><E57/><V84/><F84/><T72/><D75/><U98/><E98/><V115/><F115/><T107/><D72/><U48/><REACH who="1" step="1"/><E87/><REACH who="1" ten="290,440,310,0" step="2"/><V80/><F44/><T79/><D114/><U40/><E40/><AGARI ba="0,1" hai="40,46,50,80,85,89,91,93,96,129,130" m="48243,31008,30752" machi="40" ten="40,8000,1" yaku="18,1,52,3" doraHai="122,92" who="2" fromWho="1" sc="290,0,440,-80,310,90,0,0" /><INIT seed="2,0,0,2,0,79" ten="290,360,400,0" oya="2" hai0="120,105,118,113,41,95,127,46,39,59,90,99,52" hai1="108,114,63,124,40,50,102,42,82,96,106,64,88" hai2="38,37,86,98,43,55,72,101,45,89,83,36,74" hai3=""/><V81/><F55/><T111/><N who="0" m="30752" /><T107/><D113/><U85/><E114/><V93/><REACH who="2" step="1"/><F83/><REACH who="2" ten="290,360,390,0" step="2"/><T80/><D118/><U68/><E124/><V70/><F70/><T32/><D127/><U35/><E35/><V33/><F33/><T47/><D32/><U76/><E108/><V97/><F97/><T119/><D111/><U51/><REACH who="1" step="1"/><E76/><REACH who="1" ten="290,350,390,0" step="2"/><V54/><F54/><T44/><D52/><U73/><E73/><AGARI ba="0,2" hai="36,37,38,43,45,72,73,74,81,86,89,93,98,101" machi="73" ten="40,3900,0" yaku="1,1,52,1,53,0" doraHai="79" doraHaiUra="2" who="2" fromWho="1" sc="290,0,350,-39,390,59,0,0" /><INIT seed="2,1,0,3,5,0" ten="290,311,449,0" oya="2" hai0="58,74,67,77,110,113,104,43,97,68,119,86,94" hai1="55,45,111,34,64,135,71,38,63,54,66,114,51" hai2="1,82,85,98,57,121,88,123,70,83,60,120,132" hai3=""/><V59/><N who="2" m="30752" /><V36/><N who="2" m="31008" /><V78/><N who="2" m="31520" /><V109/><F1/><T96/><D119/><U90/><E34/><V65/><F132/><T48/><D68/><U84/><E135/><V80/><F109/><T73/><D110/><U116/><E111/><V112/><F112/><T81/><D113/><U49/><E114/><V124/><F124/><T46/><D104/><U95/><E116/><V115/><F115/><T69/><D69/><U3/><E3/><V126/><F126/><T134/><D134/><U44/><E66/><V129/><F129/><T41/><D41/><U91/><E91/><V50/><F36/><AGARI ba="1,0" hai="36,38,44,45,49,51,54,55,63,64,71,84,90,95" machi="36" ten="40,1300,0" yaku="9,1" doraHai="0" who="1" fromWho="2" sc="290,0,311,15,449,-15,0,0" /><INIT seed="4,0,0,0,0,55" ten="290,326,434,0" oya="0" hai0="108,111,81,125,34,3,115,92,99,39,32,2,102" hai1="53,63,62,106,129,83,80,94,65,46,52,110,87" hai2="118,66,114,89,49,54,51,67,64,134,69,41,107" hai3=""/><T61/><D39/><U79/><E129/><V70/><F107/><T127/><D81/><U103/><E106/><V35/><F35/><N who="0" m="13354" /><D61/><U109/><E46/><V100/><F100/><T57/><D57/><U38/><E38/><V82/><F118/><T123/><N who="0" m="31520" /><T116/><D116/><U132/><E103/><V42/><F114/><T74/><D74/><U60/><E65/><V1/><F1/><N who="0" m="10" /><D115/><U48/><E48/><V113/><F113/><T43/><D43/><U133/><E63/><V0/><F0/><T128/><D128/><U97/><E94/><V72/><F49/><T117/><D117/><U124/><E87/><V122/><N who="2" m="31264" /><V85/><F72/><T44/><D44/><U40/><E40/><V98/><F41/><T45/><D45/><U104/><E104/><V112/><F42/><T88/><D102/><U95/><E95/><V76/><F112/><T71/><D71/><U78/><E97/><V121/><N who="2" m="31008" /><V37/><F37/><T135/><D135/><U131/><E131/><V93/><REACH who="2" step="1"/><F134/><REACH who="2" ten="290,326,424,0" step="2"/><T59/><D59/><AGARI ba="0,1" hai="51,54,59,64,66,67,69,70,76,82,85,89,93,98" m="31008,31264" machi="59" ten="40,12000,2" yaku="1,1,2,1,52,3,53,1" doraHai="55" doraHaiUra="47" who="2" fromWho="0" sc="290,-120,326,0,424,130,0,0" /><INIT seed="5,0,0,3,2,119" ten="170,326,554,0" oya="1" hai0="60,106,54,102,68,86,85,64,125,87,47,115,118" hai1="44,84,38,97,109,103,37,40,3,34,66,53,33" hai2="43,42,45,111,113,98,121,36,95,77,93,114,57" hai3=""/><U59/><E3/><V108/><N who="2" m="31008" /><V75/><F43/><T62/><D118/><U94/><E37/><V63/><F77/><T56/><D125/><U78/><E109/><N who="2" m="42059" /><F75/><T35/><D35/><U112/><E66/><V72/><F72/><T32/><D32/><U134/><E134/><V39/><F98/><T126/><D126/><U74/><E74/><V71/><F71/><T89/><D115/><N who="2" m="44042" /><F36/><T133/><D133/><U96/><E112/><V81/><F81/><T70/><D47/><U46/><E46/><V55/><AGARI ba="0,0" hai="39,42,45,55,57,63,93,95" m="44042,42059,31008" machi="55" ten="30,5900,0" yaku="15,1,11,1,52,2" doraHai="119" who="2" fromWho="2" sc="170,-20,326,-39,554,59,0,0" /><INIT seed="6,0,0,5,4,101" ten="150,287,613,0" oya="2" hai0="50,57,92,54,0,2,111,81,131,73,110,35,93" hai1="89,117,121,77,45,52,64,67,127,80,130,70,91" hai2="32,83,38,94,60,97,62,46,74,82,103,3,40" hai3=""/><V56/><F3/><T75/><D57/><U69/><N who="1" m="31008" /><U120/><N who="1" m="30752" /><U88/><E117/><V55/><F32/><T112/><D50/><U41/><E130/><V96/><F74/><T132/><D131/><U36/><E127/><V123/><N who="2" m="31520" /><V87/><F87/><T116/><D54/><U100/><E100/><V85/><F85/><T106/><D116/><U104/><E104/><V105/><F62/><T76/><D35/><U59/><E70/><V44/><F44/><T98/><D132/><U84/><E69/><V66/><F66/><T109/><D112/><U49/><AGARI ba="0,0" hai="36,41,45,49,52,59,64,67,77,80,84,88,89,91" m="30752,31008" machi="49" ten="30,6000,1" yaku="0,1,52,2,54,2" doraHai="101" who="1" fromWho="1" sc="150,-20,287,60,613,-40,0,0" owari="130,-47.0,347,-5.0,573,52.0,0,0.0" /></mjloggm>