<mjloggm ver="2.3"><GO type="225" lobby="0"/><UN n0="%79%6A%69%72%6F" n1="%E8%A3%81%E3%81%8D%E3%81%AE%E9%BE%8D" n2="%E3%82%AD%E3%83%AC%E3%81%9D%E3%81%86" n3="%E5%B7%A5%E8%97%A4%E6%96%B0%E4%B8%80" dan="17,16,16,16" rate="2192.60,2021.86,2071.92,2090.61" sx="M,F,M,M"/><TAIKYOKU oya="0"/><INIT seed="0,0,0,2,0,88" ten="250,250,250,250" oya="0" hai0="121,48,131,78,44,65,21,14,54,35,69,101,12" hai1="57,24,9,123,135,122,91,129,16,41,81,115,128" hai2="15,34,31,53,126,26,55,87,36,73,109,94,3" hai3="7,86,71,66,46,93,27,79,42,104,17,120,23"/><T77/><D121/><U0/><E135/><V100/><F3/><W70/><G120/><T119/><D119/><U125/><E125/><V75/><F126/><W112/><G112/><T98/><D35/><U52/><E41/><V61/><F36/><W63/><G104/><T99/><D131/><N who="1" m="50251" /><E115/><V107/><F109/><W106/><G106/><T50/><D98/><U133/><E133/><V68/><F15/><W110/><G110/><T49/><D69/><U80/><E0/><V89/><F75/><W82/><G7/><T40/><D65/><U76/><E91/><V130/><F73/><W19/><G93/><N who="0" m="58607" /><D50/><N who="1" m="30871" /><E81/><V111/><F111/><W25/><G71/><T1/><D1/><U132/><E132/><V33/><F33/><W5/><G5/><T134/><D134/><U64/><E64/><N who="2" m="40975" /><F130/><W85/><G85/><T113/><D113/><U30/><E30/><V60/><F60/><W90/><G90/><T103/><D103/><U13/><E24/><V39/><F39/><W59/><G70/><T8/><D21/><U18/><E18/><N who="3" m="6666" /><G23/><T58/><D8/><U114/><E114/><V105/><F105/><W97/><G97/><AGARI ba="0,0" hai="26,31,34,53,55,87,89,94,97,100,107" m="40975" machi="97" ten="30,2000,0" yaku="25,1,52,1" doraHai="88" who="2" fromWho="3" sc="250,0,250,0,250,20,250,-20" /><INIT seed="1,0,0,5,0,3" ten="250,250,270,230" oya="1" hai0="72,65,78,64,1,8,38,108,106,76,126,85,71" hai1="11,77,100,9,44,51,120,107,115,96,90,41,68" hai2="127,5,50,97,69,29,66,102,2,26,12,117,114" hai3="17,73,59,34,130,40,113,93,124,52,98,49,61"/><U15/><E120/><V58/><F117/><W112/><G130/><T21/><D106/><U87/><E115/><V81/><F114/><W83/><G124/><T28/><D38/><U14/><E68/><V75/><F127/><W19/><G34/><T123/><D126/><U18/><E77/><V57/><F2/><W24/><G73/><T53/><D72/><U82/><REACH who="1" step="1"/><E15/><REACH who="1" ten="250,240,270,230" step="2"/><V88/><F12/><W42/><G112/><T16/><D78/><U111/><E111/><V70/><F70/><W46/><G113/><T84/><D76/><U131/><E131/><V13/><F69/><W89/><G40/><T125/><D71/><U22/><AGARI ba="0,1" hai="9,11,14,18,22,41,44,51,82,87,90,96,100,107" machi="22" ten="20,7800,0" yaku="1,1,0,1,7,1,53,1" doraHai="3" doraHaiUra="47" who="1" fromWho="1" sc="250,-26,240,88,270,-26,230,-26" /><INIT seed="1,1,0,5,0,102" ten="224,328,244,204" oya="1" hai0="44,65,94,125,79,6,10,112,122,55,9,91,8" hai1="78,42,50,99,116,18,132,104,67,29,24,3,135" hai2="57,133,88,96,56,34,131,107,87,129,21,127,39" hai3="4,58,35,48,82,121,83,25,66,76,77,126,68"/><U80/><E116/><V49/><F34/><W109/><G109/><T120/><D112/><U123/><E123/><N who="0" m="47145" /><D125/><U134/><E3/><V27/><F39/><W26/><G121/><T105/><D79/><U17/><E67/><V23/><F127/><W119/><G126/><T0/><D65/><U115/><E115/><V52/><F57/><W14/><G119/><T46/><D105/><U100/><E50/><V86/><F133/><W70/><G66/><T36/><D55/><U95/><E95/><N who="2" m="54679" /><F87/><W130/><G48/><T37/><D37/><U53/><E53/><V72/><F27/><W28/><G58/><T128/><D128/><N who="2" m="49226" /><F72/><W124/><G124/><T16/><D36/><U71/><E42/><V59/><F59/><W20/><G130/><T97/><D10/><U60/><E60/><V103/><AGARI ba="1,0" hai="21,23,49,52,56,96,103,107" m="49226,54679" machi="103" ten="30,7900,0" yaku="19,1,52,1,54,2" doraHai="102" who="2" fromWho="2" sc="224,-21,328,-40,244,82,204,-21" /><INIT seed="2,0,0,4,0,17" ten="203,288,326,183" oya="2" hai0="48,55,45,30,93,109,86,47,8,122,49,56,33" hai1="65,135,129,32,36,46,112,81,44,25,0,75,87" hai2="90,85,21,105,76,77,7,2,120,124,58,57,92" hai3="98,35,106,99,1,97,38,126,71,9,3,18,11"/><V54/><F120/><W53/><G106/><T31/><D122/><U131/><E112/><V132/><F105/><W78/><G126/><T61/><D109/><U10/><E135/><V121/><F121/><W104/><G104/><T67/><D33/><U43/><E65/><V127/><F132/><W4/><G35/><T60/><D60/><U107/><E107/><V117/><F117/><W89/><G71/><T40/><D8/><U23/><E32/><V133/><F21/><W83/><G38/><T118/><D118/><U82/><E75/><V108/><F108/><W20/><G53/><T28/><D28/><U50/><E10/><N who="2" m="2423" /><F58/><W41/><G41/><T59/><D59/><U74/><E74/><V115/><F115/><W134/><G134/><T62/><D62/><U5/><E5/><V111/><F111/><W51/><G51/><T79/><D79/><U37/><E0/><V14/><F133/><W34/><G34/><T73/><D73/><U114/><E114/><V84/><F77/><W13/><G9/><T110/><D110/><U66/><E66/><V69/><F69/><W94/><REACH who="3" step="1"/><G1/><REACH who="3" ten="203,288,326,173" step="2"/><T29/><D93/><U128/><E37/><V95/><F92/><W103/><G103/><T101/><D101/><U125/><E125/><V39/><F95/><W42/><G42/><T88/><D88/><N who="1" m="51311" /><E36/><V63/><F39/><W64/><G64/><T70/><D70/><U96/><E43/><V6/><F127/><W68/><G68/><T113/><D113/><U72/><E50/><V26/><F124/><W16/><G16/><T22/><D22/><U119/><E119/><RYUUKYOKU ba="0,1" sc="203,15,288,-15,326,-15,173,15" hai0="29,30,31,40,45,47,48,49,55,56,61,67,86" hai3="3,4,11,13,18,20,78,83,89,94,97,98,99" /><INIT seed="3,1,1,4,2,3" ten="218,273,311,188" oya="3" hai0="100,119,6,133,127,72,71,92,34,25,76,0,28" hai1="52,65,46,59,38,19,44,75,30,22,4,47,64" hai2="74,7,132,18,80,111,113,91,124,109,55,108,1" hai3="10,88,90,27,93,118,16,107,57,117,82,101,84"/><W49/><G101/><T126/><D119/><U50/><E75/><V122/><F113/><W11/><G107/><T20/><D71/><U110/><E110/><V114/><F114/><W129/><G129/><T98/><D133/><U123/><E123/><V79/><F132/><W23/><G117/><T61/><D61/><U78/><E78/><V12/><F124/><N who="0" m="47658" /><D20/><U85/><E38/><V33/><F33/><W68/><G68/><T24/><D24/><U121/><E121/><V60/><F91/><W32/><G32/><T116/><D116/><U128/><E128/><V120/><F7/><W87/><REACH who="3" step="1"/><G118/><REACH who="3" ten="218,273,311,178" step="2"/><T56/><D56/><U42/><E59/><N who="2" m="34943" /><F1/><W15/><G15/><T48/><D0/><U67/><E47/><V106/><F106/><W53/><AGARI ba="1,2" hai="10,11,16,23,27,49,53,57,82,84,87,88,90,93" machi="53" ten="30,18000,2" yaku="1,1,0,1,8,1,54,2,53,2" doraHai="3" doraHaiUra="83" who="3" fromWho="3" sc="218,-61,273,-61,311,-61,178,203" owari="157,-34.0,212,-19.0,250,5.0,381,48.0" /></mjloggm>