<mjloggm ver="2.3"><GO type="185" lobby="0"/><UN n0="%E3%81%BE%E3%81%A3%E3%81%97%E3%83%BC" n1="%E3%82%84%E3%81%B7%E3%83%BC" n2="%E4%BC%8F%E5%B1%8B" n3="" dan="17,17,16,0" rate="2258.97,2232.80,2165.80,1500.00" sx="F,M,M,C"/><TAIKYOKU oya="0"/><INIT seed="0,0,0,3,3,114" ten="350,350,350,0" oya="0" hai0="128,93,55,65,104,79,69,64,109,97,82,3,116" hai1="49,134,35,99,84,77,123,92,54,47,74,71,131" hai2="0,87,44,51,33,62,135,115,130,124,61,111,122" hai3=""/><T86/><D3/><U57/><N who="1" m="31520" /><U108/><E35/><V125/><N who="2" m="31264" /><V45/><F0/><T60/><D128/><U119/><E71/><V58/><F33/><T67/><D104/><U106/><E131/><V43/><F115/><T75/><D109/><U68/><E68/><V50/><F87/><T133/><D133/><U52/><E108/><V66/><F130/><T1/><D1/><U83/><E134/><V85/><F85/><T42/><D116/><U113/><E113/><V117/><F111/><T98/><D42/><U72/><E106/><V107/><F107/><T101/><D98/><U126/><E126/><N who="2" m="48747" /><F135/><T88/><REACH who="0" step="1"/><D55/><REACH who="0" ten="340,350,350,0" step="2"/><U70/><E119/><V105/><F105/><T121/><N who="0" m="31008" /><T132/><D132/><U59/><E70/><V94/><F117/><T36/><D36/><U73/><REACH who="1" step="1"/><E54/><REACH who="1" ten="340,340,350,0" step="2"/><V91/><F43/><T112/><D112/><U63/><E63/><V100/><F66/><T46/><D46/><U127/><E127/><V118/><F62/><T95/><AGARI ba="0,2" hai="60,64,65,67,69,75,79,82,86,88,93,95,97,101" m="31008" machi="95" ten="20,8000,1" yaku="1,1,0,1,7,1,52,1,54,1,53,0" doraHai="114" doraHaiUra="40" who="0" fromWho="0" sc="340,100,340,-40,350,-40,0,0" /><INIT seed="0,1,0,3,5,0" ten="440,300,310,0" oya="0" hai0="37,36,72,43,107,58,81,96,124,86,79,133,114" hai1="59,110,66,34,131,103,99,42,51,57,94,70,123" hai2="104,89,119,63,95,132,100,128,87,41,55,90,111" hai3=""/><T105/><D114/><U135/><N who="1" m="31520" /><U120/><N who="1" m="30752" /><U91/><E110/><V117/><F111/><T102/><D133/><U61/><E131/><V54/><F132/><T35/><D35/><U98/><E135/><V130/><F41/><T47/><D124/><U53/><E34/><V121/><N who="2" m="31008" /><V82/><F63/><T50/><D107/><U32/><E32/><V126/><F126/><T122/><N who="0" m="31264" /><T46/><D58/><U68/><REACH who="1" step="1"/><E42/><REACH who="1" ten="440,290,310,0" step="2"/><V127/><F127/><T129/><D129/><N who="2" m="49770" /><F54/><T75/><D37/><U118/><E118/><N who="2" m="45067" /><F55/><AGARI ba="1,1" hai="36,43,46,47,50,55,72,75,79,81,86,96,102,105" m="31264" machi="55" ten="30,2900,0" yaku="7,1,52,1" doraHai="0" who="0" fromWho="2" sc="440,41,290,0,310,-31,0,0" /><INIT seed="0,2,0,4,4,87" ten="481,290,279,0" oya="0" hai0="102,67,0,115,91,112,1,78,85,53,114,127,58" hai1="39,134,89,101,3,42,72,45,96,68,52,93,81" hai2="99,111,95,97,86,105,90,55,84,133,62,100,70" hai3=""/><T77/><D127/><U76/><E3/><V37/><F37/><T46/><D67/><U47/><E134/><V125/><F125/><T118/><D118/><U98/><E68/><V40/><F133/><T75/><D75/><U132/><E132/><V117/><F117/><T69/><D69/><U50/><REACH who="1" step="1"/><E98/><REACH who="1" ten="481,280,279,0" step="2"/><V107/><F70/><T63/><D0/><U126/><E126/><V131/><F131/><T66/><D1/><U36/><E36/><V88/><F40/><T54/><D115/><U92/><E92/><V51/><F62/><T74/><D114/><U122/><N who="1" m="31264" /><U135/><E135/><V41/><F41/><T119/><D119/><U109/><E109/><V59/><F111/><T103/><D112/><U64/><E64/><V57/><F107/><T35/><D66/><U128/><E128/><V94/><F97/><T71/><D71/><U83/><E83/><V113/><REACH who="2" step="1"/><F113/><REACH who="2" ten="481,280,269,0" step="2"/><T124/><D124/><U65/><E65/><V121/><N who="2" m="31008" /><V104/><F104/><T129/><D129/><U48/><E48/><V49/><F49/><T2/><D63/><U116/><E116/><V32/><F32/><T44/><D35/><U56/><E56/><AGARI ba="2,2" hai="51,55,56,57,59,84,86,88,90,94,95,99,100,105" m="31008" machi="56" ten="30,12000,2" yaku="1,1,7,1,9,1,52,3,54,1,53,0" doraHai="87" doraHaiUra="110" who="2" fromWho="1" sc="481,0,280,-124,269,144,0,0" /><INIT seed="1,0,0,2,0,109" ten="481,156,413,0" oya="1" hai0="120,95,98,134,84,133,54,81,62,36,126,110,91" hai1="71,129,118,132,35,56,49,38,130,87,111,102,82" hai2="53,97,117,1,107,121,64,124,67,127,45,86,79" hai3=""/><U94/><E118/><V122/><N who="2" m="31008" /><V101/><N who="2" m="31264" /><V99/><F117/><T85/><N who="0" m="30752" /><T76/><D36/><U65/><E35/><V75/><F1/><T0/><D0/><U2/><E2/><V60/><F75/><T34/><D34/><U106/><E38/><V73/><F73/><T116/><D110/><U105/><E111/><V44/><F97/><T59/><D116/><U131/><E71/><V104/><F67/><T39/><D39/><U112/><E132/><N who="0" m="50793" /><D126/><N who="2" m="48170" /><F107/><T3/><D3/><U70/><E70/><V108/><F108/><T58/><D58/><U52/><E65/><V50/><F45/><T100/><D85/><U74/><E74/><V68/><F86/><T57/><D57/><U42/><E131/><V89/><F79/><AGARI ba="0,0" hai="54,59,62,76,79,81,84,91,95,98,100" m="50793,30752" machi="79" ten="30,2000,0" yaku="20,1,52,1" doraHai="109" who="0" fromWho="2" sc="481,20,156,0,413,-20,0,0" /><INIT seed="2,0,0,4,1,113" ten="501,156,393,0" oya="2" hai0="126,41,86,38,74,59,64,49,68,57,60,55,115" hai1="47,61,36,103,117,132,76,80,122,44,119,66,2" hai2="72,54,88,50,85,53,124,91,110,48,96,33,56" hai3=""/><V78/><F33/><T123/><N who="0" m="31520" /><T127/><D74/><U39/><N who="1" m="31264" /><U90/><E2/><V98/><F124/><N who="0" m="47658" /><D86/><U92/><E103/><V95/><F110/><T120/><N who="0" m="30752" /><T82/><D82/><U3/><E3/><V1/><F1/><T104/><D104/><U43/><E132/><V116/><F116/><N who="1" m="44617" /><E80/><V112/><F112/><T35/><D35/><U42/><E76/><V87/><F72/><T77/><D77/><U97/><E61/><V118/><F78/><T93/><D93/><U69/><E66/><V73/><F118/><T89/><D89/><U79/><E79/><V114/><F73/><T109/><D109/><U75/><E75/><V135/><F135/><T84/><D115/><U108/><E69/><V63/><F114/><T0/><D0/><U52/><E52/><V105/><F105/><T134/><D134/><U81/><E81/><V125/><F125/><T67/><D67/><U65/><E65/><V46/><F63/><T107/><D68/><U37/><E108/><V71/><F71/><T129/><D60/><U121/><N who="1" m="31008" /><U131/><E131/><V62/><F62/><T128/><D129/><U70/><E70/><V58/><F46/><AGARI ba="0,0" hai="36,37,39,42,43,44,46,47,90,92,97" m="31008,44617,31264" machi="46" ten="40,12000,2" yaku="12,1,52,5" doraHai="113" who="1" fromWho="2" sc="501,0,156,120,393,-120,0,0" /><INIT seed="4,0,0,3,4,74" ten="501,276,273,0" oya="0" hai0="86,35,75,84,131,61,64,45,1,100,51,123,65" hai1="52,49,44,47,115,110,88,62,93,129,68,63,50" hai2="79,80,109,124,97,78,117,90,0,39,132,126,60" hai3=""/><T41/><N who="0" m="31520" /><T66/><D1/><U108/><E129/><V113/><F0/><T111/><D35/><U53/><E115/><V135/><F109/><T130/><D75/><U127/><E127/><N who="2" m="48683" /><F39/><T96/><D111/><U103/><E103/><V101/><F60/><T128/><REACH who="0" step="1"/><D61/><REACH who="0" ten="491,276,273,0" step="2"/><U105/><E105/><AGARI ba="0,1" hai="41,45,51,64,65,66,84,86,96,100,105,128,130,131" m="31520" machi="105" ten="50,12000,1" yaku="1,1,2,1,19,1,52,1,53,1" doraHai="74" doraHaiUra="38" who="0" fromWho="1" sc="491,130,276,-120,273,0,0,0" /><INIT seed="4,1,0,0,1,1" ten="621,156,273,0" oya="0" hai0="75,61,130,72,118,33,80,81,68,114,46,125,78" hai1="128,92,57,52,70,97,55,64,111,0,122,108,98" hai2="85,100,109,34,116,38,87,62,53,37,117,47,102" hai3=""/><T79/><D33/><U45/><N who="1" m="31264" /><U73/><E73/><V76/><F109/><T103/><D118/><N who="2" m="45674" /><F76/><T88/><D114/><U94/><E0/><V69/><F34/><T124/><D130/><U86/><E70/><V71/><F62/><T93/><D103/><N who="2" m="39466" /><F53/><T74/><D46/><U56/><E64/><V110/><F110/><T49/><D49/><U32/><E32/><V84/><F47/><T90/><D74/><U43/><E45/><V104/><F104/><T82/><D82/><U107/><E107/><V59/><F59/><T129/><D129/><U113/><E128/><V105/><F105/><T126/><D93/><U44/><E44/><V120/><N who="2" m="30752" /><V41/><F41/><T58/><D68/><AGARI ba="1,0" hai="37,38,68,69,71,84,85,87" m="30752,39466,45674" machi="68" ten="40,8000,1" yaku="28,2,12,1,52,1" doraHai="1" who="2" fromWho="0" sc="621,-82,156,0,273,82,0,0" /><INIT seed="5,0,0,4,2,104" ten="539,156,355,0" oya="1" hai0="83,102,35,34,0,98,129,79,2,62,127,42,115" hai1="49,55,52,84,58,40,96,113,112,105,93,44,47" hai2="74,59,46,80,66,71,121,60,95,90,116,3,82" hai3=""/><U132/><E105/><V65/><N who="2" m="31008" /><V123/><N who="2" m="31520" /><V89/><F3/><T128/><D42/><U87/><E132/><V109/><F109/><T78/><D62/><U36/><E112/><V126/><F116/><T114/><D127/><U107/><E107/><V85/><F126/><T48/><D48/><U72/><E72/><V63/><F46/><T122/><N who="0" m="31264" /><T67/><D67/><U76/><E76/><V101/><F101/><T103/><D98/><U39/><E113/><V43/><F43/><T131/><D131/><U37/><E37/><V88/><F74/><T130/><D130/><U134/><E134/><V69/><F59/><T38/><D83/><AGARI ba="0,0" hai="60,63,65,66,69,71,80,82,83,85,88,89,90,95" m="31520,31008" machi="83" ten="40,8000,1" yaku="9,1,52,2,54,1" doraHai="104" who="2" fromWho="0" sc="539,-80,156,0,355,80,0,0" /><INIT seed="6,0,0,2,1,65" ten="459,156,435,0" oya="2" hai0="74,104,36,134,89,116,92,33,63,78,95,127,80" hai1="132,79,37,57,120,50,64,94,52,2,130,76,100" hai2="106,102,71,96,118,51,72,60,99,43,56,66,61" hai3=""/><V110/><F118/><T58/><D33/><U85/><N who="1" m="30752" /><U107/><E85/><V108/><F72/><T54/><D116/><U62/><E94/><V131/><F131/><T59/><D36/><U83/><E100/><V38/><F38/><T45/><D104/><U128/><E83/><V105/><F96/><T77/><D134/><U129/><E79/><V35/><F35/><T55/><D127/><U69/><E76/><N who="0" m="29289" /><D45/><U39/><E107/><V103/><F43/><T109/><D109/><N who="2" m="42090" /><F51/><T114/><D114/><U112/><E2/><V123/><N who="2" m="31520" /><V113/><F113/><T125/><D125/><U97/><E97/><V47/><F47/><T53/><D74/><U34/><E34/><V111/><N who="2" m="42098" /><V88/><DORA hai="115" /><F88/><T119/><D119/><U46/><E112/><V67/><F103/><T41/><D41/><U73/><E73/><V75/><F75/><T135/><D135/><U133/><E39/><V82/><F82/><T124/><D124/><U84/><E84/><V126/><F126/><T86/><D58/><U87/><E87/><V117/><F117/><T48/><D48/><U90/><E90/><V1/><F106/><T91/><D91/><U93/><E93/><AGARI ba="0,0" hai="53,54,55,59,63,80,86,89,92,93,95" m="29289" machi="93" ten="30,1000,0" yaku="8,1" doraHai="65,115" who="0" fromWho="1" sc="459,10,156,-10,435,0,0,0" owari="469,41.0,146,-45.0,435,4.0,0,0.0" /></mjloggm>