<mjloggm ver="2.3"><GO type="185" lobby="0"/><UN n0="%E6%B8%85%E5%BC%B5" n1="%E3%81%97%E3%82%81%E3%81%98%E3%82%93" n2="%E5%BF%AB%E9%81%A9" n3="" dan="16,17,17,0" rate="2161.97,2279.04,2313.90,1500.00" sx="M,F,M,C"/><TAIKYOKU oya="0"/><INIT seed="0,0,0,5,1,78" ten="350,350,350,0" oya="0" hai0="99,50,79,73,35,109,118,84,122,81,67,46,133" hai1="96,128,83,38,39,98,56,41,111,69,123,85,57" hai2="0,117,3,53,91,113,88,130,93,124,55,66,106" hai3=""/><T1/><D118/><U107/><N who="1" m="31520" /><U44/><E69/><V36/><F117/><T127/><N who="0" m="31264" /><T62/><D1/><U48/><E128/><V59/><F106/><T116/><D116/><U52/><E111/><V64/><F36/><T92/><D109/><U115/><E115/><V54/><F59/><T125/><D35/><U76/><E107/><V90/><F93/><T121/><N who="0" m="31008" /><T2/><D2/><N who="2" m="554" /><F113/><T70/><D133/><U101/><E101/><V47/><F47/><T86/><D99/><U87/><E38/><V135/><F135/><T60/><D60/><U94/><E57/><V80/><F80/><T65/><D65/><N who="2" m="25194" /><F124/><N who="0" m="47690" /><D92/><U89/><AGARI ba="0,0" hai="39,41,44,48,52,56,76,83,85,87,89,94,96,98" m="31520" machi="89" ten="30,5900,0" yaku="0,1,52,2,54,1" doraHai="78" who="1" fromWho="1" sc="350,-39,350,59,350,-20,0,0" /><INIT seed="1,0,0,4,1,109" ten="311,409,330,0" oya="1" hai0="77,99,71,38,112,32,3,108,93,39,51,67,92" hai1="66,1,117,85,94,101,123,121,132,58,134,91,64" hai2="33,35,40,79,115,97,90,83,76,53,73,75,87" hai3=""/><U84/><N who="1" m="31008" /><U36/><N who="1" m="31520" /><U62/><E36/><V82/><F40/><T105/><D32/><U129/><E1/><V102/><F53/><T100/><D3/><U114/><E114/><V124/><F124/><T104/><D112/><U116/><E129/><V131/><F131/><T60/><D108/><U120/><N who="1" m="30752" /><U113/><E113/><V48/><F48/><T34/><D34/><U110/><E110/><V56/><F56/><T80/><D51/><U0/><E0/><V45/><F45/><T128/><D128/><U49/><E101/><V69/><F69/><T118/><D118/><U127/><E127/><V57/><F57/><T135/><D135/><N who="1" m="51755" /><E66/><V41/><F115/><T122/><N who="0" m="31264" /><T65/><D65/><U95/><E49/><V81/><REACH who="2" step="1"/><F41/><REACH who="2" ten="311,409,320,0" step="2"/><T111/><D111/><U130/><E130/><V126/><F126/><T103/><D38/><U63/><E63/><V55/><F55/><T46/><D39/><U107/><E107/><AGARI ba="0,1" hai="33,35,73,75,76,79,81,82,83,87,90,97,102,107" machi="107" ten="30,3900,0" yaku="1,1,7,1,9,1,53,0" doraHai="109" doraHaiUra="47" who="2" fromWho="1" sc="311,0,409,-39,320,49,0,0" /><INIT seed="2,0,0,2,2,2" ten="311,370,369,0" oya="2" hai0="105,85,93,125,108,114,34,129,50,81,94,65,100" hai1="102,54,40,77,53,36,73,3,51,111,43,128,45" hai2="80,1,39,70,63,103,88,52,75,32,126,124,127" hai3=""/><V109/><F1/><T134/><D108/><U86/><E3/><V47/><F109/><T83/><D134/><U56/><E111/><V91/><F103/><T61/><D125/><U44/><E128/><V78/><F32/><T115/><D129/><U130/><E130/><V49/><REACH who="2" step="1"/><F39/><REACH who="2" ten="311,370,359,0" step="2"/><T76/><D34/><U117/><E102/><V84/><F84/><T95/><D100/><U99/><E117/><V112/><F112/><T132/><D132/><U90/><E99/><V106/><F106/><T33/><D105/><U68/><E73/><V121/><N who="2" m="31008" /><V46/><F46/><T55/><D33/><U57/><E36/><V97/><F97/><T38/><D38/><U41/><E45/><V67/><AGARI ba="0,1" hai="47,49,52,63,67,70,75,78,80,88,91,124,126,127" m="31008" machi="67" ten="40,12000,2" yaku="1,1,0,1,18,1,52,1,54,2,53,0" doraHai="2" doraHaiUra="35" who="2" fromWho="2" sc="311,-60,370,-60,359,130,0,0" /><INIT seed="2,1,0,1,3,42" ten="251,310,489,0" oya="2" hai0="87,39,101,122,104,73,125,65,48,128,72,2,81" hai1="45,3,71,78,85,89,127,55,117,119,64,124,135" hai2="61,75,86,134,99,40,111,63,95,103,62,76,133" hai3=""/><V130/><F130/><T80/><N who="0" m="31264" /><T60/><D2/><U54/><E78/><V83/><F40/><T118/><D118/><N who="1" m="45067" /><E3/><V109/><REACH who="2" step="1"/><F75/><REACH who="2" ten="251,310,479,0" step="2"/><T126/><D72/><U106/><E135/><AGARI ba="1,1" hai="61,62,63,76,83,86,95,99,103,109,111,133,134,135" machi="135" ten="50,9600,0" yaku="1,1,2,1,20,1,53,0" doraHai="42" doraHaiUra="50" who="2" fromWho="1" sc="251,0,310,-98,479,108,0,0" /><INIT seed="2,2,0,1,4,35" ten="251,212,587,0" oya="2" hai0="82,102,3,99,76,58,44,32,34,83,105,103,67" hai1="36,89,71,135,42,66,81,96,69,95,118,126,39" hai2="77,78,51,133,134,33,91,75,112,114,90,117,46" hai3=""/><V52/><F117/><T115/><D115/><N who="2" m="44074" /><F33/><T0/><D44/><U70/><E135/><N who="2" m="51723" /><F75/><T1/><D58/><U107/><E126/><V97/><F97/><T50/><D50/><U101/><E66/><V119/><F119/><T65/><D3/><U73/><E42/><V104/><F104/><T61/><D99/><U40/><E40/><V110/><F110/><T106/><REACH who="0" step="1"/><D76/><AGARI ba="2,0" hai="46,51,52,76,77,78,90,91" m="51723,44074" machi="76" ten="30,2900,0" yaku="20,1,54,1" doraHai="35" who="2" fromWho="0" sc="251,-33,212,0,587,33,0,0" /><INIT seed="2,3,0,0,2,82" ten="218,212,620,0" oya="2" hai0="71,131,120,37,50,129,68,91,118,3,96,77,55" hai1="57,134,65,63,111,60,117,92,121,112,133,34,0" hai2="59,102,89,122,109,47,97,119,41,52,51,127,106" hai3=""/><V40/><N who="2" m="31264" /><V108/><F119/><T43/><N who="0" m="30752" /><T39/><D118/><U35/><N who="1" m="31008" /><U103/><E117/><V48/><F127/><T80/><D3/><U46/><E0/><V90/><F40/><T1/><D1/><U32/><E112/><V64/><F64/><T44/><D96/><U84/><E111/><AGARI ba="3,0" hai="41,47,48,51,52,59,89,90,97,102,106,108,109,111" m="31264" machi="111" ten="40,12000,1" yaku="14,1,10,1,52,1,54,1" doraHai="82" who="2" fromWho="1" sc="218,0,212,-126,620,126,0,0" /><INIT seed="2,4,0,0,0,69" ten="218,86,746,0" oya="2" hai0="51,54,126,70,68,47,125,93,87,107,120,117,49" hai1="89,81,50,111,105,101,36,80,65,103,78,110,42" hai2="33,32,63,100,46,44,77,64,76,131,116,94,96" hai3=""/><V74/><F116/><T75/><N who="0" m="30752" /><T39/><D75/><U124/><E50/><N who="0" m="18953" /><D107/><U73/><E65/><V58/><F131/><T122/><N who="0" m="31264" /><T115/><D93/><U38/><E42/><V59/><F59/><T104/><D104/><U85/><E124/><N who="0" m="47721" /><D87/><U108/><E103/><V109/><F74/><T97/><D97/><AGARI ba="4,0" hai="36,38,73,78,80,81,85,89,97,101,105,108,110,111" machi="97" ten="40,5200,0" yaku="14,1,52,2" doraHai="69" who="1" fromWho="0" sc="218,-60,86,60,746,0,0,0" /><INIT seed="4,0,0,4,4,51" ten="158,146,746,0" oya="0" hai0="112,98,109,126,123,33,71,133,63,74,47,39,89" hai1="1,108,3,45,40,87,79,117,64,113,105,128,43" hai2="94,50,73,99,35,34,72,82,92,124,57,37,62" hai3=""/><T132/><RYUUKYOKU type="yao9" ba="0,0" sc="158,0,146,0,746,0,0,0" hai0="33,39,47,63,71,74,89,98,109,112,123,126,132,133" /><INIT seed="4,1,0,1,3,85" ten="158,146,746,0" oya="0" hai0="72,0,56,62,77,51,106,86,130,105,94,90,89" hai1="49,60,110,122,48,74,71,95,99,112,34,111,36" hai2="82,44,135,70,123,97,39,102,124,104,118,68,3" hai3=""/><T61/><D0/><U129/><N who="1" m="31264" /><U103/><E36/><V76/><N who="2" m="31520" /><V2/><F124/><T107/><D130/><U58/><E74/><V132/><F118/><T67/><D72/><U80/><E129/><V88/><F70/><T53/><D77/><U57/><E71/><V54/><F68/><T43/><D43/><U127/><E127/><V75/><F88/><T40/><D40/><U47/><E80/><V117/><F117/><T119/><D119/><U46/><E34/><V126/><F126/><T114/><D114/><U32/><E32/><V109/><F109/><T59/><D107/><U133/><E112/><V38/><F38/><T108/><D108/><U92/><E103/><V121/><N who="2" m="31008" /><V96/><F97/><T63/><D63/><U1/><E60/><V93/><F104/><T128/><D128/><U78/><E99/><V101/><F39/><T73/><D73/><U98/><E98/><V131/><F131/><T116/><D116/><U81/><E78/><V52/><F101/><T69/><REACH who="0" step="1"/><D89/><REACH who="0" ten="148,146,746,0" step="2"/><U50/><E1/><V66/><F3/><T79/><D79/><U113/><E113/><V64/><F2/><T100/><D100/><U120/><N who="1" m="30752" /><U42/><E42/><V134/><F76/><RYUUKYOKU ba="1,1" sc="148,20,146,-10,746,-10,0,0" hai0="51,53,56,59,61,62,67,69,86,90,94,105,106" /><INIT seed="4,2,1,1,2,118" ten="168,136,736,0" oya="0" hai0="1,117,86,96,103,90,80,54,93,49,81,67,125" hai1="119,98,94,111,38,127,56,88,82,53,36,37,100" hai2="39,135,104,34,47,110,58,3,51,79,77,102,63" hai3=""/><T123/><N who="0" m="31520" /><T99/><D117/><U87/><E119/><V50/><F135/><T44/><D1/><U57/><E127/><V131/><F110/><T46/><D125/><U76/><E111/><V126/><F39/><T73/><D67/><U95/><REACH who="1" step="1"/><E53/><REACH who="1" ten="168,126,736,0" step="2"/><V132/><F126/><T124/><D124/><U112/><E112/><V45/><F132/><T55/><D73/><AGARI ba="2,2" hai="36,37,38,56,57,73,76,82,87,88,94,95,98,100" machi="73" ten="40,2600,0" yaku="1,1,54,1,53,0" doraHai="118" doraHaiUra="122" who="1" fromWho="0" sc="168,-30,126,50,736,0,0,0" /><INIT seed="5,0,0,3,0,125" ten="138,176,736,0" oya="1" hai0="83,131,80,135,89,63,52,116,101,68,62,96,61" hai1="39,74,59,127,110,36,105,49,129,104,82,95,91" hai2="81,97,90,60,55,92,72,134,128,32,50,48,44" hai3=""/><U45/><E127/><V51/><F134/><T75/><D135/><U120/><N who="1" m="30752" /><U114/><E114/><V121/><N who="2" m="31008" /><V132/><F128/><T94/><D116/><U54/><E129/><V40/><F32/><T73/><D131/><U85/><E110/><V41/><F132/><T38/><D38/><U133/><E133/><V37/><F60/><T66/><D62/><U3/><E3/><V33/><F33/><T99/><D83/><U108/><E108/><V103/><F41/><T118/><D118/><U57/><E39/><V88/><F55/><T2/><D2/><U126/><E126/><V106/><F106/><T35/><D35/><U70/><E70/><V53/><F53/><T77/><D75/><U113/><E105/><V111/><F111/><T1/><D1/><U43/><E104/><V107/><F107/><T112/><D112/><U69/><E69/><V0/><F0/><T98/><REACH who="0" step="1"/><D101/><REACH who="0" ten="128,176,736,0" step="2"/><U87/><E74/><V117/><F117/><T109/><D109/><U124/><E113/><V100/><F72/><T84/><D84/><U67/><E124/><V71/><F37/><T64/><D64/><U78/><E36/><V47/><F100/><T102/><D102/><U93/><E67/><V76/><F103/><RYUUKYOKU ba="0,1" sc="128,20,176,-10,736,-10,0,0" hai0="52,61,63,66,68,73,77,80,89,94,96,98,99" /><INIT seed="6,1,1,2,4,93" ten="148,166,726,0" oya="2" hai0="69,105,83,67,48,62,81,82,3,92,131,38,35" hai1="44,37,85,88,130,34,0,119,133,76,114,40,109" hai2="75,132,125,45,68,135,117,96,123,101,71,49,70" hai3=""/><V116/><N who="2" m="31520" /><V65/><F75/><T98/><D3/><U112/><E109/><V2/><F2/><T90/><D35/><U99/><E34/><V80/><F125/><T53/><D38/><U47/><E0/><V39/><F39/><T129/><REACH who="0" step="1"/><D105/><REACH who="0" ten="138,166,726,0" step="2"/><U63/><E119/><V89/><F117/><T60/><D60/><U57/><E133/><V41/><F132/><T77/><D77/><U52/><E130/><V95/><F135/><T118/><D118/><U33/><E33/><V107/><F116/><T121/><N who="0" m="31008" /><T64/><D64/><U78/><E78/><V108/><F65/><T91/><D91/><U1/><E1/><V46/><F107/><T36/><D36/><U56/><E76/><V100/><F89/><T134/><D134/><U61/><E99/><V124/><F124/><T122/><N who="0" m="31264" /><T84/><D84/><U32/><E32/><V79/><F79/><T59/><AGARI ba="1,2" hai="48,53,59,62,67,69,81,82,83,90,92,98,129,131" m="31264,31008" machi="59" ten="30,6000,1" yaku="1,1,0,1,52,3,53,0" doraHai="93" doraHaiUra="43" who="0" fromWho="0" sc="138,82,166,-21,726,-41,0,0" owari="220,-18.0,145,-45.0,685,63.0,0,0.0" /></mjloggm>