<mjloggm ver="2.3"><GO type="169" lobby="0"/><UN n0="%E3%83%97%E3%83%AC%E3%82%B9%E3%83%97" n1="%E3%81%8D%E3%81%BF%E3%81%A9%E3%82%8A%E3%82%93" n2="%E9%81%8A%E8%B5%B0" n3="%E3%81%B5%E3%81%98%E3%81%8A" dan="17,17,17,18" rate="2181.74,2160.68,2181.58,2216.37" sx="M,F,F,M"/><TAIKYOKU oya="0"/><INIT seed="0,0,0,2,1,126" ten="250,250,250,250" oya="0" hai0="52,72,123,120,118,130,6,40,115,65,135,55,67" hai1="77,51,20,68,107,41,74,24,26,54,129,88,84" hai2="43,53,133,100,121,131,1,114,14,49,47,35,59" hai3="9,92,94,127,93,4,101,91,17,116,111,117,21"/><T25/><D72/><U56/><E107/><V80/><F121/><N who="0" m="46666" /><D6/><U76/><E68/><V70/><F114/><W12/><G127/><T128/><D25/><U19/><E129/><N who="0" m="49769" /><D118/><U110/><E110/><V44/><F35/><W45/><G111/><T34/><D34/><U7/><E7/><V89/><F70/><W122/><G122/><T82/><D115/><U112/><E74/><V99/><F14/><W28/><G117/><T124/><D124/><U98/><E98/><V134/><F99/><W102/><G116/><T105/><D135/><U62/><E26/><V39/><F100/><W42/><G102/><T8/><D8/><U50/><E112/><V5/><F1/><W16/><G101/><T79/><D105/><U29/><E29/><V15/><F5/><W108/><G108/><T27/><D27/><U18/><E18/><V86/><F131/><W106/><G106/><T119/><D119/><U38/><E77/><V2/><F2/><W104/><G104/><T125/><D125/><U30/><E76/><V78/><F78/><W31/><G17/><T48/><D40/><U96/><E30/><V37/><F15/><W32/><G32/><T85/><D55/><U33/><E33/><V73/><F73/><W60/><G31/><T95/><D95/><N who="1" m="56423" /><E84/><V81/><F81/><W63/><G28/><T46/><AGARI ba="0,0" hai="46,48,52,65,67,79,82,85" m="49769,46666" machi="46" ten="30,12000,1" yaku="19,1,52,3,54,1" doraHai="126" who="0" fromWho="0" sc="250,120,250,-40,250,-40,250,-40" /><INIT seed="0,1,0,0,5,99" ten="370,210,210,210" oya="0" hai0="34,43,26,114,5,69,8,124,15,66,128,48,102" hai1="100,14,42,47,122,57,33,2,35,118,76,84,46" hai2="120,58,96,39,93,56,73,29,64,111,75,129,50" hai3="13,25,133,91,52,12,45,53,22,81,83,87,121"/><T110/><D114/><U7/><E118/><V85/><F120/><W19/><G133/><T18/><D128/><U31/><E2/><V105/><F39/><W40/><G83/><T49/><D124/><U59/><E122/><V97/><F111/><W21/><G121/><T44/><D110/><U27/><E35/><V116/><F116/><W68/><G68/><T24/><D34/><U127/><E47/><V28/><F129/><W38/><REACH who="3" step="1"/><G13/><REACH who="3" ten="370,210,210,200" step="2"/><T72/><D72/><U86/><E14/><V71/><F71/><W3/><G3/><T37/><D26/><U16/><E27/><V74/><F74/><W32/><G32/><T106/><D69/><U132/><E33/><V119/><F75/><W6/><G6/><T54/><D24/><U80/><E7/><V135/><F73/><W123/><G123/><T77/><D5/><U4/><E80/><V88/><F135/><W10/><G10/><T113/><D113/><U70/><E4/><V65/><F119/><W117/><G117/><T67/><D77/><U61/><E76/><V63/><F105/><W107/><G107/><T90/><D8/><U108/><E70/><V82/><F82/><W112/><G112/><T20/><D15/><U62/><E108/><V60/><REACH who="2" step="1"/><F50/><REACH who="2" ten="370,210,200,200" step="2"/><W115/><G115/><T103/><D48/><U17/><E132/><V23/><F23/><W78/><G78/><T125/><D106/><U0/><E0/><V9/><F9/><W36/><G36/><T134/><D37/><U95/><E95/><V11/><F11/><W51/><G51/><T30/><D134/><U98/><E127/><RYUUKYOKU ba="1,2" sc="370,-15,210,-15,200,15,200,15" hai2="28,29,56,58,60,63,64,65,85,88,93,96,97" hai3="12,19,21,22,25,38,40,45,52,53,81,87,91" /><INIT seed="1,2,2,0,5,23" ten="355,195,215,215" oya="1" hai0="77,70,88,98,104,95,4,12,31,54,68,49,107" hai1="53,22,115,65,67,129,25,39,51,100,1,130,93" hai2="94,27,42,117,50,108,125,73,71,18,11,90,41" hai3="120,48,102,62,135,128,82,28,60,84,113,123,38"/><U9/><E115/><V81/><F117/><W124/><G113/><T32/><D77/><U64/><E39/><V43/><F71/><W15/><G38/><T58/><D32/><U14/><E1/><V37/><F37/><W121/><G135/><T134/><D134/><U122/><E122/><V6/><F125/><W91/><G124/><T56/><D31/><U87/><E100/><V74/><F108/><W21/><G128/><N who="1" m="49258" /><E93/><V16/><F50/><W110/><G110/><T40/><D40/><U116/><E116/><V46/><F46/><W111/><G111/><T2/><D2/><U55/><E87/><V127/><F127/><W33/><G102/><T75/><D75/><U99/><E99/><V92/><F92/><W63/><G33/><T20/><D58/><N who="1" m="33087" /><E55/><V106/><F106/><W61/><N who="3" m="15360" /><DORA hai="10" /><W30/><REACH who="3" step="1"/><G48/><REACH who="3" ten="355,195,215,205" step="2"/><T24/><D70/><U133/><E133/><V131/><F131/><W36/><G36/><T86/><D68/><U13/><E9/><V109/><F109/><W85/><G85/><T103/><D103/><U76/><E76/><V7/><F74/><W96/><G96/><T17/><D98/><U126/><E126/><V119/><F119/><W29/><G29/><AGARI ba="2,3" hai="13,14,22,25,29,64,65,67" m="33087,49258" machi="29" ten="30,11600,0" yaku="19,1,52,3" doraHai="23,10" who="1" fromWho="3" sc="355,0,195,152,215,0,205,-122" /><INIT seed="1,3,0,2,5,115" ten="355,347,215,83" oya="1" hai0="70,86,90,125,28,42,56,124,132,58,74,104,24" hai1="41,111,52,91,45,110,50,106,107,35,46,53,116" hai2="63,29,92,60,12,11,3,21,62,109,15,18,61" hai3="82,88,131,59,68,32,17,73,127,40,20,43,36"/><U78/><E116/><V133/><F109/><N who="1" m="41481" /><E35/><V99/><F133/><W76/><G131/><T14/><D74/><U7/><E78/><V117/><F3/><W123/><G123/><T130/><D70/><U121/><E121/><V122/><F122/><W22/><G127/><N who="0" m="48715" /><D130/><U55/><E7/><V26/><N who="2" m="15360" /><DORA hai="100" /><V79/><F117/><W49/><G68/><T47/><D14/><U44/><E91/><V134/><F134/><W96/><G32/><N who="0" m="20487" /><D104/><AGARI ba="3,0" hai="41,44,45,46,50,52,53,55,104,106,107" m="41481" machi="104" ten="40,18000,2" yaku="14,1,10,1,52,3,54,1" doraHai="115,100" who="1" fromWho="0" sc="355,-189,347,189,215,0,83,0" /><INIT seed="1,4,0,5,5,22" ten="166,536,215,83" oya="1" hai0="126,46,107,31,134,38,71,42,101,135,55,59,7" hai1="133,96,78,32,74,105,110,26,73,28,17,94,33" hai2="11,75,40,68,57,131,72,43,25,52,129,48,15" hai3="80,117,70,12,85,81,54,86,10,106,18,116,95"/><U24/><E133/><N who="0" m="50697" /><D7/><U41/><E110/><V123/><F68/><W60/><G106/><T119/><D31/><U102/><E78/><V1/><F1/><W13/><G95/><T121/><D107/><U61/><E41/><V104/><F104/><W34/><G34/><T100/><D101/><U98/><E61/><V125/><F125/><W39/><G39/><T47/><D100/><U118/><E118/><V9/><F123/><W82/><G70/><T108/><D119/><N who="3" m="45641" /><G13/><T14/><D14/><U27/><E17/><V66/><F66/><W44/><G44/><N who="0" m="23639" /><D126/><U130/><E130/><N who="2" m="49675" /><F9/><W88/><G86/><T16/><D16/><U97/><E97/><V37/><F37/><W63/><G54/><T79/><D79/><U103/><REACH who="1" step="1"/><E28/><REACH who="1" ten="166,526,215,83" step="2"/><V29/><F43/><W36/><G36/><T128/><D128/><U58/><E58/><V120/><F40/><W64/><G18/><T6/><D108/><U23/><E23/><N who="2" m="15551" /><F120/><W92/><G10/><T56/><D121/><U8/><E8/><V21/><F21/><W114/><G63/><T35/><D71/><U84/><E84/><V50/><F48/><W77/><G85/><T51/><D35/><AGARI ba="4,1" hai="24,26,27,32,33,35,73,74,94,96,98,102,103,105" machi="35" ten="40,12000,1" yaku="1,1,52,3,53,0" doraHai="22" doraHaiUra="49" who="1" fromWho="0" sc="166,-132,526,142,215,0,83,0" /><INIT seed="1,5,0,0,5,29" ten="34,668,215,83" oya="1" hai0="37,15,54,63,53,22,86,2,128,11,12,61,69" hai1="99,70,42,88,75,113,60,96,31,4,20,67,125" hai2="97,109,119,35,102,68,117,58,21,18,115,65,13" hai3="132,38,49,129,33,41,120,14,59,45,39,3,26"/><U95/><E113/><V74/><F115/><W130/><G120/><T36/><D128/><N who="3" m="49257" /><G132/><T19/><D2/><U133/><E133/><V110/><F68/><W89/><G3/><T123/><D123/><U91/><E75/><V0/><F0/><W114/><G114/><T101/><D101/><U98/><E125/><V8/><F74/><W116/><G116/><T93/><D61/><U126/><E126/><V103/><F35/><W135/><G135/><T124/><D124/><U47/><E4/><V48/><F8/><W23/><G89/><T55/><D69/><U50/><REACH who="1" step="1"/><E91/><REACH who="1" ten="34,658,215,83" step="2"/><V90/><F90/><W104/><G104/><T81/><D63/><U46/><E46/><V121/><F119/><W9/><G45/><T118/><D118/><U77/><E77/><V111/><F117/><W66/><G39/><T71/><D37/><U28/><E28/><V73/><F121/><W87/><G38/><T30/><D36/><U56/><E56/><V52/><F73/><W5/><G5/><N who="0" m="3183" /><D71/><U107/><E107/><N who="2" m="63951" /><F103/><W32/><G59/><T85/><D30/><U122/><E122/><V25/><F111/><W134/><G134/><T106/><D106/><U64/><E64/><V34/><F65/><W6/><G6/><T100/><D81/><U80/><E80/><V94/><F94/><W1/><G66/><T105/><D105/><U79/><E79/><V10/><F110/><W17/><G49/><T82/><D82/><U72/><E72/><V92/><F109/><W51/><G51/><T7/><D7/><U83/><E83/><V40/><F48/><W84/><G1/><RYUUKYOKU ba="5,1" sc="34,15,658,15,215,-15,83,-15" hai0="15,19,22,53,54,55,85,86,93,100" hai1="20,31,42,47,50,60,67,70,88,95,96,98,99" /><INIT seed="1,6,1,1,4,5" ten="49,673,200,68" oya="1" hai0="112,72,54,107,51,65,42,118,15,33,115,20,114" hai1="133,93,22,86,2,80,120,31,91,62,129,109,98" hai2="127,17,12,108,34,79,24,57,41,102,10,44,43" hai3="75,40,36,32,111,45,27,89,113,95,100,37,23"/><U116/><E120/><V63/><F108/><W59/><G113/><T128/><D118/><U7/><E116/><V77/><F127/><W8/><G111/><T56/><D33/><U29/><E133/><V99/><F41/><W47/><G32/><T6/><D107/><U110/><E129/><V0/><F0/><W123/><G123/><T25/><D72/><U122/><E122/><V135/><F135/><W61/><G75/><T74/><D128/><U121/><E121/><V46/><F46/><W96/><G47/><T19/><D42/><U26/><E31/><V64/><F24/><W38/><G8/><T13/><D74/><U132/><E132/><V49/><REACH who="2" step="1"/><F34/><REACH who="2" ten="49,673,190,68" step="2"/><W88/><G45/><T117/><D117/><U70/><E110/><V55/><F55/><W48/><G40/><T52/><D65/><U84/><E109/><V3/><F3/><W83/><G27/><T130/><D130/><U125/><E125/><V104/><AGARI ba="6,2" hai="10,12,17,43,44,49,57,63,64,77,79,99,102,104" machi="104" ten="20,5200,0" yaku="1,1,0,1,7,1,52,1,53,0" doraHai="5" doraHaiUra="50" who="2" fromWho="2" sc="49,-19,673,-32,190,90,68,-19" /><INIT seed="2,0,0,0,2,7" ten="30,641,280,49" oya="2" hai0="96,57,30,100,129,61,83,87,6,31,15,84,74" hai1="8,26,2,124,24,110,86,102,60,54,134,16,121" hai2="34,76,52,128,47,133,103,130,75,1,117,111,41" hai3="68,36,90,127,10,122,108,125,78,119,14,101,93"/><V65/><F117/><W109/><G122/><T123/><D123/><U88/><E110/><N who="3" m="42602" /><G119/><T63/><D129/><N who="2" m="49770" /><F111/><W77/><G68/><T28/><D74/><U11/><E134/><V42/><F34/><W112/><G36/><T115/><D115/><U55/><E102/><V4/><F133/><W66/><G66/><T135/><D135/><U43/><E124/><N who="3" m="47690" /><G101/><T13/><D84/><U45/><E2/><V79/><F103/><W40/><G40/><T105/><D6/><U19/><E121/><V51/><F65/><W50/><G50/><T98/><D98/><U72/><E72/><V91/><F91/><W64/><G64/><T81/><D81/><U70/><E70/><V33/><F33/><W3/><G3/><T37/><D37/><U59/><E55/><V12/><F1/><W126/><G112/><T73/><D73/><U46/><E43/><N who="2" m="16395" /><F75/><W20/><G20/><T21/><D21/><N who="1" m="13351" /><E46/><V82/><F82/><W39/><G39/><T48/><D83/><N who="1" m="49247" /><E45/><V32/><F32/><W85/><G126/><T49/><D100/><U27/><E27/><V69/><F69/><W53/><G53/><T132/><D132/><U17/><E26/><V67/><F67/><W71/><G71/><T25/><D105/><U0/><E0/><V18/><F79/><W38/><G38/><T58/><D58/><U80/><E80/><V92/><F76/><W56/><G56/><T62/><D57/><U131/><E131/><V114/><F114/><W9/><G14/><T120/><D15/><U95/><E95/><V113/><F113/><W35/><G35/><T29/><D120/><RYUUKYOKU ba="0,0" sc="30,-15,641,15,280,-15,49,15" hai1="8,11,17,19,54,59,60" hai3="9,10,77,78,85,90,93" /><INIT seed="3,1,0,3,5,40" ten="15,656,265,64" oya="3" hai0="36,126,118,33,92,99,11,15,121,5,120,81,134" hai1="51,127,114,26,14,80,74,17,60,24,62,107,131" hai2="41,123,75,52,29,6,18,86,93,57,49,101,4" hai3="113,89,53,124,1,67,69,25,27,110,91,129,122"/><W135/><G122/><T66/><D118/><U35/><E114/><V100/><F75/><W106/><G113/><T56/><D134/><U70/><E107/><V102/><F123/><W50/><G135/><T84/><D126/><U98/><E127/><V30/><F41/><W39/><G39/><T7/><D33/><U87/><E74/><V79/><F18/><W10/><G124/><T23/><D36/><U72/><E72/><V48/><F48/><W133/><G133/><T64/><D7/><N who="2" m="2602" /><F93/><W85/><G129/><T96/><D96/><U78/><E98/><V109/><F109/><W111/><G106/><T104/><D104/><U47/><E70/><V42/><F42/><W37/><G37/><T2/><D120/><U77/><E77/><V38/><F38/><W119/><G119/><T65/><D121/><U108/><E108/><V112/><F112/><W20/><G1/><T43/><D43/><N who="1" m="25087" /><E35/><V0/><F0/><W12/><G69/><T68/><D68/><U32/><E32/><V125/><F125/><W71/><G71/><T97/><D56/><U13/><E13/><V8/><F8/><W88/><G111/><T59/><D59/><U55/><E131/><V94/><F94/><W19/><G110/><T130/><D130/><U31/><E31/><V132/><F132/><W46/><G85/><T3/><D2/><U61/><E55/><V63/><F63/><W22/><G67/><T117/><D117/><U45/><E45/><V9/><F9/><AGARI ba="1,0" hai="9,14,17,24,26,60,61,62,78,80,87" m="25087" machi="9" ten="30,2000,0" yaku="8,1,52,1" doraHai="40" who="1" fromWho="2" sc="15,0,656,23,265,-23,64,0" /><INIT seed="4,0,0,5,1,55" ten="15,679,242,64" oya="0" hai0="65,122,114,72,117,69,135,109,112,53,25,17,70" hai1="100,124,21,41,93,7,113,129,44,35,24,54,36" hai2="13,30,104,85,64,62,97,89,39,111,40,119,133" hai3="87,131,66,73,74,92,63,11,118,61,71,99,77"/><T26/><D117/><U81/><E129/><V96/><F111/><W80/><G118/><T18/><D72/><U28/><E124/><V98/><F119/><W67/><G11/><T2/><D122/><U56/><E7/><V134/><F30/><W132/><G132/><N who="2" m="50793" /><F104/><W84/><G74/><T107/><D107/><U31/><E81/><N who="2" m="49327" /><F13/><W126/><G126/><T1/><D135/><U10/><E10/><V32/><F32/><W106/><G106/><T19/><D53/><U20/><E113/><N who="0" m="43625" /><D109/><U123/><E31/><V59/><F40/><W86/><G131/><T37/><D37/><AGARI ba="0,0" hai="37,39,59,62,64,96,97,98" m="49327,50793" machi="37" ten="30,2000,0" yaku="20,1,52,1" doraHai="55" who="2" fromWho="0" sc="15,-20,679,0,242,20,64,0" owari="-5,-51.0,679,79.0,262,6.0,64,-34.0" /></mjloggm>