<mjloggm ver="2.3"><GO type="169" lobby="0"/><UN n0="%E4%B8%AD%E5%B7%9D%E5%86%85%E9%9B%AA%E9%9F%B3" n1="%E9%89%84%E7%A8%9A%E9%AD%9A%E3%82%AB%E3%83%A2%E9%A4%8A%E5%88%86" n2="%E8%BD%9F%E9%8B%BC%E9%89%84" n3="%75%34%6B%61%6D%6F%31%30" dan="16,18,16,16" rate="2120.57,2203.79,2216.75,2077.07" sx="F,F,M,M"/><TAIKYOKU oya="0"/><INIT seed="0,0,0,1,4,15" ten="250,250,250,250" oya="0" hai0="36,7,68,2,50,52,94,12,30,45,126,32,127" hai1="133,69,72,10,99,21,46,88,18,67,60,113,43" hai2="108,96,25,13,132,47,56,14,38,105,76,116,92" hai3="106,31,131,39,49,27,120,110,117,103,135,111,89"/><T34/><D68/><U104/><E72/><V97/><F76/><W53/><G117/><T80/><D2/><U100/><E133/><V75/><F75/><W5/><G135/><T83/><D36/><U41/><E113/><V44/><F56/><W81/><G39/><T90/><D83/><U37/><E43/><V63/><F63/><W35/><G131/><T114/><D80/><U57/><E10/><V9/><F25/><W121/><G5/><T62/><D114/><U130/><E130/><V124/><F132/><W40/><G40/><T115/><D62/><U109/><E109/><N who="3" m="41482" /><G103/><T134/><D134/><U4/><E4/><V74/><F108/><W11/><G106/><T1/><D1/><U19/><E21/><V16/><F74/><W122/><G11/><N who="0" m="4223" /><D30/><U82/><REACH who="1" step="1"/><E69/><REACH who="1" ten="250,240,250,250" step="2"/><V85/><F9/><W129/><G129/><T123/><D115/><U102/><E102/><V78/><F116/><W8/><G8/><T29/><D123/><U33/><E33/><V48/><F38/><W3/><G3/><T28/><D34/><U73/><E73/><V86/><F105/><W66/><G122/><T42/><D32/><U23/><E23/><V58/><F124/><N who="0" m="47658" /><D42/><U24/><E24/><V64/><F78/><W65/><G121/><T54/><D54/><U0/><E0/><V20/><F20/><W77/><G120/><T91/><D91/><U112/><E112/><V59/><F64/><W79/><G89/><T95/><D90/><U61/><E61/><V87/><F48/><W118/><G118/><T17/><D17/><U22/><E22/><V107/><F107/><RYUUKYOKU ba="0,1" sc="250,15,240,15,250,-15,250,-15" hai0="28,29,45,50,52,94,95" hai1="18,19,37,41,46,57,60,67,82,88,99,100,104" /><INIT seed="0,1,1,0,2,111" ten="265,255,235,235" oya="0" hai0="129,76,42,65,20,13,127,46,56,55,11,17,50" hai1="47,31,15,94,34,120,97,77,59,61,71,7,40" hai2="10,122,70,38,37,29,135,125,26,90,99,4,32" hai3="2,73,28,41,88,43,132,85,49,58,24,18,114"/><T1/><D127/><U39/><E120/><V79/><F70/><W67/><G73/><T126/><D126/><U101/><E77/><V107/><F125/><W96/><G2/><T69/><D129/><U92/><E71/><V63/><F122/><W98/><G132/><T5/><D76/><U117/><E117/><V72/><F135/><W89/><G18/><T118/><D118/><U115/><E34/><V64/><F90/><W45/><G41/><T116/><D116/><U133/><E31/><V100/><F63/><W12/><G12/><T102/><D102/><U108/><E108/><V82/><F64/><W83/><G89/><T23/><D69/><U95/><E133/><V124/><F124/><W78/><G78/><T16/><D65/><U35/><E35/><V3/><AGARI ba="1,1" hai="3,4,10,26,29,32,37,38,72,79,82,99,100,107" machi="3" ten="20,8000,1" yaku="0,1,7,1,33,3" doraHai="111" who="2" fromWho="2" sc="265,-41,255,-21,235,93,235,-21" /><INIT seed="1,0,0,4,5,68" ten="224,234,328,214" oya="1" hai0="71,25,51,122,29,56,100,77,121,101,110,99,79" hai1="28,36,31,89,16,129,37,24,126,2,105,27,91" hai2="98,62,15,40,118,4,92,47,96,38,17,76,42" hai3="117,39,5,59,130,135,35,85,83,9,33,6,21"/><U65/><E105/><V13/><F118/><W43/><G117/><T106/><D71/><U57/><E2/><V113/><F42/><W112/><G112/><T88/><D56/><U8/><E129/><V46/><F46/><W34/><G130/><T80/><D51/><U7/><E7/><V53/><F76/><W82/><G135/><T116/><D116/><U94/><E126/><V81/><F81/><W86/><G21/><T123/><D110/><U67/><E57/><V0/><F0/><W108/><G108/><T10/><D10/><U125/><E94/><V60/><F53/><W75/><G75/><T19/><D19/><U22/><E22/><V72/><F96/><W55/><G5/><T26/><D101/><U93/><E93/><V61/><F72/><W69/><G69/><T64/><D64/><U124/><REACH who="1" step="1"/><E16/><REACH who="1" ten="224,224,328,214" step="2"/><V104/><F104/><W87/><G6/><T102/><D106/><U78/><E78/><V70/><F70/><W97/><G59/><T32/><D77/><U48/><E48/><V84/><F4/><W63/><G35/><T12/><D79/><U52/><E52/><V134/><F17/><W103/><G34/><T132/><D32/><U73/><E73/><V1/><F1/><W114/><G33/><T54/><D54/><U44/><E44/><V115/><F47/><N who="3" m="24063" /><G114/><T66/><D66/><U109/><E109/><V3/><F113/><W49/><G9/><AGARI ba="0,1" hai="8,9,24,27,28,31,36,37,65,67,89,91,124,125" machi="9" ten="25,18000,2" yaku="1,1,22,2,52,2,53,2" doraHai="68" doraHaiUra="23" who="1" fromWho="3" sc="224,0,224,190,328,0,214,-180" /><INIT seed="1,1,0,3,5,14" ten="224,414,328,34" oya="1" hai0="16,34,65,128,46,30,91,58,12,29,33,59,110" hai1="97,120,106,92,37,1,100,49,96,27,44,38,129" hai2="32,24,90,134,94,67,126,6,22,35,40,81,118" hai3="107,17,125,101,85,133,130,11,62,23,93,117,10"/><U121/><E1/><V31/><F118/><W115/><G117/><T57/><D110/><U86/><E129/><V83/><F126/><W109/><G109/><T108/><D108/><U4/><E4/><V66/><F134/><W127/><G133/><T70/><D128/><U88/><E97/><V18/><F40/><W50/><G130/><T98/><D34/><U15/><E27/><V53/><F53/><W103/><G115/><T63/><D33/><U21/><E15/><V69/><F35/><W48/><G62/><T89/><D46/><U54/><REACH who="1" step="1"/><E21/><REACH who="1" ten="224,404,328,34" step="2"/><V2/><F6/><W99/><G103/><T26/><D26/><U104/><E104/><V19/><F2/><W42/><G107/><T102/><D98/><U61/><E61/><V7/><F7/><W113/><G113/><T78/><D63/><U131/><E131/><V20/><F32/><W39/><G127/><T13/><D13/><U135/><E135/><V8/><F8/><W76/><G125/><T82/><D12/><U75/><E75/><V119/><F20/><W55/><G10/><T105/><D105/><U132/><E132/><V80/><F69/><W72/><G72/><T56/><D102/><U73/><E73/><V45/><F22/><W122/><G11/><T116/><D70/><U84/><E84/><V68/><F24/><N who="3" m="14447" /><G122/><AGARI ba="1,1" hai="37,38,44,49,54,86,88,92,96,100,106,120,121,122" machi="122" ten="40,12000,1" yaku="1,1,54,1,53,2" doraHai="14" doraHaiUra="71" who="1" fromWho="3" sc="224,0,404,133,328,0,34,-123" owari="224,-18.0,537,64.0,328,13.0,-89,-59.0" /></mjloggm>