<mjloggm ver="2.3"><GO type="169" lobby="0"/><UN n0="%E3%81%AF%E3%81%90%E3%82%8A%E3%82%93%EF%BC%A0" n1="%69%6B%65%64%61%64%61" n2="%69%6E%61%7A%6F" n3="%73%6F%72%61%72%75" dan="18,16,16,18" rate="2200.52,2162.22,2129.36,2178.27" sx="M,M,M,M"/><TAIKYOKU oya="0"/><INIT seed="0,0,0,3,2,54" ten="250,250,250,250" oya="0" hai0="15,93,59,95,43,83,70,4,22,65,9,13,134" hai1="5,6,122,21,132,55,124,88,39,19,10,110,125" hai2="52,57,80,44,72,114,77,89,2,76,115,62,24" hai3="104,79,16,8,23,0,97,75,61,121,130,101,40"/><T51/><D134/><U98/><E122/><V32/><F2/><W127/><G130/><T133/><D133/><U37/><E132/><V106/><F106/><W99/><G127/><T30/><D70/><U68/><E68/><V3/><F3/><W81/><G121/><T28/><D83/><U123/><E123/><V20/><F32/><W85/><G40/><T18/><D43/><U33/><E33/><V96/><F77/><W116/><G116/><T67/><D67/><U119/><E119/><V36/><F36/><W69/><G99/><T74/><D74/><U17/><E55/><V118/><F44/><W48/><G48/><T90/><D95/><N who="1" m="56679" /><E19/><N who="2" m="12319" /><F118/><W86/><G61/><T41/><D41/><U12/><E5/><V131/><F131/><W25/><REACH who="3" step="1"/><G69/><REACH who="3" ten="250,250,250,240" step="2"/><T91/><D51/><U71/><E71/><V135/><F135/><W45/><G45/><T120/><D120/><U49/><E49/><V117/><F117/><W7/><AGARI ba="0,1" hai="0,7,8,16,23,25,75,79,81,85,86,97,101,104" machi="7" ten="30,4000,0" yaku="1,1,0,1,54,1,53,0" doraHai="54" doraHaiUra="113" who="3" fromWho="3" sc="250,-20,250,-10,250,-10,240,50" /><INIT seed="1,0,0,1,0,69" ten="230,240,240,290" oya="1" hai0="86,61,35,89,103,53,13,3,99,51,70,80,112" hai1="121,111,98,44,123,110,101,62,65,28,125,6,114" hai2="81,64,115,34,73,90,87,67,128,8,56,54,92" hai3="32,85,107,105,41,12,36,50,129,77,17,130,119"/><U117/><E6/><V100/><F34/><W75/><G75/><T10/><D112/><U57/><E114/><V5/><F128/><N who="3" m="49259" /><G32/><T42/><D35/><U127/><E28/><V68/><F68/><W14/><G50/><T72/><D3/><U76/><E76/><V47/><F115/><W9/><G119/><T82/><D42/><U22/><E22/><V48/><F73/><W31/><G31/><T23/><D23/><U49/><E98/><V135/><F135/><W0/><G12/><T46/><D72/><U7/><E7/><V27/><F27/><W30/><G30/><T16/><D80/><U38/><E101/><V120/><F120/><N who="1" m="46153" /><E117/><V18/><F18/><W37/><G41/><T21/><D21/><U94/><E94/><V118/><F118/><W79/><G0/><T60/><D70/><U131/><E131/><V78/><F81/><N who="3" m="47279" /><G79/><T1/><D1/><U116/><E116/><V93/><F78/><W126/><G126/><N who="1" m="48138" /><E49/><V108/><F5/><W63/><G107/><AGARI ba="0,0" hai="10,13,16,46,51,53,60,61,82,86,89,99,103,107" machi="107" ten="30,7700,0" yaku="7,1,25,2,54,1" doraHai="69" who="0" fromWho="3" sc="230,77,240,0,240,0,290,-77" /><INIT seed="2,0,0,2,4,22" ten="307,240,240,213" oya="2" hai0="26,12,114,65,134,69,34,122,36,100,0,126,83" hai1="24,55,37,52,85,3,59,73,76,97,57,89,98" hai2="10,127,41,28,67,108,105,99,82,18,8,124,33" hai3="130,45,81,42,62,40,16,56,79,118,19,2,80"/><V6/><F41/><W86/><G118/><T11/><D114/><U116/><E3/><V44/><F44/><W128/><G2/><T93/><D122/><U13/><E37/><V14/><F67/><W47/><G56/><T90/><D36/><U131/><E131/><N who="3" m="50218" /><G62/><T50/><D83/><N who="3" m="31817" /><G86/><T32/><D0/><U71/><E71/><V43/><F43/><N who="3" m="16427" /><G79/><T113/><D69/><U15/><E76/><V92/><F82/><W123/><G123/><T61/><D61/><U54/><E73/><V39/><F39/><W74/><G74/><T77/><D65/><U21/><E116/><V25/><F105/><W109/><G109/><T9/><D77/><U51/><E98/><V27/><F108/><W75/><G75/><T38/><D38/><U4/><E97/><V101/><REACH who="2" step="1"/><F25/><REACH who="2" ten="307,240,230,213" step="2"/><W31/><G31/><T94/><D26/><U63/><E55/><V48/><F48/><W58/><G58/><T115/><D50/><U91/><E59/><V112/><F112/><W30/><G30/><T135/><D113/><U106/><E106/><V88/><F88/><W46/><AGARI ba="0,1" hai="16,19,45,46,47" m="16427,31817,50218" machi="46" ten="40,8000,1" yaku="28,2,19,1,54,1" doraHai="22" who="3" fromWho="3" sc="307,-20,240,-20,230,-40,213,90" /><INIT seed="3,0,0,0,2,35" ten="287,220,190,303" oya="3" hai0="81,124,93,21,85,92,67,18,106,115,125,30,52" hai1="42,54,61,128,8,71,19,75,86,34,130,51,84" hai2="127,3,5,119,4,48,80,22,104,76,58,121,116" hai3="12,82,112,107,87,88,31,117,134,27,74,55,70"/><W28/><G112/><T39/><D106/><U133/><E75/><V60/><F104/><W72/><G117/><T24/><D115/><U56/><E34/><V95/><F48/><W78/><G70/><T123/><D123/><U129/><E133/><V11/><F121/><W10/><G134/><T122/><D39/><U109/><E109/><V120/><F120/><W98/><G55/><T63/><D122/><U89/><E86/><V79/><F5/><W126/><G126/><N who="0" m="48747" /><D30/><U113/><E113/><V100/><F79/><W90/><G72/><T7/><D7/><U73/><E73/><V108/><F108/><W13/><G28/><T97/><D97/><U9/><E19/><V103/><F103/><W102/><G10/><T105/><D52/><U101/><E101/><V94/><F22/><W26/><G26/><T91/><D105/><U37/><E37/><V25/><F127/><W131/><G90/><T69/><AGARI ba="0,0" hai="18,21,24,63,67,69,81,85,91,92,93" m="48747" machi="69" ten="30,1100,0" yaku="18,1" doraHai="35" who="0" fromWho="0" sc="287,11,220,-3,190,-3,303,-5" /><INIT seed="4,0,0,5,3,104" ten="298,217,187,298" oya="0" hai0="45,74,40,84,124,120,41,127,57,67,111,0,91" hai1="1,113,63,82,22,39,5,93,35,11,78,24,55" hai2="125,92,85,109,114,28,62,25,42,121,72,86,103" hai3="90,106,14,12,21,19,94,76,4,96,36,23,61"/><T99/><D120/><U43/><E35/><V3/><F109/><W68/><G36/><T9/><D111/><U108/><E108/><V60/><F3/><W47/><G106/><T18/><D99/><U128/><E128/><V129/><F129/><W119/><G119/><T54/><D67/><U52/><E113/><V77/><F42/><W26/><G47/><T48/><D74/><U133/><E133/><V98/><F125/><W31/><G68/><T13/><D0/><U132/><E132/><V117/><F121/><W64/><G76/><T100/><D100/><U66/><E93/><V56/><F62/><W83/><G83/><T97/><D97/><U102/><E102/><V79/><F114/><W110/><G110/><T101/><D101/><U46/><E22/><V53/><F117/><W118/><G118/><T7/><D7/><U123/><E24/><V2/><F2/><W30/><G4/><T69/><D69/><U80/><E80/><V130/><F130/><W10/><G10/><T29/><D29/><N who="3" m="10761" /><G23/><T34/><D34/><U37/><E37/><V65/><F72/><W107/><G107/><T70/><D70/><N who="1" m="42335" /><E123/><V81/><F53/><W51/><G51/><T27/><D27/><U50/><E50/><V88/><F85/><W89/><G89/><T58/><D127/><U116/><E116/><V6/><F6/><W32/><G32/><AGARI ba="0,0" hai="25,28,32,56,60,65,77,79,81,86,88,92,98,103" machi="32" ten="30,2000,0" yaku="7,1,54,1" doraHai="104" who="2" fromWho="3" sc="298,0,217,0,187,20,298,-20" /><INIT seed="5,0,0,4,3,134" ten="298,217,207,278" oya="1" hai0="29,84,52,21,66,12,110,19,11,106,120,14,16" hai1="33,9,82,113,48,13,6,36,25,114,27,17,85" hai2="103,47,109,70,131,129,74,68,50,125,105,92,108" hai3="56,107,4,46,96,23,102,89,78,132,2,126,38"/><U15/><E36/><V53/><F74/><W97/><G132/><T99/><D110/><N who="2" m="42602" /><F92/><W49/><G38/><T101/><D120/><U60/><E60/><V57/><F103/><W55/><G78/><T72/><D72/><U1/><E48/><V0/><F105/><W18/><G4/><T121/><D121/><U58/><E58/><V124/><F47/><W26/><G2/><T95/><D66/><U76/><E15/><V75/><F75/><W42/><G97/><T28/><D106/><U54/><E54/><V80/><F80/><W111/><G89/><T118/><D118/><U43/><E43/><V31/><F0/><W39/><REACH who="3" step="1"/><G111/><REACH who="3" ten="298,217,207,268" step="2"/><T63/><D84/><U40/><E40/><V77/><F77/><W30/><G30/><T81/><D81/><U10/><REACH who="1" step="1"/><E33/><REACH who="1" ten="298,207,207,268" step="2"/><V117/><F117/><W22/><G22/><T112/><D21/><U135/><E135/><V79/><F79/><W64/><G64/><T116/><D116/><U34/><E34/><V37/><F37/><W67/><G67/><T3/><D3/><U130/><E130/><N who="2" m="49675" /><F31/><W51/><G51/><T61/><D29/><U88/><E88/><V83/><F83/><W86/><G86/><T123/><D28/><U87/><E87/><V45/><F45/><W32/><G32/><T71/><D123/><U98/><E98/><V69/><AGARI ba="0,2" hai="50,53,57,68,69,70,124,125" m="49675,42602" machi="69" ten="40,8000,1" yaku="19,1,34,2,52,2" doraHai="134" who="2" fromWho="2" sc="298,-20,207,-40,207,100,268,-20" /><INIT seed="6,0,0,2,2,42" ten="278,167,307,248" oya="2" hai0="116,95,60,36,12,127,3,93,112,67,1,8,131" hai1="50,101,20,17,16,91,11,2,77,85,134,30,100" hai2="39,84,132,103,83,48,73,15,135,108,37,26,52" hai3="34,113,62,86,33,118,80,128,10,64,5,68,14"/><V24/><F73/><W121/><G118/><T99/><D116/><U97/><E134/><N who="2" m="51243" /><F103/><W71/><G121/><T94/><D36/><N who="2" m="13898" /><F15/><W40/><G128/><T114/><D131/><U105/><E101/><V123/><F123/><W98/><G71/><T66/><D99/><U133/><E133/><V35/><F35/><W9/><G113/><N who="0" m="43627" /><D127/><U7/><E77/><N who="2" m="46191" /><F108/><W22/><G33/><T27/><D27/><U69/><E69/><V76/><F76/><W129/><G34/><T107/><D107/><U51/><E30/><V63/><F63/><W78/><G129/><T45/><D60/><U89/><E17/><V57/><AGARI ba="0,0" hai="24,26,48,52,57" m="46191,13898,51243" machi="57" ten="30,3000,0" yaku="20,1,54,1" doraHai="42" who="2" fromWho="2" sc="278,-10,167,-10,307,30,248,-10" /><INIT seed="6,1,0,0,5,60" ten="268,157,337,238" oya="2" hai0="57,40,37,53,4,90,65,72,91,116,38,97,104" hai1="125,96,87,67,12,20,94,112,17,128,30,99,16" hai2="52,1,47,106,23,75,64,61,108,9,110,21,74" hai3="28,3,31,29,32,14,59,36,100,130,85,25,88"/><V73/><F106/><W82/><G3/><T34/><D72/><U42/><E112/><V77/><F77/><W11/><G130/><T46/><D37/><U124/><E128/><V66/><F1/><W101/><G36/><T84/><D34/><U95/><E42/><V114/><F9/><W126/><G126/><T44/><D44/><U134/><E87/><V2/><F2/><W107/><G59/><T6/><D116/><U70/><E30/><V89/><F89/><W118/><G118/><T49/><D65/><N who="2" m="25194" /><F47/><W54/><G54/><T0/><D0/><U22/><E134/><V51/><F114/><W80/><G80/><T133/><D133/><U71/><E67/><V58/><F61/><W69/><G69/><T109/><D109/><AGARI ba="1,0" hai="21,23,51,52,58,73,74,75,108,109,110" m="25194" machi="109" ten="40,12000,1" yaku="10,1,52,3,54,1" doraHai="60" who="2" fromWho="0" sc="268,-123,157,0,337,123,238,0" /><INIT seed="6,2,0,0,1,11" ten="145,157,460,238" oya="2" hai0="31,39,107,24,8,2,47,70,82,127,133,84,51" hai1="48,66,92,113,118,104,67,18,45,32,42,125,69" hai2="14,124,83,35,68,20,112,117,132,116,15,98,44" hai3="100,80,119,131,59,23,38,101,49,60,36,43,40"/><V102/><F35/><W57/><G80/><T6/><D70/><U50/><E104/><V12/><F68/><W111/><G23/><T115/><D133/><U4/><E118/><V7/><F132/><W126/><G111/><T19/><D127/><U17/><E32/><V75/><F124/><W64/><G119/><T30/><D39/><N who="3" m="14889" /><G101/><T93/><D107/><U95/><E125/><V109/><F7/><W130/><G100/><T103/><D115/><U41/><E69/><V54/><F112/><W1/><G1/><T79/><D19/><U46/><E113/><V34/><F34/><W63/><G49/><T99/><REACH who="0" step="1"/><D24/><REACH who="0" ten="135,157,460,238" step="2"/><U77/><E77/><V21/><F109/><W37/><G126/><T85/><D85/><U0/><E4/><V26/><F26/><W72/><G72/><T71/><D71/><U65/><E0/><V73/><F73/><W91/><G37/><T61/><D61/><U62/><E62/><V88/><F75/><W27/><G27/><T52/><AGARI ba="2,1" hai="2,6,8,30,31,47,51,52,79,82,84,93,99,103" machi="52" ten="20,8000,1" yaku="1,1,0,1,7,1,54,1,53,1" doraHai="11" doraHaiUra="33" who="0" fromWho="0" sc="135,96,157,-22,460,-42,238,-22" /><INIT seed="7,0,0,5,1,108" ten="231,135,418,216" oya="3" hai0="95,89,23,26,78,49,10,22,17,50,103,120,55" hai1="116,36,92,37,77,18,122,115,135,110,58,85,65" hai2="76,21,3,125,88,68,53,106,5,4,16,112,81" hai3="62,27,29,45,129,19,33,30,134,107,14,114,101"/><W25/><G134/><T80/><D120/><U28/><E122/><V32/><F32/><W74/><G74/><T20/><D103/><U43/><E110/><V46/><F68/><W67/><G129/><T73/><D10/><U12/><E135/><V63/><F106/><W8/><G45/><T35/><D35/><U6/><E116/><V51/><F3/><W48/><G48/><T52/><D52/><U82/><E28/><V31/><F31/><W47/><G47/><T59/><D50/><U24/><E24/><V1/><F1/><W118/><G118/><T93/><D93/><U69/><E69/><V87/><F125/><W117/><G117/><T113/><D113/><U111/><E111/><V15/><F112/><W127/><G114/><T130/><D130/><U126/><E115/><V0/><F0/><W94/><G127/><T83/><D83/><U13/><E126/><V11/><F63/><W38/><G38/><T40/><D40/><U57/><E65/><V44/><F46/><W72/><G72/><T100/><D100/><U109/><E109/><V91/><F11/><W34/><G107/><T2/><D2/><U71/><E71/><V99/><F76/><W123/><G123/><T105/><D105/><U41/><E92/><AGARI ba="0,0" hai="4,5,15,16,21,44,51,53,81,87,88,91,92,99" machi="92" ten="40,5200,0" yaku="8,1,54,2" doraHai="108" who="2" fromWho="1" sc="231,0,135,-52,418,52,216,0" owari="231,3.0,83,-42.0,470,57.0,216,-18.0" /></mjloggm>