<mjloggm ver="2.3"><GO type="169" lobby="0"/><UN n0="%E3%81%8F%E3%81%86%E3%81%9F%E3%82%8D" n1="%E5%AE%9F%E5%AD%98" n2="%E9%BA%BB%E9%9B%80%49%51%31%32%30" n3="%E7%8F%BE%E5%A4%A7%E7%9C%9F%E9%BE%8D%E5%B0%86" dan="17,17,17,16" rate="2167.21,2145.99,2102.84,2035.07" sx="M,M,M,M"/><TAIKYOKU oya="0"/><INIT seed="0,0,0,4,4,88" ten="250,250,250,250" oya="0" hai0="115,87,97,59,76,95,84,134,39,96,24,135,25" hai1="63,128,100,23,47,43,102,126,42,72,121,94,41" hai2="55,51,15,109,14,62,29,77,74,48,58,91,118" hai3="36,54,90,81,119,127,106,104,66,34,79,61,124"/><T125/><D39/><U133/><E121/><V68/><F109/><W132/><G119/><T83/><D59/><U27/><E72/><V57/><F29/><W21/><G34/><T26/><D115/><U103/><E133/><N who="0" m="50697" /><D125/><U37/><E126/><N who="3" m="48170" /><G132/><T70/><D70/><U69/><E128/><V60/><F68/><N who="3" m="42063" /><G36/><T17/><D17/><U10/><E69/><V46/><F51/><W80/><G21/><T131/><D131/><U12/><E63/><V67/><F118/><W44/><G90/><AGARI ba="0,0" hai="24,25,26,76,83,84,87,90,95,96,97" m="50697" machi="90" ten="30,2900,0" yaku="20,1,52,1" doraHai="88" who="0" fromWho="3" sc="250,29,250,0,250,0,250,-29" /><INIT seed="0,1,0,3,1,17" ten="279,250,250,221" oya="0" hai0="43,84,114,116,30,55,106,59,108,0,23,6,67" hai1="52,10,68,7,79,16,104,111,48,131,62,11,66" hai2="70,61,1,34,64,134,125,49,128,21,123,9,22" hai3="51,69,107,25,41,81,53,133,87,77,135,83,8"/><T13/><D114/><U38/><E38/><V46/><F34/><W88/><G107/><T76/><D116/><U127/><E104/><V130/><F123/><W121/><G41/><T109/><D106/><U99/><E111/><N who="0" m="42569" /><D43/><U4/><E131/><V82/><F82/><W31/><G69/><T29/><D67/><U56/><E127/><V126/><F134/><W90/><G8/><N who="0" m="2119" /><D84/><U115/><E115/><V12/><F1/><W58/><G121/><T98/><D98/><U120/><E120/><V86/><F86/><W91/><REACH who="3" step="1"/><G83/><REACH who="3" ten="279,250,250,211" step="2"/><T112/><D112/><U101/><E11/><V39/><F126/><W15/><G15/><T24/><D13/><U14/><E79/><V28/><F125/><W80/><G80/><T44/><D76/><U75/><E75/><V35/><F12/><W124/><G124/><T110/><D110/><U45/><E68/><V60/><F130/><W119/><G119/><T122/><D122/><U47/><E4/><V40/><F128/><W63/><G63/><N who="0" m="36351" /><D44/><U85/><E7/><V37/><F9/><W36/><G36/><T65/><D65/><U94/><E45/><V19/><F39/><W42/><G42/><T132/><D132/><U113/><E113/><V78/><F37/><W50/><G50/><T129/><D129/><U93/><E47/><V96/><F61/><W103/><G103/><T92/><D92/><U2/><E2/><V57/><F70/><W117/><G117/><T74/><D74/><U26/><E66/><V71/><F71/><W20/><AGARI ba="1,1" hai="20,25,31,51,53,58,77,81,87,88,90,91,133,135" machi="20" ten="30,7900,0" yaku="1,1,0,1,52,1,54,1,53,0" doraHai="17" doraHaiUra="100" who="3" fromWho="3" sc="279,-40,250,-21,250,-21,211,92" /><INIT seed="1,0,0,5,1,112" ten="239,229,229,303" oya="1" hai0="115,39,64,130,58,118,76,135,132,117,17,125,114" hai1="28,75,37,81,61,11,34,79,16,46,15,32,68" hai2="106,109,78,77,131,55,21,103,38,113,87,13,6" hai3="26,67,29,10,51,82,0,129,123,74,100,8,91"/><U35/><E28/><V71/><F38/><W88/><G123/><T127/><D39/><U72/><E72/><V99/><F71/><W4/><G100/><T105/><D76/><U49/><E37/><V111/><F55/><W2/><G67/><T84/><D84/><U95/><E95/><V43/><F43/><W33/><G129/><T90/><D90/><U7/><E61/><V25/><F131/><W83/><G51/><T122/><D130/><U116/><E68/><V85/><F13/><W73/><G83/><T1/><D1/><U80/><E80/><V94/><F6/><W42/><G42/><T101/><D17/><U18/><REACH who="1" step="1"/><E116/><REACH who="1" ten="239,219,229,303" step="2"/><N who="0" m="44649" /><D122/><U104/><E104/><V119/><F94/><W14/><G73/><T23/><D105/><U24/><E24/><V124/><F25/><W12/><G74/><T62/><D101/><U54/><AGARI ba="0,1" hai="7,11,15,16,18,32,34,35,46,49,54,75,79,81" machi="54" ten="30,6000,0" yaku="1,1,0,1,54,1,53,0" doraHai="112" doraHaiUra="70" who="1" fromWho="1" sc="239,-20,219,70,229,-20,303,-20" /><INIT seed="1,1,0,4,5,107" ten="219,289,209,283" oya="1" hai0="91,68,127,21,83,69,55,89,54,106,19,97,50" hai1="29,133,37,88,22,0,49,113,112,10,123,65,15" hai2="110,104,131,75,44,82,42,2,128,14,30,98,46" hai3="58,94,124,85,103,43,9,114,47,125,129,48,51"/><U5/><E37/><V73/><F82/><W39/><G114/><T20/><D127/><U81/><E123/><V80/><F80/><W99/><G129/><T109/><D109/><U18/><E133/><V95/><F110/><W86/><G9/><T59/><D106/><U132/><E132/><V87/><F2/><W16/><G16/><T26/><D69/><U105/><E105/><V93/><F104/><W11/><G11/><T27/><D68/><U23/><E65/><V67/><F67/><W126/><G48/><T4/><D4/><U77/><E49/><V56/><F56/><W115/><G115/><T7/><D7/><U108/><E108/><V121/><F30/><W96/><G99/><T41/><D41/><U101/><E101/><V38/><F14/><W118/><G118/><T25/><D54/><AGARI ba="1,0" hai="39,43,47,51,54,58,85,86,94,96,103,124,125,126" machi="54" ten="40,1300,0" yaku="18,1" doraHai="107" who="3" fromWho="0" sc="219,-16,289,0,209,0,283,16" /><INIT seed="2,0,0,2,0,111" ten="203,289,209,299" oya="2" hai0="38,71,1,58,120,60,41,61,30,45,21,121,83" hai1="103,113,54,135,52,32,102,88,72,18,119,77,131" hai2="99,63,87,126,70,79,28,15,91,26,31,65,112" hai3="11,123,105,74,122,4,94,68,89,117,84,43,37"/><V34/><F126/><W22/><G117/><T57/><D1/><U3/><E119/><V127/><F127/><W6/><G68/><T27/><D71/><U64/><E3/><V109/><F31/><W39/><G105/><T55/><REACH who="0" step="1"/><D83/><REACH who="0" ten="193,289,209,299" step="2"/><U13/><E131/><V25/><F109/><W48/><G123/><T46/><D46/><U134/><E134/><V92/><F15/><W106/><G122/><T35/><D35/><U86/><E32/><V97/><F26/><W67/><G39/><T76/><D76/><U78/><E135/><V69/><F69/><W124/><G37/><T7/><D7/><U2/><E2/><V24/><F24/><W53/><G4/><T33/><D33/><U93/><E78/><V110/><F79/><W49/><G6/><T10/><D10/><U132/><E77/><V29/><F110/><W0/><G11/><T5/><D5/><U116/><E132/><V133/><F133/><W36/><G36/><T51/><D51/><U62/><E116/><V107/><F25/><W90/><G48/><T98/><D98/><U9/><E72/><V17/><F99/><W104/><G49/><T42/><D42/><U108/><E108/><V14/><F34/><W75/><G0/><T101/><D101/><U73/><E73/><V40/><F40/><W130/><G43/><T100/><D100/><U50/><E50/><V66/><F97/><W128/><G74/><T125/><D125/><U85/><E103/><V20/><F70/><W114/><G75/><T80/><D80/><U44/><E102/><V19/><F14/><W8/><G124/><RYUUKYOKU ba="0,1" sc="193,30,289,-10,209,-10,299,-10" hai0="21,27,30,38,41,45,55,57,58,60,61,120,121" /><INIT seed="3,1,1,1,3,116" ten="223,279,199,289" oya="3" hai0="41,94,69,83,47,34,74,110,126,37,64,87,63" hai1="10,127,115,117,29,101,96,84,20,124,62,86,32" hai2="99,55,17,119,70,107,97,7,33,73,67,42,81" hai3="121,56,80,27,109,30,40,93,92,31,36,28,77"/><W100/><G109/><T89/><D110/><U129/><E117/><V57/><F33/><W122/><G27/><T58/><D126/><U130/><E115/><V120/><F7/><W13/><G13/><T112/><D112/><U98/><E32/><V43/><F67/><W18/><G18/><T45/><D34/><U71/><E10/><V79/><F70/><W9/><G9/><T19/><D19/><U76/><E71/><V105/><F17/><W15/><G15/><T11/><D11/><U12/><E62/><V68/><F68/><W123/><G100/><T4/><D4/><U16/><E29/><V23/><F23/><W88/><G56/><T24/><D24/><U113/><E113/><V22/><F22/><W1/><G1/><T60/><D47/><U2/><E2/><V5/><F5/><W3/><G3/><T95/><REACH who="0" step="1"/><D74/><REACH who="0" ten="213,279,199,289" step="2"/><U44/><E16/><V49/><F119/><W133/><G133/><T132/><D132/><U59/><E44/><V135/><F135/><W6/><G6/><T35/><D35/><U108/><E108/><V111/><F111/><W90/><G30/><T14/><D14/><U104/><E12/><V134/><F134/><W103/><G28/><T61/><D61/><U26/><E26/><V65/><F73/><W114/><G31/><T131/><D131/><U118/><E129/><V78/><F78/><W25/><G25/><T52/><AGARI ba="1,2" hai="37,41,45,52,58,60,63,64,69,83,87,89,94,95" machi="52" ten="20,5200,0" yaku="1,1,0,1,7,1,54,1,53,0" doraHai="116" doraHaiUra="8" who="0" fromWho="0" sc="213,75,279,-14,199,-14,289,-27" /><INIT seed="4,0,0,0,3,25" ten="288,265,185,262" oya="0" hai0="36,33,84,31,76,90,121,40,88,99,83,130,81" hai1="120,57,117,47,1,126,11,42,132,22,73,56,119" hai2="92,5,8,106,75,67,65,111,38,77,72,98,70" hai3="122,53,58,66,115,74,131,39,124,6,15,113,21"/><T94/><D121/><U86/><E120/><V96/><F111/><W19/><G122/><T93/><D130/><U104/><E104/><V112/><F38/><W16/><G6/><T61/><D36/><U0/><E73/><V114/><F106/><W116/><G116/><T105/><D40/><U10/><E42/><V110/><F110/><W135/><G131/><T128/><D128/><U50/><E86/><V125/><F125/><W82/><G39/><T28/><D33/><U32/><E32/><V78/><F5/><W68/><G124/><T7/><D7/><U85/><E126/><V20/><F20/><W4/><G4/><T13/><D13/><U60/><E22/><V79/><F8/><W29/><G66/><N who="2" m="25097" /><F70/><W108/><G68/><T52/><D105/><U17/><E1/><V63/><F63/><W91/><G108/><T71/><D71/><U101/><E0/><V55/><F55/><W54/><G74/><N who="2" m="28201" /><F92/><W3/><G3/><T129/><D129/><U64/><E64/><V109/><F109/><W123/><G123/><T30/><D76/><U100/><E60/><V46/><F46/><W18/><G53/><T102/><D90/><U26/><E119/><V89/><F89/><W41/><G41/><T27/><D27/><U118/><E26/><V134/><F134/><W45/><G45/><T103/><D103/><U44/><E132/><V14/><F14/><W69/><G135/><T43/><D43/><U12/><E12/><V95/><F95/><W35/><G35/><T80/><D94/><U59/><E117/><V133/><F133/><W97/><G15/><RYUUKYOKU ba="0,0" sc="288,15,265,-15,185,15,262,-15" hai0="28,30,31,52,61,80,81,83,84,88,93,99,102" hai2="77,78,79,96,98,112,114" /><INIT seed="4,1,0,0,0,55" ten="303,250,200,247" oya="0" hai0="48,117,63,5,0,68,30,78,89,60,86,34,133" hai1="79,81,76,1,35,93,82,58,21,14,40,36,69" hai2="32,18,16,57,52,96,10,3,13,132,121,129,53" hai3="134,91,104,38,42,114,105,23,92,6,71,47,26"/><T128/><D117/><U29/><E69/><V100/><F121/><W50/><G71/><T67/><D78/><U73/><E1/><V27/><F3/><W31/><G114/><T85/><D128/><U99/><E35/><V125/><F129/><W2/><G134/><T62/><D133/><U39/><E40/><V9/><F132/><W116/><G116/><T41/><D86/><U44/><E44/><V59/><F125/><W72/><G72/><T74/><D74/><U115/><E115/><V135/><F32/><W90/><G91/><T28/><D0/><U124/><E124/><V33/><F33/><W61/><G61/><T56/><D5/><U122/><E122/><V87/><F87/><W43/><G43/><T4/><D4/><U127/><E127/><V51/><F135/><W46/><G47/><N who="0" m="25711" /><D68/><U11/><E79/><V77/><F77/><W54/><G42/><T107/><D107/><U80/><E36/><V83/><F83/><W95/><G38/><T106/><D106/><U12/><E39/><V15/><F27/><W113/><G113/><T110/><D34/><U131/><E131/><V45/><F53/><W24/><G24/><T37/><D37/><U108/><E76/><V84/><F84/><W17/><G92/><AGARI ba="1,0" hai="9,10,13,15,16,18,45,51,52,57,59,92,96,100" machi="92" ten="30,12000,2" yaku="7,1,9,1,8,1,52,2,54,2" doraHai="55" who="2" fromWho="3" sc="303,0,250,0,200,123,247,-123" /><INIT seed="5,0,0,1,2,28" ten="303,250,323,124" oya="1" hai0="67,24,97,8,59,74,36,47,115,106,132,110,55" hai1="95,26,39,45,113,125,41,71,98,82,79,18,12" hai2="40,77,33,30,91,69,11,84,51,25,118,72,13" hai3="48,37,130,134,111,85,31,96,66,21,38,44,127"/><U80/><E71/><V103/><F103/><W135/><G111/><T35/><D110/><U101/><E113/><V131/><F72/><W65/><G127/><T15/><D74/><U1/><E125/><V73/><F73/><W104/><G130/><T119/><D119/><U19/><E1/><V9/><F77/><W17/><G31/><T52/><D115/><U112/><E112/><V81/><F69/><W128/><G128/><T107/><D132/><N who="3" m="50729" /><G85/><T93/><D67/><N who="3" m="25609" /><G96/><T83/><D83/><U34/><E79/><V43/><F118/><W23/><G104/><T99/><D99/><U58/><E19/><V92/><F92/><W120/><G120/><T116/><D116/><U121/><E121/><V56/><F9/><W90/><G90/><T54/><D59/><U3/><E58/><V5/><F131/><W16/><G21/><T60/><D97/><U4/><E80/><V117/><F117/><W32/><G32/><T61/><D93/><U87/><E82/><V102/><F102/><W114/><G114/><T70/><D70/><U46/><E87/><V20/><F33/><W14/><G17/><N who="0" m="8423" /><D106/><U50/><E34/><V7/><F7/><W57/><G57/><T88/><D88/><U109/><E109/><V49/><F56/><W64/><N who="3" m="25617" /><W122/><DORA hai="0" /><G122/><T63/><D107/><U2/><E4/><V53/><F91/><W68/><G68/><T10/><D10/><U27/><E27/><V42/><F84/><W76/><G76/><T86/><D86/><U78/><E26/><V105/><F81/><W126/><G126/><T62/><D35/><RYUUKYOKU ba="0,0" sc="303,-10,250,-10,323,-10,124,30" hai3="14,16,23,37,38,44,48" /><INIT seed="6,1,0,3,2,67" ten="293,240,313,154" oya="2" hai0="26,115,33,122,97,89,54,12,116,16,56,129,9" hai1="43,88,8,126,135,99,80,40,70,125,124,82,31" hai2="64,27,112,69,77,23,86,50,4,6,45,87,98" hai3="19,49,81,95,57,68,25,35,108,30,75,73,109"/><V76/><F98/><W114/><G68/><T104/><D122/><U28/><E135/><V22/><F112/><W91/><G114/><T107/><D115/><U51/><E8/><V119/><F119/><W62/><G49/><T34/><D129/><U63/><E99/><V102/><F102/><W14/><G109/><T37/><D37/><U96/><E96/><V101/><F101/><W29/><G29/><T17/><D116/><U47/><E43/><V21/><F27/><W74/><G108/><T103/><D104/><U94/><E94/><V13/><F64/><W60/><G81/><T100/><D89/><U111/><E111/><V133/><F69/><W113/><G113/><T71/><D71/><U52/><E82/><V127/><F127/><W59/><G62/><T7/><D103/><U84/><E40/><V18/><F133/><W38/><G38/><T0/><D26/><U110/><E110/><V134/><F134/><W2/><G2/><T65/><D65/><AGARI ba="1,0" hai="28,31,47,51,52,63,65,70,80,84,88,124,125,126" machi="65" ten="40,8000,1" yaku="18,1,52,1,54,2" doraHai="67" who="1" fromWho="0" sc="293,-83,240,83,313,0,154,0" /><INIT seed="7,0,0,2,4,97" ten="210,323,313,154" oya="3" hai0="89,131,104,9,42,111,3,103,62,73,122,79,126" hai1="46,125,47,0,98,61,75,34,41,105,21,64,112" hai2="81,115,90,74,67,14,15,70,130,95,33,113,86" hai3="1,124,55,72,85,91,39,83,28,135,94,69,54"/><W11/><G69/><T102/><D111/><U37/><E34/><V117/><F33/><W35/><G39/><T2/><D122/><U56/><E0/><V128/><F117/><W36/><G36/><T57/><D42/><U5/><E75/><V18/><F67/><W63/><G124/><T48/><D48/><U29/><E125/><V119/><F70/><W19/><G135/><T20/><D126/><U76/><E76/><V99/><F74/><W23/><G35/><T30/><D131/><N who="2" m="50218" /><F119/><W31/><G1/><T93/><D104/><U106/><E5/><V132/><F132/><W100/><G11/><T26/><D3/><U101/><E112/><N who="2" m="43083" /><F18/><W120/><G120/><T84/><D79/><AGARI ba="0,0" hai="14,15,79,81,86,90,95,99" m="43083,50218" machi="79" ten="30,2000,0" yaku="19,1,15,1" doraHai="97" who="2" fromWho="0" sc="210,-20,323,0,313,20,154,0" owari="190,-21.0,323,12.0,333,44.0,154,-35.0" /></mjloggm>