<mjloggm ver="2.3"><GO type="169" lobby="0"/><UN n0="%E3%81%A6%E3%82%93%E3%81%A6%E3%81%93%E7%8B%90" n1="%E3%83%91%E3%83%88%E3%82%AB%E3%83%BC%E7%87%83%E3%82%84%E3%81%99" n2="%E3%81%8D%E3%81%BF%E3%81%A9%E3%82%8A%E3%82%93" n3="%E9%81%8A%E8%B5%B0" dan="16,17,17,17" rate="2169.71,2243.32,2166.55,2183.54" sx="M,F,F,F"/><TAIKYOKU oya="0"/><INIT seed="0,0,0,3,1,22" ten="250,250,250,250" oya="0" hai0="65,4,53,15,46,33,49,26,80,75,24,36,56" hai1="127,45,110,1,18,130,99,124,37,78,96,42,63" hai2="81,7,91,73,64,9,95,106,116,97,35,39,79" hai3="113,92,107,72,23,117,132,51,100,94,135,59,128"/><T98/><D33/><U105/><E1/><V32/><F116/><W133/><G117/><T129/><D129/><U83/><E130/><V115/><F115/><W68/><G113/><T70/><D98/><U12/><E110/><V3/><F64/><W17/><G68/><T104/><D104/><U109/><E63/><V62/><F62/><W123/><G72/><T58/><D58/><U0/><E0/><V88/><F91/><W48/><G128/><T34/><D34/><U121/><E121/><V41/><REACH who="2" step="1"/><F106/><REACH who="2" ten="250,250,240,250" step="2"/><W27/><G123/><T61/><D80/><U21/><E105/><V52/><F52/><N who="3" m="32135" /><G51/><T13/><D75/><N who="1" m="43487" /><E109/><V38/><F38/><W89/><G89/><T103/><D103/><U11/><E37/><V119/><F119/><W29/><G107/><T57/><D36/><U2/><E42/><V5/><F5/><W28/><G100/><T112/><D112/><U50/><E50/><V76/><F76/><W87/><G87/><T111/><D111/><U47/><E96/><V85/><F85/><W25/><G29/><T10/><D70/><U120/><E99/><V44/><AGARI ba="0,1" hai="3,7,9,32,35,39,41,44,73,79,81,88,95,97" machi="44" ten="30,8000,1" yaku="1,1,0,1,25,2,54,1,53,0" doraHai="22" doraHaiUra="102" who="2" fromWho="2" sc="250,-40,250,-20,240,90,250,-20" /><INIT seed="1,0,0,5,1,90" ten="210,230,330,230" oya="1" hai0="3,134,118,15,76,95,52,84,28,33,93,12,97" hai1="125,62,14,4,115,36,87,69,77,117,8,38,129" hai2="101,128,110,70,32,19,100,99,103,96,122,94,111" hai3="75,55,2,116,37,56,119,108,25,114,73,17,5"/><U45/><E115/><V83/><F32/><W89/><G114/><T58/><D3/><U7/><E117/><N who="3" m="45130" /><G108/><N who="2" m="41513" /><F70/><W121/><G121/><T92/><D118/><U41/><E129/><V81/><F19/><W57/><G37/><T60/><D134/><U65/><E125/><V112/><F122/><W24/><G89/><T63/><D33/><U10/><E38/><V30/><F30/><W26/><G17/><T44/><D28/><U61/><E61/><V47/><F112/><W80/><G80/><N who="2" m="30793" /><F47/><W120/><G120/><T105/><D105/><U126/><E126/><V31/><F31/><W35/><G35/><T50/><D97/><N who="2" m="37450" /><F128/><W131/><G131/><T22/><D22/><U113/><E113/><V20/><F20/><W29/><G29/><T133/><D133/><U39/><E39/><V40/><F40/><W66/><G66/><T135/><D135/><U91/><E8/><V16/><F16/><W79/><G57/><T109/><D109/><U11/><E11/><V132/><F132/><W78/><G5/><T42/><D63/><U6/><E77/><N who="3" m="29194" /><G2/><T0/><D0/><U107/><E107/><V54/><F54/><W86/><G56/><T43/><D43/><U21/><E21/><V104/><F104/><W68/><G68/><T88/><D76/><U102/><E10/><V46/><F46/><W85/><G55/><T59/><D59/><U123/><E123/><V72/><F72/><AGARI ba="0,0" hai="24,25,26,72,73,75,85,86" m="29194,45130" machi="72" ten="40,5200,0" yaku="28,2,12,1" doraHai="90" who="3" fromWho="2" sc="210,0,230,0,330,-52,230,52" /><INIT seed="2,0,0,2,0,6" ten="210,230,278,282" oya="2" hai0="93,118,19,113,68,125,15,2,115,108,128,42,39" hai1="79,89,120,23,22,9,52,112,72,62,95,66,51" hai2="69,34,27,36,26,43,117,17,16,99,0,98,124" hai3="35,77,84,18,83,73,38,60,90,5,119,129,49"/><V135/><F117/><W103/><G119/><T88/><D2/><U57/><E112/><V24/><F69/><W85/><G129/><T97/><D118/><U126/><E126/><V25/><F124/><W110/><G35/><T64/><D125/><U121/><E72/><V41/><F0/><W134/><G110/><T131/><D108/><U76/><E76/><V114/><F114/><W32/><G38/><T133/><D133/><U70/><E79/><V127/><F127/><W29/><G134/><T12/><D12/><U75/><E75/><V106/><F135/><W87/><G5/><T82/><D82/><U11/><E23/><N who="2" m="13415" /><F34/><W71/><G18/><T7/><D7/><U74/><E22/><N who="2" m="13519" /><F106/><W78/><G78/><T132/><D132/><U123/><REACH who="1" step="1"/><E74/><REACH who="1" ten="210,220,278,282" step="2"/><V67/><F26/><W101/><G73/><T47/><D131/><U20/><E20/><V10/><F27/><W21/><G32/><T91/><D128/><U37/><E37/><V55/><F36/><W94/><G21/><T40/><D115/><U111/><E111/><V102/><F67/><W59/><G77/><T58/><D113/><U122/><E122/><V61/><F10/><W3/><G29/><T44/><D64/><U81/><E81/><V86/><F86/><AGARI ba="0,1" hai="9,11,51,52,57,62,66,70,86,89,95,120,121,123" machi="86" ten="40,12000,2" yaku="1,1,13,1,52,2,54,1,53,2" doraHai="6" doraHaiUra="4" who="1" fromWho="2" sc="210,0,220,130,278,-120,282,0" /><INIT seed="3,0,0,3,1,102" ten="210,350,158,282" oya="3" hai0="14,77,134,125,29,8,97,109,12,120,60,64,53" hai1="65,54,91,135,41,39,128,50,61,62,42,10,0" hai2="86,23,100,57,37,129,49,82,83,16,90,32,1" hai3="5,35,94,31,68,59,80,66,103,22,47,127,13"/><W111/><G127/><T56/><D120/><U106/><E61/><V20/><F129/><W27/><G111/><T34/><D109/><U48/><E48/><V58/><F37/><W28/><G68/><T36/><D36/><U93/><E39/><V113/><F32/><W67/><G80/><T44/><D125/><U9/><E135/><V11/><F113/><W7/><G31/><T81/><D134/><U115/><E115/><V45/><F100/><W70/><G70/><T15/><D97/><U87/><E106/><V85/><F23/><W96/><G35/><T46/><D34/><U118/><E118/><V52/><F1/><W38/><G13/><T25/><D8/><U88/><E128/><V6/><F6/><W17/><G17/><T131/><D131/><U117/><E117/><V75/><F75/><W2/><G2/><T121/><D121/><U112/><E112/><V69/><F69/><W123/><G67/><T105/><D105/><U79/><E79/><V43/><F43/><N who="3" m="23031" /><G123/><T133/><D133/><U130/><E130/><V99/><F99/><W101/><G103/><T21/><REACH who="0" step="1"/><D64/><REACH who="0" ten="200,350,158,282" step="2"/><U114/><E114/><V3/><F3/><W104/><G104/><T33/><D33/><U73/><E65/><V126/><F126/><W26/><G66/><T24/><D24/><U89/><E9/><V132/><F132/><W4/><G27/><T124/><D124/><U119/><E10/><V19/><F11/><W30/><G30/><T95/><D95/><U108/><E93/><V98/><F19/><W116/><G116/><T71/><D71/><U92/><E108/><RYUUKYOKU ba="0,1" sc="200,15,350,-15,158,-15,282,15" hai0="12,14,15,21,25,29,44,46,53,56,60,77,81" hai3="4,5,7,22,26,28,59,94,96,101" /><INIT seed="3,1,1,1,0,89" ten="215,335,143,297" oya="3" hai0="132,50,40,122,27,16,106,61,105,5,98,6,22" hai1="21,99,64,15,97,47,86,18,118,8,133,58,31" hai2="69,127,25,87,96,3,102,34,130,33,120,28,19" hai3="95,124,9,92,42,107,30,39,37,54,35,26,83"/><W41/><G107/><T100/><D122/><U88/><E133/><V29/><F120/><W62/><G83/><T135/><D106/><U114/><E114/><V2/><F69/><W119/><G119/><T13/><D61/><N who="1" m="37943" /><E118/><V53/><F127/><W52/><G9/><T38/><D38/><U85/><E85/><V80/><F130/><W0/><G0/><T46/><REACH who="0" step="1"/><D13/><REACH who="0" ten="205,335,143,297" step="2"/><U20/><E47/><V82/><F2/><W73/><G62/><T121/><D121/><U7/><E31/><V63/><F3/><W59/><G30/><T123/><D123/><U129/><E129/><V68/><F29/><W75/><G124/><T91/><D91/><U115/><E115/><V74/><F63/><W111/><G111/><T4/><AGARI ba="1,2" hai="4,5,6,16,22,27,40,46,50,98,100,105,132,135" machi="4" ten="30,7900,0" yaku="1,1,0,1,54,1,53,1" doraHai="89" doraHaiUra="93" who="0" fromWho="0" sc="205,102,335,-21,143,-21,297,-40" /><INIT seed="4,0,0,2,2,129" ten="307,314,122,257" oya="0" hai0="11,6,103,81,47,58,126,104,106,16,90,76,36" hai1="65,10,17,123,46,118,38,73,1,78,83,43,30" hai2="131,24,116,15,110,97,87,23,54,62,102,125,99" hai3="85,3,91,108,101,31,27,135,86,2,44,28,7"/><T49/><D126/><U39/><E118/><V55/><F110/><W70/><G108/><T121/><D121/><U107/><E123/><V4/><F131/><W64/><G135/><T128/><D128/><U45/><E30/><V8/><F125/><W133/><G133/><T74/><D36/><U29/><E29/><V42/><F116/><W132/><G132/><T93/><D103/><U94/><E65/><V18/><F42/><W117/><G117/><T13/><D58/><U33/><E33/><V95/><F87/><W21/><G101/><T59/><D59/><U109/><E109/><V75/><F75/><W20/><G44/><T26/><D26/><U50/><E17/><V96/><F62/><W77/><G77/><T9/><D93/><U41/><E50/><V34/><F34/><W84/><G91/><T89/><D106/><U72/><E94/><V100/><REACH who="2" step="1"/><F95/><REACH who="2" ten="307,314,112,257" step="2"/><W61/><G85/><T98/><D104/><U12/><E107/><V79/><F79/><W63/><G86/><T52/><REACH who="0" step="1"/><D98/><REACH who="0" ten="297,314,112,257" step="2"/><U53/><E39/><V112/><F112/><W37/><G37/><T105/><D105/><U35/><E38/><V113/><F113/><W66/><G61/><T111/><D111/><U82/><E82/><V0/><F0/><AGARI ba="0,2" hai="0,6,9,11,13,16,47,49,52,74,76,81,89,90" machi="0" ten="30,11600,0" yaku="1,1,7,1,54,2,53,0" doraHai="129" doraHaiUra="115" who="0" fromWho="2" sc="297,136,314,0,112,-116,257,0" owari="433,53.0,314,11.0,-4,-50.0,257,-14.0" /></mjloggm>