<mjloggm ver="2.3"><GO type="185" lobby="0"/><UN n0="%E3%81%97%E3%82%81%E3%81%98%E3%82%93" n1="%E5%BF%AB%E9%81%A9" n2="%68%6F%70%70%6F%31%32%33" n3="" dan="17,17,16,0" rate="2272.89,2319.59,2078.30,1500.00" sx="F,M,M,C"/><TAIKYOKU oya="0"/><INIT seed="0,0,0,1,3,70" ten="350,350,350,0" oya="0" hai0="131,134,64,51,122,0,54,63,35,37,68,81,3" hai1="72,41,57,34,39,116,60,61,128,44,90,85,102" hai2="40,84,69,74,83,108,112,133,2,125,73,98,96" hai3=""/><T82/><N who="0" m="31264" /><T95/><D35/><U71/><E34/><V100/><F108/><T127/><D37/><U80/><E128/><V104/><F69/><T118/><D118/><U119/><E102/><V106/><F112/><T94/><D131/><U75/><E61/><V135/><F2/><T99/><D127/><U76/><E71/><V66/><F66/><T67/><D134/><U86/><E86/><V97/><F40/><T78/><D67/><U79/><E79/><V115/><F115/><T36/><D36/><U45/><E44/><V91/><F125/><T59/><D94/><U110/><E75/><N who="2" m="28683" /><F100/><T129/><D129/><U121/><N who="1" m="31008" /><U47/><E47/><V114/><F114/><T33/><D33/><U120/><N who="1" m="30752" /><U52/><E110/><V38/><F38/><T77/><D3/><U53/><E53/><V89/><F91/><T62/><D0/><U50/><E60/><N who="0" m="23081" /><D68/><U56/><E56/><V124/><F124/><T1/><D1/><U132/><E132/><AGARI ba="0,0" hai="83,84,89,96,97,98,104,106,132,133,135" m="28683" machi="132" ten="40,5200,0" yaku="20,1,34,2" doraHai="70" who="2" fromWho="1" sc="350,0,350,-52,350,52,0,0" /><INIT seed="1,0,0,0,2,40" ten="350,298,402,0" oya="1" hai0="63,77,72,99,49,127,90,120,131,79,108,1,107" hai1="39,41,43,48,65,125,134,56,33,2,46,44,71" hai2="132,130,83,74,135,58,111,35,3,96,84,91,115" hai3=""/><U102/><E2/><V54/><F111/><T87/><N who="0" m="30752" /><T51/><D1/><U113/><E33/><V93/><F35/><T34/><D34/><U82/><E113/><V114/><F130/><T50/><D108/><U116/><E116/><V95/><F74/><T126/><D72/><U128/><E128/><V61/><F3/><T129/><D79/><U117/><E117/><V123/><N who="2" m="31520" /><V97/><F96/><T122/><N who="0" m="31264" /><T32/><D32/><U110/><E110/><V37/><F37/><T98/><D77/><U104/><E82/><V57/><F58/><T88/><D63/><U101/><E134/><N who="2" m="51243" /><F95/><T55/><D107/><U69/><E125/><N who="0" m="47625" /><D129/><U124/><E124/><V75/><F75/><T60/><D131/><U85/><E85/><V86/><F86/><T121/><N who="0" m="31008" /><T38/><D38/><U59/><E65/><V109/><F109/><T80/><D90/><AGARI ba="0,0" hai="54,57,61,83,84,90,91,93,97,114,115" m="51243,31520" machi="90" ten="30,2000,0" yaku="20,1,52,1" doraHai="40" who="2" fromWho="0" sc="350,-20,298,0,402,20,0,0" /><INIT seed="2,0,0,0,4,75" ten="330,298,422,0" oya="2" hai0="123,33,88,103,120,100,79,53,98,55,81,44,78" hai1="66,60,37,36,74,72,130,92,106,119,73,96,111" hai2="116,121,101,1,90,2,35,94,118,0,126,69,52" hai3=""/><V112/><N who="2" m="31008" /><V84/><F69/><T77/><N who="0" m="30752" /><T83/><N who="0" m="31520" /><T3/><D3/><U39/><E119/><V135/><F112/><T70/><D70/><U59/><E106/><V40/><F35/><T93/><D33/><U127/><E111/><V54/><F126/><T64/><D64/><U87/><E87/><V80/><F135/><T68/><D68/><U71/><E130/><V95/><F40/><T45/><D53/><U128/><E128/><V114/><F114/><T86/><D55/><U99/><E127/><V43/><F43/><T113/><D113/><U65/><E92/><V115/><F115/><T129/><D129/><U134/><E134/><V133/><F133/><T131/><D131/><U91/><E91/><V109/><F109/><T34/><D34/><U107/><E107/><V50/><F54/><T76/><REACH who="0" step="1"/><D103/><REACH who="0" ten="320,298,422,0" step="2"/><U67/><E71/><V104/><F101/><T105/><D105/><U117/><E117/><V41/><F104/><T62/><D62/><U38/><N who="1" m="9216" /><DORA hai="63" /><U110/><E110/><V42/><F116/><T97/><D97/><U89/><E99/><V49/><F118/><T122/><N who="0" m="31264" /><T125/><D125/><U56/><E60/><V58/><F42/><T32/><D32/><RYUUKYOKU ba="0,1" sc="320,0,298,0,422,0,0,0" hai0="44,45,76,77,78,79,81,83,86,88,93,98,100" hai1="56,59,65,66,67,72,73,74,89,96" hai2="0,1,2,41,49,50,52,58,80,84,90,94,95" /><INIT seed="2,1,1,4,5,34" ten="320,298,422,0" oya="2" hai0="124,105,61,63,114,77,75,43,2,32,103,118,112" hai1="39,50,73,78,110,132,113,123,122,108,37,45,93" hai2="64,86,90,59,96,82,125,0,70,107,3,57,47" hai3=""/><V91/><F125/><T81/><D32/><U92/><N who="1" m="31264" /><U115/><N who="1" m="31520" /><U80/><E132/><V101/><F70/><T119/><D43/><U60/><E60/><V130/><F130/><T72/><D124/><U1/><E1/><V127/><F127/><T104/><D103/><U120/><N who="1" m="30752" /><U36/><E93/><V106/><F64/><T121/><N who="0" m="31008" /><T46/><D46/><U44/><E92/><V55/><F106/><T53/><D53/><U74/><E73/><V83/><F47/><T71/><D77/><U42/><REACH who="1" step="1"/><E45/><REACH who="1" ten="320,288,422,0" step="2"/><V54/><F107/><T117/><D117/><U85/><E85/><V129/><F129/><T58/><D2/><U38/><N who="1" m="9216" /><DORA hai="126" /><U62/><E62/><V79/><F86/><T67/><D67/><U66/><E66/><V95/><F95/><T52/><D58/><U109/><AGARI ba="1,2" hai="42,44,50,74,78,80,108,109,110,113,115" m="9216,30752,31520,31264" machi="109" ten="70,12000,3" yaku="1,1,0,1,14,1,52,3,53,2" doraHai="34,126" doraHaiUra="94,111" who="1" fromWho="1" sc="320,-41,288,142,422,-81,0,0" /><INIT seed="4,0,0,5,4,40" ten="279,430,341,0" oya="0" hai0="114,74,99,1,115,3,42,53,54,98,59,107,92" hai1="95,38,85,109,110,82,70,51,93,117,43,101,65" hai2="78,97,128,127,46,133,129,52,71,116,79,84,86" hai3=""/><T119/><D74/><U123/><N who="1" m="31520" /><U103/><E117/><V87/><F71/><T44/><D119/><U62/><E38/><V121/><N who="2" m="31008" /><V105/><F127/><T96/><D107/><U112/><E112/><N who="0" m="43049" /><D92/><U55/><E43/><V113/><F113/><T131/><D131/><N who="2" m="50250" /><F133/><T80/><D80/><U45/><E95/><V81/><F116/><T108/><D108/><U37/><E37/><V0/><F0/><N who="0" m="74" /><D59/><U100/><REACH who="1" step="1"/><E93/><REACH who="1" ten="279,420,341,0" step="2"/><V69/><F81/><T132/><D132/><U124/><E124/><V41/><F41/><T90/><D90/><AGARI ba="0,1" hai="45,51,55,62,65,70,82,85,90,100,101,103,109,110" m="31520" machi="90" ten="40,8000,1" yaku="1,1,52,2,53,1" doraHai="40" doraHaiUra="67" who="1" fromWho="0" sc="279,-80,420,90,341,0,0,0" /><INIT seed="5,0,0,5,5,66" ten="199,510,341,0" oya="1" hai0="81,98,1,78,51,125,73,108,32,36,60,122,42" hai1="101,103,135,96,34,63,113,50,53,62,124,133,48" hai2="119,86,69,45,92,38,116,112,70,110,95,126,94" hai3=""/><U54/><E124/><V123/><N who="2" m="31520" /><V77/><F110/><T68/><N who="0" m="31264" /><T74/><D125/><U76/><E76/><V56/><F126/><T104/><D108/><U89/><E89/><V61/><F112/><T129/><D51/><U87/><E96/><V85/><F38/><T52/><D52/><U43/><E43/><V134/><F45/><T82/><D129/><U106/><E87/><V47/><F47/><T65/><D32/><U105/><REACH who="1" step="1"/><E113/><REACH who="1" ten="199,500,341,0" step="2"/><V109/><F109/><T130/><D130/><U67/><E67/><V111/><F111/><T93/><D93/><U55/><E55/><V100/><F100/><T117/><D117/><U115/><E115/><V59/><F77/><T2/><D82/><U37/><E37/><V118/><F134/><T97/><D97/><U131/><E131/><V0/><F0/><T84/><D42/><U39/><E39/><V120/><N who="2" m="30752" /><V57/><REACH who="2" step="1"/><F61/><REACH who="2" ten="199,500,331,0" step="2"/><T128/><D36/><U75/><E75/><V33/><F33/><AGARI ba="0,2" hai="33,34,48,50,53,54,62,63,101,103,105,106,133,135" machi="33" ten="25,12000,1" yaku="1,1,22,2,53,2" doraHai="66" doraHaiUra="102" who="1" fromWho="2" sc="199,0,500,140,331,-120,0,0" /><INIT seed="5,1,0,2,5,63" ten="199,640,211,0" oya="1" hai0="64,36,109,88,71,40,135,2,41,83,91,82,52" hai1="96,65,99,78,117,114,42,32,85,106,60,131,129" hai2="120,119,97,0,77,121,38,118,3,51,35,111,86" hai3=""/><U125/><E32/><V123/><N who="2" m="30752" /><V103/><N who="2" m="31008" /><V33/><N who="2" m="31520" /><V44/><F111/><T53/><D109/><U46/><E117/><V61/><F38/><T112/><D36/><U54/><E54/><N who="0" m="21097" /><D71/><U115/><E125/><V104/><F61/><T84/><D2/><U127/><E127/><V89/><F77/><T79/><D135/><U122/><N who="1" m="31264" /><U47/><E85/><V128/><F128/><N who="1" m="49225" /><E78/><V55/><F33/><T100/><D64/><U81/><E81/><V133/><F133/><T124/><D112/><N who="1" m="43051" /><E106/><V134/><F134/><T94/><D83/><U70/><E47/><V72/><F72/><T126/><D126/><U58/><E70/><V108/><F108/><T92/><D124/><U73/><E73/><V66/><F35/><T45/><D45/><U1/><E1/><V130/><F130/><T101/><D79/><U59/><E58/><V34/><F34/><T76/><D76/><U116/><E116/><V57/><F0/><T39/><D82/><U75/><E75/><V62/><REACH who="2" step="1"/><F3/><REACH who="2" ten="199,640,201,0" step="2"/><T105/><D39/><AGARI ba="1,1" hai="39,42,46,59,60,65,96,99" m="43051,49225,31264" machi="39" ten="30,11600,0" yaku="19,1,15,1,52,2" doraHai="63" who="1" fromWho="0" sc="199,-118,640,128,201,0,0,0" /><INIT seed="5,2,0,3,2,78" ten="81,768,201,0" oya="1" hai0="120,72,83,82,89,88,57,85,123,69,122,59,71" hai1="48,131,50,125,42,132,84,133,43,38,74,67,127" hai2="64,62,110,80,33,116,47,34,52,0,129,55,93" hai3=""/><U102/><E74/><V76/><F110/><T100/><D100/><U121/><N who="1" m="31008" /><U134/><E38/><V3/><F129/><T124/><D124/><N who="1" m="47691" /><E102/><V97/><F116/><T79/><N who="0" m="30752" /><T60/><N who="0" m="31264" /><T2/><N who="0" m="31520" /><T92/><D2/><U56/><E131/><V1/><F47/><T39/><D39/><U113/><E113/><V105/><F105/><T118/><D118/><U99/><E99/><V40/><F40/><N who="1" m="15401" /><E84/><V58/><F34/><T36/><D36/><U46/><E46/><V101/><REACH who="2" step="1"/><F33/><REACH who="2" ten="81,768,191,0" step="2"/><T45/><D45/><U63/><AGARI ba="2,1" hai="48,50,56,63,67,132,133,134" m="15401,47691,31008" machi="63" ten="40,8000,1" yaku="20,1,18,1,34,2,52,1" doraHai="78" who="1" fromWho="1" sc="81,-42,768,94,191,-42,0,0" /><INIT seed="5,3,0,2,1,98" ten="39,862,149,0" oya="1" hai0="76,1,91,75,112,110,53,79,55,46,77,106,126" hai1="97,111,121,58,35,125,38,105,134,63,135,129,118" hai2="2,86,51,113,34,85,104,73,37,41,94,109,89" hai3=""/><U122/><RYUUKYOKU type="yao9" ba="3,0" sc="39,0,862,0,149,0,0,0" hai1="35,38,58,63,97,105,111,118,121,122,125,129,134,135" /><INIT seed="5,4,0,4,1,75" ten="39,862,149,0" oya="1" hai0="121,131,98,33,116,52,129,66,35,87,123,135,108" hai1="69,76,134,82,47,68,42,55,74,122,110,99,132" hai2="43,95,80,128,96,111,119,58,64,105,102,59,36" hai3=""/><U38/><N who="1" m="31264" /><U71/><E110/><V83/><F111/><T107/><N who="0" m="31008" /><T114/><N who="0" m="31520" /><T67/><D108/><U61/><E99/><V118/><F119/><T40/><D116/><U79/><E76/><V113/><F128/><N who="0" m="49226" /><D114/><U57/><AGARI ba="4,0" hai="38,42,47,55,57,61,68,69,71,74,79,82,132,134" m="31264" machi="57" ten="40,5200,0" yaku="0,1,52,2" doraHai="75" who="1" fromWho="1" sc="39,-30,862,60,149,-30,0,0" /><INIT seed="5,5,0,4,3,94" ten="9,922,119,0" oya="1" hai0="76,43,1,50,70,44,55,101,127,117,115,71,100" hai1="111,58,47,61,105,77,119,98,93,79,99,33,125" hai2="86,118,45,51,116,113,3,34,74,103,132,54,80" hai3=""/><U69/><E33/><V78/><F132/><T59/><D1/><U114/><E119/><V110/><F3/><T121/><N who="0" m="31008" /><T60/><D117/><U128/><E128/><V68/><F110/><T83/><D115/><U57/><E125/><V46/><F68/><T81/><D127/><U62/><E69/><V40/><F34/><T53/><D71/><U133/><E93/><V89/><F103/><N who="0" m="39498" /><D70/><U72/><E47/><V97/><F113/><T82/><D76/><U85/><E114/><V35/><F35/><T38/><D38/><U107/><E133/><V106/><F106/><T87/><D87/><U123/><N who="1" m="31520" /><U52/><E85/><V73/><F97/><T108/><D108/><U67/><E111/><V135/><F135/><T75/><D75/><U134/><E134/><V112/><F112/><T92/><D92/><U129/><E129/><V84/><F74/><T63/><D63/><U64/><E72/><V56/><F73/><T102/><N who="0" m="39506" /><T0/><DORA hai="2" /><D0/><U48/><E48/><V126/><F126/><T122/><N who="0" m="31264" /><T49/><D49/><U91/><E91/><V130/><F130/><T37/><D37/><U41/><E41/><AGARI ba="5,0" hai="41,43,44,50,53,55,59,60,81,82,83" m="31264,39506,31008" machi="41" ten="40,5200,0" yaku="8,1,52,2" doraHai="94,2" who="0" fromWho="1" sc="9,62,922,-62,119,0,0,0" /><INIT seed="6,0,0,4,5,34" ten="71,860,119,0" oya="2" hai0="85,130,53,117,59,126,66,84,45,86,38,94,127" hai1="83,52,89,1,56,99,121,131,70,76,50,104,67" hai2="42,107,135,91,3,90,32,106,74,105,113,120,93" hai3=""/><V101/><N who="2" m="30752" /><V97/><F32/><T100/><D117/><U79/><N who="1" m="31008" /><U98/><E52/><V64/><F135/><T39/><D66/><U37/><E98/><V77/><F64/><T63/><D130/><U44/><E76/><V35/><F35/><T119/><D119/><U123/><E67/><V95/><F42/><T87/><N who="0" m="21504" /><DORA hai="96" /><T114/><D114/><U111/><E79/><V49/><F49/><T60/><D60/><U134/><E83/><V57/><F57/><T40/><D94/><N who="2" m="35850" /><F3/><T108/><D108/><U124/><E1/><V80/><F113/><T41/><REACH who="0" step="1"/><D100/><REACH who="0" ten="61,860,119,0" step="2"/><U72/><E50/><V81/><F81/><T128/><D128/><U132/><E56/><V88/><AGARI ba="0,1" hai="74,77,80,88,90,91,97,101,105,106,107" m="35850,30752" machi="88" ten="30,16000,3" yaku="35,5,52,2,54,1" doraHai="34,96" who="2" fromWho="2" sc="61,-80,860,-80,119,170,0,0" owari="-19,-62.0,780,73.0,289,-11.0,0,0.0" /></mjloggm>