<mjloggm ver="2.3"><GO type="169" lobby="0"/><UN n0="%59%61%6E%67%6E%75%6D" n1="%E3%83%99%E3%82%B8%E2%80%95%E3%82%BF" n2="%E5%A4%A7%E5%92%8C%E7%94%B0%E9%A0%AD%E5%8F%96" n3="%E3%82%AB%E3%83%A1%E3%83%83%E3%82%AF%E3%82%B9" dan="16,16,18,16" rate="2183.31,2157.58,2235.60,2115.07" sx="M,M,M,M"/><TAIKYOKU oya="0"/><INIT seed="0,0,0,1,4,17" ten="250,250,250,250" oya="0" hai0="11,14,23,29,72,93,135,59,25,70,10,126,1" hai1="124,95,56,38,84,105,54,89,67,40,19,55,31" hai2="78,53,33,15,125,68,102,79,41,3,42,87,106" hai3="119,122,131,98,101,73,44,107,6,120,48,77,80"/><T50/><D70/><U130/><E105/><V69/><F3/><W121/><G119/><T127/><D72/><U91/><E124/><V75/><F125/><N who="0" m="47626" /><D135/><U12/><E130/><V4/><F33/><W128/><REACH who="3" step="1"/><G6/><REACH who="3" ten="250,250,250,240" step="2"/><N who="0" m="1359" /><D93/><U43/><E95/><V60/><F4/><W86/><G86/><T32/><D59/><U118/><E84/><V52/><F87/><W7/><G7/><N who="0" m="3455" /><D50/><U94/><E56/><V16/><F69/><W99/><G99/><T26/><D26/><U13/><E94/><V74/><F68/><W9/><G9/><T66/><D66/><U85/><E67/><V109/><F75/><W51/><G51/><T116/><D116/><U83/><E85/><V71/><F74/><W110/><G110/><T20/><AGARI ba="0,1" hai="20,23,25,29,32" m="3455,1359,47626" machi="20" ten="30,12000,1" yaku="18,1,34,2,52,2" doraHai="17" who="0" fromWho="0" sc="250,130,250,-40,250,-40,240,-40" /><INIT seed="0,1,0,0,4,96" ten="380,210,210,200" oya="0" hai0="26,85,42,33,24,20,120,41,30,39,82,35,54" hai1="47,5,74,133,134,116,29,66,62,117,99,84,36" hai2="53,115,72,88,126,4,48,67,130,15,31,40,6" hai3="135,64,123,17,22,1,59,92,61,32,102,131,50"/><T56/><D120/><U52/><E74/><V121/><F115/><W57/><G131/><T21/><D35/><U7/><E29/><V103/><F121/><W34/><G1/><T94/><D33/><U8/><E84/><V68/><F72/><W14/><G123/><T18/><D39/><U105/><E36/><V77/><F77/><W63/><G135/><N who="1" m="51722" /><E66/><V122/><F31/><W27/><G50/><T60/><REACH who="0" step="1"/><D94/><REACH who="0" ten="370,210,210,200" step="2"/><U104/><E104/><V38/><F38/><W101/><G92/><T90/><AGARI ba="1,1" hai="18,20,21,24,26,30,41,42,54,56,60,82,85,90" machi="90" ten="20,18000,2" yaku="1,1,2,1,0,1,7,1,8,1,53,1" doraHai="96" doraHaiUra="51" who="0" fromWho="0" sc="370,193,210,-61,210,-61,200,-61" /><INIT seed="0,2,0,2,0,109" ten="563,149,149,139" oya="0" hai0="130,63,112,20,106,80,120,84,76,68,69,48,114" hai1="59,111,37,101,129,117,70,94,60,86,7,64,87" hai2="31,66,5,0,30,38,108,93,132,73,89,90,110" hai3="9,116,46,81,85,19,28,15,11,100,16,88,119"/><T17/><D120/><U54/><E117/><V131/><F38/><W135/><G135/><T32/><D32/><U62/><E111/><N who="2" m="42539" /><F132/><W13/><G100/><T61/><D130/><U128/><E37/><V58/><F73/><W41/><REACH who="3" step="1"/><G28/><REACH who="3" ten="563,149,149,129" step="2"/><T103/><D103/><U78/><E129/><V45/><F31/><W127/><G127/><T123/><D106/><U35/><E128/><V118/><F30/><W83/><G83/><T104/><D104/><U49/><E101/><V134/><F134/><W44/><G44/><T75/><D123/><U133/><E133/><V8/><F131/><W42/><G42/><T67/><D75/><U65/><E35/><V25/><F45/><W53/><G53/><T27/><D48/><AGARI ba="2,1" hai="9,11,13,15,16,19,41,46,48,81,85,88,116,119" machi="48" ten="30,8000,1" yaku="1,1,7,1,9,1,54,2,53,0" doraHai="109" doraHaiUra="91" who="3" fromWho="0" sc="563,-86,149,0,149,0,129,96" /><INIT seed="1,0,0,4,3,129" ten="477,149,149,225" oya="1" hai0="22,64,86,27,119,16,61,23,50,63,103,40,69" hai1="56,115,95,133,62,10,102,118,29,20,1,70,12" hai2="48,124,8,7,54,33,71,122,100,110,51,84,58" hai3="45,18,28,13,105,78,42,4,52,93,3,55,74"/><U47/><E115/><V79/><F122/><W127/><G105/><T57/><D119/><U66/><E118/><V21/><F33/><W30/><G127/><T85/><D103/><U38/><E1/><V108/><F71/><W101/><G30/><T9/><D9/><U59/><E38/><V109/><F124/><W80/><G28/><T25/><D40/><U82/><E82/><N who="2" m="47199" /><F21/><W88/><G101/><T75/><D50/><U68/><E47/><V92/><F100/><W104/><G104/><T98/><D98/><N who="1" m="59743" /><E56/><V130/><F92/><W19/><G19/><T67/><D75/><U121/><E121/><V72/><F72/><W96/><G4/><T97/><D97/><U41/><E41/><V26/><F26/><W24/><G24/><T89/><D89/><U132/><E70/><V76/><F76/><W125/><G3/><T43/><D43/><U106/><E68/><V116/><F116/><W37/><REACH who="3" step="1"/><G125/><REACH who="3" ten="477,149,149,215" step="2"/><T60/><D60/><U17/><E106/><V15/><F130/><W49/><G49/><AGARI ba="0,1" hai="7,8,15,48,49,51,54,58,108,109,110" m="47199" machi="49" ten="30,1000,0" yaku="14,1" doraHai="129" who="2" fromWho="3" sc="477,0,149,0,149,20,215,-10" /><INIT seed="2,0,0,5,1,89" ten="477,149,169,205" oya="2" hai0="87,44,46,121,23,5,48,12,9,109,33,101,29" hai1="107,71,100,135,91,34,61,54,64,51,88,126,74" hai2="95,26,82,4,134,124,57,116,24,117,99,0,15" hai3="19,20,68,75,118,11,78,56,105,52,114,110,86"/><V42/><F0/><W128/><G68/><T84/><D109/><U102/><E34/><V2/><F2/><W111/><G118/><T55/><D121/><U104/><E74/><V14/><F124/><W27/><G105/><T67/><D33/><U41/><E41/><V122/><F122/><W81/><G128/><T72/><D72/><U17/><E126/><V127/><F127/><W112/><G11/><T50/><D101/><U85/><E135/><V80/><F134/><W66/><G66/><T62/><D29/><U103/><E17/><V3/><F3/><W60/><REACH who="3" step="1"/><G75/><REACH who="3" ten="477,149,169,195" step="2"/><T38/><D67/><U106/><REACH who="1" step="1"/><E85/><REACH who="1" ten="477,139,169,195" step="2"/><V1/><F116/><W31/><G31/><T21/><D87/><U129/><E129/><V28/><F117/><W37/><G37/><T73/><D38/><U53/><E53/><V7/><F28/><W83/><G83/><T63/><D84/><U22/><E22/><N who="0" m="8201" /><D73/><U94/><E94/><V123/><F95/><W36/><G36/><T35/><D35/><U96/><E96/><V125/><F125/><W115/><AGARI ba="0,2" hai="19,20,27,52,56,60,78,81,86,110,111,112,114,115" machi="115" ten="40,8000,1" yaku="1,1,0,1,11,1,54,1,53,0" doraHai="89" doraHaiUra="43" who="3" fromWho="3" sc="477,-20,139,-20,169,-40,195,100" /><INIT seed="3,0,0,5,3,35" ten="457,119,129,295" oya="3" hai0="55,22,51,109,118,48,135,52,20,124,25,60,34" hai1="15,6,70,11,62,14,82,102,53,58,67,75,77" hai2="105,131,0,134,133,54,125,79,30,17,113,87,92" hai3="50,45,119,111,47,85,24,110,13,121,112,31,56"/><W116/><G85/><T81/><D109/><N who="3" m="41481" /><G112/><T57/><D118/><N who="3" m="45097" /><G121/><T114/><D114/><U94/><E102/><V18/><F87/><W104/><G104/><T61/><D135/><U72/><E94/><V23/><F92/><W88/><G13/><T19/><D124/><U86/><REACH who="1" step="1"/><E15/><REACH who="1" ten="457,109,129,295" step="2"/><N who="2" m="9663" /><F113/><W39/><G39/><T120/><D120/><U21/><E21/><V33/><F133/><W44/><G24/><T41/><D34/><U84/><E84/><V26/><F33/><W78/><G78/><T80/><D22/><U69/><E69/><V117/><F79/><W91/><G31/><T97/><D97/><U127/><E127/><V3/><F125/><W9/><G9/><T123/><D123/><U132/><E132/><V8/><F134/><W96/><G96/><T95/><D95/><U66/><E66/><V4/><F117/><W36/><G36/><T128/><D20/><U63/><AGARI ba="0,1" hai="6,11,14,53,58,62,63,67,70,72,75,77,82,86" machi="63" ten="20,2700,0" yaku="1,1,0,1,7,1,53,0" doraHai="35" doraHaiUra="12" who="1" fromWho="1" sc="457,-7,109,37,129,-7,295,-13" /><INIT seed="4,0,0,0,4,30" ten="450,146,122,282" oya="0" hai0="72,84,54,25,80,89,133,124,86,61,34,38,4" hai1="71,106,21,16,7,92,96,112,44,113,40,83,5" hai2="91,18,65,10,134,17,62,125,110,95,76,102,90" hai3="9,100,24,42,108,64,77,117,103,123,0,46,70"/><T82/><D133/><U66/><E106/><V120/><F110/><W23/><G108/><T85/><D124/><U55/><E83/><V88/><F120/><W118/><G117/><T27/><D38/><U130/><E55/><V98/><F134/><W67/><G118/><T126/><D126/><U48/><E130/><V31/><F125/><W115/><G77/><T56/><D72/><U57/><E71/><V127/><F127/><W109/><G109/><T122/><D122/><U22/><E66/><V51/><F76/><W19/><G115/><N who="1" m="44106" /><E57/><N who="2" m="37071" /><F10/><W52/><G70/><T2/><D85/><U37/><E21/><V74/><F74/><W75/><G75/><T29/><D25/><N who="1" m="14535" /><E37/><V78/><F78/><W41/><G123/><T32/><D84/><U53/><E40/><V128/><F128/><W12/><G0/><T111/><D111/><U69/><E69/><V97/><F31/><W114/><G114/><T33/><REACH who="0" step="1"/><D82/><REACH who="0" ten="440,146,122,282" step="2"/><U6/><E5/><V131/><F131/><W81/><G81/><T11/><AGARI ba="0,1" hai="2,4,11,27,29,32,33,34,54,56,61,80,86,89" machi="11" ten="30,18000,2" yaku="1,1,2,1,0,1,52,3,53,0" doraHai="30" doraHaiUra="135" who="0" fromWho="0" sc="440,190,146,-60,122,-60,282,-60" /><INIT seed="4,1,0,2,0,27" ten="630,86,62,222" oya="0" hai0="24,66,95,40,32,30,1,62,90,125,0,121,15" hai1="35,26,111,34,71,44,33,7,104,39,94,31,77" hai2="48,65,43,129,82,118,41,84,87,20,16,13,91" hai3="11,6,45,85,76,70,68,23,56,101,75,64,12"/><T106/><D125/><U99/><E111/><V63/><F129/><W47/><G75/><T102/><D121/><U8/><E71/><V72/><F118/><W130/><G130/><T117/><D117/><U79/><E79/><V113/><F113/><W98/><G56/><T61/><D40/><N who="1" m="22559" /><E94/><V135/><F135/><W103/><G23/><T108/><D108/><U67/><E67/><V127/><F127/><W115/><G115/><T97/><D15/><U126/><E77/><V19/><F72/><W74/><G74/><T38/><D38/><U52/><E52/><V14/><F48/><W46/><G64/><T22/><D22/><U18/><E18/><V5/><F5/><W92/><G103/><T36/><D36/><U50/><E50/><V81/><F63/><W80/><AGARI ba="1,0" hai="6,11,12,45,46,47,68,70,76,80,85,92,98,101" machi="80" ten="30,1100,0" yaku="0,1" doraHai="27" who="3" fromWho="3" sc="630,-6,86,-4,62,-4,222,14" /><INIT seed="5,0,0,3,4,101" ten="624,82,58,236" oya="1" hai0="9,71,107,20,134,62,75,74,29,34,51,8,7" hai1="47,73,39,128,49,15,108,66,90,1,85,105,48" hai2="103,119,109,3,126,96,35,36,117,17,11,65,19" hai3="78,70,16,26,55,86,37,46,115,60,110,41,112"/><U92/><E1/><V82/><F109/><W132/><G110/><T130/><D9/><U10/><E108/><V122/><F122/><W76/><G132/><T124/><D34/><U45/><E73/><V133/><F36/><W40/><G40/><T113/><D130/><U4/><E128/><V93/><F133/><W28/><G86/><T12/><D124/><U111/><E111/><V77/><F35/><W44/><G44/><T94/><D113/><N who="3" m="43593" /><G16/><T30/><D30/><U61/><E39/><V99/><F126/><W80/><G80/><T54/><D94/><U50/><REACH who="1" step="1"/><E105/><REACH who="1" ten="624,72,58,236" step="2"/><V5/><F119/><W64/><G55/><T87/><D107/><U97/><E97/><V95/><F117/><W100/><G100/><T88/><D75/><U89/><E89/><V27/><F65/><W13/><G78/><T120/><D74/><U32/><E32/><V127/><F127/><W121/><G76/><T42/><D134/><U114/><E114/><V72/><REACH who="2" step="1"/><F27/><REACH who="2" ten="624,72,48,236" step="2"/><W83/><G26/><T18/><D120/><U129/><E129/><V67/><F67/><W118/><G64/><T91/><D91/><AGARI ba="0,2" hai="3,5,11,17,19,72,77,82,91,93,95,96,99,103" machi="91" ten="30,2000,0" yaku="1,1,7,1,53,0" doraHai="101" doraHaiUra="57" who="2" fromWho="0" sc="624,-20,72,0,48,40,236,0" /><INIT seed="6,0,0,2,3,109" ten="604,72,88,236" oya="2" hai0="73,97,110,88,44,135,30,72,96,13,18,89,35" hai1="118,77,57,45,91,86,131,64,79,67,63,49,36" hai2="39,40,51,125,129,20,11,19,84,121,101,5,128" hai3="81,37,53,132,70,60,38,119,41,85,90,124,58"/><V12/><F39/><W66/><G119/><T116/><D110/><U115/><E118/><V111/><F111/><W83/><G132/><T42/><D135/><U75/><E36/><V69/><F69/><W112/><G124/><T43/><D35/><U22/><E131/><N who="2" m="50251" /><F121/><W92/><G112/><T74/><D30/><U0/><E0/><V98/><F84/><W95/><G95/><T78/><D78/><U102/><E102/><V93/><F125/><W68/><G68/><T9/><D116/><U34/><E34/><V71/><F71/><W47/><G37/><T117/><D117/><U29/><E67/><V1/><F51/><AGARI ba="0,0" hai="38,41,47,51,53,58,60,66,70,81,83,85,90,92" machi="51" ten="30,3900,0" yaku="7,1,24,2" doraHai="109" who="3" fromWho="2" sc="604,0,72,0,88,-39,236,39" /><INIT seed="7,0,0,3,5,33" ten="604,72,49,275" oya="3" hai0="43,130,22,81,78,126,89,125,105,10,86,19,77" hai1="4,71,30,41,46,18,76,90,45,129,110,108,28" hai2="113,84,24,91,128,26,54,34,95,69,97,104,62" hai3="133,103,96,14,52,73,106,20,61,114,85,63,100"/><W111/><G114/><T5/><D105/><U119/><E71/><V32/><F113/><W66/><G73/><T21/><D43/><U25/><E76/><V88/><F128/><W116/><G116/><T94/><D130/><U58/><E129/><V68/><F34/><W131/><G131/><T123/><D123/><U118/><E4/><V38/><F38/><W72/><G72/><T99/><D78/><U101/><E101/><V115/><F115/><W122/><G103/><T2/><D22/><N who="1" m="13527" /><E58/><N who="2" m="35159" /><F32/><W51/><G111/><N who="1" m="42538" /><E90/><N who="2" m="55543" /><F104/><W49/><G133/><T112/><D112/><U98/><E98/><V27/><F69/><W60/><G122/><T36/><D36/><N who="1" m="21671" /><E46/><V117/><F68/><W0/><G0/><T13/><AGARI ba="0,0" hai="2,5,10,13,19,21,77,81,86,89,94,99,125,126" machi="13" ten="30,2000,0" yaku="0,1,52,1" doraHai="33" who="0" fromWho="0" sc="604,20,72,-5,49,-5,275,-10" owari="624,72.0,67,-33.0,44,-46.0,265,7.0" /></mjloggm>