<mjloggm ver="2.3"><GO type="225" lobby="0"/><UN n0="%E9%88%B4%E4%B8%B8" n1="%E3%82%8C%E3%81%A3%E3%81%A9%E3%81%A9%E3%81%A3%E3%81%90" n2="%72%69%6F%75%63%68%61%6E" n3="%E3%81%8A%E3%81%84%E3%81%AE%E3%82%8A" dan="17,16,17,16" rate="2188.14,2031.62,2117.99,2118.56" sx="M,F,M,M"/><TAIKYOKU oya="0"/><INIT seed="0,0,0,5,1,84" ten="250,250,250,250" oya="0" hai0="51,16,89,107,117,105,113,59,21,87,73,85,103" hai1="46,129,2,24,14,9,132,77,27,30,15,10,81" hai2="19,57,127,70,64,29,91,22,83,115,82,32,74" hai3="133,38,110,102,12,1,78,65,6,71,28,106,8"/><T104/><D113/><U67/><E132/><V40/><F115/><W119/><G119/><T112/><D73/><U120/><E120/><V39/><F70/><W122/><G12/><T100/><D117/><U5/><E67/><V13/><F127/><W121/><G78/><T72/><D72/><U116/><E116/><V23/><F32/><W61/><G110/><T90/><D112/><U126/><E126/><V123/><F123/><N who="3" m="47115" /><G28/><T18/><D105/><U92/><E129/><V76/><F39/><W111/><G111/><T48/><D59/><U131/><E131/><V55/><F40/><W49/><G49/><T53/><D53/><U25/><E92/><V58/><F64/><W44/><G133/><T7/><D21/><U79/><E46/><V54/><F54/><W41/><G102/><T43/><REACH who="0" step="1"/><D7/><REACH who="0" ten="240,250,250,250" step="2"/><N who="1" m="3423" /><E77/><V135/><F55/><W52/><G52/><T34/><D34/><N who="1" m="20807" /><E79/><V108/><F76/><W60/><G61/><T66/><D66/><U45/><E45/><V86/><F74/><W35/><G35/><T98/><D98/><U101/><E101/><V33/><F33/><W68/><G71/><T94/><D94/><U63/><E81/><N who="2" m="49615" /><F108/><W118/><G118/><T97/><D97/><U47/><E47/><V50/><F135/><W93/><G93/><T88/><D88/><U20/><E63/><V95/><F95/><W134/><G134/><T4/><D4/><U75/><E75/><V128/><F57/><W69/><G68/><T109/><D109/><U80/><E80/><V96/><F83/><W114/><G114/><T56/><D56/><U99/><E99/><RYUUKYOKU ba="0,1" sc="240,10,250,10,250,-30,250,10" hai0="16,18,43,48,51,85,87,89,90,100,103,104,107" hai1="2,5,9,15,20,25,27" hai3="1,6,8,38,41,44,60,65,69,106" /><INIT seed="0,1,1,2,2,115" ten="250,260,220,260" oya="0" hai0="110,41,109,81,6,135,122,92,126,33,87,45,16" hai1="58,65,100,80,94,11,89,47,90,48,22,113,103" hai2="121,123,5,14,107,68,8,15,59,56,118,39,23" hai3="78,85,19,76,117,66,43,31,98,83,93,29,18"/><T96/><D122/><U50/><E113/><V36/><F68/><W119/><G66/><T7/><D33/><U42/><E11/><V0/><F107/><W60/><G60/><T62/><D62/><N who="1" m="38103" /><E50/><V95/><F0/><W40/><G93/><T12/><D126/><U72/><E72/><V75/><F75/><W105/><G85/><T57/><D57/><U34/><E34/><V61/><F56/><W69/><G69/><T128/><D128/><U55/><E55/><V35/><F35/><W46/><G46/><T74/><D74/><U9/><E9/><V53/><F118/><W134/><G134/><T32/><D32/><U1/><E1/><V27/><F14/><W125/><G125/><T67/><D67/><U21/><E80/><V38/><REACH who="2" step="1"/><F95/><REACH who="2" ten="250,260,210,260" step="2"/><W86/><G105/><T37/><D135/><U17/><E94/><V88/><F88/><N who="1" m="33897" /><E22/><V25/><F25/><AGARI ba="1,2" hai="17,21,25,42,47,48,100,103" m="33897,38103" machi="25" ten="30,2000,0" yaku="8,1,54,1" doraHai="115" who="1" fromWho="2" sc="250,0,260,43,210,-23,260,0" /><INIT seed="1,0,0,2,5,12" ten="250,303,187,260" oya="1" hai0="53,93,97,52,92,21,105,34,56,10,6,86,62" hai1="122,76,68,17,79,132,25,102,131,126,4,23,81" hai2="42,7,75,16,33,116,128,43,2,124,104,70,28" hai3="22,24,5,98,40,46,49,135,65,121,134,112,63"/><U48/><E122/><V129/><F116/><W20/><G121/><T8/><D34/><U91/><E68/><V13/><F75/><W27/><G112/><T39/><D39/><U44/><E132/><N who="3" m="50730" /><G5/><T18/><D105/><U114/><E114/><V66/><F104/><W117/><G117/><T82/><D53/><U96/><E131/><N who="2" m="50251" /><F124/><W83/><G83/><T74/><D74/><U111/><E126/><V73/><F73/><W31/><G98/><T107/><D107/><U120/><E120/><V64/><F2/><W51/><G51/><T80/><D80/><U38/><E38/><V59/><F7/><W9/><G9/><N who="0" m="3691" /><D6/><U94/><E111/><V78/><F78/><W57/><G27/><N who="0" m="14775" /><D97/><U36/><E36/><V41/><F70/><W11/><G11/><T0/><D0/><U130/><E4/><V113/><F113/><W103/><G103/><T108/><D108/><U69/><E69/><V118/><F118/><W110/><G110/><T89/><AGARI ba="0,0" hai="52,56,62,82,86,89,92,93" m="14775,3691" machi="89" ten="30,4000,0" yaku="8,1,52,1,54,1" doraHai="12" who="0" fromWho="0" sc="250,40,303,-20,187,-10,260,-10" /><INIT seed="2,0,0,0,2,85" ten="290,283,177,250" oya="2" hai0="87,21,3,61,2,103,82,49,128,84,79,100,81" hai1="130,8,68,39,90,5,47,6,62,37,77,92,117" hai2="53,43,67,57,115,36,118,63,121,75,135,34,66" hai3="23,22,110,73,134,72,122,105,111,58,19,123,40"/><V24/><F75/><N who="3" m="28747" /><G58/><T38/><D38/><U28/><E77/><V108/><F115/><W13/><G40/><T86/><D128/><U64/><E130/><V104/><F118/><W26/><G105/><T83/><D79/><U50/><E28/><V17/><F104/><W131/><G131/><T15/><D49/><U107/><E107/><V127/><F121/><N who="3" m="46091" /><G134/><T4/><D61/><U129/><E117/><V119/><F119/><W95/><G95/><T9/><REACH who="0" step="1"/><D21/><REACH who="0" ten="280,283,177,250" step="2"/><U18/><E129/><V80/><F135/><W30/><G23/><T113/><D113/><U33/><E39/><V106/><F36/><W54/><G54/><T124/><D124/><U32/><E37/><V125/><F43/><W93/><G22/><T102/><AGARI ba="0,1" hai="2,3,4,9,15,81,82,83,84,86,87,100,102,103" machi="102" ten="40,8000,1" yaku="1,1,0,1,29,2,53,0" doraHai="85" doraHaiUra="14" who="0" fromWho="0" sc="280,90,283,-20,177,-40,250,-20" /><INIT seed="3,0,0,2,5,70" ten="370,263,137,230" oya="3" hai0="58,76,90,2,56,116,25,32,53,3,20,86,14" hai1="94,50,30,39,41,47,48,0,9,21,65,1,117" hai2="83,16,37,91,115,98,125,6,75,133,67,96,23" hai3="51,89,99,74,82,106,88,17,22,10,119,36,87"/><W44/><G119/><T29/><D116/><U134/><E134/><V62/><F115/><W84/><G74/><T118/><D76/><U18/><E65/><V131/><F133/><W109/><G109/><T7/><D56/><U34/><E117/><V132/><F132/><W102/><G10/><T63/><D118/><U28/><E94/><V49/><F37/><W121/><G121/><T8/><D32/><U80/><E80/><AGARI ba="0,0" hai="2,3,7,8,14,20,25,29,53,58,63,80,86,90" machi="80" ten="30,1000,0" yaku="7,1" doraHai="70" who="0" fromWho="1" sc="370,10,263,-10,137,0,230,0" owari="380,48.0,253,5.0,137,-36.0,230,-17.0" /></mjloggm>