<mjloggm ver="2.3"><GO type="185" lobby="0"/><UN n0="%E3%82%84%E3%81%BE%E3%81%8B%E3%81%84" n1="%E3%83%9A%E3%83%9A%E3%83%AD%E3%83%B3%E3%83%81%E3%83%BC%E3%83%8E%37" n2="%63%61%6C%63%2E" n3="" dan="17,16,19,0" rate="2254.98,2107.32,2398.17,1500.00" sx="M,M,M,C"/><TAIKYOKU oya="0"/><INIT seed="0,0,0,3,2,103" ten="350,350,350,0" oya="0" hai0="57,81,118,111,90,88,120,87,99,131,76,112,36" hai1="108,126,135,84,122,125,115,66,73,97,70,60,38" hai2="75,54,59,32,51,94,106,55,119,82,133,68,39" hai3=""/><T91/><N who="0" m="30752" /><T77/><D36/><U0/><E60/><V63/><F32/><T105/><D112/><U83/><E66/><V114/><F114/><T56/><D118/><U123/><N who="1" m="31264" /><U67/><E67/><V50/><F39/><T48/><D131/><U64/><E64/><V101/><F68/><T33/><D33/><U93/><E93/><V2/><F2/><T110/><D77/><U47/><E47/><V69/><F69/><T107/><D99/><U132/><E125/><V117/><F94/><T71/><D71/><U62/><E62/><V61/><F133/><T100/><D100/><U72/><E132/><V46/><F63/><T121/><N who="0" m="31008" /><T52/><D57/><U113/><E113/><V129/><F101/><T41/><D41/><U127/><E127/><V58/><F59/><T98/><D98/><U89/><E89/><V35/><F58/><T128/><D128/><U92/><E97/><V95/><F129/><T53/><D53/><U109/><E38/><V42/><F55/><T116/><D116/><U96/><E96/><V80/><F54/><T45/><D56/><U134/><E115/><V65/><F119/><T130/><D130/><U3/><N who="1" m="31520" /><U85/><E134/><V104/><F117/><RYUUKYOKU ba="0,0" sc="350,20,350,-10,350,-10,0,0" hai0="45,48,52,76,81,87,88,90,91,105,107,110,111" /><INIT seed="0,1,0,5,0,99" ten="370,340,340,0" oya="0" hai0="67,95,132,123,3,127,55,61,75,124,54,92,57" hai1="90,91,117,114,79,89,118,50,96,84,116,128,34" hai2="63,35,1,106,47,98,32,112,130,52,102,51,58" hai3=""/><T119/><N who="0" m="31520" /><T126/><D119/><U78/><E34/><V107/><F112/><T44/><D3/><U125/><E50/><V110/><F1/><T103/><D75/><U82/><E114/><V76/><F110/><T111/><D132/><U100/><E128/><V101/><F76/><N who="1" m="29225" /><E125/><V135/><F130/><T77/><D111/><U97/><E97/><V71/><F71/><T104/><D77/><U108/><E108/><V93/><F135/><T86/><D86/><U66/><E66/><V49/><F49/><T42/><D104/><AGARI ba="1,0" hai="82,84,89,90,91,96,100,104,116,117,118" m="29225" machi="104" ten="30,3900,0" yaku="34,2,52,1" doraHai="99" who="1" fromWho="0" sc="370,-41,340,41,340,0,0,0" /><INIT seed="1,0,0,3,5,65" ten="329,381,340,0" oya="1" hai0="108,49,60,2,88,55,78,0,43,39,105,38,33" hai1="97,102,63,98,103,36,114,129,3,41,79,111,81" hai2="44,67,107,77,37,117,76,93,118,123,84,80,82" hai3=""/><U45/><E3/><V54/><N who="2" m="31520" /><V121/><N who="2" m="31008" /><V90/><F107/><T110/><D33/><U87/><E114/><V66/><F80/><T134/><D134/><U34/><E34/><V59/><F77/><T35/><D35/><U58/><E129/><V135/><F135/><T92/><D105/><U113/><E113/><V94/><F94/><T116/><D60/><U126/><E126/><V132/><F132/><T112/><D112/><U48/><E36/><N who="0" m="13865" /><D43/><U95/><E111/><N who="0" m="42537" /><D78/><U104/><E104/><V101/><F101/><N who="1" m="38409" /><E95/><V51/><F67/><AGARI ba="0,0" hai="41,45,48,58,63,67,79,81,87,97,98" m="38409" machi="67" ten="30,1500,0" yaku="8,1" doraHai="65" who="1" fromWho="2" sc="329,0,381,15,340,-15,0,0" /><INIT seed="1,1,0,5,1,88" ten="329,396,325,0" oya="1" hai0="118,115,57,56,38,97,108,103,35,54,109,2,128" hai1="58,85,124,131,34,36,107,99,81,66,80,55,91" hai2="75,125,68,110,98,132,127,32,95,47,111,100,53" hai3=""/><U73/><E34/><V62/><F32/><T93/><D2/><U92/><E36/><V112/><F75/><T0/><D0/><U113/><E113/><V105/><F112/><T114/><D35/><U94/><E124/><N who="2" m="47691" /><F132/><T86/><D128/><U39/><E39/><V43/><F105/><T46/><D118/><U106/><E131/><V82/><F82/><T51/><D86/><U104/><E66/><V126/><F126/><T130/><D130/><U70/><E70/><V87/><F87/><T65/><D57/><U33/><E33/><V134/><F134/><T89/><D103/><U84/><E73/><V48/><F53/><T50/><D38/><U102/><REACH who="1" step="1"/><E85/><REACH who="1" ten="329,386,325,0" step="2"/><V37/><F37/><T60/><D115/><U41/><E41/><V49/><F43/><T76/><D114/><U64/><E64/><V96/><F68/><T83/><D65/><U101/><E101/><V61/><F100/><T63/><D109/><U135/><E135/><V77/><F110/><T119/><D108/><U129/><E129/><V122/><F111/><T3/><D3/><U78/><E78/><V40/><F77/><T44/><D76/><U42/><E42/><V69/><F40/><T45/><D54/><U52/><E52/><V67/><F69/><RYUUKYOKU ba="1,1" sc="329,-10,386,20,325,-10,0,0" hai1="55,58,80,81,84,91,92,94,99,102,104,106,107" /><INIT seed="1,2,1,2,5,131" ten="319,406,315,0" oya="1" hai0="37,40,79,117,50,58,112,60,129,130,115,113,126" hai1="75,53,122,124,78,116,121,135,51,108,36,106,71" hai2="81,80,49,84,1,48,101,83,56,123,76,85,73" hai3=""/><U59/><RYUUKYOKU type="yao9" ba="2,1" sc="319,0,406,0,315,0,0,0" hai1="36,51,53,59,71,75,78,106,108,116,121,122,124,135" /><INIT seed="1,3,1,0,3,44" ten="319,406,315,0" oya="1" hai0="115,3,77,54,60,71,92,114,107,34,73,126,135" hai1="116,59,41,121,133,75,96,48,70,131,36,76,67" hai2="112,79,95,130,108,83,105,122,109,74,127,93,110" hai3=""/><U52/><N who="1" m="31008" /><U35/><E35/><V85/><N who="2" m="31264" /><V40/><F130/><T37/><D92/><U97/><E116/><V55/><F127/><T32/><D77/><U111/><E133/><V128/><F128/><T103/><D103/><U68/><E131/><V69/><F69/><T129/><D54/><U80/><E111/><V1/><F1/><T61/><D60/><U42/><E70/><V64/><F64/><T56/><D56/><U65/><E42/><V66/><F66/><T33/><D61/><U38/><E38/><V50/><F112/><T78/><D78/><U125/><E125/><V84/><F105/><T86/><D86/><N who="2" m="33386" /><F40/><T43/><D43/><U134/><E134/><V63/><F63/><T47/><D34/><U117/><E67/><V87/><N who="2" m="33394" /><V62/><DORA hai="51" /><F62/><T57/><D33/><U82/><E65/><V88/><F88/><T104/><D104/><U45/><E76/><V98/><F98/><T81/><D115/><U120/><E97/><V106/><F106/><T123/><D114/><U0/><E96/><V113/><F113/><T58/><D126/><U53/><E41/><V118/><F118/><T100/><D32/><U46/><E117/><V49/><F55/><T2/><D123/><RYUUKYOKU ba="3,1" sc="319,-10,406,-10,315,20,0,0" hai2="49,50,74,79,83,93,95,108,109,110" /><INIT seed="2,4,1,5,5,100" ten="309,396,335,0" oya="2" hai0="57,34,89,112,52,49,99,110,63,36,58,53,37" hai1="134,48,65,32,3,114,135,61,115,127,54,50,129" hai2="107,130,83,64,56,55,93,97,84,108,128,117,106" hai3=""/><V105/><F64/><T59/><D34/><U81/><E3/><V122/><N who="2" m="31264" /><V131/><F117/><T78/><D110/><U126/><E81/><V46/><F46/><T125/><D125/><N who="1" m="47627" /><E32/><V80/><F84/><T87/><D112/><N who="1" m="43051" /><E129/><V2/><F108/><T111/><D111/><U1/><E1/><V96/><F2/><T102/><D58/><U77/><E77/><V38/><F38/><T75/><D75/><U109/><E109/><V132/><F132/><N who="1" m="50729" /><E54/><V123/><N who="2" m="31520" /><V71/><F71/><AGARI ba="4,1" hai="48,50,61,65,71" m="50729,43051,47627" machi="71" ten="40,8000,1" yaku="18,1,20,1,34,2" doraHai="100" who="1" fromWho="2" sc="309,0,396,98,335,-88,0,0" /><INIT seed="4,0,0,1,1,40" ten="309,494,247,0" oya="0" hai0="109,70,56,97,1,132,37,46,118,2,111,36,120" hai1="81,94,43,0,47,121,79,128,95,67,135,125,124" hai2="62,64,57,90,131,119,93,50,61,103,92,117,44" hai3=""/><T60/><N who="0" m="30752" /><T3/><D118/><U74/><N who="1" m="31008" /><U80/><E0/><V113/><F113/><T108/><D132/><U53/><E128/><V127/><F131/><T65/><D97/><U55/><E67/><V59/><F103/><T78/><D78/><U86/><E135/><V102/><F102/><T63/><REACH who="0" step="1"/><D46/><REACH who="0" ten="299,494,247,0" step="2"/><U66/><E47/><V100/><F119/><T88/><D88/><U130/><E130/><V116/><F100/><T87/><D87/><U72/><E86/><V34/><F90/><T110/><N who="0" m="27648" /><DORA hai="112" /><T41/><D41/><U48/><E43/><V35/><F44/><T133/><D133/><U104/><E79/><V99/><F99/><T76/><D76/><U51/><E74/><V84/><F84/><T39/><D39/><U45/><E72/><V105/><F105/><T114/><D114/><U33/><E45/><V115/><F115/><T85/><D85/><U54/><E104/><V77/><F77/><T75/><D75/><U68/><E81/><V89/><F89/><T107/><D107/><U123/><E80/><V83/><F83/><T38/><D38/><U58/><E123/><V101/><F101/><T98/><D98/><U106/><E106/><V69/><F116/><T73/><D73/><RYUUKYOKU ba="0,1" sc="299,20,494,-10,247,-10,0,0" hai0="1,2,3,36,37,56,60,63,65,70" /><INIT seed="4,1,1,2,2,111" ten="319,484,237,0" oya="0" hai0="33,133,60,76,79,52,85,107,82,78,84,122,42" hai1="35,110,101,45,105,47,135,61,112,94,53,51,109" hai2="120,104,134,40,72,88,125,44,38,32,80,132,93" hai3=""/><T48/><N who="0" m="31264" /><T66/><D133/><N who="2" m="51306" /><F32/><T115/><D115/><U103/><E112/><V64/><N who="2" m="30752" /><V90/><F104/><T37/><D33/><U55/><E105/><V113/><F113/><T67/><D107/><U100/><E135/><V39/><F125/><T81/><D37/><U123/><N who="1" m="31520" /><U46/><E94/><V119/><F119/><T126/><D126/><U58/><E35/><V117/><F117/><T129/><D129/><U71/><E71/><V102/><F64/><T3/><D3/><U98/><E98/><V89/><F38/><T75/><D42/><U118/><E118/><V54/><F54/><T41/><D41/><U74/><E74/><V116/><F116/><T95/><D95/><U59/><AGARI ba="1,1" hai="45,46,47,51,53,55,58,59,61,100,101,103,109,110" m="31520" machi="59" ten="40,2000,0" yaku="0,1,52,1" doraHai="111" who="1" fromWho="1" sc="319,-14,484,32,237,-8,0,0" /><INIT seed="5,0,0,2,3,56" ten="305,516,229,0" oya="1" hai0="89,126,122,79,129,1,68,70,85,54,94,34,98" hai1="74,100,37,114,135,58,107,99,96,119,81,101,69" hai2="127,72,0,123,64,109,2,121,113,76,128,108,106" hai3=""/><U105/><E119/><V73/><N who="2" m="31008" /><V110/><N who="2" m="31520" /><V134/><F106/><T118/><N who="0" m="31264" /><T63/><D1/><N who="2" m="618" /><F76/><T3/><D3/><U38/><E58/><V67/><F128/><T87/><D34/><U91/><E91/><V124/><F134/><T75/><D118/><U83/><E69/><V51/><F51/><T49/><D129/><U35/><E35/><V44/><F44/><T125/><D75/><N who="2" m="28746" /><F113/><T117/><D117/><U71/><E74/><V84/><F84/><T46/><D70/><U57/><E71/><V102/><F102/><T86/><REACH who="0" step="1"/><D79/><REACH who="0" ten="295,516,229,0" step="2"/><U60/><E114/><V93/><F93/><T39/><D39/><U112/><E38/><V33/><F33/><T78/><D78/><U41/><E37/><V97/><F97/><T43/><D43/><U111/><E41/><V45/><F45/><T90/><D90/><U92/><E112/><V62/><F62/><T103/><D103/><U42/><E60/><V52/><F110/><T95/><D95/><U59/><E111/><V116/><F116/><T55/><D55/><U65/><E92/><V131/><F131/><T53/><D53/><U77/><E77/><V36/><F36/><T66/><AGARI ba="0,1" hai="46,49,54,63,66,68,85,86,87,89,94,98,125,126" m="31264" machi="66" ten="30,6000,1" yaku="1,1,0,1,52,2,53,1" doraHai="56" doraHaiUra="88" who="0" fromWho="0" sc="295,70,516,-40,229,-20,0,0" /><INIT seed="6,0,0,2,2,90" ten="365,476,209,0" oya="2" hai0="71,33,53,107,116,50,78,114,77,48,73,134,70" hai1="126,58,69,118,135,46,64,125,124,44,129,131,65" hai2="2,59,42,35,80,66,122,45,86,82,91,60,93" hai3=""/><V108/><N who="2" m="31264" /><V98/><F35/><T100/><D116/><U109/><E109/><V132/><F108/><T40/><D33/><U105/><E105/><V127/><F132/><T133/><D114/><U99/><E99/><V41/><F2/><T87/><D73/><U115/><E115/><V104/><F127/><T56/><D100/><U117/><E69/><V102/><REACH who="2" step="1"/><F42/><REACH who="2" ten="365,476,199,0" step="2"/><T38/><D40/><U110/><E110/><V39/><AGARI ba="0,1" hai="39,41,45,59,60,66,80,82,86,91,93,98,102,104" m="31264" machi="39" ten="20,12000,2" yaku="1,1,2,1,0,1,7,1,52,2,53,0" doraHai="90" doraHaiUra="72" who="2" fromWho="2" sc="365,-60,476,-60,199,130,0,0" /><INIT seed="6,1,0,0,1,125" ten="305,416,329,0" oya="2" hai0="53,130,104,36,43,66,89,72,80,78,35,123,117" hai1="94,2,45,33,126,102,124,81,47,134,118,67,75" hai2="110,91,40,3,46,62,57,97,1,119,32,105,54" hai3=""/><V42/><F119/><T51/><N who="0" m="31520" /><T39/><D117/><U77/><E118/><V106/><F32/><T131/><D35/><U85/><E134/><V48/><F110/><T107/><D66/><U59/><E2/><V100/><F105/><T79/><D89/><U74/><E74/><V56/><F42/><T73/><D43/><U88/><E102/><V37/><REACH who="2" step="1"/><F91/><REACH who="2" ten="305,416,319,0" step="2"/><T55/><REACH who="0" step="1"/><D51/><REACH who="0" ten="295,416,319,0" step="2"/><U92/><E33/><V132/><F132/><T87/><D87/><U38/><E85/><V70/><F70/><T98/><D98/><U103/><E88/><V50/><F50/><T133/><D133/><U65/><E75/><V61/><F61/><T49/><D49/><U108/><E108/><V58/><F58/><T83/><AGARI ba="1,2" hai="36,39,53,55,72,73,78,79,80,83,104,107,130,131" m="31520" machi="83" ten="25,9000,2" yaku="1,1,0,1,22,2,52,3,53,0" doraHai="125" doraHaiUra="63" who="0" fromWho="0" sc="295,112,416,-31,319,-61,0,0" owari="407,35.0,385,-1.0,258,-34.0,0,0.0" /></mjloggm>