<mjloggm ver="2.3"><GO type="185" lobby="0"/><UN n0="%E3%81%99%E3%81%8D%E3%81%BE%E5%A6%96%E6%80%AA" n1="%E9%AC%BC" n2="%44%75%73%6B" n3="" dan="16,17,16,0" rate="2097.68,2265.71,2218.39,1500.00" sx="M,F,M,C"/><TAIKYOKU oya="0"/><INIT seed="0,0,0,2,5,60" ten="350,350,350,0" oya="0" hai0="84,134,129,42,49,94,79,45,125,51,87,135,63" hai1="133,102,107,44,41,78,68,115,128,32,76,38,104" hai2="58,33,101,93,98,39,105,91,74,117,123,46,109" hai3=""/><T96/><D125/><U132/><E32/><V59/><N who="2" m="31520" /><V35/><F109/><T92/><D129/><U100/><E128/><V81/><F117/><T85/><D79/><U37/><E68/><V124/><F124/><T110/><D110/><U82/><E115/><V119/><F119/><T116/><D116/><U127/><E127/><V88/><F59/><T62/><D51/><U130/><E130/><V114/><F114/><T64/><D62/><U54/><E54/><V53/><F46/><T71/><REACH who="0" step="1"/><D92/><REACH who="0" ten="340,350,350,0" step="2"/><U86/><E76/><V57/><F35/><T95/><D95/><U55/><E37/><V1/><F33/><T66/><D66/><U97/><E55/><V50/><F39/><T103/><AGARI ba="0,1" hai="42,45,49,63,64,71,84,85,87,94,96,103,134,135" machi="103" ten="30,7800,0" yaku="1,1,0,1,52,1,53,1" doraHai="60" doraHaiUra="47" who="0" fromWho="0" sc="340,88,350,-39,350,-39,0,0" /><INIT seed="0,1,0,5,0,119" ten="428,311,311,0" oya="0" hai0="93,107,64,125,58,35,95,47,65,128,133,0,72" hai1="100,109,105,37,32,70,48,118,92,42,122,69,52" hai2="94,97,116,111,63,54,44,75,41,51,76,57,73" hai3=""/><T113/><D35/><U68/><N who="1" m="31264" /><U33/><E118/><V114/><F116/><T124/><D107/><U43/><E109/><V2/><F114/><T80/><D113/><U96/><E105/><V88/><F111/><T38/><D0/><U71/><N who="1" m="17408" /><DORA hai="120" /><U1/><E1/><V62/><F2/><T53/><D128/><U127/><E127/><V89/><F76/><T123/><N who="0" m="31520" /><T40/><D133/><U132/><E132/><V102/><F89/><T66/><D80/><U126/><E126/><N who="0" m="48745" /><D72/><U115/><E115/><V67/><F63/><AGARI ba="1,0" hai="38,40,47,53,58,63,64,65,66,93,95" m="48745,31520" machi="63" ten="30,5800,0" yaku="18,1,52,2" doraHai="119,120" who="0" fromWho="2" sc="428,60,311,0,311,-60,0,0" /><INIT seed="0,2,0,3,1,112" ten="488,311,251,0" oya="0" hai0="35,36,65,83,68,41,129,2,114,100,105,53,61" hai1="104,75,40,66,93,32,77,81,118,70,0,86,95" hai2="101,130,42,50,119,121,48,120,37,123,97,131,106" hai3=""/><T115/><D35/><U87/><E0/><V59/><N who="2" m="30752" /><V133/><N who="2" m="31008" /><V57/><N who="2" m="31520" /><V69/><F69/><T73/><D2/><U109/><E32/><V96/><F133/><T84/><D129/><N who="2" m="49162" /><F119/><T88/><D73/><U116/><E66/><V132/><F132/><T99/><D53/><U74/><E40/><V80/><F80/><T128/><D128/><U91/><E104/><V51/><F97/><T52/><D36/><U72/><E109/><V44/><AGARI ba="2,0" hai="37,42,44,48,50,51,57,59,96,101,106" m="49162,31520,31008,30752" machi="44" ten="40,6000,1" yaku="19,1,52,3" doraHai="112" who="2" fromWho="2" sc="488,-42,311,-22,251,64,0,0" /><INIT seed="1,0,0,2,4,55" ten="446,289,315,0" oya="1" hai0="124,87,80,48,117,52,53,135,131,105,76,126,92" hai1="108,99,103,94,127,82,78,86,33,2,122,109,89" hai2="65,104,134,38,46,74,69,47,130,3,49,114,44" hai3=""/><U83/><N who="1" m="31264" /><U90/><E33/><V107/><F114/><T102/><D135/><U1/><E127/><N who="0" m="48681" /><D131/><U79/><E2/><V42/><F3/><T45/><D117/><U111/><REACH who="1" step="1"/><E1/><REACH who="1" ten="446,279,315,0" step="2"/><V68/><F130/><T43/><D105/><U62/><E62/><V133/><F104/><T112/><D112/><U118/><E118/><V59/><F107/><T121/><N who="0" m="31008" /><T93/><D93/><U56/><E56/><V129/><F129/><T95/><D95/><U60/><E60/><V119/><F119/><T125/><D125/><U0/><E0/><V110/><F133/><T98/><AGARI ba="0,1" hai="43,45,48,52,53,76,80,87,92,98,102" m="31008,48681" machi="98" ten="30,3000,0" yaku="18,1,52,1,54,1" doraHai="55" who="0" fromWho="0" sc="446,40,279,-20,315,-10,0,0" /><INIT seed="2,0,0,3,4,73" ten="486,259,305,0" oya="2" hai0="97,71,61,95,66,92,130,129,40,134,135,106,47" hai1="2,107,82,68,42,75,37,57,80,96,60,125,88" hai2="53,100,127,123,48,72,131,117,119,43,77,91,39" hai3=""/><V122/><N who="2" m="31264" /><V46/><N who="2" m="31520" /><V70/><F127/><T45/><D106/><U84/><E2/><V108/><F131/><N who="0" m="50186" /><D95/><U62/><E68/><V118/><F70/><T124/><D47/><U38/><E125/><V114/><F114/><T99/><D124/><U104/><E42/><V65/><F65/><T69/><D69/><U32/><E32/><V115/><F115/><T50/><D97/><U87/><E75/><V59/><F108/><T133/><D99/><U128/><E128/><V121/><N who="2" m="31008" /><V0/><F0/><T36/><D92/><U78/><E107/><V101/><REACH who="2" step="1"/><F91/><REACH who="2" ten="486,259,295,0" step="2"/><T120/><N who="0" m="30752" /><T35/><D35/><U58/><E104/><V67/><F67/><T79/><D135/><U52/><E96/><V89/><F89/><T3/><D3/><U93/><E93/><V111/><F111/><T76/><D134/><U34/><E34/><V51/><F51/><T56/><D133/><U63/><E63/><V54/><F54/><AGARI ba="0,1" hai="36,40,45,50,54,56,61,66,71,76,79" m="30752,50186" machi="54" ten="30,8000,1" yaku="24,1,19,1,52,3" doraHai="73" who="0" fromWho="2" sc="486,90,259,0,295,-80,0,0" /><AGARI ba="0,0" hai="37,38,52,54,57,58,60,62,78,80,82,84,87,88" machi="54" ten="30,8000,1" yaku="7,1,9,1,52,1,54,2" doraHai="73" who="1" fromWho="2" sc="576,0,259,80,215,-80,0,0" /><INIT seed="4,0,0,2,3,83" ten="576,339,135,0" oya="0" hai0="86,72,126,94,46,32,45,43,36,116,77,44,99" hai1="68,80,1,92,2,129,113,76,41,70,62,97,135" hai2="88,40,107,56,50,117,49,93,33,66,90,3,58" hai3=""/><T115/><D116/><U73/><E129/><V54/><F107/><T89/><D32/><U109/><E109/><V47/><F33/><T108/><D115/><U82/><E135/><V42/><F117/><T100/><D126/><U67/><E113/><V128/><F128/><T110/><D72/><U96/><E70/><V34/><F34/><T84/><D77/><U133/><E133/><V35/><F35/><T52/><D52/><U103/><E82/><V64/><F3/><T87/><REACH who="0" step="1"/><D89/><REACH who="0" ten="566,339,135,0" step="2"/><U130/><E130/><V124/><F124/><T63/><D63/><U55/><E55/><V102/><F102/><T114/><D114/><U37/><E2/><V74/><F74/><T111/><AGARI ba="0,1" hai="36,43,44,45,46,84,86,87,94,99,100,108,110,111" machi="111" ten="40,12000,2" yaku="1,1,0,1,10,1,52,3,53,0" doraHai="83" doraHaiUra="119" who="0" fromWho="0" sc="566,130,339,-60,135,-60,0,0" /><INIT seed="4,1,0,3,4,70" ten="696,279,75,0" oya="0" hai0="3,43,106,86,88,61,57,125,0,119,94,32,45" hai1="42,41,72,36,54,75,59,74,78,85,49,120,95" hai2="1,84,127,79,124,117,33,92,56,135,98,111,53" hai3=""/><T134/><D119/><U40/><N who="1" m="30752" /><U67/><E67/><V47/><F111/><T90/><D32/><U34/><E34/><V132/><F33/><T62/><D125/><N who="2" m="48202" /><F1/><T63/><D134/><N who="2" m="51242" /><F117/><T122/><N who="0" m="31264" /><T44/><D106/><U110/><E110/><V115/><F115/><T108/><D108/><U38/><REACH who="1" step="1"/><E95/><REACH who="1" ten="696,269,75,0" step="2"/><V93/><F92/><T116/><D3/><U50/><E50/><V52/><F93/><T66/><D0/><U83/><AGARI ba="1,1" hai="36,38,40,41,42,49,54,59,72,74,75,78,83,85" m="30752" machi="83" ten="40,6000,1" yaku="1,1,0,1,52,3,53,0" doraHai="70" doraHaiUra="133" who="1" fromWho="1" sc="696,-41,269,72,75,-21,0,0" /><INIT seed="5,0,0,4,5,121" ten="655,341,54,0" oya="1" hai0="55,36,118,102,79,86,32,124,51,85,107,109,63" hai1="112,111,68,104,62,76,78,73,40,95,131,126,129" hai2="134,122,72,47,34,128,97,108,64,44,100,88,90" hai3=""/><U2/><E2/><V96/><N who="2" m="31264" /><V1/><F34/><T84/><D36/><U77/><E104/><V42/><F128/><N who="1" m="49225" /><E112/><V65/><F134/><T132/><D132/><U69/><E126/><V101/><F72/><T35/><D63/><U49/><E73/><V54/><F54/><T56/><D79/><U106/><E106/><V114/><F114/><T133/><D133/><U115/><E115/><V71/><F42/><T92/><D107/><U46/><E95/><V74/><F74/><T93/><D118/><U50/><E50/><V103/><F103/><T82/><D124/><U60/><E111/><V52/><F52/><T135/><D135/><U99/><E99/><V48/><F48/><T59/><D109/><U91/><E91/><V3/><REACH who="2" step="1"/><F108/><REACH who="2" ten="655,341,44,0" step="2"/><T116/><D102/><U110/><E110/><V80/><F80/><T125/><D82/><U66/><E62/><V113/><F113/><T41/><D125/><U75/><E75/><V43/><F43/><T89/><D41/><U130/><E130/><V45/><F45/><T120/><D32/><U81/><E81/><V58/><F58/><AGARI ba="0,1" hai="40,46,49,58,60,66,68,69,76,77,78" m="49225" machi="58" ten="30,1500,0" yaku="19,1" doraHai="121" who="1" fromWho="2" sc="655,0,341,25,44,-15,0,0" /><INIT seed="5,1,0,3,0,103" ten="655,366,29,0" oya="1" hai0="116,81,99,35,108,74,41,78,58,117,119,44,90" hai1="52,0,70,63,36,80,115,79,124,85,91,106,109" hai2="42,118,51,133,95,93,134,48,60,97,2,125,135" hai3=""/><U40/><E115/><V120/><N who="2" m="30752" /><V82/><F118/><T56/><D35/><U77/><E124/><V102/><F125/><T76/><D108/><U61/><E0/><V127/><F127/><T128/><D128/><U72/><E40/><V53/><F2/><T1/><D1/><U69/><E36/><V86/><F42/><T46/><D78/><U39/><E39/><V94/><F60/><T49/><D44/><U113/><E113/><V65/><F65/><T129/><D129/><U110/><E72/><V111/><F111/><T34/><D34/><U59/><E109/><V131/><F131/><T105/><D90/><U43/><E43/><V64/><F64/><T73/><D74/><U71/><E110/><V54/><F54/><T126/><D126/><U121/><N who="1" m="31008" /><U112/><E112/><V96/><F96/><T89/><D89/><U87/><E63/><V98/><F98/><T50/><D50/><N who="2" m="18986" /><F53/><T47/><D47/><U92/><E77/><AGARI ba="1,0" hai="77,82,86,93,94,95,97,102,133,134,135" m="18986,30752" machi="77" ten="30,2000,0" yaku="20,1,52,1" doraHai="103" who="2" fromWho="1" sc="655,0,366,-22,29,22,0,0" /><INIT seed="6,0,0,0,2,135" ten="655,344,51,0" oya="2" hai0="55,85,78,53,93,98,51,79,129,111,82,43,32" hai1="75,92,130,115,125,33,108,109,110,112,0,49,67" hai2="1,35,97,117,100,58,61,105,87,71,42,99,39" hai3=""/><V114/><F117/><T40/><D111/><U94/><E33/><V44/><F114/><N who="1" m="43561" /><E0/><V57/><F35/><T36/><D32/><U68/><E75/><V121/><N who="2" m="31008" /><V72/><F72/><T84/><D129/><U66/><E130/><V34/><F34/><T73/><D36/><U107/><E107/><V41/><F1/><T133/><D133/><U103/><E103/><V106/><F42/><T89/><D55/><U56/><E125/><V104/><F87/><T54/><D54/><U118/><E118/><V123/><N who="2" m="31520" /><V48/><F39/><T113/><D113/><U124/><E124/><V38/><F38/><T122/><N who="0" m="31264" /><T86/><D78/><U126/><E126/><V59/><REACH who="2" step="1"/><F100/><REACH who="2" ten="655,344,41,0" step="2"/><T46/><AGARI ba="0,1" hai="40,43,46,51,53,73,79,82,84,85,86,89,93,98" m="31264" machi="46" ten="30,1500,0" yaku="0,1,52,1" doraHai="135" who="0" fromWho="0" sc="655,25,344,-5,41,-10,0,0" owari="680,63.0,339,-6.0,31,-57.0,0,0.0" /></mjloggm>