<mjloggm ver="2.3"><GO type="185" lobby="0"/><UN n0="%41%74%72%69%61" n1="%E5%A4%9A%E6%9E%97%E6%99%8B" n2="%E3%81%BF%E3%83%BC%E3%82%8F" n3="" dan="17,16,17,0" rate="2261.40,2181.69,2267.43,1500.00" sx="F,M,M,C"/><TAIKYOKU oya="0"/><INIT seed="0,0,0,5,2,70" ten="350,350,350,0" oya="0" hai0="90,133,116,60,55,110,122,44,53,68,77,92,100" hai1="35,3,135,67,130,1,43,114,94,62,42,89,79" hai2="72,32,69,37,51,49,106,109,97,134,83,98,78" hai3=""/><T124/><N who="0" m="31264" /><T61/><D116/><U96/><E35/><V88/><F32/><T104/><D133/><U107/><E135/><V131/><F134/><T73/><D124/><U86/><E130/><V40/><F131/><T129/><D129/><U41/><E114/><V123/><N who="2" m="31520" /><V65/><F109/><T119/><D119/><U45/><E45/><V2/><F2/><T54/><D110/><U117/><E117/><V82/><F65/><T56/><D44/><U48/><E48/><V93/><F69/><T57/><D68/><U59/><E79/><V127/><F37/><T99/><D73/><U101/><AGARI ba="0,0" hai="1,3,41,42,43,59,62,67,86,89,94,96,101,107" machi="101" ten="30,800,0" yaku="0,1" doraHai="70" who="1" fromWho="1" sc="350,-5,350,8,350,-3,0,0" /><INIT seed="1,0,0,3,5,101" ten="345,358,347,0" oya="1" hai0="104,130,74,48,106,38,98,96,95,105,42,103,132" hai1="92,1,102,47,39,55,88,108,60,80,69,44,53" hai2="113,52,86,0,97,128,65,77,43,40,73,134,120" hai3=""/><U81/><E1/><V33/><N who="2" m="30752" /><V123/><N who="2" m="31520" /><V115/><F0/><T87/><D74/><U63/><E102/><V51/><F33/><T49/><D132/><U76/><E108/><V131/><F134/><T124/><D124/><U56/><E81/><V126/><F126/><T129/><D96/><U34/><E34/><V90/><F65/><T45/><REACH who="0" step="1"/><D87/><REACH who="0" ten="335,358,347,0" step="2"/><U62/><E69/><V83/><F97/><T89/><D89/><U110/><E110/><V127/><F127/><T119/><D119/><U125/><E125/><V46/><F128/><AGARI ba="0,1" hai="38,42,45,48,49,95,98,103,104,105,106,128,129,130" machi="128" ten="50,8000,1" yaku="1,1,19,1,52,3,53,0" doraHai="101" doraHaiUra="2" who="0" fromWho="2" sc="335,90,358,0,347,-80,0,0" /><INIT seed="2,0,0,2,4,39" ten="425,358,267,0" oya="2" hai0="106,103,35,40,51,114,129,110,127,80,94,86,71" hai1="3,64,108,82,91,68,33,93,115,88,128,100,1" hai2="98,79,124,41,95,38,111,77,105,60,121,133,36" hai3=""/><V97/><N who="2" m="31008" /><V84/><F124/><T54/><D35/><U50/><E33/><V104/><F133/><T61/><D127/><U52/><E115/><V130/><F130/><T53/><D129/><U66/><E128/><V135/><F135/><T67/><D106/><U45/><E108/><V81/><F111/><T113/><D110/><U85/><E100/><V99/><F79/><T0/><D0/><U102/><E102/><V126/><F126/><T72/><D72/><U42/><E42/><V44/><F36/><T112/><D94/><U69/><E66/><V65/><REACH who="2" step="1"/><F95/><REACH who="2" ten="425,358,257,0" step="2"/><T92/><D92/><U48/><E1/><V132/><F132/><T117/><D112/><U63/><E3/><V118/><F118/><T120/><D117/><U83/><E83/><V75/><F75/><T116/><D116/><U34/><E34/><V56/><AGARI ba="0,1" hai="38,41,44,56,60,65,77,81,84,97,98,99,104,105" m="31008" machi="56" ten="30,8000,1" yaku="1,1,0,1,52,2,53,1" doraHai="39" doraHaiUra="78" who="2" fromWho="2" sc="425,-40,358,-40,257,90,0,0" /><INIT seed="2,1,0,1,0,105" ten="385,318,347,0" oya="2" hai0="133,87,128,65,72,73,50,68,99,70,51,131,126" hai1="114,3,76,36,48,42,34,117,47,129,93,41,53" hai2="110,98,88,132,97,124,62,83,78,101,108,92,120" hai3=""/><V91/><N who="2" m="30752" /><V86/><F62/><T107/><D87/><U119/><E34/><V69/><F69/><T102/><D133/><U116/><E3/><V1/><F1/><T39/><D39/><U125/><E114/><V40/><F40/><T49/><D126/><U121/><N who="1" m="31008" /><U79/><E125/><V66/><F66/><T118/><D118/><U74/><E129/><N who="0" m="49737" /><D65/><U46/><E74/><AGARI ba="1,0" hai="49,50,51,68,70,72,73,74,99,102,107" m="49737" machi="74" ten="40,8000,1" yaku="19,1,52,3" doraHai="105" who="0" fromWho="1" sc="385,82,318,-82,347,0,0,0" /><INIT seed="4,0,0,5,1,131" ten="467,236,347,0" oya="0" hai0="99,98,133,97,80,40,82,125,87,84,90,68,71" hai1="79,104,70,74,91,42,88,44,41,65,75,120,78" hai2="35,60,58,113,129,62,95,48,106,51,103,93,53" hai3=""/><T89/><D125/><U66/><N who="1" m="30752" /><U76/><E104/><V2/><F2/><T37/><REACH who="0" step="1"/><D133/><REACH who="0" ten="457,236,347,0" step="2"/><U109/><E109/><V86/><F35/><T59/><D59/><U0/><E0/><V107/><F58/><T121/><N who="0" m="31008" /><T92/><D92/><U54/><E70/><V46/><F95/><T52/><D52/><U64/><E54/><V127/><F93/><T134/><D134/><U67/><N who="1" m="16384" /><DORA hai="1" /><U110/><E110/><V55/><F53/><T50/><D50/><U33/><E33/><V132/><F51/><T83/><D83/><U61/><E61/><V38/><F62/><T73/><D73/><N who="1" m="27659" /><E44/><AGARI ba="0,1" hai="37,40,44,68,71,80,82,84,87,89,90,97,98,99" m="31008" machi="44" ten="40,7700,0" yaku="1,1,9,1,52,1,53,0" doraHai="131,1" doraHaiUra="102,101" who="0" fromWho="1" sc="457,87,236,-77,347,0,0,0" /><INIT seed="4,1,0,2,2,0" ten="544,159,347,0" oya="0" hai0="81,67,42,119,128,70,52,45,53,71,37,32,59" hai1="94,118,101,60,40,117,69,124,83,89,102,65,107" hai2="122,35,3,78,99,82,51,1,62,92,57,55,110" hai3=""/><T121/><N who="0" m="31008" /><T41/><D119/><U58/><E124/><V116/><N who="2" m="31264" /><V98/><F116/><T43/><D81/><U100/><E107/><V120/><N who="2" m="30752" /><V48/><F110/><T61/><D32/><U87/><E40/><N who="0" m="15465" /><D128/><U33/><E33/><V106/><F35/><T34/><D34/><U96/><REACH who="1" step="1"/><E69/><AGARI ba="1,0" hai="37,43,45,52,53,59,61,67,69,70,71" m="15465,31008" machi="69" ten="30,18000,2" yaku="35,5,52,1,54,1" doraHai="0" who="0" fromWho="1" sc="544,182,159,-182,347,0,0,0" owari="726,67.0,-23,-62.0,347,-5.0,0,0.0" /></mjloggm>