<mjloggm ver="2.3"><GO type="225" lobby="0"/><UN n0="%E3%81%95%E3%81%8D%E3%81%9F%E3%81%BE%E6%9E%97%E6%AA%8E" n1="%E5%B1%B1%E8%B6%8A" n2="%E3%82%AF%E3%82%A3%E3%82%A6" n3="%E3%83%B4%E3%83%A0%EF%BC%99%E3%81%A6" dan="16,18,16,17" rate="2118.53,2204.92,2085.73,2205.41" sx="M,M,M,M"/><TAIKYOKU oya="0"/><INIT seed="0,0,0,5,2,72" ten="250,250,250,250" oya="0" hai0="50,9,77,87,35,106,88,64,3,14,112,68,33" hai1="41,42,54,108,132,51,81,98,99,105,66,135,11" hai2="61,30,86,6,56,39,78,31,129,122,111,53,5" hai3="22,93,119,73,118,29,28,76,32,89,7,46,23"/><T75/><D3/><U25/><E108/><V130/><F122/><W18/><G7/><N who="2" m="2569" /><F39/><W47/><G32/><T109/><D112/><U8/><E66/><V13/><F13/><W71/><G71/><T113/><D113/><U2/><E25/><V115/><F115/><W90/><G93/><T1/><D1/><U124/><E81/><N who="2" m="47415" /><F111/><W79/><REACH who="3" step="1"/><G18/><REACH who="3" ten="250,250,250,240" step="2"/><T114/><D114/><U19/><E19/><V74/><F74/><AGARI ba="0,1" hai="22,23,28,29,46,47,73,74,76,79,89,90,118,119" machi="74" ten="25,12000,2" yaku="1,1,2,1,22,2,52,2,53,0" doraHai="72" doraHaiUra="80" who="3" fromWho="2" sc="250,0,250,0,250,-120,240,130" /><INIT seed="1,0,0,1,2,124" ten="250,250,130,370" oya="1" hai0="105,65,21,45,4,47,112,12,81,76,22,53,14" hai1="98,101,33,117,38,23,83,133,119,44,108,48,75" hai2="104,86,30,97,118,122,0,39,43,11,82,61,13" hai3="72,70,60,57,55,64,5,59,27,54,125,19,31"/><U126/><E33/><V7/><F118/><W94/><G72/><T3/><D112/><U132/><E38/><V87/><F122/><W90/><G125/><T121/><D105/><N who="1" m="63671" /><E23/><V107/><F30/><W71/><G5/><T114/><D121/><U96/><E126/><V131/><F13/><W15/><G70/><T29/><D114/><U130/><E48/><V46/><F87/><N who="3" m="52575" /><G71/><T106/><D106/><U26/><E44/><V28/><F28/><W32/><G32/><T35/><D3/><U67/><E67/><V51/><F131/><W135/><G135/><N who="1" m="51786" /><E26/><V88/><F51/><N who="3" m="30943" /><G31/><T89/><D29/><U69/><E69/><V95/><REACH who="2" step="1"/><F61/><REACH who="2" ten="250,250,120,370" step="2"/><W103/><G27/><T120/><D14/><U10/><E130/><V16/><F16/><W52/><G103/><AGARI ba="0,1" hai="0,7,11,39,43,46,82,86,88,95,97,103,104,107" machi="103" ten="30,7700,0" yaku="1,1,7,1,54,1,53,1" doraHai="124" doraHaiUra="1" who="2" fromWho="3" sc="250,0,250,0,120,87,370,-77" /><INIT seed="2,0,0,0,5,17" ten="250,250,207,293" oya="2" hai0="14,31,114,77,56,98,70,19,74,2,100,118,66" hai1="22,130,9,105,97,61,75,91,93,78,64,82,124" hai2="110,52,99,60,106,57,109,40,55,23,101,54,134" hai3="111,71,95,10,0,73,47,131,15,108,11,63,33"/><V49/><F134/><W7/><G33/><T21/><D114/><U128/><E9/><V51/><F40/><W39/><G73/><T16/><D70/><U29/><E124/><V67/><REACH who="2" step="1"/><F23/><REACH who="2" ten="250,250,197,293" step="2"/><W84/><G131/><T96/><D118/><U76/><E22/><V43/><F43/><W68/><G108/><AGARI ba="0,1" hai="49,51,52,54,55,57,60,67,99,101,106,108,109,110" machi="108" ten="40,12000,1" yaku="1,1,14,1,10,1,54,1,53,1" doraHai="17" doraHaiUra="59" who="2" fromWho="3" sc="250,0,250,0,197,130,293,-120" /><INIT seed="2,1,0,0,5,73" ten="250,250,327,173" oya="2" hai0="117,35,51,66,108,61,81,105,28,87,19,77,118" hai1="129,75,133,103,76,34,0,116,18,83,92,39,41" hai2="25,6,107,3,97,115,23,44,20,78,29,48,114" hai3="135,79,33,53,67,24,63,52,58,110,96,132,62"/><V91/><F3/><W27/><G110/><T89/><D108/><U109/><E116/><N who="0" m="44649" /><D105/><U80/><E129/><V125/><F125/><W22/><G96/><T104/><D104/><U94/><E133/><V119/><F6/><W31/><G79/><T74/><D19/><U99/><E34/><V106/><F119/><W111/><G111/><T124/><D124/><U59/><E0/><V100/><F78/><W26/><G26/><N who="0" m="18839" /><D51/><U95/><E109/><V30/><F91/><W131/><G131/><T17/><D17/><U113/><E113/><V50/><F107/><W70/><REACH who="3" step="1"/><G53/><REACH who="3" ten="250,250,327,163" step="2"/><T5/><D5/><U9/><E99/><V36/><F97/><W64/><G64/><T90/><D74/><U102/><E75/><V10/><F115/><W57/><G57/><AGARI ba="1,1" hai="57,61,66,77,81,87,89,90" m="18839,44649" machi="57" ten="30,2000,0" yaku="12,1,52,1" doraHai="73" who="0" fromWho="3" sc="250,33,250,0,327,0,163,-23" /><INIT seed="3,0,0,0,0,13" ten="283,250,327,140" oya="3" hai0="76,14,48,125,2,85,79,99,78,74,32,4,34" hai1="72,69,87,11,18,33,8,104,37,95,114,31,25" hai2="113,43,41,60,28,21,117,103,108,42,96,63,118" hai3="22,71,102,81,94,15,23,97,51,16,59,38,65"/><W19/><G38/><T53/><D74/><U55/><E114/><V128/><F108/><W91/><G71/><T50/><D2/><U3/><E104/><V46/><F113/><W131/><G131/><T39/><D39/><U70/><E72/><V80/><F80/><W49/><G65/><T68/><D68/><U20/><E37/><V105/><F128/><W12/><G59/><T67/><D67/><U106/><E106/><V89/><F89/><W47/><G47/><T133/><D133/><U62/><E11/><V88/><F88/><W115/><G115/><T82/><D125/><U90/><E55/><V75/><F75/><W123/><G123/><T121/><D121/><U107/><E107/><V6/><F6/><W109/><G109/><T119/><D50/><U129/><E62/><V110/><F110/><W45/><G45/><T52/><D53/><U73/><E73/><V126/><F126/><W5/><G5/><T92/><D34/><U7/><E129/><V77/><F77/><W29/><G29/><T56/><D32/><U44/><E44/><V93/><F105/><W64/><G64/><T135/><D135/><U54/><E54/><V61/><F46/><W127/><G127/><T130/><D130/><U86/><E86/><AGARI ba="0,0" hai="12,15,16,19,22,23,49,51,81,86,91,94,97,102" machi="86" ten="40,12000,1" yaku="9,1,8,1,52,2,54,1" doraHai="13" who="3" fromWho="1" sc="283,0,250,-120,327,0,140,120" /><INIT seed="3,1,0,3,3,48" ten="283,130,327,260" oya="3" hai0="36,34,46,20,127,4,117,93,82,134,90,72,15" hai1="128,55,40,1,98,116,44,99,97,135,83,123,125" hai2="60,18,88,79,70,81,56,63,69,104,21,30,19" hai3="66,57,10,126,13,45,58,122,110,101,2,53,106"/><W118/><G122/><T114/><D117/><U54/><E123/><V3/><F3/><W39/><G118/><T27/><D34/><U49/><E116/><V11/><F104/><W71/><G2/><T120/><D120/><U92/><E1/><V50/><F50/><W107/><G126/><T76/><D134/><U25/><E135/><V91/><F30/><W102/><G107/><T41/><D127/><U26/><E125/><V105/><F105/><W73/><G73/><T9/><D114/><U124/><E124/><V115/><F115/><W74/><G74/><T89/><REACH who="0" step="1"/><D93/><REACH who="0" ten="273,130,327,260" step="2"/><U6/><E128/><V77/><F11/><W78/><G106/><T23/><D23/><U59/><E6/><V119/><F119/><W96/><G110/><T130/><D130/><U94/><E83/><V51/><F81/><W133/><G133/><T24/><D24/><N who="1" m="9323" /><E59/><V109/><F56/><W132/><G132/><T129/><D129/><U131/><E131/><V42/><F21/><W43/><G58/><T47/><D47/><U112/><E112/><V14/><F109/><W67/><G71/><T84/><D84/><U52/><AGARI ba="1,1" hai="40,44,49,52,54,55,92,94,97,98,99" m="9323" machi="52" ten="40,8000,1" yaku="8,1,52,3,54,1" doraHai="48" who="1" fromWho="1" sc="273,-21,130,93,327,-21,260,-41" owari="252,5.0,223,-18.0,306,41.0,219,-28.0" /></mjloggm>