<mjloggm ver="2.3"><GO type="169" lobby="0"/><UN n0="%E6%9D%BE%E5%B1%8B%E3%81%8A%E3%81%98%E3%81%95%E3%82%93" n1="%E6%9C%A8%E6%A8%B9" n2="%6F%63%69%6E%70%6F%70%6F" n3="%E3%81%88%E3%81%8C%E3%82%8F%E3%82%8A%E3%81%8A" dan="19,16,17,16" rate="2271.16,2134.71,2110.48,2103.57" sx="M,M,F,M"/><TAIKYOKU oya="0"/><INIT seed="0,0,0,3,3,117" ten="250,250,250,250" oya="0" hai0="67,43,88,110,19,54,129,99,58,65,35,29,40" hai1="85,74,97,122,32,105,108,111,113,48,9,106,15" hai2="22,53,66,70,37,39,102,116,119,132,27,52,47" hai3="61,36,128,93,62,20,21,123,45,101,23,64,72"/><T6/><D6/><U13/><E32/><V63/><F102/><W109/><G109/><N who="1" m="42058" /><E74/><V18/><F132/><W83/><G128/><T118/><D118/><N who="2" m="45098" /><F47/><W73/><G62/><T49/><D110/><U3/><E3/><V76/><F76/><W133/><G133/><T91/><D129/><U17/><E85/><V135/><F135/><W92/><G123/><T5/><D5/><U95/><E113/><V84/><F84/><W11/><G11/><T112/><D112/><U34/><E34/><V68/><F70/><W14/><G14/><T42/><D19/><N who="1" m="8623" /><E48/><V56/><F53/><W79/><G72/><T31/><D35/><U7/><E7/><V38/><F38/><W89/><G101/><T114/><D114/><U107/><E122/><V104/><F104/><W59/><REACH who="3" step="1"/><G89/><REACH who="3" ten="250,250,250,240" step="2"/><T69/><D69/><U41/><E107/><V71/><F68/><W2/><G2/><T75/><D75/><U28/><E106/><V0/><F0/><W98/><G98/><T131/><D131/><U51/><E105/><V77/><F77/><W126/><G126/><T30/><REACH who="0" step="1"/><D91/><REACH who="0" ten="240,250,250,240" step="2"/><U124/><E124/><V26/><F71/><W78/><G78/><T94/><AGARI ba="0,2" hai="29,30,31,40,42,43,49,54,58,65,67,88,94,99" machi="94" ten="40,12000,1" yaku="1,1,2,1,0,1,8,1,54,1,53,0" doraHai="117" doraHaiUra="33" who="0" fromWho="0" sc="240,140,250,-40,250,-40,240,-40" /><INIT seed="0,1,0,3,1,31" ten="380,210,210,200" oya="0" hai0="107,60,97,85,75,108,48,76,54,12,74,50,122" hai1="133,73,4,16,15,106,120,130,32,83,30,66,134" hai2="87,8,111,101,116,39,51,28,59,78,96,126,14" hai3="29,105,34,99,63,89,13,86,35,58,100,110,84"/><T36/><D36/><U112/><E106/><V95/><F39/><W127/><G29/><T132/><D122/><U19/><E120/><V11/><F111/><W121/><G121/><T1/><D1/><U64/><E130/><V69/><F69/><W47/><G110/><T88/><D108/><U45/><E45/><V3/><F3/><W70/><G70/><T129/><D129/><U55/><E112/><V2/><F2/><W92/><G127/><T80/><D132/><N who="1" m="50795" /><E73/><V61/><F126/><W40/><G13/><T90/><D75/><U56/><E83/><V27/><F51/><W43/><G86/><T103/><D90/><U123/><E4/><V82/><F14/><W18/><G18/><N who="1" m="6698" /><E15/><V21/><REACH who="2" step="1"/><F116/><REACH who="2" ten="380,210,200,200" step="2"/><W113/><G113/><T91/><D12/><U10/><E123/><V26/><F26/><W42/><REACH who="3" step="1"/><G47/><REACH who="3" ten="380,210,200,190" step="2"/><T125/><D125/><U23/><E10/><V6/><F6/><W115/><G115/><T37/><D74/><U118/><E118/><V5/><F5/><W79/><G79/><T109/><D109/><U65/><E56/><V93/><F93/><W71/><G71/><T20/><D76/><U68/><E68/><V77/><F77/><W17/><G17/><T135/><D135/><U0/><E0/><V128/><F128/><W72/><G72/><T67/><D107/><U81/><E81/><V33/><F33/><W52/><AGARI ba="1,2" hai="34,35,40,42,43,52,58,63,84,89,92,99,100,105" machi="52" ten="30,12000,2" yaku="1,1,0,1,52,2,54,1,53,1" doraHai="31" doraHaiUra="53" who="3" fromWho="3" sc="380,-61,210,-31,200,-31,190,143" /><INIT seed="1,0,0,1,1,122" ten="319,179,169,333" oya="1" hai0="66,116,42,69,10,35,36,124,53,113,21,109,71" hai1="133,74,111,2,121,100,86,99,59,77,101,87,131" hai2="134,102,45,31,112,29,83,96,5,135,110,98,38" hai3="126,68,67,25,84,43,54,73,78,11,27,56,94"/><U79/><E2/><V92/><F112/><W34/><G126/><T80/><D35/><U20/><E121/><V129/><F5/><W13/><G43/><T55/><D21/><U9/><E9/><V51/><F38/><W37/><G37/><T41/><D80/><U3/><E3/><V33/><F83/><W22/><G34/><T106/><D106/><U117/><E117/><V120/><F120/><W82/><G27/><T76/><D76/><U63/><E133/><N who="2" m="50699" /><F129/><W17/><G67/><T103/><D103/><U62/><E131/><V52/><F33/><W12/><G68/><T40/><D10/><U95/><E100/><N who="2" m="60423" /><F110/><W65/><G65/><T75/><D75/><U47/><E47/><V118/><F118/><W61/><G13/><T125/><D113/><U90/><E87/><V81/><F81/><W93/><REACH who="3" step="1"/><G73/><REACH who="3" ten="319,179,169,323" step="2"/><T15/><D15/><U60/><E74/><V132/><F132/><W115/><G115/><T128/><D36/><U97/><E20/><V85/><F85/><W39/><G39/><T14/><D14/><U44/><E86/><V91/><F91/><W123/><G123/><T89/><D89/><U26/><E90/><V46/><F98/><W57/><G57/><T6/><D116/><U1/><E59/><N who="2" m="33183" /><F102/><W4/><AGARI ba="0,1" hai="4,11,12,17,22,25,54,56,61,78,82,84,93,94" machi="4" ten="20,8000,1" yaku="1,1,0,1,7,1,8,1,53,1" doraHai="122" doraHaiUra="72" who="3" fromWho="3" sc="319,-20,179,-40,169,-20,323,90" /><INIT seed="2,0,0,3,1,54" ten="299,139,149,413" oya="2" hai0="24,8,91,16,4,46,45,21,27,74,40,82,47" hai1="57,38,75,122,119,62,33,99,125,36,26,25,98" hai2="60,113,19,31,67,76,48,86,6,64,135,30,78" hai3="0,3,72,81,70,111,134,127,110,1,20,23,87"/><V71/><F113/><W35/><G70/><T108/><D108/><N who="3" m="41513" /><G35/><T34/><D34/><U18/><E119/><V115/><F115/><W112/><G112/><T104/><D104/><U131/><E75/><V121/><F121/><W89/><G127/><T124/><D124/><U43/><E125/><V103/><F135/><W109/><G134/><T37/><D27/><U118/><E118/><V102/><F6/><W22/><N who="3" m="41521" /><W79/><DORA hai="107" /><G23/><T49/><D49/><U120/><E43/><V100/><F64/><W80/><AGARI ba="0,0" hai="0,1,3,20,22,72,79,80,81,87,89" m="41521" machi="80" ten="50,3200,0" yaku="14,1,52,1" doraHai="54,107" who="3" fromWho="3" sc="299,-8,139,-8,149,-16,413,32" /><INIT seed="3,0,0,1,3,10" ten="291,131,133,445" oya="3" hai0="94,69,127,63,52,2,0,110,90,17,16,81,115" hai1="21,74,58,65,15,36,38,76,105,93,43,133,118" hai2="71,120,130,64,135,56,55,123,45,31,26,108,134" hai3="80,84,128,97,75,23,62,121,22,83,47,61,122"/><W131/><G75/><T77/><D110/><U1/><E1/><V92/><F92/><W96/><G47/><T3/><D127/><U28/><E105/><V102/><F102/><W86/><AGARI ba="0,0" hai="22,23,61,62,80,83,84,86,96,97,121,122,128,131" machi="86" ten="25,4800,0" yaku="0,1,22,2" doraHai="10" who="3" fromWho="3" sc="291,-16,131,-16,133,-16,445,48" /><INIT seed="3,1,0,2,4,3" ten="275,115,117,493" oya="3" hai0="69,11,51,56,79,36,6,71,14,48,33,135,39" hai1="9,119,66,99,130,134,7,17,13,100,62,26,42" hai2="106,80,43,12,123,65,93,44,64,59,102,53,67" hai3="96,75,15,73,24,1,21,108,115,110,22,28,129"/><W109/><G115/><T112/><D33/><U120/><E120/><V27/><F106/><W57/><G1/><T86/><D135/><U47/><E130/><V60/><F123/><W127/><G129/><T49/><D112/><U40/><E134/><V31/><F80/><W103/><G127/><T52/><D79/><U97/><E119/><V70/><F12/><W82/><G82/><T55/><D86/><U19/><E26/><V132/><F132/><W81/><G81/><T114/><D114/><U76/><E76/><V88/><F102/><W126/><G126/><T121/><D121/><U84/><E84/><V101/><F101/><W16/><G57/><T124/><D124/><U2/><E99/><V116/><F116/><W78/><G78/><T46/><REACH who="0" step="1"/><D51/><REACH who="0" ten="265,115,117,493" step="2"/><U113/><E113/><V68/><F68/><AGARI ba="1,1" hai="6,11,14,36,39,46,48,49,52,55,56,68,69,71" machi="68" ten="40,8000,1" yaku="1,1,2,1,52,1,54,1,53,0" doraHai="3" doraHaiUra="72" who="0" fromWho="2" sc="265,93,115,0,117,-83,493,0" /><INIT seed="4,0,0,2,2,135" ten="358,115,34,493" oya="0" hai0="103,99,0,17,90,25,69,87,82,84,86,36,108" hai1="102,81,46,16,49,101,2,80,54,93,7,112,118" hai2="59,131,126,8,47,110,37,106,100,35,65,41,38" hai3="44,83,57,34,56,14,116,77,55,9,98,1,97"/><T45/><D69/><U95/><E118/><V121/><F8/><W67/><G116/><T94/><D0/><U40/><E2/><V72/><F100/><W33/><G1/><T23/><D36/><N who="2" m="13930" /><F72/><W4/><G67/><T109/><REACH who="0" step="1"/><D45/><REACH who="0" ten="348,115,34,493" step="2"/><U30/><E46/><V134/><F47/><W64/><G44/><T61/><D61/><U70/><E70/><V130/><F41/><W68/><G68/><T26/><D26/><U89/><E40/><V104/><F134/><W10/><G57/><T71/><D71/><U117/><E49/><V50/><F50/><W51/><G64/><T114/><D114/><U6/><E112/><V28/><F65/><W78/><G51/><T21/><D21/><U18/><E117/><V19/><F59/><W58/><G56/><T20/><D20/><U5/><E54/><V113/><F113/><W91/><G58/><T3/><D3/><U29/><E5/><V22/><F22/><W105/><G55/><T48/><D48/><U133/><E133/><V31/><F35/><W66/><G66/><T128/><D128/><U76/><E6/><V32/><F32/><W13/><G34/><T74/><D74/><U127/><E7/><V111/><F130/><W92/><G33/><T85/><AGARI ba="0,1" hai="17,23,25,82,84,85,86,87,90,94,99,103,108,109" machi="85" ten="30,6000,0" yaku="1,1,0,1,53,1" doraHai="135" doraHaiUra="79" who="0" fromWho="0" sc="348,70,115,-20,34,-20,493,-20" /><INIT seed="4,1,0,5,1,54" ten="418,95,14,473" oya="0" hai0="9,60,25,37,63,59,76,58,8,55,89,1,46" hai1="108,66,81,7,12,56,132,39,48,32,49,45,50" hai2="21,111,29,3,42,103,133,15,114,10,13,90,17" hai3="113,130,121,16,120,23,100,51,106,40,0,72,35"/><T61/><D76/><U67/><E108/><V107/><F111/><W68/><G35/><T53/><D1/><U69/><E32/><V24/><F114/><W26/><G113/><T77/><D60/><U118/><E118/><V33/><F133/><W22/><G68/><T92/><D77/><U127/><E81/><V52/><F42/><W28/><G72/><T64/><D25/><U20/><E20/><V91/><F103/><W82/><G0/><T84/><D64/><N who="1" m="24619" /><E12/><V30/><F107/><W2/><G2/><T102/><D102/><U97/><E97/><V44/><F29/><W71/><G71/><T95/><D95/><U99/><E99/><V88/><F3/><W109/><G109/><T6/><D6/><U41/><E7/><V94/><F13/><W43/><G82/><T57/><D57/><U98/><E98/><V27/><F94/><W86/><G100/><T119/><D119/><U122/><E122/><V70/><F70/><W93/><G106/><T47/><D37/><U110/><E110/><V128/><F128/><W115/><G130/><T116/><D116/><U85/><E69/><V131/><F131/><W123/><G115/><T117/><D117/><U19/><E39/><V38/><F38/><W4/><G4/><T135/><D135/><U96/><E132/><V34/><REACH who="2" step="1"/><F24/><REACH who="2" ten="418,95,4,473" step="2"/><W75/><G121/><T83/><D92/><U62/><E41/><V79/><F79/><W74/><G40/><T31/><D31/><U129/><E129/><V105/><F105/><W65/><G120/><T73/><D73/><N who="3" m="27657" /><G123/><T36/><D36/><U126/><E85/><RYUUKYOKU ba="1,1" sc="418,15,95,-15,4,15,473,-15" hai0="8,9,46,47,53,55,58,59,61,63,83,84,89" hai2="10,15,17,21,27,30,33,34,44,52,88,90,91" /><INIT seed="4,2,1,2,3,97" ten="433,80,19,458" oya="0" hai0="115,53,105,98,107,106,110,58,92,84,54,67,2" hai1="34,63,94,89,1,20,103,102,28,66,122,129,22" hai2="121,52,61,133,17,100,132,104,80,8,64,24,130" hai3="77,131,96,71,29,123,44,50,41,78,74,82,56"/><T37/><D2/><U108/><E108/><V117/><F121/><W72/><G71/><T4/><D4/><U49/><E1/><V75/><F130/><W7/><G131/><T5/><D5/><U9/><E122/><V86/><F75/><W32/><G123/><T85/><D115/><U3/><E3/><V73/><F73/><W39/><G7/><T55/><D37/><U95/><E9/><V113/><F113/><W114/><G114/><T25/><D110/><U42/><E34/><V68/><F117/><W70/><G70/><T51/><D25/><N who="1" m="16423" /><E22/><V88/><F24/><W33/><G29/><T90/><REACH who="0" step="1"/><D51/><REACH who="0" ten="423,80,19,458" step="2"/><U76/><E49/><V10/><F132/><W23/><G39/><T135/><D135/><U46/><E129/><V109/><F109/><W111/><G111/><T120/><D120/><U45/><E63/><AGARI ba="2,2" hai="53,54,55,58,63,67,84,85,90,92,98,105,106,107" machi="63" ten="50,2400,0" yaku="1,1,53,0" doraHai="97" doraHaiUra="126" who="0" fromWho="1" sc="423,50,80,-30,19,0,458,0" /><INIT seed="4,3,0,1,3,95" ten="473,50,19,458" oya="0" hai0="24,66,10,29,23,82,115,87,17,119,73,2,25" hai1="103,16,36,3,9,18,120,7,61,41,131,94,39" hai2="42,125,22,43,130,27,57,0,123,70,32,124,37" hai3="84,101,98,107,116,20,49,19,112,26,6,99,121"/><T64/><D119/><U83/><E131/><V90/><F123/><W96/><G116/><T68/><D73/><U104/><E104/><V28/><F70/><W47/><G121/><T126/><D115/><U63/><E83/><V67/><F0/><W5/><G112/><T44/><D126/><N who="2" m="48746" /><F37/><W91/><G101/><T48/><D68/><U51/><E36/><V128/><F32/><W111/><G107/><T97/><D97/><U54/><E39/><V72/><F90/><W55/><G111/><T79/><D2/><U75/><E41/><N who="2" m="15371" /><F72/><W105/><G105/><T133/><D133/><U85/><E75/><V15/><F15/><W80/><AGARI ba="3,0" hai="5,6,19,20,26,47,49,55,80,84,91,96,98,99" machi="80" ten="30,8000,1" yaku="0,1,8,1,52,3" doraHai="95" who="3" fromWho="3" sc="473,-43,50,-23,19,-23,458,89" owari="430,23.0,27,-37.0,-4,-50.0,547,64.0" /></mjloggm>