<mjloggm ver="2.3"><GO type="169" lobby="0"/><UN n0="%E3%81%99%E3%81%B1%E3%81%95%E3%81%B6" n1="%E8%8A%B1%E6%BE%A4%E3%83%91%E3%82%AF%E3%83%81%E3%83%BC" n2="%E3%81%94%E3%81%AB%E3%82%87" n3="%73%69%6E%73%69%73%74" dan="17,17,17,18" rate="2202.11,2177.20,2168.88,2240.21" sx="M,M,M,M"/><TAIKYOKU oya="0"/><INIT seed="0,0,0,4,3,54" ten="250,250,250,250" oya="0" hai0="75,89,63,64,84,34,132,118,51,80,49,98,16" hai1="45,65,73,101,0,3,85,26,115,122,125,10,44" hai2="13,96,130,124,18,107,30,14,99,126,20,109,128" hai3="22,72,127,91,67,123,9,95,53,114,46,77,70"/><T36/><D34/><U90/><E122/><V31/><F107/><W39/><G114/><T55/><D36/><U32/><E73/><V61/><F99/><W15/><G127/><N who="2" m="48681" /><F96/><W43/><G123/><T38/><D132/><U87/><E101/><V60/><F60/><W78/><G72/><T12/><D118/><U117/><E65/><V71/><F61/><W83/><G67/><T11/><D38/><U57/><E85/><V86/><F86/><W58/><G70/><T28/><D28/><N who="2" m="10794" /><F71/><W2/><G2/><T8/><D8/><U116/><E44/><V129/><F109/><W62/><G22/><T104/><D75/><U120/><E87/><V56/><F56/><W69/><G69/><T50/><D104/><U92/><E57/><V25/><AGARI ba="0,0" hai="13,14,18,20,25,128,129,130" m="10794,48681" machi="25" ten="40,8000,1" yaku="19,1,18,1,34,2" doraHai="54" who="2" fromWho="2" sc="250,-40,250,-20,250,80,250,-20" /><INIT seed="1,0,0,3,1,134" ten="210,230,330,230" oya="1" hai0="47,36,122,128,119,84,106,70,114,16,133,113,129" hai1="25,132,104,94,118,10,27,123,63,101,13,21,135" hai2="111,91,107,105,126,22,77,17,62,85,90,7,108" hai3="3,29,83,93,67,58,89,117,11,24,20,30,79"/><U37/><E123/><V2/><F2/><W39/><G39/><T45/><D106/><N who="2" m="40458" /><F7/><W125/><G117/><T5/><D5/><U78/><E118/><V6/><F6/><W72/><G3/><T99/><D99/><N who="1" m="59639" /><E104/><V76/><F62/><W48/><G11/><T120/><D84/><U1/><E37/><V4/><F4/><W33/><G33/><T65/><D16/><N who="1" m="8247" /><E78/><N who="2" m="30315" /><F22/><W100/><G100/><T18/><D18/><U32/><E1/><V102/><F17/><W38/><G38/><T115/><D119/><U69/><E32/><V56/><F56/><W116/><G116/><T19/><D19/><U41/><E41/><V52/><F102/><W42/><G30/><T68/><D133/><N who="1" m="51275" /><E21/><V34/><F34/><W75/><G42/><T8/><D36/><U44/><E44/><N who="0" m="16969" /><D8/><U26/><E26/><V88/><F85/><W51/><G24/><T40/><D40/><U43/><E43/><V9/><F9/><W97/><G20/><T15/><D120/><U71/><E71/><V23/><F23/><W64/><G29/><T112/><D122/><U66/><AGARI ba="0,0" hai="25,27,63,66,69" m="51275,8247,59639" machi="66" ten="30,3000,0" yaku="20,1,54,1" doraHai="134" who="1" fromWho="1" sc="210,-10,230,30,330,-10,230,-10" /><INIT seed="1,1,0,1,4,34" ten="200,260,320,220" oya="1" hai0="4,12,90,110,57,123,53,108,27,73,17,95,78" hai1="66,131,39,105,115,55,76,118,22,45,24,25,117" hai2="63,48,77,10,127,47,71,49,72,116,52,60,7" hai3="21,40,43,85,15,67,104,88,37,94,1,82,41"/><U14/><E115/><V65/><F116/><W58/><G104/><T56/><D123/><U129/><E105/><V5/><F127/><W87/><G37/><T8/><D73/><U124/><E124/><V6/><F72/><W89/><G1/><T109/><D78/><U16/><E66/><V96/><F77/><W112/><G112/><T75/><D75/><U99/><E76/><V128/><F128/><N who="1" m="49225" /><E99/><V26/><F63/><W103/><G103/><T33/><D33/><U64/><E64/><V119/><F119/><N who="1" m="45577" /><E55/><V44/><F26/><W54/><G67/><T80/><D53/><U113/><E113/><V36/><F36/><W28/><G28/><T81/><D27/><N who="1" m="10315" /><E45/><V102/><F48/><W134/><G41/><T62/><D62/><U9/><E39/><V18/><F47/><W120/><G134/><T106/><D106/><U59/><E59/><V19/><F96/><W121/><G121/><T69/><D57/><U30/><E30/><V23/><F102/><W97/><G97/><N who="0" m="57591" /><D56/><U100/><E100/><V29/><F71/><W51/><G120/><T0/><D69/><U74/><E74/><V130/><F130/><W2/><G2/><T98/><D98/><U13/><E13/><N who="2" m="7479" /><F29/><W86/><G86/><T61/><D61/><U42/><E42/><V126/><F126/><W114/><G114/><T93/><D93/><U111/><E111/><N who="0" m="28417" /><T46/><DORA hai="70" /><D46/><U84/><E84/><V107/><F107/><W135/><G135/><T35/><D35/><U132/><E132/><V92/><F65/><W125/><G125/><T50/><D50/><U68/><E68/><RYUUKYOKU ba="1,0" sc="200,10,260,10,320,-30,220,10" hai0="0,4,8,12,17,80,81" hai1="9,14,16,22" hai3="15,21,40,43,51,54,58,82,85,87,88,89,94" /><INIT seed="1,2,0,0,2,35" ten="210,270,290,230" oya="1" hai0="29,102,25,26,131,60,22,61,57,48,87,119,27" hai1="83,39,21,78,3,107,88,13,63,115,105,79,133" hai2="66,71,123,41,44,45,117,129,52,0,91,24,124" hai3="101,15,74,121,118,94,95,43,56,59,36,51,96"/><U49/><E115/><V47/><F117/><W125/><G121/><T127/><D119/><U116/><E116/><V69/><F123/><W55/><G118/><T37/><D37/><U86/><E39/><V132/><F24/><W5/><G74/><T65/><D131/><U110/><E133/><V135/><F91/><W62/><G125/><T113/><D113/><U1/><E107/><V108/><F0/><W30/><G36/><T134/><D127/><U64/><E105/><V130/><F124/><W17/><G30/><T8/><D134/><N who="2" m="51242" /><F66/><W31/><G31/><T104/><D48/><U19/><E110/><V120/><F120/><W12/><G5/><T9/><D27/><U58/><REACH who="1" step="1"/><E49/><REACH who="1" ten="210,260,290,230" step="2"/><N who="2" m="28711" /><F108/><W54/><G43/><T67/><D104/><U84/><E84/><V97/><F97/><W92/><REACH who="3" step="1"/><G12/><REACH who="3" ten="210,260,290,220" step="2"/><T76/><D29/><U90/><E90/><V50/><F45/><W128/><G128/><AGARI ba="2,2" hai="41,47,50,69,71,128,129,130" m="28711,51242" machi="128" ten="30,8000,1" yaku="19,1,20,1,34,2,54,1" doraHai="35" who="2" fromWho="3" sc="210,0,260,0,290,106,220,-86" /><INIT seed="2,0,0,1,3,1" ten="210,260,396,134" oya="2" hai0="37,33,83,120,104,102,19,25,116,67,46,32,30" hai1="73,18,109,84,8,22,124,74,119,5,62,91,105" hai2="80,23,88,64,72,50,132,63,14,9,131,39,13" hai3="12,56,59,106,86,96,57,87,45,92,68,58,43"/><V16/><F39/><W122/><G122/><T42/><D19/><U130/><E119/><V66/><F131/><W100/><G68/><T69/><D120/><U103/><E130/><V15/><F132/><W85/><N who="3" m="14336" /><DORA hai="79" /><W76/><G12/><N who="2" m="4713" /><F72/><W108/><G108/><T97/><D116/><U24/><E109/><V36/><F36/><W75/><G75/><T128/><D128/><U38/><E38/><V115/><F115/><W20/><G20/><T28/><D83/><U133/><E133/><V17/><F63/><W35/><G35/><N who="0" m="20879" /><D30/><U10/><E124/><V129/><F50/><W99/><G45/><T21/><D21/><U51/><E10/><V31/><F31/><W0/><G0/><T77/><D77/><U29/><E29/><V113/><F113/><W93/><G106/><T127/><D127/><U134/><E134/><V49/><F49/><W40/><G76/><T78/><D78/><U90/><E51/><V26/><F129/><W71/><REACH who="3" step="1"/><G71/><REACH who="3" ten="210,260,396,124" step="2"/><T126/><D126/><U52/><E105/><V44/><F44/><W34/><G34/><T89/><D32/><U65/><E74/><V95/><F95/><W98/><G98/><T82/><D33/><U114/><E73/><V61/><F61/><W112/><G112/><T125/><D125/><U117/><E62/><V55/><F55/><W41/><G41/><T54/><D54/><U27/><E52/><V70/><F70/><W81/><G81/><T11/><D82/><U110/><E114/><V4/><F80/><W2/><G2/><T53/><D53/><U111/><E110/><V135/><F135/><RYUUKYOKU ba="0,1" sc="210,-10,260,-10,396,-10,124,30" hai3="40,43,85,86,87,92,93,96,99,100" /><INIT seed="3,1,1,5,5,32" ten="200,250,386,154" oya="3" hai0="65,91,27,98,55,64,131,80,130,2,67,86,57" hai1="42,60,17,19,36,70,43,124,46,92,18,41,100" hai2="134,48,74,10,26,87,112,51,78,116,4,50,82" hai3="109,95,97,20,0,107,108,88,38,114,8,35,121"/><W13/><G114/><T11/><D27/><U119/><E124/><V69/><F116/><W12/><G35/><T110/><D110/><N who="3" m="42601" /><G121/><T73/><D98/><U101/><E119/><V99/><F112/><W47/><G107/><T7/><REACH who="0" step="1"/><D73/><REACH who="0" ten="190,250,386,154" step="2"/><U105/><E105/><V129/><F26/><W113/><G113/><T9/><D9/><U66/><E36/><V28/><F10/><W127/><G127/><T40/><D40/><U39/><E39/><V133/><F74/><W34/><G34/><T90/><D90/><U123/><E123/><V49/><F99/><W68/><G20/><T79/><D79/><U62/><E41/><V58/><F78/><W45/><G68/><T6/><D6/><U128/><E43/><V31/><F4/><N who="3" m="1031" /><G38/><T89/><D89/><U103/><E42/><V106/><F106/><W77/><G77/><T59/><D59/><U135/><E70/><V117/><F69/><W75/><G75/><T53/><D53/><U21/><E46/><AGARI ba="1,2" hai="12,13,45,46,47,88,95,97" m="1031,42601" machi="46" ten="30,11600,0" yaku="14,1,10,1,52,1,54,1" doraHai="32" who="3" fromWho="1" sc="190,0,250,-119,386,0,154,139" /><INIT seed="3,2,0,2,2,8" ten="190,131,386,293" oya="3" hai0="100,87,130,105,109,16,27,15,78,26,113,35,17" hai1="20,13,28,127,42,119,52,112,77,51,104,131,18" hai2="44,62,24,99,90,1,30,4,91,70,128,48,121" hai3="47,46,118,2,95,93,31,49,14,83,23,53,135"/><W98/><G118/><T29/><D109/><U33/><E112/><V5/><F128/><W39/><G2/><T124/><D130/><U43/><E131/><V116/><F116/><W65/><G135/><T19/><D113/><U3/><E119/><V122/><F90/><W94/><G65/><T132/><D132/><U120/><E104/><V58/><F91/><W84/><G39/><T102/><D124/><U115/><E120/><V97/><F70/><W101/><G47/><T61/><D27/><U96/><E127/><V114/><F99/><W41/><G41/><T63/><D15/><U72/><E115/><V134/><F97/><W12/><G31/><T80/><REACH who="0" step="1"/><D105/><REACH who="0" ten="180,131,386,293" step="2"/><U125/><E125/><V108/><F108/><W50/><G23/><T45/><D45/><U59/><E3/><V81/><F134/><W0/><G0/><T32/><D32/><U117/><E117/><V37/><F114/><W66/><G66/><T79/><D79/><U106/><E77/><V86/><F1/><W71/><G12/><T67/><D67/><U60/><E72/><V34/><F121/><W75/><G14/><T64/><D64/><U133/><E133/><V7/><F122/><W38/><G75/><T54/><D54/><N who="1" m="33911" /><E33/><V92/><F34/><W68/><G68/><T89/><D89/><U10/><E106/><V36/><F24/><W74/><G71/><T103/><AGARI ba="2,1" hai="16,17,19,26,29,35,61,63,78,80,87,100,102,103" machi="103" ten="30,8000,1" yaku="1,1,0,1,54,1,53,2" doraHai="8" doraHaiUra="57" who="0" fromWho="0" sc="180,96,131,-22,386,-22,293,-42" /><INIT seed="4,0,0,0,3,112" ten="276,109,364,251" oya="0" hai0="31,125,98,28,0,88,123,109,102,134,17,55,53" hai1="79,100,86,81,108,14,47,11,129,107,110,66,85" hai2="34,69,78,54,58,111,101,74,77,135,96,10,36" hai3="119,84,3,91,40,20,38,126,30,29,99,106,117"/><T131/><D123/><U57/><E129/><V25/><F69/><W19/><G3/><T62/><D131/><U39/><E107/><V120/><F36/><W116/><G126/><T104/><D125/><U23/><E100/><V37/><F37/><W103/><G40/><T92/><D134/><U5/><E86/><V64/><F64/><W13/><REACH who="3" step="1"/><G38/><REACH who="3" ten="276,109,364,241" step="2"/><T114/><D0/><U68/><E68/><V7/><F135/><W133/><G133/><T2/><D114/><U70/><E70/><V45/><F120/><W52/><G52/><T60/><D2/><U16/><E39/><V12/><F111/><W59/><G59/><T6/><D109/><U32/><E47/><V93/><F45/><W27/><G27/><T76/><D55/><U1/><REACH who="1" step="1"/><E32/><REACH who="1" ten="276,99,364,241" step="2"/><V4/><F34/><W130/><G130/><T18/><D104/><U21/><E21/><V113/><F113/><W8/><G8/><T50/><D102/><U71/><E71/><V41/><F10/><W43/><G43/><T49/><D53/><U75/><E75/><V42/><F54/><W90/><G90/><T46/><D46/><U72/><E72/><V95/><F101/><W118/><N who="3" m="29696" /><DORA hai="48" /><W83/><AGARI ba="0,2" hai="13,19,20,29,30,83,84,91,99,103,106" m="29696" machi="83" ten="60,16000,3" yaku="1,1,4,1,0,1,52,4,53,1" doraHai="112,48" doraHaiUra="22,80" who="3" fromWho="3" sc="276,-80,99,-40,364,-40,241,180" /><INIT seed="5,0,0,4,1,16" ten="196,59,324,421" oya="1" hai0="13,105,11,111,10,60,116,99,115,24,22,90,34" hai1="110,97,51,117,112,31,82,5,122,114,52,21,133" hai2="83,40,43,38,6,0,29,91,128,88,95,61,86" hai3="129,32,18,74,68,27,46,26,135,2,78,30,25"/><U8/><E117/><V58/><F128/><W79/><G68/><T53/><D116/><U103/><E122/><V57/><F38/><W64/><G2/><T15/><D34/><U37/><E37/><V44/><F0/><W69/><G129/><T113/><D111/><U127/><E110/><V123/><F123/><W20/><G135/><T12/><D105/><U19/><E133/><V62/><F6/><W56/><G69/><T73/><D73/><U1/><E82/><V84/><F29/><W120/><G120/><T125/><D125/><U100/><E31/><V33/><F33/><W75/><G75/><T89/><D53/><U39/><E39/><V81/><F95/><W106/><G106/><T59/><D11/><U119/><E119/><V131/><F131/><W76/><G74/><T71/><D10/><U102/><E97/><V70/><F70/><W124/><G124/><T108/><D71/><U36/><E36/><V45/><AGARI ba="0,0" hai="40,43,44,45,57,58,61,62,81,83,84,86,88,91" machi="45" ten="25,8000,1" yaku="0,1,22,2,8,1,54,1" doraHai="16" who="2" fromWho="2" sc="196,-20,59,-40,324,80,421,-20" /><INIT seed="6,0,0,3,0,118" ten="176,19,404,401" oya="2" hai0="123,25,107,29,4,127,74,79,36,22,130,38,89" hai1="114,32,45,40,108,85,54,58,2,95,69,67,104" hai2="98,6,53,61,46,62,96,65,113,35,91,21,34" hai3="129,42,41,76,84,100,83,7,14,15,30,59,8"/><V116/><F116/><W31/><G129/><T126/><D89/><U101/><E108/><V11/><F113/><W132/><G132/><T16/><D79/><U48/><E114/><V66/><F34/><W120/><G120/><T115/><D74/><U134/><E134/><V1/><F35/><W128/><G128/><T56/><D107/><U13/><E2/><V63/><F21/><W70/><G70/><T68/><D56/><U86/><E32/><V124/><F124/><W97/><G15/><T103/><D103/><U39/><E104/><V27/><F27/><W5/><G5/><T112/><D68/><U135/><E135/><V133/><F133/><W131/><G131/><T49/><D49/><U94/><E13/><N who="2" m="5367" /><F91/><W0/><G0/><T119/><D4/><U122/><E122/><V50/><F1/><W102/><G59/><T20/><D25/><U60/><REACH who="1" step="1"/><E94/><REACH who="1" ten="176,9,404,401" step="2"/><V105/><F105/><W80/><G80/><T3/><D3/><U17/><E17/><V33/><F33/><W109/><G109/><T106/><D106/><U64/><E64/><AGARI ba="0,1" hai="46,50,53,61,62,63,64,65,66,96,98" m="5367" machi="64" ten="30,1500,0" yaku="8,1" doraHai="118" who="2" fromWho="1" sc="176,0,9,-15,404,25,401,0" owari="176,-22.0,-6,-51.0,429,53.0,401,20.0" /></mjloggm>