<mjloggm ver="2.3"><GO type="169" lobby="0"/><UN n0="%54%69%65%66%61" n1="%E3%81%AB%E3%81%A3%E3%81%A1%E3%82%87" n2="%E3%83%AC%E3%82%A4%E3%83%88%E3%83%B3%E5%87%86%E6%95%99%E6%8E%88" n3="%73%65%61%73%74%6F%72%79" dan="16,17,16,16" rate="2070.97,2155.85,2097.43,2101.97" sx="M,M,M,M"/><TAIKYOKU oya="0"/><INIT seed="0,0,0,5,4,19" ten="250,250,250,250" oya="0" hai0="105,101,88,29,35,100,116,56,86,73,91,128,81" hai1="44,33,37,36,49,107,10,42,84,121,109,63,102" hai2="110,41,89,76,103,85,127,92,71,72,3,108,64" hai3="46,95,112,94,119,125,118,38,122,106,70,79,68"/><T26/><D128/><U87/><E121/><V24/><F3/><W54/><G106/><T83/><D116/><U9/><E33/><V1/><F1/><W25/><G112/><T132/><D132/><U31/><E109/><N who="2" m="42091" /><F41/><W30/><G122/><T115/><D115/><U6/><E107/><V12/><F103/><W39/><G79/><T126/><D126/><U120/><E102/><V45/><F45/><W98/><G125/><T55/><D105/><U27/><E63/><N who="2" m="40351" /><F12/><W51/><G70/><T135/><D135/><U123/><E123/><V131/><F127/><W93/><G68/><T4/><D4/><U20/><E120/><V61/><F61/><W90/><G119/><T96/><D73/><U28/><E28/><V59/><F59/><W53/><G118/><T80/><D80/><U2/><REACH who="1" step="1"/><E10/><REACH who="1" ten="250,240,250,250" step="2"/><V82/><F131/><W60/><G60/><T8/><D8/><U57/><E57/><V13/><F24/><W62/><G25/><T67/><D100/><U11/><E11/><V50/><F50/><W17/><G51/><T52/><D101/><U16/><E16/><V66/><F66/><W130/><G17/><T97/><D67/><U47/><E47/><V77/><F13/><W65/><G46/><T7/><D7/><U99/><E99/><N who="0" m="37961" /><D56/><U69/><E69/><V18/><F18/><W43/><G130/><T117/><D117/><U48/><E48/><V40/><F40/><W14/><G14/><T104/><D104/><U134/><E134/><V133/><F133/><W22/><G98/><T23/><D35/><U32/><E32/><V21/><F21/><RYUUKYOKU ba="0,1" sc="250,10,240,10,250,10,250,-30" hai0="23,26,29,52,55,81,83,86,88,91" hai1="2,6,9,20,27,31,36,37,42,44,49,84,87" hai2="72,76,77,82,85,89,92" /><INIT seed="0,1,1,4,2,20" ten="260,250,260,220" oya="0" hai0="62,95,130,11,127,24,55,84,21,1,118,131,111" hai1="3,46,52,113,90,79,66,109,2,42,102,64,123" hai2="17,107,27,57,98,104,82,50,110,59,45,7,97" hai3="73,120,126,88,22,18,135,77,96,43,48,94,106"/><T80/><D118/><U34/><E123/><V28/><F7/><W39/><G120/><T60/><D127/><U117/><E117/><V89/><F110/><W134/><G126/><T15/><D1/><U37/><E102/><V9/><F107/><W12/><G106/><T63/><D111/><U124/><E79/><V38/><F38/><W86/><G39/><T61/><D95/><U70/><E113/><V58/><F104/><W10/><G73/><T23/><D130/><U108/><E124/><V132/><F132/><W32/><G32/><T74/><D74/><U4/><E109/><V19/><F9/><W87/><G10/><T129/><D129/><U40/><E40/><V68/><F68/><W121/><G121/><T125/><D125/><U31/><E90/><V51/><F51/><W114/><G114/><T115/><D115/><U44/><E4/><V54/><F82/><W16/><G18/><N who="2" m="6665" /><F89/><W78/><G78/><N who="0" m="46103" /><D131/><U83/><E83/><V36/><F36/><W133/><G77/><T33/><D33/><U69/><E69/><V76/><F76/><W119/><G119/><T30/><D21/><AGARI ba="1,1" hai="21,27,28,45,50,54,57,58,59,97,98" m="6665" machi="21" ten="30,2000,0" yaku="8,1,52,1" doraHai="20" who="2" fromWho="0" sc="260,-23,250,0,260,33,220,0" /><INIT seed="1,0,0,5,5,41" ten="237,250,293,220" oya="1" hai0="106,44,32,13,135,52,40,130,67,78,55,22,57" hai1="72,31,5,9,2,97,98,16,23,59,49,47,11" hai2="35,76,69,4,100,53,39,56,129,107,63,20,24" hai3="17,33,116,30,121,0,91,60,10,93,104,112,8"/><U71/><E71/><V3/><F39/><W96/><G112/><T124/><D106/><U84/><E72/><V99/><F129/><W15/><G121/><T86/><D32/><U46/><E31/><V113/><F113/><W18/><G104/><T95/><D130/><U48/><E59/><V70/><F35/><W26/><G116/><T85/><D124/><U7/><E84/><V65/><F76/><W87/><G60/><N who="0" m="38287" /><D135/><U75/><E75/><V42/><F42/><W103/><G0/><T133/><D133/><U125/><E125/><V34/><F34/><W111/><G111/><T79/><D40/><U62/><E62/><V36/><F36/><W114/><G114/><T19/><D95/><U27/><E49/><V126/><F126/><W37/><G37/><T43/><D43/><U64/><E64/><V109/><F65/><W118/><G118/><T1/><D1/><U83/><E83/><V115/><F115/><W21/><G18/><T14/><D14/><N who="1" m="5439" /><E48/><V110/><F3/><W45/><REACH who="3" step="1"/><G45/><REACH who="3" ten="237,250,293,210" step="2"/><N who="1" m="16906" /><E2/><V134/><F134/><W101/><G101/><T132/><D132/><U38/><E38/><V82/><F109/><W12/><G12/><T123/><D123/><U66/><E66/><V25/><F110/><W128/><G128/><T68/><D44/><U88/><E5/><V6/><F4/><W131/><G131/><T73/><D19/><N who="1" m="12799" /><E88/><V81/><F6/><W127/><G127/><T58/><D79/><U54/><E54/><V89/><F89/><W50/><G50/><T94/><D55/><U105/><E105/><V28/><F107/><W29/><G29/><RYUUKYOKU ba="0,1" sc="237,-15,250,15,293,-15,210,15" hai1="11,16,97,98" hai3="8,10,15,17,21,26,30,33,87,91,93,96,103" /><INIT seed="1,1,1,2,5,125" ten="222,265,278,225" oya="1" hai0="60,44,42,116,71,38,59,99,127,48,21,98,50" hai1="81,28,35,88,109,76,61,111,78,66,52,96,58" hai2="114,91,16,51,100,70,57,6,103,84,105,13,108" hai3="64,119,106,92,34,69,46,12,123,24,118,122,74"/><U131/><E131/><V67/><F108/><N who="1" m="41545" /><E35/><V8/><F70/><W26/><G106/><T126/><D116/><N who="3" m="44585" /><G74/><T56/><D21/><U41/><E28/><V132/><F132/><W120/><G34/><T133/><D133/><U4/><E41/><V72/><F72/><W27/><G46/><N who="0" m="23895" /><D99/><U95/><E4/><V49/><F114/><W93/><G12/><T14/><D14/><U1/><E1/><V11/><F49/><W90/><G90/><T30/><D30/><U22/><E22/><V29/><F29/><W79/><G79/><N who="1" m="30250" /><E81/><V53/><F105/><W15/><G15/><T75/><D71/><U36/><E36/><V104/><F104/><W39/><G39/><T43/><D126/><U17/><E17/><V102/><F6/><W112/><G112/><T5/><D5/><U65/><AGARI ba="1,1" hai="52,58,61,65,66,88,95,96" m="30250,41545" machi="65" ten="30,11700,0" yaku="14,1,10,1,54,2" doraHai="125" who="1" fromWho="1" sc="222,-40,265,130,278,-40,225,-40" /><INIT seed="1,2,0,4,2,56" ten="182,395,238,185" oya="1" hai0="81,8,22,49,53,11,75,77,67,86,61,25,107" hai1="54,73,50,113,112,128,97,0,14,99,92,130,96" hai2="37,39,46,12,106,135,63,68,64,95,18,126,72" hai3="133,29,42,100,118,94,91,120,10,1,52,110,27"/><U19/><E0/><V74/><F106/><W40/><G120/><T15/><D75/><U87/><E73/><V31/><F126/><W44/><G118/><T57/><D107/><U132/><E132/><V51/><F31/><W105/><G133/><T89/><D77/><U83/><E113/><V33/><F33/><W90/><G110/><T117/><D117/><U121/><E112/><V23/><F135/><W26/><G105/><T134/><D134/><U69/><E69/><V79/><F74/><W101/><G10/><T55/><D15/><U80/><E121/><V93/><F79/><W123/><G1/><T122/><D122/><U6/><E6/><V41/><F72/><W28/><G123/><T78/><D78/><U7/><E7/><V124/><F124/><W30/><G44/><T88/><D89/><N who="3" m="33801" /><G52/><N who="0" m="20043" /><D49/><U62/><E92/><V104/><F104/><W116/><G94/><T60/><D60/><U127/><E62/><V9/><F95/><W36/><G36/><T4/><D4/><U108/><E127/><V65/><F93/><W16/><G116/><T17/><AGARI ba="2,0" hai="8,11,17,22,25,57,61,67,81,86,88" m="20043" machi="17" ten="30,7900,0" yaku="8,1,52,1,54,2" doraHai="56" who="0" fromWho="0" sc="182,85,395,-41,238,-22,185,-22" /><INIT seed="2,0,0,4,0,16" ten="267,354,216,163" oya="2" hai0="17,53,34,90,131,40,101,63,0,30,32,67,19" hai1="108,128,103,66,118,60,47,69,119,115,96,120,89" hai2="36,86,80,98,79,133,106,76,61,130,132,74,28" hai3="82,38,58,129,100,49,105,134,71,9,45,126,116"/><V4/><F36/><W64/><G116/><T83/><D0/><U125/><E115/><V1/><F28/><W29/><G134/><N who="2" m="51817" /><F4/><W41/><G129/><T124/><D131/><U33/><E128/><V84/><F1/><W22/><G126/><T2/><D2/><U57/><E125/><V127/><F61/><W104/><G9/><T11/><D124/><U48/><E120/><V52/><F52/><N who="3" m="32015" /><G82/><T110/><D110/><U72/><E108/><V37/><F37/><W18/><G100/><T23/><D11/><U26/><E119/><V3/><F3/><W135/><G29/><T102/><D40/><U85/><E118/><V94/><F130/><W99/><G99/><T55/><D34/><U43/><E33/><V24/><F127/><W92/><G92/><T5/><D5/><U91/><E60/><V111/><F111/><W78/><G78/><T12/><D17/><U75/><E66/><V62/><F62/><N who="3" m="40343" /><G135/><T31/><D32/><U68/><E69/><V93/><F76/><W46/><G45/><T39/><D30/><U117/><E47/><V20/><F106/><W107/><G107/><T15/><D31/><U114/><E117/><V123/><F123/><W56/><G56/><T50/><D102/><U54/><E57/><V97/><F97/><W81/><G81/><T70/><D101/><U109/><E96/><V65/><F98/><W21/><G21/><T73/><D23/><U44/><E103/><V112/><F112/><W25/><AGARI ba="0,0" hai="18,22,25,38,41,46,104,105" m="40343,32015" machi="25" ten="30,4000,0" yaku="24,1,52,1,54,1" doraHai="16" who="3" fromWho="3" sc="267,-10,354,-10,216,-20,163,40" /><INIT seed="3,0,0,5,2,78" ten="257,344,196,203" oya="3" hai0="15,52,27,112,11,77,105,92,93,23,41,42,88" hai1="111,48,133,34,36,83,63,95,40,101,103,54,51" hai2="118,86,67,82,126,28,53,8,37,60,130,80,100" hai3="73,123,55,116,33,30,17,9,13,76,45,1,108"/><W12/><G123/><T129/><D105/><U39/><E34/><V35/><F118/><W24/><G116/><T114/><D129/><U90/><E111/><V120/><F37/><W134/><G108/><T7/><D77/><U72/><E133/><V107/><F53/><W87/><G73/><T104/><D104/><U47/><E63/><V46/><F46/><W6/><G134/><T19/><D52/><U102/><E72/><V115/><F115/><N who="0" m="44074" /><D93/><U61/><E61/><V10/><F86/><AGARI ba="0,0" hai="7,11,15,19,23,27,41,42,86,88,92" m="44074" machi="86" ten="30,2000,0" yaku="11,1,54,1" doraHai="78" who="0" fromWho="2" sc="257,20,344,0,196,-20,203,0" /><INIT seed="4,0,0,1,5,128" ten="277,344,176,203" oya="0" hai0="0,112,71,33,91,44,60,109,65,7,107,11,17" hai1="124,87,2,24,111,25,99,46,30,80,49,51,14" hai2="52,101,38,103,114,9,90,26,85,54,4,27,93" hai3="21,89,117,81,53,74,94,130,57,5,1,62,132"/><T120/><D120/><U73/><E111/><V110/><F110/><W123/><G117/><T108/><D112/><U3/><E73/><V135/><F38/><W96/><G130/><T36/><D107/><U56/><E124/><V95/><F114/><W122/><G21/><T72/><D72/><U115/><E115/><V129/><F129/><W77/><G5/><T100/><D100/><U22/><E56/><V104/><F104/><W42/><G1/><T106/><D106/><U88/><E14/><V45/><F135/><W131/><G131/><T34/><D91/><U35/><E99/><V19/><F19/><W6/><G6/><T70/><D70/><U18/><REACH who="1" step="1"/><E51/><REACH who="1" ten="277,334,176,203" step="2"/><V127/><F127/><W16/><G123/><T41/><D109/><U76/><E76/><V116/><F116/><W20/><G122/><T97/><D108/><U92/><E92/><V8/><F95/><W37/><G37/><T55/><D97/><U67/><E67/><V78/><F78/><W125/><G125/><T43/><D65/><U28/><E28/><V84/><F93/><W61/><G61/><T50/><D36/><U23/><E23/><V10/><F10/><W48/><G48/><N who="0" m="29063" /><D60/><U39/><E39/><V102/><F9/><W133/><REACH who="3" step="1"/><G42/><AGARI ba="0,1" hai="2,3,18,22,24,25,30,35,42,46,49,80,87,88" machi="42" ten="30,8000,1" yaku="1,1,7,1,54,1,53,2" doraHai="128" doraHaiUra="32" who="1" fromWho="3" sc="277,0,334,90,176,0,203,-80" /><INIT seed="5,0,0,1,5,95" ten="277,424,176,123" oya="1" hai0="4,38,104,32,9,121,117,114,128,58,88,115,0" hai1="27,131,93,134,94,65,2,74,15,1,52,102,105" hai2="91,42,17,50,70,122,49,84,123,63,78,57,77" hai3="130,53,55,83,69,89,59,132,101,108,18,109,23"/><U40/><E74/><V124/><F124/><W34/><G69/><T103/><D117/><U47/><E131/><V48/><F70/><W133/><G34/><T3/><D128/><U11/><E134/><N who="3" m="51818" /><G101/><T61/><D38/><U19/><E65/><V64/><F42/><W24/><G130/><T90/><D32/><U29/><E105/><V36/><F36/><W56/><G83/><T10/><D121/><U85/><E94/><V33/><F33/><W31/><G31/><T110/><D110/><U16/><E19/><V118/><F118/><W44/><G44/><T96/><D9/><U92/><E93/><V35/><F35/><W62/><G89/><T54/><REACH who="0" step="1"/><D0/><REACH who="0" ten="267,424,176,123" step="2"/><U51/><E1/><V98/><F123/><W119/><G119/><T100/><D100/><U99/><E2/><V116/><F122/><W112/><G112/><AGARI ba="0,1" hai="3,4,10,54,58,61,88,90,96,103,104,112,114,115" machi="112" ten="40,8000,1" yaku="1,1,15,1,52,1,54,1,53,0" doraHai="95" doraHaiUra="68" who="0" fromWho="3" sc="267,90,424,0,176,0,123,-80" /><INIT seed="6,0,0,5,3,48" ten="357,424,176,43" oya="2" hai0="110,126,73,13,131,55,124,17,7,12,56,37,39" hai1="120,23,76,70,80,122,128,53,54,67,28,130,69" hai2="129,40,92,30,121,132,11,135,95,78,27,72,65" hai3="10,21,91,106,60,57,1,82,8,90,22,4,107"/><V61/><F121/><N who="1" m="46697" /><E28/><V64/><F40/><W63/><G63/><T3/><D110/><U99/><E23/><V103/><F129/><N who="1" m="49769" /><E99/><V42/><F11/><W34/><G34/><T5/><D131/><U109/><E109/><V26/><F103/><W133/><G133/><T24/><D73/><N who="1" m="43023" /><E67/><V125/><F132/><W105/><G10/><N who="0" m="2367" /><D7/><U127/><E127/><N who="0" m="48681" /><D24/><U85/><E85/><V101/><F30/><W50/><G50/><N who="0" m="30839" /><D13/><U97/><E97/><V47/><F125/><W114/><G114/><T41/><D41/><U117/><E117/><V116/><F116/><W36/><G36/><T6/><D6/><U52/><AGARI ba="0,0" hai="52,53,54,69,70" m="43023,49769,46697" machi="52" ten="40,12000,2" yaku="13,1,19,1,52,3,54,1" doraHai="48" who="1" fromWho="1" sc="357,-30,424,120,176,-60,43,-30" /><INIT seed="7,0,0,0,3,97" ten="327,544,116,13" oya="3" hai0="96,88,103,25,99,85,93,47,70,117,40,81,6" hai1="41,30,125,48,1,28,55,82,31,42,95,78,86" hai2="15,66,65,119,20,124,3,18,112,69,0,49,91" hai3="80,61,108,22,75,134,110,5,10,111,53,109,14"/><W16/><N who="3" m="27648" /><DORA hai="107" /><W71/><G134/><T131/><D117/><U123/><E123/><V19/><F119/><W46/><G71/><T39/><D131/><U23/><E1/><V63/><F66/><W120/><G120/><T64/><D6/><U24/><E125/><V60/><F60/><W127/><G127/><T72/><D25/><U84/><E84/><V94/><F112/><W27/><G61/><T92/><D64/><U102/><E102/><V121/><F124/><W8/><G8/><T105/><D70/><U74/><E95/><V43/><F43/><N who="1" m="16393" /><E74/><V106/><F106/><W17/><G46/><AGARI ba="0,0" hai="23,24,28,30,31,46,48,55,78,82,86" m="16393" machi="46" ten="30,1000,0" yaku="8,1" doraHai="97,107" who="1" fromWho="3" sc="327,0,544,10,116,0,13,-10" owari="327,13.0,554,65.0,116,-28.0,3,-50.0" /></mjloggm>