<mjloggm ver="2.3"><GO type="169" lobby="0"/><UN n0="%E6%9C%A8%E6%BC%8F%E3%82%8C%E6%97%A5" n1="%E3%82%82%E3%81%BF%E3%81%95%E3%81%92" n2="%E3%81%84%E3%81%84%E3%81%9E" n3="%E3%82%A2%E3%83%AB%E4%B8%AD%40%E3%83%86%E3%83%B3%E3%83%91" dan="17,16,16,17" rate="2213.16,2114.05,2117.21,2209.67" sx="M,M,M,M"/><TAIKYOKU oya="0"/><INIT seed="0,0,0,5,3,85" ten="250,250,250,250" oya="0" hai0="70,59,40,127,103,39,125,130,58,128,12,5,77" hai1="46,41,79,26,112,104,133,131,117,1,3,82,75" hai2="115,86,31,64,10,100,11,91,68,0,27,122,35" hai3="114,74,96,67,30,9,47,32,116,4,53,113,57"/><T88/><D77/><U123/><E123/><V69/><F122/><W55/><G116/><T132/><D103/><U42/><E117/><V66/><F115/><W24/><G74/><T20/><D70/><U15/><E104/><V44/><F100/><W72/><G72/><T22/><D40/><U126/><E126/><N who="0" m="48137" /><D39/><U54/><E133/><V134/><F134/><W107/><G67/><T135/><D5/><U16/><E131/><N who="0" m="50217" /><D12/><U92/><E26/><V73/><F73/><W2/><G55/><T17/><D17/><U98/><E54/><V90/><F66/><W34/><G4/><T83/><D135/><U80/><E112/><V118/><F69/><W49/><G53/><T89/><D83/><U95/><E82/><V78/><F68/><W60/><G113/><T52/><D132/><U37/><E42/><V28/><F64/><W120/><G114/><T101/><D101/><U51/><E37/><V29/><F78/><W108/><G120/><T36/><D36/><U63/><E41/><V105/><F105/><W19/><G107/><T14/><D59/><U99/><E79/><V43/><F118/><W106/><G19/><N who="0" m="10359" /><D22/><U38/><E38/><V18/><F44/><W119/><G47/><T124/><N who="0" m="48145" /><T21/><DORA hai="13" /><D21/><U45/><E46/><V81/><F43/><W8/><G57/><T23/><D23/><U121/><E45/><V56/><F81/><W87/><G119/><T111/><D111/><U25/><E80/><V102/><F56/><W84/><G108/><T71/><D71/><U61/><E121/><V110/><F110/><W65/><G106/><RYUUKYOKU ba="0,0" sc="250,30,250,-10,250,-10,250,-10" hai0="52,58,88,89" /><INIT seed="0,1,0,1,4,79" ten="280,240,240,240" oya="0" hai0="17,42,46,86,123,94,38,87,67,39,85,15,13" hai1="126,71,80,33,116,57,112,92,24,61,124,97,66" hai2="133,35,70,63,45,131,16,77,25,29,5,72,103" hai3="96,104,9,78,1,114,91,59,49,102,47,101,108"/><T55/><D123/><U68/><E116/><V119/><F131/><W2/><G114/><T75/><D75/><U10/><E10/><V120/><F120/><W81/><G108/><T69/><D39/><U53/><E112/><V111/><F5/><W36/><G102/><T64/><D69/><U121/><E121/><V52/><F111/><W76/><G36/><T125/><D125/><N who="1" m="48235" /><E66/><V127/><F127/><W58/><G78/><T129/><D129/><U98/><E98/><V95/><F133/><W118/><G91/><T105/><D105/><U50/><E50/><V65/><F119/><W132/><G132/><T40/><D94/><U20/><E33/><V43/><F95/><W44/><G118/><T83/><D15/><U8/><E8/><V22/><F103/><W7/><G1/><T32/><D32/><U134/><E134/><V3/><F3/><W27/><G27/><T73/><D42/><U89/><E80/><N who="2" m="45095" /><F43/><W54/><REACH who="3" step="1"/><G44/><REACH who="3" ten="280,240,240,230" step="2"/><T4/><D46/><U62/><E24/><V99/><F45/><W11/><G11/><T30/><D38/><U100/><E100/><V0/><F0/><W128/><G128/><T34/><D13/><U60/><E89/><V115/><F115/><W110/><G110/><T23/><D73/><AGARI ba="1,1" hai="2,7,9,47,49,54,58,59,73,76,81,96,101,104" machi="73" ten="30,7700,0" yaku="1,1,7,1,52,1,53,1" doraHai="79" doraHaiUra="6" who="3" fromWho="0" sc="280,-80,240,0,240,0,230,90" /><INIT seed="1,0,0,2,0,52" ten="200,240,240,320" oya="1" hai0="129,92,30,117,56,79,11,101,48,103,9,119,105" hai1="73,104,98,132,77,19,96,106,55,61,8,130,94" hai2="54,109,74,127,97,43,46,27,22,124,21,76,5" hai3="70,20,116,95,78,35,88,38,123,64,115,25,14"/><U84/><E130/><V128/><F128/><W134/><G115/><T12/><D129/><U90/><E132/><V69/><F69/><W60/><G123/><T81/><D105/><N who="1" m="40555" /><E55/><V2/><F97/><N who="1" m="37481" /><E61/><V86/><F86/><W122/><G116/><T47/><D119/><U34/><E34/><V40/><F40/><W59/><G122/><T13/><D117/><U57/><E57/><V91/><F91/><W31/><G134/><T53/><D30/><U37/><E8/><N who="2" m="2103" /><F109/><W114/><G114/><T29/><D29/><U42/><E19/><N who="2" m="12735" /><F54/><W15/><G38/><T49/><D11/><U87/><E37/><N who="2" m="21871" /><F22/><W36/><G36/><T50/><D9/><U67/><E67/><V24/><F24/><W44/><G44/><T39/><D39/><U23/><E23/><V62/><F62/><W26/><G70/><T45/><D45/><U28/><E28/><V118/><F118/><W33/><G33/><T135/><D135/><U111/><E42/><V107/><F107/><W126/><G26/><T63/><D47/><U80/><E111/><V58/><F58/><W4/><G35/><T133/><D133/><U32/><E32/><V100/><F100/><W65/><G65/><T82/><D103/><U1/><E1/><V68/><F68/><W102/><G102/><T75/><D101/><U121/><E121/><V113/><F113/><W6/><G64/><T10/><D10/><U93/><E93/><V7/><F7/><W66/><G4/><T85/><D92/><U131/><E131/><V89/><F127/><W51/><G126/><T83/><D75/><AGARI ba="0,0" hai="73,75,77,80,84,87,90,94" m="37481,40555" machi="75" ten="30,12000,1" yaku="35,5" doraHai="52" who="1" fromWho="0" sc="200,-120,240,120,240,0,320,0" /><INIT seed="1,1,0,3,4,71" ten="80,360,240,320" oya="1" hai0="40,128,22,17,96,113,132,126,36,56,11,104,110" hai1="58,44,90,130,34,66,102,37,106,101,39,77,51" hai2="24,65,83,54,3,64,21,59,68,115,67,122,69" hai3="119,112,100,57,38,7,134,52,87,16,88,131,25"/><U15/><E34/><V133/><F3/><W33/><G112/><T108/><D113/><U43/><E77/><V1/><F1/><W129/><G38/><N who="1" m="14346" /><E15/><V8/><F8/><W81/><G134/><T124/><D11/><U79/><E79/><V45/><F115/><W116/><G100/><N who="0" m="62471" /><D56/><U135/><E90/><V76/><F45/><W121/><G121/><T97/><D97/><U27/><E27/><V103/><F103/><W75/><G75/><T94/><D94/><U62/><E102/><V42/><F42/><W53/><G7/><T14/><D132/><U82/><E82/><V13/><F69/><W86/><G86/><T114/><D114/><U125/><E106/><V18/><F68/><W47/><G47/><N who="0" m="23943" /><D128/><N who="3" m="49225" /><G53/><T91/><D91/><U9/><E101/><V50/><F122/><W74/><G74/><T127/><AGARI ba="1,0" hai="14,17,22,108,110,124,126,127" m="23943,62471" machi="127" ten="40,2700,0" yaku="18,1,52,1" doraHai="71" who="0" fromWho="0" sc="80,30,360,-14,240,-8,320,-8" /><INIT seed="2,0,0,1,3,76" ten="110,346,232,312" oya="2" hai0="46,72,93,15,32,1,30,80,133,114,63,134,48" hai1="60,96,7,38,106,98,53,128,41,29,70,45,22" hai2="2,13,68,81,50,43,123,25,121,92,94,54,59" hai3="116,47,17,56,33,62,127,124,84,69,61,108,112"/><V57/><F2/><W85/><G116/><T78/><D1/><U21/><E128/><V115/><F115/><W12/><G33/><T65/><D114/><U118/><E118/><V103/><F68/><W97/><G108/><T82/><D93/><U5/><E106/><V71/><F71/><W110/><G110/><T9/><D30/><U131/><E131/><V16/><F43/><W99/><G47/><T86/><D32/><U109/><E109/><V58/><F25/><W42/><G42/><T73/><D63/><U28/><E70/><V6/><F6/><W23/><G69/><T31/><D31/><U130/><E130/><V8/><F81/><W113/><G62/><T27/><D27/><U26/><E60/><V117/><F117/><W20/><G61/><T74/><D65/><U129/><E129/><V107/><F107/><W24/><G24/><T105/><D105/><U79/><E26/><V101/><F123/><W37/><G17/><T89/><D134/><U120/><E41/><V11/><F11/><W35/><G35/><T122/><D122/><U19/><E19/><V104/><F121/><W66/><G12/><T111/><D133/><U75/><E5/><V4/><F4/><W49/><G66/><T0/><D0/><U40/><E7/><V88/><F94/><W90/><G37/><T95/><D111/><U18/><E38/><V91/><F104/><W3/><G3/><T39/><D39/><U126/><E120/><V44/><REACH who="2" step="1"/><F91/><REACH who="2" ten="110,346,222,312" step="2"/><W10/><G90/><T132/><D89/><U52/><E40/><V100/><F100/><W14/><G113/><RYUUKYOKU ba="0,1" sc="110,-10,346,-10,222,30,312,-10" hai2="8,13,16,44,50,54,57,58,59,88,92,101,103" /><INIT seed="2,1,1,4,3,52" ten="100,336,252,302" oya="2" hai0="33,134,11,127,17,31,110,0,3,8,60,65,126" hai1="45,28,128,24,113,1,112,73,4,53,56,84,81" hai2="57,124,122,99,54,78,93,115,39,90,9,20,92" hai3="32,48,100,103,108,38,72,88,44,129,43,19,21"/><V16/><F115/><W14/><G108/><T70/><D110/><U135/><E128/><V26/><F122/><W104/><G129/><T58/><D134/><U10/><E135/><V109/><F109/><W133/><G133/><T2/><D70/><U121/><E45/><V67/><F124/><N who="0" m="47658" /><D17/><U132/><E73/><V50/><F39/><W80/><G32/><T85/><D85/><U123/><E132/><V71/><F78/><W89/><G104/><T107/><D107/><U23/><E123/><V27/><F9/><N who="0" m="3658" /><D31/><U105/><E105/><V118/><F118/><W34/><G34/><AGARI ba="1,1" hai="0,2,3,33,34,58,60,65" m="3658,47658" machi="34" ten="40,2600,0" yaku="18,1,52,1" doraHai="52" who="0" fromWho="3" sc="100,39,336,0,252,0,302,-29" /><INIT seed="3,0,0,2,3,22" ten="139,336,252,273" oya="3" hai0="4,131,126,121,119,24,11,132,96,104,30,118,120" hai1="124,40,82,2,100,55,51,36,49,57,116,68,14" hai2="79,17,26,46,39,19,127,92,71,42,114,125,83" hai3="89,91,128,74,33,85,65,21,61,97,3,115,88"/><W80/><G33/><N who="0" m="20679" /><D96/><U117/><E2/><V112/><F71/><W109/><G115/><T59/><D59/><U32/><E100/><V123/><F123/><N who="0" m="47178" /><D104/><U27/><E82/><V8/><F92/><W34/><G74/><T135/><D131/><U15/><E68/><V12/><F114/><W63/><G128/><T28/><D28/><N who="1" m="19487" /><E36/><V37/><F37/><W130/><G63/><T52/><D52/><N who="1" m="31903" /><E40/><V29/><F112/><W73/><G73/><T110/><D110/><U0/><E0/><V76/><F83/><W87/><G109/><T18/><D18/><U106/><E106/><V56/><F17/><W16/><G3/><N who="0" m="415" /><D126/><N who="2" m="48138" /><F56/><W6/><G97/><T31/><D31/><U13/><E124/><V66/><F66/><W90/><G130/><T41/><D41/><U45/><E55/><V75/><F75/><W129/><G129/><T93/><D93/><U67/><E67/><V99/><F99/><W23/><G85/><T5/><D5/><U64/><E64/><V43/><F42/><W70/><G6/><T111/><D111/><U62/><E62/><V1/><F1/><W54/><G54/><T58/><D58/><U113/><E113/><V103/><F103/><W25/><G80/><T77/><D77/><U72/><E72/><V86/><F86/><W35/><G87/><T10/><D10/><U48/><E45/><V101/><F101/><W98/><G98/><T7/><D7/><U50/><E49/><V95/><F95/><W105/><G105/><T9/><D9/><U94/><E94/><V133/><F79/><W134/><N who="3" m="22528" /><DORA hai="102" /><W38/><G70/><RYUUKYOKU ba="0,0" sc="139,15,336,15,252,-15,273,-15" hai0="118,119,132,135" hai1="13,14,15,48,50,116,117" /><INIT seed="4,1,0,5,4,79" ten="154,351,237,258" oya="0" hai0="84,96,52,0,17,112,59,134,34,101,76,4,3" hai1="132,80,116,130,13,14,48,88,117,12,22,98,55" hai2="66,107,21,27,38,75,40,120,78,119,70,95,69" hai3="45,68,36,92,63,102,6,87,122,110,91,37,97"/><T8/><D112/><U31/><E132/><V62/><F120/><W64/><G110/><T113/><D113/><U10/><E130/><V54/><F54/><W61/><G122/><T50/><D134/><U100/><E31/><V26/><F26/><W5/><G63/><T60/><D34/><U85/><E22/><V108/><F95/><W131/><G131/><T109/><D109/><U9/><E117/><V104/><F108/><W129/><G129/><T47/><D17/><U133/><E133/><V103/><F21/><W11/><G45/><T128/><D128/><U51/><E116/><V46/><F70/><W89/><G6/><T43/><D3/><U71/><E71/><V25/><F25/><W121/><G91/><T81/><D96/><U20/><E20/><V53/><F53/><W77/><G77/><T33/><D33/><U115/><E115/><V15/><F15/><W99/><G97/><T2/><D101/><U65/><E65/><V105/><F27/><W29/><G29/><T114/><D114/><U7/><E10/><V19/><F19/><W126/><G126/><T118/><D118/><U67/><E67/><V135/><F135/><W1/><REACH who="3" step="1"/><G121/><REACH who="3" ten="154,351,237,248" step="2"/><T35/><D35/><U127/><E127/><V39/><F119/><W58/><G58/><T30/><D30/><U90/><E90/><V111/><F111/><W125/><G125/><T32/><D32/><U73/><E98/><N who="2" m="61559" /><F38/><W18/><G18/><T57/><D57/><U24/><E88/><V42/><F42/><W82/><AGARI ba="1,1" hai="1,5,11,36,37,61,64,68,82,87,89,92,99,102" machi="82" ten="20,5200,0" yaku="1,1,0,1,7,1,52,1,53,0" doraHai="79" doraHaiUra="124" who="3" fromWho="3" sc="154,-27,351,-14,237,-14,248,65" /><INIT seed="5,0,0,3,4,130" ten="127,337,223,313" oya="1" hai0="58,35,63,128,123,20,4,56,86,115,27,82,44" hai1="79,49,126,47,97,17,118,16,28,91,77,102,104" hai2="72,5,85,110,40,54,113,50,32,121,135,29,55" hai3="127,84,69,74,103,43,22,70,93,125,68,48,83"/><U88/><E118/><V45/><F121/><W64/><G74/><T95/><D35/><U107/><E126/><N who="3" m="48138" /><G64/><T129/><D123/><U87/><E28/><V100/><F72/><W41/><G22/><T65/><D115/><U21/><E107/><V33/><F110/><W11/><G11/><T67/><D4/><U119/><E119/><V34/><F29/><W73/><G73/><T124/><D124/><U122/><E122/><V0/><F113/><W134/><G134/><T133/><D95/><U120/><E17/><V24/><F24/><W31/><G48/><T108/><D108/><U14/><E120/><V60/><F60/><W36/><G36/><T132/><D44/><U80/><REACH who="1" step="1"/><E79/><REACH who="1" ten="127,327,223,313" step="2"/><V92/><F34/><W12/><G31/><N who="0" m="17895" /><D67/><U78/><E78/><V61/><F33/><W39/><G70/><T106/><D106/><U109/><E109/><V23/><F32/><W25/><G69/><T94/><D129/><U111/><E111/><V75/><F5/><W30/><G68/><T8/><D128/><U13/><E13/><V76/><F76/><W26/><G12/><T53/><D133/><U114/><E114/><V2/><F135/><W18/><G18/><T89/><D132/><U7/><E7/><V15/><F15/><W1/><G30/><T57/><D65/><U19/><E19/><V42/><F0/><W117/><G1/><T105/><D105/><U59/><E59/><N who="0" m="22569" /><D8/><U98/><E98/><V90/><F2/><W6/><G6/><T3/><D3/><U9/><E9/><V101/><F23/><W112/><G117/><T51/><D63/><RYUUKYOKU ba="0,1" sc="127,15,327,15,223,-15,313,-15" hai0="51,53,57,82,86,89,94" hai1="14,16,21,47,49,77,80,87,88,91,97,102,104" /><INIT seed="5,1,1,1,2,5" ten="142,342,208,298" oya="1" hai0="46,124,130,87,133,52,39,90,19,114,36,1,27" hai1="72,56,129,103,15,70,45,47,22,125,67,58,63" hai2="112,13,75,82,104,102,61,53,42,3,76,135,6" hai3="109,89,34,79,108,43,122,68,99,84,121,105,23"/><U118/><E118/><V131/><F131/><W85/><G34/><T132/><D1/><U119/><E119/><V51/><F135/><N who="0" m="51786" /><D114/><U29/><E72/><V101/><F112/><W123/><G68/><T11/><D130/><U88/><E129/><V126/><F126/><W78/><G43/><T26/><D124/><U64/><E103/><V94/><F104/><W107/><G23/><N who="0" m="13695" /><D27/><N who="1" m="16631" /><E70/><V97/><F42/><W44/><G44/><T28/><D28/><U110/><E110/><N who="3" m="42602" /><G99/><T117/><D117/><U7/><E125/><V17/><F61/><W16/><G85/><T10/><D39/><U62/><E88/><V35/><F35/><W48/><G107/><T128/><D128/><U4/><E4/><V66/><F102/><W98/><G105/><T33/><D33/><U40/><E40/><V111/><F111/><W24/><G89/><T73/><D73/><U96/><E96/><V115/><F115/><W134/><G98/><T25/><D25/><U120/><E120/><V38/><F101/><W41/><G134/><T31/><D31/><U65/><E67/><V30/><F66/><W54/><G41/><N who="0" m="22823" /><D52/><U59/><E59/><V92/><F30/><W0/><G54/><T81/><AGARI ba="1,1" hai="10,11,81,87,90" m="22823,13695,51786" machi="81" ten="30,4000,0" yaku="20,1,52,2" doraHai="5" who="0" fromWho="0" sc="142,53,342,-21,208,-11,298,-11" /><INIT seed="6,0,0,1,4,45" ten="195,321,197,287" oya="2" hai0="32,78,62,100,50,70,31,79,28,10,34,24,93" hai1="131,53,74,40,35,120,98,46,44,42,133,72,65" hai2="75,49,134,81,109,64,27,129,86,77,39,67,9" hai3="20,1,21,37,23,116,11,2,96,135,22,110,105"/><V104/><F129/><W126/><G37/><T112/><D112/><U55/><E35/><V97/><F39/><W101/><G110/><T108/><D108/><U29/><E29/><V4/><F109/><W63/><G116/><T107/><D93/><U30/><E30/><V57/><F134/><W99/><G126/><T88/><D10/><U12/><E133/><V48/><F75/><W87/><G135/><T95/><D50/><N who="2" m="19562" /><F104/><W58/><G87/><N who="0" m="52639" /><D31/><U113/><E131/><V54/><F97/><W124/><G124/><T38/><D34/><U0/><E98/><V15/><F27/><W13/><N who="3" m="5120" /><DORA hai="91" /><W69/><G69/><T111/><D38/><U51/><E0/><V71/><F71/><W102/><G99/><N who="0" m="61855" /><D111/><U115/><E115/><V41/><F41/><W76/><G2/><T118/><D118/><U103/><E40/><V36/><F36/><W80/><G1/><T85/><D85/><U117/><E42/><V61/><AGARI ba="0,0" hai="4,9,15,54,57,61,64,67,77,81,86" m="19562" machi="61" ten="30,11700,0" yaku="8,1,52,3" doraHai="45,91" who="2" fromWho="2" sc="195,-39,321,-39,197,117,287,-39" /><INIT seed="6,1,0,0,5,116" ten="156,282,314,248" oya="2" hai0="78,97,14,120,108,69,96,122,91,22,57,135,34" hai1="54,111,83,5,88,15,107,119,30,75,50,101,47" hai2="12,118,80,82,58,63,29,6,127,109,37,19,51" hai3="99,70,46,55,89,105,3,49,65,35,62,33,113"/><V4/><F118/><W134/><G134/><T103/><D69/><U13/><E111/><V77/><F37/><W84/><G3/><T115/><D34/><U17/><E119/><V27/><F127/><W112/><G105/><T124/><D108/><U23/><E30/><V52/><F109/><W90/><G99/><T16/><D78/><U98/><E5/><V11/><F63/><W92/><REACH who="3" step="1"/><G90/><REACH who="3" ten="156,282,314,238" step="2"/><T18/><D135/><U20/><E88/><V85/><REACH who="2" step="1"/><F82/><REACH who="2" ten="156,282,304,238" step="2"/><W81/><G81/><T7/><D124/><U36/><E83/><V42/><F42/><W130/><G130/><T110/><D110/><U43/><E43/><V28/><F28/><W73/><G73/><T24/><D91/><U32/><E36/><V25/><F25/><W104/><G104/><T10/><D24/><U41/><E41/><V79/><F79/><W60/><G60/><T67/><D103/><U66/><E101/><V71/><F71/><W100/><G100/><T76/><D76/><U114/><E107/><V123/><F123/><W39/><G39/><T59/><D122/><U93/><E93/><V121/><F121/><W86/><G86/><T117/><D120/><U1/><E75/><V68/><F68/><W64/><G64/><T45/><D117/><U8/><E66/><V131/><F131/><W87/><G87/><T126/><D126/><U26/><E26/><V0/><F0/><W74/><G74/><T125/><D125/><U133/><E1/><V102/><F102/><W72/><G72/><T106/><D106/><U56/><E133/><V94/><F94/><W31/><G31/><RYUUKYOKU ba="1,2" sc="156,-15,282,-15,304,15,238,15" hai2="4,6,11,12,19,27,29,51,52,58,77,80,85" hai3="33,35,46,49,55,62,65,70,84,89,92,112,113" /><INIT seed="6,2,2,0,3,38" ten="141,267,319,253" oya="2" hai0="60,131,21,128,83,59,87,3,2,20,121,86,115" hai1="54,91,126,74,62,32,120,132,94,90,85,18,117" hai2="123,36,33,113,9,55,114,119,58,105,116,106,97" hai3="125,107,118,30,27,71,100,14,31,124,41,48,49"/><V88/><F33/><W51/><G118/><T84/><D121/><U99/><E117/><V10/><F123/><W130/><G71/><T61/><D83/><U57/><E120/><V135/><F135/><W111/><G111/><T29/><D59/><U77/><E126/><N who="3" m="48746" /><G130/><N who="0" m="49707" /><D29/><N who="3" m="10761" /><G27/><T19/><D19/><U24/><E32/><V45/><F119/><W69/><G69/><T28/><D28/><U64/><E132/><V81/><F116/><W76/><G76/><T47/><D47/><U127/><E74/><V104/><F45/><N who="3" m="25647" /><G14/><T37/><D37/><U4/><E77/><V1/><F36/><W129/><G129/><T22/><D115/><U56/><E24/><V102/><F114/><W112/><G112/><T79/><D79/><U6/><E127/><V66/><F58/><W34/><G34/><T44/><D44/><U12/><E56/><V93/><F113/><W96/><AGARI ba="2,2" hai="49,51,96,100,107" m="25647,10761,48746" machi="96" ten="30,2000,0" yaku="18,1,52,1" doraHai="38" who="3" fromWho="3" sc="141,-7,267,-7,319,-12,253,46" /><INIT seed="7,0,0,5,1,26" ten="134,260,307,299" oya="3" hai0="15,40,36,22,125,68,114,65,120,77,48,58,60" hai1="92,113,124,33,3,43,59,119,80,70,49,11,75" hai2="0,23,8,18,55,47,135,45,19,133,89,25,112" hai3="14,94,83,74,37,117,7,123,51,38,82,42,107"/><W30/><G107/><T131/><D77/><U10/><E70/><V85/><F112/><W63/><G117/><T106/><D106/><U53/><E113/><V73/><F73/><W32/><G123/><T132/><D114/><U69/><E69/><V87/><F87/><W88/><G38/><T86/><D120/><U64/><E124/><V4/><F19/><W29/><G37/><T116/><D116/><U84/><E119/><V61/><F61/><W100/><G32/><T130/><D86/><U13/><E33/><V95/><F55/><W57/><G100/><T5/><D125/><U99/><E3/><V67/><F67/><N who="3" m="39407" /><G74/><T2/><D2/><U129/><E129/><V56/><F56/><W97/><G14/><T118/><D118/><U52/><E75/><V127/><F127/><W76/><G7/><T102/><D102/><U103/><E64/><V78/><F78/><W91/><G91/><T46/><D132/><AGARI ba="0,0" hai="0,4,8,18,23,25,45,47,85,89,95,132,133,135" machi="132" ten="40,1300,0" yaku="20,1" doraHai="26" who="2" fromWho="0" sc="134,-13,260,0,307,13,299,0" owari="121,-38.0,260,-14.0,320,42.0,299,10.0" /></mjloggm>