<mjloggm ver="2.3"><GO type="185" lobby="0"/><UN n0="%E3%82%8D%E3%81%AF%E3%82%93%37%33" n1="%E9%95%B7%E5%85%89%E9%BA%BB%E5%A4%9C" n2="%E3%82%B9%E3%83%BC%E3%83%91%E3%83%BC%E8%88%9B%E6%B7%BB" n3="" dan="16,16,17,0" rate="2043.21,2181.18,2179.39,1500.00" sx="M,M,M,C"/><TAIKYOKU oya="0"/><INIT seed="0,0,0,2,3,54" ten="350,350,350,0" oya="0" hai0="96,95,111,129,101,1,103,34,106,119,67,77,61" hai1="57,81,36,56,128,58,122,2,120,49,74,87,98" hai2="92,80,94,102,64,53,107,110,32,90,68,123,104" hai3=""/><T35/><D1/><U0/><N who="1" m="30752" /><U89/><N who="1" m="31264" /><U52/><E36/><V133/><N who="2" m="31520" /><V72/><F32/><T78/><D119/><U93/><E74/><V91/><F64/><T39/><D39/><U76/><REACH who="1" step="1"/><E128/><REACH who="1" ten="350,340,350,0" step="2"/><V112/><F68/><T114/><D129/><U60/><E60/><V40/><F40/><T66/><D35/><U109/><E109/><V79/><F110/><T116/><D34/><U45/><AGARI ba="0,1" hai="0,2,45,49,52,56,57,58,76,81,87,89,93,98" m="31264,30752" machi="45" ten="30,12000,3" yaku="1,1,0,1,52,5,54,1,53,0" doraHai="54" doraHaiUra="63" who="1" fromWho="1" sc="350,-80,340,130,350,-40,0,0" /><INIT seed="1,0,0,4,4,62" ten="270,470,310,0" oya="1" hai0="36,43,89,76,84,48,91,35,103,82,86,96,51" hai1="130,75,87,2,85,49,93,114,134,101,104,69,128" hai2="57,135,129,61,34,46,40,116,95,78,70,44,77" hai3=""/><U71/><E2/><V56/><F34/><T64/><D35/><U54/><E75/><V133/><F116/><T80/><D36/><U0/><E0/><V68/><F95/><T94/><D43/><U106/><E114/><V3/><F3/><T92/><D64/><U108/><E134/><N who="2" m="51211" /><F77/><T119/><D119/><U79/><E108/><V38/><F78/><T117/><D117/><U105/><E79/><V32/><F32/><T60/><REACH who="0" step="1"/><D60/><REACH who="0" ten="260,470,310,0" step="2"/><U110/><E110/><V132/><F132/><T1/><D1/><U121/><N who="1" m="31008" /><U118/><E118/><V123/><N who="2" m="31520" /><V112/><F112/><T131/><D131/><N who="1" m="50219" /><E69/><N who="2" m="26731" /><F129/><T33/><D33/><U47/><E71/><V52/><F56/><T99/><AGARI ba="0,1" hai="48,51,76,80,82,84,86,89,91,92,94,96,99,103" machi="99" ten="20,9000,2" yaku="1,1,0,1,7,1,8,1,53,2" doraHai="62" doraHaiUra="45" who="0" fromWho="0" sc="260,100,470,-60,310,-30,0,0" /><INIT seed="2,0,0,5,5,122" ten="360,410,280,0" oya="2" hai0="59,62,104,83,84,71,3,88,49,41,46,0,64" hai1="115,106,47,79,113,105,60,86,119,112,40,135,33" hai2="82,85,56,120,96,37,73,58,70,34,102,110,107" hai3=""/><V118/><N who="2" m="30752" /><V121/><N who="2" m="31008" /><V53/><F118/><T132/><D132/><U126/><E33/><V44/><F70/><T101/><D104/><U116/><E135/><V80/><F34/><T103/><REACH who="0" step="1"/><D71/><REACH who="0" ten="350,410,280,0" step="2"/><U92/><E106/><V32/><F32/><T66/><D66/><U61/><E105/><V133/><F133/><T67/><D67/><U36/><E126/><V130/><F130/><T43/><D43/><U127/><E127/><V76/><F110/><T91/><D91/><U99/><E119/><V39/><F39/><T69/><D69/><U95/><E116/><V54/><F53/><T128/><D128/><U100/><E79/><V108/><F108/><T109/><D109/><U38/><E36/><V87/><F54/><T2/><AGARI ba="0,1" hai="0,2,3,41,46,49,59,62,64,83,84,88,101,103" machi="2" ten="30,6000,1" yaku="1,1,0,1,54,1,53,2" doraHai="122" doraHaiUra="98" who="0" fromWho="0" sc="350,70,410,-20,280,-40,0,0" /><INIT seed="4,0,0,0,0,46" ten="420,390,240,0" oya="0" hai0="3,130,104,92,35,67,115,85,59,38,84,50,40" hai1="56,118,72,2,91,123,106,69,108,129,110,86,103" hai2="51,126,61,109,116,0,33,132,117,134,64,48,82" hai3=""/><T62/><D3/><U98/><N who="1" m="31520" /><U44/><E2/><V80/><F33/><T133/><D104/><U74/><E69/><V135/><F0/><T68/><D35/><U90/><E56/><V125/><F109/><N who="1" m="42089" /><E44/><V119/><F82/><T88/><D115/><U75/><E118/><V124/><F80/><T89/><D130/><U93/><E129/><V113/><F113/><T76/><D76/><U79/><E91/><V58/><AGARI ba="0,0" hai="48,51,58,61,64,116,117,119,124,125,126,132,134,135" machi="58" ten="50,18000,4" yaku="0,1,29,2,12,1,18,1,20,1,34,3,52,2" doraHai="46" who="2" fromWho="2" sc="420,-120,390,-60,240,180,0,0" /><INIT seed="5,0,0,5,5,104" ten="300,330,420,0" oya="1" hai0="109,122,64,98,68,119,61,113,111,127,84,79,44" hai1="82,129,51,91,57,45,3,63,125,53,54,47,48" hai2="88,93,85,83,124,74,105,107,131,86,123,92,0" hai3=""/><U56/><E3/><V96/><N who="2" m="31520" /><V32/><F0/><T2/><N who="0" m="31264" /><T134/><D2/><U80/><E129/><V70/><F70/><T94/><D119/><U58/><E125/><V99/><F131/><T37/><D127/><U65/><REACH who="1" step="1"/><E91/><REACH who="1" ten="300,320,420,0" step="2"/><V95/><F124/><T121/><N who="0" m="31008" /><T110/><D111/><U100/><E100/><V108/><F108/><T55/><D109/><U120/><N who="1" m="30752" /><U36/><E36/><V41/><F32/><T102/><D110/><U39/><E39/><V72/><F41/><T33/><D37/><U43/><E43/><V101/><REACH who="2" step="1"/><F86/><REACH who="2" ten="300,320,410,0" step="2"/><T60/><D84/><U77/><E77/><V97/><F97/><T130/><D33/><U38/><E38/><V73/><F73/><T106/><D130/><U115/><E115/><V59/><F59/><AGARI ba="0,2" hai="45,47,48,51,53,54,56,57,58,59,63,65,80,82" m="30752" machi="59" ten="40,18000,2" yaku="1,1,9,1,8,1,52,1,53,2" doraHai="104" doraHaiUra="49" who="1" fromWho="2" sc="300,0,320,200,410,-180,0,0" /><INIT seed="5,1,0,5,5,46" ten="300,520,230,0" oya="1" hai0="68,99,35,63,66,77,69,76,120,42,34,85,129" hai1="1,109,62,33,105,95,90,134,88,60,64,75,51" hai2="45,3,52,61,131,70,104,48,86,32,83,97,74" hai3=""/><U53/><E33/><V132/><F3/><T37/><N who="0" m="30752" /><T78/><D129/><U93/><E1/><V80/><F32/><T111/><D111/><U40/><E109/><V41/><F131/><T81/><D68/><U79/><E105/><V128/><F132/><T103/><D34/><U55/><E134/><V94/><F128/><T57/><D35/><U92/><E40/><V56/><F74/><T118/><D118/><U130/><E130/><V43/><F104/><T71/><D71/><U114/><E114/><V113/><F113/><T96/><D96/><U98/><E55/><V106/><F106/><T39/><D69/><U123/><N who="1" m="31520" /><U2/><E2/><V87/><F70/><T59/><D59/><U36/><E36/><V89/><F43/><T84/><D42/><U72/><E64/><V115/><F115/><T58/><D58/><U49/><E98/><V119/><F119/><T116/><D116/><U54/><E95/><V125/><F125/><T110/><D110/><U44/><E44/><V108/><F108/><T82/><REACH who="0" step="1"/><D77/><AGARI ba="1,0" hai="49,51,53,54,60,62,72,75,77,79,88,90,92,93" m="31520" machi="77" ten="25,18000,2" yaku="22,2,52,3,54,1" doraHai="46" who="1" fromWho="0" sc="300,-182,520,182,230,0,0,0" /><INIT seed="5,2,0,1,0,98" ten="118,702,230,0" oya="1" hai0="68,61,48,113,114,121,67,64,78,110,115,123,92" hai1="43,51,112,90,44,135,75,81,41,93,39,56,82" hai2="69,85,117,34,99,70,50,65,107,45,0,1,46" hai3=""/><U37/><E135/><V124/><F34/><T111/><D78/><U36/><E112/><V79/><F65/><T91/><N who="0" m="31008" /><T58/><N who="0" m="31520" /><T127/><D127/><U129/><E129/><V96/><F50/><T2/><D2/><U33/><E33/><V77/><F85/><T106/><D106/><U103/><E103/><V53/><F107/><T105/><D105/><U109/><E109/><V88/><F53/><T89/><D89/><U55/><E75/><V100/><F88/><T32/><D32/><U102/><E102/><V97/><F117/><T116/><D116/><U40/><REACH who="1" step="1"/><E44/><REACH who="1" ten="118,692,230,0" step="2"/><V119/><F100/><T128/><D128/><U38/><N who="1" m="9216" /><DORA hai="84" /><U3/><E3/><V120/><N who="2" m="30752" /><V76/><F119/><T49/><D111/><U131/><E131/><V108/><F108/><T42/><D110/><U130/><E130/><V60/><F0/><T52/><D113/><U87/><AGARI ba="2,1" hai="40,41,43,51,55,56,81,82,87,90,93" m="9216" machi="87" ten="60,8000,1" yaku="1,1,0,1,52,1,53,1" doraHai="98,84" doraHaiUra="95,80" who="1" fromWho="1" sc="118,-42,692,94,230,-42,0,0" /><INIT seed="5,3,0,5,1,84" ten="76,786,188,0" oya="1" hai0="66,42,102,135,119,97,3,79,64,68,107,67,99" hai1="115,123,69,124,89,77,62,122,93,94,72,132,126" hai2="45,46,120,53,103,58,130,2,87,101,1,85,112" hai3=""/><U35/><N who="1" m="31264" /><U108/><N who="1" m="31520" /><U54/><E35/><V55/><N who="2" m="30752" /><V32/><F112/><T88/><D3/><U51/><E115/><V57/><REACH who="2" step="1"/><F130/><REACH who="2" ten="76,786,178,0" step="2"/><T83/><D119/><U131/><E131/><V82/><F82/><T74/><D135/><U63/><E126/><V98/><F98/><T113/><D113/><U129/><E124/><V33/><AGARI ba="3,1" hai="1,2,32,33,45,46,53,55,57,58,85,87,101,103" m="30752" machi="33" ten="25,9000,2" yaku="1,1,0,1,22,2,52,1,53,2" doraHai="84" doraHaiUra="96" who="2" fromWho="2" sc="76,-33,786,-63,178,106,0,0" /><INIT seed="6,0,0,5,4,74" ten="43,723,284,0" oya="2" hai0="130,101,83,47,127,129,82,46,117,67,81,91,54" hai1="75,36,3,76,56,119,111,55,80,48,37,84,85" hai2="106,63,116,0,102,134,100,125,64,41,93,33,77" hai3=""/><V90/><F33/><T133/><D67/><U66/><E111/><V78/><F116/><T65/><D65/><U128/><E3/><V68/><F0/><T98/><D54/><U50/><E128/><V61/><F106/><T79/><D46/><U49/><E119/><V42/><F125/><T132/><D47/><U122/><N who="1" m="31264" /><U120/><N who="1" m="30752" /><U58/><E66/><V2/><F2/><T88/><D117/><U40/><E40/><V112/><F134/><T86/><D101/><U94/><E58/><V57/><F112/><T52/><D52/><U109/><E109/><V113/><F113/><T95/><D91/><U110/><E110/><V32/><F32/><T97/><D98/><U121/><N who="1" m="31008" /><U92/><E75/><V104/><F104/><T39/><D39/><U105/><E105/><V89/><F64/><T44/><D44/><U96/><E37/><V69/><F93/><T103/><D83/><U51/><E36/><V35/><F35/><T71/><D71/><U99/><E92/><V124/><F57/><T118/><D118/><U34/><E34/><V45/><F45/><T38/><D38/><U114/><E114/><V126/><AGARI ba="0,0" hai="41,42,61,63,68,69,77,78,89,90,100,102,124,126" machi="126" ten="25,8000,1" yaku="0,1,22,2,52,2" doraHai="74" who="2" fromWho="2" sc="43,-40,723,-40,284,80,0,0" /><INIT seed="6,1,0,4,3,32" ten="3,683,364,0" oya="2" hai0="114,95,85,40,78,80,45,42,106,37,1,97,81" hai1="129,49,54,52,51,126,59,103,104,125,69,117,91" hai2="65,86,60,83,93,134,46,122,99,124,50,57,94" hai3=""/><V68/><N who="2" m="31264" /><V39/><F39/><T127/><D114/><U64/><E129/><V121/><N who="2" m="31008" /><V109/><F134/><T116/><D116/><U58/><E117/><V107/><F109/><T38/><D127/><N who="1" m="48651" /><E91/><V33/><F124/><T130/><D130/><U108/><E108/><V0/><F33/><T3/><D106/><U102/><E104/><V61/><F0/><T82/><D78/><U128/><E128/><V73/><F73/><T113/><D113/><U34/><E34/><V62/><F62/><AGARI ba="1,0" hai="49,51,52,54,58,59,62,64,69,102,103" m="48651" machi="62" ten="30,2000,0" yaku="18,1,54,1" doraHai="32" who="1" fromWho="2" sc="3,0,683,22,364,-22,0,0" owari="3,-60.0,705,66.0,342,-6.0,0,0.0" /></mjloggm>