<mjloggm ver="2.3"><GO type="225" lobby="0"/><UN n0="%6E%61%6F%6B%69%33%39" n1="%E7%AB%8B%E7%9B%B4%E5%A5%BD%E6%A3%92%40%E5%BF%98" n2="%E8%A8%88%E7%AE%97%E6%A9%9F%E8%87%AA%E7%84%B6" n3="%E8%88%B9%E8%A6%8B%E7%B5%90%E8%A1%A3%E3%81%A1%E3%82%83%E3%82%93" dan="17,17,17,16" rate="2159.74,2216.48,2246.73,2171.06" sx="M,M,M,F"/><TAIKYOKU oya="0"/><INIT seed="0,0,0,3,3,123" ten="250,250,250,250" oya="0" hai0="77,29,90,4,69,18,128,131,61,98,88,51,66" hai1="25,101,52,107,81,55,87,58,133,76,7,111,108" hai2="21,95,130,11,0,120,16,59,34,26,68,50,37" hai3="113,99,39,127,53,84,132,109,126,24,80,8,65"/><T117/><D117/><U92/><E133/><V67/><F120/><W73/><G113/><T17/><D77/><U27/><E7/><V49/><F37/><W118/><G118/><T100/><D4/><U112/><E112/><V46/><F68/><W106/><G39/><T33/><D51/><U35/><E107/><V135/><F135/><W96/><G132/><T71/><D71/><U48/><E55/><N who="2" m="32239" /><F34/><W3/><G73/><T134/><D134/><U129/><E129/><N who="0" m="49737" /><D29/><U63/><E48/><V54/><F0/><W2/><G65/><T97/><D33/><U93/><E25/><V31/><F130/><W23/><G106/><N who="0" m="63759" /><D98/><U79/><E79/><V91/><F67/><W124/><G96/><T14/><D17/><U47/><E47/><V74/><F74/><W85/><G99/><T12/><D12/><U115/><E115/><V83/><F95/><W6/><G84/><T70/><D70/><U15/><E15/><N who="2" m="7295" /><F83/><W28/><G2/><T103/><D103/><U72/><E101/><V22/><F91/><N who="3" m="51623" /><G53/><T114/><D114/><U20/><E35/><V30/><F26/><W10/><G10/><AGARI ba="0,0" hai="10,14,18,61,66,69,88,90" m="63759,49737" machi="10" ten="30,2900,0" yaku="19,1,54,1" doraHai="123" who="0" fromWho="3" sc="250,29,250,0,250,0,250,-29" /><INIT seed="0,1,0,1,0,127" ten="279,250,250,221" oya="0" hai0="124,46,78,24,133,135,110,68,10,87,20,111,37" hai1="29,15,125,112,119,6,33,75,85,73,34,70,69" hai2="71,63,76,74,8,14,86,126,123,129,48,11,55" hai3="109,104,98,96,41,7,9,118,12,1,42,122,83"/><T114/><D68/><U32/><E29/><V80/><F123/><W103/><G122/><T62/><D114/><U65/><E85/><V90/><F126/><W61/><G118/><T28/><D124/><U134/><E125/><V130/><F63/><W101/><G109/><N who="0" m="41483" /><D62/><U19/><E6/><V54/><F71/><N who="1" m="27145" /><E65/><V91/><F8/><W79/><G61/><T18/><D78/><U81/><E81/><V72/><F90/><W38/><G38/><T82/><D37/><U52/><E52/><V106/><F106/><W66/><G66/><T39/><D39/><U13/><E19/><N who="2" m="8671" /><F54/><W27/><G27/><T47/><D87/><U117/><E134/><N who="0" m="51209" /><D82/><U40/><E112/><V88/><F91/><W108/><G108/><T100/><D100/><U25/><E40/><V22/><F22/><W94/><REACH who="3" step="1"/><G1/><REACH who="3" ten="279,250,250,211" step="2"/><T84/><D84/><AGARI ba="1,1" hai="7,9,12,41,42,79,83,84,94,96,98,101,103,104" machi="84" ten="30,3900,0" yaku="1,1,2,1,7,1,53,0" doraHai="127" doraHaiUra="59" who="3" fromWho="0" sc="279,-42,250,0,250,0,211,52" /><INIT seed="1,0,0,3,1,126" ten="237,250,250,263" oya="1" hai0="62,31,4,1,44,108,56,134,89,15,76,36,6" hai1="37,120,12,81,24,112,3,104,25,91,50,59,66" hai2="122,46,132,60,41,130,61,28,98,87,53,27,13" hai3="84,29,80,101,73,116,20,21,123,18,75,109,35"/><U2/><E2/><V86/><BYE who="1" /><F122/><W124/><G116/><T129/><D1/><U113/><E113/><V10/><F132/><W11/><G123/><T111/><D76/><U93/><E93/><V22/><F130/><W102/><G124/><T7/><D31/><UN n1="%E7%AB%8B%E7%9B%B4%E5%A5%BD%E6%A3%92%40%E5%BF%98" /><U135/><E3/><V52/><F98/><W127/><G127/><T0/><D0/><U110/><E37/><V121/><F121/><W95/><G109/><N who="0" m="42059" /><D134/><U85/><E104/><V33/><F33/><W19/><G35/><T90/><D15/><U39/><E39/><V114/><F114/><W30/><G11/><T48/><D36/><U38/><E38/><V118/><F118/><W26/><G95/><T133/><D133/><U115/><E120/><V106/><F106/><W58/><G58/><T103/><D103/><N who="3" m="39433" /><G75/><T14/><D14/><U88/><E135/><V100/><F100/><W5/><G5/><N who="0" m="1283" /><T68/><DORA hai="92" /><D68/><U57/><E12/><V47/><F13/><N who="3" m="9327" /><G73/><T9/><D9/><U125/><E110/><V45/><F10/><W128/><G30/><T51/><D129/><U94/><E125/><V32/><F32/><W82/><G29/><T83/><D83/><U71/><E115/><V96/><F28/><W79/><G82/><T99/><D99/><N who="1" m="57823" /><E71/><V131/><F96/><W77/><G77/><T64/><D48/><U40/><E112/><V17/><F131/><W63/><G128/><T70/><D70/><U119/><E119/><V23/><F23/><W74/><G74/><T42/><AGARI ba="0,0" hai="42,44,51,56,62,64,89,90" m="1283,42059" machi="42" ten="40,1500,0" yaku="14,1" doraHai="126,92" who="0" fromWho="0" sc="237,15,250,-7,250,-4,263,-4" /><INIT seed="2,0,0,4,4,25" ten="252,243,246,259" oya="2" hai0="131,122,104,47,68,30,17,15,5,83,87,125,123" hai1="73,62,84,59,56,79,86,101,130,120,46,66,0" hai2="113,127,100,133,44,26,32,93,29,23,18,76,39" hai3="103,4,116,106,41,37,98,10,43,1,126,72,69"/><V80/><F113/><W89/><G116/><T91/><D104/><U38/><E130/><V11/><F127/><W2/><G126/><T109/><D125/><U117/><E117/><V74/><F133/><W34/><G89/><T33/><D68/><U27/><E120/><V52/><F11/><W64/><G41/><T3/><D131/><U57/><E101/><V92/><F100/><W95/><G95/><T118/><D118/><U13/><E0/><V107/><F107/><W40/><G40/><T129/><D129/><U121/><E121/><V45/><F39/><W114/><G114/><T16/><D17/><U124/><E124/><V63/><F44/><N who="3" m="23663" /><G1/><T105/><D105/><U135/><E135/><V134/><F134/><W111/><G111/><T77/><D109/><U85/><E13/><V75/><F75/><W99/><G99/><T60/><D47/><U20/><E38/><V112/><F112/><W55/><G55/><T49/><D3/><U102/><E46/><V94/><F63/><N who="3" m="40095" /><G34/><T50/><D122/><U88/><E102/><V67/><F67/><W36/><G36/><T65/><D123/><U42/><E42/><V81/><F81/><W58/><G58/><T115/><D115/><U14/><E14/><V6/><F6/><W108/><G108/><T24/><D5/><U97/><E97/><V28/><REACH who="2" step="1"/><F32/><REACH who="2" ten="252,243,236,259" step="2"/><W128/><G128/><T31/><D33/><U70/><E73/><AGARI ba="0,1" hai="2,4,10,72,73,98,103,106" m="40095,23663" machi="73" ten="30,2000,0" yaku="33,2" doraHai="25" who="3" fromWho="1" sc="252,0,243,-20,236,0,259,30" /><INIT seed="3,0,0,1,1,68" ten="252,223,236,289" oya="3" hai0="3,100,16,115,112,123,70,86,24,114,67,66,77" hai1="131,30,102,75,6,8,11,81,65,29,90,51,132" hai2="27,69,57,64,116,0,95,62,105,13,36,111,58" hai3="44,109,97,15,106,60,7,130,32,96,1,33,124"/><W94/><G1/><T135/><D123/><U91/><E131/><V98/><F0/><W107/><G130/><T53/><D3/><U88/><E132/><V18/><F116/><W14/><G124/><T49/><D100/><U40/><E102/><V73/><F73/><W47/><G60/><T45/><D70/><U59/><E75/><V128/><F128/><W80/><G94/><T37/><D135/><U48/><E81/><V23/><F105/><W50/><G50/><N who="1" m="18986" /><E40/><V121/><F121/><W72/><G72/><T74/><D74/><U52/><E65/><V2/><F2/><W93/><G93/><T122/><D122/><U28/><E6/><V12/><F111/><W55/><G80/><N who="0" m="47375" /><D37/><U31/><N who="1" m="7168" /><DORA hai="113" /><U71/><E71/><V110/><F110/><W56/><G109/><T61/><D61/><AGARI ba="0,0" hai="8,11,52,59,61,88,90,91" m="7168,18986" machi="61" ten="50,6400,0" yaku="8,1,54,2" doraHai="68,113" who="1" fromWho="0" sc="252,-64,223,64,236,0,289,0" /><INIT seed="4,0,0,2,2,44" ten="188,287,236,289" oya="0" hai0="93,14,116,39,135,107,92,59,38,110,9,35,61" hai1="20,77,21,4,96,12,32,76,65,126,29,112,87" hai2="91,37,36,89,67,46,120,74,124,105,42,132,125" hai3="11,25,57,48,117,5,58,51,73,75,23,113,94"/><T86/><D35/><U121/><E121/><V2/><F120/><W85/><G117/><T62/><D116/><U63/><E126/><N who="2" m="48747" /><F2/><W3/><G113/><T56/><D107/><U122/><E122/><V114/><F114/><W52/><G94/><T98/><D135/><U0/><E96/><V49/><F74/><W28/><G85/><T71/><D71/><U41/><E41/><V54/><F132/><W50/><REACH who="3" step="1"/><G58/><REACH who="3" ten="188,287,236,279" step="2"/><T111/><D86/><U16/><E87/><V88/><F105/><W127/><G127/><T115/><D115/><U43/><E112/><V119/><F119/><W8/><G8/><T26/><D9/><N who="1" m="2183" /><E43/><V15/><F42/><W68/><G68/><T108/><D108/><U60/><E21/><V106/><F106/><W13/><G13/><T78/><D14/><U103/><E103/><V131/><F15/><W123/><G123/><T128/><D26/><N who="1" m="18487" /><E63/><AGARI ba="0,1" hai="3,5,11,23,25,28,48,50,51,52,57,63,73,75" machi="63" ten="40,8000,1" yaku="1,1,52,3,54,1,53,0" doraHai="44" doraHaiUra="10" who="3" fromWho="1" sc="188,0,287,-80,236,0,279,90" owari="188,-31.0,207,-19.0,236,4.0,369,46.0" /></mjloggm>