<mjloggm ver="2.3"><GO type="169" lobby="0"/><UN n0="%79%6F%75%61%6C%70%68%61" n1="%4A%57%49%4C%4C" n2="%E8%8C%B6%E8%89%B2%E3%81%AE%E3%82%A2%E3%83%AC" n3="%67%6F%75%73%69" dan="17,16,17,20" rate="2150.16,2123.66,2169.91,2266.78" sx="M,M,M,M"/><TAIKYOKU oya="0"/><INIT seed="0,0,0,1,0,81" ten="250,250,250,250" oya="0" hai0="29,105,48,37,101,59,115,16,72,107,135,71,40" hai1="51,97,98,35,28,82,80,93,121,0,88,113,78" hai2="33,66,73,123,126,131,12,38,67,23,76,84,130" hai3="45,95,43,104,79,18,3,55,124,85,34,77,61"/><T133/><D115/><U86/><E0/><V53/><F123/><W116/><G104/><T129/><D72/><U56/><E121/><V11/><F33/><W64/><G116/><T57/><D71/><U44/><E113/><V36/><F126/><W13/><G3/><T69/><D69/><U32/><E56/><N who="0" m="21577" /><D37/><U20/><E97/><V108/><F23/><W94/><G34/><T14/><D29/><U9/><E9/><V90/><F53/><W109/><G64/><T74/><D74/><U132/><E132/><N who="0" m="50761" /><D101/><U63/><E63/><V7/><F66/><W22/><G61/><T46/><D129/><U99/><E99/><V17/><F67/><W41/><G124/><T102/><D102/><U27/><REACH who="1" step="1"/><E80/><REACH who="1" ten="250,240,250,250" step="2"/><V8/><F130/><W103/><G103/><T47/><D47/><U2/><E2/><V26/><F131/><W52/><G45/><T127/><D127/><U1/><E1/><V50/><F38/><W19/><G95/><T134/><D134/><U114/><E114/><V25/><F36/><W106/><G94/><T83/><D83/><U10/><E10/><AGARI ba="0,1" hai="10,14,16,40,46,48,105,107" m="50761,21577" machi="10" ten="30,2900,0" yaku="20,1,54,1" doraHai="81" who="0" fromWho="1" sc="250,39,240,-29,250,0,250,0" /><INIT seed="0,1,0,0,3,129" ten="289,211,250,250" oya="0" hai0="29,32,33,131,61,21,11,70,58,84,78,43,86" hai1="14,3,79,31,41,34,62,4,112,125,101,8,30" hai2="63,36,100,89,135,87,93,113,65,95,123,72,104" hai3="75,109,77,96,126,85,118,106,1,98,92,18,82"/><T66/><D131/><U10/><E125/><V90/><F36/><W130/><G1/><T59/><D43/><U102/><E112/><V7/><F123/><W17/><G17/><T111/><D111/><U119/><E119/><V35/><F113/><W53/><G130/><T103/><D11/><U73/><E62/><V48/><F35/><W23/><G126/><T71/><D21/><U128/><E128/><V114/><F72/><W12/><G109/><T16/><D61/><U117/><E117/><V51/><F114/><W115/><G115/><T5/><D103/><U27/><E31/><V57/><F7/><W2/><G2/><T40/><D40/><U134/><E41/><V47/><F47/><W88/><G118/><T49/><D49/><U116/><E116/><V25/><F25/><W94/><G106/><T26/><D26/><U76/><E134/><V42/><F135/><W9/><G9/><T45/><D5/><U132/><E132/><V20/><F20/><W24/><G24/><T56/><D56/><U6/><REACH who="1" step="1"/><E79/><REACH who="1" ten="289,201,250,250" step="2"/><V64/><F42/><W55/><REACH who="3" step="1"/><G98/><REACH who="3" ten="289,201,250,240" step="2"/><T22/><D29/><U105/><E105/><V37/><F104/><W107/><G107/><T108/><D108/><U91/><E91/><AGARI ba="1,2" hai="12,18,23,53,55,75,77,82,85,88,91,92,94,96" machi="91" ten="30,3900,0" yaku="1,1,7,1,54,1,53,0" doraHai="129" doraHaiUra="110" who="3" fromWho="1" sc="289,0,201,-42,250,0,240,62" /><INIT seed="1,0,0,4,2,22" ten="289,159,250,302" oya="1" hai0="42,73,68,35,51,131,27,97,63,104,23,111,95" hai1="93,118,60,120,114,10,47,3,74,34,0,49,4" hai2="117,83,128,62,65,103,98,107,121,46,69,134,71" hai3="116,6,33,124,19,37,91,122,96,53,16,102,25"/><U8/><E120/><V18/><F121/><W89/><G122/><T92/><D73/><U90/><E118/><V24/><F117/><W2/><G116/><T28/><D111/><U21/><E34/><V84/><F128/><W12/><G37/><T130/><D42/><U101/><E114/><V57/><F134/><W123/><G123/><T87/><D51/><U81/><E60/><V1/><F1/><W40/><G40/><T67/><D87/><U78/><E101/><V106/><F106/><W45/><G2/><T5/><D5/><U43/><E21/><V32/><F46/><W59/><G45/><T110/><D23/><U100/><E100/><V133/><F133/><W82/><G6/><T70/><D70/><U39/><E3/><V38/><F38/><W77/><G91/><T127/><D127/><U129/><E10/><V56/><F18/><W52/><G89/><T58/><D58/><U75/><E75/><V54/><F54/><W29/><G124/><T76/><D76/><U36/><REACH who="1" step="1"/><E129/><REACH who="1" ten="289,149,250,302" step="2"/><N who="0" m="49161" /><D110/><U11/><E11/><V94/><F71/><W26/><G33/><T30/><D30/><U113/><E113/><V79/><F94/><W55/><G29/><AGARI ba="0,1" hai="24,29,32,56,57,62,65,69,79,83,84,98,103,107" machi="29" ten="40,5200,0" yaku="25,2,52,1" doraHai="22" who="2" fromWho="3" sc="289,0,149,0,250,62,302,-52" /><INIT seed="2,0,0,2,5,73" ten="289,149,312,250" oya="2" hai0="37,64,113,54,5,121,78,17,56,66,135,87,77" hai1="90,94,24,99,102,42,44,88,96,131,18,89,9" hai2="86,122,23,119,112,103,133,11,0,51,36,55,57" hai3="111,118,83,69,61,85,53,123,74,10,60,6,124"/><V129/><F112/><W62/><G123/><T130/><D121/><U126/><E126/><V29/><F122/><W97/><G118/><T92/><D37/><U50/><E131/><V105/><F119/><W13/><G111/><T95/><D113/><U22/><REACH who="1" step="1"/><E9/><REACH who="1" ten="289,139,312,250" step="2"/><V43/><F129/><W134/><G124/><T100/><D130/><U34/><E34/><V67/><F11/><W70/><G134/><T33/><D135/><U108/><E108/><V79/><F133/><W116/><G116/><T75/><D33/><U117/><E117/><V120/><F120/><W35/><G35/><T19/><D75/><U14/><E14/><V68/><F0/><W41/><G74/><T125/><D125/><U110/><E110/><V72/><F23/><W12/><G12/><T27/><D27/><U52/><E52/><V48/><F55/><W98/><G53/><T58/><D54/><U101/><E101/><V40/><F103/><W28/><G13/><T45/><D100/><U107/><AGARI ba="0,1" hai="18,22,24,42,44,50,88,89,90,94,96,99,102,107" machi="107" ten="20,5200,0" yaku="1,1,0,1,7,1,54,1,53,0" doraHai="73" doraHaiUra="4" who="1" fromWho="1" sc="289,-13,139,62,312,-26,250,-13" /><INIT seed="3,0,0,4,3,131" ten="276,201,286,237" oya="3" hai0="123,29,4,71,73,61,101,5,13,133,56,69,30" hai1="78,100,89,35,81,97,52,18,37,10,94,14,67" hai2="88,115,108,77,114,117,82,27,11,128,50,59,38" hai3="76,6,72,2,17,16,68,24,103,31,90,57,74"/><W62/><G68/><T60/><D73/><U12/><E37/><V48/><F117/><W79/><G103/><T111/><D101/><U19/><E35/><V80/><F38/><W1/><G90/><T135/><D123/><U34/><E34/><V39/><F39/><W0/><G6/><T102/><D102/><U28/><E28/><V84/><F128/><W23/><G74/><T9/><D56/><U132/><E67/><V44/><F108/><W104/><G104/><T66/><D66/><U93/><E132/><V54/><F27/><W112/><G112/><T129/><D13/><U113/><E113/><V58/><F11/><W33/><G72/><T49/><D129/><U64/><E64/><V40/><REACH who="2" step="1"/><F59/><REACH who="2" ten="276,201,276,237" step="2"/><W70/><G70/><T45/><D9/><U3/><E3/><V65/><F65/><W95/><G57/><T107/><D111/><U63/><E14/><V118/><F118/><W105/><G0/><T25/><D25/><U134/><E10/><V47/><F47/><W110/><G1/><T22/><D45/><U116/><E12/><V99/><F99/><W126/><G24/><T119/><D119/><U124/><E116/><V42/><F42/><W8/><G2/><T86/><D69/><U20/><E97/><V96/><F96/><W75/><G110/><T53/><D71/><U15/><E15/><V121/><F121/><W7/><G8/><T43/><D43/><U122/><E122/><V51/><F51/><W36/><G36/><T87/><D49/><U55/><E55/><V46/><F46/><W83/><G7/><T127/><D53/><RYUUKYOKU ba="0,1" sc="276,-10,201,-10,276,30,237,-10" hai2="40,44,48,50,54,58,77,80,82,84,88,114,115" /><INIT seed="4,1,1,5,2,52" ten="266,191,306,227" oya="0" hai0="65,102,31,86,107,96,35,41,117,88,8,74,11" hai1="103,80,130,135,29,47,6,105,28,116,126,46,113" hai2="61,49,75,131,123,15,9,122,1,17,67,69,44" hai3="56,95,4,93,73,45,16,129,24,34,125,91,50"/><T121/><D117/><U78/><E116/><V13/><F131/><W71/><G71/><T37/><D121/><U82/><E130/><V72/><F1/><W76/><G129/><T60/><D74/><U115/><E6/><V30/><F30/><N who="1" m="11881" /><E135/><V111/><F111/><W90/><G34/><T55/><D55/><U63/><E126/><V84/><F122/><W18/><G4/><T66/><D41/><U64/><E103/><V97/><F97/><W128/><G128/><T53/><D37/><U38/><E105/><V19/><F84/><W98/><G125/><T21/><D21/><U26/><E26/><V99/><F99/><W70/><G70/><N who="0" m="42279" /><D53/><U133/><E133/><V7/><F123/><W94/><G94/><N who="0" m="54551" /><D66/><U87/><E82/><V120/><F120/><W106/><G106/><T25/><AGARI ba="1,1" hai="8,11,25,31,35,96,102,107" m="54551,42279" machi="25" ten="30,3000,0" yaku="25,1,54,1" doraHai="52" who="0" fromWho="0" sc="266,43,191,-11,306,-11,227,-11" /><INIT seed="4,2,0,3,1,100" ten="309,180,295,216" oya="0" hai0="17,91,60,1,93,113,76,111,32,131,11,71,74" hai1="45,135,68,118,55,124,26,53,99,103,129,87,81" hai2="134,70,98,58,128,104,115,88,121,94,49,3,0" hai3="64,69,42,7,27,73,16,62,107,108,80,14,25"/><T132/><D32/><U46/><E118/><V65/><F121/><W50/><G108/><T5/><D111/><U35/><E68/><V66/><F115/><W10/><G107/><T122/><D122/><U59/><E129/><V40/><F128/><W33/><G33/><T20/><D132/><U116/><E116/><V127/><F134/><W23/><G42/><T89/><D113/><U2/><E2/><V109/><F109/><W19/><G50/><T38/><D38/><U8/><E135/><V48/><F70/><W54/><G54/><T126/><D126/><U95/><E124/><V44/><F104/><W52/><G52/><T30/><D30/><U51/><E35/><V61/><F66/><W101/><G101/><T39/><D93/><U47/><E26/><V133/><F133/><W34/><G34/><T9/><D9/><U67/><E8/><V114/><F114/><W97/><G97/><T29/><D29/><U90/><REACH who="1" step="1"/><E67/><REACH who="1" ten="309,170,295,216" step="2"/><V78/><F127/><W112/><G112/><T57/><D71/><U22/><E22/><V63/><F3/><W125/><G125/><T84/><D11/><U92/><E92/><V75/><F0/><W96/><G27/><T79/><D1/><U56/><E56/><V102/><F58/><W82/><G7/><T4/><D5/><U12/><E12/><V6/><F65/><W28/><G10/><T120/><D4/><U119/><E119/><V18/><F6/><W31/><G14/><N who="0" m="9271" /><D131/><U106/><E106/><V43/><F18/><W77/><G19/><T72/><D57/><U21/><E21/><V36/><F94/><RYUUKYOKU ba="2,1" sc="309,-10,170,30,295,-10,216,-10" hai1="45,46,47,51,53,55,59,81,87,90,95,99,103" /><INIT seed="5,3,1,0,1,90" ten="299,200,285,206" oya="1" hai0="58,36,60,94,127,12,11,108,38,76,74,33,54" hai1="131,115,28,123,73,107,32,56,4,111,82,112,129" hai2="99,101,114,128,132,64,61,31,7,27,66,40,130" hai3="79,121,6,96,92,120,116,37,55,93,118,41,83"/><U34/><E56/><V100/><F40/><W103/><G6/><T18/><D108/><U44/><E44/><V39/><F39/><W59/><G41/><T15/><D33/><N who="1" m="12907" /><E82/><V22/><F7/><W77/><G37/><T106/><D106/><U46/><E46/><V97/><F132/><W62/><G93/><T89/><D127/><U67/><E67/><V84/><F114/><N who="1" m="43561" /><E107/><V47/><F47/><W2/><G2/><T102/><D102/><U3/><E73/><V13/><F84/><W45/><G45/><T126/><D126/><U104/><E104/><V49/><F49/><W14/><G14/><T85/><REACH who="0" step="1"/><D15/><REACH who="0" ten="289,200,285,206" step="2"/><U119/><E111/><V65/><F13/><W19/><G103/><T16/><D16/><U87/><E119/><V68/><F100/><N who="3" m="60423" /><G19/><T81/><AGARI ba="3,2" hai="11,12,18,36,38,54,58,60,74,76,81,85,89,94" machi="81" ten="30,7900,0" yaku="1,1,0,1,52,1,53,1" doraHai="90" doraHaiUra="53" who="0" fromWho="0" sc="289,108,200,-42,285,-23,206,-23" /><INIT seed="6,0,0,2,2,54" ten="397,158,262,183" oya="2" hai0="113,122,112,23,101,126,110,107,135,31,124,88,12" hai1="83,97,132,34,36,47,28,128,58,103,25,69,116" hai2="74,114,63,55,66,43,59,18,106,2,1,3,90" hai3="85,40,65,29,68,119,80,133,89,67,52,35,61"/><V0/><F74/><W125/><G119/><T15/><D110/><U73/><E116/><V6/><F106/><W33/><G125/><N who="0" m="48235" /><D135/><U82/><E132/><V99/><F114/><W8/><G133/><T32/><D122/><U60/><E128/><V56/><F43/><W111/><G111/><T127/><D127/><U21/><E69/><V120/><F120/><W10/><G40/><T130/><D130/><U62/><E62/><V13/><F6/><W5/><G67/><T96/><D32/><U129/><E129/><V46/><F46/><W75/><G75/><T53/><D53/><U81/><E34/><V49/><F3/><W71/><G71/><T123/><D123/><U22/><E22/><V44/><F44/><W42/><G42/><T84/><D31/><U91/><E47/><V4/><F4/><W118/><G118/><T70/><D70/><U26/><E26/><V19/><REACH who="2" step="1"/><F13/><REACH who="2" ten="397,158,252,183" step="2"/><W41/><G41/><T86/><D15/><U45/><E45/><V11/><F11/><W24/><G5/><T27/><D12/><U87/><E73/><V98/><F98/><W100/><G8/><T57/><D86/><U9/><E9/><V37/><F37/><W14/><G14/><T30/><D113/><U17/><E36/><V64/><F64/><W51/><G10/><T108/><D112/><U76/><E17/><V39/><F39/><W77/><G65/><T104/><D108/><U50/><E97/><V20/><F20/><W94/><G35/><T117/><D117/><U134/><E134/><V95/><AGARI ba="0,1" hai="0,1,2,18,19,49,55,56,59,63,66,90,95,99" machi="95" ten="40,12000,1" yaku="1,1,0,1,52,2,53,1" doraHai="54" doraHaiUra="92" who="2" fromWho="2" sc="397,-40,158,-40,252,130,183,-40" /><INIT seed="6,1,0,3,3,115" ten="357,118,382,143" oya="2" hai0="122,83,108,47,26,63,35,82,134,27,85,2,88" hai1="101,92,66,28,69,93,97,21,11,8,111,48,124" hai2="132,36,30,105,37,0,7,77,87,117,96,99,75" hai3="102,1,135,6,64,119,14,89,23,118,39,58,72"/><V125/><F30/><W109/><G109/><T32/><D108/><U110/><E124/><V56/><F125/><W41/><G72/><T9/><D122/><U59/><E69/><V103/><F132/><W71/><G71/><T80/><D134/><U133/><E133/><V120/><F120/><W121/><G135/><T84/><D63/><U68/><E68/><V113/><F113/><W22/><G121/><T78/><D80/><U130/><E130/><V94/><F56/><W43/><G102/><T131/><D131/><U86/><E111/><V123/><F123/><W13/><G89/><T53/><D35/><U52/><E66/><V60/><F60/><W10/><G58/><T45/><D32/><U4/><E110/><V112/><F7/><W51/><G51/><T34/><D34/><U50/><E50/><V90/><F0/><W73/><G73/><T91/><D78/><U54/><E54/><V33/><F33/><W65/><G1/><T40/><D53/><U25/><REACH who="1" step="1"/><E4/><REACH who="1" ten="357,108,382,143" step="2"/><V16/><F112/><W18/><G39/><T29/><D40/><U74/><E74/><V17/><F37/><W20/><G43/><T76/><D76/><U98/><E98/><N who="2" m="61687" /><F36/><W81/><G41/><T62/><D62/><U129/><E129/><V79/><F79/><W55/><G55/><T44/><D29/><U70/><E70/><V49/><F49/><W128/><G128/><T31/><D31/><U46/><E46/><V57/><F77/><W100/><G65/><T114/><D114/><U15/><E15/><V24/><F75/><W5/><G64/><T95/><D45/><RYUUKYOKU ba="1,1" sc="357,-10,108,30,382,-10,143,-10" hai1="8,11,21,25,28,48,52,59,86,92,93,97,101" /><INIT seed="7,2,1,5,4,23" ten="347,138,372,133" oya="3" hai0="36,52,47,29,103,88,113,70,60,134,77,90,22" hai1="68,109,34,135,104,0,63,1,78,117,75,115,14" hai2="7,127,56,86,13,81,123,53,20,25,80,95,110" hai3="62,39,6,10,132,31,4,50,65,44,46,15,64"/><W43/><G132/><T92/><D134/><U93/><RYUUKYOKU type="yao9" ba="2,1" sc="347,0,138,0,372,0,133,0" hai1="0,1,14,34,63,68,75,78,93,104,109,115,117,135" /><INIT seed="7,3,1,4,5,36" ten="347,138,372,133" oya="3" hai0="85,135,57,124,128,98,101,120,62,93,86,14,16" hai1="111,24,58,112,4,66,74,82,117,69,11,0,126" hai2="68,45,102,107,21,92,108,25,100,5,83,59,80" hai3="115,75,121,53,27,30,96,72,32,17,6,19,10"/><W103/><G121/><T81/><D128/><U9/><E111/><V88/><F68/><W41/><G115/><T99/><D135/><U113/><E117/><V3/><F3/><W132/><G132/><T37/><D37/><U63/><E58/><V22/><F5/><W110/><G110/><T97/><D124/><U125/><E11/><V50/><F59/><W26/><G53/><N who="0" m="34095" /><D120/><U131/><E24/><V109/><F107/><W46/><G27/><T13/><D13/><U95/><E95/><V123/><F123/><W18/><G6/><T23/><D86/><U129/><E129/><V1/><F1/><W33/><G33/><T2/><D2/><U84/><E74/><V47/><F22/><W39/><REACH who="3" step="1"/><G10/><REACH who="3" ten="347,138,372,123" step="2"/><T94/><D94/><AGARI ba="3,2" hai="17,18,19,26,30,32,39,41,46,72,75,94,96,103" machi="94" ten="40,7700,0" yaku="1,1,2,1,52,1,53,0" doraHai="36" doraHaiUra="73" who="3" fromWho="0" sc="347,-86,138,0,372,0,123,106" /><INIT seed="7,4,0,0,1,96" ten="261,138,372,229" oya="3" hai0="116,12,97,78,45,72,7,70,19,24,114,123,84" hai1="64,127,105,111,80,120,92,2,132,133,6,8,48" hai2="47,122,86,0,94,4,20,23,112,73,11,35,130" hai3="28,129,33,76,10,32,5,131,74,126,62,30,124"/><W90/><G62/><T21/><D116/><U121/><E105/><V89/><F35/><N who="3" m="13387" /><G90/><T106/><D123/><N who="1" m="47179" /><E64/><V103/><F130/><N who="3" m="49675" /><G76/><T99/><D114/><U41/><E80/><V58/><F73/><W46/><G46/><T119/><D24/><U38/><E48/><V31/><F47/><W79/><G79/><T53/><D7/><U54/><E54/><V17/><F112/><W135/><G74/><T91/><D19/><U15/><E92/><V61/><F122/><W3/><G135/><N who="1" m="51786" /><E41/><V110/><F94/><W88/><G88/><T113/><D91/><U39/><E39/><V37/><F89/><W22/><G22/><T128/><D21/><U52/><E52/><V134/><F86/><W104/><G104/><T102/><D53/><U98/><E98/><V85/><F85/><W26/><G26/><T49/><D84/><U93/><E93/><V55/><F37/><W25/><G25/><T56/><D99/><U69/><E69/><V14/><F20/><W29/><AGARI ba="4,0" hai="3,5,10,28,29,30,124,126" m="49675,13387" machi="29" ten="40,7800,0" yaku="19,1,34,2" doraHai="96" who="3" fromWho="3" sc="261,-30,138,-30,372,-30,229,90" /><INIT seed="7,5,0,1,0,65" ten="231,108,342,319" oya="3" hai0="86,71,19,38,125,35,95,30,51,55,91,43,112" hai1="127,59,133,130,63,122,44,73,60,24,81,90,21" hai2="15,64,50,129,41,126,85,103,74,52,9,1,110" hai3="119,102,20,37,105,23,68,46,114,8,75,2,76"/><W100/><G119/><T42/><D125/><U98/><E122/><V14/><F110/><W124/><G114/><T123/><D123/><U11/><E127/><V93/><F74/><W3/><G124/><T10/><D112/><U39/><E130/><V80/><F126/><W92/><G68/><T61/><D38/><U97/><E133/><V99/><F41/><N who="3" m="22831" /><G2/><T89/><D30/><U25/><E11/><V67/><F1/><W79/><G79/><T118/><D35/><U121/><E121/><V40/><F40/><W31/><G92/><N who="0" m="54327" /><D61/><U77/><E39/><V120/><F129/><W83/><G31/><T56/><D71/><U33/><E44/><N who="2" m="27719" /><F120/><W13/><G13/><N who="2" m="4617" /><F9/><W48/><G48/><T58/><D58/><U32/><E63/><V49/><F49/><W69/><G69/><T78/><D78/><AGARI ba="5,0" hai="64,67,78,80,85,93,99,103" m="4617,27719" machi="78" ten="30,2000,0" yaku="8,1,54,1" doraHai="65" who="2" fromWho="0" sc="231,-35,108,0,342,35,319,0" owari="196,-20.0,108,-39.0,377,47.0,319,12.0" /></mjloggm>