<mjloggm ver="2.3"><GO type="185" lobby="0"/><UN n0="%E3%83%AD%E3%82%B8%E3%82%AB%E3%83%AB%E3%81%95%E3%82%93" n1="%E3%81%97%E3%82%81%E3%81%98%E3%82%93" n2="%69%6E%75%73%61%6E%38%34" n3="" dan="17,17,16,0" rate="2249.29,2252.55,2144.97,1500.00" sx="F,F,M,C"/><TAIKYOKU oya="0"/><INIT seed="0,0,0,2,2,117" ten="350,350,350,0" oya="0" hai0="3,72,59,57,32,50,43,128,121,106,40,80,120" hai1="127,38,67,88,132,46,83,35,45,102,61,48,92" hai2="0,78,126,135,56,104,76,99,66,90,52,101,123" hai3=""/><T65/><N who="0" m="30752" /><T133/><N who="0" m="31008" /><T49/><D32/><U51/><E132/><V34/><N who="2" m="31520" /><V77/><F34/><T75/><D3/><U81/><E127/><V69/><F0/><T119/><D119/><U70/><E35/><V86/><F126/><T91/><D106/><U63/><E102/><V94/><F135/><T62/><D133/><U118/><E118/><V103/><F103/><T109/><D128/><U125/><E38/><V2/><F2/><T74/><D109/><U116/><E116/><V60/><F69/><T89/><D80/><U33/><E33/><V71/><F71/><T130/><D130/><U85/><E63/><V113/><F113/><T96/><D96/><U58/><E70/><V129/><F129/><T108/><D108/><U64/><E64/><V79/><N who="2" m="19456" /><DORA hai="112" /><V98/><REACH who="2" step="1"/><F98/><REACH who="2" ten="350,350,340,0" step="2"/><T105/><D105/><U100/><E100/><V124/><F124/><T82/><D91/><U122/><N who="1" m="31264" /><U47/><E125/><V111/><F111/><T114/><D114/><U1/><E1/><V42/><F42/><T87/><D43/><U39/><E39/><V55/><AGARI ba="0,1" hai="52,55,56,60,66,86,90,94,99,101,104" m="19456,31520" machi="55" ten="40,12000,3" yaku="1,1,0,1,52,2,54,1,53,4" doraHai="117,112" doraHaiUra="37,73" who="2" fromWho="2" sc="350,-80,350,-40,340,130,0,0" /><INIT seed="1,0,0,4,3,61" ten="270,310,470,0" oya="1" hai0="99,84,88,65,102,59,71,93,46,108,120,32,38" hai1="96,111,72,45,92,109,123,113,41,2,104,73,64" hai2="106,97,126,47,1,81,35,53,51,78,69,0,48" hai3=""/><U37/><N who="1" m="31520" /><U34/><E113/><V116/><F116/><T90/><N who="0" m="30752" /><T134/><D108/><N who="1" m="41547" /><E104/><V121/><N who="2" m="31008" /><V79/><F35/><T95/><D32/><U133/><E34/><V44/><F126/><T55/><D134/><U125/><E2/><V54/><F69/><T74/><D74/><N who="1" m="28779" /><E125/><V62/><F62/><T58/><D71/><U43/><E43/><V3/><F81/><T89/><D59/><U60/><E133/><V63/><F63/><T68/><D68/><U40/><E40/><V50/><F106/><T105/><D58/><U115/><E115/><V112/><F112/><T131/><D105/><U57/><E92/><V91/><F51/><T70/><D95/><AGARI ba="0,0" hai="0,1,3,44,47,48,50,53,54,78,79,91,95,97" m="31008" machi="95" ten="40,2600,0" yaku="9,1,52,1" doraHai="61" who="2" fromWho="0" sc="270,-26,310,0,470,26,0,0" /><INIT seed="2,0,0,5,0,46" ten="244,310,496,0" oya="2" hai0="108,117,99,115,104,59,62,45,95,1,94,126,125" hai1="67,98,105,93,32,74,39,58,71,65,107,97,49" hai2="118,80,60,127,72,34,69,36,135,89,106,75,103" hai3=""/><V56/><F118/><T121/><N who="0" m="31008" /><T128/><D117/><U37/><E74/><V83/><F34/><T100/><D1/><U66/><E71/><V113/><F36/><T70/><D108/><U35/><E67/><V90/><F113/><T122/><N who="0" m="31264" /><T131/><D70/><U119/><E119/><V87/><F69/><T68/><D68/><U38/><E38/><V33/><F33/><T44/><D115/><U81/><E93/><N who="0" m="35337" /><D45/><U54/><E81/><V76/><F127/><N who="0" m="48650" /><D44/><U63/><E58/><V2/><F135/><T82/><D59/><U123/><N who="1" m="31520" /><U129/><E63/><V40/><F40/><T114/><D114/><U92/><E92/><V48/><F2/><T88/><D62/><U50/><E129/><V101/><F60/><T124/><N who="0" m="48658" /><T3/><DORA hai="84" /><D3/><U41/><E54/><V43/><F43/><AGARI ba="0,0" hai="32,35,37,39,41,43,49,50,65,66,97,98,105,107" m="31520" machi="43" ten="25,8000,1" yaku="22,2,52,3" doraHai="46,84" who="1" fromWho="2" sc="244,0,310,80,496,-80,0,0" /><INIT seed="4,0,0,2,3,122" ten="244,390,416,0" oya="0" hai0="101,73,43,61,112,54,99,100,87,124,47,93,78" hai1="38,81,135,46,113,53,131,103,90,106,91,62,66" hai2="86,37,39,84,96,69,82,55,118,50,116,57,58" hai3=""/><T92/><D112/><U70/><E113/><V33/><F33/><T67/><D124/><U72/><E135/><V105/><F69/><T108/><D73/><U59/><E131/><V65/><F86/><T64/><D108/><U107/><E72/><V2/><F2/><T35/><D35/><U130/><E130/><V126/><F126/><T36/><D54/><U98/><E81/><V127/><F127/><T83/><REACH who="0" step="1"/><D61/><REACH who="0" ten="234,390,416,0" step="2"/><U132/><E132/><V77/><F118/><T104/><D104/><U76/><E107/><V95/><F116/><T40/><D40/><U120/><N who="1" m="30752" /><U133/><E133/><V121/><N who="2" m="31008" /><V48/><F105/><T117/><D117/><U68/><E53/><V119/><F119/><T71/><D71/><U128/><E128/><V123/><N who="2" m="31520" /><V41/><F41/><T89/><D89/><U134/><E134/><V1/><F1/><T52/><D52/><U111/><E111/><V56/><F55/><T34/><D34/><U44/><E70/><V74/><F74/><T88/><D88/><N who="1" m="33835" /><E68/><V51/><F58/><T63/><D63/><U60/><E62/><V42/><F57/><T80/><D80/><U97/><E106/><V114/><F114/><T0/><D0/><U79/><E59/><RYUUKYOKU ba="0,1" sc="234,20,390,-10,416,-10,0,0" hai0="36,43,47,64,67,78,83,87,92,93,99,100,101" /><INIT seed="4,1,1,2,5,91" ten="254,380,406,0" oya="0" hai0="38,108,45,109,97,67,118,58,62,100,41,117,85" hai1="80,133,114,124,71,73,51,56,47,1,0,130,57" hai2="135,101,39,113,127,106,102,33,69,50,92,52,53" hai3=""/><T96/><D96/><U49/><E71/><V131/><F33/><T119/><REACH who="0" step="1"/><D85/><REACH who="0" ten="244,380,406,0" step="2"/><U87/><E87/><V83/><F113/><T107/><AGARI ba="1,2" hai="38,41,45,58,62,67,97,100,107,108,109,117,118,119" machi="107" ten="40,5200,0" yaku="1,1,2,1,0,1,53,0" doraHai="91" doraHaiUra="82" who="0" fromWho="0" sc="244,74,380,-27,406,-27,0,0" /><INIT seed="4,2,0,0,3,70" ten="318,353,379,0" oya="0" hai0="72,93,42,3,37,73,86,110,65,41,56,100,40" hai1="123,88,113,105,44,115,64,127,57,96,102,60,66" hai2="34,59,122,35,111,92,131,114,48,68,84,46,81" hai3=""/><T95/><D3/><U0/><N who="1" m="31520" /><U117/><E117/><V80/><N who="2" m="31264" /><V50/><F111/><T2/><D2/><U75/><E0/><V97/><F68/><T58/><D110/><U52/><E75/><V43/><F114/><N who="1" m="43529" /><E127/><V126/><F126/><T71/><D71/><U132/><E132/><V79/><F131/><T45/><D58/><U130/><E130/><V49/><F81/><T1/><D1/><U121/><N who="1" m="31008" /><U107/><E107/><V99/><F99/><T39/><D95/><U77/><E77/><V51/><REACH who="2" step="1"/><F59/><REACH who="2" ten="318,353,369,0" step="2"/><T108/><D108/><U101/><E101/><AGARI ba="2,1" hai="34,35,43,46,48,49,50,51,79,80,84,92,97,101" m="31264" machi="101" ten="40,8000,1" yaku="1,1,2,1,52,1,53,1" doraHai="70" doraHaiUra="90" who="2" fromWho="1" sc="318,0,353,-84,369,94,0,0" /><INIT seed="5,0,0,5,1,51" ten="318,269,463,0" oya="1" hai0="104,133,67,82,3,125,117,73,59,90,91,68,40" hai1="97,60,83,124,69,76,113,44,80,65,101,89,34" hai2="98,108,131,52,78,58,120,33,93,85,102,88,87" hai3=""/><U48/><E124/><V116/><N who="2" m="30752" /><V127/><F108/><T42/><D125/><U74/><E113/><V41/><F127/><T64/><D3/><U122/><N who="1" m="31264" /><U95/><E34/><V79/><F116/><T132/><D104/><U114/><E114/><V36/><F33/><T47/><D68/><U45/><E83/><V109/><F109/><T86/><D117/><U75/><E75/><V62/><F131/><T49/><D73/><U71/><E71/><V126/><F126/><T37/><D42/><U57/><REACH who="1" step="1"/><E101/><REACH who="1" ten="318,259,463,0" step="2"/><V72/><F72/><T63/><D132/><U84/><E84/><V1/><F1/><T115/><D133/><U121/><N who="1" m="31008" /><U55/><AGARI ba="0,1" hai="44,45,48,55,57,60,65,69,74,76,80,89,95,97" m="31008,31264" machi="55" ten="30,16000,3" yaku="1,1,4,1,0,1,52,3,53,2" doraHai="51" doraHaiUra="118" who="1" fromWho="1" sc="318,-80,259,170,463,-80,0,0" /><INIT seed="5,1,0,5,2,70" ten="238,429,383,0" oya="1" hai0="63,101,92,135,117,74,62,105,116,130,61,81,51" hai1="42,118,109,88,1,65,54,103,36,76,66,115,125" hai2="53,78,112,47,100,43,121,80,132,64,119,106,123" hai3=""/><U73/><E118/><V83/><N who="2" m="31008" /><V126/><N who="2" m="31520" /><V114/><F119/><N who="0" m="45642" /><D105/><U96/><E42/><V98/><F126/><T131/><D101/><U90/><E54/><V60/><F132/><T39/><D92/><U79/><E103/><V91/><F53/><T95/><D95/><U45/><E45/><V85/><F91/><T72/><D81/><U48/><E48/><V2/><F2/><T113/><D51/><U32/><E90/><V120/><N who="2" m="30752" /><V108/><F108/><T0/><D0/><U104/><E79/><V84/><F84/><T41/><D135/><U82/><E76/><V40/><F83/><T134/><D134/><U129/><E88/><V44/><F44/><T49/><D49/><U58/><E1/><V89/><F89/><T127/><D127/><U59/><E125/><V122/><N who="2" m="31264" /><V69/><REACH who="2" step="1"/><F43/><REACH who="2" ten="238,429,373,0" step="2"/><T46/><D113/><U110/><E115/><V52/><F52/><T75/><AGARI ba="1,1" hai="39,41,46,61,62,63,72,74,75,130,131" m="45642" machi="75" ten="40,2000,0" yaku="12,1,52,1" doraHai="70" who="0" fromWho="0" sc="238,32,429,-14,373,-8,0,0" /><INIT seed="6,0,0,5,5,108" ten="270,415,365,0" oya="2" hai0="43,100,56,72,48,55,57,33,89,126,35,109,88" hai1="131,44,2,97,58,53,34,91,79,130,67,112,59" hai2="38,71,46,62,101,135,114,104,52,64,40,99,93" hai3=""/><V61/><F135/><T76/><D109/><U66/><E112/><V74/><F74/><T41/><D126/><U32/><E79/><V42/><F42/><T122/><N who="0" m="31264" /><T128/><D128/><N who="1" m="49195" /><E2/><V111/><F111/><T123/><N who="0" m="31520" /><T83/><D43/><U49/><E97/><V73/><F73/><T116/><D116/><U77/><E91/><V105/><F114/><T47/><D57/><N who="1" m="21515" /><E77/><V50/><F62/><T103/><D89/><U102/><E102/><V90/><F90/><T98/><D103/><U106/><E106/><V118/><F118/><T129/><D129/><U127/><E127/><V68/><F68/><T75/><D75/><U132/><E132/><V65/><F65/><AGARI ba="0,0" hai="32,34,44,49,53,65,66,67" m="21515,49195" machi="65" ten="30,1000,0" yaku="19,1" doraHai="108" who="1" fromWho="2" sc="270,0,415,10,365,-10,0,0" owari="270,-33.0,425,37.0,355,-4.0,0,0.0" /></mjloggm>