<mjloggm ver="2.3"><GO type="225" lobby="0"/><UN n0="%E5%BE%80%E5%B9%B4%E3%81%AE%E3%82%B4%E3%83%AA%E3%83%A9" n1="%E9%99%A4%E5%90%8D" n2="%E3%81%8D%E3%82%82" n3="%E5%AE%89%E8%97%A4%E3%82%AB%E3%82%B1%E3%83%AB" dan="16,16,16,16" rate="2089.76,2147.76,2069.33,2058.22" sx="M,M,M,M"/><TAIKYOKU oya="0"/><INIT seed="0,0,0,0,1,77" ten="250,250,250,250" oya="0" hai0="116,91,6,15,65,81,60,34,36,96,51,123,87" hai1="103,19,86,128,1,88,84,93,126,54,112,35,31" hai2="41,40,46,121,9,83,102,18,131,89,76,8,90" hai3="97,24,44,43,85,117,38,55,27,59,3,130,39"/><T114/><D36/><U17/><E126/><V25/><F102/><W104/><G3/><T92/><D34/><U133/><E128/><V49/><F131/><W12/><G130/><T107/><D114/><U119/><E119/><V68/><F68/><W80/><G39/><T33/><D33/><U4/><E133/><V22/><F121/><W10/><G117/><T105/><D116/><U71/><E112/><V62/><F62/><W50/><G97/><T129/><D123/><U45/><E71/><V94/><F41/><W0/><G0/><T16/><D6/><U29/><E103/><V67/><F67/><W57/><G57/><T11/><D51/><N who="1" m="29039" /><E1/><V20/><F22/><W78/><REACH who="3" step="1"/><G104/><REACH who="3" ten="250,250,250,240" step="2"/><T70/><REACH who="0" step="1"/><D129/><REACH who="0" ten="240,250,250,240" step="2"/><U74/><E35/><V61/><F61/><W52/><G52/><T37/><D37/><U127/><E127/><V135/><F135/><W28/><G28/><T122/><D122/><U30/><E30/><V125/><F125/><W99/><G99/><T42/><D42/><U66/><E31/><V79/><F40/><W7/><AGARI ba="0,2" hai="7,10,12,24,27,38,43,44,50,55,59,78,80,85" machi="7" ten="20,5200,0" yaku="1,1,0,1,7,1,52,1,53,0" doraHai="77" doraHaiUra="95" who="3" fromWho="3" sc="240,-26,250,-13,250,-13,240,72" /><INIT seed="1,0,0,2,0,71" ten="214,237,237,312" oya="1" hai0="92,61,12,25,94,40,128,29,93,9,110,7,76" hai1="82,129,89,43,65,125,60,113,126,34,1,16,42" hai2="86,23,41,131,18,87,55,105,14,79,103,100,121" hai3="54,52,97,35,32,69,70,46,47,114,80,135,20"/><U116/><E113/><V124/><F131/><W4/><G114/><T115/><D128/><U17/><E129/><V6/><F124/><N who="1" m="47721" /><E1/><V66/><F121/><W22/><G80/><T112/><D110/><U119/><E34/><V134/><F134/><W106/><G97/><T77/><D112/><U11/><E82/><V111/><F111/><W0/><G4/><T28/><D115/><U3/><E89/><V5/><F66/><W44/><G44/><T8/><D8/><U21/><E11/><V130/><F130/><W84/><G84/><N who="2" m="32297" /><F105/><W58/><G106/><T73/><D73/><U102/><E102/><N who="2" m="38955" /><F41/><N who="1" m="15369" /><E3/><V45/><F79/><W104/><G0/><T68/><D40/><U19/><E21/><V72/><F72/><W83/><G83/><T36/><D76/><U2/><E2/><V62/><F45/><W95/><G104/><T30/><D77/><U56/><AGARI ba="0,0" hai="16,17,19,56,60,65,116,119" m="15369,47721" machi="56" ten="40,3900,0" yaku="18,1,54,1" doraHai="71" who="1" fromWho="1" sc="214,-13,237,39,237,-13,312,-13" /><INIT seed="1,1,0,4,2,94" ten="201,276,224,299" oya="1" hai0="62,111,73,134,69,27,15,37,41,23,124,113,79" hai1="114,85,115,122,106,36,64,87,9,74,55,70,76" hai2="98,54,49,97,107,108,118,60,86,125,66,34,81" hai3="104,17,101,8,38,18,11,91,20,84,126,7,56"/><U92/><E36/><V45/><F108/><W65/><G38/><T39/><D111/><U67/><E70/><V96/><F125/><W72/><G72/><T24/><D124/><U19/><E106/><V123/><F123/><W30/><G126/><T22/><D113/><U120/><E74/><V47/><F34/><W117/><G117/><T128/><D15/><N who="1" m="7663" /><E120/><V88/><F118/><W61/><G11/><T63/><D73/><U16/><E122/><V43/><F107/><W50/><G50/><T12/><D12/><U40/><E40/><V133/><F133/><W58/><G58/><T26/><D134/><U82/><E114/><V135/><F135/><W59/><G59/><T121/><D121/><U89/><E115/><V90/><F47/><W129/><G129/><T93/><D41/><U71/><E71/><V127/><F127/><W46/><G46/><T75/><D75/><U132/><E132/><V25/><F25/><W2/><G30/><T100/><D69/><U3/><E3/><V13/><F13/><W53/><G65/><N who="1" m="25162" /><E55/><V112/><F112/><W35/><G53/><T68/><D68/><U33/><E33/><V57/><F43/><W10/><G35/><T78/><D26/><U29/><E29/><V109/><F109/><W130/><G2/><T42/><D42/><U31/><E31/><V102/><F102/><W131/><G101/><T51/><D100/><U0/><E0/><V32/><F32/><W44/><G104/><T80/><D128/><U6/><E6/><V110/><F110/><W5/><G131/><T4/><D4/><N who="3" m="1609" /><G130/><T119/><D119/><RYUUKYOKU ba="1,0" sc="201,-15,276,15,224,15,299,-15" hai1="16,76,82,85,87,89,92" hai2="45,49,54,57,60,66,81,86,88,90,96,97,98" /><INIT seed="1,2,0,0,1,48" ten="186,291,239,284" oya="1" hai0="116,13,84,87,20,58,33,99,49,10,44,25,121" hai1="28,83,135,46,19,129,104,43,119,7,59,92,110" hai2="106,18,78,16,93,66,30,132,130,71,54,68,89" hai3="73,23,77,118,79,88,91,114,127,123,111,2,45"/><U101/><E119/><V69/><F106/><W0/><G118/><T32/><D116/><U120/><E120/><V128/><F132/><W60/><G123/><T47/><D121/><U103/><E135/><V3/><F3/><W56/><G114/><T86/><D99/><U38/><E104/><V22/><F78/><W75/><G127/><T109/><D109/><U90/><E129/><N who="2" m="49771" /><F66/><W6/><G111/><T41/><D33/><U62/><E110/><V94/><F94/><W29/><G45/><T96/><D96/><U61/><E7/><V125/><F125/><W115/><G6/><T40/><D58/><U74/><E28/><V39/><F39/><W55/><G29/><T124/><D32/><U70/><E19/><V126/><F126/><W53/><G115/><T42/><D124/><U31/><E31/><V9/><F9/><W131/><G131/><T76/><D76/><U82/><E62/><V21/><F30/><W85/><G75/><T102/><D102/><N who="1" m="38923" /><E70/><V50/><F22/><W37/><G23/><T12/><D10/><U133/><E74/><V95/><F95/><W64/><G73/><T14/><D47/><U11/><E11/><V15/><F18/><AGARI ba="2,0" hai="12,13,14,18,20,25,40,41,42,44,49,84,86,87" machi="18" ten="40,1300,0" yaku="8,1" doraHai="48" who="0" fromWho="2" sc="186,19,291,0,239,-19,284,0" /><INIT seed="2,0,0,3,5,16" ten="205,291,220,284" oya="2" hai0="59,36,65,44,63,132,60,22,125,121,30,123,97" hai1="74,110,130,96,95,99,55,12,24,37,128,103,104" hai2="38,78,68,4,42,7,49,87,111,116,58,39,10" hai3="64,26,17,131,52,105,83,86,14,113,19,53,72"/><V56/><F116/><W33/><G105/><T31/><D132/><U70/><E110/><V117/><F117/><W126/><G72/><T66/><D125/><U9/><E37/><V133/><F133/><W100/><G126/><T50/><D36/><N who="2" m="13866" /><F111/><W124/><G100/><T28/><D97/><U134/><E70/><V13/><F7/><W40/><G40/><T82/><D82/><U8/><E74/><V115/><F68/><W92/><G124/><T109/><D109/><U112/><E112/><V21/><F21/><N who="3" m="13631" /><G33/><T25/><D121/><U11/><E12/><V51/><F51/><W45/><G113/><T61/><D123/><U106/><E106/><V62/><F62/><W1/><G1/><T32/><D32/><U119/><E119/><V34/><F34/><W81/><G64/><T107/><D107/><U69/><E69/><V101/><F101/><W135/><G135/><T2/><D2/><U85/><E134/><V54/><F54/><N who="3" m="21099" /><G45/><T20/><D25/><U67/><E24/><V76/><F76/><W15/><G15/><T80/><D65/><U35/><E67/><V3/><F3/><W122/><G122/><T27/><D27/><U79/><E35/><V102/><F102/><W46/><G46/><T120/><D120/><U57/><E55/><V43/><F43/><W75/><G75/><T47/><D47/><U73/><E73/><V94/><F115/><W93/><G131/><N who="1" m="50218" /><E57/><V6/><F6/><W18/><G14/><T77/><D44/><U98/><E104/><V88/><F78/><W0/><G0/><T48/><D66/><U5/><E5/><RYUUKYOKU ba="0,0" sc="205,-15,291,15,220,15,284,-15" hai1="8,9,11,79,85,95,96,98,99,103" hai2="4,10,13,42,49,56,58,87,88,94" /><INIT seed="2,1,0,5,0,81" ten="190,306,235,269" oya="2" hai0="35,120,107,39,133,8,64,115,95,51,24,109,126" hai1="100,87,50,108,74,14,32,98,76,67,119,106,110" hai2="88,117,121,123,37,19,84,66,94,0,65,54,15" hai3="132,11,129,42,89,5,61,38,55,25,104,2,112"/><V80/><F117/><W114/><G104/><T58/><D95/><U12/><E119/><V4/><F37/><W10/><G129/><T16/><D51/><U91/><E32/><V52/><F0/><W82/><G132/><T62/><D115/><U130/><E67/><N who="2" m="25611" /><F4/><W47/><G11/><T49/><D120/><U96/><E50/><V40/><F40/><W71/><G71/><T111/><D107/><U21/><E21/><N who="2" m="11519" /><F123/><W134/><G134/><T18/><D39/><U28/><E28/><V78/><F121/><W63/><G25/><T116/><D133/><U43/><E43/><V27/><F27/><W102/><G2/><T31/><D116/><U17/><E130/><V79/><F79/><W72/><G114/><T127/><D49/><U90/><E17/><N who="0" m="6761" /><D8/><U53/><E12/><V56/><F56/><W83/><G10/><T97/><D97/><AGARI ba="1,0" hai="52,54,78,80,84,88,94,97" m="11519,25611" machi="97" ten="30,11600,0" yaku="8,1,52,1,54,2" doraHai="81" who="2" fromWho="0" sc="190,-119,306,0,235,119,269,0" /><INIT seed="2,2,0,0,0,50" ten="71,306,354,269" oya="2" hai0="133,36,103,51,18,121,9,85,93,113,127,40,74" hai1="2,8,10,117,130,57,19,33,116,26,43,21,82" hai2="24,69,95,86,60,23,64,104,97,46,106,114,110" hai3="99,90,75,35,37,65,1,122,80,83,61,42,38"/><V28/><F114/><W12/><G1/><T81/><D113/><U84/><E130/><V131/><F131/><W77/><G35/><T101/><D121/><U120/><E120/><V125/><F125/><W4/><G122/><T45/><D74/><U91/><E43/><V112/><F112/><W31/><G31/><T132/><D127/><U49/><E49/><V123/><F123/><W32/><G32/><T118/><D118/><U20/><E57/><V115/><F115/><W76/><G42/><T89/><D36/><U47/><E47/><V13/><F110/><W29/><G29/><T17/><D17/><U56/><E56/><V126/><F126/><W22/><G90/><T105/><D105/><U109/><E109/><V108/><F108/><W16/><G99/><T72/><D103/><U52/><E33/><V27/><F27/><W15/><G15/><T88/><D101/><U134/><E2/><V6/><F46/><W25/><G4/><T67/><D67/><U68/><E68/><V7/><F7/><W78/><G25/><T62/><D62/><U135/><E117/><V71/><F71/><W53/><G38/><T111/><D72/><U98/><E116/><V92/><F86/><W3/><G75/><T41/><D41/><U124/><E98/><V66/><F66/><W39/><G65/><T54/><D40/><U44/><E124/><V128/><F128/><W87/><G39/><T79/><D111/><U14/><E26/><V5/><F5/><W102/><G37/><T96/><D79/><U55/><E84/><V11/><F97/><W48/><G87/><RYUUKYOKU ba="2,0" sc="71,15,306,-15,354,15,269,-15" hai0="9,18,45,51,54,81,85,88,89,93,96,132,133" hai2="6,11,13,23,24,28,60,64,69,92,95,104,106" /><INIT seed="2,3,0,1,3,87" ten="86,291,369,254" oya="2" hai0="66,101,30,26,133,135,81,45,93,103,16,40,115" hai1="4,123,12,27,99,124,110,131,109,117,28,50,78" hai2="51,128,68,18,1,86,96,82,37,56,61,38,20" hai3="22,0,71,114,2,126,5,106,44,73,57,119,8"/><V122/><F1/><W52/><G71/><T90/><D115/><U39/><E39/><V53/><F128/><W23/><G106/><T83/><D66/><U88/><E117/><V72/><F72/><W47/><G73/><T58/><D58/><U92/><E131/><V108/><F122/><W129/><G119/><T104/><D104/><U36/><E36/><V98/><F108/><N who="1" m="41577" /><E123/><V9/><F9/><W65/><G129/><T48/><D135/><U62/><E124/><V46/><F38/><W112/><G0/><T24/><D133/><U85/><E50/><V118/><F118/><W63/><G126/><T41/><D41/><U95/><E62/><V67/><F37/><W134/><G134/><T15/><D103/><N who="1" m="60903" /><E78/><V97/><F68/><W35/><G35/><T79/><D101/><U21/><E12/><V49/><F49/><W130/><G130/><T43/><D43/><U25/><E25/><V127/><F127/><W105/><G105/><T29/><D26/><U116/><E116/><V13/><REACH who="2" step="1"/><F98/><REACH who="2" ten="86,291,359,254" step="2"/><W11/><G114/><T76/><D76/><AGARI ba="3,1" hai="13,18,20,46,51,53,56,61,67,76,82,86,96,97" machi="76" ten="30,11600,0" yaku="1,1,2,1,7,1,8,1,53,0" doraHai="87" doraHaiUra="6" who="2" fromWho="0" sc="86,-125,291,0,359,135,254,0" owari="-39,-54.0,291,9.0,494,60.0,254,-15.0" /></mjloggm>