<mjloggm ver="2.3"><GO type="169" lobby="0"/><UN n0="%E6%B2%96%E3%83%92%E3%82%AB%E3%83%AB%EF%BC%88%E6%9C%AC%E7%89%A9%EF%BC%89" n1="%63%61%74%6D%65%56%47%43" n2="%67%6F%75%73%69" n3="%79%6F%75%61%6C%70%68%61" dan="16,16,20,17" rate="2059.01,2185.70,2273.30,2152.08" sx="F,M,M,M"/><TAIKYOKU oya="0"/><INIT seed="0,0,0,4,3,34" ten="250,250,250,250" oya="0" hai0="105,90,52,6,92,27,2,37,83,53,1,82,114" hai1="111,18,112,100,128,10,127,47,107,106,31,110,3" hai2="22,60,49,32,29,113,74,24,118,126,109,93,46" hai3="98,15,51,88,101,17,61,134,16,44,108,125,66"/><T40/><D114/><U25/><E112/><V45/><F113/><W35/><G35/><T28/><D105/><U67/><E128/><V65/><F74/><W19/><G108/><N who="1" m="41514" /><E127/><V84/><F109/><W121/><G125/><T96/><D6/><N who="1" m="1375" /><E18/><V58/><F118/><W0/><G0/><T55/><D37/><U7/><E7/><V70/><F126/><W135/><G121/><T87/><D40/><U8/><E8/><V26/><F70/><W23/><G101/><T36/><D36/><U123/><E123/><V91/><REACH who="2" step="1"/><F49/><REACH who="2" ten="250,250,240,250" step="2"/><W48/><G48/><T117/><D117/><U130/><E130/><V63/><F63/><W86/><G135/><T20/><REACH who="0" step="1"/><D83/><REACH who="0" ten="240,250,240,250" step="2"/><U76/><E107/><V94/><F94/><W69/><G134/><T75/><D75/><U119/><E106/><V11/><F11/><W77/><G51/><T41/><D41/><U132/><E132/><V97/><F97/><W33/><G98/><T68/><D68/><U62/><E119/><V81/><F81/><W116/><G116/><T131/><D131/><U57/><E62/><V38/><F38/><W79/><G69/><T99/><D99/><U85/><E85/><V104/><F104/><W71/><G71/><T13/><D13/><U64/><E25/><V80/><F80/><W21/><G15/><T4/><D4/><U9/><E9/><V5/><F5/><W39/><G61/><T102/><AGARI ba="0,2" hai="1,2,20,27,28,52,53,55,82,87,90,92,96,102" machi="102" ten="30,12000,1" yaku="1,1,0,1,52,2,54,1,53,0" doraHai="34" doraHaiUra="129" who="0" fromWho="0" sc="240,140,250,-40,240,-40,250,-40" /><INIT seed="0,1,0,1,4,47" ten="380,210,200,210" oya="0" hai0="77,115,101,48,69,91,55,103,17,38,16,88,26" hai1="116,82,46,128,108,6,131,122,52,79,36,54,41" hai2="129,8,89,68,83,30,5,97,99,61,0,133,86" hai3="132,130,12,31,124,84,19,109,21,134,32,73,2"/><T100/><D69/><U63/><E116/><V64/><F129/><N who="1" m="49737" /><E122/><V9/><F133/><N who="3" m="51307" /><G130/><T81/><D38/><U92/><E108/><V74/><F30/><W10/><G73/><T33/><D115/><U98/><E6/><V44/><F74/><W27/><G84/><N who="0" m="48175" /><D33/><U37/><E37/><V45/><F9/><W106/><G106/><T70/><D70/><U104/><E104/><V66/><F66/><W49/><G109/><T110/><D110/><U72/><E63/><V1/><F1/><W58/><G58/><N who="0" m="33127" /><D17/><U102/><AGARI ba="1,0" hai="36,41,46,52,54,72,79,82,92,98,102" m="49737" machi="102" ten="30,2000,0" yaku="19,1,54,1" doraHai="47" who="1" fromWho="1" sc="380,-11,210,23,200,-6,210,-6" /><INIT seed="1,0,0,5,2,110" ten="369,233,194,204" oya="1" hai0="119,88,41,55,26,40,122,46,13,92,132,85,130" hai1="12,113,126,86,15,117,16,62,95,78,84,47,128" hai2="42,37,43,100,2,59,68,54,45,104,101,35,25" hai3="21,125,17,51,108,58,83,69,118,49,80,1,98"/><U120/><E120/><V29/><F43/><W93/><G69/><T111/><D119/><U48/><E117/><V32/><F2/><W10/><G118/><T124/><D111/><U33/><E33/><V102/><F68/><W34/><G34/><T103/><D122/><U105/><E105/><V60/><REACH who="2" step="1"/><F32/><REACH who="2" ten="369,233,184,204" step="2"/><W14/><G108/><T109/><D109/><U7/><E128/><V75/><F75/><W23/><G1/><T30/><D130/><U135/><E135/><V134/><F134/><W20/><G125/><T52/><D132/><U89/><E126/><V0/><F0/><W133/><G133/><T90/><D124/><U63/><E113/><V114/><F114/><W94/><G58/><T82/><D41/><U6/><E12/><V71/><F71/><W56/><G56/><T107/><D40/><N who="1" m="24679" /><E63/><V44/><F44/><W87/><G51/><T116/><D46/><U123/><E62/><V115/><F115/><W50/><G49/><T64/><D116/><U76/><E123/><V127/><F127/><W27/><G50/><T67/><D13/><U18/><E15/><V72/><F72/><W19/><G14/><T81/><D26/><U96/><E6/><V24/><F24/><W106/><G27/><T53/><D30/><U99/><E7/><V65/><F65/><W73/><G73/><T3/><D3/><U28/><E28/><V22/><F22/><W8/><G21/><T97/><D67/><U131/><E131/><V121/><F121/><W38/><G23/><T5/><D64/><U74/><E74/><V39/><F39/><W70/><G38/><RYUUKYOKU ba="0,1" sc="369,-10,233,-10,184,30,204,-10" hai2="25,29,35,37,42,45,54,59,60,100,101,102,104" /><INIT seed="2,1,1,5,5,43" ten="359,223,214,194" oya="2" hai0="131,91,128,65,9,67,96,135,88,6,72,58,50" hai1="21,27,18,80,55,40,28,52,71,68,90,130,49" hai2="125,38,25,3,57,7,23,42,26,98,2,132,8" hai3="34,121,17,73,48,100,19,97,119,16,83,74,118"/><V112/><F112/><W122/><G34/><T82/><D135/><U106/><E106/><V105/><F125/><W77/><G74/><T75/><D96/><U76/><E130/><N who="0" m="49705" /><D50/><U111/><E111/><V13/><F132/><W79/><G79/><N who="0" m="44391" /><D75/><U113/><E113/><V115/><F115/><W14/><G14/><N who="0" m="5431" /><D65/><U44/><E76/><V116/><F26/><W15/><G15/><T86/><D86/><N who="1" m="50503" /><E71/><V46/><F116/><W134/><G134/><T4/><D4/><U92/><E68/><V22/><F57/><W59/><G59/><T0/><D0/><U87/><E18/><V33/><F33/><W109/><G109/><T127/><D127/><U41/><E41/><V107/><F23/><W69/><G69/><T39/><D39/><U37/><E37/><V78/><F78/><W129/><G129/><T85/><D85/><U133/><E133/><V126/><F126/><W94/><REACH who="3" step="1"/><G48/><REACH who="3" ten="359,223,214,184" step="2"/><T120/><D120/><AGARI ba="1,2" hai="16,17,19,73,77,83,94,97,100,118,119,120,121,122" machi="120" ten="40,5200,0" yaku="1,1,2,1,54,1,53,0" doraHai="43" doraHaiUra="64" who="3" fromWho="0" sc="359,-55,223,0,214,0,184,75" /><INIT seed="3,0,0,2,0,102" ten="304,223,214,259" oya="3" hai0="91,77,93,9,20,94,60,127,111,44,65,25,86" hai1="27,121,75,78,3,52,123,50,74,29,17,109,16" hai2="11,87,99,126,6,10,26,5,90,18,72,130,28" hai3="79,129,55,108,128,117,114,40,8,98,115,95,54"/><W33/><G33/><T12/><D111/><U57/><E109/><V83/><F126/><W48/><G108/><T96/><D127/><U30/><E3/><V43/><F130/><N who="3" m="50283" /><G117/><T88/><D44/><U100/><E100/><V104/><F72/><W58/><G79/><T110/><D77/><U59/><E78/><V119/><F43/><W13/><G40/><T49/><D49/><U62/><E50/><V34/><F119/><W112/><G55/><T89/><D89/><U63/><E27/><V42/><F42/><W84/><G84/><T68/><D110/><U70/><E70/><V37/><F37/><W39/><G39/><T38/><D38/><U101/><E101/><V4/><F99/><W118/><G118/><T66/><D66/><U1/><E1/><V15/><REACH who="2" step="1"/><F104/><REACH who="2" ten="304,223,204,259" step="2"/><W113/><G113/><T69/><D96/><U31/><E31/><V46/><F46/><W61/><G114/><T80/><D86/><U132/><REACH who="1" step="1"/><E52/><REACH who="1" ten="304,213,204,259" step="2"/><V124/><F124/><W106/><G112/><T51/><D65/><U47/><E47/><V81/><F81/><W97/><G115/><T120/><D80/><U116/><E116/><V71/><F71/><W105/><G54/><T125/><D69/><U32/><E32/><V64/><F64/><W19/><G48/><T22/><D51/><U122/><E122/><V135/><F135/><AGARI ba="0,2" hai="16,17,29,30,57,59,62,63,74,75,121,123,132,135" machi="135" ten="25,6400,0" yaku="1,1,22,2,54,1,53,0" doraHai="102" doraHaiUra="45" who="1" fromWho="2" sc="304,0,213,84,204,-64,259,0" /><INIT seed="4,0,0,3,2,81" ten="304,297,140,259" oya="0" hai0="30,49,17,71,64,12,120,124,66,87,28,67,48" hai1="109,125,1,59,22,135,106,77,96,14,85,90,24" hai2="21,105,131,72,134,110,132,86,29,116,37,61,32" hai3="63,54,34,113,31,65,41,60,83,62,8,39,53"/><T117/><D117/><U0/><E109/><V47/><F21/><W27/><G113/><T3/><D3/><U98/><E125/><V133/><F72/><W79/><G65/><T118/><D118/><U108/><E108/><V115/><F110/><W36/><G41/><T19/><D120/><U119/><E119/><V25/><F116/><W16/><G39/><T101/><D101/><U55/><E135/><V10/><F115/><W104/><G104/><T6/><D71/><U52/><E77/><V9/><F105/><W45/><G45/><T7/><D124/><U123/><E123/><V11/><F131/><W38/><G38/><T95/><D12/><U99/><E106/><V82/><F61/><W88/><G36/><T43/><D43/><U102/><E102/><V69/><F69/><W57/><G54/><T44/><D44/><U50/><E14/><V100/><F100/><W114/><G79/><T73/><D73/><U92/><REACH who="1" step="1"/><E55/><REACH who="1" ten="304,287,140,259" step="2"/><V122/><F122/><W13/><REACH who="3" step="1"/><G114/><REACH who="3" ten="304,287,140,249" step="2"/><T78/><D78/><U75/><E75/><V46/><REACH who="2" step="1"/><F37/><REACH who="2" ten="304,287,130,249" step="2"/><W18/><G18/><AGARI ba="0,3" hai="0,1,18,22,24,50,52,59,85,90,92,96,98,99" machi="18" ten="40,5200,0" yaku="1,1,52,1,54,1,53,0" doraHai="81" doraHaiUra="76" who="1" fromWho="3" sc="304,0,287,82,130,0,249,-52" /><INIT seed="5,0,0,5,4,38" ten="304,369,130,197" oya="1" hai0="44,72,49,33,31,58,32,9,89,98,25,18,51" hai1="73,69,3,8,14,130,133,10,15,16,7,116,17" hai2="76,43,5,4,104,6,132,127,120,50,54,107,66" hai3="45,19,88,57,22,119,23,62,83,86,47,75,135"/><U55/><E73/><V59/><F120/><W103/><G135/><T71/><D72/><U84/><E69/><V27/><F132/><W111/><G111/><T109/><D71/><U128/><E133/><V11/><F127/><W61/><G119/><T92/><D109/><U106/><E106/><V29/><F76/><W80/><G103/><T21/><D58/><U41/><E116/><V95/><F66/><W56/><G75/><T123/><D51/><U87/><E55/><V96/><F11/><W28/><G28/><T125/><D125/><U124/><E124/><V122/><F122/><W129/><G129/><N who="1" m="49770" /><E41/><V77/><F77/><W20/><G19/><N who="1" m="7242" /><E87/><V67/><F67/><N who="3" m="39335" /><G83/><T82/><D82/><U121/><E84/><V110/><F110/><W91/><G91/><T46/><D123/><U60/><E60/><V93/><F104/><W94/><G80/><T65/><D65/><AGARI ba="0,0" hai="20,22,23,45,47,57,62,65,86,88,94" m="39335" machi="65" ten="30,2000,0" yaku="8,1,54,1" doraHai="38" who="3" fromWho="0" sc="304,-20,369,0,130,0,197,20" /><INIT seed="6,0,0,5,0,94" ten="284,369,130,217" oya="2" hai0="112,88,65,49,99,37,123,96,81,97,52,91,84" hai1="16,106,90,131,120,45,115,2,116,93,9,58,119" hai2="48,111,17,110,22,76,80,25,12,73,87,92,46" hai3="5,132,67,54,133,89,11,66,40,10,78,50,83"/><V1/><F1/><N who="3" m="303" /><G40/><T85/><D37/><U107/><E115/><V32/><F32/><W63/><G89/><T6/><D112/><U104/><E131/><V101/><F12/><W71/><G63/><T20/><D123/><U127/><E127/><V4/><F4/><W31/><G71/><T125/><D6/><U27/><E2/><V129/><F129/><W29/><G11/><T113/><D125/><U60/><E45/><V26/><F26/><W122/><G29/><T68/><D113/><U103/><E103/><V43/><REACH who="2" step="1"/><F87/><REACH who="2" ten="284,369,120,217" step="2"/><N who="3" m="48631" /><G122/><T44/><D20/><U21/><E120/><V19/><F19/><W8/><G31/><T62/><REACH who="0" step="1"/><D85/><REACH who="0" ten="274,369,120,217" step="2"/><U134/><E9/><V121/><F121/><W51/><G8/><T18/><D18/><U0/><E0/><V79/><F79/><AGARI ba="0,2" hai="44,49,52,62,65,68,79,81,84,88,91,96,97,99" machi="79" ten="40,12000,2" yaku="1,1,52,3,54,2,53,0" doraHai="94" doraHaiUra="135" who="0" fromWho="2" sc="274,140,369,0,120,-120,217,0" /><INIT seed="7,0,0,3,3,99" ten="414,369,0,217" oya="3" hai0="30,94,130,10,124,69,125,38,47,100,65,36,52" hai1="117,67,112,93,101,119,83,60,129,133,3,107,1" hai2="126,68,26,80,37,43,70,19,23,57,74,98,106" hai3="77,17,45,95,7,88,5,62,109,15,102,2,127"/><W108/><G127/><N who="0" m="48715" /><D30/><U16/><E112/><V21/><F43/><W72/><G2/><T6/><D130/><U48/><E107/><V49/><F49/><W59/><G45/><T91/><D100/><U20/><E129/><V64/><F37/><W63/><G77/><T66/><D52/><U134/><E83/><V89/><F126/><W12/><G72/><T14/><D69/><U104/><E104/><V111/><F111/><N who="3" m="42571" /><G62/><T27/><D27/><N who="1" m="14727" /><E48/><V9/><F9/><N who="3" m="6383" /><G12/><T116/><D116/><N who="1" m="44619" /><E60/><V39/><F39/><N who="0" m="14890" /><D47/><U92/><E67/><V90/><F57/><W61/><G61/><T110/><D110/><U96/><E93/><V87/><F64/><N who="3" m="39039" /><G102/><T51/><D51/><U85/><E85/><AGARI ba="0,0" hai="5,7,85,88,95" m="39039,6383,42571" machi="85" ten="30,2900,0" yaku="10,1,54,1" doraHai="99" who="3" fromWho="1" sc="414,0,369,-29,0,0,217,29" /><AGARI ba="0,0" hai="6,10,14,65,66,85,91,94" m="14890,48715" machi="85" ten="30,1000,0" yaku="18,1" doraHai="99" who="0" fromWho="1" sc="414,10,340,-10,0,0,246,0" /><INIT seed="7,1,0,5,5,115" ten="424,330,0,246" oya="3" hai0="55,95,83,73,48,17,52,60,66,99,8,27,29" hai1="112,86,36,19,132,6,111,58,92,96,82,18,127" hai2="13,34,110,32,123,126,68,43,78,21,72,116,59" hai3="70,91,100,0,90,76,61,38,108,64,97,54,47"/><W104/><G108/><T69/><D73/><U89/><E111/><V75/><F59/><W94/><G0/><T15/><D83/><U4/><E112/><V88/><F88/><W10/><G76/><T12/><D12/><U53/><E36/><V33/><F21/><W135/><G135/><T85/><D85/><U124/><E132/><V63/><F63/><W9/><G91/><T50/><D50/><U109/><E109/><V42/><F13/><W125/><G125/><T93/><D55/><U11/><E127/><V57/><F57/><W117/><G117/><T87/><D87/><U46/><E46/><V65/><F65/><W41/><REACH who="3" step="1"/><G54/><REACH who="3" ten="424,330,0,236" step="2"/><T1/><D1/><U24/><E124/><V79/><F126/><W105/><G105/><T80/><D52/><U71/><E71/><V84/><F110/><W114/><G114/><T107/><D107/><U122/><E122/><V128/><F68/><W7/><G7/><T49/><D69/><U131/><E131/><V134/><F134/><W133/><G133/><T130/><D130/><U103/><E4/><V40/><F84/><W28/><G28/><T22/><D29/><U67/><E67/><V31/><F128/><W101/><G101/><T25/><D66/><U35/><E6/><V74/><F31/><W120/><G120/><T37/><D95/><U121/><E121/><V56/><F123/><W81/><G81/><T16/><D80/><U102/><E102/><V44/><F56/><W45/><G45/><T20/><D93/><U62/><E103/><V77/><F44/><W5/><G5/><T26/><D17/><RYUUKYOKU ba="1,1" sc="424,-15,330,-15,0,15,236,15" hai2="32,33,34,40,42,43,72,74,75,77,78,79,116" hai3="9,10,38,41,47,61,64,70,90,94,97,100,104" /><INIT seed="7,2,1,2,2,1" ten="409,315,15,251" oya="3" hai0="18,83,131,127,0,52,110,59,62,79,44,78,25" hai1="42,91,126,10,43,50,128,109,15,63,41,39,26" hai2="38,68,24,75,82,94,80,81,35,31,48,34,56" hai3="60,32,117,113,65,125,54,85,67,135,107,99,58"/><W12/><G117/><T104/><D104/><U23/><E109/><V106/><F106/><W129/><G32/><T4/><D110/><U33/><E128/><V97/><F38/><W30/><G129/><T101/><D131/><U37/><E126/><V111/><F68/><W14/><G125/><T121/><D101/><U123/><E123/><V2/><F2/><W61/><G113/><T89/><D121/><U122/><E122/><V95/><F111/><W120/><G120/><T108/><D108/><U86/><E33/><V47/><F35/><W40/><G40/><T55/><D0/><U8/><E8/><V71/><F71/><W119/><G119/><T77/><D25/><U114/><E114/><V9/><F9/><W17/><G135/><T7/><D18/><U51/><E63/><V29/><F29/><W100/><G30/><T3/><D3/><U103/><E103/><V70/><F70/><W130/><G130/><T69/><D69/><U88/><E91/><N who="2" m="55519" /><F95/><W45/><G45/><T16/><D16/><N who="1" m="12647" /><E39/><V115/><F56/><W84/><G14/><T98/><D127/><U20/><E20/><V49/><F115/><W133/><G133/><T5/><D98/><U19/><E37/><V134/><F134/><W11/><REACH who="3" step="1"/><G54/><REACH who="3" ten="409,315,15,241" step="2"/><N who="0" m="34167" /><D44/><U112/><E112/><V87/><F75/><W6/><G6/><T90/><D83/><AGARI ba="2,2" hai="10,15,19,41,42,43,50,51,83,86,88" m="12647" machi="83" ten="30,3900,0" yaku="8,1,54,2" doraHai="1" who="1" fromWho="0" sc="409,-45,315,65,15,0,241,0" owari="364,16.0,380,48.0,15,-48.0,241,-16.0" /></mjloggm>