<mjloggm ver="2.3"><GO type="169" lobby="0"/><UN n0="%E7%AB%8B%E7%9B%B4%E5%BE%8C%E5%8D%B3%E6%94%BE%E9%8A%83" n1="%E9%B4%A8%E8%91%B1%E5%A4%AA%E9%83%8E" n2="%E3%81%97%E3%82%89%E3%82%86%E3%81%8D%E2%99%AA" n3="%E3%81%A4%E3%81%91%E3%82%82%E3%81%AE" dan="16,17,16,17" rate="2092.45,2173.76,2009.51,2164.70" sx="F,M,M,M"/><TAIKYOKU oya="0"/><INIT seed="0,0,0,5,3,5" ten="250,250,250,250" oya="0" hai0="72,97,60,120,113,37,19,92,75,25,16,64,11" hai1="131,80,57,74,56,61,79,101,10,103,51,76,94" hai2="124,29,127,58,114,17,100,50,81,95,108,55,102" hai3="96,2,34,91,90,52,45,54,133,110,67,0,7"/><T84/><D113/><U116/><E116/><V107/><F107/><W46/><G34/><T30/><D120/><U15/><E131/><V63/><F114/><W14/><G67/><T122/><D122/><U12/><E94/><V65/><F29/><W126/><G133/><T27/><D37/><U6/><E79/><V105/><F105/><W134/><G134/><T33/><D84/><U66/><E57/><V18/><F81/><W20/><G126/><N who="2" m="48169" /><F108/><W24/><G110/><T9/><D25/><U71/><E71/><N who="2" m="42431" /><F95/><W98/><G14/><T3/><D72/><U23/><E51/><V49/><F49/><W125/><G125/><T59/><D75/><U8/><E23/><V78/><F78/><W119/><G20/><T36/><D36/><U47/><E47/><V48/><F48/><W22/><G22/><N who="0" m="15735" /><D3/><U73/><E74/><V32/><F32/><W112/><G24/><T121/><D33/><U86/><E73/><V69/><F69/><W1/><G1/><T31/><D31/><U123/><E123/><V35/><F35/><W135/><G135/><T53/><D64/><U111/><E111/><V26/><F26/><W4/><REACH who="3" step="1"/><G112/><REACH who="3" ten="250,250,250,240" step="2"/><T39/><D121/><U82/><REACH who="1" step="1"/><E80/><REACH who="1" ten="250,240,250,240" step="2"/><V44/><F44/><W40/><G40/><T41/><D41/><U70/><E70/><V42/><F42/><W38/><G38/><T89/><D39/><U88/><E88/><V87/><F58/><W117/><AGARI ba="0,2" hai="0,2,4,7,45,46,52,54,90,91,96,98,117,119" machi="117" ten="25,8000,1" yaku="1,1,0,1,22,2,54,1,53,0" doraHai="5" doraHaiUra="104" who="3" fromWho="3" sc="250,-40,240,-20,250,-20,240,100" /><INIT seed="1,0,0,0,5,135" ten="210,220,230,340" oya="1" hai0="8,94,123,37,132,38,25,117,105,30,61,131,107" hai1="85,39,64,65,1,83,29,57,96,111,26,128,16" hai2="109,45,82,14,70,60,40,55,110,100,122,91,116" hai3="18,49,88,11,125,47,106,59,75,48,24,114,121"/><U68/><E1/><V32/><F32/><W62/><G121/><T34/><D117/><U13/><E39/><V77/><F100/><W4/><G114/><T92/><D123/><U67/><E68/><V112/><F116/><W74/><G106/><T22/><D132/><U133/><E133/><V84/><F122/><W9/><G75/><T90/><D131/><U36/><E36/><V5/><F112/><W2/><G74/><T104/><D34/><U78/><E128/><V41/><F70/><W134/><G134/><T71/><D92/><U101/><E111/><V127/><F5/><W95/><G47/><T130/><D130/><U80/><E83/><V28/><F14/><W35/><G35/><T102/><D8/><U15/><E57/><V42/><F28/><W76/><G76/><T89/><D89/><U73/><E73/><V0/><F0/><W72/><G72/><T44/><D44/><U97/><E29/><V27/><F27/><W120/><G120/><T113/><D102/><U115/><E115/><V99/><F60/><W12/><G24/><T56/><D71/><U31/><E31/><V118/><F118/><W81/><G81/><T87/><REACH who="0" step="1"/><D113/><REACH who="0" ten="200,220,230,340" step="2"/><U86/><E101/><V3/><F45/><W52/><G95/><T119/><D119/><U6/><E78/><V51/><F77/><W7/><G88/><T63/><D63/><U124/><E80/><V93/><F91/><W79/><G79/><T58/><D58/><U19/><E6/><V10/><F82/><W54/><G7/><T50/><D50/><N who="3" m="19561" /><G54/><AGARI ba="0,1" hai="22,25,30,37,38,54,56,61,87,90,94,104,105,107" machi="54" ten="40,2600,0" yaku="1,1,53,1" doraHai="135" doraHaiUra="17" who="0" fromWho="3" sc="200,36,220,0,230,0,340,-26" /><INIT seed="2,0,0,1,3,19" ten="236,220,230,314" oya="2" hai0="108,52,62,36,126,13,100,92,47,57,25,74,93" hai1="29,22,82,32,34,3,109,37,113,134,55,80,24" hai2="125,50,78,102,117,104,118,4,129,31,84,76,73" hai3="94,65,8,116,23,110,61,5,119,123,83,135,67"/><V107/><F4/><W120/><G83/><T27/><D126/><U53/><E37/><V33/><F33/><W70/><G110/><T40/><D108/><U56/><E3/><V6/><F6/><W79/><G135/><T115/><D115/><U59/><E109/><V46/><F31/><W87/><G79/><T72/><D13/><U11/><E134/><V14/><F14/><W81/><G94/><T88/><D93/><U121/><E121/><V97/><F46/><W43/><G43/><T38/><D100/><U44/><E44/><V71/><F50/><W89/><G67/><T1/><D1/><U7/><E113/><V128/><F71/><W30/><G123/><T75/><REACH who="0" step="1"/><D38/><REACH who="0" ten="226,220,230,314" step="2"/><U60/><E34/><V63/><F125/><W133/><G120/><T49/><D49/><U99/><E32/><V48/><F48/><W28/><G133/><T103/><D103/><U132/><E132/><V18/><F102/><W68/><G119/><T95/><D95/><U26/><E26/><V58/><F118/><W124/><G116/><T2/><D2/><U15/><E99/><AGARI ba="0,1" hai="25,27,36,40,47,52,57,62,72,74,75,88,92,99" machi="99" ten="40,5200,0" yaku="1,1,54,2,53,0" doraHai="19" doraHaiUra="122" who="0" fromWho="1" sc="226,62,220,-52,230,0,314,0" /><INIT seed="3,0,0,4,4,6" ten="288,168,230,314" oya="3" hai0="97,78,59,117,8,17,132,134,109,122,34,64,112" hai1="76,90,30,56,95,63,15,99,5,121,44,54,33" hai2="40,129,52,116,135,29,94,45,89,96,106,7,69" hai3="35,14,128,50,4,126,88,12,62,49,81,82,102"/><W58/><G128/><T87/><D117/><U68/><E68/><V77/><F116/><W72/><G35/><T71/><D122/><U61/><E121/><V80/><F135/><W73/><G126/><T11/><D109/><U23/><E76/><V27/><F69/><W47/><G102/><T84/><D112/><U70/><E33/><V55/><F106/><W98/><G73/><T26/><D71/><U91/><E70/><V31/><F7/><W108/><G108/><T75/><D97/><U0/><E0/><V83/><F83/><W2/><G2/><T25/><D75/><U22/><E63/><V10/><F31/><W119/><G119/><T115/><D115/><U19/><E5/><V57/><F57/><W110/><G110/><T36/><D36/><U114/><E114/><V118/><F10/><N who="0" m="3626" /><D17/><U125/><E44/><V21/><F118/><W60/><G98/><T67/><D78/><U131/><E131/><V86/><F129/><W41/><G72/><T38/><D38/><AGARI ba="0,0" hai="21,27,29,38,40,45,52,55,77,80,86,89,94,96" machi="38" ten="30,2000,0" yaku="7,1,54,1" doraHai="6" who="2" fromWho="0" sc="288,-20,168,0,230,20,314,0" /><INIT seed="4,0,0,4,4,64" ten="268,168,250,314" oya="0" hai0="94,41,109,88,12,20,103,125,56,115,2,36,91" hai1="42,96,3,114,29,47,6,31,74,39,75,69,80" hai2="131,0,50,123,130,33,133,105,46,76,99,87,48" hai3="43,90,128,21,101,120,112,49,17,57,65,95,77"/><T116/><D116/><U52/><E114/><V9/><F33/><W119/><G112/><T38/><D115/><U13/><E13/><V89/><F123/><W83/><G128/><T102/><D2/><U135/><E135/><V8/><F0/><W5/><G101/><T92/><D125/><U54/><E75/><V66/><F66/><W63/><G120/><T86/><D109/><U121/><E121/><V81/><F133/><W60/><G5/><T84/><D56/><U4/><E4/><V30/><F30/><W127/><G127/><T104/><D104/><U111/><E111/><V55/><F50/><W132/><G132/><T1/><D1/><U27/><E96/><V71/><F71/><W62/><G43/><T100/><D41/><U32/><E31/><V70/><F70/><W10/><G10/><T118/><D118/><U113/><E69/><V35/><F35/><W82/><G49/><T53/><D53/><U67/><E67/><V11/><REACH who="2" step="1"/><F89/><REACH who="2" ten="268,168,240,314" step="2"/><W18/><G90/><T24/><D12/><U59/><E113/><V44/><F44/><W7/><G65/><T28/><AGARI ba="0,1" hai="20,24,28,36,38,84,86,88,91,92,94,100,102,103" machi="28" ten="30,6000,0" yaku="0,1,9,1,54,1" doraHai="64" who="0" fromWho="0" sc="268,70,168,-20,240,-20,314,-20" /><INIT seed="4,1,0,3,3,16" ten="338,148,220,294" oya="0" hai0="132,24,87,0,56,2,38,72,73,50,96,107,88" hai1="22,102,36,54,91,112,17,127,7,59,46,65,92" hai2="120,6,84,83,42,106,78,13,19,113,39,69,31" hai3="12,105,53,89,129,20,55,57,68,47,85,130,32"/><T116/><D116/><U66/><E127/><V51/><F69/><W124/><G32/><T114/><D38/><U33/><E33/><V94/><F120/><W80/><G105/><T98/><D56/><U34/><E34/><V125/><F106/><W44/><G68/><T93/><D50/><U61/><E7/><V77/><F39/><W121/><G124/><T48/><D48/><U117/><E117/><V18/><F31/><W25/><G12/><T115/><D24/><U5/><E5/><V4/><F78/><W95/><G121/><T58/><D58/><U104/><E104/><V71/><F71/><W63/><G55/><T101/><D0/><U110/><E102/><V122/><F122/><W45/><REACH who="3" step="1"/><G80/><REACH who="3" ten="338,148,220,284" step="2"/><N who="0" m="49255" /><D2/><U75/><E110/><V86/><F13/><W23/><G23/><T26/><D26/><U35/><E35/><V9/><F125/><W111/><G111/><T82/><D82/><U123/><E123/><V109/><F109/><W128/><G128/><T90/><D132/><U21/><E21/><V1/><F1/><W64/><G64/><T15/><D15/><U41/><E66/><V37/><F83/><W60/><G60/><T29/><D29/><AGARI ba="1,1" hai="20,25,29,44,45,47,53,57,63,85,89,95,129,130" machi="29" ten="40,2600,0" yaku="1,1,52,1,53,0" doraHai="16" doraHaiUra="74" who="3" fromWho="0" sc="338,-29,148,0,220,0,284,39" /><INIT seed="5,0,0,3,0,82" ten="309,148,220,323" oya="1" hai0="74,129,102,124,87,91,4,47,63,53,69,113,120" hai1="133,44,83,21,29,92,106,78,110,36,100,121,24" hai2="22,93,30,3,50,46,31,114,104,105,5,35,7" hai3="95,42,57,73,1,66,33,64,89,59,128,55,58"/><U60/><E121/><V122/><F35/><W79/><G1/><T112/><D120/><U94/><E110/><V135/><F122/><W86/><G33/><T34/><D34/><U26/><E133/><V132/><F93/><W77/><G42/><T90/><D74/><U127/><E127/><V72/><F72/><W14/><G73/><T48/><D124/><U97/><E36/><V71/><F71/><W101/><G101/><T17/><D102/><U88/><E44/><V80/><F22/><W130/><G55/><T8/><D91/><U109/><E109/><V16/><F80/><W65/><G14/><T107/><D129/><AGARI ba="0,0" hai="57,58,59,64,65,66,77,79,86,89,95,128,129,130" machi="129" ten="50,3200,0" yaku="19,1,52,1" doraHai="82" who="3" fromWho="0" sc="309,-32,148,0,220,0,323,32" /><INIT seed="6,0,0,2,4,9" ten="277,148,220,355" oya="2" hai0="103,37,24,110,50,80,95,33,88,41,70,132,83" hai1="130,82,60,67,2,73,122,26,59,57,62,79,108" hai2="6,106,111,20,34,93,124,10,15,58,91,48,49" hai3="96,123,47,131,36,90,54,56,31,27,53,126,68"/><V30/><F124/><W18/><G123/><T129/><D110/><U81/><E2/><V87/><F106/><W104/><G68/><T102/><D70/><U134/><E122/><V72/><F72/><W125/><G131/><T46/><D37/><U66/><E130/><V64/><F111/><W35/><G18/><T32/><D129/><U52/><E108/><V11/><F34/><W25/><G25/><T4/><D4/><U105/><E105/><V13/><F20/><W14/><G14/><T78/><D132/><U84/><E26/><V63/><F30/><W44/><G36/><T28/><D33/><U69/><E134/><V107/><F107/><W112/><G54/><T61/><D61/><U99/><E99/><V29/><F29/><W55/><G53/><T117/><D117/><U120/><E120/><V113/><F113/><W76/><G76/><T74/><REACH who="0" step="1"/><D80/><REACH who="0" ten="267,148,220,355" step="2"/><U45/><E69/><V43/><F43/><W8/><G35/><T115/><D115/><U121/><E121/><V127/><F127/><W86/><G112/><T119/><D119/><U51/><REACH who="1" step="1"/><E81/><REACH who="1" ten="267,138,220,355" step="2"/><V75/><F75/><AGARI ba="0,2" hai="45,51,52,57,59,60,62,66,67,73,75,79,82,84" machi="75" ten="40,8000,1" yaku="1,1,2,1,9,1,54,1,53,0" doraHai="9" doraHaiUra="116" who="1" fromWho="2" sc="267,0,138,100,220,-80,355,0" /><INIT seed="7,0,0,0,5,70" ten="267,238,140,355" oya="3" hai0="93,73,87,11,7,95,13,54,80,86,14,30,92" hai1="36,120,100,68,33,42,27,50,18,17,71,107,129" hai2="44,118,60,69,51,105,12,90,39,102,110,117,119" hai3="15,56,106,28,65,78,8,1,52,83,135,22,98"/><W34/><G65/><T77/><D30/><U123/><E50/><V115/><F105/><W10/><G34/><T24/><D24/><U112/><E129/><V82/><F102/><W133/><G106/><T66/><D66/><U131/><E131/><V20/><F90/><W67/><G67/><T125/><D125/><U3/><E3/><V21/><F12/><W104/><G104/><T94/><N who="0" m="23552" /><DORA hai="16" /><T6/><REACH who="0" step="1"/><D54/><REACH who="0" ten="257,238,140,355" step="2"/><U99/><E123/><V32/><F110/><W0/><G98/><T62/><D62/><U96/><E99/><V108/><F108/><W4/><G52/><T81/><D81/><U55/><E120/><V9/><F115/><W122/><G122/><T101/><D101/><U31/><E112/><V103/><F82/><W59/><G83/><T74/><D74/><U114/><E114/><V40/><F103/><W91/><G28/><T63/><D63/><U41/><E55/><V111/><F111/><W127/><G127/><T72/><D72/><U97/><E97/><V130/><F130/><W113/><G113/><T85/><D85/><U132/><E42/><V76/><F69/><W116/><G135/><T2/><D2/><U19/><REACH who="1" step="1"/><E132/><REACH who="1" ten="257,228,140,355" step="2"/><V134/><F134/><W26/><G133/><T57/><D57/><U49/><E49/><V23/><F51/><W53/><G59/><T84/><D84/><U5/><E5/><V47/><F118/><W88/><G0/><T45/><D45/><AGARI ba="0,2" hai="17,18,19,27,31,33,36,41,45,68,71,96,100,107" machi="45" ten="40,2600,0" yaku="1,1,52,1,53,0" doraHai="70,16" doraHaiUra="79,126" who="1" fromWho="0" sc="257,-26,228,46,140,0,355,0" owari="231,-17.0,274,7.0,140,-36.0,355,46.0" /></mjloggm>