<mjloggm ver="2.3"><GO type="225" lobby="0"/><UN n0="%E3%82%8C%E3%81%A3%E3%81%A9%E3%81%A9%E3%81%A3%E3%81%90" n1="%E3%82%A4%E3%83%8A%E3%82%BA%E3%83%9E%E8%91%AC%E5%84%80" n2="%E9%BA%BB%E9%9B%80%E5%A4%AA%E9%83%8E" n3="%E9%BA%BB%E9%9B%80%E3%81%9F%E3%81%AE%E3%81%97" dan="16,17,17,16" rate="2068.27,2241.54,2189.86,2149.66" sx="F,F,M,F"/><TAIKYOKU oya="0"/><INIT seed="0,0,0,3,0,6" ten="250,250,250,250" oya="0" hai0="130,33,112,50,102,108,77,120,89,52,7,133,128" hai1="5,119,39,105,4,25,60,26,37,24,65,109,62" hai2="125,42,63,13,132,75,2,32,78,68,59,99,126" hai3="8,82,107,83,74,3,44,40,127,23,81,30,14"/><T110/><D33/><U16/><E119/><V111/><F2/><W27/><G3/><T64/><D112/><U103/><E109/><N who="0" m="42089" /><D120/><U94/><E105/><V34/><F111/><W69/><G107/><T11/><D102/><U76/><E76/><V15/><F68/><W85/><G74/><T96/><D64/><U100/><E94/><V66/><F42/><W114/><G114/><T87/><D96/><U117/><E25/><V22/><F132/><W61/><G127/><N who="2" m="48649" /><F99/><W122/><G122/><T19/><D19/><U104/><E104/><V97/><F97/><W92/><G69/><T79/><D133/><U88/><E16/><N who="2" m="10511" /><F15/><W134/><G134/><T73/><D73/><U35/><E35/><V18/><F18/><W113/><G113/><T57/><D77/><U80/><E117/><V124/><F124/><W93/><G85/><T67/><D79/><U10/><E39/><V71/><F71/><W21/><G21/><T131/><D67/><U121/><E65/><V58/><F58/><W129/><G40/><T17/><D17/><U115/><E115/><V36/><F36/><W38/><G44/><T101/><D101/><U46/><E37/><V41/><F41/><W28/><G38/><T55/><D50/><U45/><E121/><V53/><F66/><W86/><G86/><T47/><D57/><U84/><E84/><V20/><F20/><W90/><G23/><T72/><D47/><U116/><E116/><V43/><F43/><W70/><G70/><T135/><D135/><U54/><E46/><V48/><F48/><W9/><G30/><T31/><D31/><RYUUKYOKU ba="0,0" sc="250,-10,250,-10,250,30,250,-10" hai2="32,34,53,59,63,75,78" /><INIT seed="1,1,0,3,1,19" ten="240,240,280,240" oya="1" hai0="76,46,1,43,5,132,135,120,95,114,68,41,133" hai1="124,37,48,121,16,55,72,83,105,12,92,123,96" hai2="122,129,6,80,130,60,7,78,110,91,49,56,52" hai3="85,67,107,0,79,88,128,57,45,106,69,40,20"/><U108/><E105/><V34/><F122/><W70/><G0/><T32/><D114/><U125/><E37/><V28/><F110/><W66/><G128/><N who="2" m="49257" /><F91/><W58/><G79/><T10/><D32/><U87/><E72/><N who="2" m="43079" /><F60/><W39/><G106/><T126/><D76/><U42/><E42/><V89/><F89/><W15/><G107/><T134/><D120/><U82/><E108/><V30/><F34/><W94/><G58/><T27/><D41/><U75/><E75/><V86/><F86/><W102/><G102/><T38/><D95/><U31/><E87/><V47/><F47/><W14/><G57/><T26/><N who="0" m="33792" /><DORA hai="4" /><T21/><D68/><U131/><E131/><V53/><F53/><W3/><G3/><T36/><D36/><U109/><E109/><V111/><F111/><W35/><G35/><T18/><REACH who="0" step="1"/><D126/><REACH who="0" ten="230,240,280,240" step="2"/><N who="1" m="48747" /><E123/><V29/><AGARI ba="1,1" hai="6,7,28,29,30,49,52,56" m="43079,49257" machi="29" ten="30,2000,0" yaku="19,1,54,1" doraHai="19,4" who="2" fromWho="2" sc="230,-6,240,-11,280,33,240,-6" /><INIT seed="2,0,0,5,1,17" ten="224,229,313,234" oya="2" hai0="49,12,56,32,123,108,28,25,112,95,16,100,101" hai1="70,7,122,43,133,96,52,22,48,3,91,55,118" hai2="120,8,102,88,97,134,37,59,50,2,38,46,62" hai3="78,26,11,135,76,127,92,116,80,110,130,81,75"/><V74/><F120/><W98/><G116/><T115/><D123/><U24/><E118/><V126/><F74/><W72/><G110/><T85/><D108/><U20/><E70/><V39/><F134/><W36/><G36/><T6/><D6/><U65/><E133/><V103/><F126/><W93/><G135/><T60/><D49/><U35/><E35/><V18/><F2/><W27/><G127/><T5/><D5/><U9/><E65/><V21/><F8/><W132/><G132/><T47/><D47/><N who="1" m="25727" /><E3/><V4/><F4/><W79/><G130/><T99/><D85/><U104/><E104/><V124/><F124/><W19/><G79/><T13/><D13/><N who="1" m="5311" /><E122/><V51/><F103/><W1/><G1/><T111/><D101/><U129/><E129/><V68/><F68/><W82/><G75/><T41/><D41/><U131/><E131/><V114/><F102/><W45/><G72/><T69/><D69/><U63/><E24/><N who="3" m="9258" /><G98/><T119/><D119/><U33/><E33/><V40/><F97/><W30/><G45/><T42/><D42/><U44/><E44/><V117/><F117/><W66/><G66/><N who="0" m="39175" /><D111/><U83/><E96/><V31/><F40/><W14/><G30/><T10/><D32/><U15/><E15/><V106/><F31/><W23/><G11/><T77/><D77/><U107/><E107/><V67/><F106/><W0/><G0/><T113/><D113/><U121/><E121/><V61/><F46/><W54/><G54/><N who="1" m="20522" /><E63/><V53/><F114/><W94/><AGARI ba="0,0" hai="14,19,23,76,78,80,81,82,92,93,94" m="9258" machi="94" ten="40,2700,0" yaku="8,1,52,1" doraHai="17" who="3" fromWho="3" sc="224,-7,229,-7,313,-13,234,27" /><INIT seed="3,0,0,0,4,6" ten="217,222,300,261" oya="3" hai0="119,51,57,63,112,88,108,39,123,11,70,66,117" hai1="98,87,41,38,133,132,19,42,71,106,97,67,45" hai2="82,17,10,64,107,95,5,22,85,76,125,49,20" hai3="90,31,115,15,34,131,96,48,50,80,56,116,83"/><W65/><G116/><T103/><D123/><U105/><E42/><V7/><F107/><N who="1" m="40969" /><E19/><V62/><F125/><W114/><G131/><T127/><D112/><U101/><E101/><V43/><F95/><W32/><G32/><T130/><D103/><U86/><E67/><V59/><F10/><W69/><G69/><T79/><D79/><U47/><E47/><N who="2" m="25855" /><F22/><W54/><G34/><T8/><D39/><U99/><E71/><V25/><AGARI ba="0,0" hai="5,7,17,20,25,59,62,64,76,82,85" m="25855" machi="25" ten="30,1100,0" yaku="8,1" doraHai="6" who="2" fromWho="2" sc="217,-3,222,-3,300,11,261,-5" owari="214,-29.0,219,-18.0,311,41.0,256,6.0" /></mjloggm>