<mjloggm ver="2.3"><GO type="169" lobby="0"/><UN n0="%63%61%74%6D%65%56%47%43" n1="%E5%8F%A4%E6%B8%85%E6%B0%B4%E6%80%9C" n2="%E5%B0%8F%E6%89%8B%E8%BF%94%E6%92%B2%E6%BB%85%E4%BC%9A%E9%95%B7" n3="%6D%75%63%68" dan="16,17,17,16" rate="2191.61,2132.91,2160.56,2008.79" sx="M,F,F,M"/><TAIKYOKU oya="0"/><INIT seed="0,0,0,3,0,60" ten="250,250,250,250" oya="0" hai0="62,36,31,9,48,83,34,63,55,30,50,27,113" hai1="2,6,46,130,73,82,123,15,37,43,87,76,97" hai2="56,88,122,101,57,126,106,129,51,19,103,8,79" hai3="77,45,118,25,18,35,131,21,78,68,32,120,80"/><T116/><D116/><U84/><E130/><V42/><F122/><W91/><G118/><T95/><D113/><U23/><E123/><V38/><F129/><W33/><G120/><T96/><D36/><U81/><E97/><V127/><F38/><W89/><G131/><T114/><D114/><U52/><E82/><V112/><F79/><W26/><G68/><T67/><D31/><U12/><E23/><V117/><F112/><W3/><G3/><T44/><D9/><N who="1" m="2263" /><E52/><N who="2" m="31775" /><F106/><W98/><G78/><T5/><D5/><U128/><E128/><V53/><F42/><W132/><G45/><T109/><D109/><U11/><E15/><N who="2" m="7655" /><F88/><W115/><G115/><T134/><D134/><U58/><E58/><V59/><F59/><W107/><G91/><T72/><D50/><U7/><AGARI ba="0,0" hai="7,11,12,37,43,46,73,76,81,84,87" m="2263" machi="7" ten="30,1100,0" yaku="25,1" doraHai="60" who="1" fromWho="1" sc="250,-5,250,11,250,-3,250,-3" /><INIT seed="1,0,0,0,2,89" ten="245,261,247,247" oya="1" hai0="119,130,27,103,108,125,90,76,122,24,11,74,88" hai1="67,106,29,126,36,104,98,68,85,133,48,53,70" hai2="51,129,131,117,14,79,8,50,60,69,2,21,49" hai3="107,116,22,19,77,97,57,20,111,32,25,128,134"/><U35/><E36/><V100/><F117/><W72/><G116/><T15/><D119/><U71/><E133/><V94/><F2/><W56/><G134/><T5/><D108/><U124/><E67/><V30/><F79/><W44/><G32/><T96/><D130/><U4/><E4/><V23/><F60/><W114/><G114/><T1/><D125/><N who="1" m="48235" /><E85/><V78/><F78/><W127/><G128/><N who="2" m="49225" /><F69/><W42/><G111/><T109/><D122/><U52/><E98/><N who="2" m="59479" /><F30/><W62/><G97/><T58/><D58/><N who="1" m="33031" /><E53/><V84/><F84/><W91/><G127/><T59/><D59/><U95/><E95/><V41/><F41/><W113/><G57/><T55/><D55/><U82/><E82/><V12/><F12/><W65/><G56/><T28/><D109/><U83/><E83/><V7/><AGARI ba="0,0" hai="7,8,14,21,23,49,50,51" m="59479,49225" machi="7" ten="30,2000,0" yaku="19,1,52,1" doraHai="89" who="2" fromWho="2" sc="245,-5,261,-10,247,20,247,-5" /><INIT seed="2,0,0,2,1,125" ten="240,251,267,242" oya="2" hai0="111,33,92,84,16,65,36,21,0,3,100,86,2" hai1="128,45,97,11,47,114,102,60,127,53,121,81,120" hai2="38,61,123,117,87,88,78,25,118,48,7,51,72" hai3="73,9,110,130,18,122,56,75,70,5,41,89,113"/><V67/><F123/><N who="1" m="47177" /><E114/><V83/><F38/><W96/><G122/><T12/><D111/><U35/><E127/><V26/><F7/><W63/><G70/><T69/><D33/><U17/><E35/><V116/><F48/><W30/><G110/><T32/><D32/><U82/><E128/><V108/><F51/><W64/><G113/><T10/><D36/><U66/><E11/><V68/><REACH who="2" step="1"/><F108/><REACH who="2" ten="240,251,257,242" step="2"/><W62/><G5/><T43/><D0/><U37/><E37/><V98/><F98/><W134/><G96/><N who="0" m="59399" /><D2/><U129/><E97/><V6/><F6/><W133/><G133/><T27/><D3/><U52/><E47/><V95/><AGARI ba="0,1" hai="25,26,61,67,68,72,78,83,87,88,95,116,117,118" machi="95" ten="30,12000,1" yaku="1,1,0,1,54,1,53,2" doraHai="125" doraHaiUra="22" who="2" fromWho="2" sc="240,-40,251,-40,257,130,242,-40" /><INIT seed="2,1,0,1,3,122" ten="200,211,387,202" oya="2" hai0="60,50,2,33,118,87,16,92,58,65,100,0,56" hai1="84,74,36,1,40,88,6,91,114,63,57,103,115" hai2="68,112,133,125,28,97,24,49,127,43,29,41,135" hai3="78,77,75,44,35,37,11,106,128,51,124,46,121"/><V132/><F68/><W14/><G121/><T19/><D33/><U107/><E74/><V61/><F112/><W4/><G128/><T18/><D118/><U111/><E1/><V72/><F72/><W20/><G124/><N who="2" m="47689" /><F61/><W42/><G106/><T134/><D134/><U62/><E40/><N who="2" m="15435" /><F97/><W9/><G35/><T70/><D70/><U38/><E38/><V30/><F49/><W3/><G75/><T10/><D0/><U26/><E36/><V98/><F98/><W66/><G66/><T93/><D100/><U81/><E62/><V53/><F53/><W94/><G37/><T95/><D2/><U123/><E103/><V99/><F99/><W69/><G69/><T104/><D104/><U7/><E107/><V59/><F59/><W110/><G42/><T12/><D87/><U5/><E123/><V34/><AGARI ba="1,0" hai="24,28,29,30,34,132,133,135" m="15435,47689" machi="34" ten="40,3900,0" yaku="20,1,18,1" doraHai="122" who="2" fromWho="2" sc="200,-14,211,-14,387,42,202,-14" /><INIT seed="2,2,0,1,1,74" ten="186,197,429,188" oya="2" hai0="58,132,14,129,24,108,122,123,98,0,87,2,86" hai1="25,50,88,104,53,121,45,31,81,39,92,65,79" hai2="46,83,54,42,28,82,91,57,15,3,35,110,16" hai3="114,32,37,109,117,62,111,11,44,130,36,38,33"/><V29/><F3/><W56/><G117/><T93/><D108/><N who="3" m="41545" /><G130/><T6/><D132/><U116/><E121/><V107/><F107/><W97/><G114/><T5/><D14/><U20/><E104/><V78/><F91/><W77/><G97/><T85/><D24/><U4/><E65/><V23/><F83/><W75/><G11/><T43/><D43/><U9/><E39/><V19/><F35/><N who="3" m="13387" /><G75/><T21/><D21/><U52/><E116/><V115/><F19/><W112/><G112/><T95/><D58/><U18/><E18/><V41/><F115/><W55/><G77/><T99/><REACH who="0" step="1"/><D85/><REACH who="0" ten="176,197,429,188" step="2"/><N who="1" m="48319" /><E9/><V26/><F26/><W106/><G106/><T17/><D17/><U118/><E118/><V72/><F110/><W128/><G128/><AGARI ba="2,1" hai="0,2,5,6,86,87,93,95,98,99,122,123,128,129" machi="128" ten="25,8000,1" yaku="1,1,22,2,53,2" doraHai="74" doraHaiUra="90" who="0" fromWho="3" sc="176,96,197,0,429,0,188,-86" /><INIT seed="3,0,0,1,5,84" ten="272,197,429,102" oya="3" hai0="105,80,10,121,56,46,107,131,61,47,115,83,12" hai1="59,85,5,78,120,49,108,26,125,74,60,70,1" hai2="119,25,62,129,72,53,50,110,4,31,130,123,24" hai3="9,94,112,73,96,103,86,106,104,7,134,90,102"/><W41/><G112/><T113/><D121/><U97/><E74/><V75/><F119/><W22/><G134/><T89/><D131/><U16/><E70/><V93/><F110/><W64/><G64/><T44/><D83/><U132/><E120/><V128/><F123/><W114/><G114/><N who="0" m="43531" /><D89/><U27/><E5/><V117/><F117/><W88/><G73/><T99/><D99/><U23/><E1/><V82/><F62/><W8/><G22/><T81/><D81/><N who="1" m="47287" /><E125/><V111/><F111/><W21/><G41/><T116/><D80/><U109/><E109/><V68/><F68/><W67/><G67/><N who="0" m="39335" /><D116/><U13/><E132/><V42/><F42/><W33/><G33/><T135/><D135/><U0/><E0/><V92/><F4/><AGARI ba="0,0" hai="4,10,12,44,46,47,105,107" m="39335,43531" machi="4" ten="30,1000,0" yaku="11,1" doraHai="84" who="0" fromWho="2" sc="272,10,197,0,429,-10,102,0" /><INIT seed="4,0,0,4,1,76" ten="282,197,419,102" oya="0" hai0="86,126,20,130,39,18,61,52,13,83,4,0,19" hai1="68,42,29,108,122,3,41,30,40,47,88,49,81" hai2="120,70,9,34,60,8,36,132,58,128,135,75,94" hai3="85,1,93,67,87,7,109,2,24,111,124,92,35"/><T121/><D121/><U33/><E68/><V89/><F120/><W51/><G124/><T112/><D39/><U71/><E71/><V99/><F36/><W56/><G35/><T46/><D126/><U38/><E3/><V32/><F70/><W54/><G24/><T105/><D105/><U127/><E127/><V110/><F75/><W133/><G133/><N who="2" m="51273" /><F128/><W53/><G67/><T82/><D112/><U104/><E104/><V116/><F110/><W98/><G7/><T84/><D130/><U96/><E108/><V22/><F22/><W114/><G51/><N who="0" m="28791" /><D0/><U65/><E65/><N who="2" m="39063" /><F116/><W131/><G131/><T117/><D61/><U27/><E30/><V119/><F119/><W95/><G56/><T28/><D117/><U97/><E122/><V31/><F31/><W102/><G114/><T12/><D28/><U21/><E33/><AGARI ba="0,0" hai="8,9,32,33,34,89,94,99" m="39063,51273" machi="33" ten="30,1000,0" yaku="20,1" doraHai="76" who="2" fromWho="1" sc="282,0,197,-10,419,10,102,0" /><INIT seed="5,0,0,2,0,15" ten="282,187,429,102" oya="1" hai0="77,129,61,40,57,19,34,82,35,94,97,21,84" hai1="13,53,116,113,66,37,7,69,133,103,20,11,18" hai2="126,47,36,22,128,70,127,6,135,78,50,122,81" hai3="28,49,29,111,118,89,31,60,75,8,55,134,100"/><U48/><E37/><V101/><F122/><W130/><G111/><T2/><D129/><U105/><E113/><V63/><F101/><W43/><G118/><T26/><D2/><U33/><E116/><V56/><F6/><W112/><G112/><T121/><D121/><U1/><E133/><V79/><F128/><W124/><G130/><T42/><D34/><U72/><E72/><V4/><F4/><W5/><G124/><T86/><D86/><U39/><E39/><V131/><F131/><W9/><G75/><T114/><D35/><U14/><E33/><V41/><F135/><W106/><G43/><T102/><REACH who="0" step="1"/><D114/><REACH who="0" ten="272,187,429,102" step="2"/><U27/><E1/><V74/><F74/><W93/><G134/><T119/><D119/><U67/><E69/><V104/><F70/><W110/><G110/><T12/><D12/><U44/><REACH who="1" step="1"/><E27/><REACH who="1" ten="272,177,429,102" step="2"/><V132/><F132/><W107/><G107/><T0/><D0/><U123/><E123/><V58/><F104/><W32/><G106/><T115/><D115/><U24/><E24/><V25/><F25/><W109/><G32/><T30/><D30/><U46/><E46/><V38/><F47/><N who="3" m="28095" /><G109/><T95/><D95/><U91/><E91/><V98/><F127/><W17/><G89/><T52/><AGARI ba="0,2" hai="19,21,26,40,42,52,57,61,77,82,84,94,97,102" machi="52" ten="20,12000,2" yaku="1,1,0,1,7,1,8,1,52,1,54,1,53,0" doraHai="15" doraHaiUra="3" who="0" fromWho="0" sc="272,140,177,-60,429,-30,102,-30" /><INIT seed="6,0,0,4,3,29" ten="412,117,399,72" oya="2" hai0="129,85,108,47,112,0,73,101,27,99,9,93,44" hai1="128,56,90,91,7,1,16,84,62,105,42,88,120" hai2="124,77,123,126,35,127,67,82,109,92,13,5,66" hai3="20,38,110,116,26,113,15,119,118,51,125,59,55"/><V76/><F123/><W95/><G110/><T18/><D108/><U70/><E70/><V80/><F109/><W71/><G71/><T2/><D73/><U78/><E105/><V4/><F92/><W132/><G125/><T22/><D112/><U117/><E117/><V17/><F17/><W32/><G38/><T3/><D129/><U134/><E42/><V28/><F28/><W25/><G132/><T60/><D60/><U103/><E103/><V46/><F46/><W57/><G113/><T19/><D85/><U50/><E50/><V94/><F94/><W65/><G95/><T89/><D101/><U97/><E97/><V31/><F31/><W10/><G32/><T87/><D87/><U40/><E40/><V30/><F30/><W45/><G65/><N who="2" m="24585" /><F35/><W133/><G133/><T86/><D99/><U11/><E128/><V81/><F13/><W115/><G115/><T106/><D106/><U131/><E131/><V130/><F130/><W135/><G135/><T58/><D58/><U100/><E16/><V69/><F69/><W37/><G37/><T83/><REACH who="0" step="1"/><D93/><REACH who="0" ten="402,117,399,72" step="2"/><U49/><E134/><V121/><F121/><W74/><G74/><T33/><D33/><U6/><E84/><V21/><F21/><W72/><G72/><T111/><D111/><U41/><E56/><N who="3" m="21578" /><G20/><T8/><D8/><U43/><E11/><V23/><F23/><W48/><G10/><T54/><D54/><U52/><E52/><V24/><F24/><W122/><G122/><T34/><D34/><U104/><E120/><V96/><F96/><W114/><G25/><T64/><D64/><RYUUKYOKU ba="0,1" sc="402,15,117,-15,399,15,72,-15" hai0="0,2,3,9,18,19,22,27,44,47,83,86,89" hai2="4,5,76,77,80,81,82,124,126,127" /><INIT seed="6,1,1,1,5,129" ten="417,102,414,57" oya="2" hai0="38,105,97,102,76,91,80,134,89,14,51,90,68" hai1="132,52,101,15,72,63,28,111,39,73,1,47,125" hai2="35,69,70,23,34,116,121,83,126,11,44,82,59" hai3="95,49,77,48,115,33,61,22,41,25,79,37,17"/><V43/><F116/><W123/><G123/><T21/><D134/><U99/><E1/><V3/><F121/><W107/><G107/><T71/><D38/><U5/><E111/><V29/><F69/><W120/><G120/><T93/><D51/><U13/><E28/><V60/><F70/><W128/><G128/><T42/><D42/><U133/><E125/><V117/><F117/><W50/><G115/><T88/><D71/><U74/><E5/><V58/><F34/><W45/><G33/><T108/><D68/><U124/><E124/><V78/><F35/><W66/><REACH who="3" step="1"/><G95/><REACH who="3" ten="417,102,414,47" step="2"/><T6/><D105/><N who="1" m="63679" /><E39/><V56/><F126/><W7/><G7/><T36/><D36/><U114/><E114/><V10/><F60/><W87/><G87/><N who="0" m="48519" /><D108/><U55/><E63/><V26/><F3/><W20/><G20/><T9/><N who="0" m="22528" /><DORA hai="57" /><T86/><D21/><U104/><E104/><V53/><F78/><W62/><G62/><T131/><D131/><U84/><E84/><AGARI ba="1,2" hai="6,9,14,84,86,93,97,102" m="22528,48519" machi="84" ten="40,2600,0" yaku="8,1,54,1" doraHai="129,57" who="0" fromWho="1" sc="417,49,102,-29,414,0,47,0" /><INIT seed="7,0,0,5,3,133" ten="466,73,414,47" oya="3" hai0="6,71,117,124,43,88,79,100,4,3,113,119,135" hai1="96,18,81,33,69,14,110,47,68,99,112,134,80" hai2="103,64,75,11,2,19,60,123,115,0,22,29,118" hai3="45,85,61,92,38,12,5,44,98,116,127,77,13"/><W24/><G116/><T46/><D88/><U63/><E110/><V30/><F118/><W40/><G127/><T1/><D46/><U93/><E134/><V8/><F75/><W132/><G132/><T67/><D135/><U74/><E69/><V41/><F41/><W57/><G5/><T94/><D43/><U126/><E33/><V59/><F115/><W20/><G44/><T21/><D21/><U54/><E126/><V104/><F104/><W31/><G85/><T52/><D52/><U105/><E112/><V26/><F103/><W16/><G77/><T73/><D94/><U62/><E105/><V10/><F59/><W83/><G83/><N who="1" m="31818" /><E68/><V82/><F60/><N who="1" m="23081" /><E74/><V25/><F64/><W109/><G109/><T39/><D67/><U37/><E37/><V125/><F82/><W49/><G38/><T17/><D79/><U48/><E93/><V7/><F125/><W120/><G120/><T95/><D124/><U35/><E35/><N who="2" m="20911" /><F123/><W50/><G50/><T15/><D95/><U32/><E32/><N who="2" m="20567" /><F0/><W9/><G9/><AGARI ba="0,0" hai="9,14,18,47,48,54,96,99" m="23081,31818" machi="9" ten="30,1000,0" yaku="8,1" doraHai="133" who="1" fromWho="3" sc="466,0,73,10,414,0,47,-10" owari="466,57.0,83,-32.0,414,21.0,37,-46.0" /></mjloggm>