<mjloggm ver="2.3"><GO type="169" lobby="0"/><UN n0="%E3%82%82%E3%83%BC%E3%82%8A%E3%83%BC" n1="%4D%61%74%75%75%72%61" n2="%E3%81%97%E3%82%89%E3%82%86%E3%81%8D%E2%99%AA" n3="%69%70%73%E6%88%A6%E5%A3%AB" dan="16,17,16,16" rate="2188.05,2204.98,2004.02,2053.03" sx="M,M,M,M"/><TAIKYOKU oya="0"/><INIT seed="0,0,0,1,5,47" ten="250,250,250,250" oya="0" hai0="34,103,42,92,37,45,56,76,31,5,19,22,88" hai1="100,61,113,9,123,6,75,82,50,107,12,24,20" hai2="68,94,67,30,25,95,51,91,8,120,29,17,36" hai3="84,73,66,32,21,4,1,118,44,48,119,7,99"/><T135/><D135/><U121/><E113/><V131/><F120/><W114/><G73/><T133/><D133/><U46/><E61/><V79/><F131/><W101/><G32/><T28/><D34/><U58/><E58/><V16/><F36/><W81/><G114/><T53/><D76/><U65/><E65/><V96/><F79/><W132/><G132/><T74/><D103/><U104/><E75/><V49/><F68/><W115/><G115/><T93/><D93/><U59/><E59/><V134/><F67/><W127/><G127/><T122/><D5/><U70/><E70/><V117/><F117/><W109/><G109/><T41/><D122/><U86/><E100/><N who="2" m="60439" /><F8/><W10/><G66/><T111/><D111/><U87/><E87/><N who="2" m="52735" /><F134/><W0/><G21/><T39/><D74/><U33/><E33/><V15/><F25/><W105/><G4/><T90/><D90/><U55/><E104/><V77/><F77/><W3/><G119/><T83/><D83/><U2/><E107/><V72/><F72/><W125/><G125/><T64/><D64/><U11/><E11/><N who="2" m="6271" /><F17/><W62/><G118/><T26/><D39/><U14/><E121/><V102/><F102/><W108/><G108/><T69/><D69/><U112/><E112/><V54/><F54/><W128/><G128/><T27/><D27/><U124/><E124/><V106/><F106/><W38/><G38/><T98/><D42/><U126/><E126/><V52/><F52/><N who="3" m="29703" /><G62/><AGARI ba="0,0" hai="19,22,26,28,31,37,41,45,53,56,62,88,92,98" machi="62" ten="30,11600,0" yaku="7,1,25,2,54,1" doraHai="47" who="0" fromWho="3" sc="250,116,250,0,250,0,250,-116" /><INIT seed="0,1,0,1,1,15" ten="366,250,250,134" oya="0" hai0="130,97,24,103,119,62,85,93,1,111,42,113,13" hai1="74,55,29,52,81,4,106,96,79,87,22,102,129" hai2="39,41,25,109,19,51,88,67,128,44,118,6,27" hai3="18,99,38,112,115,32,12,76,120,56,89,9,114"/><T2/><D113/><U82/><E129/><V57/><F128/><W5/><G38/><T78/><D119/><U65/><E65/><V132/><F109/><W21/><G32/><T134/><D130/><U3/><E3/><V104/><F104/><W66/><G76/><T45/><D111/><U133/><E133/><V33/><F6/><W14/><G120/><T48/><D134/><U105/><E105/><V8/><F118/><W131/><G131/><T91/><D24/><U50/><E4/><V127/><F127/><W20/><G66/><T7/><D62/><U46/><E22/><V69/><F33/><W47/><G56/><T94/><D78/><U72/><E29/><V107/><F107/><W26/><G47/><T121/><D121/><U23/><E23/><V30/><F30/><N who="3" m="17735" /><G89/><T35/><D35/><U110/><E110/><V37/><F88/><W16/><G99/><T100/><D100/><U40/><E74/><V75/><F75/><W73/><G73/><T71/><D71/><U92/><E81/><V31/><F31/><W0/><G114/><T123/><D123/><U53/><E106/><V17/><F39/><W77/><G77/><T126/><D126/><U108/><E72/><V86/><F132/><W116/><G116/><T58/><D58/><U95/><E108/><V64/><F69/><W125/><G125/><T98/><D98/><U70/><E70/><V10/><F86/><W80/><G80/><T90/><D90/><N who="1" m="53343" /><E79/><V63/><F37/><W34/><G34/><T124/><D124/><U28/><E82/><V43/><F57/><W36/><G36/><RYUUKYOKU ba="1,0" sc="366,10,250,10,250,-30,134,10" hai0="1,2,7,13,42,45,48,85,91,93,94,97,103" hai1="28,40,46,50,52,53,55,95,96,102" hai3="0,5,9,12,14,16,18,21,112,115" /><INIT seed="0,2,0,3,3,94" ten="376,260,220,144" oya="0" hai0="131,122,3,97,43,45,106,83,109,35,115,32,129" hai1="92,64,41,37,44,54,124,134,85,59,69,104,67" hai2="2,61,68,40,17,88,135,38,118,39,86,102,46" hai3="23,14,111,72,63,116,47,25,130,55,6,60,53"/><T12/><D3/><U49/><E104/><V117/><F135/><W13/><G72/><T120/><D115/><U119/><E134/><V110/><F2/><W66/><G116/><N who="2" m="44649" /><F102/><W78/><G130/><N who="0" m="49675" /><D12/><N who="3" m="4713" /><G6/><T128/><D83/><U121/><E119/><V133/><F17/><N who="3" m="12527" /><G111/><T126/><D126/><U125/><E121/><N who="0" m="46697" /><D109/><U101/><E85/><V18/><F18/><W108/><G108/><T58/><D58/><U96/><REACH who="1" step="1"/><E67/><REACH who="1" ten="376,250,220,144" step="2"/><N who="2" m="41071" /><F110/><W79/><G66/><T11/><D128/><U100/><E100/><V15/><F133/><W51/><G55/><T31/><D11/><U123/><E123/><V75/><F75/><W34/><G34/><T48/><D35/><U24/><E24/><V112/><F112/><W95/><G95/><T71/><D32/><U10/><E10/><V0/><F0/><W98/><G79/><T99/><D106/><U127/><E127/><V21/><F15/><W132/><G78/><T19/><D31/><U81/><E81/><V73/><F73/><W26/><G132/><T5/><D19/><U22/><E22/><V89/><F21/><W1/><G26/><T57/><D5/><U30/><E30/><V56/><F86/><W105/><G1/><T70/><D57/><U87/><E87/><V16/><F16/><W29/><G29/><T107/><D107/><U113/><E113/><V28/><F28/><W9/><G9/><T90/><D90/><N who="2" m="34922" /><F56/><W114/><G114/><T7/><D7/><U76/><E76/><V77/><F77/><W50/><G105/><T84/><D84/><U4/><E4/><V103/><F103/><W52/><G53/><RYUUKYOKU ba="2,1" sc="376,10,250,10,220,10,144,-30" hai0="43,45,48,70,71,97,99" hai1="37,41,44,49,54,59,64,69,92,96,101,124,125" hai2="38,39,40,46" /><INIT seed="0,3,1,1,4,11" ten="386,260,230,114" oya="0" hai0="18,49,31,110,14,29,71,74,35,68,3,101,1" hai1="117,113,102,132,8,30,116,98,5,106,7,82,61" hai2="50,33,25,23,17,22,41,32,97,59,125,76,9" hai3="88,83,123,20,81,52,92,114,78,108,47,60,73"/><T21/><D74/><U94/><E113/><V55/><F125/><W131/><G114/><T12/><D101/><U39/><E39/><V24/><F76/><W2/><G2/><T72/><D72/><U56/><E106/><V127/><F127/><W44/><G123/><T100/><D100/><U40/><E40/><V86/><F86/><W103/><G103/><T134/><D134/><U77/><E132/><V26/><F97/><W54/><G131/><T43/><D43/><U121/><E121/><V66/><F66/><W37/><G108/><T67/><D49/><U62/><E62/><V104/><F104/><W120/><G37/><T69/><D67/><U124/><E7/><V96/><F96/><N who="3" m="57351" /><G73/><T128/><D128/><U58/><E58/><V122/><F122/><W89/><G89/><T57/><D57/><U99/><E99/><V130/><F130/><W63/><G78/><T4/><D35/><U84/><E30/><N who="0" m="11273" /><D110/><U19/><E124/><V27/><F41/><W109/><G109/><T105/><D105/><U107/><E107/><V133/><F133/><W119/><G119/><T48/><D48/><U15/><REACH who="1" step="1"/><E5/><REACH who="1" ten="386,250,230,114" step="2"/><V129/><F129/><W80/><G120/><T51/><D51/><U111/><E111/><V28/><F33/><W112/><G112/><T65/><D71/><U87/><E87/><V34/><F34/><W38/><G38/><T115/><D69/><U64/><AGARI ba="3,2" hai="8,15,19,56,61,64,77,82,84,94,98,102,116,117" machi="64" ten="20,5200,0" yaku="1,1,0,1,7,1,52,1,53,0" doraHai="11" doraHaiUra="46" who="1" fromWho="1" sc="386,-29,250,81,230,-16,114,-16" /><INIT seed="1,0,0,3,0,111" ten="357,331,214,98" oya="1" hai0="65,121,91,90,129,21,1,3,131,22,105,74,132" hai1="72,29,130,13,10,110,101,87,112,79,85,109,114" hai2="133,34,95,6,52,40,51,64,69,55,124,98,123" hai3="19,83,50,128,14,37,35,36,126,28,115,81,63"/><U56/><E72/><V44/><F123/><W46/><G126/><T120/><D105/><U94/><E130/><V122/><F34/><W116/><G116/><T38/><D65/><U43/><E43/><V4/><F122/><W30/><G128/><T66/><D66/><U45/><E45/><V32/><F32/><W18/><G63/><T102/><D102/><U15/><E29/><V24/><F133/><W125/><G35/><T8/><D8/><U68/><E68/><V60/><F24/><W70/><G70/><T99/><D99/><U127/><E127/><V9/><F4/><W106/><G106/><T58/><D58/><U54/><E101/><V42/><F42/><W92/><G125/><T53/><D74/><U73/><E73/><V27/><F27/><W25/><G92/><T16/><D38/><U33/><E33/><V12/><REACH who="2" step="1"/><F124/><REACH who="2" ten="357,331,204,98" step="2"/><W135/><G135/><T107/><D132/><U119/><E119/><V2/><F2/><W48/><G25/><T11/><D121/><U96/><E15/><V93/><F93/><W117/><G117/><T47/><D120/><U75/><E94/><V59/><F59/><W104/><G104/><T89/><D107/><U7/><E56/><V31/><F31/><W49/><G28/><T82/><D131/><U97/><E97/><V71/><F71/><W118/><G30/><T80/><D129/><U17/><E96/><V41/><F41/><W20/><G118/><T76/><D1/><U62/><E7/><V84/><F84/><N who="1" m="32329" /><E75/><V100/><AGARI ba="0,1" hai="6,9,12,40,44,51,52,55,60,64,69,95,98,100" machi="100" ten="20,8000,1" yaku="1,1,0,1,7,1,54,1,53,1" doraHai="111" doraHaiUra="57" who="2" fromWho="2" sc="357,-20,331,-40,204,90,98,-20" /><INIT seed="2,0,0,4,2,99" ten="337,291,294,78" oya="2" hai0="77,127,10,94,101,55,124,93,84,25,88,69,8" hai1="11,135,102,108,67,87,132,110,80,120,103,18,114" hai2="113,9,111,129,39,30,23,79,42,130,35,14,85" hai3="82,134,22,45,112,123,57,31,4,78,122,37,41"/><V59/><F35/><W15/><G112/><T125/><D69/><U24/><E114/><V116/><F116/><W95/><G134/><N who="1" m="51242" /><E67/><V36/><F113/><W47/><G57/><T73/><D73/><U115/><E115/><V118/><F118/><W63/><G63/><T128/><D128/><N who="2" m="49258" /><F59/><W56/><G56/><T62/><D77/><N who="1" m="46479" /><E120/><V66/><F66/><W76/><G76/><T2/><D2/><U12/><E24/><N who="2" m="16671" /><F42/><W61/><G61/><T60/><D60/><U70/><E70/><V1/><F1/><W119/><G119/><T50/><D62/><U91/><E91/><V33/><F33/><W44/><G122/><T0/><D0/><U117/><E117/><V97/><F97/><W40/><G123/><T133/><D133/><U106/><E106/><V29/><F29/><W26/><G41/><T64/><D64/><U54/><E54/><V32/><F32/><W83/><G83/><T21/><D55/><U100/><AGARI ba="0,0" hai="11,12,18,100,102,103,108,110" m="46479,51242" machi="100" ten="40,8000,1" yaku="20,1,52,3" doraHai="99" who="1" fromWho="1" sc="337,-20,291,80,294,-40,78,-20" /><INIT seed="3,0,0,3,5,14" ten="317,371,254,58" oya="3" hai0="119,3,10,28,13,88,15,111,79,99,59,118,41" hai1="57,72,127,81,52,47,4,86,25,55,33,91,73" hai2="113,30,65,54,108,31,100,29,97,98,5,130,131" hai3="51,78,58,12,116,21,62,20,123,85,7,43,9"/><W124/><G123/><T110/><D41/><U70/><E70/><V95/><F113/><W26/><G116/><T1/><D79/><U94/><E4/><V102/><F108/><N who="0" m="41514" /><D59/><U76/><E127/><V11/><F65/><W27/><G124/><T38/><D99/><U42/><E72/><V101/><F54/><W6/><G6/><N who="0" m="3287" /><D88/><U126/><E126/><V66/><F66/><N who="3" m="39255" /><G85/><T115/><D38/><U134/><E134/><V121/><F121/><W71/><G71/><T122/><D122/><U46/><E46/><V117/><F117/><N who="0" m="44554" /><D115/><U44/><E44/><V90/><REACH who="2" step="1"/><F98/><REACH who="2" ten="317,371,244,58" step="2"/><W89/><G43/><T83/><D83/><U129/><E42/><V48/><F48/><W23/><G51/><T103/><D103/><U34/><E55/><V125/><F125/><W49/><G49/><T0/><D15/><AGARI ba="0,1" hai="5,11,15,29,30,31,90,95,97,100,101,102,130,131" machi="15" ten="40,2600,0" yaku="1,1,53,1" doraHai="14" doraHaiUra="87" who="2" fromWho="0" sc="317,-26,371,0,244,36,58,0" /><INIT seed="4,0,0,4,4,63" ten="291,371,280,58" oya="0" hai0="49,38,29,98,40,78,62,24,55,105,61,77,44" hai1="16,45,102,125,126,37,43,80,35,22,92,127,99" hai2="9,116,46,134,39,28,15,17,117,128,64,121,107" hai3="101,111,91,65,23,81,34,68,21,11,97,90,70"/><T13/><D13/><U1/><E1/><V57/><F107/><W56/><G34/><T130/><D130/><U106/><E35/><V30/><F121/><W31/><G111/><T71/><D78/><U50/><E80/><V73/><F73/><W95/><G68/><T6/><D6/><U76/><E76/><V93/><F93/><W59/><G70/><T129/><D77/><U114/><E114/><V52/><F134/><W86/><G11/><T83/><D83/><U94/><E37/><V100/><F100/><W123/><G123/><T82/><D82/><U85/><E85/><V0/><F0/><W119/><G119/><N who="2" m="45641" /><F39/><W58/><G31/><T48/><D129/><U112/><E112/><V3/><F3/><W110/><G110/><T74/><D74/><U25/><AGARI ba="0,0" hai="16,22,25,43,45,50,92,94,99,102,106,125,126,127" machi="25" ten="30,4000,0" yaku="0,1,18,1,54,1" doraHai="63" who="1" fromWho="1" sc="291,-20,371,40,280,-10,58,-10" /><INIT seed="5,0,0,3,2,48" ten="271,411,270,48" oya="1" hai0="100,65,110,18,53,44,64,36,89,105,8,94,93" hai1="115,85,49,87,17,61,127,109,25,72,134,54,28" hai2="45,13,32,76,70,135,20,104,98,79,63,131,62" hai3="35,58,21,123,5,122,117,101,116,0,78,57,86"/><U60/><E72/><V114/><F32/><W119/><G35/><T124/><D110/><U39/><E39/><V51/><F135/><W59/><G101/><T130/><D130/><U23/><E134/><V77/><F131/><W1/><G5/><T26/><D105/><U99/><E115/><V12/><F70/><W47/><G21/><T2/><D2/><U27/><E127/><V107/><F114/><W113/><G113/><T10/><D10/><U128/><E109/><V37/><F37/><W4/><G4/><T126/><D94/><U56/><E99/><V80/><F80/><W16/><G86/><T106/><D106/><U55/><E61/><V15/><F20/><W111/><G78/><T75/><D100/><U7/><E7/><V19/><F19/><W9/><G47/><T96/><D75/><U118/><E118/><V50/><F98/><W90/><G90/><T14/><D26/><U103/><E103/><V83/><F83/><W24/><G111/><T92/><D92/><U108/><E108/><V68/><F68/><W43/><G43/><T30/><D30/><U69/><E69/><V29/><F29/><W91/><G91/><T132/><D132/><U40/><E40/><V71/><F71/><W52/><G52/><T82/><D82/><U120/><E128/><V11/><F107/><W33/><G33/><T84/><D96/><U41/><E41/><N who="2" m="24879" /><F104/><W66/><G66/><N who="0" m="25707" /><D53/><U73/><E73/><V22/><F11/><W121/><G24/><T97/><D97/><U38/><E28/><V102/><F102/><W31/><G31/><T74/><D74/><RYUUKYOKU ba="0,0" sc="271,15,411,-15,270,-15,48,15" hai0="8,14,18,36,44,84,89,93,124,126" hai3="0,1,9,16,57,58,59,116,117,119,121,122,123" /><INIT seed="6,1,0,2,2,85" ten="286,396,255,63" oya="2" hai0="33,2,119,52,102,121,80,99,31,67,69,9,116" hai1="100,107,6,16,127,115,132,96,65,29,118,125,25" hai2="112,55,8,24,133,101,111,60,17,32,84,86,0" hai3="71,76,120,78,45,70,106,30,15,129,64,26,47"/><V109/><F133/><W74/><G120/><T95/><D121/><U35/><E118/><N who="0" m="45097" /><D80/><U1/><E132/><V61/><F101/><W92/><G106/><T113/><D113/><U81/><E115/><V57/><F60/><W10/><G129/><T54/><D31/><U97/><E97/><V27/><F112/><W87/><G74/><T108/><D33/><U68/><E81/><V22/><F32/><W14/><G64/><T105/><D105/><U44/><E44/><V28/><F28/><W36/><G71/><T43/><D43/><U3/><E16/><V7/><REACH who="2" step="1"/><F24/><REACH who="2" ten="286,396,245,63" step="2"/><W75/><G70/><T94/><D108/><AGARI ba="1,1" hai="0,7,8,17,22,27,55,57,61,84,86,108,109,111" machi="108" ten="40,7700,0" yaku="1,1,2,1,10,1,53,0" doraHai="85" doraHaiUra="91" who="2" fromWho="0" sc="286,-80,396,0,245,90,63,0" /><INIT seed="6,2,0,0,5,123" ten="206,396,335,63" oya="2" hai0="59,57,99,12,114,120,83,1,133,69,81,116,65" hai1="84,44,75,79,39,10,118,80,2,62,126,22,105" hai2="107,68,74,119,112,101,76,20,132,87,113,94,109" hai3="25,28,91,9,103,46,41,56,7,90,48,55,82"/><V27/><F68/><W17/><G103/><T30/><D1/><U129/><E118/><V38/><F38/><W0/><G17/><T73/><D69/><U19/><E105/><V45/><F119/><W43/><G43/><T63/><D73/><U96/><E84/><V15/><F132/><W36/><REACH who="3" step="1"/><G82/><REACH who="3" ten="206,396,335,53" step="2"/><T61/><D116/><U86/><E19/><V125/><F101/><W131/><G131/><T93/><D133/><U67/><E80/><V8/><F125/><W58/><G58/><T111/><D120/><U70/><E70/><V4/><F45/><W42/><G42/><T88/><D114/><U3/><E44/><V37/><F113/><W26/><G26/><T135/><D135/><U33/><E126/><V78/><F112/><W106/><G106/><T130/><D130/><U29/><E129/><V98/><F107/><W40/><G40/><T16/><D30/><U64/><E29/><V104/><F104/><W72/><G72/><T124/><D124/><U127/><E75/><V6/><F74/><W5/><G5/><T121/><D121/><U11/><E127/><V100/><F4/><W89/><G89/><T53/><REACH who="0" step="1"/><D111/><REACH who="0" ten="196,396,335,53" step="2"/><U122/><E122/><V52/><F109/><W134/><G134/><T95/><D95/><U51/><E3/><V50/><F94/><W31/><G31/><T47/><D47/><U77/><E2/><V97/><F37/><W23/><AGARI ba="2,2" hai="0,7,9,23,25,28,36,41,46,48,55,56,90,91" machi="23" ten="20,5200,0" yaku="1,1,0,1,7,1,53,1" doraHai="123" doraHaiUra="71" who="3" fromWho="3" sc="196,-15,396,-15,335,-28,53,78" /><INIT seed="7,0,0,0,3,66" ten="181,381,307,131" oya="3" hai0="83,86,124,28,128,51,55,13,99,81,14,104,52" hai1="121,74,4,125,71,26,96,32,91,59,61,92,135" hai2="6,47,7,112,64,90,2,54,41,31,102,45,89" hai3="58,29,73,33,1,36,21,117,39,8,16,108,94"/><W78/><G117/><T87/><D124/><U111/><E74/><V132/><F102/><W134/><G108/><T67/><D128/><U105/><E111/><V30/><F64/><W123/><G123/><T126/><D126/><U103/><E121/><V114/><F41/><W0/><G134/><T109/><D109/><U130/><E130/><V63/><F63/><W79/><G94/><T131/><D131/><U62/><E4/><V97/><F97/><W40/><G58/><T70/><D70/><U56/><E62/><V9/><F9/><W34/><G29/><T49/><D67/><N who="1" m="41455" /><E135/><V3/><REACH who="2" step="1"/><F54/><REACH who="2" ten="181,381,297,131" step="2"/><N who="0" m="20522" /><D99/><N who="1" m="57759" /><E125/><V46/><F46/><N who="3" m="23815" /><G39/><T10/><D10/><U122/><E122/><V42/><F42/><W95/><G0/><T75/><D104/><U38/><E38/><V5/><F5/><N who="3" m="1071" /><G78/><T25/><D51/><U133/><E133/><AGARI ba="0,1" hai="2,3,6,7,30,31,45,47,89,90,112,114,132,133" machi="133" ten="25,3200,0" yaku="1,1,22,2,53,0" doraHai="66" doraHaiUra="15" who="2" fromWho="1" sc="181,0,381,-32,297,42,131,0" owari="181,-22.0,349,45.0,339,14.0,131,-37.0" /></mjloggm>