<mjloggm ver="2.3"><GO type="185" lobby="0"/><UN n0="%30%30%73%61%69" n1="%6B%61%6E%6E%7A%61%62%75" n2="%E3%83%AD%E3%82%B8%E3%82%AB%E3%83%AB%E3%81%95%E3%82%93" n3="" dan="16,17,17,0" rate="2223.03,2264.15,2249.30,1500.00" sx="M,M,F,C"/><TAIKYOKU oya="0"/><INIT seed="0,0,0,1,0,99" ten="350,350,350,0" oya="0" hai0="32,130,110,48,62,100,41,101,105,63,45,34,33" hai1="117,52,51,115,97,78,36,37,49,95,69,50,0" hai2="60,58,64,131,132,111,108,40,114,47,90,72,125" hai3=""/><T55/><D130/><U124/><E117/><V104/><F131/><T135/><D135/><U107/><E107/><V122/><N who="2" m="31264" /><V61/><F132/><T67/><D105/><U126/><E0/><V81/><F114/><T96/><D96/><U133/><E69/><V89/><F125/><N who="1" m="48233" /><E78/><V38/><F104/><T86/><D110/><N who="2" m="42026" /><F61/><T120/><N who="0" m="30752" /><T113/><D113/><U53/><E133/><V109/><F109/><T103/><D67/><U74/><E74/><V3/><F3/><T56/><REACH who="0" step="1"/><D86/><REACH who="0" ten="340,350,350,0" step="2"/><U43/><E115/><V75/><F75/><T134/><D134/><U123/><N who="1" m="31520" /><U112/><E112/><V73/><F73/><T127/><D127/><U119/><E119/><V116/><F116/><T94/><D94/><U57/><E95/><V71/><F71/><T77/><D77/><AGARI ba="0,1" hai="38,40,47,58,60,64,72,77,81,89,90" m="42026,31264" machi="77" ten="30,2000,0" yaku="14,1,52,1" doraHai="99" who="2" fromWho="0" sc="340,-20,350,0,350,30,0,0" /><INIT seed="1,0,0,5,2,90" ten="320,350,380,0" oya="1" hai0="77,78,1,36,38,2,114,109,92,56,131,112,50" hai1="120,123,40,44,129,33,108,126,53,103,117,111,80" hai2="60,51,88,105,71,84,110,75,0,113,82,46,119" hai3=""/><U83/><N who="1" m="30752" /><U122/><N who="1" m="31264" /><U48/><N who="1" m="31520" /><U59/><E33/><V106/><F119/><T63/><D50/><U3/><E117/><V37/><F0/><T93/><D56/><U81/><E3/><V74/><F110/><N who="1" m="42025" /><E126/><V55/><F113/><T85/><D109/><U79/><E129/><V58/><F71/><T62/><D85/><U115/><E103/><V104/><REACH who="2" step="1"/><F37/><REACH who="2" ten="320,350,370,0" step="2"/><T91/><D131/><U133/><E115/><V95/><F95/><T87/><D112/><U67/><E67/><AGARI ba="0,1" hai="46,51,55,58,60,67,74,75,82,84,88,104,105,106" machi="67" ten="40,2600,0" yaku="1,1,54,1,53,0" doraHai="90" doraHaiUra="116" who="2" fromWho="1" sc="320,0,350,-26,370,36,0,0" /><INIT seed="2,0,0,4,4,43" ten="320,324,406,0" oya="2" hai0="77,49,42,66,81,128,44,79,46,100,122,64,36" hai1="126,63,72,134,102,98,94,121,60,131,53,89,54" hai2="58,88,114,120,124,133,130,3,135,84,32,33,75" hai3=""/><V104/><RYUUKYOKU type="yao9" ba="0,0" sc="320,0,324,0,406,0,0,0" hai2="3,32,33,58,75,84,88,104,114,120,124,130,133,135" /><INIT seed="2,1,0,0,4,79" ten="320,324,406,0" oya="2" hai0="76,49,78,53,116,124,47,56,52,110,93,82,85" hai1="86,77,109,58,114,46,33,120,133,40,119,2,57" hai2="92,135,3,98,123,108,117,73,61,62,87,59,89" hai3=""/><V105/><N who="2" m="31520" /><V55/><F117/><T115/><D116/><U36/><N who="1" m="30752" /><U63/><E114/><V126/><F126/><T67/><D124/><U50/><E119/><V83/><F135/><T127/><D127/><U91/><E33/><V100/><F108/><T1/><D110/><U43/><E77/><V101/><F3/><T69/><D1/><U74/><E74/><V90/><F101/><T129/><D115/><U125/><E133/><V32/><F32/><T51/><D129/><U70/><E125/><V64/><F73/><T97/><D69/><U96/><E96/><V111/><F111/><T48/><D67/><U121/><N who="1" m="31008" /><U99/><E99/><V122/><N who="2" m="31264" /><V66/><F62/><T134/><D78/><U103/><E103/><V0/><F0/><T95/><D134/><U106/><E106/><V71/><F71/><T60/><REACH who="0" step="1"/><D95/><REACH who="0" ten="310,324,406,0" step="2"/><U112/><E109/><V94/><F105/><T113/><D113/><U54/><E112/><V39/><F39/><T65/><D65/><U84/><E2/><V128/><F128/><T45/><D45/><U81/><E70/><V131/><F131/><T72/><D72/><U118/><E118/><V104/><F104/><T68/><D68/><U42/><E36/><RYUUKYOKU ba="1,1" sc="310,10,324,-20,406,10,0,0" hai0="47,48,49,51,52,53,56,60,76,82,85,93,97" hai2="55,59,61,64,66,83,87,89,90,92,94,98,100" /><INIT seed="2,2,1,0,2,2" ten="320,304,416,0" oya="2" hai0="80,68,123,120,124,116,36,81,67,94,98,60,47" hai1="90,129,37,106,127,54,82,92,75,64,111,72,101" hai2="70,53,108,99,119,46,50,66,43,63,56,122,133" hai3=""/><V113/><N who="2" m="31264" /><V45/><F119/><T44/><N who="0" m="30752" /><T126/><N who="0" m="31520" /><T83/><D116/><U103/><E37/><V112/><F133/><T110/><D110/><U52/><E64/><V59/><F108/><T130/><D130/><U132/><E111/><V33/><F33/><T100/><REACH who="0" step="1"/><D36/><REACH who="0" ten="310,304,416,0" step="2"/><U35/><E129/><V51/><F99/><T49/><D49/><U87/><E132/><V117/><F117/><T48/><D48/><U104/><E127/><AGARI ba="2,2" hai="44,47,60,67,68,80,81,83,94,98,100,124,126,127" m="31520,30752" machi="127" ten="40,8000,1" yaku="1,1,18,1,52,2,53,1" doraHai="2" doraHaiUra="91" who="0" fromWho="1" sc="310,104,304,-84,416,0,0,0" /><INIT seed="4,0,0,2,4,41" ten="414,220,416,0" oya="0" hai0="2,128,61,104,135,57,131,43,32,127,39,93,78" hai1="3,1,122,68,119,134,74,35,34,123,91,87,42" hai2="36,58,50,100,102,47,117,80,77,38,116,69,124" hai3=""/><T103/><D2/><U81/><N who="1" m="31264" /><U49/><N who="1" m="31520" /><U40/><E119/><N who="2" m="45643" /><F69/><T126/><D32/><U73/><E68/><V45/><F58/><T129/><D104/><U52/><E134/><V79/><F124/><N who="0" m="47658" /><D78/><N who="2" m="29706" /><F80/><T54/><D135/><U89/><E49/><V118/><N who="2" m="45651" /><V0/><DORA hai="125" /><F0/><T66/><D66/><U111/><E81/><V90/><F90/><T76/><D76/><U110/><REACH who="1" step="1"/><E87/><REACH who="1" ten="414,210,416,0" step="2"/><V86/><F86/><T48/><D48/><U72/><E72/><V37/><F50/><T99/><D128/><U133/><E133/><V105/><F105/><T53/><D129/><U84/><E84/><V88/><F38/><T120/><N who="0" m="30752" /><T98/><D131/><U56/><E56/><V44/><F37/><T85/><D85/><U55/><AGARI ba="0,1" hai="1,3,34,35,40,42,52,55,73,74,89,91,110,111" m="31520,31264" machi="55" ten="25,9000,2" yaku="1,1,0,1,22,2,52,2,54,1,53,0" doraHai="41,125" doraHaiUra="109,132" who="1" fromWho="1" sc="414,-60,210,100,416,-30,0,0" /><INIT seed="5,0,0,3,0,109" ten="354,310,386,0" oya="1" hai0="107,37,51,92,106,108,60,129,119,131,117,77,118" hai1="132,34,53,70,54,58,112,55,116,1,66,130,104" hai2="78,121,43,87,81,74,95,33,49,36,71,111,42" hai3=""/><U128/><E1/><V82/><N who="2" m="31008" /><V40/><F111/><T67/><D108/><U72/><E34/><V64/><F33/><T50/><D77/><U133/><E104/><V68/><F36/><T45/><D92/><U113/><E72/><V69/><F95/><T105/><D37/><U85/><E85/><V2/><F2/><T122/><N who="0" m="31264" /><T75/><D75/><U47/><E70/><V89/><REACH who="2" step="1"/><F49/><REACH who="2" ten="354,310,376,0" step="2"/><T103/><D51/><U61/><E116/><V57/><F57/><T79/><D50/><U96/><E96/><V38/><F38/><T93/><D118/><U84/><E84/><V65/><AGARI ba="0,1" hai="40,42,43,64,65,68,69,71,74,78,81,82,87,89" m="31008" machi="65" ten="40,3900,0" yaku="1,1,0,1,52,1,53,0" doraHai="109" doraHaiUra="127" who="2" fromWho="2" sc="354,-13,310,-26,376,49,0,0" /><INIT seed="6,0,0,1,0,119" ten="341,284,425,0" oya="2" hai0="109,50,123,128,73,114,46,52,111,82,97,93,116" hai1="117,72,1,105,80,99,94,132,118,129,131,135,92" hai2="130,0,125,76,68,32,91,86,39,88,113,51,45" hai3=""/><V133/><F113/><T112/><N who="0" m="31520" /><T83/><D116/><N who="1" m="44651" /><E1/><V62/><F0/><T96/><D96/><U98/><E105/><V47/><F32/><T87/><D73/><U85/><E72/><V57/><F130/><N who="1" m="49673" /><E99/><V110/><F110/><T79/><D128/><U2/><E2/><V65/><F39/><T59/><D111/><U34/><E34/><V49/><F68/><T42/><D83/><U126/><E126/><V124/><F76/><T78/><D78/><U35/><E35/><V44/><F91/><T3/><D109/><U69/><E69/><V56/><F88/><T95/><D3/><U115/><E115/><N who="0" m="44073" /><D97/><U81/><E81/><V48/><F125/><T63/><AGARI ba="0,0" hai="42,46,50,52,59,63,79,82,87,93,95" m="44073,31520" machi="63" ten="30,6000,1" yaku="15,1,11,1,52,2,54,1" doraHai="119" who="0" fromWho="0" sc="341,60,284,-20,425,-40,0,0" owari="401,35.0,264,-34.0,385,-1.0,0,0.0" /></mjloggm>