<mjloggm ver="2.3"><GO type="169" lobby="0"/><UN n0="%6D%61%74%6F%30%36%30%33" n1="%E3%82%88%E3%81%93%40%63" n2="%E3%81%B5%E3%81%98%E3%81%8B%E3%81%A4" n3="%73%61%6E%64%69%72%69%73" dan="18,17,16,17" rate="2267.53,2151.05,2157.45,2207.06" sx="M,F,M,M"/><TAIKYOKU oya="0"/><INIT seed="0,0,0,1,5,5" ten="250,250,250,250" oya="0" hai0="52,60,106,46,56,23,113,125,101,58,111,102,32" hai1="21,61,45,66,81,91,108,123,95,38,73,63,119" hai2="116,97,129,24,135,133,8,22,51,20,9,6,107" hai3="115,44,126,40,86,71,134,19,39,132,128,70,93"/><T42/><D32/><U87/><E123/><V78/><F78/><W114/><G19/><T10/><D113/><U54/><E108/><V74/><F74/><W104/><G104/><T84/><D125/><U62/><E119/><V50/><F107/><W67/><G93/><T35/><D35/><U49/><E38/><V34/><F97/><W14/><G14/><T3/><D111/><U77/><REACH who="1" step="1"/><E21/><REACH who="1" ten="250,240,250,250" step="2"/><N who="2" m="8299" /><F116/><W92/><G126/><T118/><D23/><U85/><E85/><V90/><F129/><W4/><G128/><T27/><D118/><U89/><E89/><V121/><F121/><W75/><G86/><T13/><D27/><U31/><E31/><N who="2" m="19815" /><F90/><W47/><G39/><T53/><D102/><U65/><AGARI ba="0,1" hai="45,49,54,61,62,63,65,66,73,77,81,87,91,95" machi="65" ten="30,2000,0" yaku="1,1,0,1,53,0" doraHai="5" doraHaiUra="69" who="1" fromWho="1" sc="250,-10,240,30,250,-5,250,-5" /><INIT seed="1,0,0,4,0,49" ten="240,270,245,245" oya="1" hai0="20,36,7,54,75,93,89,2,119,19,44,13,100" hai1="70,65,1,27,129,56,110,26,30,94,28,116,23" hai2="134,58,91,8,99,47,43,112,122,16,104,69,83" hai3="124,62,126,96,108,55,53,111,127,34,106,25,82"/><U131/><E116/><V59/><F122/><W85/><G62/><T33/><D119/><U78/><E70/><V18/><F69/><W3/><G3/><T39/><D75/><U37/><E37/><V9/><F112/><W6/><G6/><T101/><D33/><U45/><E1/><V86/><F134/><W48/><G48/><T12/><D2/><U71/><E71/><V132/><F132/><W21/><G34/><T61/><D36/><U121/><E78/><V31/><F31/><N who="1" m="11817" /><E23/><V42/><F104/><W14/><G14/><T64/><D39/><U68/><E68/><V4/><F99/><W76/><G96/><T130/><D130/><N who="1" m="49675" /><E45/><V73/><F73/><W50/><G50/><T114/><D114/><U11/><E11/><N who="2" m="4171" /><F4/><W115/><G106/><T109/><D44/><U107/><E107/><V88/><F47/><W120/><G120/><T77/><D77/><U90/><E121/><V117/><F117/><W60/><G60/><T5/><D20/><U0/><E0/><V57/><F91/><W105/><G105/><T10/><D5/><U72/><E72/><V51/><F51/><W46/><G46/><T41/><D10/><U35/><E35/><V67/><F67/><W32/><G32/><T123/><D7/><U95/><E110/><N who="3" m="42026" /><G115/><T22/><D109/><U97/><E95/><V66/><F66/><W38/><G38/><T63/><D123/><U98/><E98/><V15/><F15/><W102/><G102/><T79/><D22/><U103/><E103/><V92/><F92/><W133/><G133/><T87/><D101/><U40/><E40/><AGARI ba="0,0" hai="16,18,40,42,43,57,58,59,83,86,88" m="4171" machi="40" ten="30,7700,0" yaku="6,1,8,1,54,2" doraHai="49" who="2" fromWho="1" sc="240,0,270,-77,245,77,245,0" /><INIT seed="2,0,0,0,3,22" ten="240,193,322,245" oya="2" hai0="9,39,132,106,97,96,98,32,77,35,59,95,125" hai1="71,24,86,93,109,112,45,29,57,50,70,25,76" hai2="66,7,91,1,38,130,80,135,34,72,5,20,48" hai3="82,87,36,44,41,15,69,104,99,108,78,123,54"/><V2/><F135/><W94/><G123/><T116/><D39/><U18/><E112/><V65/><F130/><W43/><G108/><T46/><D132/><U6/><E109/><V127/><F34/><W133/><G133/><T27/><D125/><U8/><E57/><V73/><F38/><W3/><G3/><T13/><D116/><U134/><E134/><V17/><F127/><W113/><G113/><T81/><D106/><U101/><E101/><V115/><F115/><W11/><G69/><T122/><D122/><U89/><E76/><V90/><F48/><N who="3" m="28935" /><G104/><T0/><D0/><U102/><E102/><V37/><F37/><W40/><G36/><T111/><D111/><U84/><E84/><V129/><F20/><W105/><G105/><T49/><D59/><U120/><E120/><V83/><REACH who="2" step="1"/><F129/><REACH who="2" ten="240,193,312,245" step="2"/><W63/><G63/><T30/><D35/><U33/><E50/><V64/><F64/><W67/><G67/><T26/><D32/><U118/><E118/><V126/><F126/><W61/><G61/><T23/><D49/><U74/><E45/><V117/><F117/><W55/><G55/><T107/><D46/><U10/><E10/><V88/><F88/><N who="3" m="55751" /><G43/><T52/><D107/><U51/><E51/><V128/><F128/><W110/><G110/><T114/><D52/><U124/><E124/><V119/><F119/><W75/><G75/><T31/><D114/><U103/><E74/><V4/><F4/><AGARI ba="0,1" hai="4,11,15,40,41,78,82,87" m="55751,28935" machi="4" ten="30,2000,0" yaku="8,1,54,1" doraHai="22" who="3" fromWho="2" sc="240,0,193,0,312,-20,245,30" /><INIT seed="3,0,0,4,2,60" ten="240,193,292,275" oya="3" hai0="7,79,26,95,119,116,20,52,124,4,114,38,41" hai1="77,103,49,14,104,128,61,57,0,1,73,105,33" hai2="46,39,31,76,85,101,70,71,135,93,54,87,110" hai3="19,130,92,16,108,3,12,67,13,117,125,121,11"/><W8/><G117/><T37/><D124/><U112/><E33/><V59/><F135/><W132/><G121/><T5/><D114/><U129/><E112/><V75/><F110/><W56/><G130/><N who="1" m="50282" /><E14/><V89/><F31/><W100/><G132/><T113/><D113/><U50/><E73/><V69/><F101/><W115/><G115/><T131/><D131/><U82/><E103/><V83/><F46/><W24/><G125/><T66/><D79/><U120/><E120/><V107/><F39/><W118/><G118/><T25/><D95/><U21/><E21/><V88/><F107/><N who="1" m="41033" /><E82/><V64/><F89/><W65/><G108/><T48/><D26/><U90/><E90/><V17/><F17/><W84/><G3/><N who="1" m="1098" /><E77/><V86/><REACH who="2" step="1"/><F54/><AGARI ba="0,0" hai="49,50,54,57,61" m="1098,41033,50282" machi="54" ten="40,1300,0" yaku="19,1" doraHai="60" who="1" fromWho="2" sc="240,0,193,13,292,-13,275,0" /><INIT seed="4,0,0,2,0,95" ten="240,206,279,275" oya="0" hai0="132,122,40,71,80,62,60,101,29,133,92,78,55" hai1="89,8,4,115,87,128,13,120,130,109,131,127,113" hai2="43,33,2,51,41,48,1,46,5,74,21,32,16" hai3="36,39,24,85,58,3,44,125,129,19,107,84,25"/><T18/><D122/><U37/><E37/><V11/><F74/><W10/><G129/><T12/><D29/><U59/><E120/><V106/><F106/><W126/><G107/><T88/><D40/><U98/><E109/><V83/><F83/><W81/><G58/><T91/><D71/><U50/><E127/><N who="3" m="48650" /><G85/><N who="0" m="48279" /><D133/><U14/><E14/><V38/><F1/><W15/><G3/><T73/><D73/><U90/><E87/><V57/><F38/><N who="3" m="14379" /><G44/><T53/><D132/><U79/><E79/><AGARI ba="0,0" hai="10,15,19,24,25,79,81,84" m="14379,48650" machi="79" ten="30,1000,0" yaku="18,1" doraHai="95" who="3" fromWho="1" sc="240,0,206,-10,279,0,275,10" /><INIT seed="5,0,0,0,1,19" ten="240,196,279,285" oya="1" hai0="27,131,25,0,109,41,133,52,30,3,66,74,87" hai1="121,4,112,127,31,24,93,119,21,102,100,29,18" hai2="125,118,123,62,34,6,68,56,114,17,78,44,15" hai3="49,108,23,85,134,39,65,35,120,58,88,75,80"/><U97/><E121/><V67/><F123/><W45/><G108/><T13/><D74/><U103/><E119/><V126/><F118/><W20/><G120/><T9/><D109/><U83/><E112/><V130/><F34/><W37/><G35/><T8/><D41/><U81/><E127/><N who="2" m="48651" /><F6/><W76/><G134/><T77/><D66/><U51/><E4/><V26/><F130/><W1/><G1/><N who="0" m="587" /><D52/><U59/><E83/><V105/><F105/><W89/><G39/><T86/><D86/><U55/><REACH who="1" step="1"/><E81/><REACH who="1" ten="240,186,279,285" step="2"/><V122/><F122/><W33/><G80/><T53/><D133/><U124/><E124/><V36/><F114/><W90/><G76/><T5/><D77/><U16/><E16/><V129/><F78/><W71/><G75/><T95/><D5/><U106/><E106/><V135/><F135/><W110/><G110/><T92/><D131/><U64/><E64/><V73/><F73/><W50/><G65/><T43/><D30/><AGARI ba="0,1" hai="18,21,24,29,30,31,51,55,59,93,97,100,102,103" machi="30" ten="40,12000,1" yaku="1,1,8,1,52,1,53,1" doraHai="19" doraHaiUra="14" who="1" fromWho="0" sc="240,-120,186,130,279,0,285,0" /><INIT seed="5,1,0,0,0,65" ten="120,316,279,285" oya="1" hai0="126,85,20,58,39,114,50,30,118,79,108,103,69" hai1="129,36,10,81,37,35,134,135,92,104,66,17,12" hai2="42,89,105,29,26,38,44,61,76,119,55,68,70" hai3="46,14,34,32,54,13,16,56,57,123,96,110,80"/><U60/><E104/><V59/><F119/><W21/><G110/><T130/><D108/><U122/><E35/><V100/><F76/><W124/><G123/><T45/><D118/><U99/><E81/><V49/><F105/><W117/><G124/><T106/><D126/><U84/><E84/><V1/><F100/><W127/><G127/><T53/><D114/><U128/><E122/><V9/><F89/><W77/><G117/><T102/><D130/><N who="1" m="50283" /><E92/><V133/><F133/><N who="1" m="50697" /><E99/><V82/><F82/><W78/><G96/><T91/><D79/><U88/><E88/><V101/><F101/><W120/><G120/><T90/><D106/><U95/><E95/><V28/><F1/><W131/><G131/><T62/><D102/><U27/><E27/><V6/><F28/><W83/><G34/><T74/><D103/><U72/><E72/><V71/><F6/><W0/><G32/><T8/><D74/><U75/><E75/><V40/><F9/><W63/><G0/><T22/><D30/><U86/><E86/><V41/><F26/><W113/><G83/><N who="0" m="49471" /><D8/><U33/><E33/><V43/><F29/><W94/><G94/><T7/><D7/><U15/><E15/><V132/><F132/><W115/><G14/><T18/><D91/><U48/><E48/><AGARI ba="1,0" hai="38,40,41,42,43,44,48,49,55,59,61,68,70,71" machi="48" ten="50,16000,3" yaku="35,6,52,3" doraHai="65" who="2" fromWho="1" sc="120,0,316,-163,279,163,285,0" /><INIT seed="6,0,0,2,3,53" ten="120,153,442,285" oya="2" hai0="96,106,77,25,89,78,90,38,60,101,125,72,18" hai1="121,107,54,70,111,31,26,82,67,51,34,87,16" hai2="105,64,132,10,109,47,74,41,127,119,120,68,57" hai3="24,58,44,15,9,55,81,73,113,21,98,35,45"/><V71/><F120/><W3/><G113/><T135/><D38/><U99/><E121/><V33/><F119/><W50/><G35/><T83/><D60/><U28/><E111/><V94/><F105/><W12/><G3/><T114/><D25/><U69/><E31/><V37/><F33/><W56/><G73/><N who="0" m="43439" /><D18/><U22/><E67/><V103/><F74/><W134/><G134/><T79/><D135/><U63/><E107/><V61/><F132/><W75/><G75/><T65/><D65/><U49/><E99/><V93/><F109/><W123/><G81/><N who="0" m="45255" /><D114/><U133/><E133/><V122/><F122/><W62/><G98/><N who="0" m="61751" /><D125/><U42/><E42/><V102/><F127/><W84/><G15/><T92/><D79/><N who="1" m="46559" /><E69/><V11/><F71/><W1/><G1/><T36/><D36/><U115/><E115/><V13/><F68/><W88/><G123/><T110/><D110/><U43/><E43/><V52/><F64/><N who="3" m="38983" /><G12/><T17/><D17/><U76/><E76/><V131/><F13/><W112/><G9/><T95/><D95/><U14/><E70/><V8/><F94/><N who="3" m="54535" /><G112/><T130/><D130/><U97/><E97/><V129/><REACH who="2" step="1"/><F93/><REACH who="2" ten="120,153,432,285" step="2"/><W118/><G118/><T5/><D5/><U126/><E126/><V2/><F2/><W29/><AGARI ba="0,1" hai="21,24,29,44,45,50,55,58" m="54535,38983" machi="29" ten="30,7900,0" yaku="8,1,52,2,54,1" doraHai="53" who="3" fromWho="3" sc="120,-20,153,-20,432,-39,285,89" /><INIT seed="7,0,0,0,5,15" ten="100,133,393,374" oya="3" hai0="5,109,19,125,7,124,68,87,22,13,102,42,77" hai1="26,0,73,75,100,38,123,65,114,12,9,6,51" hai2="134,132,40,84,116,83,92,3,130,50,39,95,82" hai3="88,106,74,66,44,10,63,93,20,90,122,1,55"/><W129/><G122/><T25/><D68/><U91/><E38/><V60/><F116/><W117/><G117/><T14/><D102/><U31/><E123/><V121/><F39/><W131/><G106/><T118/><D118/><U34/><E114/><V111/><F3/><W99/><G74/><T94/><D42/><U36/><E36/><V70/><F111/><W112/><G112/><T67/><D109/><U17/><E100/><V107/><F107/><W8/><G90/><T61/><D67/><U126/><E126/><N who="0" m="48745" /><D61/><U29/><E29/><V21/><F130/><N who="3" m="49675" /><G20/><N who="0" m="11375" /><D14/><U105/><E105/><V24/><F121/><W110/><G1/><T46/><D46/><U41/><E65/><V81/><F70/><N who="3" m="42335" /><G110/><T2/><D2/><U97/><E91/><V43/><F84/><W52/><G55/><T53/><D53/><U30/><E30/><V69/><F40/><W56/><G44/><T98/><D98/><U127/><E127/><V96/><F96/><W71/><G71/><T86/><D77/><U32/><E32/><V115/><F115/><W120/><G120/><T64/><D64/><U45/><E97/><V104/><F104/><W28/><G28/><T135/><D135/><N who="2" m="51754" /><F69/><W85/><G99/><T101/><D101/><U11/><AGARI ba="0,0" hai="0,6,9,11,12,17,26,31,34,41,45,51,73,75" machi="11" ten="20,2700,0" yaku="0,1,7,1,52,1" doraHai="15" who="1" fromWho="1" sc="100,-7,133,27,393,-7,374,-13" owari="93,-41.0,160,-24.0,386,49.0,361,16.0" /></mjloggm>