<mjloggm ver="2.3"><GO type="169" lobby="0"/><UN n0="%E6%AD%A6%E5%A8%81" n1="%E3%82%88%E3%81%93%40%63" n2="%E3%82%84%E3%81%BE%E3%81%98%E3%82%8D%E3%81%86" n3="%E3%83%AF%E3%83%8B%54%41" dan="17,17,16,18" rate="2143.78,2149.28,2098.76,2270.01" sx="M,F,M,M"/><TAIKYOKU oya="0"/><INIT seed="0,0,0,5,3,28" ten="250,250,250,250" oya="0" hai0="32,109,42,0,72,49,34,8,54,67,71,24,115" hai1="63,91,107,126,73,3,128,16,18,127,129,15,102" hai2="119,4,53,87,78,36,89,81,31,124,55,94,51" hai3="83,64,12,7,46,21,59,58,68,60,79,35,38"/><T69/><D115/><U45/><E73/><V97/><F36/><W19/><G7/><T13/><D0/><U131/><E107/><V75/><F124/><N who="1" m="47657" /><E102/><V85/><F119/><W20/><G20/><T70/><D67/><U26/><E3/><V112/><F112/><W96/><G96/><T122/><D122/><U120/><E45/><V61/><F4/><W76/><G76/><T33/><D72/><U9/><E63/><V41/><F41/><W132/><G132/><T65/><D65/><U117/><E91/><V80/><F31/><W11/><G21/><T98/><D42/><U130/><E128/><V108/><F108/><W17/><G17/><T111/><D98/><U14/><E26/><V86/><F61/><W66/><G46/><T50/><D24/><U44/><E44/><V23/><F23/><W93/><G66/><T57/><REACH who="0" step="1"/><D50/><REACH who="0" ten="240,250,250,250" step="2"/><U5/><E117/><V106/><F51/><W82/><G64/><T6/><AGARI ba="0,1" hai="6,8,13,32,33,34,49,54,57,69,70,71,109,111" machi="6" ten="50,18000,2" yaku="1,1,2,1,0,1,52,3,53,0" doraHai="28" doraHaiUra="88" who="0" fromWho="0" sc="240,190,250,-60,250,-60,250,-60" /><INIT seed="0,1,0,2,0,44" ten="430,190,190,190" oya="0" hai0="34,121,63,14,80,3,102,100,107,115,56,36,98" hai1="113,13,22,78,26,133,88,7,93,16,116,83,75" hai2="46,85,23,89,62,72,69,101,6,106,70,117,31" hai3="119,25,48,37,18,51,67,87,55,103,122,79,2"/><T66/><D115/><U33/><E116/><V92/><F72/><W76/><G119/><T129/><D121/><U47/><E133/><V127/><F117/><W112/><G112/><T45/><D3/><U111/><E111/><V10/><F127/><W84/><G37/><T32/><D129/><U11/><E113/><V43/><F62/><W27/><G2/><T8/><D100/><U12/><E47/><V42/><F42/><W5/><G5/><T57/><D57/><U86/><REACH who="1" step="1"/><E33/><REACH who="1" ten="430,180,190,190" step="2"/><V4/><F70/><W94/><G122/><T50/><D36/><U99/><E99/><V132/><F69/><W73/><G73/><T40/><REACH who="0" step="1"/><D80/><REACH who="0" ten="420,180,190,190" step="2"/><U90/><E90/><V61/><F89/><W17/><G103/><T82/><D82/><U39/><E39/><V1/><F101/><W105/><G79/><T41/><D41/><U54/><E54/><V96/><F43/><W49/><G55/><T118/><D118/><U64/><E64/><V60/><F132/><W104/><G67/><T59/><D59/><U0/><AGARI ba="1,2" hai="0,7,11,12,13,16,22,26,75,78,83,86,88,93" machi="0" ten="20,12000,2" yaku="1,1,0,1,7,1,54,2,53,1" doraHai="44" doraHaiUra="91" who="1" fromWho="1" sc="420,-61,180,143,190,-31,190,-31" /><INIT seed="1,0,0,0,5,0" ten="359,323,159,159" oya="1" hai0="52,90,86,64,104,124,46,58,113,130,99,53,127" hai1="73,123,51,34,20,47,61,112,74,5,108,84,110" hai2="133,92,94,126,70,17,19,42,79,55,12,35,10" hai3="101,87,107,69,129,97,114,43,23,21,68,93,132"/><U102/><E112/><V30/><F126/><N who="0" m="48170" /><D113/><U14/><E123/><V82/><F133/><W91/><G114/><T88/><D130/><U128/><E34/><V11/><F70/><W65/><G132/><T57/><D64/><U28/><E102/><V45/><F55/><N who="0" m="21066" /><D46/><U62/><E84/><V3/><F30/><W1/><G43/><T77/><D77/><U98/><E98/><V60/><F35/><W131/><G65/><T32/><D32/><U83/><E128/><V85/><F60/><N who="1" m="23145" /><E51/><V96/><F96/><W116/><G129/><T31/><D31/><U50/><E50/><V22/><F10/><W106/><G131/><T67/><D67/><U75/><E47/><V100/><F100/><W111/><G101/><N who="0" m="62527" /><D90/><U122/><E122/><V120/><F120/><W48/><G69/><T81/><AGARI ba="0,0" hai="57,58,81,86,88" m="62527,21066,48170" machi="81" ten="30,4000,0" yaku="18,1,54,2" doraHai="0" who="0" fromWho="0" sc="359,40,323,-20,159,-10,159,-10" /><INIT seed="2,0,0,0,3,122" ten="399,303,149,149" oya="2" hai0="87,103,52,4,61,62,8,39,10,1,82,130,105" hai1="90,55,101,84,123,127,25,9,50,67,97,96,73" hai2="71,121,80,74,30,28,18,37,59,34,23,5,77" hai3="41,70,68,102,15,124,7,112,2,57,43,86,109"/><V83/><F71/><W33/><G33/><T54/><D39/><U24/><E73/><V21/><F121/><W135/><G2/><T51/><D130/><U75/><E75/><V3/><F37/><W45/><G135/><T120/><D120/><U128/><E128/><V58/><F34/><W69/><G102/><T118/><D118/><U131/><E131/><V42/><F42/><W79/><G124/><T99/><D10/><U132/><E67/><V95/><F95/><W47/><G7/><T134/><D134/><U17/><E127/><V100/><F100/><W19/><G112/><T22/><D22/><U38/><E38/><V64/><F3/><W113/><G113/><T117/><D117/><U129/><E129/><V88/><F5/><W104/><G104/><T85/><D85/><U66/><E66/><V32/><F32/><W116/><G116/><T60/><REACH who="0" step="1"/><D51/><REACH who="0" ten="389,303,149,149" step="2"/><U0/><E50/><V13/><F23/><W111/><G86/><T56/><D56/><U133/><E133/><V78/><F58/><W36/><G57/><T46/><D46/><N who="3" m="17417" /><G36/><T93/><D93/><U27/><E132/><V107/><F107/><W65/><G43/><T91/><AGARI ba="0,1" hai="1,4,8,52,54,60,61,62,82,87,91,99,103,105" machi="91" ten="30,7900,0" yaku="1,1,0,1,54,1,53,1" doraHai="122" doraHaiUra="94" who="0" fromWho="0" sc="389,89,303,-20,149,-39,149,-20" /><INIT seed="3,0,0,3,3,70" ten="478,283,110,129" oya="3" hai0="83,16,38,62,54,122,92,135,130,12,91,133,114" hai1="99,110,78,104,11,25,32,51,87,85,79,93,111" hai2="125,7,120,117,67,115,4,108,121,132,58,106,44" hai3="35,128,84,26,105,63,94,39,45,131,74,18,71"/><W10/><G105/><T42/><D122/><U22/><E32/><V124/><F106/><W50/><G74/><T82/><D130/><N who="3" m="49705" /><G10/><T36/><D54/><U113/><E51/><V129/><F129/><W88/><G71/><T41/><D62/><U76/><E104/><V1/><F117/><W28/><G63/><T97/><D42/><U68/><E11/><V17/><F1/><W15/><G18/><T90/><D41/><U0/><E0/><V9/><F9/><W37/><G15/><T95/><D114/><U5/><E5/><V126/><F17/><W6/><G6/><T75/><D75/><U30/><E68/><V100/><F7/><W8/><G8/><N who="0" m="6151" /><D83/><U127/><E113/><V89/><F4/><W81/><G81/><T48/><D48/><U72/><E72/><V56/><F115/><W53/><AGARI ba="0,0" hai="26,28,35,37,39,45,50,53,84,88,94" m="49705" machi="53" ten="30,11700,0" yaku="19,1,52,2,54,1" doraHai="70" who="3" fromWho="3" sc="478,-39,283,-39,110,-39,129,117" /><INIT seed="3,1,0,4,3,101" ten="439,244,71,246" oya="3" hai0="31,82,27,132,57,38,61,89,130,73,94,12,72" hai1="68,127,24,55,91,51,79,108,25,49,48,43,22" hai2="123,4,10,34,99,100,3,126,114,60,87,39,63" hai3="23,1,58,59,33,113,98,96,95,120,128,41,112"/><W69/><G120/><T133/><D38/><U115/><E68/><V42/><F123/><W134/><G69/><T6/><D130/><U14/><E115/><V84/><F114/><W53/><G33/><T62/><D6/><U29/><E79/><V125/><F34/><W21/><G128/><T85/><D12/><U105/><E105/><V124/><F42/><W75/><G75/><T81/><D81/><U78/><E78/><V46/><F46/><W35/><G35/><N who="0" m="20991" /><D82/><U93/><E108/><V92/><F39/><W17/><G41/><T15/><D15/><U111/><E127/><V7/><F7/><W102/><G1/><T40/><D40/><U135/><E135/><N who="0" m="51785" /><D62/><AGARI ba="1,0" hai="3,4,10,60,62,63,84,87,92,99,100,124,125,126" machi="62" ten="40,1300,0" yaku="18,1" doraHai="101" who="2" fromWho="0" sc="439,-16,244,0,71,16,246,0" /><INIT seed="4,0,0,1,1,23" ten="423,244,87,246" oya="0" hai0="6,122,124,117,102,104,28,86,91,123,78,107,66" hai1="41,11,63,64,53,4,61,46,115,87,73,77,99" hai2="51,45,68,133,113,55,100,12,54,97,16,8,131" hai3="29,60,95,83,5,111,88,44,108,1,25,71,70"/><T69/><D6/><U30/><E115/><V65/><F113/><W20/><G44/><T17/><D17/><U129/><E129/><V96/><F131/><W126/><G126/><T118/><D66/><U74/><E53/><V24/><F133/><W121/><G83/><T112/><D69/><U135/><E99/><V38/><F38/><W19/><G121/><N who="0" m="46091" /><D28/><U49/><E135/><V76/><F76/><W58/><G71/><T43/><D43/><U33/><E61/><V67/><F96/><W21/><G70/><T57/><D57/><U80/><E63/><V7/><F55/><W13/><G5/><T36/><D36/><U101/><E101/><V79/><F79/><W134/><G1/><T14/><D14/><N who="1" m="5479" /><E64/><V72/><F72/><W105/><G105/><N who="0" m="40523" /><D102/><U128/><E128/><V59/><F68/><W34/><G34/><T32/><D32/><U98/><E98/><V110/><F45/><W40/><G40/><T0/><D0/><U116/><E116/><V2/><F2/><W75/><G134/><T37/><D37/><U109/><E109/><V31/><F110/><W125/><G111/><T48/><D48/><U56/><E56/><V120/><F120/><W132/><G108/><T47/><D47/><U18/><E18/><V22/><REACH who="2" step="1"/><F7/><REACH who="2" ten="423,244,77,246" step="2"/><W85/><G132/><T26/><D117/><U84/><E73/><V15/><F15/><W35/><G75/><T62/><D118/><U103/><E103/><V50/><F50/><W3/><G3/><T130/><D112/><U119/><E119/><V39/><F39/><W52/><G13/><T90/><D130/><RYUUKYOKU ba="0,1" sc="423,-15,244,15,77,15,246,-15" hai1="30,33,41,46,49,74,77,80,84,87" hai2="8,12,16,22,24,31,51,54,59,65,67,97,100" /><INIT seed="5,1,1,0,2,23" ten="408,259,92,231" oya="1" hai0="121,73,54,36,65,79,90,66,117,32,78,13,108" hai1="125,122,132,118,129,4,84,29,3,52,99,1,35" hai2="58,30,22,77,91,60,44,93,63,8,119,5,88" hai3="42,49,0,18,104,57,111,96,127,56,12,113,106"/><U15/><E99/><V19/><F119/><W11/><G111/><T40/><D108/><U98/><E52/><N who="2" m="33863" /><F77/><W107/><G0/><N who="1" m="74" /><E84/><N who="2" m="52359" /><F5/><W115/><G127/><T67/><D79/><U105/><E35/><V45/><F63/><W85/><G85/><T116/><D78/><U83/><E98/><V31/><F8/><W20/><G96/><T25/><D73/><U48/><E105/><V2/><F2/><W64/><G11/><T94/><D36/><U123/><E4/><V72/><F72/><W87/><G87/><T17/><D32/><U134/><E118/><V16/><F91/><W46/><G64/><T68/><D90/><U47/><E122/><V9/><F9/><W135/><G106/><T120/><D120/><U69/><E69/><V62/><F62/><W21/><G107/><T74/><D68/><U75/><E75/><V51/><F19/><W41/><G104/><T102/><D74/><U131/><E123/><V100/><F100/><W130/><G18/><T59/><D102/><U7/><E7/><V27/><F45/><W39/><G46/><T86/><D121/><U38/><E47/><V61/><F61/><W33/><G39/><T26/><D116/><U109/><E38/><V112/><F112/><W37/><G33/><T24/><D117/><U70/><E70/><V81/><F81/><W89/><G37/><T110/><D110/><U133/><E83/><V128/><F128/><W82/><G130/><T14/><D17/><U34/><E129/><V80/><F80/><W71/><G115/><T92/><D92/><U76/><E131/><V101/><F101/><RYUUKYOKU ba="1,1" sc="408,-10,259,-10,92,30,231,-10" hai2="16,22,27,30,31,44,51" /><INIT seed="6,2,1,4,1,121" ten="398,249,122,221" oya="2" hai0="69,107,93,114,133,131,11,26,58,87,1,111,134" hai1="65,18,86,56,92,83,54,17,28,117,127,4,119" hai2="68,63,74,0,39,96,48,79,32,99,59,70,120" hai3="16,124,62,80,50,20,135,8,44,14,52,91,31"/><V40/><F120/><W123/><G123/><T19/><D111/><U82/><E127/><V49/><F32/><W113/><G124/><T118/><D69/><U36/><E36/><V88/><F0/><W23/><G135/><T97/><D114/><U66/><E4/><V60/><F39/><W22/><G113/><T38/><D38/><U57/><E28/><V105/><F79/><W132/><G132/><T76/><D107/><U125/><E125/><V77/><F77/><W115/><G115/><T35/><D131/><U55/><E92/><V72/><F59/><W27/><G62/><T130/><D130/><U90/><E90/><V9/><F9/><W15/><G14/><T61/><D118/><U51/><E51/><V85/><F85/><AGARI ba="2,1" hai="8,15,16,20,22,23,27,31,44,50,52,80,85,91" machi="85" ten="40,8000,1" yaku="25,2,8,1,54,2" doraHai="121" who="3" fromWho="2" sc="398,0,249,0,122,-86,221,96" /><AGARI ba="2,0" hai="17,18,54,55,56,57,65,66,82,83,85,86,117,119" machi="85" ten="25,1600,0" yaku="22,2" doraHai="121" who="1" fromWho="2" sc="398,0,249,16,36,-16,317,0" /><INIT seed="7,0,0,5,3,6" ten="398,265,20,317" oya="3" hai0="36,127,79,8,49,77,102,42,75,19,37,1,97" hai1="128,83,23,130,129,11,63,46,120,100,44,40,126" hai2="5,135,119,60,58,70,21,43,57,27,112,2,34" hai3="93,131,7,111,66,84,124,30,69,56,121,117,16"/><W109/><G117/><T123/><D123/><U99/><E120/><V113/><F119/><W73/><G73/><T32/><D32/><U62/><E126/><V38/><F34/><W96/><G121/><T26/><D49/><U74/><E23/><V95/><F95/><W15/><G69/><T98/><D37/><U105/><E46/><V106/><F106/><W85/><G131/><T10/><D77/><U35/><E35/><V28/><F135/><W125/><G7/><N who="0" m="1135" /><D102/><U33/><E33/><V31/><F43/><W4/><G4/><T76/><D76/><U52/><E74/><V108/><F5/><W89/><G30/><T65/><D65/><U50/><E83/><V9/><F21/><N who="3" m="11423" /><G56/><T94/><D94/><U107/><E107/><V116/><F116/><W17/><G17/><T67/><D127/><N who="3" m="48713" /><G66/><T104/><D67/><U22/><E22/><V24/><F70/><W3/><G3/><T91/><D19/><U71/><E71/><V115/><F2/><W29/><G29/><T18/><D18/><U133/><E133/><V55/><F113/><W39/><G39/><T92/><D36/><U82/><E40/><V132/><F132/><W20/><G20/><T80/><D42/><U72/><REACH who="1" step="1"/><E11/><REACH who="1" ten="398,255,20,317" step="2"/><V25/><F9/><W53/><G53/><T68/><D10/><U101/><E101/><V87/><F55/><W48/><G48/><T0/><D68/><U122/><E122/><V118/><F38/><W54/><G54/><T81/><D0/><U90/><E90/><V59/><F118/><W114/><G114/><T88/><D75/><U47/><E47/><RYUUKYOKU ba="0,1" sc="398,-15,255,15,20,-15,317,15" hai1="44,50,52,62,63,72,82,99,100,105,128,129,130" hai3="84,85,89,93,96,109,111" /><INIT seed="7,1,1,3,4,110" ten="383,270,5,332" oya="3" hai0="46,102,67,33,8,112,97,107,131,86,72,57,74" hai1="39,14,85,80,0,83,117,56,75,31,24,10,62" hai2="29,70,40,108,109,122,52,42,6,115,87,69,55" hai3="99,71,82,23,27,61,126,95,116,18,48,11,92"/><W111/><G116/><T89/><D33/><U113/><E117/><V3/><F29/><W2/><G111/><N who="2" m="42569" /><F6/><W5/><G126/><T98/><D98/><U84/><E39/><V105/><F3/><W50/><G82/><T41/><D8/><U53/><E0/><V94/><F105/><W90/><REACH who="3" step="1"/><G95/><REACH who="3" ten="383,270,5,322" step="2"/><T133/><D107/><U51/><E75/><V63/><F94/><W120/><G120/><T58/><D74/><U43/><E83/><V19/><F87/><W34/><G34/><T124/><D86/><U114/><E84/><V1/><F122/><W81/><G81/><T134/><D124/><U22/><E85/><V79/><F79/><W26/><G26/><T121/><D72/><U118/><E118/><V77/><F77/><W30/><G30/><T68/><D121/><U66/><E80/><V16/><F1/><W130/><G130/><T129/><D129/><U13/><E43/><N who="2" m="16427" /><F115/><N who="1" m="44041" /><E10/><V60/><F19/><W59/><G59/><AGARI ba="1,2" hai="13,14,22,24,31,51,53,56,59,62,66" m="44041" machi="59" ten="30,7700,0" yaku="15,1,52,3" doraHai="110" who="1" fromWho="3" sc="383,0,270,100,5,0,322,-80" owari="383,48.0,370,17.0,5,-49.0,242,-16.0" /></mjloggm>