<mjloggm ver="2.3"><GO type="169" lobby="0"/><UN n0="%E4%B9%9D%E4%B8%88%E8%8A%B1%E9%9F%B3" n1="%67%6F%74%61%70%6F%6F%68" n2="%E3%81%A8%E3%81%B3%E3%81%BE%E3%81%93" n3="%62%6F%6F%6B%65%72%4B" dan="16,16,16,16" rate="2183.13,2168.79,2067.46,2106.36" sx="F,M,M,M"/><TAIKYOKU oya="0"/><INIT seed="0,0,0,2,5,17" ten="250,250,250,250" oya="0" hai0="20,81,55,102,101,113,84,124,2,67,91,40,66" hai1="69,73,24,97,29,135,61,117,9,85,28,103,22" hai2="125,49,64,10,126,94,52,77,7,74,35,53,51" hai3="41,65,62,105,46,25,56,132,134,58,70,39,107"/><T14/><D113/><U109/><E117/><V112/><F112/><W76/><G76/><T111/><D2/><U86/><E109/><V99/><F35/><W121/><G105/><T110/><D124/><N who="2" m="47722" /><F64/><N who="0" m="24618" /><D40/><U96/><E73/><V30/><F30/><W59/><G107/><T42/><D42/><U95/><E69/><V129/><F129/><W45/><G25/><T21/><D55/><N who="2" m="21066" /><F77/><W115/><G46/><T82/><D14/><U15/><E135/><N who="3" m="51754" /><G115/><T92/><D82/><U32/><E61/><V3/><F74/><W119/><G119/><T116/><D81/><U75/><E75/><V0/><F0/><W63/><G63/><T19/><D19/><U18/><E32/><V8/><F8/><W13/><G13/><T71/><D71/><U128/><E128/><V12/><F3/><W122/><AGARI ba="0,0" hai="39,41,45,56,58,59,62,65,70,121,122" m="51754" machi="122" ten="40,5200,0" yaku="20,1,34,2" doraHai="17" who="3" fromWho="3" sc="250,-26,250,-13,250,-13,250,52" /><INIT seed="1,0,0,1,4,19" ten="224,237,237,302" oya="1" hai0="94,70,124,87,79,97,2,115,93,23,108,81,32" hai1="63,122,22,112,25,102,64,118,10,13,43,131,114" hai2="71,92,78,54,44,91,106,77,30,65,67,8,130" hai3="52,24,128,5,86,36,59,26,109,50,60,48,42"/><U76/><E118/><V37/><F106/><W117/><G128/><T105/><D70/><U4/><E122/><V27/><F130/><W53/><G109/><T41/><D108/><U16/><E131/><V125/><F125/><W15/><G36/><T116/><D32/><U120/><E120/><V84/><F8/><N who="3" m="4495" /><G42/><T83/><D2/><U33/><E43/><V129/><F129/><W47/><G117/><T123/><D41/><U119/><E119/><V135/><F135/><W14/><G60/><T107/><D23/><U39/><E39/><V34/><F37/><W40/><G40/><T20/><D20/><U56/><E76/><V110/><F110/><W96/><G96/><T58/><D58/><U3/><E102/><V9/><F9/><W61/><G61/><T74/><D116/><U55/><E55/><V132/><F132/><W133/><G14/><T57/><D57/><U35/><E35/><V73/><F71/><W99/><G99/><T103/><D123/><U134/><E134/><V46/><F73/><W85/><G133/><T80/><D124/><U127/><E127/><V121/><F121/><W89/><G86/><T1/><D1/><U90/><E90/><V95/><F54/><W11/><G11/><T7/><D7/><U12/><E12/><V6/><F6/><W75/><G75/><T0/><D0/><U62/><E62/><V69/><F69/><W98/><G98/><N who="0" m="59863" /><D115/><U21/><E33/><V104/><F104/><N who="0" m="40010" /><D74/><U45/><E45/><N who="2" m="17515" /><F67/><W17/><G53/><T18/><D18/><AGARI ba="0,0" hai="3,4,10,13,16,18,21,22,25,56,63,64,112,114" machi="18" ten="30,11600,0" yaku="7,1,52,2,54,1" doraHai="19" who="1" fromWho="0" sc="224,-116,237,116,237,0,302,0" /><INIT seed="1,1,0,3,5,70" ten="108,353,237,302" oya="1" hai0="73,112,26,72,110,62,67,49,133,74,76,98,95" hai1="135,90,94,5,114,22,10,7,127,119,78,101,111" hai2="103,23,2,126,102,3,48,61,117,125,45,131,109" hai3="116,41,86,130,33,134,18,0,47,57,121,85,118"/><U79/><E114/><V43/><F117/><N who="3" m="45163" /><G0/><N who="2" m="41" /><F109/><W124/><G33/><T38/><D112/><U82/><E119/><V100/><F61/><W69/><G69/><T34/><D76/><U89/><E135/><V39/><F23/><W40/><G130/><T6/><D6/><N who="1" m="2059" /><E10/><V4/><F4/><W35/><G35/><T122/><D122/><U59/><E127/><N who="2" m="48651" /><F131/><W13/><G41/><T28/><D110/><U80/><E101/><V52/><F103/><W65/><G121/><T17/><D133/><U1/><E1/><V99/><F99/><W113/><G134/><T107/><D49/><U77/><E111/><V12/><F12/><W24/><G24/><T105/><D17/><U115/><E115/><V55/><F55/><W128/><G128/><T97/><D97/><U15/><E15/><V9/><F9/><N who="3" m="6447" /><G113/><T91/><REACH who="0" step="1"/><D38/><REACH who="0" ten="98,353,237,302" step="2"/><U104/><E79/><V21/><F21/><W19/><G19/><T36/><D36/><U29/><E77/><V108/><F108/><W56/><G124/><T25/><D25/><U50/><E78/><V71/><F71/><AGARI ba="1,1" hai="26,28,34,62,67,71,72,73,74,91,95,98,105,107" machi="71" ten="40,2600,0" yaku="1,1,53,1" doraHai="70" doraHaiUra="88" who="0" fromWho="2" sc="98,39,353,0,237,-29,302,0" /><INIT seed="2,0,0,2,5,106" ten="137,353,208,302" oya="2" hai0="45,40,113,77,128,22,50,90,25,30,96,66,27" hai1="95,48,84,59,100,56,42,103,14,72,44,28,117" hai2="3,12,15,134,112,41,89,31,71,75,24,6,0" hai3="98,61,91,126,121,7,76,73,120,62,111,116,88"/><V19/><F71/><W10/><G111/><T23/><D113/><U81/><E72/><V5/><F75/><W74/><G126/><T51/><D128/><U55/><E117/><V2/><F112/><W110/><G110/><T53/><D66/><U20/><E59/><V69/><F41/><W11/><G7/><N who="2" m="2569" /><F69/><W108/><G108/><T82/><D96/><U52/><E95/><V124/><F89/><W125/><G98/><T1/><D1/><U67/><E67/><V47/><F47/><W87/><G125/><T133/><D133/><U118/><E118/><V39/><F39/><W132/><G116/><T35/><D90/><U34/><E42/><V114/><F114/><W92/><G87/><T79/><D35/><U32/><E100/><V131/><F131/><W58/><G58/><T115/><D115/><U54/><E54/><V123/><F123/><W127/><G127/><T119/><D82/><U9/><E103/><V78/><F78/><W13/><G76/><T97/><D97/><U122/><E84/><V130/><F130/><W33/><G33/><T60/><D60/><N who="1" m="35847" /><E81/><V135/><F124/><W26/><G92/><T104/><D104/><U102/><E122/><V16/><F134/><W93/><G93/><T70/><D70/><U80/><E80/><V18/><F135/><W94/><G94/><T83/><D83/><U8/><E102/><V49/><F49/><W63/><G132/><T17/><REACH who="0" step="1"/><D119/><REACH who="0" ten="127,353,208,302" step="2"/><U46/><E34/><AGARI ba="0,1" hai="0,2,3,12,15,16,18,19,24,31,34" m="2569" machi="34" ten="40,18000,2" yaku="35,5,54,1" doraHai="106" who="2" fromWho="1" sc="127,0,353,-180,208,190,302,0" /><INIT seed="2,1,0,0,1,110" ten="127,173,398,302" oya="2" hai0="84,74,1,43,105,104,92,47,72,71,7,80,108" hai1="38,134,26,52,126,87,93,49,81,23,68,40,41" hai2="94,62,86,77,15,98,89,132,10,3,133,115,32" hai3="53,5,112,88,36,76,55,114,34,82,21,31,22"/><V27/><F3/><W96/><G36/><T102/><D108/><U19/><E68/><V61/><F77/><W78/><G34/><T70/><D92/><U95/><E134/><N who="2" m="51819" /><F32/><W73/><G78/><N who="0" m="44119" /><D72/><U9/><E126/><V85/><F115/><N who="3" m="44075" /><G5/><T113/><D102/><U14/><E38/><V101/><F27/><N who="3" m="16879" /><G22/><T90/><D84/><N who="2" m="32362" /><F101/><W44/><G44/><T123/><D90/><N who="1" m="51567" /><E95/><AGARI ba="1,0" hai="53,55,73,76,82,88,95,96" m="16879,44075" machi="95" ten="30,8000,1" yaku="11,1,52,3,54,1" doraHai="110" who="3" fromWho="1" sc="127,0,173,-83,398,0,302,83" /><INIT seed="3,0,0,4,1,79" ten="127,90,398,385" oya="3" hai0="10,92,101,66,4,73,22,58,49,124,24,97,114" hai1="1,61,12,107,88,115,100,14,8,81,129,98,105" hai2="9,75,59,90,38,17,126,85,39,64,41,116,57" hai3="72,133,118,20,18,83,93,117,111,91,48,89,110"/><W94/><G48/><T62/><D124/><U86/><E129/><V16/><F116/><W54/><G54/><T56/><D114/><U34/><E115/><V106/><F106/><W71/><G71/><T31/><D73/><U102/><E34/><V25/><F75/><W84/><G72/><T99/><D99/><U6/><E61/><V69/><F69/><W78/><G20/><T33/><D33/><U104/><E1/><V3/><F126/><W44/><G44/><T29/><D29/><U70/><E70/><V47/><F39/><W46/><G46/><T87/><D87/><U42/><E42/><V80/><F64/><W0/><G0/><T77/><D77/><U30/><E30/><V128/><F128/><W109/><G18/><T60/><D49/><U68/><E68/><V23/><REACH who="2" step="1"/><F17/><REACH who="2" ten="127,90,388,385" step="2"/><W123/><G123/><T96/><D96/><U13/><E98/><V135/><F135/><W112/><G133/><T134/><D134/><U119/><E119/><N who="3" m="45578" /><G112/><T63/><REACH who="0" step="1"/><D58/><REACH who="0" ten="117,90,388,385" step="2"/><U43/><E102/><V76/><F76/><W40/><G78/><T127/><D127/><U67/><E100/><V45/><F45/><W113/><G113/><T7/><D7/><AGARI ba="0,2" hai="3,7,9,16,23,25,38,41,47,57,59,80,85,90" machi="7" ten="40,5200,0" yaku="1,1,52,1,54,1,53,0" doraHai="79" doraHaiUra="27" who="2" fromWho="0" sc="117,-52,90,0,388,72,385,0" /><INIT seed="4,0,0,3,0,110" ten="65,90,460,385" oya="0" hai0="53,18,55,19,20,46,131,114,67,122,42,63,47" hai1="89,104,77,119,91,11,12,75,71,116,40,130,132" hai2="27,117,118,76,100,15,81,135,7,10,36,56,16" hai3="17,79,32,121,44,14,9,87,70,3,95,52,105"/><T85/><D122/><U31/><E104/><V73/><F135/><W90/><G105/><T68/><D131/><U65/><E40/><V107/><F36/><W57/><G70/><T94/><D47/><U97/><E31/><V133/><F133/><W102/><G32/><T112/><D85/><U39/><E39/><V35/><F56/><W29/><G29/><T125/><D125/><U80/><E132/><V109/><F109/><W96/><G3/><T86/><D19/><U25/><E25/><V83/><F83/><W120/><G79/><T30/><D30/><U108/><E108/><V72/><F72/><W127/><G127/><T61/><D86/><U134/><E134/><V26/><F35/><W74/><G74/><T113/><D94/><U22/><E22/><V128/><F128/><W123/><G44/><T92/><D92/><U28/><E28/><V111/><F111/><W48/><G87/><T8/><D8/><U45/><E45/><V103/><F107/><W101/><AGARI ba="0,0" hai="9,14,17,48,52,57,90,95,96,101,102,120,121,123" machi="101" ten="40,5200,0" yaku="0,1,13,1,54,1" doraHai="110" who="3" fromWho="3" sc="65,-26,90,-13,460,-13,385,52" /><INIT seed="5,0,0,2,3,74" ten="39,77,447,437" oya="1" hai0="7,106,29,131,66,123,130,58,13,69,65,105,33" hai1="54,39,127,0,100,44,104,129,108,24,89,92,70" hai2="87,15,79,88,6,122,17,26,60,37,16,96,22" hai3="111,71,25,28,55,128,81,112,78,118,119,76,51"/><U120/><E0/><V57/><F37/><W135/><G71/><T46/><D69/><U62/><E120/><V103/><F122/><W125/><G111/><T4/><D123/><U98/><E129/><N who="0" m="49161" /><D46/><U20/><E127/><V126/><F126/><W35/><G135/><T56/><D29/><U5/><E5/><N who="0" m="2121" /><D13/><U21/><E108/><V77/><F96/><W19/><G128/><T86/><D86/><U9/><E9/><N who="2" m="6255" /><F103/><W31/><G31/><T93/><D93/><U72/><E72/><V32/><F32/><W30/><G30/><T45/><D45/><U48/><E39/><V68/><F68/><W63/><G81/><T101/><D101/><U83/><E24/><V84/><F6/><W132/><G132/><T11/><D11/><U117/><E117/><N who="3" m="44554" /><G19/><T94/><D94/><U107/><E83/><N who="2" m="49183" /><F87/><W42/><G112/><T102/><D102/><U91/><E107/><N who="0" m="40969" /><D33/><U40/><E104/><V80/><F80/><W82/><G82/><T115/><D115/><U27/><E70/><V49/><F49/><W109/><G35/><T8/><D8/><U12/><E12/><V36/><F36/><W124/><G25/><T23/><D23/><N who="1" m="8779" /><E27/><V73/><F73/><W18/><G28/><T85/><D85/><U53/><E91/><V110/><F110/><W114/><G109/><T50/><D50/><U47/><E100/><V67/><AGARI ba="0,0" hai="17,22,26,57,60,67,77,79" m="49183,6255" machi="67" ten="30,8000,1" yaku="8,1,52,2,54,2" doraHai="74" who="2" fromWho="2" sc="39,-20,77,-40,447,80,437,-20" /><INIT seed="6,0,0,1,1,105" ten="19,37,527,417" oya="2" hai0="62,55,9,88,111,120,37,67,82,78,104,91,47" hai1="72,43,107,80,2,12,122,135,64,73,77,90,128" hai2="83,100,14,39,60,1,117,29,46,15,131,10,108" hai3="102,125,31,123,61,70,81,133,106,24,93,54,38"/><V5/><F117/><W23/><G38/><T134/><D111/><U8/><E64/><V76/><F108/><W119/><G123/><T33/><D120/><U28/><E122/><V132/><F132/><W115/><G133/><T92/><D134/><U32/><E135/><V16/><F131/><W40/><G40/><T49/><D104/><U17/><E128/><V59/><F100/><W57/><G125/><T3/><D33/><U58/><E107/><V41/><F29/><W11/><G106/><T94/><D37/><U101/><E101/><V110/><F110/><W84/><G11/><T129/><D129/><U20/><E58/><V45/><F45/><W79/><G115/><T52/><D3/><U30/><E43/><V26/><F26/><W126/><G126/><T95/><D9/><U112/><E112/><V124/><F16/><N who="3" m="12391" /><G70/><T13/><D13/><U6/><E90/><V103/><F103/><W121/><G119/><T65/><D55/><U130/><E130/><V50/><F124/><W34/><G34/><T21/><D21/><U63/><E63/><V114/><F114/><W44/><G44/><T96/><D62/><U86/><E30/><V18/><F18/><W98/><G121/><T56/><D47/><U127/><E127/><V68/><F68/><W48/><G31/><T51/><D51/><AGARI ba="0,0" hai="48,51,54,57,61,79,81,84,93,98,102" m="12391" machi="51" ten="30,2000,0" yaku="8,1,54,1" doraHai="105" who="3" fromWho="0" sc="19,-20,37,0,527,0,417,20" owari="-1,-50.0,37,-36.0,527,62.0,437,24.0" /></mjloggm>