<mjloggm ver="2.3"><GO type="225" lobby="0"/><UN n0="%E9%BA%BB%E9%9B%80%E3%81%9F%E3%81%AE%E3%81%97" n1="%E3%82%8C%E3%81%A3%E3%81%A9%E3%81%A9%E3%81%A3%E3%81%90" n2="%E8%88%B9%E8%A6%8B%E7%B5%90%E8%A1%A3%E3%81%A1%E3%82%83%E3%82%93" n3="%E5%A4%A7%E5%AE%AE%E5%BF%8D%76" dan="16,16,16,17" rate="2151.67,2065.85,2171.01,2207.30" sx="F,F,F,M"/><TAIKYOKU oya="0"/><INIT seed="0,0,0,4,4,135" ten="250,250,250,250" oya="0" hai0="2,109,47,36,69,28,8,74,125,39,91,79,115" hai1="112,15,70,58,26,24,78,4,1,119,60,85,94" hai2="98,128,0,81,82,37,10,67,22,73,49,83,35" hai3="116,132,108,23,51,32,19,14,76,92,65,104,40"/><T134/><D69/><U29/><E70/><V20/><F37/><W124/><G116/><T46/><D115/><U130/><E119/><V121/><F35/><W11/><G32/><T133/><D28/><U102/><E1/><V80/><F121/><W106/><G108/><T131/><D131/><U89/><E130/><V86/><F128/><W6/><G132/><N who="0" m="50795" /><D91/><U87/><E102/><V45/><F73/><W64/><G104/><T31/><D31/><U68/><E68/><V71/><F71/><W111/><G106/><T56/><D56/><U107/><E107/><V54/><F67/><W127/><G111/><T33/><D33/><U7/><E15/><V129/><F129/><W52/><G40/><T122/><D109/><U118/><E26/><V120/><F120/><W77/><G92/><T9/><D122/><U27/><E27/><V123/><F123/><W113/><G113/><T62/><D62/><U43/><E43/><V100/><F0/><W96/><G96/><T97/><D97/><U84/><E118/><V57/><F57/><N who="3" m="32927" /><G76/><T16/><D125/><N who="3" m="48201" /><G77/><T90/><D90/><U117/><E78/><N who="2" m="46455" /><F98/><W93/><G93/><T63/><D63/><U101/><E117/><V13/><F100/><W75/><G75/><T103/><D103/><U21/><E101/><V126/><F126/><W3/><AGARI ba="0,0" hai="3,6,11,14,19,23,64,65" m="48201,32927" machi="3" ten="30,8000,1" yaku="18,1,52,3,54,1" doraHai="135" who="3" fromWho="3" sc="250,-40,250,-20,250,-20,250,80" /><INIT seed="1,0,0,3,3,132" ten="210,230,230,330" oya="1" hai0="68,101,52,126,24,81,18,42,4,39,1,108,58" hai1="46,11,53,96,111,118,36,12,27,44,85,2,13" hai2="30,23,38,124,107,113,74,62,72,135,134,129,29" hai3="48,95,65,90,51,45,59,25,40,7,9,43,88"/><U67/><E118/><V79/><F113/><W69/><G25/><T56/><D68/><U80/><E67/><V98/><F129/><W103/><G69/><T64/><D108/><U84/><E111/><V82/><F38/><W76/><G76/><T120/><D120/><U83/><E96/><V54/><F124/><W125/><G125/><T122/><D122/><U15/><E36/><V110/><F110/><W91/><G65/><T5/><D101/><U34/><E53/><V97/><F72/><W6/><G9/><T89/><D42/><U22/><E34/><V19/><F98/><N who="3" m="59871" /><G43/><T131/><D39/><U41/><E41/><V61/><F97/><W105/><G105/><T123/><D123/><U130/><E130/><V104/><F104/><W55/><AGARI ba="0,0" hai="6,7,40,45,48,51,55,59,88,90,91" m="59871" machi="55" ten="30,2000,0" yaku="8,1,54,1" doraHai="132" who="3" fromWho="3" sc="210,-5,230,-10,230,-5,330,20" /><INIT seed="2,0,0,2,3,114" ten="205,220,225,350" oya="2" hai0="107,61,48,56,43,87,59,83,13,92,5,47,19" hai1="93,109,27,131,22,75,1,26,125,117,108,41,23" hai2="14,77,51,53,124,128,16,68,115,105,52,106,133" hai3="36,45,129,63,40,116,98,57,72,71,99,64,62"/><V78/><F115/><W7/><G7/><T28/><D107/><U79/><E41/><V95/><F68/><W134/><G72/><T12/><D28/><U25/><E1/><V35/><F35/><W94/><G99/><T15/><D92/><U84/><E75/><V85/><F133/><W88/><G134/><T55/><D5/><U89/><E79/><V100/><F128/><W18/><G129/><T123/><D123/><U20/><E131/><V96/><F124/><W104/><G18/><T135/><D135/><U120/><E120/><V121/><F121/><W0/><G0/><T58/><REACH who="0" step="1"/><D19/><REACH who="0" ten="195,220,225,350" step="2"/><U81/><E125/><V6/><F6/><W39/><G104/><T38/><D38/><U10/><E93/><V2/><F2/><W80/><G36/><T3/><D3/><U50/><E10/><V70/><F106/><W60/><G39/><T110/><D110/><N who="1" m="42603" /><E50/><V111/><F111/><W130/><G94/><T97/><D97/><U86/><E86/><V119/><F105/><W74/><G98/><T66/><D66/><U101/><E101/><V21/><F85/><W126/><G64/><T118/><D118/><AGARI ba="0,1" hai="20,22,23,25,26,27,81,84,89,117,118" m="42603" machi="118" ten="40,5200,0" yaku="14,1,52,2" doraHai="114" who="1" fromWho="0" sc="195,-52,220,62,225,0,350,0" /><INIT seed="3,0,0,1,2,76" ten="143,282,225,350" oya="3" hai0="6,40,0,3,119,21,116,11,23,58,54,51,14" hai1="132,64,134,20,90,68,8,133,106,105,29,85,82" hai2="95,12,33,99,57,42,121,67,111,129,94,83,2" hai3="36,30,28,32,123,114,53,108,92,120,55,45,7"/><W31/><G114/><T87/><D87/><U72/><E72/><V89/><F2/><W43/><G32/><T35/><D40/><U126/><E126/><V66/><F33/><W49/><G7/><T100/><D100/><U127/><E127/><V118/><F118/><W113/><G113/><T59/><D51/><U86/><E8/><V122/><F111/><W60/><G108/><T131/><D54/><U130/><E130/><V125/><F125/><W19/><G19/><T10/><D58/><U9/><E9/><V46/><F129/><W101/><G60/><T16/><D59/><U44/><E44/><V17/><F83/><W103/><G55/><T104/><D104/><U124/><E124/><V84/><F57/><W73/><G73/><T18/><D131/><U115/><E115/><V38/><F121/><W107/><G107/><T24/><D35/><U22/><E29/><V61/><F61/><W135/><G30/><T50/><D50/><U128/><E128/><V69/><F69/><W88/><G28/><T75/><D75/><U77/><E105/><V117/><F117/><W1/><G31/><T81/><D81/><N who="1" m="47279" /><E106/><V4/><F4/><AGARI ba="0,0" hai="0,3,4,6,10,11,14,16,18,21,23,24,116,119" machi="4" ten="40,8000,1" yaku="9,1,34,3,54,1" doraHai="76" who="0" fromWho="2" sc="143,80,282,0,225,-80,350,0" owari="223,-18.0,282,8.0,145,-35.0,350,45.0" /></mjloggm>