<mjloggm ver="2.3"><GO type="169" lobby="0"/><UN n0="%E3%83%8E%E3%82%AA%E3%83%81%E3%83%A3%E3%83%99%E3%82%B9" n1="%E6%B2%96%E3%83%92%E3%82%AB%E3%83%AB%EF%BC%88%E6%9C%AC%E7%89%A9%EF%BC%89" n2="%E3%82%B7%E3%83%A9%E3%80%82" n3="%6D%61%74%6F%30%36%30%33" dan="16,16,17,18" rate="2120.91,2061.56,2169.84,2261.18" sx="M,F,M,M"/><TAIKYOKU oya="0"/><INIT seed="0,0,0,5,2,61" ten="250,250,250,250" oya="0" hai0="87,112,13,105,100,116,114,117,53,96,24,74,4" hai1="6,55,70,118,78,25,79,22,15,98,108,51,57" hai2="14,84,60,131,19,40,73,129,1,17,16,113,104" hai3="82,11,107,31,97,119,0,128,9,20,124,58,26"/><T23/><D74/><U102/><E108/><V115/><F73/><W18/><G119/><T85/><D117/><U33/><E33/><V29/><F104/><W35/><G128/><N who="2" m="49225" /><F40/><W92/><G124/><T32/><D32/><U46/><E70/><V93/><F84/><W48/><G107/><T21/><D116/><U121/><E121/><V77/><F93/><W5/><G82/><T47/><D114/><N who="2" m="43530" /><F77/><W69/><G69/><T75/><D75/><U81/><E81/><V3/><F60/><W45/><G58/><T109/><D109/><U135/><E57/><V91/><F91/><W2/><G11/><T65/><D112/><U67/><E79/><V72/><F72/><W132/><G132/><T68/><D68/><U59/><E78/><V99/><F99/><W54/><G0/><N who="2" m="73" /><F29/><W83/><G83/><T8/><D85/><U50/><E135/><V94/><F94/><W12/><G97/><T71/><D87/><U34/><E98/><V134/><F134/><W30/><G30/><T62/><D47/><U95/><E46/><V39/><F39/><W130/><G130/><T80/><D80/><U28/><E95/><AGARI ba="0,0" hai="2,5,9,12,18,20,26,31,35,45,48,54,92,95" machi="95" ten="40,2600,0" yaku="24,2" doraHai="61" who="3" fromWho="1" sc="250,0,250,-26,250,0,250,26" /><INIT seed="1,0,0,2,2,110" ten="250,224,250,276" oya="1" hai0="52,72,15,64,76,81,93,69,88,57,37,98,45" hai1="51,35,36,0,19,6,87,90,34,133,105,46,61" hai2="54,123,126,100,22,125,109,75,2,97,47,5,101" hai3="108,25,38,41,30,42,79,29,124,117,94,115,89"/><U134/><E105/><V127/><F123/><W104/><G104/><T135/><D135/><N who="1" m="51723" /><E36/><V39/><F109/><W116/><G108/><T32/><D32/><U92/><E61/><V130/><F130/><W67/><G67/><T128/><D128/><U129/><E129/><V118/><F118/><N who="3" m="45675" /><G79/><T103/><D69/><U107/><E107/><V50/><F75/><W99/><G124/><T83/><D64/><U82/><E19/><V23/><F101/><W24/><G38/><T21/><D37/><U96/><E6/><V44/><F5/><W65/><G65/><T95/><D45/><U121/><E0/><V91/><F91/><W113/><G25/><T4/><D72/><U3/><E3/><V12/><F12/><W120/><G120/><T112/><D76/><N who="1" m="46535" /><E121/><V43/><REACH who="2" step="1"/><F2/><REACH who="2" ten="250,224,240,276" step="2"/><W73/><G73/><T16/><D4/><U31/><E31/><N who="3" m="11786" /><G24/><T63/><REACH who="0" step="1"/><D112/><AGARI ba="0,1" hai="41,42,89,94,99,112,113,115" m="11786,45675" machi="112" ten="30,7700,0" yaku="12,1,52,3" doraHai="110" who="3" fromWho="0" sc="250,-77,224,0,240,0,276,87" /><INIT seed="2,0,0,3,3,71" ten="173,224,240,363" oya="2" hai0="123,78,25,9,59,128,64,18,5,112,49,92,132" hai1="86,28,58,36,22,41,120,62,74,7,131,134,27" hai2="127,133,129,70,21,51,66,77,121,119,89,117,69" hai3="67,91,4,57,96,29,84,0,107,116,13,14,80"/><V60/><F77/><W72/><G116/><N who="2" m="44617" /><F89/><W100/><G29/><T52/><D123/><U68/><E74/><V23/><F23/><W88/><G72/><T118/><D118/><U61/><E120/><V82/><F82/><W103/><G103/><T1/><D112/><U111/><E7/><V8/><F21/><W40/><G40/><T15/><D64/><U19/><E86/><V38/><F8/><W95/><G0/><T108/><D78/><U130/><E19/><V56/><F121/><W75/><G4/><T42/><D42/><U11/><E11/><V122/><F122/><W76/><G91/><T99/><D25/><U26/><E26/><V102/><F102/><W97/><G97/><T10/><D132/><U106/><E134/><V16/><F133/><W6/><G6/><T54/><D54/><U83/><E83/><V17/><F17/><W45/><G45/><T46/><D46/><N who="1" m="23847" /><E106/><V39/><F16/><W135/><G135/><T2/><D108/><U114/><E111/><V93/><F93/><W30/><G30/><T105/><D128/><U124/><E114/><V126/><F129/><W37/><G37/><N who="2" m="13833" /><F51/><W32/><G32/><T20/><D105/><U47/><E131/><V81/><F81/><W35/><G35/><T3/><REACH who="0" step="1"/><D20/><REACH who="0" ten="163,224,240,363" step="2"/><U85/><E22/><V31/><F31/><W98/><G98/><T48/><D48/><U44/><E28/><V53/><F66/><W90/><G90/><AGARI ba="0,1" hai="1,2,3,5,9,10,15,18,49,52,59,90,92,99" machi="90" ten="30,7700,0" yaku="1,1,7,1,54,1,53,1" doraHai="71" doraHaiUra="87" who="0" fromWho="3" sc="163,87,224,0,240,0,363,-77" /><INIT seed="3,0,0,3,3,52" ten="250,224,240,286" oya="3" hai0="77,15,54,121,3,12,96,135,7,104,111,42,47" hai1="60,46,133,71,80,112,35,40,118,100,125,83,6" hai2="89,107,76,93,81,79,95,84,44,92,72,131,17" hai3="82,123,33,75,66,134,22,39,85,37,51,1,34"/><W43/><G75/><T10/><D121/><U120/><E112/><V5/><F5/><W26/><G1/><T61/><D111/><U29/><E120/><V11/><F44/><W91/><G123/><T49/><D135/><U74/><E133/><V88/><F11/><W86/><G134/><T105/><D77/><N who="2" m="29770" /><F72/><W45/><G66/><T27/><D27/><U126/><E74/><V20/><F20/><W68/><G86/><T50/><D61/><U128/><E6/><V19/><F19/><W9/><G9/><T110/><D110/><U127/><E118/><V113/><F17/><W65/><G65/><T18/><D96/><U122/><E122/><V73/><F73/><W24/><G68/><T124/><D124/><U53/><E100/><V108/><F108/><W64/><G64/><T94/><D94/><N who="2" m="36458" /><F113/><W98/><G98/><T4/><D4/><U97/><E97/><N who="2" m="57575" /><F131/><W101/><G101/><T59/><D3/><U21/><E21/><AGARI ba="0,0" hai="7,10,12,15,18,21,42,47,49,50,54,59,104,105" machi="21" ten="30,2000,0" yaku="7,1,52,1" doraHai="52" who="0" fromWho="1" sc="250,20,224,-20,240,0,286,0" /><INIT seed="4,0,0,4,0,7" ten="270,204,240,286" oya="0" hai0="16,132,3,98,25,85,27,129,86,10,59,79,130" hai1="135,32,15,67,108,17,40,29,11,134,70,49,101" hai2="52,72,47,56,89,30,12,76,119,5,55,34,63" hai3="81,53,66,28,87,73,21,128,61,111,121,95,120"/><T112/><D112/><U107/><E108/><V122/><F122/><W96/><G111/><T20/><D132/><N who="1" m="50731" /><E49/><V35/><F119/><W99/><G73/><T19/><D98/><N who="1" m="61879" /><E40/><V50/><F30/><W106/><G106/><T118/><D118/><U91/><E91/><V46/><F89/><W6/><G6/><N who="0" m="1375" /><D59/><U54/><E54/><V124/><F124/><W42/><G53/><T127/><D79/><U39/><E39/><V9/><REACH who="2" step="1"/><F47/><REACH who="2" ten="270,204,230,286" step="2"/><W64/><G121/><T78/><D127/><U2/><E29/><V45/><F45/><W116/><G28/><T57/><D78/><U115/><E32/><V126/><F126/><W68/><G120/><T84/><D57/><U18/><E115/><V123/><F123/><W100/><G116/><T114/><D114/><U88/><E88/><V48/><F48/><W93/><G68/><T1/><D1/><U105/><E2/><V103/><F103/><W75/><G100/><T51/><D51/><U4/><E105/><V60/><F60/><AGARI ba="0,1" hai="4,11,15,17,18,60,67,70" m="61879,50731" machi="60" ten="30,2000,0" yaku="20,1,52,1" doraHai="7" who="1" fromWho="2" sc="270,0,204,30,230,-20,286,0" /><INIT seed="5,0,0,0,4,35" ten="270,234,210,286" oya="1" hai0="10,24,95,132,84,96,39,71,32,77,48,45,102" hai1="65,118,26,58,20,101,70,81,75,98,40,9,19" hai2="53,80,115,49,85,124,13,125,29,100,11,114,31" hai3="56,103,89,123,44,63,60,72,41,120,4,34,23"/><U62/><E118/><V87/><F100/><W135/><G34/><T6/><D132/><U52/><E40/><V76/><F87/><W104/><G72/><T83/><D71/><U94/><E9/><V126/><F31/><W129/><G135/><T92/><D39/><U22/><E22/><V14/><F29/><W78/><G78/><T61/><D61/><U1/><E1/><V21/><F21/><W18/><G4/><T25/><D92/><U66/><REACH who="1" step="1"/><E70/><REACH who="1" ten="270,224,210,286" step="2"/><V128/><F128/><W109/><G23/><T42/><D32/><U112/><E112/><N who="2" m="43051" /><F11/><W97/><G129/><T7/><D7/><U67/><E67/><V15/><F15/><AGARI ba="0,1" hai="6,10,15,24,25,42,45,48,77,83,84,95,96,102" machi="15" ten="30,7700,0" yaku="7,1,25,2,8,1" doraHai="35" who="0" fromWho="2" sc="270,87,224,0,210,-77,286,0" /><INIT seed="6,0,0,4,0,24" ten="357,224,133,286" oya="2" hai0="93,80,35,34,110,19,124,50,20,51,0,114,18" hai1="91,67,125,123,69,115,31,120,25,107,39,99,8" hai2="44,30,68,46,133,54,102,96,48,106,42,127,1" hai3="77,85,86,5,132,4,116,98,87,73,12,119,47"/><V90/><F133/><W40/><G132/><T111/><D0/><U126/><E39/><V28/><F127/><N who="1" m="48649" /><E91/><V57/><F1/><W26/><G98/><T100/><D124/><U131/><E8/><V121/><F121/><W29/><G73/><T117/><D80/><U92/><E92/><V11/><F68/><W32/><G77/><T94/><D20/><U36/><E36/><V75/><F75/><W118/><REACH who="3" step="1"/><G12/><REACH who="3" ten="357,224,133,276" step="2"/><T82/><D110/><U3/><E3/><V105/><F105/><W104/><G104/><T21/><D111/><U112/><E99/><V7/><F90/><W23/><G23/><T134/><D21/><N who="1" m="15791" /><E107/><V95/><F106/><W16/><G16/><T84/><D19/><U89/><E89/><V49/><REACH who="2" step="1"/><F46/><REACH who="2" ten="357,224,123,276" step="2"/><W74/><G74/><T52/><D134/><U45/><E45/><V10/><F10/><W65/><G65/><T81/><D100/><U130/><E67/><V60/><F60/><W63/><G63/><T53/><D18/><U61/><E61/><V78/><F78/><W103/><G103/><T58/><D58/><U108/><E69/><V70/><F70/><W66/><G66/><T72/><D72/><U62/><E62/><V27/><F27/><W88/><G88/><T37/><D84/><U135/><E135/><V15/><AGARI ba="0,2" hai="7,11,15,28,30,42,44,48,49,54,57,95,96,102" machi="15" ten="20,18000,2" yaku="1,1,0,1,7,1,8,1,52,2,53,0" doraHai="24" doraHaiUra="71" who="2" fromWho="2" sc="357,-60,224,-60,123,200,276,-60" /><INIT seed="6,1,0,4,0,38" ten="297,164,323,216" oya="2" hai0="35,8,110,5,4,99,55,100,86,120,66,70,44" hai1="40,131,27,53,111,81,123,42,36,87,47,105,6" hai2="135,51,92,59,63,25,28,33,84,26,69,102,126" hai3="106,96,79,31,22,83,117,124,107,50,73,132,116"/><V68/><F135/><W113/><G132/><T32/><D120/><U90/><E123/><V15/><F126/><W80/><G124/><T18/><D110/><U115/><E111/><V82/><F51/><W9/><G83/><T101/><D18/><U52/><E105/><V60/><F15/><W91/><G106/><T14/><D66/><U97/><E115/><V3/><F3/><W89/><G89/><T57/><D70/><U125/><E125/><V11/><F11/><W49/><G9/><T48/><D5/><U129/><E6/><V19/><F63/><W127/><G127/><T75/><D75/><U21/><E97/><V109/><F109/><W7/><G7/><T2/><D2/><U65/><E65/><V77/><F92/><W95/><G107/><T128/><D128/><N who="1" m="49227" /><E42/><V112/><F112/><W118/><G113/><T93/><D101/><U0/><E0/><V46/><F102/><W54/><REACH who="3" step="1"/><G54/><REACH who="3" ten="297,164,323,206" step="2"/><T29/><D55/><U34/><E34/><V39/><F82/><W104/><G104/><T88/><D35/><U85/><E85/><V108/><F84/><W121/><G121/><T74/><D32/><U64/><E64/><V71/><F33/><W45/><G45/><T98/><D44/><U56/><E56/><V78/><F59/><W67/><G67/><T133/><D133/><U130/><N who="1" m="49235" /><U72/><DORA hai="23" /><E72/><V20/><F46/><W16/><G16/><AGARI ba="1,1" hai="16,21,27,36,40,47,52,53,81,87,90" m="49235" machi="16" ten="40,8000,1" yaku="19,1,52,2,54,2" doraHai="38,23" who="1" fromWho="3" sc="297,0,164,93,323,0,206,-83" /><INIT seed="7,0,0,2,1,67" ten="297,257,323,123" oya="3" hai0="50,97,91,2,19,21,63,77,12,86,41,113,1" hai1="69,80,48,116,82,7,34,3,24,76,104,83,121" hai2="38,42,20,11,18,5,72,75,29,27,35,65,126" hai3="37,122,102,61,114,117,119,112,96,84,53,0,54"/><W15/><G0/><T133/><D133/><U106/><E121/><V81/><F126/><W90/><G37/><T26/><D113/><N who="3" m="43625" /><G122/><T95/><D2/><U107/><E48/><V100/><F100/><W111/><G15/><T66/><D1/><U98/><E98/><V93/><F93/><N who="3" m="54471" /><G61/><T55/><D41/><U10/><E116/><N who="3" m="44618" /><G111/><T16/><D77/><U78/><E24/><V74/><F65/><W28/><G28/><T57/><D97/><U13/><E34/><V9/><F42/><W60/><G60/><T134/><D134/><U40/><E40/><V14/><F38/><W36/><G36/><T124/><D124/><U92/><E3/><N who="2" m="191" /><F11/><W131/><G131/><T135/><D135/><U51/><E51/><V39/><F39/><W52/><G53/><T88/><D91/><U45/><E13/><V32/><F35/><W128/><G128/><T43/><D43/><U46/><E10/><V22/><F22/><W105/><AGARI ba="0,0" hai="52,54,96,102,105" m="44618,54471,43625" machi="105" ten="30,3000,0" yaku="15,1,54,1" doraHai="67" who="3" fromWho="3" sc="297,-10,257,-10,323,-10,123,30" /><INIT seed="7,1,0,2,4,33" ten="287,247,313,153" oya="3" hai0="119,107,71,8,131,62,87,20,14,16,82,108,10" hai1="109,125,132,15,80,97,59,54,134,22,58,133,11" hai2="115,75,18,78,68,130,63,9,30,1,86,118,74" hai3="105,42,120,84,48,96,67,50,69,34,94,37,45"/><W49/><G120/><T2/><D107/><U100/><E109/><V4/><F118/><W76/><G34/><T19/><D108/><U124/><E80/><V128/><F115/><W93/><G76/><T127/><D119/><U61/><E22/><V35/><F18/><W126/><G126/><T41/><D127/><N who="1" m="48715" /><E59/><V55/><F86/><W31/><G31/><T26/><D131/><N who="2" m="50218" /><F78/><W103/><REACH who="3" step="1"/><G84/><REACH who="3" ten="287,247,313,143" step="2"/><T32/><D32/><U6/><E134/><V21/><F35/><W44/><G44/><T111/><D111/><U104/><AGARI ba="1,1" hai="6,11,15,54,58,61,97,100,104,132,133" m="48715" machi="104" ten="30,1100,0" yaku="18,1" doraHai="33" who="1" fromWho="1" sc="287,-4,247,24,313,-4,143,-6" owari="283,8.0,271,-13.0,309,41.0,137,-36.0" /></mjloggm>