<mjloggm ver="2.3"><GO type="169" lobby="0"/><UN n0="%E4%B8%BB%E5%B8%AD" n1="%E3%81%8B%E3%81%A5%E3%81%8D%EF%BC%B8%EF%BC%A9" n2="%67%6F%74%61%70%6F%6F%68" n3="%E6%9D%BE%E5%B1%8B%E3%81%8A%E3%81%98%E3%81%95%E3%82%93" dan="16,16,16,19" rate="2147.09,2094.03,2166.61,2279.39" sx="M,M,M,M"/><TAIKYOKU oya="0"/><INIT seed="0,0,0,1,0,58" ten="250,250,250,250" oya="0" hai0="27,22,121,107,125,37,30,77,71,38,69,66,15" hai1="72,53,61,9,97,42,127,6,35,124,112,128,104" hai2="8,55,76,20,82,60,57,93,44,29,135,49,16" hai3="116,54,28,63,46,70,26,73,7,80,78,3,126"/><T4/><D107/><U68/><E35/><V12/><F135/><W74/><G126/><N who="1" m="48170" /><E72/><V13/><F93/><W133/><G133/><T31/><D125/><U115/><E42/><V2/><F2/><W25/><G25/><T120/><D77/><U89/><E128/><V18/><F29/><W123/><G116/><T84/><D84/><U1/><E89/><V14/><F14/><W103/><G123/><T11/><D31/><U118/><E118/><V99/><F99/><W109/><G109/><T98/><D98/><U48/><E48/><V100/><F100/><W111/><G111/><T52/><D121/><U33/><E33/><V47/><REACH who="2" step="1"/><F49/><REACH who="2" ten="250,250,240,250" step="2"/><W117/><G103/><T88/><D120/><U0/><E0/><V105/><F105/><W81/><G117/><T92/><D37/><U62/><E104/><V56/><F56/><N who="3" m="35223" /><G28/><T113/><D38/><U34/><E97/><V43/><F43/><W50/><G26/><T96/><D113/><U95/><E95/><V45/><F45/><W90/><G50/><T87/><D96/><U79/><E34/><V122/><F122/><W51/><G51/><T102/><D102/><U36/><E36/><V40/><F40/><W130/><G46/><T131/><D131/><U21/><E112/><V83/><F83/><W19/><G80/><T134/><D27/><U39/><E39/><V67/><F67/><W10/><G130/><T17/><D66/><N who="1" m="41039" /><E115/><V65/><F65/><W75/><G81/><T108/><D92/><U129/><E129/><V132/><F132/><W23/><G3/><T94/><D134/><U24/><E1/><RYUUKYOKU ba="0,1" sc="250,-10,250,-10,240,30,250,-10" hai2="8,12,13,16,18,20,44,47,55,57,60,76,82" /><INIT seed="1,1,1,2,0,72" ten="240,240,270,240" oya="1" hai0="41,39,119,2,26,97,30,91,86,23,93,29,121" hai1="82,5,24,71,40,58,124,132,10,103,31,73,62" hai2="109,131,117,47,114,99,80,81,16,118,32,18,83" hai3="44,21,79,98,64,22,90,78,134,66,4,105,45"/><U85/><E71/><V125/><F32/><W50/><G4/><T74/><D119/><U130/><E73/><V38/><F109/><W76/><G45/><T101/><D74/><U61/><E124/><V108/><F108/><W20/><G134/><T8/><D121/><U110/><E130/><V69/><F69/><W87/><G98/><T104/><D39/><U107/><E132/><V34/><F34/><W116/><G105/><T123/><D123/><U115/><E115/><V33/><F33/><W49/><G116/><T7/><REACH who="0" step="1"/><D41/><REACH who="0" ten="230,240,270,240" step="2"/><U96/><E110/><V65/><F38/><W100/><G100/><T12/><D12/><U37/><E40/><V106/><F118/><W52/><REACH who="3" step="1"/><G49/><REACH who="3" ten="230,240,270,230" step="2"/><T3/><D3/><U0/><E37/><V113/><F117/><W77/><N who="3" m="19456" /><DORA hai="133" /><W84/><G84/><T55/><D55/><U43/><E85/><V48/><F48/><W67/><G67/><T53/><D53/><U129/><E43/><V135/><F65/><W27/><G27/><T9/><D9/><U57/><E24/><V122/><F135/><W59/><G59/><T112/><D112/><U70/><E57/><V126/><F114/><W92/><AGARI ba="1,3" hai="20,21,22,44,50,52,64,66,87,90,92" m="19456" machi="92" ten="50,16000,3" yaku="1,1,0,1,8,1,52,4,54,1,53,2" doraHai="72,133" doraHaiUra="60,120" who="3" fromWho="3" sc="230,-41,240,-81,270,-41,230,193" /><INIT seed="2,0,0,4,5,14" ten="189,159,229,423" oya="2" hai0="131,22,71,115,23,105,36,128,117,79,43,109,129" hai1="72,70,31,104,12,124,27,50,93,37,66,8,38" hai2="121,11,100,65,112,82,122,48,19,103,116,35,83" hai3="98,69,76,45,25,55,102,7,78,92,60,17,47"/><V107/><F112/><W58/><G69/><T4/><D115/><U32/><E104/><V135/><F116/><W33/><G7/><T53/><D71/><U16/><E72/><V118/><F118/><W54/><G33/><T90/><D117/><U89/><E124/><V114/><F114/><W68/><G68/><T49/><D109/><U125/><E125/><V39/><F39/><W77/><G55/><T6/><D105/><U41/><E50/><V85/><F11/><W86/><G86/><T126/><D126/><U113/><E41/><V119/><F107/><W0/><G0/><T99/><D79/><U13/><E13/><V64/><F85/><W108/><G108/><T127/><D127/><U51/><E51/><V62/><F48/><W26/><G26/><T81/><D43/><U74/><E74/><V15/><F15/><W73/><G73/><T59/><D36/><U30/><E30/><V63/><F119/><W132/><G132/><T56/><D56/><U5/><E5/><N who="0" m="2153" /><D81/><U61/><REACH who="1" step="1"/><E113/><REACH who="1" ten="189,149,229,423" step="2"/><V20/><F135/><W44/><G44/><T130/><D130/><U75/><E75/><V88/><F63/><W80/><G47/><T120/><D131/><U96/><AGARI ba="0,1" hai="8,12,16,27,31,32,37,38,61,66,70,89,93,96" machi="96" ten="20,8000,1" yaku="1,1,0,1,7,1,52,1,54,1,53,0" doraHai="14" doraHaiUra="40" who="1" fromWho="1" sc="189,-20,149,90,229,-40,423,-20" /><INIT seed="3,0,0,2,3,85" ten="169,239,189,403" oya="3" hai0="19,5,41,76,31,59,36,60,66,117,98,11,112" hai1="100,96,8,114,34,30,111,115,65,6,83,28,132" hai2="20,7,58,29,120,134,121,113,81,101,56,33,63" hai3="51,15,1,99,12,103,74,67,68,4,70,135,92"/><W87/><G74/><T79/><D117/><U44/><E111/><V39/><F113/><W55/><G135/><T9/><D112/><U73/><E132/><V133/><F33/><W25/><G25/><T95/><D31/><U57/><E44/><V119/><F119/><W61/><G68/><T86/><D36/><U35/><E73/><V75/><F101/><W64/><G64/><T89/><D41/><U126/><E83/><V38/><F7/><W37/><G37/><N who="2" m="13833" /><F58/><W26/><G26/><T40/><D40/><U131/><E126/><V45/><F45/><W0/><G4/><T130/><D130/><U110/><E131/><V62/><F62/><W14/><REACH who="3" step="1"/><G87/><REACH who="3" ten="169,239,189,393" step="2"/><T129/><D129/><U97/><E65/><V108/><F134/><W88/><G88/><N who="0" m="55655" /><D5/><U91/><E6/><V104/><F133/><W46/><AGARI ba="0,1" hai="0,1,12,14,15,46,51,55,61,67,70,92,99,103" machi="46" ten="30,3000,0" yaku="1,1,0,1,53,0" doraHai="85" doraHaiUra="128" who="3" fromWho="3" sc="169,-10,239,-10,189,-10,393,40" /><INIT seed="3,1,0,5,4,126" ten="159,229,179,433" oya="3" hai0="32,119,78,39,41,111,55,14,73,57,5,30,76" hai1="58,79,86,23,77,51,107,104,64,92,128,11,16" hai2="100,74,127,50,63,91,54,123,72,82,75,115,19" hai3="103,83,36,98,33,71,17,27,101,44,61,113,81"/><W93/><G113/><T21/><D119/><U131/><E11/><V56/><F115/><W9/><G33/><T88/><D73/><U109/><E109/><V20/><F127/><W95/><G36/><T37/><D111/><U132/><E132/><V60/><F100/><W6/><G44/><T12/><D32/><U47/><E92/><V28/><F28/><W102/><G71/><T129/><D129/><N who="1" m="49739" /><E58/><V42/><F42/><W70/><G70/><T122/><D122/><U99/><E86/><V124/><F123/><W31/><G6/><T53/><D5/><U66/><E66/><V65/><F75/><W24/><G9/><T87/><D57/><U35/><E64/><V106/><F65/><W22/><G95/><T97/><D87/><U89/><E89/><V130/><F91/><W94/><G94/><T13/><D88/><U67/><E67/><V116/><F74/><W52/><G93/><T38/><D97/><U45/><E45/><V120/><F120/><W8/><G98/><T49/><D78/><N who="1" m="29707" /><E99/><V69/><F69/><W34/><G8/><T80/><D76/><U125/><E35/><V134/><F72/><W46/><G46/><N who="0" m="25807" /><D80/><U29/><E29/><V2/><F82/><W25/><G81/><T10/><D10/><U85/><E85/><V43/><F56/><N who="3" m="34951" /><G83/><T90/><D90/><U59/><E59/><V133/><F130/><W4/><G4/><T105/><D30/><U15/><E125/><V110/><F124/><W3/><G34/><T121/><D121/><U48/><E47/><V117/><F134/><W40/><G31/><T112/><D112/><RYUUKYOKU ba="1,0" sc="159,-10,229,30,179,-10,433,-10" hai1="15,16,23,48,51,104,107" /><INIT seed="4,2,0,1,0,3" ten="149,259,169,423" oya="0" hai0="88,40,49,126,56,128,53,79,113,34,86,28,42" hai1="59,133,89,13,132,23,73,55,63,87,67,36,118" hai2="44,62,70,21,60,82,48,37,115,80,74,33,10" hai3="45,0,72,15,127,47,66,117,83,17,97,4,18"/><T39/><D128/><U14/><E36/><V57/><F33/><W91/><G117/><T24/><D126/><U69/><E73/><V35/><F35/><W7/><G0/><T9/><D113/><U84/><E84/><V68/><F115/><W77/><G18/><T104/><D104/><U25/><E118/><V94/><F21/><W54/><G66/><T29/><D79/><U100/><E100/><V50/><F94/><W31/><G31/><T125/><D125/><U8/><E8/><V111/><F111/><W32/><G32/><T46/><D29/><U123/><E123/><V121/><F57/><W106/><G127/><T110/><D110/><U41/><E41/><V93/><F93/><N who="3" m="56511" /><G72/><T112/><D112/><U130/><E130/><V95/><F37/><W96/><G96/><T58/><D9/><U1/><E1/><V85/><F10/><W124/><G54/><T107/><D107/><U5/><E5/><N who="3" m="2122" /><G106/><T38/><D38/><U119/><E119/><V114/><F70/><W129/><G129/><T61/><D40/><U135/><E69/><V98/><F68/><W26/><G26/><T12/><D12/><U11/><E67/><V102/><F74/><W92/><G92/><N who="0" m="54295" /><D39/><U51/><E133/><V109/><F109/><W64/><G124/><T131/><D131/><U90/><E135/><V101/><F101/><W105/><G105/><T103/><D103/><U120/><E132/><V76/><F102/><W134/><G134/><T43/><D43/><U16/><E120/><V22/><F114/><W20/><G64/><N who="0" m="38951" /><D42/><U71/><E71/><V75/><F121/><RYUUKYOKU ba="2,0" sc="149,15,259,-15,169,-15,423,15" hai0="24,28,34,46,49,53,58" hai3="15,17,20,45,47,77,83" /><INIT seed="4,3,0,0,0,14" ten="164,244,154,438" oya="0" hai0="89,80,32,134,67,93,37,45,85,98,131,19,132" hai1="48,133,79,58,94,90,21,44,78,38,110,127,113" hai2="82,125,59,62,8,60,135,12,54,4,69,124,29" hai3="50,61,101,0,114,1,18,3,49,35,11,33,27"/><T34/><D67/><U10/><E110/><V52/><F135/><N who="0" m="51754" /><D131/><U130/><E127/><N who="2" m="48715" /><F29/><W42/><G61/><T99/><D99/><U77/><E10/><V40/><F40/><W30/><G101/><N who="0" m="60623" /><D19/><U13/><E38/><V53/><F82/><W74/><G18/><T109/><D109/><U31/><E113/><V118/><F118/><W28/><G28/><T75/><D75/><U88/><E130/><V107/><F107/><W43/><G74/><T71/><D71/><U122/><E122/><V105/><F105/><W23/><G114/><T104/><D104/><U116/><E116/><V76/><F76/><W95/><G95/><T5/><D5/><U16/><E133/><V56/><F69/><W126/><G126/><T111/><D111/><U106/><E106/><V91/><F91/><N who="1" m="34857" /><E94/><V112/><F112/><W63/><G63/><AGARI ba="3,0" hai="4,8,12,52,53,54,56,59,60,62,63" m="48715" machi="63" ten="30,2000,0" yaku="18,1,54,1" doraHai="14" who="2" fromWho="3" sc="164,0,244,0,154,29,438,-29" /><INIT seed="5,0,0,1,0,64" ten="164,244,183,409" oya="1" hai0="132,95,94,31,80,112,9,87,34,103,0,27,97" hai1="68,40,75,77,121,5,37,91,16,30,45,19,33" hai2="6,22,63,127,61,13,101,113,32,47,43,48,10" hai3="65,83,49,4,130,133,8,126,100,15,122,58,93"/><U3/><E91/><V2/><F127/><W46/><G122/><T74/><D112/><U102/><E102/><V116/><F116/><W55/><G133/><T117/><D132/><U18/><E121/><V17/><F113/><W79/><G130/><T62/><D117/><U57/><E57/><V76/><F101/><W42/><G126/><T106/><D74/><U56/><E56/><V7/><F7/><W115/><G115/><T52/><D0/><U38/><E38/><V53/><F76/><W44/><G65/><T11/><D95/><U67/><E30/><V20/><F20/><W28/><G28/><T111/><D111/><U109/><E33/><V78/><F32/><W24/><G24/><T25/><D25/><U84/><E84/><V119/><F119/><W86/><G42/><T23/><D34/><U128/><E128/><V26/><F2/><W50/><G50/><T120/><D106/><U71/><E67/><V96/><F96/><AGARI ba="0,0" hai="4,8,15,44,46,49,55,58,79,83,86,93,96,100" machi="96" ten="40,1300,0" yaku="8,1" doraHai="64" who="3" fromWho="2" sc="164,0,244,0,183,-13,409,13" /><INIT seed="6,0,0,4,5,49" ten="164,244,170,422" oya="2" hai0="79,33,120,35,89,45,77,40,104,8,126,65,133" hai1="28,85,3,59,109,0,124,110,52,108,115,61,135" hai2="25,116,100,76,67,68,32,15,60,44,56,64,63" hai3="97,111,27,131,73,22,70,93,128,24,86,53,1"/><V119/><F76/><W83/><G111/><T23/><D120/><U5/><E135/><V127/><F127/><W121/><G73/><T122/><D122/><U20/><E115/><V29/><F44/><W75/><G1/><T106/><D65/><U16/><E124/><V123/><F123/><W41/><G70/><T18/><D126/><U87/><E28/><V38/><F38/><W51/><G41/><T88/><D133/><U30/><E30/><V78/><F78/><N who="3" m="46455" /><G22/><T12/><D79/><U2/><REACH who="1" step="1"/><E5/><REACH who="1" ten="164,234,170,422" step="2"/><V36/><F36/><W129/><G121/><T55/><D35/><U125/><E125/><V43/><F43/><W6/><G6/><T107/><D33/><U13/><AGARI ba="0,1" hai="0,2,3,13,16,20,52,59,61,85,87,108,109,110" machi="13" ten="40,8000,1" yaku="1,1,0,1,52,1,54,2,53,0" doraHai="49" doraHaiUra="7" who="1" fromWho="1" sc="164,-20,234,90,170,-40,422,-20" /><INIT seed="7,0,0,4,1,116" ten="144,324,130,402" oya="3" hai0="57,12,99,46,40,127,104,17,62,135,130,113,97" hai1="85,110,33,44,121,54,103,16,25,96,5,2,79" hai2="9,61,50,10,8,106,74,69,70,64,72,58,117" hai3="60,28,131,52,32,37,95,102,66,7,129,63,24"/><W56/><G37/><T94/><D130/><N who="3" m="49673" /><G7/><T107/><D135/><U51/><E33/><V18/><F117/><W26/><G26/><T34/><D34/><U71/><E71/><V3/><F106/><W29/><G29/><T83/><D127/><U84/><E110/><V87/><F3/><W0/><G0/><T22/><D113/><U4/><E2/><V45/><F18/><W48/><G66/><T125/><D125/><U11/><E121/><V49/><F49/><W15/><G15/><T112/><D112/><U53/><E53/><V13/><F13/><W86/><G86/><T36/><D83/><U1/><E5/><V118/><F118/><W76/><G76/><T23/><D23/><U128/><E128/><V90/><F74/><W35/><G35/><T91/><D97/><AGARI ba="0,0" hai="24,28,32,48,52,56,60,63,95,97,102" m="49673" machi="97" ten="30,2900,0" yaku="19,1,54,1" doraHai="116" who="3" fromWho="0" sc="144,-29,324,0,130,0,402,29" owari="115,-38.0,324,12.0,130,-27.0,431,53.0" /></mjloggm>