<mjloggm ver="2.3"><GO type="225" lobby="0"/><UN n0="%E5%A4%A7%E5%AE%AE%E5%BF%8D%76" n1="%6E%61%6F%6B%69%33%39" n2="%E8%A8%88%E7%AE%97%E6%A9%9F%E8%87%AA%E7%84%B6" n3="%E8%88%B9%E8%A6%8B%E7%B5%90%E8%A1%A3%E3%81%A1%E3%82%83%E3%82%93" dan="17,17,17,16" rate="2213.01,2157.54,2248.99,2164.90" sx="M,M,M,F"/><TAIKYOKU oya="0"/><INIT seed="0,0,0,0,1,4" ten="250,250,250,250" oya="0" hai0="52,87,106,33,70,49,99,47,110,25,86,65,73" hai1="63,120,26,131,55,39,100,28,61,22,119,127,121" hai2="68,18,113,0,64,80,36,32,118,41,85,109,46" hai3="17,6,10,77,42,89,104,15,78,66,97,31,123"/><T30/><D73/><U82/><E119/><V115/><F32/><W14/><G123/><T95/><D110/><U27/><E39/><V54/><F109/><W79/><G42/><T8/><D106/><U35/><E100/><V103/><F0/><W56/><G31/><T48/><D48/><U60/><E131/><V91/><F118/><W94/><G104/><T107/><D107/><U135/><E135/><V59/><F103/><W71/><G71/><T96/><D96/><U38/><E38/><V13/><F64/><W84/><G56/><T128/><D128/><U116/><E116/><V74/><F74/><W133/><G66/><T9/><D86/><U5/><E5/><V45/><F68/><W112/><G112/><T58/><D70/><U93/><E93/><V53/><F53/><W11/><REACH who="3" step="1"/><G133/><REACH who="3" ten="250,250,250,240" step="2"/><T12/><D65/><U102/><E121/><V125/><F46/><W21/><G21/><T114/><D114/><U69/><E120/><V108/><F108/><W67/><G67/><T2/><D58/><U130/><E130/><V19/><F115/><W98/><AGARI ba="0,1" hai="6,10,11,14,15,17,77,78,79,84,89,94,97,98" machi="98" ten="30,8000,1" yaku="1,1,0,1,8,1,52,2,53,0" doraHai="4" doraHaiUra="57" who="3" fromWho="3" sc="250,-40,250,-20,250,-20,240,90" /><INIT seed="1,0,0,2,3,14" ten="210,230,230,330" oya="1" hai0="107,81,24,123,30,78,132,35,77,73,90,96,34" hai1="43,2,72,131,88,87,1,121,108,125,57,102,5" hai2="126,134,101,7,38,33,10,116,47,44,19,120,104" hai3="36,52,56,21,13,25,74,109,83,114,95,106,89"/><U130/><E121/><V39/><F120/><W16/><G106/><T40/><D123/><U113/><E113/><V45/><F116/><W61/><G36/><T71/><D78/><U100/><E72/><V18/><F33/><W135/><G114/><T93/><D132/><U64/><E43/><V46/><F134/><W69/><G69/><T115/><D115/><U60/><E125/><V127/><F101/><N who="1" m="39017" /><E5/><V62/><F104/><W28/><G135/><T63/><D107/><U119/><E119/><V23/><F62/><W37/><G83/><T128/><D128/><N who="1" m="49195" /><E108/><V79/><F79/><W65/><G37/><T94/><D40/><U112/><E112/><V66/><F66/><W98/><G74/><T58/><D71/><U59/><E59/><V82/><F82/><AGARI ba="0,0" hai="1,2,57,60,64,82,87,88" m="49195,39017" machi="82" ten="30,2900,0" yaku="19,1,54,1" doraHai="14" who="1" fromWho="2" sc="210,0,230,29,230,-29,330,0" /><INIT seed="1,1,0,1,0,123" ten="210,259,201,330" oya="1" hai0="93,6,65,42,107,44,25,114,56,19,72,118,99" hai1="7,2,130,27,63,16,24,39,52,3,81,87,15" hai2="98,28,1,103,38,83,85,57,22,70,43,51,128" hai3="73,18,54,111,60,101,134,84,109,89,94,10,55"/><U120/><E120/><V77/><F70/><W5/><G134/><T17/><D114/><U110/><E39/><V125/><F1/><W37/><G73/><T96/><D118/><U13/><E130/><V29/><F128/><W59/><G37/><T90/><D72/><U45/><E3/><V67/><F125/><W129/><G129/><T9/><D107/><U50/><E2/><V23/><F38/><W62/><G101/><T95/><D56/><N who="1" m="35207" /><E13/><V122/><F122/><W104/><G104/><T12/><D65/><U113/><E7/><V74/><F74/><W76/><G76/><T105/><D105/><U112/><E112/><V68/><F68/><W58/><G18/><T124/><D124/><U131/><E131/><V21/><F43/><W100/><G100/><T117/><D117/><U31/><E31/><V11/><F11/><W71/><G71/><T78/><D78/><N who="1" m="46519" /><E113/><V40/><F67/><W53/><G53/><T69/><D69/><U4/><E4/><V20/><N who="2" m="5120" /><DORA hai="30" /><V86/><F86/><W48/><G48/><N who="0" m="26647" /><D25/><U126/><E126/><V14/><F14/><AGARI ba="1,0" hai="5,10,14,54,55,58,59,60,62,84,89,94,109,111" machi="14" ten="40,5200,0" yaku="9,1,52,2" doraHai="123,30" who="3" fromWho="2" sc="210,0,259,0,201,-55,330,55" /><INIT seed="2,0,0,2,0,2" ten="210,259,146,385" oya="2" hai0="19,69,54,73,102,112,130,118,76,122,36,42,59" hai1="11,119,14,84,103,32,123,131,50,121,35,107,75" hai2="26,12,7,4,62,45,108,126,30,116,83,85,92" hai3="124,65,94,43,79,104,33,1,34,57,110,117,9"/><V6/><F116/><W56/><G104/><T10/><D112/><U31/><E75/><V115/><F115/><W109/><G117/><T98/><D122/><U93/><E119/><V38/><F126/><W29/><G124/><T90/><D118/><U17/><E107/><V40/><F108/><W3/><G79/><T48/><D130/><U63/><E31/><V44/><F92/><W20/><G43/><T60/><D90/><N who="1" m="53447" /><E103/><V100/><F100/><W16/><G94/><T72/><D76/><U99/><E99/><V52/><F12/><W95/><G95/><N who="0" m="58719" /><D19/><U133/><E131/><V78/><F45/><W101/><G56/><T18/><D18/><U128/><E128/><V77/><F77/><W47/><G20/><T82/><D10/><U105/><E105/><V81/><F81/><W89/><G65/><N who="0" m="41127" /><D82/><U132/><E50/><V74/><F74/><W13/><G13/><T114/><D114/><U51/><E51/><V58/><REACH who="2" step="1"/><F4/><REACH who="2" ten="210,259,136,385" step="2"/><N who="3" m="1183" /><G101/><T37/><D37/><U80/><E80/><V71/><F71/><W135/><G47/><AGARI ba="0,1" hai="36,42,47,48,54,59,72,73" m="41127,58719" machi="47" ten="30,1000,0" yaku="24,1" doraHai="2" who="0" fromWho="3" sc="210,20,259,0,136,0,385,-10" /><INIT seed="3,0,0,5,3,2" ten="230,259,136,375" oya="3" hai0="68,104,123,66,126,108,74,93,85,20,135,59,100" hai1="48,84,78,125,102,57,26,121,33,21,77,40,87" hai2="27,41,12,81,103,0,131,69,47,89,13,55,36" hai3="10,46,113,90,88,92,29,97,95,62,70,120,128"/><W32/><G120/><T45/><D123/><U83/><E33/><V58/><F131/><W17/><G113/><T96/><D68/><U11/><E121/><V109/><F109/><W71/><G128/><T19/><D74/><U94/><E125/><V98/><F27/><W14/><G62/><T4/><D135/><U72/><E11/><V130/><F130/><W119/><G119/><T132/><D132/><U3/><E3/><V134/><F134/><W91/><G46/><T7/><D108/><U114/><E114/><V63/><F89/><W37/><G37/><T31/><D31/><U86/><E78/><V80/><F0/><W49/><G49/><T115/><D126/><U117/><E117/><V105/><F12/><W39/><G39/><T16/><D115/><U24/><E24/><V107/><F107/><W99/><G91/><T73/><D73/><U75/><E75/><V50/><REACH who="2" step="1"/><F13/><REACH who="2" ten="230,259,126,375" step="2"/><W111/><G111/><T79/><D104/><U1/><E1/><V67/><AGARI ba="0,1" hai="36,41,47,50,55,58,63,67,69,80,81,98,103,105" machi="67" ten="30,8000,1" yaku="1,1,2,1,0,1,24,2,53,0" doraHai="2" doraHaiUra="127" who="2" fromWho="2" sc="230,-20,259,-20,126,90,375,-40" owari="210,-29.0,239,4.0,216,-18.0,335,43.0" /></mjloggm>