<mjloggm ver="2.3"><GO type="185" lobby="0"/><UN n0="%E3%82%A2%E3%83%AA%E3%82%A2%E3%83%AA%E5%90%9B" n1="%E3%81%97%E3%82%87%E3%81%86%E3%81%90%E3%82%93%EF%BC%94" n2="%44%75%73%6B" n3="" dan="16,17,16,0" rate="2223.44,2196.05,2197.61,1500.00" sx="M,M,M,C"/><TAIKYOKU oya="0"/><INIT seed="0,0,0,0,4,74" ten="350,350,350,0" oya="0" hai0="73,53,133,103,111,84,33,112,87,95,129,0,105" hai1="94,104,114,101,51,135,98,89,58,43,79,47,100" hai2="125,35,49,67,59,102,40,45,113,75,52,63,83" hai3=""/><T2/><D33/><U71/><E71/><V66/><F35/><T41/><D112/><U55/><E135/><V81/><F113/><T117/><D133/><U82/><E104/><V61/><F125/><T38/><D117/><U88/><E101/><V131/><F131/><T110/><D73/><U123/><N who="1" m="31520" /><U69/><E69/><V93/><F75/><T76/><D129/><U107/><E107/><V68/><F102/><T120/><N who="0" m="30752" /><T3/><D105/><U39/><REACH who="1" step="1"/><E114/><REACH who="1" ten="350,340,350,0" step="2"/><V86/><F93/><T119/><D119/><U115/><E115/><V122/><N who="2" m="31264" /><V132/><F132/><T127/><D103/><U91/><E91/><V108/><F108/><T32/><D127/><U65/><E65/><V96/><F83/><T118/><D32/><U124/><E124/><V121/><N who="2" m="31008" /><V57/><F68/><T130/><D130/><U34/><E34/><V70/><F70/><T56/><D118/><U36/><E36/><V50/><F66/><T72/><D111/><U85/><AGARI ba="0,1" hai="39,43,47,51,55,58,79,82,85,88,89,94,98,100" m="31520" machi="85" ten="20,9000,2" yaku="1,1,0,1,7,1,52,2,54,1,53,0" doraHai="74" doraHaiUra="64" who="1" fromWho="1" sc="350,-60,340,100,350,-30,0,0" /><INIT seed="1,0,0,5,0,131" ten="290,440,320,0" oya="1" hai0="37,103,84,81,72,110,77,126,61,129,116,120,106" hai1="100,134,82,50,53,109,40,41,42,121,123,133,59" hai2="44,60,76,83,97,78,132,46,1,66,94,119,32" hai3=""/><U127/><N who="1" m="31008" /><U33/><N who="1" m="31520" /><U86/><E33/><V93/><F32/><T55/><N who="0" m="30752" /><T63/><D129/><U115/><E115/><V101/><F132/><N who="1" m="50793" /><E127/><V34/><F34/><T91/><D37/><U45/><E100/><V2/><F119/><T87/><D116/><U99/><E99/><V104/><F2/><T62/><D110/><U47/><E109/><V122/><N who="2" m="31264" /><V51/><F1/><T74/><D126/><U108/><E108/><V3/><F3/><T39/><D39/><U89/><AGARI ba="0,0" hai="40,41,42,45,47,50,53,59,82,86,89" m="50793,31520,31008" machi="89" ten="30,12000,2" yaku="20,1,52,5" doraHai="131" who="1" fromWho="1" sc="290,-60,440,120,320,-60,0,0" /><INIT seed="1,1,0,1,5,80" ten="230,560,260,0" oya="1" hai0="49,62,81,74,111,100,114,58,51,115,83,75,97" hai1="60,41,88,110,36,73,96,103,89,116,44,90,32" hai2="38,131,91,109,104,130,122,120,82,57,1,127,37" hai3=""/><U119/><E32/><V68/><N who="2" m="30752" /><V59/><N who="2" m="31264" /><V63/><F1/><T126/><D126/><U135/><E73/><V65/><F104/><T105/><D111/><U0/><E0/><V3/><F3/><T107/><D107/><U77/><E77/><V34/><F34/><T98/><D98/><U50/><E110/><V112/><F112/><T2/><D2/><U48/><E135/><V102/><F102/><T64/><D74/><U117/><REACH who="1" step="1"/><E60/><REACH who="1" ten="230,550,260,0" step="2"/><V56/><F109/><T72/><D72/><U101/><E101/><V67/><F127/><T66/><D75/><U78/><E78/><V94/><F130/><T128/><D128/><U33/><E33/><V85/><F131/><T108/><D108/><U124/><E124/><V55/><F65/><T61/><D114/><U76/><E76/><V71/><F67/><T45/><D115/><U99/><E99/><V106/><F63/><T129/><D129/><U53/><E53/><V47/><F55/><T95/><D97/><U92/><AGARI ba="1,1" hai="36,41,44,48,50,88,89,90,92,96,103,116,117,119" machi="92" ten="40,5200,0" yaku="1,1,0,1,54,1,53,0" doraHai="80" doraHaiUra="54" who="1" fromWho="1" sc="230,-27,550,64,260,-27,0,0" /><INIT seed="1,2,0,0,3,93" ten="203,614,233,0" oya="1" hai0="112,54,97,120,134,86,2,129,67,106,118,39,119" hai1="98,56,35,71,100,50,92,107,48,114,109,121,116" hai2="33,75,108,84,102,91,40,99,45,32,122,57,135" hai3=""/><U90/><N who="1" m="31008" /><U96/><E114/><V104/><N who="2" m="31264" /><V44/><F75/><T37/><N who="0" m="30752" /><T69/><D2/><U94/><E116/><N who="0" m="44585" /><D112/><U52/><E71/><V58/><F108/><T60/><D129/><U46/><E109/><V105/><F105/><T124/><D124/><U34/><E107/><V55/><F135/><T95/><D54/><AGARI ba="2,0" hai="34,35,46,48,50,52,54,56,90,92,94,96,98,100" m="31008" machi="54" ten="30,12000,1" yaku="7,1,52,3,54,1" doraHai="93" who="1" fromWho="0" sc="203,-124,614,124,233,0,0,0" /><INIT seed="1,3,0,2,1,91" ten="79,738,233,0" oya="1" hai0="44,89,113,56,104,101,69,123,50,64,86,134,60" hai1="42,103,124,65,122,119,59,53,55,82,131,2,38" hai2="57,74,90,45,112,1,33,49,79,127,116,98,111" hai3=""/><U76/><N who="1" m="31264" /><U129/><E119/><V99/><F116/><T94/><N who="0" m="31520" /><T43/><D113/><U68/><E2/><V114/><F33/><T61/><D134/><U105/><E68/><V67/><F1/><T132/><D132/><U110/><E65/><V37/><F127/><T97/><REACH who="0" step="1"/><D60/><REACH who="0" ten="69,738,233,0" step="2"/><U80/><E124/><V71/><F114/><T72/><D72/><U77/><E131/><V63/><F112/><T32/><D32/><U135/><E129/><V83/><F111/><T51/><D51/><U34/><E135/><V84/><F37/><T46/><D46/><U121/><E34/><V39/><F39/><T81/><D81/><U106/><E38/><V128/><F128/><T108/><D108/><U87/><E110/><V66/><F45/><T54/><D54/><U62/><E55/><V52/><F67/><T118/><D118/><U75/><N who="1" m="31008" /><U93/><E42/><V58/><F71/><AGARI ba="3,1" hai="43,44,50,56,61,64,69,71,86,89,94,97,101,104" m="31520" machi="71" ten="40,8000,1" yaku="1,1,52,2,53,1" doraHai="91" doraHaiUra="88" who="0" fromWho="2" sc="69,96,738,0,233,-86,0,0" /><INIT seed="2,0,0,1,1,111" ten="165,738,147,0" oya="2" hai0="42,43,93,47,117,44,36,48,102,122,89,120,86" hai1="129,33,126,82,70,109,96,83,125,65,37,45,81" hai2="128,61,49,130,108,92,64,115,63,98,87,118,114" hai3=""/><V75/><F75/><T54/><N who="0" m="30752" /><T107/><N who="0" m="31264" /><T112/><D117/><U94/><E109/><V76/><F118/><T119/><D119/><U52/><E129/><N who="2" m="49771" /><F108/><T121/><N who="0" m="31008" /><T2/><D2/><U73/><E65/><V57/><F49/><T68/><D68/><U66/><E66/><V46/><F46/><T53/><REACH who="0" step="1"/><D112/><REACH who="0" ten="155,738,147,0" step="2"/><U58/><E70/><V116/><F116/><T67/><D67/><U132/><E126/><V104/><F104/><T100/><D100/><U3/><E125/><V41/><F41/><T78/><D78/><U40/><E40/><V101/><F61/><T38/><D38/><U74/><E37/><V51/><F51/><T134/><D134/><U90/><E132/><V59/><F59/><T80/><D80/><AGARI ba="0,1" hai="57,63,64,76,80,87,92,98,101,114,115" m="49771" machi="80" ten="30,5800,0" yaku="19,1,52,2" doraHai="111" who="2" fromWho="0" sc="155,-58,738,0,147,68,0,0" /><INIT seed="2,1,0,1,4,112" ten="97,738,215,0" oya="2" hai0="98,77,121,116,90,134,54,133,51,115,83,72,43" hai1="99,124,125,53,88,95,126,109,96,80,71,101,100" hai2="106,107,58,92,2,131,78,68,49,94,102,57,114" hai3=""/><V65/><F114/><T64/><N who="0" m="31008" /><T118/><D115/><U104/><E71/><V79/><F2/><T110/><D110/><U42/><E42/><V81/><F131/><T73/><D64/><U117/><E109/><V34/><F34/><T66/><D66/><U33/><E33/><V122/><N who="2" m="31264" /><V75/><F78/><T38/><D38/><U97/><E117/><N who="0" m="45161" /><D43/><U127/><E124/><V128/><F128/><T67/><D67/><U41/><E53/><V36/><F36/><T52/><D54/><U93/><E41/><V91/><F68/><T3/><D72/><U132/><E127/><V1/><F1/><T55/><D3/><U85/><E132/><N who="0" m="50793" /><D51/><U32/><E32/><V130/><F130/><T86/><D98/><U111/><E111/><V45/><F65/><T46/><D46/><U105/><E99/><V48/><F48/><T40/><D40/><U70/><E70/><V74/><F75/><T63/><D63/><U76/><E126/><V62/><F62/><T69/><D69/><U135/><E125/><V89/><F49/><T82/><AGARI ba="1,0" hai="52,55,73,77,82,83,86,90" m="50793,45161,31008" machi="82" ten="40,9000,2" yaku="20,1,52,4,54,1" doraHai="112" who="0" fromWho="0" sc="97,92,738,-31,215,-61,0,0" /><INIT seed="4,0,0,3,1,98" ten="189,707,154,0" oya="0" hai0="93,88,73,99,112,40,44,135,129,101,105,67,132" hai1="110,87,133,58,54,109,74,111,0,72,79,71,65" hai2="127,60,77,80,126,37,83,90,70,32,36,52,130" hai3=""/><T92/><D112/><U50/><E0/><V38/><F32/><T64/><D73/><U103/><E133/><N who="0" m="51273" /><D129/><U69/><E87/><V86/><F130/><T33/><D93/><U108/><E65/><V116/><F116/><T96/><D33/><U46/><E74/><V117/><F117/><T2/><D2/><U125/><E79/><V43/><F43/><T48/><AGARI ba="0,0" hai="40,44,48,64,67,88,92,96,99,101,105" m="51273" machi="48" ten="30,4000,0" yaku="20,1,52,1,54,1" doraHai="98" who="0" fromWho="0" sc="189,40,707,-20,154,-20,0,0" /><INIT seed="4,1,0,4,3,117" ten="229,687,134,0" oya="0" hai0="94,61,121,133,124,43,38,76,127,112,81,109,102" hai1="73,90,105,93,69,130,36,131,79,135,98,134,116" hai2="87,104,114,2,89,66,59,47,41,88,99,77,122" hai3=""/><T56/><N who="0" m="31008" /><T51/><D109/><U72/><E36/><V119/><N who="2" m="31264" /><V54/><F119/><T103/><D112/><U70/><E116/><V84/><F114/><T1/><D1/><U60/><E105/><V100/><F66/><T91/><D38/><U96/><E60/><V64/><F64/><T129/><D51/><U97/><E79/><V68/><F68/><N who="1" m="26217" /><E72/><V128/><F128/><N who="1" m="49193" /><E73/><V3/><F3/><T58/><D129/><U37/><E37/><V125/><F125/><N who="0" m="48202" /><D43/><U83/><E83/><V108/><F108/><T67/><D58/><U48/><E48/><V95/><F2/><T42/><D42/><U101/><E101/><V113/><F113/><T107/><D107/><U86/><AGARI ba="1,0" hai="86,90,93,96,97,98,134,135" m="49193,26217" machi="86" ten="40,1100,0" yaku="19,1" doraHai="117" who="1" fromWho="1" sc="229,-8,687,13,134,-5,0,0" /><INIT seed="5,0,0,3,4,133" ten="221,700,129,0" oya="1" hai0="127,118,132,93,73,69,129,74,125,46,107,41,47" hai1="124,90,99,80,56,97,102,65,70,37,2,119,77" hai2="48,120,66,92,105,104,87,39,55,49,68,81,134" hai3=""/><U38/><E119/><V128/><N who="2" m="30752" /><V115/><F134/><T64/><D132/><U84/><E70/><V60/><F39/><T85/><D107/><U95/><E2/><V106/><F115/><T109/><D118/><U117/><E117/><V44/><F128/><T110/><D129/><U112/><E112/><V86/><F92/><T123/><N who="0" m="31520" /><T43/><D93/><U130/><E130/><V122/><N who="2" m="31264" /><V83/><REACH who="2" step="1"/><F49/><REACH who="2" ten="221,700,119,0" step="2"/><T114/><D114/><U135/><E38/><V94/><F94/><T34/><D110/><U42/><E135/><V89/><F89/><T59/><D109/><U40/><E37/><V35/><F35/><T98/><D34/><U58/><E90/><V50/><F50/><T111/><D111/><U3/><E95/><V54/><F54/><T78/><D78/><U32/><E77/><V33/><F33/><T75/><D64/><U126/><E32/><V62/><F62/><T72/><D43/><U52/><E65/><V96/><F96/><T121/><D41/><U88/><E52/><V57/><F57/><T63/><D63/><U53/><E53/><V0/><F0/><T76/><D98/><U45/><E3/><V36/><F36/><T79/><D121/><U116/><E99/><RYUUKYOKU ba="0,1" sc="221,-10,700,-10,119,20,0,0" hai2="44,48,55,60,66,68,81,83,86,87,104,105,106" /><INIT seed="6,1,1,3,1,78" ten="211,690,139,0" oya="2" hai0="127,36,58,49,116,34,83,120,123,93,46,108,133" hai1="0,74,43,47,115,45,48,111,44,122,50,134,56" hai2="64,119,109,62,86,132,65,128,69,87,72,75,1" hai3=""/><V84/><F119/><T95/><N who="0" m="30752" /><T113/><N who="0" m="31520" /><T40/><D34/><U101/><N who="1" m="31264" /><U51/><E111/><V121/><N who="2" m="31008" /><V117/><F117/><T57/><D116/><U89/><E74/><V126/><F1/><T81/><D108/><U80/><E101/><V97/><F128/><T54/><D133/><U92/><E80/><V3/><F3/><T77/><D113/><U32/><E115/><V88/><F109/><T66/><D81/><U130/><E134/><V53/><F126/><T105/><D105/><U61/><E32/><V33/><F33/><T35/><D35/><U102/><E102/><V38/><F38/><T71/><D57/><U135/><E135/><V100/><F132/><T114/><D127/><U37/><E0/><V2/><F2/><T110/><D110/><U67/><E130/><V91/><F53/><T68/><D114/><U107/><E107/><V131/><F64/><T42/><D42/><U103/><E103/><V60/><F60/><T70/><D66/><U118/><E118/><V99/><F131/><T124/><D124/><U85/><AGARI ba="1,1" hai="37,43,44,45,47,48,50,51,56,61,67,85,89,92" m="31264" machi="85" ten="30,1500,0" yaku="0,1,52,1" doraHai="78" who="1" fromWho="1" sc="211,-6,690,27,139,-11,0,0" owari="205,-19.0,717,66.0,128,-47.0,0,0.0" /></mjloggm>