<mjloggm ver="2.3"><GO type="225" lobby="0"/><UN n0="%E8%88%B9%E8%A6%8B%E7%B5%90%E8%A1%A3%E3%81%A1%E3%82%83%E3%82%93" n1="%E9%BA%BB%E9%9B%80%E3%81%9F%E3%81%AE%E3%81%97" n2="%E8%A8%88%E7%AE%97%E6%A9%9F%E8%87%AA%E7%84%B6" n3="%E7%AB%8B%E7%9B%B4%E5%A5%BD%E6%A3%92%40%E5%BF%98" dan="16,16,17,17" rate="2177.20,2145.79,2248.49,2214.40" sx="F,F,M,M"/><TAIKYOKU oya="0"/><INIT seed="0,0,0,4,2,62" ten="250,250,250,250" oya="0" hai0="41,66,31,116,26,59,54,84,78,16,28,80,129" hai1="56,33,119,17,22,7,37,24,30,122,106,107,36" hai2="74,130,61,63,38,70,49,113,69,125,43,14,4" hai3="15,118,85,93,126,12,35,94,34,53,51,68,1"/><T77/><D116/><U57/><E122/><V82/><F113/><W134/><G1/><T86/><D129/><U124/><E124/><V60/><F38/><W79/><G118/><T98/><D41/><U103/><E119/><V102/><F102/><W135/><G68/><T81/><D98/><U117/><E117/><V21/><F125/><W87/><G51/><T75/><D75/><U108/><E108/><V6/><F130/><W91/><G126/><T55/><D66/><U11/><E36/><V13/><F74/><W120/><G53/><T90/><D90/><U47/><E47/><N who="2" m="25855" /><F70/><W123/><REACH who="3" step="1"/><G91/><REACH who="3" ten="250,250,250,240" step="2"/><T25/><D59/><U18/><E37/><V76/><F69/><W9/><G9/><T128/><D128/><U67/><E56/><V110/><F110/><W121/><G121/><T20/><REACH who="0" step="1"/><D16/><REACH who="0" ten="240,250,250,240" step="2"/><U46/><E18/><N who="2" m="10447" /><F61/><W131/><G131/><T64/><D64/><U0/><E67/><V115/><F63/><W72/><G72/><T89/><D89/><U92/><E57/><V97/><F60/><W101/><G101/><T52/><D52/><U5/><E103/><V19/><F19/><W44/><G44/><T132/><D132/><U50/><E46/><V95/><F115/><W100/><G100/><T83/><D83/><U133/><E133/><V58/><F58/><W96/><G96/><T27/><D27/><U71/><E24/><V10/><F97/><W40/><G40/><T3/><D3/><U109/><E0/><V42/><F42/><W112/><G112/><T99/><D99/><U32/><E17/><N who="2" m="8407" /><F95/><W65/><G65/><T39/><D39/><RYUUKYOKU ba="0,2" sc="240,10,250,-30,250,10,240,10" hai0="20,25,26,28,31,54,55,77,78,80,81,84,86" hai2="4,6,76,82" hai3="12,15,34,35,79,85,87,93,94,120,123,134,135" /><INIT seed="0,1,2,0,2,98" ten="250,220,260,250" oya="0" hai0="77,73,26,8,13,15,43,123,63,1,127,17,6" hai1="54,52,79,32,44,133,61,121,135,124,22,70,46" hai2="102,40,14,93,86,45,37,36,114,59,115,24,51" hai3="85,12,112,109,95,80,42,83,31,3,30,100,28"/><T38/><D123/><U113/><E32/><V99/><F14/><W130/><G3/><T7/><D7/><U71/><E79/><V131/><F131/><W107/><G112/><T122/><D122/><U134/><E121/><V10/><F10/><W116/><G116/><T78/><D78/><U18/><E113/><V67/><F37/><W50/><G107/><T21/><D63/><U132/><N who="1" m="33792" /><DORA hai="94" /><U60/><E18/><V53/><F86/><W110/><G130/><T108/><D108/><N who="3" m="41577" /><G12/><T19/><D19/><U5/><E5/><V35/><REACH who="2" step="1"/><F67/><REACH who="2" ten="250,220,250,250" step="2"/><W101/><G85/><T48/><D38/><U126/><E22/><V120/><F120/><W87/><G87/><T128/><D128/><U75/><E75/><V117/><F117/><W119/><G119/><T20/><D20/><U4/><E4/><V65/><F65/><W76/><G76/><T64/><D64/><N who="1" m="41223" /><E71/><V23/><F23/><W58/><G83/><T89/><D77/><U74/><E74/><V9/><F9/><W41/><G80/><T55/><D73/><U91/><E91/><V0/><F0/><W111/><G111/><T84/><D89/><U90/><E90/><V56/><F56/><W96/><G100/><T69/><D69/><U106/><E46/><V29/><AGARI ba="1,3" hai="24,29,35,36,40,45,51,53,59,93,99,102,114,115" machi="29" ten="30,8000,1" yaku="1,1,0,1,52,2,53,1" doraHai="98,94" doraHaiUra="88,82" who="2" fromWho="2" sc="250,-41,220,-21,250,113,250,-21" /><INIT seed="1,0,0,5,3,91" ten="209,199,363,229" oya="1" hai0="86,123,83,39,45,117,92,38,101,88,77,55,100" hai1="5,59,84,60,29,109,113,53,73,71,18,7,3" hai2="66,57,21,24,65,14,94,111,128,119,74,112,129" hai3="6,70,28,103,62,69,107,110,12,104,9,52,46"/><U40/><E73/><V47/><F119/><W1/><G110/><T102/><D117/><U30/><E113/><V126/><F74/><W31/><G1/><T105/><D105/><U124/><E124/><V80/><F111/><W85/><G70/><T49/><REACH who="0" step="1"/><D123/><REACH who="0" ten="199,199,363,229" step="2"/><U58/><E109/><V51/><F126/><W87/><G104/><T19/><D19/><U118/><E118/><V95/><F112/><W106/><G106/><T79/><D79/><U120/><E120/><V0/><F129/><W2/><G107/><T125/><D125/><U68/><E18/><V35/><F128/><W130/><G130/><T56/><D56/><U132/><E59/><V76/><F57/><N who="3" m="35111" /><G69/><T41/><D41/><U27/><E71/><V44/><F76/><W48/><G2/><T37/><D37/><U134/><E68/><V78/><F78/><W43/><G103/><T127/><D127/><U50/><E3/><V15/><F0/><W32/><G32/><T20/><D20/><N who="1" m="15591" /><E30/><AGARI ba="0,1" hai="6,9,12,28,30,31,43,46,48,85,87" m="35111" machi="30" ten="30,2000,0" yaku="8,1,54,1" doraHai="91" who="3" fromWho="1" sc="199,0,199,-20,363,0,229,30" /><INIT seed="2,0,0,2,0,65" ten="199,179,363,259" oya="2" hai0="82,51,17,80,37,27,0,133,121,93,39,35,111" hai1="45,118,11,97,3,33,84,49,135,87,88,10,104" hai2="75,123,71,91,119,78,61,4,30,20,129,116,124" hai3="41,5,114,134,22,64,109,103,112,69,48,127,113"/><V85/><F123/><W76/><G103/><T110/><D121/><U107/><E118/><V72/><F4/><W92/><G92/><T55/><D0/><U28/><E135/><V38/><F38/><W23/><G76/><T47/><D133/><U108/><E108/><N who="0" m="41513" /><D93/><U122/><E122/><V100/><F100/><W29/><G109/><T59/><D17/><U94/><E3/><V19/><F30/><W53/><G134/><T34/><D27/><U81/><E33/><N who="0" m="12297" /><D39/><U24/><E24/><V13/><F19/><W12/><G29/><T96/><D96/><U18/><E28/><V89/><F13/><W126/><G5/><T98/><D98/><U52/><E87/><V62/><F85/><W21/><G12/><T95/><D95/><U77/><REACH who="1" step="1"/><E18/><REACH who="1" ten="199,169,363,259" step="2"/><V115/><F119/><W26/><G26/><T66/><D37/><U90/><E90/><V54/><F91/><W46/><G113/><T31/><D31/><U56/><E56/><V106/><F89/><W70/><G112/><T36/><D36/><U120/><E120/><V105/><F115/><W74/><G114/><T57/><D57/><U99/><E99/><V68/><F116/><W101/><G101/><T6/><D6/><U83/><E83/><V15/><F15/><W8/><G69/><T16/><D16/><U14/><E14/><V125/><F71/><W40/><G8/><AGARI ba="0,1" hai="8,10,11,45,49,52,77,81,84,88,94,97,104,107" machi="8" ten="40,8000,1" yaku="1,1,54,2,53,1" doraHai="65" doraHaiUra="79" who="1" fromWho="3" sc="199,0,169,90,363,0,259,-80" /><INIT seed="3,0,0,5,5,22" ten="199,259,363,179" oya="3" hai0="109,104,114,27,23,111,1,77,85,10,95,87,108" hai1="100,83,48,117,106,79,56,42,127,84,51,94,76" hai2="80,11,31,62,66,54,102,93,6,103,37,0,118" hai3="119,133,91,90,81,32,130,39,88,63,105,21,112"/><W34/><G119/><T49/><D114/><U47/><E117/><V74/><F37/><W57/><G112/><T45/><D104/><U4/><E127/><V9/><F118/><W134/><G39/><T122/><D122/><U97/><E79/><V131/><F31/><W86/><G105/><T14/><D1/><U99/><E4/><V50/><F131/><W123/><G123/><T15/><D95/><U115/><E115/><V44/><F11/><W36/><G36/><T82/><D87/><U20/><E20/><V116/><F116/><W128/><G21/><T96/><D96/><U60/><E51/><V17/><F17/><W113/><G113/><T8/><D8/><U65/><E106/><V75/><F93/><W19/><G19/><N who="0" m="12799" /><D10/><U73/><E73/><V53/><F53/><AGARI ba="0,0" hai="14,15,45,49,53,77,82,85,108,109,111" m="12799" machi="53" ten="30,2000,0" yaku="14,1,52,1" doraHai="22" who="0" fromWho="2" sc="199,20,259,0,363,-20,179,0" owari="219,-18.0,259,6.0,343,44.0,179,-32.0" /></mjloggm>