<mjloggm ver="2.3"><GO type="169" lobby="0"/><UN n0="%E6%9C%A8%E6%A8%B9" n1="%6B%6B%6B%73%73%36%36%36" n2="%7A%6F%6F%31%39%36%34" n3="%E3%83%9E%E3%83%8A%E3%83%96%E9%9B%B6" dan="16,16,18,16" rate="2133.26,2045.11,2232.36,2135.50" sx="M,M,M,M"/><TAIKYOKU oya="0"/><INIT seed="0,0,0,5,1,92" ten="250,250,250,250" oya="0" hai0="119,133,95,18,35,30,68,26,129,31,80,125,84" hai1="2,1,103,39,127,12,49,0,69,14,108,89,6" hai2="48,124,118,111,117,102,24,62,3,63,115,44,82" hai3="134,53,113,59,121,21,22,10,96,112,97,43,88"/><T87/><D119/><U85/><E39/><V78/><F115/><W57/><G43/><T42/><D68/><U54/><E108/><V94/><F3/><W91/><G10/><T99/><D129/><U36/><E69/><V101/><F24/><W55/><REACH who="3" step="1"/><G121/><REACH who="3" ten="250,250,250,240" step="2"/><T33/><D133/><AGARI ba="0,1" hai="21,22,53,55,57,59,88,91,96,97,112,113,133,134" machi="133" ten="25,12000,2" yaku="1,1,2,1,22,2,52,2,54,1,53,0" doraHai="92" doraHaiUra="105" who="3" fromWho="0" sc="250,-120,250,0,250,0,240,130" /><INIT seed="1,0,0,0,0,41" ten="130,250,250,370" oya="1" hai0="10,73,70,24,14,31,5,82,100,75,42,45,33" hai1="52,66,29,114,50,125,90,116,130,109,47,15,134" hai2="62,0,17,44,68,16,13,9,1,84,59,30,127" hai3="106,117,2,124,101,43,87,61,74,103,25,49,92"/><U72/><E116/><V91/><F68/><W36/><G36/><T39/><D70/><U28/><E114/><V129/><F127/><W85/><G74/><T93/><D100/><U69/><E125/><V97/><F129/><W80/><G2/><T37/><D37/><U76/><E130/><V102/><F30/><W89/><G106/><T7/><D7/><U83/><E134/><V57/><F57/><W131/><G131/><T3/><D93/><U22/><E109/><V54/><F17/><W99/><G124/><T12/><REACH who="0" step="1"/><D73/><REACH who="0" ten="120,250,250,370" step="2"/><U18/><REACH who="1" step="1"/><E90/><REACH who="1" ten="120,240,250,370" step="2"/><V77/><F91/><W65/><G117/><T38/><D38/><U98/><E98/><V86/><F97/><W53/><G99/><T81/><D81/><U56/><E56/><V133/><F133/><W104/><G80/><T132/><D132/><U71/><E71/><V46/><F102/><W96/><G103/><T26/><D26/><U40/><E40/><V88/><F88/><W58/><G43/><T20/><D20/><U11/><E11/><V113/><F113/><W115/><G25/><T78/><AGARI ba="0,2" hai="3,5,10,12,14,24,31,33,39,42,45,75,78,82" machi="78" ten="30,8000,1" yaku="1,1,0,1,25,2,52,1,53,0" doraHai="41" doraHaiUra="119" who="0" fromWho="0" sc="120,100,240,-40,250,-20,370,-20" /><INIT seed="2,0,0,5,0,122" ten="220,200,230,350" oya="2" hai0="117,22,83,113,74,77,26,20,112,133,6,5,56" hai1="92,60,93,127,82,53,58,106,10,104,69,134,12" hai2="90,13,130,110,16,23,126,108,115,30,29,31,52" hai3="66,25,79,50,107,120,84,18,89,73,49,3,19"/><V0/><F115/><W24/><G120/><T65/><D133/><U76/><E134/><V46/><F0/><W68/><G107/><T70/><D70/><U43/><E127/><V33/><F33/><W95/><G3/><T129/><D129/><U135/><E135/><V71/><F71/><W100/><G68/><T125/><D125/><U119/><E119/><V17/><F126/><W48/><G66/><T111/><D117/><U103/><E69/><V62/><F130/><W42/><G100/><T2/><D2/><U61/><E61/><V51/><F62/><W121/><G121/><T118/><D118/><U124/><E43/><V41/><F90/><W131/><G131/><T36/><D36/><U34/><E34/><V47/><REACH who="2" step="1"/><F17/><REACH who="2" ten="220,200,220,350" step="2"/><W94/><G18/><T35/><D35/><U80/><E124/><V64/><F64/><W75/><G19/><T63/><D112/><U99/><E106/><V32/><F32/><W102/><G89/><T72/><D113/><U27/><E104/><V7/><F7/><W91/><G91/><T59/><D63/><U38/><E60/><V128/><F128/><W67/><G67/><T87/><D65/><U11/><E103/><V105/><F105/><W85/><G102/><T40/><D5/><U39/><E39/><AGARI ba="0,1" hai="13,16,23,29,30,31,39,41,46,47,51,52,108,110" machi="39" ten="40,12000,1" yaku="1,1,52,2,54,2,53,0" doraHai="122" doraHaiUra="1" who="2" fromWho="1" sc="220,0,200,-120,220,130,350,0" /><INIT seed="2,1,0,5,0,118" ten="220,80,350,350" oya="2" hai0="56,31,129,71,78,32,45,93,94,117,30,44,90" hai1="83,74,62,36,64,111,53,106,135,115,37,99,95" hai2="65,101,122,21,58,89,88,103,55,15,61,43,66" hai3="125,20,22,9,17,79,123,42,49,134,110,59,86"/><V0/><F122/><W87/><G123/><T23/><D71/><U104/><E95/><V92/><F43/><W18/><G110/><T105/><D105/><U38/><E53/><V50/><F0/><W16/><G134/><T6/><D32/><U11/><E135/><V127/><F127/><W124/><G9/><T24/><D6/><U57/><E111/><V4/><F89/><W3/><G3/><T85/><D129/><U97/><E115/><V114/><F114/><W39/><G39/><T8/><D8/><U34/><E11/><V40/><F40/><W131/><G131/><T126/><D31/><U13/><E13/><V116/><F116/><W12/><G79/><T84/><D126/><N who="3" m="48745" /><G42/><T119/><D56/><U28/><E99/><V33/><F33/><W130/><G130/><T68/><D68/><N who="1" m="42007" /><E97/><V82/><F82/><W132/><G132/><T91/><D78/><N who="1" m="44503" /><E57/><N who="2" m="33015" /><F66/><W80/><G12/><T75/><D75/><U14/><E14/><V73/><F73/><W76/><G87/><T96/><REACH who="0" step="1"/><D96/><REACH who="0" ten="210,80,350,350" step="2"/><U41/><E41/><V113/><F113/><W19/><N who="3" m="4096" /><DORA hai="47" /><W7/><G7/><T120/><D120/><U72/><E72/><V109/><F109/><W1/><G1/><T51/><D51/><U67/><E36/><V46/><F4/><W133/><G133/><T5/><D5/><U48/><E37/><V69/><F69/><W107/><G107/><N who="1" m="41002" /><E38/><V108/><F108/><W100/><G59/><T35/><D35/><U26/><E48/><V2/><F2/><W121/><G49/><T81/><D81/><U52/><E34/><V29/><F21/><RYUUKYOKU ba="1,1" sc="210,30,80,-10,350,-10,350,-10" hai0="23,24,30,44,45,84,85,90,91,93,94,117,119" /><INIT seed="3,2,1,0,0,34" ten="240,70,340,340" oya="3" hai0="60,101,63,109,6,124,7,131,27,43,103,20,70" hai1="133,108,92,80,79,61,42,123,95,90,112,66,132" hai2="68,55,78,8,127,37,54,14,114,48,97,52,119" hai3="16,94,129,25,57,23,36,120,106,62,40,64,86"/><W118/><G118/><T46/><D109/><U105/><E112/><V1/><F37/><W135/><G120/><T69/><D124/><U98/><E123/><V82/><F114/><W58/><G106/><T91/><D131/><U33/><E33/><V74/><F119/><W24/><G129/><T130/><D130/><U89/><E42/><V39/><F39/><W56/><G135/><N who="1" m="51786" /><E61/><V11/><F68/><W0/><G0/><T99/><D69/><U134/><N who="1" m="51794" /><U50/><DORA hai="31" /><E50/><V2/><F127/><W88/><REACH who="3" step="1"/><G25/><REACH who="3" ten="240,70,340,330" step="2"/><T15/><D27/><U83/><E108/><V128/><F128/><W22/><G22/><T17/><D20/><U126/><E126/><V77/><F11/><W53/><G53/><T117/><D117/><U72/><E66/><V41/><F41/><W102/><G102/><T45/><D43/><U73/><E105/><V12/><F55/><W10/><G10/><T9/><D103/><N who="1" m="60871" /><E95/><V13/><F8/><W93/><G93/><T47/><D101/><U96/><E96/><V85/><F54/><W65/><G65/><T28/><D9/><U44/><E44/><AGARI ba="2,2" hai="16,23,24,36,40,44,56,57,58,62,64,86,88,94" machi="44" ten="40,12000,1" yaku="1,1,54,2,53,1" doraHai="34,31" doraHaiUra="107,84" who="3" fromWho="1" sc="240,0,70,-126,340,0,330,146" owari="240,-16.0,-56,-56.0,340,14.0,476,58.0" /></mjloggm>