<mjloggm ver="2.3"><GO type="169" lobby="0"/><UN n0="%E3%81%8B%E3%81%A5%E3%81%8D%EF%BC%B8%EF%BC%A9" n1="%E5%B0%8F%E6%89%8B%E8%BF%94%E6%92%B2%E6%BB%85%E4%BC%9A%E9%95%B7" n2="%E3%83%A4%E3%83%9E%E3%83%80%E3%81%95%E3%82%93" n3="%E6%9D%BE%E5%B1%8B%E3%81%8A%E3%81%98%E3%81%95%E3%82%93" dan="16,17,16,19" rate="2095.69,2166.58,2112.05,2273.94" sx="M,F,M,M"/><TAIKYOKU oya="0"/><INIT seed="0,0,0,0,5,101" ten="250,250,250,250" oya="0" hai0="63,90,118,49,124,94,6,28,32,103,56,24,52" hai1="93,19,135,99,109,117,134,50,72,60,47,100,81" hai2="95,58,26,88,48,13,12,10,70,65,14,96,79" hai3="39,129,30,78,113,27,125,68,21,120,85,97,105"/><T51/><D118/><U15/><E109/><V17/><F70/><W132/><G113/><T34/><D34/><U84/><E72/><V35/><F79/><W36/><G125/><T18/><D124/><U3/><E3/><V133/><F133/><W11/><G132/><T55/><D6/><U25/><E117/><V16/><F35/><W45/><G68/><T42/><D103/><U107/><E60/><N who="2" m="38039" /><F48/><W80/><G129/><T98/><D42/><U71/><E25/><V23/><AGARI ba="0,0" hai="10,12,13,14,16,17,23,26,88,95,96" m="38039" machi="23" ten="30,4000,0" yaku="8,1,54,2" doraHai="101" who="2" fromWho="2" sc="250,-20,250,-10,250,40,250,-10" /><INIT seed="1,0,0,5,3,59" ten="230,240,290,240" oya="1" hai0="29,67,31,58,110,25,88,108,95,48,38,11,127" hai1="23,106,51,64,33,86,100,90,125,55,84,89,10" hai2="75,79,62,60,102,130,122,17,30,61,111,81,76" hai3="6,99,18,42,114,80,113,70,107,68,41,24,109"/><U120/><E33/><V82/><F122/><W2/><G2/><T12/><D127/><U7/><E120/><V135/><F111/><N who="0" m="42538" /><D38/><U9/><E125/><V115/><F130/><W96/><G109/><T39/><D39/><U92/><E106/><V0/><F135/><W78/><G6/><N who="0" m="3191" /><D25/><U46/><E100/><V57/><F0/><W101/><G99/><N who="0" m="57831" /><D48/><U124/><E124/><V37/><F37/><W35/><G113/><T105/><D105/><U16/><E64/><V49/><F115/><W1/><G1/><T98/><D98/><U52/><E7/><V73/><F102/><W74/><G114/><T36/><D36/><U118/><E118/><V50/><F57/><W112/><G112/><T131/><D131/><U116/><E116/><V69/><F69/><W72/><G70/><T94/><D94/><U4/><E4/><V129/><F129/><W128/><G128/><T93/><D93/><N who="1" m="54439" /><E55/><V13/><REACH who="2" step="1"/><F30/><REACH who="2" ten="230,240,280,240" step="2"/><W5/><G68/><T19/><D19/><U45/><E45/><V134/><F134/><W20/><G5/><T133/><D133/><U126/><E126/><V54/><F54/><W28/><G41/><T32/><D32/><U21/><E21/><AGARI ba="0,1" hai="13,17,21,49,50,60,61,62,73,75,76,79,81,82" machi="21" ten="40,8000,1" yaku="1,1,9,1,52,3,53,0" doraHai="59" doraHaiUra="91" who="2" fromWho="1" sc="230,0,240,-80,280,90,240,0" /><INIT seed="2,0,0,3,1,36" ten="230,160,370,240" oya="2" hai0="17,77,91,46,76,78,43,1,92,84,134,32,93" hai1="87,12,45,19,58,94,89,118,31,16,74,81,129" hai2="115,106,126,88,117,122,85,10,26,30,119,112,125" hai3="7,107,52,41,39,82,62,124,104,6,20,40,133"/><V116/><F106/><W14/><G39/><T59/><D32/><U25/><E118/><V97/><F10/><W128/><G107/><T67/><D1/><U60/><E129/><V23/><F97/><W53/><G104/><T8/><D134/><U99/><E74/><V95/><REACH who="2" step="1"/><F122/><REACH who="2" ten="230,160,360,240" step="2"/><W131/><G131/><T100/><D8/><U11/><E19/><V27/><F27/><W127/><G128/><T44/><D17/><U35/><E45/><V48/><F48/><W54/><G6/><T90/><D100/><U120/><E120/><V4/><F4/><W5/><G5/><T121/><D121/><U72/><E72/><V22/><F22/><W51/><G51/><T2/><D46/><U0/><E0/><V61/><F61/><W55/><G20/><T24/><D2/><U98/><REACH who="1" step="1"/><E94/><REACH who="1" ten="230,150,360,240" step="2"/><V42/><F42/><W66/><G41/><T73/><D73/><U111/><E111/><V38/><F38/><W70/><G40/><T68/><D44/><U105/><E105/><V34/><F34/><W71/><G7/><T15/><D43/><U113/><E113/><AGARI ba="0,2" hai="23,26,30,85,88,95,112,113,115,116,117,119,125,126" machi="113" ten="50,4800,0" yaku="1,1,54,1,53,0" doraHai="36" doraHaiUra="102" who="2" fromWho="1" sc="230,0,150,-48,360,68,240,0" /><INIT seed="2,1,0,4,2,130" ten="230,102,428,240" oya="2" hai0="120,67,9,14,134,51,45,88,32,25,21,84,18" hai1="52,28,59,71,13,95,111,47,108,65,77,5,72" hai2="76,29,54,7,121,133,36,3,61,57,53,104,27" hai3="68,112,127,123,96,115,15,82,102,43,38,11,114"/><V34/><F121/><W63/><G123/><T131/><D131/><U81/><E28/><V40/><F104/><W64/><G127/><T0/><D120/><U48/><E71/><V93/><F76/><W118/><G118/><T94/><D67/><U107/><E107/><V89/><F54/><W83/><G38/><T92/><D0/><U58/><E95/><V91/><F7/><W4/><REACH who="3" step="1"/><G43/><REACH who="3" ten="230,102,428,230" step="2"/><T78/><D78/><U17/><E5/><V39/><F40/><W125/><G125/><T31/><D134/><U99/><E65/><V56/><F39/><W12/><G12/><T23/><REACH who="0" step="1"/><D94/><AGARI ba="1,1" hai="4,11,15,63,64,68,82,83,94,96,102,112,114,115" machi="94" ten="40,2600,0" yaku="1,1,11,1,53,0" doraHai="130" doraHaiUra="87" who="3" fromWho="0" sc="230,-29,102,0,428,0,230,39" /><INIT seed="3,0,0,2,1,114" ten="201,102,428,269" oya="3" hai0="68,18,67,7,6,23,58,15,90,123,69,30,132" hai1="118,106,71,38,44,84,70,64,120,60,83,108,16" hai2="14,40,27,96,82,77,115,32,4,135,126,87,129" hai3="101,29,113,8,2,52,61,53,48,19,102,54,13"/><W121/><G113/><T112/><D123/><U62/><E120/><V91/><F40/><W75/><G121/><T124/><D112/><U72/><E106/><V92/><F4/><W65/><G75/><T131/><D124/><U56/><E72/><V86/><F14/><W78/><G78/><T25/><D131/><U55/><E108/><V36/><F36/><W46/><G29/><T21/><D132/><U73/><E73/><N who="2" m="43311" /><F27/><W47/><G2/><T100/><D100/><U57/><E38/><V1/><F32/><W22/><G22/><T109/><D109/><U42/><E42/><V24/><F24/><W33/><G33/><T80/><D68/><U34/><E44/><V11/><F11/><W133/><G133/><T134/><D69/><U49/><E49/><V88/><F1/><W95/><G95/><T39/><D39/><U63/><E34/><V59/><F59/><N who="3" m="37055" /><G47/><T128/><D128/><U99/><E63/><V74/><F129/><W37/><G37/><T93/><D80/><U66/><E55/><AGARI ba="0,0" hai="8,13,19,46,48,52,53,54,55,101,102" m="37055" machi="55" ten="30,2900,0" yaku="8,1,54,1" doraHai="114" who="3" fromWho="1" sc="201,0,102,-29,428,0,269,29" /><INIT seed="3,1,0,4,4,105" ten="201,73,428,298" oya="3" hai0="82,94,42,120,51,80,8,30,121,77,28,125,117" hai1="65,132,61,113,13,97,78,53,22,25,16,6,108" hai2="35,29,92,38,109,44,18,127,123,86,50,56,107" hai3="34,101,12,0,55,41,20,17,118,69,116,67,70"/><W115/><G115/><T88/><D117/><U79/><E113/><V21/><F107/><W95/><G34/><T66/><D125/><U104/><E108/><V71/><F71/><W122/><G122/><T126/><D126/><U47/><E132/><V4/><F38/><W84/><G0/><T129/><D66/><U33/><E47/><V128/><F4/><W90/><G41/><T99/><D129/><U73/><E53/><V19/><F35/><W37/><G37/><T62/><D82/><U27/><E27/><V75/><F75/><W83/><G101/><T5/><D62/><U2/><E73/><V59/><F29/><W60/><G70/><T85/><D121/><U54/><E54/><V9/><F18/><W24/><G83/><T87/><D87/><U36/><E36/><V112/><F9/><W43/><G43/><T114/><D114/><U48/><E48/><V7/><F7/><W133/><G133/><T81/><D81/><U31/><E97/><V46/><F86/><W57/><REACH who="3" step="1"/><G24/><REACH who="3" ten="201,73,428,288" step="2"/><T134/><D134/><U98/><E2/><V131/><F123/><W39/><G39/><T111/><D120/><U52/><E33/><V103/><F112/><W100/><G100/><T23/><D111/><U130/><E25/><V68/><F103/><W96/><G96/><T93/><D42/><U58/><E98/><V40/><F40/><W135/><G135/><T106/><D99/><U32/><E32/><V49/><F68/><W3/><G3/><T14/><D106/><U15/><E104/><V1/><F109/><W91/><G91/><T119/><D88/><RYUUKYOKU ba="1,1" sc="201,-10,73,-10,428,-10,288,30" hai3="12,17,20,55,57,60,67,69,84,90,95,116,118" /><INIT seed="3,2,1,1,5,135" ten="191,63,418,318" oya="3" hai0="91,95,123,44,86,68,111,115,13,37,41,1,92" hai1="113,20,128,71,70,103,124,52,112,122,77,117,64" hai2="49,29,90,130,119,60,133,80,76,99,75,126,5" hai3="31,17,34,89,97,47,51,127,32,82,61,101,4"/><W107/><G31/><T62/><D1/><U118/><E103/><V98/><F5/><W134/><G134/><T2/><D2/><U18/><E122/><V116/><F49/><W79/><G4/><T58/><D68/><U15/><E77/><V56/><F29/><W55/><G127/><T54/><D115/><N who="1" m="44107" /><E64/><V102/><F56/><W12/><G61/><T85/><D111/><U42/><E42/><V96/><F60/><W87/><REACH who="3" step="1"/><G79/><REACH who="3" ten="191,63,418,308" step="2"/><T114/><D114/><U78/><E78/><V83/><F133/><W38/><G38/><T108/><D123/><U94/><E124/><V25/><F126/><W109/><G109/><T39/><D108/><U131/><E71/><V8/><F76/><W81/><G81/><T121/><D121/><U23/><E70/><V53/><F80/><W129/><G129/><N who="1" m="49738" /><E94/><V35/><F83/><W73/><G73/><T48/><D95/><U19/><E52/><V28/><F53/><W125/><G125/><T74/><D74/><U40/><E40/><V65/><F75/><W7/><G7/><T106/><D39/><U36/><E36/><V93/><F130/><W66/><G66/><T3/><D37/><U67/><E67/><V14/><F65/><W43/><G43/><T10/><D106/><U9/><E19/><V21/><F93/><W105/><G105/><T50/><D62/><U11/><E11/><AGARI ba="2,2" hai="11,12,17,32,34,47,51,55,82,87,89,97,101,107" machi="11" ten="30,11600,0" yaku="1,1,7,1,25,2,53,0" doraHai="135" doraHaiUra="0" who="3" fromWho="1" sc="191,0,63,-122,418,0,308,142" owari="191,-21.0,-59,-56.0,418,22.0,450,55.0" /></mjloggm>