<mjloggm ver="2.3"><GO type="169" lobby="0"/><UN n0="%4D%41%4B%30%31%30%34" n1="%E7%89%8C%E6%B5%81%E5%AE%9A%E7%9F%B3%E6%9C%80%E9%AB%98" n2="%6B%6F%7A%61%6B%69%6E%67" n3="%E7%89%8C%E5%BB%83%E4%BA%BA" dan="16,16,16,17" rate="2108.73,2121.93,2081.47,2156.00" sx="M,M,M,M"/><TAIKYOKU oya="0"/><INIT seed="0,0,0,4,2,3" ten="250,250,250,250" oya="0" hai0="124,28,120,101,111,114,65,67,4,44,36,93,35" hai1="123,68,31,24,59,50,105,58,131,81,64,91,11" hai2="34,99,76,26,96,41,10,60,70,61,109,46,134" hai3="52,90,112,5,22,74,55,73,48,0,125,106,118"/><T54/><D114/><U129/><E123/><V43/><F109/><W6/><G112/><T133/><D120/><U122/><E122/><V97/><F134/><W78/><G118/><T57/><D133/><U21/><E105/><V119/><F119/><W71/><G71/><T100/><D124/><U75/><E50/><V95/><F76/><W86/><G106/><T89/><D111/><U42/><E42/><V25/><F95/><W102/><G102/><T116/><D116/><U85/><E75/><V83/><F83/><N who="3" m="47479" /><G0/><T40/><D4/><N who="3" m="1641" /><G74/><T49/><D101/><U14/><E68/><V19/><F70/><W113/><G73/><T45/><D100/><U82/><E82/><V115/><F34/><W18/><G113/><T107/><D107/><U130/><REACH who="1" step="1"/><E64/><REACH who="1" ten="250,240,250,250" step="2"/><V84/><F115/><W77/><G125/><T33/><D67/><U39/><E39/><V53/><F43/><W87/><G48/><T108/><D108/><U8/><E8/><V32/><F41/><W79/><G55/><T103/><D65/><U37/><E37/><V62/><F53/><W104/><G52/><T72/><D72/><U127/><E127/><V121/><F121/><W56/><G104/><T110/><D110/><U20/><E20/><V9/><F9/><W30/><G56/><T38/><D57/><U128/><N who="1" m="32768" /><DORA hai="13" /><U47/><E47/><V98/><F46/><W27/><G30/><T2/><D45/><U51/><E51/><V117/><F117/><W132/><G132/><T94/><D49/><U17/><AGARI ba="0,1" hai="11,14,17,21,24,31,58,59,81,85,91" m="32768" machi="17" ten="60,8000,1" yaku="1,1,0,1,19,1,52,1,53,0" doraHai="3,13" doraHaiUra="1,135" who="1" fromWho="1" sc="250,-40,240,90,250,-20,250,-20" /><INIT seed="1,0,0,0,5,78" ten="210,330,230,230" oya="1" hai0="69,112,0,73,83,51,116,20,100,18,27,108,135" hai1="91,38,129,85,70,82,74,61,114,76,29,103,6" hai2="44,23,21,36,97,31,47,56,110,87,59,131,52" hai3="5,105,115,9,88,89,33,2,10,123,1,13,26"/><U118/><E114/><V30/><F110/><W134/><G123/><T67/><D116/><U14/><E118/><V128/><F59/><W19/><G115/><T7/><D112/><U25/><E38/><V41/><F47/><W124/><G105/><T96/><D108/><U57/><E70/><V94/><F87/><W60/><G134/><T81/><D73/><U109/><E129/><N who="2" m="49739" /><F31/><W63/><G1/><T65/><D135/><U46/><E46/><V80/><F80/><W120/><G120/><T98/><D51/><U99/><E109/><V106/><F30/><W90/><G124/><T62/><D67/><U39/><E39/><V113/><F106/><W24/><REACH who="3" step="1"/><G33/><REACH who="3" ten="210,330,230,220" step="2"/><T93/><REACH who="0" step="1"/><D98/><REACH who="0" ten="200,330,230,220" step="2"/><U40/><E99/><V71/><F113/><W28/><G28/><T68/><D68/><U127/><E29/><V22/><F71/><W75/><G75/><T104/><D104/><U58/><E74/><V32/><F97/><W15/><G15/><T117/><D117/><U101/><E14/><V125/><F32/><W64/><G64/><T12/><D12/><U130/><E130/><V34/><F34/><W111/><G111/><T37/><D37/><U122/><E122/><V79/><F36/><W95/><G95/><T119/><D119/><U66/><E66/><V126/><F94/><W4/><G4/><T48/><D48/><U84/><E6/><V42/><F125/><W55/><G55/><T102/><D102/><U72/><E103/><V8/><F126/><W43/><G43/><T121/><D121/><U92/><E127/><V53/><F42/><W133/><G133/><RYUUKYOKU ba="0,2" sc="200,15,330,-15,230,-15,220,15" hai0="0,7,18,20,27,62,65,69,81,83,93,96,100" hai3="2,5,9,10,13,19,24,26,60,63,88,89,90" /><INIT seed="2,1,2,2,2,93" ten="215,315,215,235" oya="2" hai0="121,13,3,38,5,12,30,52,43,6,22,39,74" hai1="78,61,45,42,49,63,80,123,114,41,68,101,130" hai2="34,70,116,76,125,126,24,122,79,90,86,62,120" hai3="55,82,134,28,98,29,0,81,84,51,88,54,21"/><V132/><F116/><W65/><G0/><T117/><D121/><N who="2" m="46698" /><F62/><W32/><G32/><T50/><D74/><U87/><E114/><V8/><F70/><W18/><G134/><T127/><D117/><U31/><E123/><V104/><F8/><W20/><G65/><T73/><D73/><U1/><E1/><V56/><F56/><W131/><G131/><T4/><D3/><U27/><E130/><V69/><F69/><W16/><G98/><T57/><D127/><N who="2" m="48650" /><F104/><W94/><G29/><T15/><REACH who="0" step="1"/><D43/><REACH who="0" ten="205,315,215,235" step="2"/><U128/><E42/><V53/><F132/><W47/><G28/><T106/><D106/><U25/><E128/><V89/><F79/><W44/><G47/><T71/><D71/><U37/><E78/><V46/><F46/><W75/><G75/><T85/><D85/><U119/><E87/><V26/><F86/><W107/><G107/><T23/><D23/><N who="3" m="8777" /><G54/><T118/><D118/><U9/><E68/><V100/><F53/><W91/><G81/><T40/><D40/><U133/><E80/><V109/><F34/><W60/><G60/><T83/><D83/><U97/><E63/><V99/><F76/><N who="3" m="46151" /><G94/><T135/><D135/><U58/><E133/><V14/><F99/><W105/><G105/><T110/><D110/><U95/><E119/><V103/><F109/><W59/><G44/><T124/><D124/><U111/><E111/><V77/><F77/><W129/><G129/><T35/><D35/><U115/><E45/><V108/><F108/><W113/><G113/><T19/><D19/><AGARI ba="1,3" hai="16,18,19,51,55,59,88,91" m="46151,8777" machi="19" ten="30,3900,0" yaku="8,1,54,2" doraHai="93" who="3" fromWho="0" sc="205,-42,315,0,215,0,235,72" /><INIT seed="3,0,0,0,3,126" ten="163,315,215,307" oya="3" hai0="87,46,89,105,121,31,12,75,26,59,122,90,52" hai1="4,119,107,15,135,110,49,123,24,93,111,18,83" hai2="65,103,21,11,106,98,84,37,56,28,117,132,76" hai3="131,53,62,54,125,27,74,42,120,19,40,32,124"/><W129/><G74/><T47/><D75/><U109/><E123/><V14/><F37/><W10/><G120/><T60/><D105/><U85/><E107/><V81/><F117/><W22/><G32/><T70/><D122/><U128/><E119/><V127/><F127/><N who="3" m="48715" /><G10/><T77/><D121/><U69/><E69/><V95/><F132/><W79/><G79/><T9/><D70/><U41/><E135/><V39/><F39/><W51/><G54/><T94/><D77/><U78/><E93/><V58/><F65/><W66/><G62/><T6/><REACH who="0" step="1"/><D89/><REACH who="0" ten="153,315,215,307" step="2"/><U43/><E78/><V45/><F106/><W3/><G3/><T116/><D116/><U8/><E110/><V97/><F76/><W17/><G66/><T7/><D7/><U5/><E5/><V34/><F103/><W35/><G35/><AGARI ba="0,1" hai="6,9,12,26,31,35,46,47,52,59,60,87,90,94" machi="35" ten="30,7700,0" yaku="1,1,7,1,54,1,53,1" doraHai="126" doraHaiUra="82" who="0" fromWho="3" sc="153,87,315,0,215,0,307,-77" /><INIT seed="4,0,0,1,3,132" ten="240,315,215,230" oya="0" hai0="115,53,62,19,66,17,125,10,131,90,82,126,31" hai1="80,36,55,23,8,42,99,76,109,130,113,134,29" hai2="127,5,4,81,93,61,30,122,39,78,56,124,41" hai3="60,96,38,111,135,85,20,71,97,16,37,79,83"/><T51/><D115/><U63/><E109/><V0/><F122/><W34/><G111/><T117/><D117/><U26/><E134/><V2/><F30/><W102/><G34/><T95/><D31/><U49/><E130/><V7/><F93/><W18/><G135/><T68/><D131/><U22/><E113/><V129/><F129/><W73/><G96/><T112/><D112/><U107/><E8/><V92/><F92/><W103/><G103/><T54/><D82/><U98/><E36/><V32/><F32/><W91/><G60/><T25/><D25/><U70/><E22/><V118/><F41/><W9/><G71/><T27/><D27/><U47/><E107/><V87/><F39/><W15/><G73/><T24/><D24/><U101/><E101/><V50/><F50/><W106/><REACH who="3" step="1"/><G79/><REACH who="3" ten="240,315,215,220" step="2"/><T65/><D66/><U84/><E70/><V74/><F74/><W77/><G77/><T108/><D108/><U43/><E63/><V110/><F110/><W59/><G59/><T6/><D90/><U128/><E128/><V33/><F33/><W40/><G40/><AGARI ba="0,1" hai="23,26,29,40,42,43,47,49,55,76,80,84,98,99" machi="40" ten="40,1300,0" yaku="8,1" doraHai="132" who="1" fromWho="3" sc="240,0,315,23,215,0,220,-13" /><INIT seed="5,0,0,2,4,106" ten="240,338,215,207" oya="1" hai0="72,26,125,54,93,103,77,124,46,70,64,67,66" hai1="53,58,101,6,130,107,48,40,88,52,9,1,105" hai2="78,104,38,129,116,4,119,59,47,23,111,134,109" hai3="36,82,44,30,122,45,37,14,19,3,98,41,63"/><U69/><E69/><V11/><F104/><W13/><G122/><T62/><D26/><U71/><E71/><V55/><F129/><W18/><G3/><T108/><D103/><U96/><E130/><V56/><F23/><W86/><G30/><T84/><D93/><U127/><E127/><N who="0" m="48713" /><D84/><U28/><E40/><V112/><F134/><W92/><G14/><T110/><D77/><U132/><E132/><V118/><F78/><W121/><G121/><T90/><D90/><U5/><E5/><V91/><F91/><W35/><G35/><T50/><D72/><U17/><E28/><V83/><F83/><W89/><G13/><T97/><D97/><U12/><E53/><V99/><F99/><W114/><G114/><T15/><D15/><U133/><E133/><V25/><F25/><W20/><G20/><T76/><D76/><U100/><E100/><V32/><F32/><W8/><G8/><T7/><D7/><U120/><E120/><V57/><F112/><W16/><G63/><T87/><D87/><U128/><E128/><V65/><F65/><AGARI ba="0,0" hai="46,50,54,62,64,65,66,67,70,108,110" m="48713" machi="65" ten="30,3900,0" yaku="18,1,34,2" doraHai="106" who="0" fromWho="2" sc="240,39,338,0,215,-39,207,0" /><INIT seed="6,0,0,5,0,46" ten="279,338,176,207" oya="2" hai0="54,33,29,124,107,133,3,114,56,123,19,120,55" hai1="65,28,44,70,64,39,116,92,67,115,128,103,43" hai2="53,131,91,80,40,121,24,97,61,106,9,8,47" hai3="37,77,21,110,42,41,32,66,69,79,2,109,31"/><V125/><F121/><W14/><G14/><T99/><D3/><U74/><E116/><V126/><F131/><W52/><G21/><T60/><D114/><U62/><E115/><V23/><F106/><W48/><G2/><T117/><D117/><U122/><E74/><V96/><F9/><W118/><G118/><T134/><D19/><U119/><E128/><V16/><F8/><W27/><G109/><T36/><D36/><U5/><E5/><V98/><F80/><W73/><G110/><T71/><D71/><U108/><E122/><V100/><F100/><W129/><G129/><T30/><D55/><U68/><E68/><V63/><F91/><W6/><G6/><T25/><D30/><U93/><E93/><V105/><F105/><W76/><G37/><T86/><D86/><U34/><E108/><V13/><F24/><W20/><G32/><T58/><D56/><U51/><E39/><N who="2" m="21919" /><F53/><W18/><G73/><T72/><D72/><U90/><E103/><V104/><F104/><W15/><G31/><T12/><D12/><U38/><E119/><V127/><AGARI ba="0,0" hai="13,16,23,61,63,96,97,98,125,126,127" m="21919" machi="127" ten="40,3900,0" yaku="18,1,54,1" doraHai="46" who="2" fromWho="2" sc="279,-13,338,-13,176,39,207,-13" /><INIT seed="6,1,0,5,3,73" ten="266,325,215,194" oya="2" hai0="111,127,16,24,115,29,88,23,10,116,49,114,3" hai1="79,94,122,123,109,54,104,129,21,34,67,75,13" hai2="80,92,30,61,7,82,18,131,108,121,40,46,83" hai3="36,52,74,103,37,20,71,64,12,4,0,126,96"/><V90/><F121/><N who="1" m="46089" /><E104/><V14/><F108/><W39/><G126/><T70/><D111/><U105/><E105/><V45/><F131/><W132/><G132/><T102/><D102/><U32/><E129/><V86/><F7/><W41/><G0/><T15/><D70/><U110/><E67/><V99/><F30/><W66/><G74/><T60/><D60/><U62/><E94/><V125/><F125/><W69/><G41/><T33/><D49/><U118/><E34/><V84/><F61/><W133/><G133/><T106/><D106/><U55/><E32/><V9/><REACH who="2" step="1"/><F45/><REACH who="2" ten="266,325,205,194" step="2"/><W44/><G4/><N who="0" m="1311" /><D127/><U76/><E62/><V117/><F117/><W35/><G44/><T25/><D116/><U97/><E118/><V100/><F100/><W26/><G103/><T47/><D47/><U134/><E134/><V81/><N who="2" m="20480" /><DORA hai="17" /><V59/><F59/><W31/><G69/><T53/><D88/><U95/><E110/><V11/><F11/><W56/><G71/><T101/><D101/><U112/><E109/><V65/><F65/><W8/><G35/><T57/><D57/><U5/><E75/><V130/><F130/><W91/><G64/><T38/><D33/><U128/><E128/><V19/><F19/><N who="3" m="8583" /><G66/><T68/><D68/><U113/><E5/><V107/><F107/><W6/><G6/><T85/><D29/><U1/><E1/><V42/><F42/><W51/><G91/><T77/><D16/><U27/><E55/><V28/><F28/><W58/><G56/><T50/><D53/><U2/><E2/><V22/><F22/><W93/><G93/><RYUUKYOKU ba="1,1" sc="266,-15,325,-15,205,15,194,15" hai2="9,14,18,40,46,84,86,90,92,99" hai3="20,26,31,36,37,39,51,52,58,96" /><INIT seed="6,2,1,5,0,134" ten="251,310,220,209" oya="2" hai0="68,106,37,26,75,14,9,34,45,105,124,47,41" hai1="29,113,83,56,50,49,130,119,90,110,38,11,31" hai2="65,93,73,89,112,48,120,30,3,2,69,53,55" hai3="114,60,116,16,66,129,18,100,46,28,79,61,85"/><V126/><F73/><W80/><G116/><T4/><D68/><U94/><E110/><V17/><F120/><W7/><G129/><T36/><D75/><U98/><E38/><V35/><F112/><W58/><G114/><T64/><D64/><U97/><E130/><V71/><F55/><W43/><G28/><N who="1" m="10826" /><E119/><V0/><F65/><W103/><G60/><T13/><D26/><U5/><E83/><V76/><F76/><W54/><G66/><T62/><D62/><U123/><E123/><V70/><F17/><W23/><G7/><T102/><D34/><U27/><E27/><V77/><F77/><W132/><G132/><T122/><D122/><U39/><E39/><V117/><F117/><W12/><REACH who="3" step="1"/><G18/><REACH who="3" ten="251,310,220,199" step="2"/><T88/><D4/><U101/><E5/><V91/><F30/><W32/><G32/><T84/><D37/><AGARI ba="2,2" hai="12,16,23,37,43,46,54,58,61,79,80,85,100,103" machi="37" ten="30,7700,0" yaku="1,1,7,1,54,1,53,1" doraHai="134" doraHaiUra="82" who="3" fromWho="0" sc="251,-83,310,0,220,0,199,103" /><INIT seed="7,0,0,1,0,63" ten="168,310,220,302" oya="3" hai0="104,115,65,2,16,8,1,23,17,87,22,33,97" hai1="24,29,28,42,58,54,72,13,68,53,135,34,100" hai2="101,126,56,44,123,39,35,111,38,3,128,127,4" hai3="114,81,55,119,11,105,95,6,61,133,32,60,79"/><W46/><G119/><T75/><D75/><U37/><E72/><V49/><F111/><W64/><G105/><T21/><D33/><U50/><E135/><V43/><F123/><W26/><G133/><T118/><D118/><U84/><E29/><V67/><F35/><W18/><G114/><T110/><D110/><U51/><E68/><V89/><F101/><W124/><G124/><N who="2" m="47657" /><F89/><W15/><G95/><T121/><D121/><U9/><E100/><V113/><F113/><W83/><G32/><T27/><D115/><U132/><E37/><V107/><F107/><W102/><G102/><T77/><D97/><U7/><E42/><V10/><F128/><W108/><G108/><T125/><D104/><U99/><E99/><V57/><F67/><W88/><G88/><T48/><D125/><U122/><E84/><V76/><F76/><W20/><G79/><T12/><D48/><U129/><E129/><V52/><F57/><N who="3" m="36879" /><G46/><T96/><D96/><U130/><E130/><V31/><F31/><W70/><G70/><T131/><D131/><U80/><E132/><V94/><F94/><W82/><G81/><T19/><D65/><U106/><E80/><V41/><F41/><W73/><G73/><T66/><D66/><U62/><E106/><V112/><F112/><W91/><G91/><T47/><D47/><N who="1" m="27871" /><E122/><V85/><F85/><W86/><G86/><T109/><D109/><U90/><E90/><V120/><F120/><W103/><G103/><T92/><D77/><U45/><E45/><V5/><F5/><W14/><G26/><N who="0" m="14631" /><D23/><U40/><E40/><V78/><F78/><RYUUKYOKU ba="0,0" sc="168,0,310,0,220,0,302,0" hai0="1,2,8,12,17,19,22,27,87,92" hai1="7,9,13,24,28,34,51,54,58,62" hai2="3,4,10,38,39,43,44,49,52,56" hai3="6,11,14,15,18,20,55,61,82,83" /><INIT seed="7,1,0,4,3,4" ten="168,310,220,302" oya="3" hai0="96,79,121,131,28,27,101,7,91,90,64,127,56" hai1="128,117,61,74,19,123,87,98,43,125,68,32,13" hai2="114,77,80,129,81,33,97,45,29,6,72,110,58" hai3="135,70,46,115,130,41,118,94,11,120,111,21,132"/><W31/><G118/><T95/><D121/><U84/><E123/><V15/><F110/><W52/><G120/><T82/><D131/><U71/><E74/><V5/><F129/><W126/><G130/><T65/><D127/><U35/><E128/><V76/><F114/><W9/><G115/><T42/><D42/><U69/><E125/><V34/><F58/><W99/><G70/><T1/><D65/><U103/><E43/><V17/><F45/><W113/><G113/><T14/><D1/><U49/><E49/><V104/><F97/><W12/><G52/><T30/><D30/><U109/><E109/><V20/><F104/><W54/><G54/><T47/><D47/><U66/><E35/><V67/><F67/><W92/><G111/><T60/><D14/><U134/><E32/><V107/><F107/><W105/><G105/><T116/><D7/><U0/><E0/><V106/><F106/><W122/><G122/><T108/><D116/><U83/><E87/><V88/><F33/><W2/><G2/><T133/><D133/><N who="3" m="51273" /><G126/><T39/><D39/><U44/><E44/><V102/><F34/><W51/><G94/><T63/><D63/><U26/><E117/><V37/><F37/><W124/><G124/><T55/><D55/><U48/><E48/><V112/><F112/><W85/><G85/><T89/><D108/><U100/><E134/><V78/><F72/><W8/><G31/><T50/><D50/><U119/><E119/><V57/><F29/><W75/><G75/><N who="0" m="43391" /><D89/><N who="1" m="51359" /><E69/><V22/><F57/><W62/><G62/><T36/><D36/><U38/><E38/><RYUUKYOKU ba="1,0" sc="168,30,310,-10,220,-10,302,-10" hai0="27,28,56,60,64,90,91,95,96,101" owari="198,-30.0,300,40.0,210,-19.0,292,9.0" /></mjloggm>