<mjloggm ver="2.3"><GO type="185" lobby="0"/><UN n0="%74%61%6B%61%2D%31%31%36" n1="%E8%8A%B1%E9%AD%81" n2="%E3%83%84%E3%83%BC%E3%82%A2%E3%82%A6%E3%83%88" n3="" dan="16,17,16,0" rate="2161.31,2343.08,2097.96,1500.00" sx="M,F,M,C"/><TAIKYOKU oya="0"/><INIT seed="0,0,0,0,4,91" ten="350,350,350,0" oya="0" hai0="92,127,54,99,68,72,47,87,33,73,113,104,75" hai1="134,62,42,90,129,112,55,81,74,59,58,45,118" hai2="95,39,105,78,122,131,34,108,46,60,119,44,63" hai3=""/><T32/><D113/><U35/><E35/><V66/><N who="2" m="31264" /><V98/><F34/><T89/><D68/><U125/><E118/><V40/><F119/><T123/><N who="0" m="31520" /><T0/><D0/><U52/><E112/><V110/><F131/><T50/><REACH who="0" step="1"/><D127/><REACH who="0" ten="340,350,350,0" step="2"/><U83/><E125/><V96/><F110/><T85/><D85/><U51/><E129/><V116/><F108/><T3/><D3/><U128/><E128/><V100/><F116/><T41/><D41/><U38/><E134/><V103/><F66/><T48/><D48/><U120/><N who="1" m="30752" /><U56/><E74/><V2/><F2/><T53/><D53/><U88/><E58/><V124/><F124/><T107/><D107/><U97/><E97/><V130/><F130/><T77/><D77/><U94/><E94/><V82/><REACH who="2" step="1"/><F46/><REACH who="2" ten="340,350,340,0" step="2"/><T36/><D36/><U101/><E38/><V106/><F106/><T121/><N who="0" m="31008" /><T69/><D69/><U102/><E45/><V70/><F70/><T37/><D37/><U43/><REACH who="1" step="1"/><E51/><REACH who="1" ten="340,340,340,0" step="2"/><V64/><F64/><T135/><D135/><U93/><E93/><V117/><F117/><T76/><D76/><U57/><E57/><V86/><AGARI ba="0,3" hai="39,40,44,60,63,78,82,86,95,96,98,100,103,105" m="31264" machi="86" ten="20,6000,1" yaku="1,1,0,1,7,1,52,2,53,0" doraHai="91" doraHaiUra="84" who="2" fromWho="2" sc="340,-40,340,-20,340,90,0,0" /><INIT seed="1,0,0,4,4,53" ten="300,320,430,0" oya="1" hai0="63,131,72,109,92,103,59,80,79,116,121,107,90" hai1="126,88,117,74,77,78,58,123,54,60,84,51,47" hai2="34,108,112,43,35,71,89,70,98,134,87,62,67" hai3=""/><U128/><N who="1" m="31520" /><U81/><E117/><V52/><F112/><T0/><N who="0" m="31008" /><T93/><D0/><U64/><E126/><V114/><F114/><T75/><D116/><U61/><E128/><V68/><F134/><T135/><D135/><U32/><E32/><V125/><F108/><T97/><D109/><U86/><E74/><V56/><F125/><T133/><D133/><U82/><E61/><V41/><F98/><T95/><D131/><U45/><REACH who="1" step="1"/><E78/><REACH who="1" ten="300,310,430,0" step="2"/><V33/><REACH who="2" step="1"/><F67/><REACH who="2" ten="300,310,420,0" step="2"/><T48/><D75/><U50/><E50/><V100/><F100/><T36/><D48/><U101/><E101/><V122/><N who="2" m="31264" /><V55/><F55/><T130/><D130/><U44/><AGARI ba="0,2" hai="44,45,47,51,54,58,60,64,77,81,82,84,86,88" m="31520" machi="44" ten="20,16000,3" yaku="1,1,0,1,7,1,8,1,52,2,54,1,53,1" doraHai="53" doraHaiUra="49" who="1" fromWho="1" sc="300,-80,310,180,420,-80,0,0" /><INIT seed="1,1,0,1,4,132" ten="220,490,340,0" oya="1" hai0="56,135,50,70,88,42,114,112,63,130,52,66,133" hai1="39,35,109,41,103,55,87,96,37,93,67,76,117" hai2="119,123,62,72,78,49,80,89,120,86,64,54,36" hai3=""/><U71/><E35/><V82/><N who="2" m="30752" /><V59/><N who="2" m="31520" /><V91/><F119/><T110/><D88/><U125/><E117/><V69/><F36/><T3/><D3/><U102/><E109/><V111/><F111/><T53/><D110/><U68/><E41/><V57/><REACH who="2" step="1"/><F91/><REACH who="2" ten="220,490,330,0" step="2"/><T126/><D114/><U77/><E37/><V131/><F131/><T74/><D130/><U115/><E39/><V106/><F106/><T38/><D112/><U45/><E115/><V34/><F34/><T100/><D38/><U84/><E103/><V47/><AGARI ba="1,1" hai="47,49,54,57,59,62,64,69,72,78,80,82,86,89" m="31520,30752" machi="47" ten="20,6000,1" yaku="1,1,0,1,7,1,52,2,53,0" doraHai="132" doraHaiUra="98" who="2" fromWho="2" sc="220,-21,490,-41,330,72,0,0" /><INIT seed="2,0,0,2,0,113" ten="199,449,402,0" oya="2" hai0="75,36,77,88,98,99,116,80,54,134,105,112,132" hai1="92,115,55,65,130,127,83,47,94,37,111,33,107" hai2="73,135,3,40,68,46,129,126,50,74,85,41,102" hai3=""/><V131/><F3/><T71/><D71/><U122/><E65/><V59/><F68/><T66/><D66/><U64/><E64/><V43/><F126/><T103/><D36/><U82/><E47/><V91/><F135/><N who="0" m="51754" /><D112/><U79/><E55/><V2/><F102/><T53/><D53/><U52/><E52/><V0/><F59/><T32/><D54/><U117/><E37/><V101/><F101/><T35/><D35/><U90/><N who="1" m="31264" /><U38/><E38/><V108/><F108/><T62/><D62/><U89/><E33/><V58/><F58/><T57/><D57/><U45/><E45/><V95/><F2/><T114/><D114/><U84/><E115/><V51/><F0/><T110/><D110/><U76/><E111/><V125/><F125/><T56/><D56/><U109/><E109/><V86/><F86/><T106/><D32/><U48/><E127/><V93/><F93/><T70/><D70/><U124/><E124/><V61/><F61/><T118/><D106/><U123/><N who="1" m="31520" /><U60/><E107/><V121/><N who="2" m="31008" /><V69/><F69/><T49/><D49/><N who="2" m="18442" /><F46/><T81/><D81/><U104/><E60/><V128/><AGARI ba="0,0" hai="40,41,43,73,74,85,91,95,128,129,131" m="18442,31008" machi="128" ten="40,2600,0" yaku="19,1,52,1" doraHai="113" who="2" fromWho="2" sc="199,-13,449,-13,402,26,0,0" /><INIT seed="2,1,0,1,4,51" ten="186,436,428,0" oya="2" hai0="96,93,109,52,121,78,106,80,41,119,75,108,40" hai1="36,91,135,107,102,131,47,97,116,132,101,122,54" hai2="79,35,62,125,111,126,59,61,69,87,77,70,82" hai3=""/><V38/><F35/><T81/><N who="0" m="31008" /><T94/><D119/><U60/><N who="1" m="31264" /><U34/><E34/><V120/><N who="2" m="30752" /><V66/><F38/><T32/><D32/><U39/><E116/><V42/><F42/><T53/><D106/><U48/><E131/><V56/><F111/><N who="0" m="42570" /><D81/><U44/><E102/><V45/><F45/><T104/><D104/><U90/><E60/><V115/><F115/><T37/><D94/><U68/><E68/><V118/><F118/><T124/><D124/><N who="2" m="47722" /><F79/><T110/><N who="0" m="42578" /><T133/><DORA hai="49" /><D133/><N who="1" m="51275" /><E39/><V86/><F87/><T100/><D41/><AGARI ba="1,0" hai="36,41,44,47,48,54,90,91,97,101,107" m="51275,31264" machi="41" ten="30,7700,0" yaku="20,1,52,3" doraHai="51,49" who="1" fromWho="0" sc="186,-79,436,79,428,0,0,0" /><INIT seed="4,0,0,0,2,135" ten="107,515,428,0" oya="0" hai0="96,102,74,107,115,47,34,65,111,67,53,66,48" hai1="108,56,126,60,52,76,2,40,103,99,57,92,127" hai2="70,37,119,87,121,33,77,69,54,118,43,62,82" hai3=""/><T0/><D0/><U46/><E108/><V90/><N who="2" m="31008" /><V117/><F33/><T105/><D34/><U32/><E32/><V49/><F37/><T98/><D111/><U124/><E2/><V104/><F104/><T134/><D134/><U72/><E57/><V93/><F43/><T44/><D115/><U81/><REACH who="1" step="1"/><E127/><REACH who="1" ten="107,505,428,0" step="2"/><V3/><F3/><T68/><D74/><U50/><AGARI ba="0,1" hai="40,46,50,52,56,60,72,76,81,92,99,103,124,126" machi="50" ten="30,9000,2" yaku="1,1,2,1,0,1,52,2,54,1,53,0" doraHai="135" doraHaiUra="113" who="1" fromWho="1" sc="107,-60,505,100,428,-30,0,0" /><INIT seed="5,0,0,4,0,119" ten="47,605,398,0" oya="1" hai0="120,93,102,83,127,132,88,78,64,38,63,35,0" hai1="126,104,129,69,3,135,110,105,95,39,68,61,41" hai2="87,56,57,49,117,90,77,107,73,70,75,47,51" hai3=""/><U50/><E3/><V52/><F117/><T101/><N who="0" m="30752" /><T43/><D35/><U79/><E126/><V113/><F113/><T118/><D0/><U121/><N who="1" m="31008" /><U115/><E115/><V55/><F107/><T1/><D1/><U58/><E129/><V34/><F34/><T123/><N who="0" m="31520" /><T91/><D118/><U45/><E135/><V53/><F70/><T60/><D132/><U128/><E128/><V33/><F77/><T80/><D38/><U100/><E110/><V122/><N who="2" m="31264" /><V76/><F76/><T2/><D2/><U32/><E79/><V98/><F98/><T134/><D134/><U59/><E32/><V81/><F33/><T65/><D78/><U124/><E124/><V67/><F67/><T66/><D43/><U71/><E39/><V89/><F89/><N who="0" m="34378" /><D127/><U48/><E68/><V96/><F96/><T114/><D114/><U44/><E41/><V131/><F131/><T109/><D109/><U40/><E40/><V94/><F94/><T86/><D93/><U106/><E106/><V116/><F116/><T97/><D97/><U72/><E95/><V85/><F87/><T112/><D112/><U42/><E104/><V36/><F36/><T111/><D111/><U54/><E105/><RYUUKYOKU ba="0,0" sc="47,-10,605,-10,398,20,0,0" hai2="47,49,51,52,53,55,56,57,73,75,81,85,90" /><INIT seed="6,1,0,0,4,125" ten="37,595,418,0" oya="2" hai0="70,1,40,75,37,72,84,42,85,93,44,76,73" hai1="102,78,117,59,79,104,60,77,122,69,48,82,113" hai2="80,63,46,50,116,120,124,105,134,36,0,86,101" hai3=""/><V106/><N who="2" m="30752" /><V128/><F0/><T65/><D1/><U90/><N who="1" m="31264" /><U71/><E113/><V39/><F116/><T133/><D133/><U112/><E112/><V54/><F134/><T98/><D37/><U47/><E117/><V74/><F74/><T64/><D70/><U3/><E3/><V62/><F124/><T52/><D98/><U111/><E111/><V115/><F115/><T96/><D96/><U107/><E102/><V127/><F127/><T87/><D52/><U89/><E69/><V88/><F101/><T118/><D118/><U58/><E71/><V123/><N who="2" m="31520" /><V110/><F110/><T35/><D93/><U38/><E38/><V126/><F126/><T114/><D114/><U83/><E60/><V45/><F45/><T67/><D44/><U49/><E78/><V68/><F39/><T121/><N who="0" m="31008" /><T97/><D97/><U55/><E47/><V57/><F63/><T43/><D76/><U41/><E55/><V91/><F91/><T130/><D130/><U81/><E90/><V61/><F128/><T119/><D119/><U103/><E103/><V34/><F34/><AGARI ba="1,0" hai="34,35,40,42,43,64,65,67,72,73,75,84,85,87" m="31008" machi="34" ten="60,32000,5" yakuman="41" doraHai="125" who="0" fromWho="2" sc="37,322,595,0,418,-322,0,0" owari="359,-4.0,595,54.0,96,-50.0,0,0.0" /></mjloggm>