<mjloggm ver="2.3"><GO type="169" lobby="0"/><UN n0="%69%70%73%E6%88%A6%E5%A3%AB" n1="%E3%83%97%E3%83%AD%E3%83%86%E3%82%A4%E3%83%B3%E5%BE%97%E7%9B%9B" n2="%E3%82%82%E3%83%BC%E3%82%8A%E3%83%BC" n3="%E8%A5%BF%E6%9D%91%E9%9B%84%E4%B8%80%E9%83%8E" dan="16,17,16,18" rate="2050.23,2262.67,2181.91,2342.40" sx="M,M,M,M"/><TAIKYOKU oya="0"/><INIT seed="0,0,0,0,5,120" ten="250,250,250,250" oya="0" hai0="72,114,70,123,88,85,62,122,78,86,103,69,32" hai1="4,106,55,38,97,53,59,39,9,84,58,119,3" hai2="51,23,8,66,91,104,116,37,90,107,98,134,113" hai3="71,95,127,17,49,60,1,129,21,73,27,79,135"/><T63/><D32/><U34/><E119/><V87/><F37/><W44/><G1/><T117/><D117/><U2/><E34/><V24/><F116/><W133/><G127/><T67/><D114/><U41/><E2/><V36/><F36/><W80/><G129/><T25/><D103/><U42/><E39/><V96/><F66/><W20/><G95/><T31/><D72/><U99/><E84/><V81/><F51/><W115/><G115/><T110/><D78/><U126/><E126/><V121/><F121/><W46/><G71/><T43/><D43/><U109/><E109/><V124/><F124/><W14/><G60/><T132/><D132/><N who="3" m="50761" /><G49/><T33/><D85/><U40/><E38/><V76/><F134/><W0/><G0/><T61/><D110/><U65/><E65/><V56/><F113/><W108/><G108/><T16/><D69/><U47/><E106/><V12/><F107/><W30/><AGARI ba="0,0" hai="14,17,20,21,27,30,44,46,73,79,80" m="50761" machi="30" ten="30,1100,0" yaku="20,1" doraHai="120" who="3" fromWho="3" sc="250,-5,250,-3,250,-3,250,11" /><INIT seed="1,0,0,2,1,36" ten="245,247,247,261" oya="1" hai0="56,18,84,135,128,77,104,27,89,51,127,111,58" hai1="46,10,62,133,14,113,105,67,116,50,34,71,75" hai2="60,132,110,123,2,115,129,7,117,52,42,57,63" hai3="64,100,92,26,48,25,85,107,19,73,98,1,39"/><U87/><E116/><V86/><F117/><W68/><G39/><T95/><D104/><U65/><E75/><V118/><F118/><W24/><G1/><T11/><D127/><U90/><E133/><V16/><F123/><W17/><G73/><T119/><D119/><U76/><E113/><V83/><F115/><W130/><G130/><T66/><D128/><U20/><E34/><V101/><F129/><W47/><G68/><T72/><D135/><U28/><E67/><V15/><F132/><W54/><G64/><T108/><D72/><U91/><E105/><V22/><F101/><W0/><G0/><T81/><D66/><U125/><E125/><V102/><F102/><W59/><G107/><T78/><D51/><U53/><E28/><V33/><F33/><W70/><G70/><T93/><D108/><U49/><E20/><V5/><F2/><W29/><G29/><T3/><D3/><U114/><E114/><V43/><F63/><N who="3" m="36343" /><G85/><T122/><D122/><U55/><E76/><N who="0" m="29289" /><D111/><U126/><E87/><V41/><F110/><W79/><G79/><AGARI ba="0,0" hai="5,7,15,16,22,41,42,43,52,57,60,79,83,86" machi="79" ten="40,12000,2" yaku="8,1,52,3,54,2" doraHai="36" who="2" fromWho="3" sc="245,0,247,0,247,120,261,-120" /><INIT seed="2,0,0,3,2,71" ten="245,247,367,141" oya="2" hai0="11,104,25,68,58,125,35,1,41,47,87,57,81" hai1="14,63,36,105,78,88,131,10,129,118,75,60,89" hai2="86,108,9,5,31,126,119,106,74,132,111,112,116" hai3="44,24,19,73,17,28,77,113,52,6,54,102,124"/><V100/><F31/><W110/><G102/><T53/><D68/><U96/><E118/><V0/><F112/><W67/><G113/><T37/><D104/><U72/><E36/><V127/><F132/><W134/><G134/><T26/><D125/><N who="2" m="47626" /><F74/><N who="1" m="28201" /><E78/><V59/><F86/><W29/><G67/><T115/><D115/><U94/><E89/><V2/><F2/><W56/><G6/><T66/><D66/><U99/><E99/><N who="2" m="61727" /><F59/><W62/><G124/><T122/><D122/><U8/><E105/><V33/><F33/><W90/><G29/><T50/><D35/><U27/><E27/><V4/><F4/><W45/><G90/><T114/><D114/><U69/><E69/><V76/><F76/><W130/><G77/><T123/><D123/><U83/><E83/><V30/><F30/><W120/><G73/><T22/><D58/><U82/><E82/><V32/><F32/><W64/><G120/><T21/><D26/><U49/><E14/><V79/><F79/><W46/><G28/><T107/><D107/><U65/><E65/><V15/><F15/><W92/><G24/><T121/><D121/><U16/><E16/><V40/><F40/><W61/><G64/><T80/><D80/><U109/><E96/><V7/><F7/><W48/><G17/><T12/><D1/><U98/><E98/><V3/><F3/><W18/><G18/><N who="0" m="8479" /><D25/><U133/><E133/><V93/><F93/><W84/><G19/><T39/><D81/><U13/><E13/><V101/><F101/><W20/><G92/><T43/><D87/><U23/><E94/><V38/><F38/><RYUUKYOKU ba="0,0" sc="245,15,247,-15,367,15,141,-15" hai0="21,22,37,39,41,43,47,50,53,57" hai2="0,5,9,108,111,116,119" /><INIT seed="2,1,0,3,5,56" ten="260,232,382,126" oya="2" hai0="11,117,113,86,8,109,135,37,68,52,50,36,12" hai1="22,124,45,29,40,94,92,118,3,77,44,14,107" hai2="43,28,78,96,59,30,58,108,25,42,61,19,88" hai3="54,100,127,114,15,87,5,126,66,71,32,122,38"/><V2/><F2/><W21/><G32/><T49/><D113/><U101/><E3/><V67/><F78/><W123/><G100/><T76/><D117/><U133/><E118/><V7/><F7/><W80/><G38/><T69/><D50/><U64/><E107/><V24/><F108/><W27/><G54/><T47/><D135/><U51/><E133/><V115/><F115/><W39/><G39/><T13/><D109/><U132/><E77/><V41/><F58/><W110/><G110/><T90/><D76/><U6/><E101/><V103/><F103/><W72/><G72/><T131/><D131/><U65/><E124/><N who="3" m="47658" /><G114/><T85/><D37/><U1/><E1/><V83/><F83/><W82/><G66/><N who="1" m="25706" /><E45/><V75/><F75/><W95/><G95/><T111/><D36/><U57/><E57/><V125/><F125/><W97/><G97/><T17/><D86/><U4/><E132/><V98/><F98/><W129/><G71/><T121/><D121/><N who="3" m="46089" /><G87/><T104/><D104/><U128/><E128/><V119/><F119/><W34/><G34/><T112/><D112/><U70/><E70/><V9/><F25/><W63/><G129/><T73/><D73/><U84/><E84/><V10/><F24/><W106/><G106/><T81/><D111/><U116/><E116/><V93/><REACH who="2" step="1"/><F19/><AGARI ba="1,0" hai="8,11,12,13,17,19,47,49,52,68,69,81,85,90" machi="19" ten="30,8000,1" yaku="7,1,9,1,25,2,54,1" doraHai="56" who="0" fromWho="2" sc="260,83,232,0,382,-83,126,0" /><INIT seed="3,0,0,2,4,43" ten="343,232,299,126" oya="3" hai0="60,63,124,55,10,115,29,32,3,35,133,34,47" hai1="1,13,5,67,40,38,44,45,126,132,14,69,101" hai2="131,103,56,119,95,92,85,21,8,83,49,86,96" hai3="78,25,97,120,76,19,79,70,17,24,37,52,62"/><W72/><G120/><T90/><D115/><U6/><E126/><V111/><F119/><W102/><G72/><T118/><D118/><U27/><E132/><V117/><F117/><W99/><G37/><T26/><D124/><U82/><E101/><V93/><F111/><W65/><G97/><T16/><D133/><U130/><E130/><V110/><F131/><W4/><G4/><T134/><D134/><U33/><E67/><V50/><F8/><W12/><G52/><T84/><D3/><U54/><E69/><V64/><F86/><W41/><G41/><T39/><D60/><U116/><E1/><V58/><F21/><W18/><REACH who="3" step="1"/><G12/><REACH who="3" ten="343,232,299,116" step="2"/><N who="0" m="7191" /><D39/><U125/><E125/><V48/><F110/><W77/><N who="3" m="19456" /><DORA hai="20" /><W75/><G75/><T22/><D63/><U112/><E116/><V66/><F96/><W122/><G122/><T57/><D55/><U71/><E54/><V104/><F64/><W98/><G98/><T106/><D106/><AGARI ba="0,1" hai="17,18,19,24,25,62,65,70,99,102,106" m="19456" machi="106" ten="50,9600,0" yaku="1,1,52,2,53,0" doraHai="43,20" doraHaiUra="46,91" who="3" fromWho="0" sc="343,-96,232,0,299,0,116,106" /><INIT seed="3,1,0,1,0,47" ten="247,232,299,222" oya="3" hai0="104,57,70,122,1,22,12,32,120,10,35,16,27" hai1="31,79,72,101,76,108,133,62,95,51,66,74,98" hai2="80,123,129,9,78,17,50,134,107,14,113,59,40" hai3="99,39,42,84,63,58,7,90,131,94,116,64,126"/><W33/><G116/><T48/><D70/><U44/><E108/><V124/><F107/><W82/><G131/><T19/><D104/><U41/><E133/><V46/><F113/><W117/><G117/><T83/><D83/><U21/><E72/><V77/><F134/><W28/><G126/><T135/><D135/><U55/><E74/><V96/><F124/><W114/><G114/><T54/><REACH who="0" step="1"/><D1/><REACH who="0" ten="237,232,299,222" step="2"/><U69/><E41/><V115/><F115/><W87/><G42/><T37/><D37/><U18/><REACH who="1" step="1"/><E31/><REACH who="1" ten="237,222,299,222" step="2"/><V65/><F129/><W91/><G28/><T53/><D53/><U121/><E121/><AGARI ba="1,2" hai="10,12,16,19,22,27,32,35,48,54,57,120,121,122" machi="121" ten="40,8000,1" yaku="1,1,52,1,54,1,53,1" doraHai="47" doraHaiUra="20" who="0" fromWho="1" sc="237,103,222,-83,299,0,222,0" /><INIT seed="4,0,0,3,2,16" ten="340,139,299,222" oya="0" hai0="96,20,115,30,126,79,105,62,54,35,122,2,83" hai1="32,130,89,133,18,119,46,134,111,95,28,61,27" hai2="59,98,97,70,6,24,55,71,47,58,66,50,131" hai3="1,92,73,109,128,41,121,8,75,9,40,123,85"/><T87/><D122/><N who="3" m="46601" /><G109/><T7/><D115/><U91/><E111/><V114/><F114/><W39/><G128/><T52/><D35/><U125/><E119/><V99/><F131/><W44/><G40/><T80/><D126/><U45/><E130/><V65/><F6/><N who="3" m="1103" /><G9/><T31/><D7/><U60/><E125/><V135/><F135/><N who="1" m="51721" /><E18/><V118/><F118/><W49/><G49/><T84/><D2/><U53/><E91/><AGARI ba="0,0" hai="39,41,44,73,75,85,91,92" m="1103,46601" machi="91" ten="30,1000,0" yaku="13,1" doraHai="16" who="3" fromWho="1" sc="340,0,139,-10,299,0,222,10" /><INIT seed="5,0,0,3,3,123" ten="340,129,299,232" oya="1" hai0="93,113,3,18,115,125,94,65,21,135,49,80,2" hai1="51,79,39,126,61,86,75,62,32,134,114,106,102" hai2="19,121,31,47,89,10,71,46,109,57,99,26,83" hai3="35,90,8,117,4,70,98,0,29,23,110,59,81"/><U82/><E39/><V84/><F71/><W101/><G117/><T42/><D125/><U130/><E126/><V45/><F121/><W112/><G112/><N who="0" m="43083" /><D65/><U66/><E114/><V13/><F57/><W103/><G70/><T129/><D129/><U120/><E120/><V124/><F124/><W85/><G35/><T44/><D80/><U9/><E130/><V131/><F131/><W34/><G34/><T105/><D105/><U97/><E134/><V52/><F109/><W41/><G41/><T108/><D108/><U15/><E32/><V104/><F104/><W88/><G110/><T116/><D135/><U36/><E36/><V69/><F69/><W43/><G43/><T48/><D48/><U33/><E33/><N who="2" m="20727" /><F99/><W107/><G23/><T68/><D68/><U30/><E30/><V11/><F11/><W17/><G17/><T100/><D100/><U1/><E1/><N who="0" m="9" /><D116/><U37/><E37/><V22/><F22/><W6/><G6/><T58/><D58/><U56/><E51/><AGARI ba="0,0" hai="10,13,19,45,46,47,51,52,83,84,89" m="20727" machi="51" ten="30,2000,0" yaku="25,1,54,1" doraHai="123" who="2" fromWho="1" sc="340,0,129,-20,299,20,232,0" /><INIT seed="6,0,0,3,0,25" ten="340,109,319,232" oya="2" hai0="20,8,69,14,100,117,124,48,127,28,41,44,33" hai1="85,80,43,67,16,60,83,11,96,52,79,125,70" hai2="2,126,98,129,38,26,58,88,120,74,135,29,113" hai3="110,45,77,108,56,103,133,68,32,122,22,30,75"/><V95/><F120/><W57/><G122/><T55/><D69/><U13/><E125/><N who="0" m="48201" /><D117/><U91/><E43/><V89/><F126/><W34/><G68/><T36/><D33/><U61/><E96/><V115/><F2/><W47/><G22/><T4/><D100/><U90/><REACH who="1" step="1"/><E83/><REACH who="1" ten="340,99,319,232" step="2"/><V42/><F42/><W19/><G108/><T66/><D41/><U7/><E7/><V21/><F38/><W9/><G110/><T37/><D37/><U102/><E102/><V94/><F129/><W35/><G103/><T97/><D97/><U106/><E106/><V73/><F135/><W134/><G134/><T130/><D36/><U123/><E123/><V24/><F113/><W107/><G107/><T131/><D131/><U116/><E116/><V84/><F115/><W18/><G133/><T128/><D128/><U39/><E39/><V87/><F98/><W10/><G35/><T49/><D130/><U72/><E72/><V114/><F114/><W99/><G99/><T118/><D118/><U64/><E64/><V105/><F105/><W76/><G75/><T65/><D65/><U5/><E5/><V50/><F24/><W3/><G3/><T63/><D66/><U86/><E86/><V111/><F111/><W81/><G81/><T92/><D4/><U104/><E104/><V132/><F132/><W59/><G34/><T78/><D92/><U121/><E121/><V46/><F46/><W93/><G93/><T112/><D44/><U31/><E31/><V54/><AGARI ba="0,1" hai="21,26,29,50,54,58,73,74,84,87,88,89,94,95" machi="54" ten="30,11700,0" yaku="0,1,9,1,52,1,54,1" doraHai="25" who="2" fromWho="2" sc="340,-39,99,-39,319,127,232,-39" /><INIT seed="6,1,0,5,2,105" ten="301,60,446,193" oya="2" hai0="34,50,113,13,117,64,17,124,60,73,27,75,69" hai1="62,67,85,123,48,95,51,23,63,28,132,61,12" hai2="30,42,129,82,40,76,98,21,109,133,96,118,22" hai3="6,58,0,56,3,110,77,80,93,24,2,52,49"/><V134/><F118/><W18/><G110/><T36/><D36/><U106/><E106/><V100/><F109/><W19/><G6/><T59/><D117/><U103/><E132/><V99/><F100/><W45/><G93/><T130/><D124/><U57/><E123/><V8/><F8/><W90/><G90/><T127/><D127/><U37/><E37/><V32/><F32/><W15/><G24/><T87/><D113/><U47/><E51/><V25/><F129/><W11/><REACH who="3" step="1"/><G19/><REACH who="3" ten="301,60,446,183" step="2"/><T108/><D130/><U94/><E94/><V81/><F133/><W116/><G116/><T88/><D108/><U20/><E12/><V41/><F134/><W46/><G46/><T86/><D27/><N who="1" m="16487" /><E23/><N who="2" m="15679" /><F76/><W35/><G35/><T7/><D34/><U4/><E4/><V107/><F107/><W97/><G97/><T66/><D7/><U111/><E111/><V79/><F79/><W70/><G70/><T119/><D119/><U83/><E95/><V10/><F10/><W92/><G92/><T5/><D5/><U55/><E103/><V125/><F125/><W26/><G26/><T131/><D131/><U38/><E38/><V135/><F135/><W53/><G53/><N who="0" m="32183" /><D66/><U72/><E72/><AGARI ba="1,1" hai="0,2,3,11,15,18,45,49,52,56,58,72,77,80" machi="72" ten="40,5200,0" yaku="1,1,52,1,54,1,53,0" doraHai="105" doraHaiUra="29" who="3" fromWho="1" sc="301,0,60,-55,446,0,183,65" /><INIT seed="7,0,0,5,2,82" ten="301,5,446,248" oya="3" hai0="130,88,119,70,108,57,0,90,4,122,59,11,29" hai1="58,1,34,35,26,118,38,10,50,123,8,104,96" hai2="89,12,112,109,30,83,67,68,117,54,127,21,5" hai3="15,61,45,27,111,66,28,6,23,78,64,128,24"/><W99/><G128/><T71/><D122/><U77/><E38/><V47/><F67/><W52/><G111/><T22/><D119/><U40/><E77/><V42/><F54/><W87/><G99/><T101/><D108/><U69/><E69/><V53/><F53/><W62/><G24/><T79/><D101/><U121/><E58/><V41/><F47/><W51/><G6/><T100/><D100/><U73/><E50/><V7/><F41/><W98/><G15/><T33/><D33/><U124/><E40/><V76/><F42/><W103/><G66/><T20/><D79/><U110/><E96/><V13/><F12/><W31/><G31/><T60/><D130/><U114/><E26/><V55/><F13/><W81/><REACH who="3" step="1"/><G64/><REACH who="3" ten="301,5,446,238" step="2"/><T85/><D29/><U133/><E10/><V105/><F5/><W32/><G32/><T39/><D11/><U14/><E14/><V94/><F7/><W74/><G74/><T135/><D4/><U3/><E8/><V25/><F30/><W17/><G17/><T65/><D65/><U106/><E110/><V125/><F25/><W132/><G132/><T18/><D135/><U120/><E120/><V102/><F109/><W72/><G72/><T2/><D18/><U113/><E133/><V116/><F116/><W43/><G43/><T129/><D129/><U49/><E73/><V16/><F16/><W56/><G56/><T134/><D134/><U37/><E118/><V115/><F117/><W63/><G63/><T44/><D60/><U91/><E37/><V95/><F125/><W75/><G75/><T46/><D39/><RYUUKYOKU ba="0,1" sc="301,15,5,-15,446,-15,238,15" hai0="0,2,20,22,44,46,57,59,70,71,85,88,90" hai3="23,27,28,45,51,52,61,62,78,81,87,98,103" owari="316,12.0,-10,-51.0,441,54.0,253,-15.0" /></mjloggm>