<mjloggm ver="2.3"><GO type="169" lobby="0"/><UN n0="%E3%83%94%E3%83%A8%E3%81%A3%E3%81%99" n1="%E9%BA%BB%E9%9B%80%49%51%31%32%30" n2="%74%75%63%6B%62%6F%63%6B" n3="%6B%6F%7A%61%6B%69%6E%67" dan="17,17,17,16" rate="2185.08,2111.82,2109.80,2079.65" sx="M,M,M,M"/><TAIKYOKU oya="0"/><INIT seed="0,0,0,2,1,109" ten="250,250,250,250" oya="0" hai0="46,80,23,89,35,74,3,22,0,119,24,51,54" hai1="82,2,94,1,39,33,108,105,19,72,76,122,103" hai2="64,107,10,125,127,111,91,84,21,60,79,59,27" hai3="45,86,12,49,135,99,116,28,7,134,15,110,93"/><T55/><D119/><U131/><E108/><V96/><F111/><W58/><G116/><T104/><D104/><U44/><E122/><V92/><F10/><W4/><G110/><T18/><D35/><U41/><E19/><V70/><F70/><W8/><G28/><T132/><D132/><U63/><E94/><V121/><F121/><W112/><G112/><T61/><D23/><U88/><E88/><V77/><F107/><W53/><G86/><T71/><D71/><U50/><E50/><V113/><F113/><W120/><G120/><T36/><D36/><U117/><E117/><V9/><F9/><W73/><G73/><T20/><D20/><U78/><E78/><V52/><F64/><W29/><G29/><T13/><D13/><U83/><E83/><V14/><F14/><W16/><G45/><T6/><D6/><U124/><E63/><V37/><F37/><W26/><G26/><T68/><D68/><U42/><E42/><V75/><F75/><W25/><G25/><T56/><REACH who="0" step="1"/><D89/><REACH who="0" ten="240,250,250,250" step="2"/><U47/><E33/><V129/><F21/><N who="3" m="11399" /><G7/><T67/><D67/><U100/><E105/><V133/><F133/><N who="3" m="50699" /><G15/><T32/><D32/><U57/><E39/><V5/><F5/><W40/><G4/><T123/><D123/><U130/><E2/><V81/><F27/><W101/><G8/><T17/><D17/><U90/><E1/><V65/><F65/><W11/><G11/><T85/><D85/><U97/><E72/><V62/><F84/><W48/><G99/><T95/><D95/><U66/><E97/><V31/><F96/><W118/><G118/><RYUUKYOKU ba="0,1" sc="240,30,250,-10,250,-10,250,-10" hai0="0,3,18,22,24,46,51,54,55,56,61,74,80" /><INIT seed="0,1,1,0,1,77" ten="270,240,240,240" oya="0" hai0="57,4,91,30,111,94,24,125,66,119,12,19,51" hai1="26,90,99,83,49,44,8,129,69,20,116,47,33" hai2="3,46,16,65,114,106,63,81,85,39,93,100,0" hai3="32,37,67,122,80,132,110,121,124,22,28,109,53"/><T5/><D119/><U27/><E69/><V84/><F114/><W72/><G37/><T79/><D125/><U104/><E129/><V50/><F39/><W34/><G67/><T6/><D111/><N who="3" m="42505" /><G124/><T89/><D79/><U130/><E130/><V55/><F106/><W123/><G53/><T71/><D71/><U102/><E8/><V115/><F115/><W134/><G80/><T118/><D94/><U108/><E116/><V29/><F29/><W54/><G54/><T35/><D118/><U78/><E90/><V82/><F65/><W120/><G72/><T58/><D58/><U87/><E108/><V52/><F3/><W11/><G120/><T95/><D95/><U92/><E104/><V96/><F0/><W38/><G11/><T86/><D86/><N who="2" m="33386" /><F16/><W133/><G38/><T97/><D97/><U105/><E105/><V56/><AGARI ba="1,1" hai="46,50,52,55,56,63,81,82,93,96,100" m="33386" machi="56" ten="30,7900,0" yaku="8,1,52,2,54,1" doraHai="77" who="2" fromWho="2" sc="270,-40,240,-21,240,92,240,-21" /><INIT seed="1,0,0,1,4,124" ten="230,219,332,219" oya="1" hai0="14,71,37,80,19,102,49,75,88,85,132,9,120" hai1="39,118,38,98,82,32,111,87,104,105,31,35,110" hai2="29,135,64,56,131,27,7,106,100,116,70,123,1" hai3="22,2,53,47,3,36,34,92,101,16,83,5,23"/><U59/><E118/><V89/><F116/><W18/><G34/><T21/><D37/><U128/><E31/><V125/><F123/><W112/><G112/><T133/><D120/><U24/><E24/><V55/><F125/><W114/><G114/><T45/><D71/><U52/><E98/><V46/><F46/><W11/><G83/><T129/><D129/><U42/><E128/><V74/><F74/><W77/><G77/><T12/><D102/><U109/><E104/><V62/><F89/><W13/><G101/><T17/><REACH who="0" step="1"/><D75/><REACH who="0" ten="220,219,332,219" step="2"/><U50/><E39/><V20/><F131/><W91/><G36/><T63/><D63/><U95/><E105/><V28/><F100/><W4/><G3/><T99/><D99/><U40/><E38/><V113/><F106/><W103/><G103/><T69/><D69/><U79/><E95/><V72/><F72/><W61/><G2/><T51/><D51/><U127/><E127/><V33/><F113/><W78/><G61/><T57/><D57/><U65/><E65/><V108/><F64/><W25/><G92/><T10/><D10/><U6/><E6/><V15/><F70/><W0/><G11/><T96/><D96/><U130/><E130/><V43/><F7/><W26/><G0/><T67/><D67/><U73/><E73/><V121/><F1/><W81/><G5/><T58/><D58/><U86/><E87/><V44/><F121/><W30/><G4/><T97/><D97/><U68/><E68/><V119/><F56/><W107/><G107/><T41/><AGARI ba="0,1" hai="9,12,14,17,19,21,41,45,49,80,85,88,132,133" machi="41" ten="30,8000,1" yaku="1,1,0,1,54,1,53,2" doraHai="124" doraHaiUra="8" who="0" fromWho="0" sc="220,90,219,-40,332,-20,219,-20" /><INIT seed="2,0,0,2,2,131" ten="310,179,312,199" oya="2" hai0="70,115,22,134,125,88,133,33,100,5,90,117,43" hai1="34,108,1,85,94,78,47,7,130,81,92,86,48" hai2="103,60,0,128,99,83,71,110,127,116,118,21,126" hai3="26,64,123,44,62,8,28,109,135,10,121,50,124"/><V65/><F21/><W101/><G109/><T113/><D33/><U29/><E108/><V56/><F110/><W27/><G124/><N who="2" m="47657" /><F0/><W42/><G101/><T2/><D125/><U96/><E130/><V104/><F128/><W40/><G40/><T3/><D117/><N who="2" m="45162" /><F83/><W72/><G72/><T53/><D43/><U9/><E29/><V66/><F66/><W52/><G42/><T58/><D70/><AGARI ba="0,0" hai="56,60,65,70,71,99,103,104" m="45162,47657" machi="70" ten="30,1500,0" yaku="18,1" doraHai="131" who="2" fromWho="0" sc="310,-15,179,0,312,15,199,0" /><INIT seed="2,1,0,4,4,46" ten="295,179,327,199" oya="2" hai0="74,108,67,101,82,17,57,86,77,3,116,75,1" hai1="33,118,12,52,112,38,93,115,120,70,72,134,24" hai2="58,47,79,56,15,133,100,2,19,6,30,103,54" hai3="90,9,89,126,20,109,111,123,98,84,122,55,18"/><V40/><F133/><W121/><G9/><T50/><D101/><U105/><E12/><V132/><F132/><W114/><G126/><T83/><D108/><U135/><E93/><V28/><F79/><W66/><G66/><T97/><D97/><U99/><E99/><V124/><F124/><W25/><G114/><T128/><D128/><U129/><E24/><V4/><F40/><W42/><G42/><T80/><D80/><U127/><E52/><V85/><F85/><W117/><G117/><T36/><D36/><U91/><E91/><V16/><F47/><W110/><G98/><T69/><D69/><U32/><E115/><V68/><F68/><W102/><G102/><N who="2" m="38953" /><F2/><W65/><G65/><T49/><D74/><U87/><E87/><V5/><F15/><W7/><G7/><T94/><D1/><U26/><E26/><V107/><F107/><W131/><G131/><T35/><D3/><U71/><E71/><V14/><F14/><W21/><G84/><T104/><D86/><U62/><E135/><V92/><F92/><W11/><G11/><T125/><D94/><U8/><E8/><V0/><F0/><W29/><REACH who="3" step="1"/><G55/><REACH who="3" ten="295,179,327,189" step="2"/><T37/><D67/><U43/><E127/><V63/><F58/><W27/><AGARI ba="1,1" hai="18,20,21,25,27,29,89,90,109,110,111,121,122,123" machi="27" ten="40,8000,1" yaku="1,1,2,1,0,1,14,1,53,0" doraHai="46" doraHaiUra="113" who="3" fromWho="3" sc="295,-21,179,-21,327,-41,189,93" /><INIT seed="3,0,0,3,1,63" ten="274,158,286,282" oya="3" hai0="10,2,11,64,26,42,16,53,66,83,35,133,60" hai1="38,111,37,43,100,52,3,115,118,95,106,68,104" hai2="61,44,25,12,91,5,7,101,131,120,119,22,128" hai3="123,33,48,97,112,79,114,96,67,116,8,125,62"/><W121/><G116/><T39/><D133/><U74/><E43/><V45/><F119/><W94/><G33/><T4/><D39/><U78/><E95/><V75/><F75/><W29/><G125/><T103/><D42/><U70/><E118/><V82/><F101/><W14/><G29/><T28/><D103/><U126/><E100/><V81/><F120/><W55/><G79/><T57/><REACH who="0" step="1"/><D83/><REACH who="0" ten="264,158,286,282" step="2"/><U31/><E38/><V19/><F82/><W92/><G121/><T15/><AGARI ba="0,1" hai="2,4,10,11,15,16,26,28,35,53,57,60,64,66" machi="15" ten="30,12000,2" yaku="1,1,2,1,0,1,52,2,54,1,53,0" doraHai="63" doraHaiUra="85" who="0" fromWho="0" sc="264,130,158,-30,286,-30,282,-60" /><INIT seed="4,0,0,4,1,102" ten="394,128,256,222" oya="0" hai0="79,69,122,111,24,37,104,128,52,67,41,57,93" hai1="115,20,22,89,76,44,55,112,121,82,119,110,91" hai2="21,39,123,59,18,75,96,51,135,2,90,68,23" hai3="80,120,125,113,100,62,77,78,28,66,60,94,3"/><T42/><D122/><U0/><E0/><V29/><F68/><W34/><G120/><T54/><D79/><U116/><E121/><V40/><F75/><W107/><G3/><T106/><D93/><U6/><E6/><V4/><F39/><W134/><G134/><T30/><D54/><U117/><E110/><V133/><F123/><W124/><G113/><N who="1" m="43594" /><E44/><V26/><F4/><W71/><G94/><T97/><D97/><U5/><E5/><V85/><F2/><W35/><G62/><T17/><D17/><U63/><E63/><V95/><F96/><N who="3" m="61831" /><G28/><T10/><D30/><U108/><E55/><N who="2" m="32255" /><F40/><W92/><G92/><T15/><D41/><U43/><E108/><V48/><F48/><W61/><G61/><T84/><D42/><U118/><N who="1" m="29696" /><DORA hai="45" /><U36/><E36/><V33/><F33/><N who="3" m="12299" /><G78/><T27/><D37/><U131/><E43/><V1/><F1/><W101/><G101/><T38/><D38/><U19/><E131/><V50/><F50/><W127/><G77/><T87/><D128/><U126/><E76/><V13/><AGARI ba="0,0" hai="13,18,21,23,26,29,85,90,95,133,135" m="32255" machi="13" ten="30,2000,0" yaku="25,1,52,1" doraHai="102,45" who="2" fromWho="2" sc="394,-10,128,-5,256,20,222,-5" /><INIT seed="5,0,0,3,5,121" ten="384,123,276,217" oya="1" hai0="14,111,86,109,94,113,99,106,83,125,52,32,70" hai1="5,95,21,77,96,10,7,28,51,56,3,18,134" hai2="103,36,100,84,89,98,26,118,33,27,124,23,122" hai3="68,131,97,108,117,129,49,40,34,1,25,13,78"/><U65/><E134/><V58/><F122/><W37/><G1/><T81/><D70/><U11/><E77/><V126/><F118/><W12/><G117/><T101/><D32/><U128/><E128/><V38/><F33/><W72/><G68/><T59/><D14/><U69/><E69/><V130/><F58/><W107/><G49/><T73/><D125/><U110/><E28/><V47/><F130/><W2/><G2/><T19/><D19/><U46/><E110/><V82/><F27/><W91/><G40/><T22/><D22/><U6/><E3/><V41/><F38/><W119/><G37/><T85/><D113/><U57/><E57/><V67/><F67/><W8/><G119/><T64/><D64/><U0/><E0/><V102/><REACH who="2" step="1"/><F98/><REACH who="2" ten="384,123,266,217" step="2"/><W60/><G97/><T35/><D35/><U104/><E56/><V61/><F61/><W105/><G60/><T123/><D123/><U79/><E65/><V62/><F62/><W76/><G25/><T24/><D24/><N who="1" m="14391" /><E104/><V133/><F133/><W48/><G34/><T127/><D106/><U75/><E75/><V4/><F4/><W120/><G72/><T29/><D73/><U44/><E79/><V16/><AGARI ba="0,1" hai="16,23,26,36,41,47,82,84,89,100,102,103,124,126" machi="16" ten="30,4000,0" yaku="1,1,0,1,54,1,53,0" doraHai="121" doraHaiUra="31" who="2" fromWho="2" sc="384,-10,123,-20,266,50,217,-10" /><INIT seed="6,0,0,2,0,38" ten="374,103,316,207" oya="2" hai0="133,74,34,68,0,1,12,65,23,117,122,67,127" hai1="109,107,66,61,96,21,130,13,60,15,16,62,27" hai2="45,2,63,114,57,90,5,132,25,95,83,73,58" hai3="101,131,42,49,37,10,79,111,135,46,112,125,56"/><V98/><F114/><W102/><G111/><T35/><D122/><U126/><E109/><V123/><F123/><W94/><G112/><T134/><D74/><U47/><E130/><V129/><F129/><W26/><G131/><T14/><D127/><U17/><E126/><V41/><F132/><N who="0" m="50794" /><D117/><U50/><E66/><N who="0" m="25097" /><D68/><U8/><E107/><V108/><F25/><W4/><G135/><T18/><D12/><U48/><E96/><V9/><F108/><W51/><G79/><T93/><D93/><U99/><E99/><V91/><F63/><W64/><G26/><T124/><D124/><U70/><E70/><V78/><REACH who="2" step="1"/><F91/><REACH who="2" ten="374,103,306,207" step="2"/><W80/><G125/><T105/><D105/><U59/><E59/><V120/><F120/><W84/><G56/><T85/><D85/><U28/><REACH who="1" step="1"/><E47/><REACH who="1" ten="374,93,306,207" step="2"/><V97/><F97/><W119/><G46/><T81/><D35/><AGARI ba="0,2" hai="8,13,15,16,17,21,27,28,35,48,50,60,61,62" machi="35" ten="40,8000,1" yaku="1,1,2,1,54,1,53,1" doraHai="38" doraHaiUra="30" who="1" fromWho="0" sc="374,-80,93,100,306,0,207,0" /><INIT seed="7,0,0,5,2,26" ten="294,193,306,207" oya="3" hai0="65,111,10,52,39,49,59,132,96,81,41,21,30" hai1="5,128,117,122,89,68,0,93,53,125,101,19,18" hai2="127,63,71,24,31,2,80,104,84,118,113,38,46" hai3="16,54,107,97,3,120,55,1,72,100,87,12,42"/><W88/><G72/><T130/><D111/><U126/><E122/><V17/><F118/><W75/><G75/><T32/><D32/><U27/><E117/><V95/><F104/><W78/><G78/><T133/><D130/><U119/><E119/><V92/><F2/><W51/><G120/><T109/><D109/><U131/><E68/><V73/><F73/><W40/><G3/><T58/><D10/><U99/><E53/><V129/><F17/><W85/><G85/><T47/><D81/><U11/><E101/><V86/><F129/><N who="1" m="49737" /><E27/><V98/><F127/><AGARI ba="0,0" hai="0,5,11,18,19,89,93,99,125,126,127" m="49737" machi="127" ten="30,2000,0" yaku="18,1,19,1" doraHai="26" who="1" fromWho="2" sc="294,0,193,20,306,-20,207,0" /><INIT seed="8,0,0,3,5,43" ten="294,213,286,207" oya="0" hai0="63,60,123,84,10,57,12,67,113,77,72,103,40" hai1="24,21,38,30,105,53,88,106,70,29,68,104,92" hai2="86,5,127,115,2,8,11,98,47,39,32,52,126" hai3="41,48,51,78,109,44,58,50,124,135,134,1,16"/><T59/><D113/><U35/><E38/><V26/><F115/><W64/><G1/><T0/><D123/><U76/><E76/><V18/><F98/><W7/><G7/><T119/><D119/><U19/><E53/><V54/><F86/><W23/><G109/><T118/><D118/><U97/><REACH who="1" step="1"/><E30/><REACH who="1" ten="294,203,286,207" step="2"/><N who="2" m="19543" /><F39/><W4/><G78/><T116/><D77/><U112/><E112/><V28/><F28/><W74/><G74/><T132/><D72/><U107/><N who="1" m="26624" /><DORA hai="14" /><U108/><E108/><V27/><F54/><W69/><G134/><T101/><D132/><U55/><E55/><V80/><F52/><W83/><G135/><T75/><D75/><U125/><E125/><V17/><F127/><W96/><G124/><T45/><D116/><U90/><E90/><V56/><F126/><W31/><G31/><T73/><D73/><U49/><E49/><V33/><F33/><W22/><G51/><T102/><D102/><U46/><E46/><V13/><F47/><W81/><G50/><T36/><D103/><U133/><E133/><V94/><F94/><W85/><G48/><T15/><D101/><U25/><AGARI ba="0,1" hai="19,21,24,25,29,35,68,70,88,92,97" m="26624" machi="25" ten="60,8000,1" yaku="1,1,0,1,52,1,54,1,53,0" doraHai="43,14" doraHaiUra="6,71" who="1" fromWho="1" sc="294,-40,203,90,286,-20,207,-20" /><INIT seed="9,0,0,1,0,64" ten="254,293,266,187" oya="1" hai0="122,15,58,19,10,30,44,105,85,54,83,29,7" hai1="133,17,100,47,109,23,46,135,60,108,89,94,74" hai2="87,51,82,38,25,66,41,113,120,53,55,115,88" hai3="1,62,91,76,42,110,40,124,96,95,4,112,99"/><U129/><E74/><V78/><F120/><W102/><G110/><N who="1" m="42602" /><E100/><V86/><F25/><W22/><G112/><N who="2" m="43081" /><F38/><W134/><G134/><N who="1" m="51210" /><E129/><V114/><N who="2" m="43089" /><V27/><DORA hai="26" /><F27/><W67/><G124/><T33/><D122/><U119/><E119/><V77/><F66/><W80/><G4/><T70/><D70/><U97/><E60/><V52/><F86/><W71/><G22/><T126/><D33/><U98/><E98/><V14/><F14/><AGARI ba="0,0" hai="14,17,23,46,47,89,94,97" m="51210,42602" machi="14" ten="30,2900,0" yaku="10,1,20,1" doraHai="64,26" who="1" fromWho="2" sc="254,0,293,29,266,-29,187,0" owari="254,5.0,322,42.0,237,-16.0,187,-31.0" /></mjloggm>