<mjloggm ver="2.3"><GO type="169" lobby="0"/><UN n0="%E5%8D%83%E7%BE%BD%E9%B4%89" n1="%E3%81%A4%E3%82%80%E3%81%90" n2="%E8%8D%92%E5%B7%9D%E5%95%93%E5%90%BE" n3="%E3%82%82%E3%82%8A%E3%81%96%E3%81%AD" dan="17,16,18,16" rate="2214.15,2066.48,2294.73,2160.77" sx="F,M,M,M"/><TAIKYOKU oya="0"/><INIT seed="0,0,0,4,4,102" ten="250,250,250,250" oya="0" hai0="2,129,112,47,15,81,73,54,58,8,77,82,65" hai1="0,31,34,46,118,79,94,20,67,57,10,9,27" hai2="132,124,135,72,74,37,40,4,61,18,63,98,84" hai3="36,41,19,80,33,93,26,56,117,23,14,6,89"/><T60/><D129/><U70/><E118/><V78/><F4/><W39/><G117/><T69/><D112/><U130/><E70/><V104/><F18/><W25/><G80/><T128/><D128/><U1/><E79/><V71/><F71/><W11/><G41/><T87/><D2/><U96/><E130/><V76/><F40/><W35/><G35/><T109/><D109/><U126/><E126/><V108/><F37/><W125/><G125/><T120/><D120/><U24/><E46/><V75/><F124/><W133/><G133/><N who="2" m="51273" /><F108/><W86/><REACH who="3" step="1"/><G56/><REACH who="3" ten="250,250,250,240" step="2"/><T28/><D69/><U115/><E115/><V66/><F78/><W106/><G106/><T30/><D81/><U113/><E113/><V88/><F76/><W53/><G53/><T16/><REACH who="0" step="1"/><D73/><REACH who="0" ten="240,250,250,240" step="2"/><U127/><E127/><V95/><F74/><W52/><G52/><T121/><D121/><U103/><E1/><V48/><F72/><W49/><G49/><AGARI ba="0,2" hai="8,15,16,28,30,47,49,54,58,60,65,77,82,87" machi="49" ten="40,7700,0" yaku="1,1,8,1,54,1,53,0" doraHai="102" doraHaiUra="90" who="0" fromWho="3" sc="240,97,250,0,250,0,240,-77" /><INIT seed="0,1,0,0,5,52" ten="337,250,250,163" oya="0" hai0="41,78,98,57,127,119,87,58,118,126,133,85,37" hai1="39,131,20,103,43,16,72,33,25,83,91,34,112" hai2="18,31,102,2,132,129,86,74,65,73,104,107,44" hai3="101,0,80,116,54,117,32,24,5,45,12,48,67"/><T36/><D41/><U75/><E75/><V8/><F31/><W6/><G0/><T125/><D98/><U53/><E103/><V14/><F2/><W92/><G67/><T7/><D7/><U29/><E131/><V109/><F129/><W108/><G108/><T1/><D1/><U15/><E112/><V111/><F132/><W64/><G64/><T13/><D13/><U46/><E53/><V62/><F44/><W88/><G80/><N who="0" m="47255" /><D87/><U51/><E39/><N who="0" m="14921" /><D133/><U120/><E120/><V99/><F107/><W9/><G101/><T134/><D134/><U3/><E3/><V22/><F8/><W79/><G79/><T56/><AGARI ba="1,0" hai="56,57,58,118,119,125,126,127" m="14921,47255" machi="56" ten="40,12000,1" yaku="18,1,52,3" doraHai="52" who="0" fromWho="0" sc="337,123,250,-41,250,-41,163,-41" /><INIT seed="0,2,0,1,4,114" ten="460,209,209,122" oya="0" hai0="91,80,31,109,62,63,93,70,67,43,94,30,128" hai1="49,6,25,46,71,27,34,16,59,37,134,29,36" hai2="23,48,9,60,7,123,83,79,15,122,106,82,47" hai3="101,45,38,119,100,87,72,97,65,126,105,12,130"/><T17/><D128/><U50/><E71/><V24/><F106/><W21/><G72/><T18/><D109/><U90/><E134/><V69/><F69/><W124/><G130/><T98/><D43/><U8/><E50/><V0/><F0/><W115/><G115/><T107/><D107/><U41/><E90/><V57/><F57/><W85/><G65/><T99/><D80/><U74/><E74/><V55/><F60/><W68/><G68/><T135/><D135/><U26/><E59/><V118/><F118/><W61/><G61/><T39/><D39/><U92/><E92/><V95/><F95/><W103/><G97/><T2/><D2/><U108/><E108/><V96/><F96/><W104/><G105/><T125/><D125/><N who="3" m="48233" /><G119/><T40/><D40/><U14/><E6/><V127/><F127/><W102/><G104/><T131/><D131/><U116/><E116/><V117/><F117/><W84/><N who="3" m="25600" /><DORA hai="66" /><W51/><G38/><T11/><D63/><U54/><E37/><V129/><F129/><W64/><G64/><T73/><D73/><U35/><E36/><V33/><F83/><W22/><G12/><T89/><D62/><U112/><E112/><V56/><F82/><W81/><G81/><T10/><D67/><U113/><E113/><V77/><F15/><W86/><N who="3" m="21504" /><DORA hai="19" /><W5/><G5/><T88/><D70/><U120/><E14/><V44/><F7/><W1/><G1/><T132/><D91/><U133/><E49/><V3/><F48/><W53/><AGARI ba="2,0" hai="21,22,45,51,53" m="21504,25600,48233" machi="53" ten="60,7900,0" yaku="18,1,52,2" doraHai="114,66,19" who="3" fromWho="3" sc="460,-41,209,-22,209,-22,122,85" /><INIT seed="1,0,0,2,4,118" ten="419,187,187,207" oya="1" hai0="129,62,2,134,61,97,78,8,121,5,41,51,103" hai1="135,21,26,33,19,11,119,18,112,1,77,39,127" hai2="70,46,65,72,96,58,56,55,117,91,12,109,95" hai3="47,3,114,81,17,87,25,35,80,122,10,75,125"/><U101/><E39/><V7/><F117/><W133/><G114/><T57/><D129/><U60/><E119/><V23/><F109/><W110/><G110/><T4/><D134/><U71/><E77/><V120/><F72/><W106/><G106/><T124/><D124/><U131/><E101/><V116/><F116/><W105/><G105/><T16/><D121/><U86/><E86/><V94/><F120/><W76/><G133/><T63/><D78/><U50/><E135/><V67/><F70/><W38/><G125/><T113/><D113/><U40/><E127/><V24/><F46/><W32/><G122/><T100/><D5/><U13/><E112/><V31/><F58/><W92/><G92/><T64/><D100/><U102/><E102/><V37/><F37/><W89/><G25/><T48/><D16/><U9/><E50/><V15/><F94/><W82/><G82/><T59/><D41/><U44/><E131/><V20/><F15/><W69/><G69/><T115/><D63/><U108/><E108/><V36/><F36/><W68/><G68/><T98/><D98/><U90/><E90/><V73/><F73/><W88/><G89/><T52/><REACH who="0" step="1"/><D115/><REACH who="0" ten="409,187,187,207" step="2"/><U126/><E126/><V79/><F79/><W93/><G76/><T84/><D84/><U130/><E130/><V99/><F99/><W22/><G75/><T6/><D6/><N who="1" m="1231" /><E60/><N who="2" m="35871" /><F7/><N who="3" m="1407" /><G80/><T49/><D49/><N who="1" m="26759" /><E71/><V85/><F85/><W43/><G81/><T66/><D66/><U123/><E123/><V111/><F111/><W0/><G0/><T104/><AGARI ba="0,1" hai="2,4,8,48,51,52,57,59,61,62,64,97,103,104" machi="104" ten="20,5200,0" yaku="1,1,0,1,7,1,54,1,53,0" doraHai="118" doraHaiUra="83" who="0" fromWho="0" sc="409,62,187,-26,187,-13,207,-13" /><INIT seed="2,0,0,4,1,78" ten="471,161,174,194" oya="2" hai0="0,21,92,115,23,71,98,50,122,43,72,102,121" hai1="134,125,95,34,103,82,89,63,9,130,83,49,76" hai2="86,127,29,59,54,99,104,1,32,105,65,66,12" hai3="96,51,79,7,81,70,17,36,47,114,16,106,48"/><V38/><F1/><W133/><G70/><T10/><D71/><U56/><E34/><V58/><F38/><W94/><G106/><T118/><D115/><U107/><E130/><V19/><F127/><W124/><G124/><T88/><D72/><U117/><E117/><V42/><F42/><W126/><G126/><T123/><D118/><U128/><E128/><V28/><F32/><W33/><G33/><T69/><D69/><U5/><E76/><V129/><F129/><W26/><G7/><T131/><D131/><U30/><E30/><V77/><F99/><W97/><G97/><T113/><D113/><U93/><E107/><V109/><F109/><W52/><G133/><T61/><D61/><U37/><E37/><V68/><F68/><W22/><G114/><T25/><D25/><U15/><E134/><V119/><F119/><W11/><G48/><T53/><D43/><U64/><E125/><V112/><F112/><W135/><G135/><T84/><D10/><U13/><E13/><V73/><F73/><W27/><G36/><T35/><D0/><U3/><E3/><V101/><F105/><W24/><G11/><T20/><D35/><U57/><E95/><V132/><F132/><W75/><G17/><T116/><D116/><U46/><E57/><V45/><F59/><W14/><REACH who="3" step="1"/><G24/><REACH who="3" ten="471,161,174,184" step="2"/><T40/><D98/><N who="1" m="57647" /><E103/><AGARI ba="0,1" hai="14,16,22,26,27,47,51,52,75,79,81,94,96,103" machi="103" ten="30,8000,1" yaku="1,1,7,1,52,1,54,2,53,0" doraHai="78" doraHaiUra="85" who="3" fromWho="1" sc="471,0,161,-80,174,0,184,90" /><INIT seed="3,0,0,4,5,34" ten="471,81,174,274" oya="3" hai0="41,129,60,121,57,108,125,48,126,131,94,135,11" hai1="83,69,89,38,12,90,109,134,52,50,107,5,72" hai2="8,113,127,44,33,4,75,106,92,3,13,21,22" hai3="102,6,82,86,19,105,99,7,23,30,64,103,24"/><W37/><G37/><T120/><D94/><U47/><E107/><V0/><F106/><W98/><G64/><N who="0" m="38927" /><D11/><U36/><E69/><V28/><F75/><W9/><G102/><T40/><D108/><U80/><E109/><V111/><F111/><W114/><G114/><T96/><D96/><U74/><E134/><V53/><F44/><W93/><G99/><T10/><D10/><U45/><E12/><V115/><F53/><W91/><G105/><T25/><D25/><U67/><E67/><V16/><F92/><W27/><REACH who="3" step="1"/><G9/><REACH who="3" ten="471,81,174,264" step="2"/><T128/><D135/><U88/><E5/><V132/><F132/><W124/><G124/><N who="0" m="47723" /><D40/><U97/><E97/><V119/><F127/><W68/><G68/><T122/><D122/><U54/><E89/><V43/><F43/><W100/><G100/><T56/><D41/><U133/><E133/><V110/><F110/><W62/><G62/><T26/><D120/><U116/><E116/><V32/><F119/><W29/><G29/><T15/><D121/><U18/><E18/><V101/><F101/><W84/><G84/><T61/><D61/><U49/><AGARI ba="0,1" hai="36,38,45,47,49,50,52,54,72,74,80,83,88,90" machi="49" ten="25,8000,1" yaku="0,1,22,2,54,2" doraHai="34" who="1" fromWho="1" sc="471,-20,81,90,174,-20,264,-40" /><INIT seed="4,0,0,1,4,2" ten="451,171,154,224" oya="0" hai0="7,103,23,4,79,51,84,3,80,99,57,67,118" hai1="25,53,127,135,17,42,48,115,21,83,101,71,106" hai2="10,81,116,102,24,20,47,39,97,38,85,62,134" hai3="132,46,43,5,40,130,50,70,64,124,16,105,0"/><T27/><D3/><U92/><E71/><V32/><F32/><W73/><G73/><T31/><D118/><U65/><E106/><V121/><F121/><W88/><G105/><T33/><D33/><U107/><E107/><V37/><F134/><W58/><G132/><T122/><D122/><U123/><E65/><V12/><F62/><W133/><G133/><T98/><D98/><U35/><E35/><V11/><F47/><W131/><G124/><T15/><D15/><U8/><E42/><V52/><F116/><W66/><G43/><T86/><D86/><U75/><E75/><V29/><F52/><W90/><G58/><T28/><D28/><U19/><E127/><V59/><F59/><W110/><G110/><T111/><D111/><U18/><E135/><V78/><REACH who="2" step="1"/><F12/><REACH who="2" ten="451,171,144,224" step="2"/><W9/><G70/><T55/><D67/><U82/><E123/><V76/><F76/><W113/><G64/><T56/><D57/><U6/><E53/><V36/><N who="2" m="9216" /><DORA hai="108" /><V87/><F87/><W30/><G66/><T91/><D79/><U44/><E44/><V112/><F112/><W104/><G113/><T14/><D14/><U93/><E115/><V61/><F61/><W95/><G46/><T41/><D41/><U34/><E34/><V125/><F125/><W120/><G40/><T49/><D49/><U26/><E48/><V109/><F109/><W54/><G50/><T89/><D51/><U96/><E96/><V129/><F129/><W63/><G131/><T74/><D55/><U69/><E69/><V94/><AGARI ba="0,1" hai="10,11,20,24,29,78,81,85,94,97,102" m="9216" machi="94" ten="60,7900,0" yaku="1,1,0,1,53,1" doraHai="2,108" doraHaiUra="72,117" who="2" fromWho="2" sc="451,-39,171,-20,144,89,224,-20" /><INIT seed="5,0,0,2,3,68" ten="412,151,233,204" oya="1" hai0="52,54,15,69,105,134,3,89,118,5,32,72,96" hai1="45,36,20,106,100,28,61,80,123,128,39,60,6" hai2="35,25,55,117,17,67,112,12,33,31,8,79,27" hai3="2,21,22,122,58,116,124,121,71,49,83,82,40"/><U46/><E123/><V19/><F67/><W1/><G71/><T98/><D3/><U113/><E6/><N who="2" m="3095" /><F55/><W50/><G58/><T81/><D134/><U125/><E80/><V126/><F79/><W34/><G34/><T132/><D32/><U135/><E28/><N who="2" m="19599" /><F117/><W51/><G40/><T131/><D81/><U48/><E20/><V57/><F57/><W56/><G49/><T47/><D47/><U120/><E120/><V78/><F78/><W53/><G56/><T13/><D69/><U73/><E73/><V44/><F44/><W99/><G99/><T111/><D96/><U26/><E48/><V97/><F97/><W11/><G53/><T94/><D54/><U10/><E135/><V95/><F95/><W110/><G83/><T42/><D94/><U133/><E133/><V4/><F126/><W114/><G82/><T74/><D105/><U115/><E125/><V37/><F37/><N who="1" m="14409" /><E106/><V84/><F84/><W119/><G50/><T65/><D72/><U66/><E100/><V9/><F112/><N who="1" m="43081" /><E66/><V70/><F70/><W0/><G114/><T38/><D65/><U23/><E46/><V129/><F129/><W59/><G51/><T64/><D74/><U16/><E128/><V18/><F18/><W85/><G124/><T93/><D131/><U102/><E102/><V90/><F90/><W88/><G88/><T130/><D130/><U107/><E107/><V92/><F92/><W24/><G121/><T103/><D103/><U127/><E45/><V101/><F101/><W108/><G122/><T86/><D38/><U43/><E127/><V41/><F41/><RYUUKYOKU ba="0,0" sc="412,-10,151,-10,233,30,204,-10" hai2="4,9,17,19,27,31,35" /><INIT seed="6,1,0,0,2,75" ten="402,141,263,194" oya="2" hai0="33,107,13,71,21,76,121,80,100,117,73,24,104" hai1="5,32,116,119,129,68,79,23,123,87,77,60,17" hai2="98,27,128,28,88,124,92,9,114,4,65,31,56" hai3="127,69,86,133,82,89,66,130,43,85,46,2,102"/><V118/><F118/><W83/><G133/><T58/><D117/><U18/><E32/><V61/><F114/><W131/><G2/><T70/><D121/><U122/><E5/><V22/><F124/><W57/><G69/><T41/><D33/><U81/><E68/><V99/><F128/><W10/><G102/><T38/><D13/><U51/><E60/><V8/><F31/><W44/><G10/><T19/><D58/><U67/><E67/><V0/><REACH who="2" step="1"/><F9/><REACH who="2" ten="402,141,253,194" step="2"/><W63/><G127/><T48/><D104/><U7/><E119/><V15/><F15/><W112/><G112/><T11/><D107/><U74/><E116/><V45/><F45/><W95/><G46/><T30/><D30/><U16/><E129/><V54/><F54/><W135/><G44/><T84/><D11/><U20/><E122/><V25/><F25/><W36/><G131/><T101/><D24/><U6/><E123/><V90/><F90/><N who="3" m="51519" /><G130/><T42/><D42/><U3/><E3/><V91/><F91/><N who="3" m="51671" /><G43/><T106/><D106/><U93/><E23/><V72/><F72/><W40/><G40/><T55/><D41/><U103/><E20/><V120/><F120/><W34/><G34/><T14/><D73/><U78/><E74/><V111/><F111/><W37/><G135/><T134/><D134/><U50/><E50/><V52/><F52/><W126/><G126/><T29/><D29/><U49/><E51/><V132/><F132/><W125/><G125/><T12/><D12/><U105/><E49/><V108/><F108/><W94/><G89/><T96/><D48/><U59/><E105/><RYUUKYOKU ba="1,1" sc="402,-15,141,-15,253,15,194,15" hai2="0,4,8,22,27,28,56,61,65,88,92,98,99" hai3="36,37,57,63,66,94,95" /><INIT seed="6,2,1,2,5,127" ten="387,126,268,209" oya="2" hai0="122,125,60,70,32,27,88,54,78,39,46,73,17" hai1="128,61,56,105,52,107,131,16,5,101,44,92,38" hai2="114,42,129,26,118,96,104,87,14,106,113,79,13" hai3="98,124,51,69,91,132,12,47,48,100,20,103,82"/><V3/><F3/><W135/><G69/><T62/><D122/><U19/><E5/><V121/><F42/><W95/><G124/><T67/><D125/><U120/><E120/><V7/><F26/><W83/><G20/><T89/><D73/><U58/><E92/><V85/><F121/><W126/><G12/><N who="2" m="4713" /><F7/><W72/><G126/><T2/><D2/><U84/><E84/><N who="2" m="32331" /><F96/><W109/><G109/><T66/><D78/><U1/><E1/><V36/><F36/><W99/><G72/><T15/><D32/><U63/><E38/><V117/><F79/><W4/><G4/><T81/><D27/><U33/><E33/><V57/><F57/><W112/><G47/><T80/><D39/><U59/><E44/><V23/><F23/><W74/><G74/><T9/><D46/><U97/><E107/><N who="2" m="41003" /><F129/><N who="1" m="49737" /><E59/><V86/><N who="2" m="32339" /><V45/><DORA hai="49" /><F45/><W119/><G95/><T115/><D89/><U134/><E134/><V43/><F43/><W75/><G75/><T24/><D88/><U133/><E133/><V31/><F31/><W30/><G30/><T53/><D9/><U116/><E116/><AGARI ba="2,1" hai="113,114,116,117,118" m="41003,32339,4713" machi="116" ten="40,3900,0" yaku="28,2" doraHai="127,49" who="2" fromWho="1" sc="387,0,126,-45,268,55,209,0" /><INIT seed="6,3,0,3,5,110" ten="387,81,323,209" oya="2" hai0="5,81,100,115,97,17,49,9,28,40,62,116,71" hai1="63,130,135,121,129,7,109,42,89,134,98,111,35" hai2="85,31,2,67,38,45,44,104,21,29,24,52,124" hai3="18,33,119,94,37,60,74,128,103,59,61,47,127"/><V76/><F104/><W27/><G119/><T19/><D115/><U4/><E42/><V43/><F2/><W117/><G117/><T51/><D116/><U88/><E63/><V56/><F124/><W68/><G74/><T87/><D28/><U26/><E98/><V13/><F67/><W66/><G127/><T92/><D71/><U114/><E26/><V133/><F133/><W39/><G128/><T53/><D62/><U0/><E0/><V102/><F102/><W82/><G82/><T120/><D120/><U101/><E101/><V22/><F45/><W41/><G94/><T32/><D32/><U122/><E35/><V86/><F76/><W108/><G108/><T23/><D40/><U57/><E57/><V6/><F6/><W80/><G80/><T16/><D23/><U75/><E75/><V78/><F78/><W96/><G96/><T30/><D30/><U132/><E132/><V73/><F73/><W64/><G103/><T90/><REACH who="0" step="1"/><D53/><REACH who="0" ten="377,81,323,209" step="2"/><U93/><E93/><V72/><F72/><W34/><G37/><T25/><D25/><U65/><E65/><V12/><F31/><W55/><G55/><T20/><D20/><U107/><E114/><V95/><F22/><N who="3" m="13783" /><G34/><T11/><D11/><U14/><REACH who="1" step="1"/><E107/><REACH who="1" ten="377,71,323,209" step="2"/><V46/><F43/><W83/><G33/><T99/><D99/><U131/><E131/><V123/><F24/><W77/><G66/><T69/><D69/><U70/><E70/><V15/><F52/><N who="3" m="33895" /><G77/><T3/><AGARI ba="3,2" hai="3,5,9,16,17,19,49,51,81,87,90,92,97,100" machi="3" ten="30,4000,0" yaku="1,1,0,1,54,1,53,0" doraHai="110" doraHaiUra="48" who="0" fromWho="0" sc="377,69,71,-13,323,-23,209,-13" /><INIT seed="7,0,0,3,3,127" ten="446,58,300,196" oya="3" hai0="43,97,7,26,98,10,78,99,67,0,120,81,45" hai1="34,84,68,117,121,114,44,132,88,22,27,29,42" hai2="110,129,93,119,102,94,122,33,2,73,69,24,4" hai3="57,64,79,77,131,107,17,71,112,74,113,95,21"/><W118/><G107/><T103/><D26/><U108/><E121/><V11/><F73/><W125/><G71/><T87/><D67/><U106/><E68/><V130/><F69/><W18/><G95/><T51/><D120/><U100/><E108/><V90/><F102/><W61/><G125/><T92/><AGARI ba="0,0" hai="0,7,10,43,45,51,78,81,87,92,97,98,99,103" machi="92" ten="20,1500,0" yaku="0,1,7,1" doraHai="127" who="0" fromWho="0" sc="446,15,58,-4,300,-4,196,-7" owari="461,56.0,54,-45.0,296,10.0,189,-21.0" /></mjloggm>