<mjloggm ver="2.3"><GO type="185" lobby="0"/><UN n0="%E3%82%8D%E3%81%AF%E3%82%93%37%33" n1="%67%6C%61%6E%7A%39%30" n2="%E8%8A%B1%E9%AD%81" n3="" dan="16,19,17,0" rate="2042.18,2347.35,2351.55,1500.00" sx="M,M,F,C"/><TAIKYOKU oya="0"/><INIT seed="0,0,0,5,3,117" ten="350,350,350,0" oya="0" hai0="37,54,87,36,96,57,66,41,71,74,3,78,86" hai1="132,107,92,64,43,58,39,105,51,118,1,45,101" hai2="53,119,130,129,120,111,79,131,61,124,69,108,40" hai3=""/><T81/><D3/><U33/><E1/><V63/><N who="2" m="30752" /><V125/><F79/><T48/><D96/><U114/><E118/><V90/><F119/><T93/><D93/><U84/><E114/><V38/><F90/><T110/><D110/><N who="2" m="42026" /><F53/><T91/><D91/><U89/><E33/><V95/><F95/><T46/><REACH who="0" step="1"/><D37/><REACH who="0" ten="340,350,350,0" step="2"/><U52/><E132/><V94/><F94/><T103/><D103/><U104/><REACH who="1" step="1"/><E64/><REACH who="1" ten="340,340,350,0" step="2"/><V42/><F38/><T32/><D32/><U99/><AGARI ba="0,2" hai="39,43,45,51,52,58,84,89,92,99,101,104,105,107" machi="99" ten="30,6000,1" yaku="1,1,2,1,0,1,54,1,53,1" doraHai="117" doraHaiUra="50" who="1" fromWho="1" sc="340,-40,340,80,350,-20,0,0" /><INIT seed="1,0,0,1,4,57" ten="300,420,330,0" oya="1" hai0="77,37,106,109,56,76,100,87,104,55,94,1,60" hai1="2,80,38,129,112,82,103,74,54,63,89,66,121" hai2="117,113,85,40,119,130,68,81,110,79,125,133,47" hai3=""/><U111/><N who="1" m="31008" /><U34/><E34/><V72/><F110/><T135/><D1/><U123/><N who="1" m="31520" /><U33/><E33/><V59/><F125/><T97/><D109/><U102/><E111/><V95/><F133/><T132/><D37/><U118/><E118/><V64/><F68/><T84/><D84/><U65/><E2/><V53/><F64/><T50/><D77/><U32/><E32/><V99/><F72/><T43/><D76/><U71/><E112/><V116/><F130/><T46/><REACH who="0" step="1"/><D87/><REACH who="0" ten="290,420,330,0" step="2"/><U88/><E38/><V51/><F113/><T49/><D49/><U44/><E129/><V98/><REACH who="2" step="1"/><F95/><REACH who="2" ten="290,420,320,0" step="2"/><T90/><D90/><U126/><E89/><V78/><F78/><T35/><D35/><U52/><E88/><V48/><AGARI ba="0,2" hai="40,47,48,51,53,59,79,81,85,98,99,116,117,119" machi="48" ten="30,1500,0" yaku="1,1,0,1,53,0" doraHai="57" doraHaiUra="122" who="2" fromWho="2" sc="290,-5,420,-10,320,35,0,0" /><INIT seed="2,0,0,1,5,131" ten="285,410,355,0" oya="2" hai0="51,33,92,103,50,110,87,89,107,60,40,76,1" hai1="97,94,91,80,130,128,46,125,71,129,102,41,62" hai2="74,100,105,54,78,42,111,68,134,58,43,106,120" hai3=""/><V121/><N who="2" m="30752" /><V82/><N who="2" m="31008" /><V38/><F68/><T0/><D1/><U52/><E125/><V112/><F112/><T57/><D0/><U96/><E71/><V114/><F114/><T75/><D33/><U63/><E80/><V3/><F3/><T2/><D2/><U49/><REACH who="1" step="1"/><E41/><REACH who="1" ten="285,400,355,0" step="2"/><V79/><F43/><T90/><D40/><U84/><E84/><V133/><F111/><T44/><D110/><U117/><E117/><V85/><F42/><T98/><D75/><U48/><E48/><V35/><F35/><T55/><D51/><U104/><AGARI ba="0,1" hai="46,49,52,62,63,91,94,96,97,102,104,128,129,130" machi="104" ten="30,5900,0" yaku="1,1,0,1,19,1,54,1,53,0" doraHai="131" doraHaiUra="72" who="1" fromWho="1" sc="285,-20,400,69,355,-39,0,0" /><INIT seed="4,0,0,1,3,67" ten="265,469,316,0" oya="0" hai0="114,60,57,39,124,49,35,61,40,43,75,47,42" hai1="32,118,77,135,93,121,126,64,97,125,87,71,85" hai2="116,99,109,84,66,65,44,134,92,45,76,0,68" hai3=""/><T133/><D35/><U115/><N who="1" m="31008" /><U53/><E32/><V50/><F0/><T110/><D75/><U130/><E118/><V80/><F116/><T51/><D114/><U107/><E115/><V54/><F109/><T86/><D110/><U129/><E53/><V128/><F128/><N who="1" m="49257" /><E64/><V122/><N who="2" m="31264" /><V62/><F66/><T81/><D133/><U90/><E71/><V52/><F134/><T78/><D124/><N who="1" m="47723" /><E135/><V73/><F73/><T79/><D79/><U41/><E41/><N who="0" m="15977" /><D39/><U72/><E107/><V63/><F63/><T89/><D78/><U36/><E36/><V37/><F37/><T59/><D51/><U58/><E58/><AGARI ba="0,0" hai="43,47,49,57,58,59,60,61,81,86,89" m="15977" machi="58" ten="30,1500,0" yaku="8,1" doraHai="67" who="0" fromWho="1" sc="265,15,469,-15,316,0,0,0" /><INIT seed="4,1,0,4,2,50" ten="280,454,316,0" oya="0" hai0="34,77,128,124,100,96,74,131,32,87,114,38,120" hai1="82,105,54,65,99,58,76,64,90,44,61,126,79" hai2="84,60,89,2,78,127,107,117,43,94,36,135,106" hai3=""/><T1/><N who="0" m="30752" /><T56/><D1/><U35/><E35/><V73/><F2/><T101/><D38/><U48/><E126/><V52/><F127/><T92/><D124/><U45/><E105/><V123/><N who="2" m="31520" /><V72/><F135/><T86/><D34/><U66/><E45/><V102/><F117/><T129/><D32/><U33/><E33/><V110/><F110/><T3/><D3/><U103/><E103/><V0/><F0/><T130/><N who="0" m="32768" /><DORA hai="71" /><T81/><D114/><U37/><E37/><V40/><F78/><N who="1" m="29737" /><E99/><V41/><F36/><T132/><D132/><U108/><E108/><V113/><F113/><T88/><D56/><U104/><E104/><V68/><F106/><T51/><D51/><U69/><E69/><V97/><REACH who="2" step="1"/><F68/><REACH who="2" ten="280,454,306,0" step="2"/><T98/><REACH who="0" step="1"/><D100/><REACH who="0" ten="270,454,306,0" step="2"/><U83/><E90/><V111/><F111/><T112/><D112/><U49/><E49/><V85/><F85/><T122/><N who="0" m="31264" /><T134/><D134/><U67/><AGARI ba="1,2" hai="44,48,54,58,61,64,65,66,67,82,83" m="29737" machi="67" ten="30,1500,0" yaku="8,1,52,1" doraHai="50,71" who="1" fromWho="1" sc="270,-11,454,37,306,-6,0,0" /><INIT seed="5,0,0,0,2,39" ten="259,491,300,0" oya="1" hai0="54,87,85,104,84,47,105,132,91,82,121,44,74" hai1="95,131,120,52,42,66,37,34,65,122,49,43,130" hai2="56,60,124,73,103,125,64,107,1,57,117,135,45" hai3=""/><U88/><N who="1" m="30752" /><U80/><N who="1" m="31264" /><U90/><E34/><V70/><F1/><T79/><N who="0" m="31008" /><T75/><D54/><U63/><E80/><V83/><F117/><T127/><D44/><U108/><E108/><V38/><F103/><T68/><D68/><U41/><E37/><V61/><F107/><N who="0" m="41034" /><D47/><U89/><E95/><V72/><F135/><T67/><D67/><U100/><E100/><V86/><F70/><T0/><D0/><U77/><E77/><V97/><F97/><T81/><D132/><U106/><E106/><V101/><F101/><T116/><D116/><U99/><E99/><V93/><F93/><T128/><D128/><N who="1" m="49195" /><E63/><V112/><F38/><T96/><D127/><U110/><E110/><V58/><F60/><T118/><D118/><U35/><E35/><V115/><F124/><T102/><D102/><U46/><AGARI ba="0,0" hai="41,42,43,46,49,52,65,66,88,89,90" m="49195,31264,30752" machi="46" ten="40,16000,3" yaku="19,1,52,5,54,2" doraHai="39" who="1" fromWho="1" sc="259,-80,491,160,300,-80,0,0" /><INIT seed="5,1,0,3,3,52" ten="179,651,220,0" oya="1" hai0="99,91,125,1,112,46,86,123,53,51,124,87,43" hai1="103,133,74,119,35,89,55,70,96,95,59,62,45" hai2="120,67,34,56,60,88,63,115,73,107,109,77,114" hai3=""/><U72/><E35/><V135/><N who="2" m="30752" /><V69/><F109/><T132/><N who="0" m="31520" /><T102/><D1/><U39/><E119/><V126/><F34/><T2/><D2/><U117/><E117/><V93/><F107/><T108/><D108/><U80/><E133/><V78/><F135/><T75/><D75/><U129/><E129/><V127/><F73/><T101/><D132/><U130/><E130/><V106/><F106/><T121/><N who="0" m="31008" /><T66/><D66/><U3/><E3/><V116/><F116/><T83/><D112/><N who="2" m="43050" /><F63/><T85/><D101/><U113/><E113/><V131/><F69/><T49/><D102/><U40/><E70/><V47/><F47/><T50/><D99/><U76/><E103/><V71/><F71/><T61/><D61/><U37/><E74/><V42/><F42/><T97/><D97/><U92/><E45/><V110/><F110/><T79/><D79/><N who="2" m="30218" /><F131/><T84/><REACH who="0" step="1"/><D53/><REACH who="0" ten="169,651,220,0" step="2"/><U81/><E40/><V44/><F44/><T134/><D134/><U122/><N who="1" m="31264" /><U54/><E54/><V90/><F90/><T104/><D104/><U36/><E96/><AGARI ba="1,1" hai="56,60,67,88,93,96,126,127" m="30218,43050,30752" machi="96" ten="30,8000,1" yaku="15,1,11,1,52,2,54,1" doraHai="52" who="2" fromWho="1" sc="169,0,651,-82,220,92,0,0" /><INIT seed="6,0,0,2,2,50" ten="169,569,312,0" oya="2" hai0="131,49,114,44,134,37,68,55,106,38,51,45,52" hai1="104,69,3,65,98,133,109,36,48,126,110,53,93" hai2="130,54,96,115,117,101,123,43,40,112,0,92,99" hai3=""/><V35/><N who="2" m="31520" /><V61/><F35/><T100/><D100/><U46/><E3/><V102/><F0/><T75/><D75/><U78/><E104/><V34/><F34/><T111/><D106/><U59/><E78/><V39/><F117/><T58/><D111/><U113/><E113/><N who="2" m="43595" /><F39/><N who="0" m="14858" /><D114/><U90/><E133/><V124/><F124/><T73/><D73/><U132/><E126/><V128/><F43/><T42/><D134/><U76/><E76/><V105/><F40/><T62/><D131/><U85/><E132/><V32/><F32/><T81/><D81/><U88/><E36/><V70/><F70/><AGARI ba="0,0" hai="42,44,45,49,51,52,55,58,62,68,70" m="14858" machi="70" ten="30,16000,3" yaku="35,5,52,2,54,1" doraHai="50" who="0" fromWho="2" sc="169,160,569,0,312,-160,0,0" owari="329,-7.0,569,52.0,152,-45.0,0,0.0" /></mjloggm>