<mjloggm ver="2.3"><GO type="225" lobby="0"/><UN n0="%E5%BE%80%E5%B9%B4%E3%81%AE%E3%82%B4%E3%83%AA%E3%83%A9" n1="%E3%81%B7%E3%82%8B%E3%81%B7%E3%82%8B%E3%81%A0%E3%81%9E" n2="%E5%A4%A7%E5%AE%AE%E5%BF%8D%76" n3="%E5%AE%89%E8%97%A4%E3%82%AB%E3%82%B1%E3%83%AB" dan="16,16,17,16" rate="2090.06,2086.86,2208.60,2056.39" sx="M,M,M,M"/><TAIKYOKU oya="0"/><INIT seed="0,0,0,3,5,130" ten="250,250,250,250" oya="0" hai0="85,52,84,118,44,5,17,57,116,90,91,42,68" hai1="96,103,2,18,23,43,67,95,9,6,49,123,133" hai2="59,54,53,106,36,27,7,135,3,101,97,94,98" hai3="4,20,56,26,40,37,39,89,83,50,122,58,16"/><T41/><D68/><U76/><E123/><V10/><F36/><W105/><G105/><T38/><D42/><U71/><E76/><V12/><F54/><W134/><G122/><T109/><D109/><U100/><E71/><V60/><F27/><W64/><G4/><T113/><D113/><U126/><E67/><V66/><F66/><W93/><G83/><T30/><D30/><U61/><E61/><V29/><F29/><W124/><G124/><T86/><D5/><U21/><E126/><V117/><F117/><W77/><G77/><T19/><D116/><U111/><E100/><V92/><F135/><W65/><G134/><T119/><D119/><U102/><E102/><V99/><F106/><W87/><G64/><T22/><D118/><U81/><E81/><V72/><F72/><W120/><G120/><T32/><D32/><U25/><E21/><V24/><F24/><W115/><G115/><T62/><REACH who="0" step="1"/><D17/><REACH who="0" ten="240,250,250,250" step="2"/><U8/><E111/><V33/><F33/><W55/><G40/><T63/><D63/><U34/><E34/><V125/><F125/><W14/><G26/><AGARI ba="0,1" hai="19,22,26,38,41,44,52,57,62,84,85,86,90,91" machi="26" ten="40,3900,0" yaku="1,1,54,1,53,0" doraHai="130" doraHaiUra="121" who="0" fromWho="3" sc="240,49,250,0,250,0,250,-39" /><INIT seed="0,1,0,0,2,68" ten="289,250,250,211" oya="0" hai0="16,123,0,49,94,134,69,124,90,1,81,27,66" hai1="32,104,97,50,111,128,5,13,79,75,129,45,135" hai2="46,58,110,38,96,76,70,61,133,86,99,83,67" hai3="74,53,60,131,29,48,122,64,71,82,88,127,77"/><T101/><D123/><U106/><E32/><V73/><F110/><W40/><G122/><T98/><D134/><U39/><E111/><V55/><F133/><W121/><G121/><T31/><D124/><U26/><E135/><V85/><F85/><W126/><G131/><T11/><D69/><U12/><E26/><V19/><F19/><W107/><G107/><N who="1" m="41002" /><E97/><V18/><F18/><W116/><G116/><T103/><D66/><U80/><E5/><V25/><F25/><W118/><G118/><T4/><D0/><U37/><E12/><V47/><F86/><W113/><G113/><T84/><D49/><U17/><E17/><V105/><F105/><W102/><G29/><T43/><D43/><N who="1" m="24895" /><E13/><V117/><F47/><W24/><G102/><T44/><D44/><U62/><E62/><V89/><F89/><W72/><G24/><T41/><D41/><U23/><E23/><V109/><F109/><W91/><G40/><T7/><D7/><U42/><E42/><N who="2" m="22871" /><F117/><W120/><G120/><T35/><REACH who="0" step="1"/><D16/><REACH who="0" ten="279,250,250,211" step="2"/><U33/><E129/><V63/><F63/><W20/><G60/><T22/><D22/><U132/><E33/><V54/><F54/><W93/><G53/><T34/><D34/><U10/><E132/><V3/><F3/><W57/><G20/><T65/><D65/><U9/><E128/><V125/><F125/><W112/><G64/><T51/><D51/><U52/><E52/><V100/><F55/><W28/><G127/><T8/><D8/><U36/><E10/><V108/><F108/><W56/><G126/><T78/><AGARI ba="1,1" hai="1,4,11,27,31,35,78,81,84,90,94,98,101,103" machi="78" ten="20,7800,0" yaku="1,1,0,1,7,1,53,1" doraHai="68" doraHaiUra="21" who="0" fromWho="0" sc="279,91,250,-27,250,-27,211,-27" /><INIT seed="0,2,0,5,4,57" ten="370,223,223,184" oya="0" hai0="5,29,92,25,130,40,115,51,33,59,45,84,13" hai1="61,44,23,6,31,35,129,1,42,101,105,102,116" hai2="109,36,99,70,132,119,41,54,77,94,22,28,125" hai3="4,124,38,111,114,93,20,86,121,15,120,52,49"/><T83/><D115/><U128/><E116/><V96/><F109/><W78/><G38/><T118/><D118/><U53/><E35/><V37/><F119/><W134/><G114/><T19/><D130/><U2/><E105/><V131/><F131/><N who="1" m="50249" /><E6/><V11/><F77/><W66/><G111/><T89/><D5/><U46/><E31/><V69/><F11/><W123/><G124/><T65/><D92/><U26/><E46/><V97/><F94/><W117/><G117/><T75/><D75/><U87/><E87/><V79/><F79/><W88/><G134/><T21/><D33/><U68/><E53/><V47/><F132/><W64/><G78/><T24/><D29/><N who="1" m="17631" /><E61/><AGARI ba="2,0" hai="13,19,21,24,25,40,45,51,59,61,65,83,84,89" machi="61" ten="40,3900,0" yaku="8,1,52,1" doraHai="57" who="0" fromWho="1" sc="370,45,223,-45,223,0,184,0" /><INIT seed="0,3,0,4,1,74" ten="415,178,223,184" oya="0" hai0="9,7,1,37,106,53,120,10,126,6,129,28,79" hai1="89,23,92,3,54,2,124,4,35,116,44,115,73" hai2="121,32,59,99,38,48,39,76,132,50,22,131,96" hai3="20,40,60,69,114,82,42,70,8,46,88,105,104"/><T24/><D106/><U36/><E116/><V130/><F121/><W34/><G34/><T18/><D37/><U77/><E124/><V85/><F32/><W110/><G114/><T65/><D65/><U12/><E35/><V118/><F22/><W102/><G110/><T109/><D120/><U135/><E115/><V97/><F132/><W108/><G108/><T11/><D53/><U111/><E111/><V57/><F118/><W107/><G42/><T31/><D79/><U103/><E103/><V0/><F0/><W41/><G41/><T119/><D119/><U80/><E135/><V87/><F99/><W30/><G102/><T45/><D45/><U112/><E112/><V51/><F51/><W98/><G60/><T81/><D81/><U15/><E15/><V94/><F94/><W56/><G56/><T43/><D43/><U27/><E36/><V86/><F86/><W21/><G8/><T71/><D71/><U29/><E44/><V90/><F90/><W49/><G20/><T113/><D113/><U68/><E68/><V134/><F134/><W64/><G64/><T33/><D109/><U61/><E54/><V16/><F16/><W84/><REACH who="3" step="1"/><G98/><REACH who="3" ten="415,178,223,174" step="2"/><T75/><D10/><U63/><E61/><V72/><F97/><W17/><G17/><T5/><D11/><N who="1" m="4199" /><E63/><V93/><F38/><W58/><G58/><T55/><D9/><U13/><E13/><V123/><F39/><W14/><G14/><T67/><D33/><U122/><E122/><V95/><F123/><W66/><G66/><T127/><D67/><U117/><E117/><V25/><F59/><RYUUKYOKU ba="3,1" sc="415,-15,178,15,223,-15,174,15" hai1="2,3,23,27,29,73,77,80,89,92" hai3="21,30,40,46,49,69,70,82,84,88,104,105,107" /><INIT seed="1,4,1,5,5,86" ten="400,193,208,189" oya="1" hai0="77,44,49,120,9,90,129,117,125,58,93,59,26" hai1="31,3,81,30,110,11,6,45,133,61,122,68,21" hai2="13,40,29,85,72,84,99,128,54,55,74,10,80" hai3="95,131,7,66,76,22,91,98,50,70,118,8,23"/><U119/><E122/><V19/><F128/><W52/><G131/><T63/><D129/><U111/><E119/><V37/><F29/><W33/><G33/><T57/><D117/><U32/><E32/><V124/><F124/><W5/><G118/><T104/><D104/><U130/><E130/><V132/><F132/><W53/><G76/><T41/><D125/><U46/><E133/><V100/><F85/><W24/><G5/><T28/><D77/><U38/><E81/><V107/><F40/><W65/><G70/><T73/><D73/><U20/><E38/><V35/><F35/><W27/><G23/><N who="1" m="8778" /><E61/><V12/><F37/><W62/><G62/><T15/><D63/><U115/><E68/><V87/><F87/><W94/><G94/><T51/><D51/><U121/><E121/><V64/><F64/><W127/><G127/><T103/><D120/><U102/><E102/><V71/><F71/><W113/><G113/><T48/><D48/><U34/><E34/><V39/><F39/><W18/><G27/><T82/><D103/><U97/><E97/><V60/><F60/><W56/><REACH who="3" step="1"/><G53/><REACH who="3" ten="400,193,208,179" step="2"/><T67/><BYE who="1" /><D93/><U17/><E17/><N who="2" m="8343" /><F54/><W114/><G114/><T135/><D135/><U2/><E2/><AGARI ba="4,2" hai="2,7,8,18,22,24,50,52,56,65,66,91,95,98" machi="2" ten="30,8000,1" yaku="1,1,7,1,52,1,54,1,53,1" doraHai="86" doraHaiUra="88" who="3" fromWho="1" sc="400,0,193,-92,208,0,179,112" /><INIT seed="2,0,0,4,0,41" ten="400,101,208,291" oya="2" hai0="56,120,75,28,59,55,57,77,107,126,123,29,90" hai1="83,116,3,49,88,10,54,113,99,44,12,97,122" hai2="109,15,133,134,127,43,24,95,82,91,60,17,25" hai3="5,106,84,72,65,21,58,1,130,36,2,132,45"/><V135/><F127/><W79/><G106/><T92/><D107/><U110/><E110/><V11/><F109/><W85/><G130/><T48/><D126/><UN n1="%E3%81%B7%E3%82%8B%E3%81%B7%E3%82%8B%E3%81%A0%E3%81%9E" /><U40/><E122/><V76/><F60/><W89/><G132/><T124/><D124/><U100/><E113/><V20/><F43/><W19/><G72/><T114/><D114/><U7/><E116/><V61/><F61/><W87/><G79/><T70/><D70/><U73/><E3/><V30/><F25/><W129/><G1/><T94/><D94/><U53/><E73/><V14/><F14/><W103/><G103/><T18/><D77/><U93/><REACH who="1" step="1"/><E83/><REACH who="1" ten="400,91,208,291" step="2"/><V131/><F131/><W47/><G2/><T63/><D75/><U27/><E27/><V111/><F111/><W0/><G0/><T16/><D123/><U125/><E125/><V78/><F82/><W9/><G129/><T104/><D120/><U105/><AGARI ba="0,1" hai="7,10,12,40,44,49,53,54,88,93,97,99,100,105" machi="105" ten="20,8000,1" yaku="1,1,0,1,7,1,52,1,54,1,53,0" doraHai="41" doraHaiUra="128" who="1" fromWho="1" sc="400,-20,91,90,208,-40,291,-20" /><INIT seed="3,0,0,3,2,45" ten="380,181,168,271" oya="3" hai0="22,41,85,20,49,94,79,65,83,126,111,10,52" hai1="30,114,48,72,67,91,11,102,92,36,123,110,135" hai2="56,121,128,90,77,54,35,42,119,74,120,84,5" hai3="70,46,34,28,51,117,127,53,3,99,93,31,19"/><W63/><G3/><T69/><D111/><U15/><E123/><N who="2" m="47179" /><F119/><W96/><G117/><T32/><D32/><U104/><E110/><V16/><F128/><W25/><G127/><T47/><D126/><U100/><E135/><V43/><F5/><W132/><G132/><T44/><D69/><U9/><E114/><V58/><F35/><W55/><G31/><T61/><D94/><U37/><E104/><V122/><N who="2" m="47187" /><V108/><DORA hai="109" /><F108/><W38/><BYE who="1" /><G38/><T33/><D33/><U21/><E21/><V0/><F0/><W130/><G130/><T29/><D10/><U68/><E68/><V50/><F58/><W57/><G70/><UN n1="%E3%81%B7%E3%82%8B%E3%81%B7%E3%82%8B%E3%81%A0%E3%81%9E" /><T78/><D78/><U133/><E133/><V125/><F125/><W113/><G113/><T1/><D1/><U129/><E129/><V98/><BYE who="1" /><F98/><W13/><REACH who="3" step="1"/><G93/><REACH who="3" ten="380,181,168,261" step="2"/><T73/><D29/><U23/><E23/><AGARI ba="0,1" hai="13,19,23,25,28,34,46,51,53,55,57,63,96,99" machi="23" ten="30,11600,0" yaku="1,1,2,1,7,1,52,1,53,0" doraHai="45,109" doraHaiUra="124,112" who="3" fromWho="1" sc="380,0,181,-116,168,0,261,126" owari="380,18.0,65,-43.0,168,-23.0,387,48.0" /></mjloggm>