<mjloggm ver="2.3"><GO type="169" lobby="0"/><UN n0="%E3%81%84%E3%81%84%E3%81%9E" n1="%E3%83%9D%E3%83%B3%E3%83%89%E3%83%AB" n2="%E7%94%B0%E6%89%80%E3%81%8D%E3%82%89%E3%81%84" n3="%64%75%72%72%72%72%72" dan="16,16,17,18" rate="2134.08,2051.18,2133.95,2242.56" sx="M,M,F,M"/><TAIKYOKU oya="0"/><INIT seed="0,0,0,3,4,80" ten="250,250,250,250" oya="0" hai0="92,57,60,131,135,43,108,11,104,42,95,134,10" hai1="49,102,84,2,73,53,91,17,32,118,93,89,41" hai2="107,85,96,87,114,97,50,119,52,124,14,77,19" hai3="126,130,79,83,94,81,36,106,55,70,38,101,90"/><T127/><D104/><U47/><E32/><V33/><F33/><W86/><G70/><T18/><D127/><U120/><E2/><V125/><F114/><W54/><G126/><N who="2" m="48745" /><F77/><W1/><G1/><T112/><D112/><U3/><E3/><V88/><F119/><W48/><G83/><T72/><D72/><U109/><E120/><V113/><F113/><W67/><G67/><T7/><D18/><U28/><E28/><V75/><F75/><N who="3" m="43263" /><G130/><T27/><D27/><U71/><E118/><V123/><F123/><W62/><G62/><T98/><D131/><U64/><E73/><V103/><F88/><N who="3" m="53527" /><G54/><T129/><D129/><U59/><E71/><V121/><F97/><N who="3" m="61743" /><G90/><T105/><D60/><U51/><E64/><V100/><F100/><W74/><G74/><T117/><D117/><U24/><E91/><V5/><F5/><W45/><AGARI ba="0,0" hai="36,38,45,48,55" m="61743,53527,43263" machi="45" ten="30,4000,0" yaku="24,1,52,1,54,1" doraHai="80" who="3" fromWho="3" sc="250,-20,250,-10,250,-10,250,40" /><INIT seed="1,0,0,3,3,103" ten="230,240,240,290" oya="1" hai0="96,31,63,35,14,42,110,85,58,49,117,13,9" hai1="46,41,16,29,75,5,54,59,68,70,113,4,30" hai2="124,3,88,102,33,74,121,95,67,79,80,126,8" hai3="106,130,27,77,0,78,128,72,62,101,114,69,47"/><U93/><E75/><V116/><F33/><W1/><G114/><T87/><D117/><U32/><E113/><V44/><F102/><W38/><G27/><T98/><D110/><U24/><E30/><V12/><F3/><W76/><G72/><T119/><D31/><U99/><E68/><V90/><F116/><W120/><G120/><T112/><D35/><U39/><E70/><V65/><F44/><W57/><G69/><T66/><D14/><U25/><E25/><V84/><F121/><W125/><G125/><N who="2" m="48233" /><F90/><W61/><G47/><N who="0" m="25847" /><D119/><U94/><E16/><AGARI ba="0,0" hai="8,12,16,65,67,74,79,80,84,88,95" m="48233" machi="16" ten="30,3900,0" yaku="18,1,54,2" doraHai="103" who="2" fromWho="1" sc="230,0,240,-39,240,39,290,0" /><INIT seed="2,0,0,0,3,9" ten="230,201,279,290" oya="2" hai0="115,79,100,30,39,55,108,128,14,99,94,101,10" hai1="61,2,64,66,1,32,75,56,102,104,53,107,45" hai2="60,90,34,35,50,29,88,96,132,21,69,59,111" hai3="27,70,116,46,28,12,135,49,124,62,98,127,68"/><V89/><F69/><W77/><G116/><T47/><D115/><U4/><E75/><V58/><F132/><W19/><G77/><T13/><D108/><U8/><E1/><V57/><F60/><W81/><G81/><T24/><D128/><U48/><E32/><V42/><F111/><W123/><G123/><T109/><D109/><U84/><E66/><V11/><F96/><W37/><G37/><T51/><D79/><U103/><REACH who="1" step="1"/><E84/><REACH who="1" ten="230,191,279,290" step="2"/><V6/><F35/><N who="3" m="20895" /><G135/><T113/><D113/><U126/><E126/><V133/><F34/><W129/><G129/><T63/><D39/><U114/><E114/><V22/><F133/><W44/><G124/><T73/><D73/><U121/><E121/><V125/><F125/><W40/><G127/><T130/><D130/><U23/><E23/><V41/><F29/><W17/><G70/><T74/><D74/><U43/><E43/><V97/><F97/><W38/><G68/><T78/><D10/><U122/><E122/><V87/><F87/><W120/><G98/><T33/><D78/><U52/><E52/><N who="2" m="31895" /><F22/><W85/><G85/><T3/><D3/><U31/><E31/><V67/><F21/><W82/><G120/><T110/><D110/><U15/><E15/><N who="2" m="5623" /><F67/><W18/><G12/><T83/><D100/><AGARI ba="0,1" hai="2,4,8,45,48,53,56,61,64,100,102,103,104,107" machi="100" ten="40,1300,0" yaku="1,1,53,0" doraHai="9" doraHaiUra="16" who="1" fromWho="0" sc="230,-13,191,23,279,0,290,0" /><INIT seed="3,0,0,3,5,128" ten="217,214,279,290" oya="3" hai0="109,107,25,113,108,89,32,61,28,31,134,106,60" hai1="90,43,91,126,9,49,92,40,79,118,86,95,39" hai2="84,38,110,78,77,112,50,21,111,45,4,124,70" hai3="55,68,46,36,41,51,120,11,35,8,133,3,127"/><W129/><G120/><T69/><D89/><U80/><E39/><V54/><F70/><W19/><G35/><T62/><D113/><U13/><E118/><V66/><F66/><W0/><G129/><T87/><D87/><U23/><E23/><V59/><F112/><W48/><G127/><T1/><D1/><U24/><E24/><V117/><F117/><W2/><G68/><T26/><D69/><U5/><E126/><V7/><F21/><W56/><G133/><T122/><D122/><U29/><E29/><V15/><F124/><W73/><G73/><T132/><D61/><U74/><REACH who="1" step="1"/><E49/><REACH who="1" ten="217,204,279,290" step="2"/><V100/><F50/><W131/><G131/><T42/><D42/><U102/><E102/><V6/><F100/><W97/><G36/><T81/><D81/><U75/><E75/><V33/><F38/><W30/><G30/><T14/><D14/><U104/><E104/><V93/><F15/><W99/><G11/><T83/><D83/><U67/><E67/><V98/><F33/><AGARI ba="0,1" hai="25,26,28,31,32,33,60,62,106,107,108,109,132,134" machi="33" ten="25,6400,0" yaku="22,2,52,2" doraHai="128" who="0" fromWho="2" sc="217,74,204,0,279,-64,290,0" /><INIT seed="4,0,0,0,2,79" ten="291,204,215,290" oya="0" hai0="40,29,134,74,76,105,14,115,16,62,48,34,119" hai1="4,3,57,46,52,53,66,35,94,78,122,7,51" hai2="21,13,0,44,67,43,33,117,17,130,129,10,82" hai3="126,98,112,102,128,80,30,47,111,73,114,56,91"/><T133/><D119/><U63/><E35/><V6/><F67/><W37/><G30/><T68/><D105/><U18/><E122/><V39/><F117/><W85/><G56/><T135/><D115/><N who="3" m="44073" /><G47/><N who="0" m="25703" /><D62/><U109/><E109/><V8/><F33/><W96/><G37/><T64/><D64/><U93/><E18/><V23/><REACH who="2" step="1"/><F82/><REACH who="2" ten="291,204,205,290" step="2"/><W50/><G80/><N who="0" m="45079" /><D68/><U22/><E66/><V1/><F1/><W60/><G111/><T127/><D127/><U110/><E110/><V32/><F32/><W49/><G126/><T54/><D34/><U121/><E3/><V87/><F87/><W69/><G85/><T77/><D77/><U92/><E121/><V12/><F12/><W125/><G125/><T84/><D84/><U24/><E78/><V27/><F27/><W38/><G69/><T88/><D14/><U72/><E72/><V42/><F42/><W108/><G108/><T89/><D54/><U103/><E103/><V120/><F120/><W100/><G73/><T71/><D71/><U59/><E24/><V41/><F41/><W113/><G102/><T97/><D133/><U58/><E22/><AGARI ba="0,1" hai="0,6,8,10,13,17,21,22,23,39,43,44,129,130" machi="22" ten="40,5200,0" yaku="1,1,53,2" doraHai="79" doraHaiUra="5" who="2" fromWho="1" sc="291,0,204,-52,205,62,290,0" /><INIT seed="5,0,0,0,1,26" ten="291,152,267,290" oya="1" hai0="115,101,13,53,28,70,81,40,23,126,129,61,123" hai1="128,105,32,97,50,24,2,34,91,95,86,83,27" hai2="10,60,48,92,75,112,25,90,18,58,119,71,94" hai3="37,131,16,69,52,41,47,66,45,116,9,132,113"/><U108/><E2/><V87/><F75/><W57/><G47/><T85/><D115/><U59/><E128/><V21/><F71/><W107/><G107/><T22/><D129/><U19/><E108/><V127/><F127/><W98/><G98/><T102/><D126/><U30/><E105/><V44/><F119/><W103/><G103/><T114/><D114/><U82/><E50/><V0/><F0/><W15/><G131/><T122/><D40/><U31/><E59/><V79/><F79/><W130/><G130/><T14/><D23/><U7/><E7/><V78/><F78/><W111/><G113/><T93/><D93/><U39/><E39/><V63/><F112/><W77/><G77/><T135/><D135/><U64/><E64/><V51/><F10/><W3/><G3/><T38/><D38/><U89/><E19/><V109/><F109/><W17/><G111/><T42/><D42/><U43/><E43/><V100/><F44/><W104/><G104/><T62/><D62/><U120/><E120/><V36/><F36/><W67/><G116/><T65/><D53/><U73/><E73/><V56/><F56/><W76/><G76/><T12/><D123/><U134/><E134/><V133/><F133/><W54/><G132/><T72/><D72/><U74/><E74/><V5/><F5/><N who="3" m="3503" /><G69/><T110/><D110/><U11/><E11/><V29/><F18/><N who="3" m="7275" /><G57/><T80/><D122/><U118/><E118/><V6/><F6/><W68/><G68/><T125/><D125/><U46/><E46/><V35/><F58/><W99/><G99/><T106/><D70/><RYUUKYOKU ba="0,0" sc="291,-15,152,15,267,-15,290,15" hai1="24,27,30,31,32,34,82,83,86,89,91,95,97" hai3="37,41,45,52,54,66,67" /><INIT seed="5,1,0,1,3,72" ten="276,167,252,305" oya="1" hai0="90,99,49,128,10,66,129,100,28,22,12,87,74" hai1="48,94,84,9,30,130,134,73,60,37,120,127,16" hai2="85,5,36,107,80,76,39,110,95,104,83,89,26" hai3="46,61,131,105,67,59,27,98,101,82,33,14,20"/><U103/><E120/><V71/><F110/><W57/><G131/><N who="0" m="50251" /><D74/><U7/><E37/><V25/><F71/><W97/><G97/><T108/><D66/><U114/><E73/><V111/><F111/><W40/><G14/><T64/><D64/><U123/><E130/><V45/><F5/><W121/><G82/><T24/><D49/><U69/><E123/><V106/><F83/><W81/><G81/><N who="0" m="49519" /><D108/><U19/><E127/><V29/><F45/><W32/><G57/><T43/><D43/><U113/><E69/><V132/><F132/><W42/><G42/><T63/><D63/><U68/><E68/><V6/><F6/><W135/><G135/><T78/><D78/><U53/><E60/><V44/><F44/><W79/><G79/><T77/><D77/><U1/><E30/><V117/><F117/><W93/><G105/><N who="0" m="63647" /><D12/><U102/><E134/><V116/><F116/><W125/><G125/><T122/><D10/><U75/><E75/><V126/><F126/><W62/><G62/><T2/><D122/><U70/><E70/><V96/><REACH who="2" step="1"/><F26/><REACH who="2" ten="276,167,242,305" step="2"/><W124/><G124/><T56/><D56/><N who="1" m="32807" /><E19/><V58/><F58/><W47/><G121/><T34/><D2/><U55/><E16/><V17/><F17/><W50/><G47/><T92/><D24/><U13/><E1/><V18/><F18/><AGARI ba="1,1" hai="18,20,27,32,33,40,46,50,59,61,67,93,98,101" machi="18" ten="30,1000,0" yaku="7,1" doraHai="72" who="3" fromWho="2" sc="276,0,167,0,242,-13,305,23" /><INIT seed="6,0,0,3,2,110" ten="276,167,229,328" oya="2" hai0="108,9,41,67,13,34,116,18,38,55,43,111,85" hai1="92,10,1,11,74,135,0,126,63,25,57,131,121" hai2="113,88,120,128,62,6,123,89,40,73,42,12,129" hai3="91,72,97,106,102,103,52,23,76,127,33,130,49"/><V26/><F73/><W58/><G33/><T114/><D34/><U94/><E74/><V66/><F26/><W117/><G117/><T83/><D116/><U80/><E126/><V122/><F12/><W36/><G36/><T21/><D67/><U29/><E135/><V133/><F6/><W84/><G127/><T4/><D38/><U3/><E131/><N who="2" m="50251" /><F133/><W95/><G130/><T104/><D104/><U134/><E121/><V24/><F24/><W56/><G102/><T27/><D114/><U30/><E134/><V60/><F113/><W51/><G23/><T7/><D7/><U16/><E80/><V100/><F100/><W53/><G72/><T125/><D125/><U90/><E92/><V64/><F88/><W82/><REACH who="3" step="1"/><G76/><REACH who="3" ten="276,167,229,318" step="2"/><T45/><D108/><U22/><E30/><V37/><F37/><W78/><G78/><N who="0" m="46327" /><D111/><U70/><E29/><V15/><F89/><W77/><G77/><T44/><D21/><U75/><E75/><V93/><F120/><W31/><G31/><T79/><D79/><U65/><REACH who="1" step="1"/><E70/><REACH who="1" ten="276,157,229,318" step="2"/><V47/><F122/><W101/><G101/><T61/><D27/><U35/><E35/><V115/><F123/><W2/><G2/><T59/><D9/><U32/><E32/><V87/><F115/><W119/><G119/><T17/><D4/><U68/><E68/><V46/><F93/><AGARI ba="0,2" hai="49,51,52,53,56,58,82,84,91,93,95,97,103,106" machi="93" ten="40,8000,1" yaku="1,1,9,1,54,1,53,1" doraHai="110" doraHaiUra="96" who="3" fromWho="2" sc="276,0,157,0,229,-80,318,100" /><INIT seed="7,0,0,3,3,53" ten="276,157,149,418" oya="3" hai0="105,108,40,101,25,76,100,34,127,83,71,23,57" hai1="10,4,107,7,41,85,0,80,22,84,121,62,29" hai2="58,50,65,64,43,92,74,117,118,20,102,99,96" hai3="122,42,95,35,48,91,116,82,72,125,135,129,115"/><W110/><RYUUKYOKU type="yao9" ba="0,0" sc="276,0,157,0,149,0,418,0" hai3="35,42,48,72,82,91,95,110,115,116,122,125,129,135" /><INIT seed="7,1,0,3,0,10" ten="276,157,149,418" oya="3" hai0="9,17,83,74,41,120,80,91,103,133,11,79,57" hai1="100,51,117,126,122,59,78,129,73,108,118,68,82" hai2="21,81,97,86,20,32,24,111,119,92,131,31,23" hai3="65,54,116,37,33,28,134,135,69,114,45,75,70"/><W56/><G75/><T127/><D120/><U89/><E108/><V48/><F119/><N who="1" m="45577" /><E122/><V121/><F121/><W62/><G116/><T16/><D103/><U64/><E129/><V90/><F111/><W104/><G104/><T99/><D41/><U8/><E126/><V27/><F131/><W46/><G114/><T50/><D133/><N who="3" m="50697" /><G37/><T107/><D107/><U13/><E100/><V124/><F124/><W42/><G42/><T30/><D30/><U106/><E106/><V132/><F132/><W29/><G70/><T63/><D50/><U19/><E89/><V84/><F84/><W60/><G33/><T58/><D99/><U113/><E113/><V47/><F27/><W44/><AGARI ba="1,0" hai="28,29,44,45,46,54,56,60,62,65,69" m="50697" machi="44" ten="30,1500,0" yaku="20,1" doraHai="10" who="3" fromWho="3" sc="276,-6,157,-6,149,-6,418,18" owari="270,7.0,151,-25.0,143,-36.0,436,54.0" /></mjloggm>