<mjloggm ver="2.3"><GO type="169" lobby="0"/><UN n0="%E7%89%8C%E6%B5%81%E5%AE%9A%E7%9F%B3%E6%9C%80%E9%AB%98" n1="%E2%80%A0%E6%B0%B4%E9%8A%80%E7%87%88%E2%80%A0" n2="%E7%83%8F%E8%B3%8A%E4%B9%8B%E8%BC%94" n3="%E8%A5%BF%E5%B2%A1%E8%82%B2%E6%9C%AA%E2%99%AA" dan="16,16,17,16" rate="2122.67,2156.48,2216.08,2085.40" sx="M,F,M,F"/><TAIKYOKU oya="0"/><INIT seed="0,0,0,0,0,71" ten="250,250,250,250" oya="0" hai0="126,77,89,57,96,67,120,22,72,80,110,82,12" hai1="122,8,54,65,51,28,68,131,5,3,48,62,132" hai2="64,92,25,97,109,125,128,124,55,20,105,38,56" hai3="111,86,133,34,108,127,46,134,93,6,61,44,85"/><T11/><D120/><U112/><E122/><V29/><F105/><W40/><G34/><T7/><D126/><N who="2" m="48746" /><F109/><N who="3" m="42059" /><G127/><T13/><D110/><U35/><E131/><V91/><F64/><W49/><G6/><T129/><D129/><U135/><E112/><V4/><F4/><W75/><G75/><T95/><D82/><U74/><E74/><V103/><F128/><W37/><G61/><T58/><REACH who="0" step="1"/><D67/><REACH who="0" ten="240,250,250,250" step="2"/><U107/><E65/><V10/><F103/><W43/><G93/><T113/><D113/><U78/><E107/><V14/><F92/><W104/><G104/><T117/><D117/><U88/><E132/><AGARI ba="0,1" hai="37,40,43,44,46,49,85,86,132,133,134" m="42059" machi="132" ten="30,3900,0" yaku="20,1,14,1,52,1" doraHai="71" who="3" fromWho="1" sc="240,0,250,-39,250,0,250,49" /><INIT seed="1,0,0,1,2,119" ten="240,211,250,299" oya="1" hai0="5,66,114,134,41,32,21,68,60,8,105,82,2" hai1="78,123,6,112,76,113,132,65,45,47,26,84,117" hai2="100,86,98,17,38,10,103,121,53,79,131,88,93" hai3="34,42,18,22,37,90,46,74,115,40,111,85,30"/><U63/><E117/><V73/><F38/><W11/><G74/><T13/><D114/><U80/><E132/><V36/><F36/><W44/><G115/><T23/><D134/><U116/><E116/><V25/><F131/><W70/><G70/><T126/><D126/><U109/><E109/><V91/><F121/><W125/><G125/><T51/><D105/><U0/><E78/><V58/><F73/><W59/><G34/><T4/><D32/><U95/><E112/><V7/><F79/><W61/><G30/><T87/><D4/><U71/><E113/><V27/><F7/><W55/><G11/><T110/><D2/><U107/><E107/><V20/><F10/><W96/><G96/><T56/><D110/><U118/><E6/><V128/><F27/><N who="3" m="14807" /><G37/><T129/><D129/><U16/><E0/><V72/><F72/><W35/><G35/><T28/><D28/><U75/><E123/><V50/><REACH who="2" step="1"/><F128/><REACH who="2" ten="240,211,240,299" step="2"/><W43/><G111/><T67/><D5/><U14/><E118/><V127/><F127/><W106/><G106/><T57/><D8/><U39/><E26/><V33/><F33/><W3/><G3/><T48/><D13/><U99/><E39/><V64/><F64/><W97/><G97/><T101/><D67/><U49/><E75/><V52/><F52/><W1/><G1/><T108/><D108/><U135/><E135/><V12/><F12/><W81/><AGARI ba="0,1" hai="40,42,43,44,46,55,59,61,81,85,90" m="14807" machi="81" ten="30,1100,0" yaku="8,1" doraHai="119" who="3" fromWho="3" sc="240,-3,211,-5,240,-3,299,21" /><INIT seed="2,0,0,4,0,40" ten="237,206,237,320" oya="2" hai0="93,61,76,129,29,34,112,122,69,5,43,117,127" hai1="97,128,135,62,92,9,115,51,31,48,54,25,57" hai2="98,50,86,104,7,133,94,44,84,15,75,2,32" hai3="82,68,35,6,121,81,110,55,132,21,106,36,56"/><V109/><F75/><W11/><G35/><T12/><D76/><U125/><E115/><V63/><F2/><W113/><G68/><T95/><D43/><U66/><E128/><V114/><F114/><W0/><G121/><T17/><D93/><U87/><E135/><V4/><F32/><W119/><G36/><T19/><D61/><U16/><E125/><V60/><F104/><W88/><G119/><T49/><D49/><U120/><E87/><N who="2" m="33323" /><F133/><W23/><G106/><T74/><D95/><U107/><E107/><V42/><F109/><W53/><G132/><T108/><D69/><U18/><E120/><V10/><F7/><W58/><G113/><T1/><D74/><U85/><E85/><V8/><F8/><W30/><G82/><T100/><D1/><U28/><E9/><V27/><F27/><W130/><G130/><T123/><D5/><U99/><E99/><V72/><F72/><W101/><G110/><T64/><D108/><U111/><E111/><V22/><F22/><W102/><G21/><T118/><D34/><U116/><E116/><V73/><F73/><W45/><G11/><T105/><D112/><U79/><E79/><V33/><F33/><W134/><G6/><T3/><D123/><U131/><E131/><V14/><F14/><W71/><G0/><T90/><D118/><U78/><E78/><V67/><F67/><W39/><G23/><T41/><D129/><U70/><E25/><V77/><F77/><W26/><G26/><T59/><D117/><U124/><E70/><V91/><AGARI ba="0,0" hai="4,10,15,42,44,50,60,63,91,94,98" m="33323" machi="91" ten="30,3000,0" yaku="8,1,52,1" doraHai="40" who="2" fromWho="2" sc="237,-10,206,-10,237,30,320,-10" /><INIT seed="2,1,0,0,0,128" ten="227,196,267,310" oya="2" hai0="7,80,110,89,12,103,26,23,65,17,42,86,59" hai1="20,126,106,75,115,101,82,66,35,74,32,68,47" hai2="3,134,63,41,96,76,4,56,28,43,135,33,13" hai3="114,100,104,93,8,9,122,99,79,98,69,0,91"/><V31/><F3/><W57/><G69/><T85/><D110/><U16/><E115/><V15/><F76/><W120/><G114/><T19/><D103/><U18/><E126/><V133/><F33/><W108/><G108/><T45/><D7/><U54/><E68/><V53/><F15/><W112/><G112/><T61/><D86/><U40/><E66/><V2/><F2/><W105/><G79/><T37/><REACH who="0" step="1"/><D12/><REACH who="0" ten="217,196,267,310" step="2"/><U73/><E101/><V64/><F4/><W130/><G0/><T127/><D127/><U107/><E75/><V24/><F13/><W83/><G130/><T49/><D49/><U34/><E74/><V46/><F96/><W39/><G39/><T90/><D90/><U97/><E97/><V109/><F109/><W71/><G100/><T113/><D113/><U88/><E73/><V72/><F72/><W58/><G91/><T123/><D123/><U5/><E5/><V81/><F81/><W70/><G83/><T60/><D60/><U44/><E88/><V14/><F14/><W78/><G78/><T10/><D10/><U51/><E82/><V84/><F84/><W111/><G111/><T21/><D21/><U94/><E20/><N who="2" m="15367" /><F31/><AGARI ba="1,1" hai="17,19,23,26,31,37,42,45,59,61,65,80,85,89" machi="31" ten="30,2000,0" yaku="1,1,7,1,53,0" doraHai="128" doraHaiUra="118" who="0" fromWho="2" sc="217,33,196,0,267,-23,310,0" /><INIT seed="3,0,0,0,2,47" ten="250,196,244,310" oya="3" hai0="123,64,97,38,36,82,34,59,25,1,79,135,89" hai1="85,13,108,43,24,98,26,72,69,76,60,122,65" hai2="91,58,96,15,27,5,120,134,29,127,50,49,84" hai3="21,46,117,132,77,51,28,68,80,32,104,81,74"/><W61/><G117/><T66/><D1/><U87/><E122/><V40/><F120/><W125/><G104/><T112/><D135/><U18/><E108/><V4/><F134/><W73/><G132/><T116/><D116/><U54/><E43/><V86/><F127/><W2/><G2/><T110/><D110/><U0/><E0/><V22/><F40/><W16/><G125/><T14/><D112/><U126/><E126/><V107/><F107/><W94/><G32/><T111/><D111/><U42/><E42/><V57/><F96/><W114/><G28/><T102/><D89/><U67/><E67/><V23/><F91/><W41/><G114/><T53/><D14/><U7/><E7/><V30/><F15/><W119/><G119/><T128/><D66/><U130/><E98/><V19/><F19/><W124/><G94/><T56/><D64/><U90/><E72/><N who="3" m="27754" /><G77/><T101/><D123/><U70/><E70/><V95/><F95/><W35/><G35/><T55/><D38/><U71/><E71/><V103/><REACH who="2" step="1"/><F27/><REACH who="2" ten="250,196,234,310" step="2"/><N who="3" m="14759" /><G124/><T99/><D25/><U63/><E24/><V11/><F11/><W100/><G100/><AGARI ba="0,1" hai="4,5,22,23,29,30,49,50,57,58,84,86,100,103" machi="100" ten="25,12000,2" yaku="1,1,22,2,8,1,52,2,53,0" doraHai="47" doraHaiUra="33" who="2" fromWho="3" sc="250,0,196,0,234,130,310,-120" /><INIT seed="4,0,0,0,5,34" ten="250,196,364,190" oya="0" hai0="35,132,109,135,19,84,110,57,133,103,89,105,45" hai1="78,108,75,102,15,7,1,42,66,112,128,129,127" hai2="115,100,2,91,92,125,79,33,72,23,106,67,9" hai3="63,26,86,0,56,117,134,61,54,24,44,90,8"/><T16/><D35/><U28/><E108/><N who="0" m="41577" /><D57/><U114/><E42/><V4/><F33/><W58/><G117/><T20/><D45/><U60/><E102/><V69/><F106/><W31/><G134/><T11/><D11/><U43/><E43/><V64/><F100/><W53/><G44/><T104/><D103/><U83/><E127/><V97/><F125/><W130/><G130/><N who="1" m="50282" /><E15/><V118/><F118/><W47/><G47/><T123/><D123/><U80/><E28/><V40/><F40/><W113/><G113/><N who="1" m="43626" /><E83/><V27/><F115/><W77/><G77/><T124/><D124/><U88/><E88/><V82/><F69/><W76/><G76/><T51/><D105/><U95/><E95/><V13/><F13/><W36/><G36/><T122/><D104/><U22/><E22/><V49/><F23/><W73/><G31/><T39/><D39/><U74/><E74/><V70/><F70/><W116/><G73/><T71/><D71/><N who="1" m="42439" /><E7/><V62/><F4/><W6/><G116/><T46/><D20/><U30/><E30/><V93/><F72/><W121/><G121/><T3/><D122/><U55/><E55/><V96/><F82/><AGARI ba="0,0" hai="0,6,8,24,26,53,54,56,58,61,63,82,86,90" machi="82" ten="30,3900,0" yaku="7,1,9,1,52,1" doraHai="34" who="3" fromWho="2" sc="250,0,196,0,364,-39,190,39" /><INIT seed="5,0,0,0,2,50" ten="250,196,325,229" oya="1" hai0="26,122,54,18,33,118,16,25,68,47,57,11,130" hai1="115,86,41,20,92,2,0,73,89,24,100,66,3" hai2="60,53,34,135,117,70,44,123,52,56,23,7,116" hai3="10,62,113,12,28,108,1,30,104,107,48,37,88"/><U35/><E115/><V125/><F34/><W4/><G37/><T114/><D118/><U21/><E73/><V98/><F123/><W81/><G108/><T43/><D114/><U109/><E109/><V124/><F70/><W77/><G113/><T74/><D68/><U131/><E131/><V49/><F135/><W97/><G62/><T87/><D74/><U96/><E66/><V22/><F7/><W65/><G65/><T95/><D130/><U110/><E110/><V17/><F98/><W29/><G1/><T15/><D33/><U42/><E35/><V72/><F23/><W134/><G134/><T63/><D18/><U105/><REACH who="1" step="1"/><E21/><REACH who="1" ten="250,186,325,229" step="2"/><V61/><F72/><W75/><G75/><T40/><D122/><U112/><E112/><V36/><F117/><W80/><G107/><T51/><D43/><U94/><E94/><V85/><F116/><W93/><G104/><T67/><D40/><U99/><E99/><V9/><F22/><W32/><G32/><T6/><D95/><U45/><E45/><V129/><F44/><W82/><G77/><T5/><D87/><U76/><E76/><V91/><F85/><W84/><G97/><T102/><D102/><U78/><E78/><V13/><F129/><W55/><G93/><T79/><D79/><U101/><E101/><V111/><F111/><W132/><G132/><T64/><D67/><U38/><E38/><V58/><F36/><W46/><AGARI ba="0,1" hai="4,10,12,28,29,30,46,48,55,80,81,82,84,88" machi="46" ten="30,7900,0" yaku="0,1,8,1,52,1,54,1" doraHai="50" who="3" fromWho="3" sc="250,-20,186,-39,325,-20,229,89" /><INIT seed="6,0,0,2,1,37" ten="230,147,305,318" oya="2" hai0="43,0,130,45,125,115,23,87,62,17,129,19,69" hai1="20,97,38,107,102,117,122,135,66,98,46,14,22" hai2="2,65,101,47,5,127,99,55,80,92,56,72,106" hai3="63,57,119,120,60,49,59,109,21,84,89,4,26"/><V77/><F127/><W118/><G109/><T128/><D125/><U82/><E117/><V88/><F65/><W53/><G120/><T110/><D110/><U25/><E122/><V76/><F76/><W39/><G39/><T85/><D0/><U104/><E135/><V103/><F47/><W74/><G74/><T28/><D115/><U30/><E66/><V81/><F81/><W44/><G4/><T68/><D28/><U124/><E124/><V24/><F5/><W27/><G119/><T6/><D6/><U7/><E82/><V67/><F67/><N who="3" m="39311" /><G21/><T48/><D19/><U116/><E116/><V52/><F2/><W64/><G118/><T105/><D105/><U71/><E71/><N who="0" m="27209" /><D62/><U95/><E98/><V114/><F114/><W86/><G86/><T41/><D41/><U131/><E131/><V1/><F1/><W31/><G31/><T73/><D73/><U13/><E13/><AGARI ba="0,0" hai="13,17,23,43,45,48,85,87,128,129,130" m="27209" machi="13" ten="40,2600,0" yaku="19,1,52,1" doraHai="37" who="0" fromWho="1" sc="230,26,147,-26,305,0,318,0" /><INIT seed="7,0,0,2,3,13" ten="256,121,305,318" oya="3" hai0="84,42,111,98,48,53,88,63,8,43,5,107,21" hai1="103,46,50,114,41,20,73,82,65,134,12,16,32" hai2="117,18,110,17,61,11,30,131,86,91,83,38,29" hai3="105,9,115,58,113,6,62,34,51,123,135,55,129"/><W57/><G123/><T76/><D111/><U116/><E114/><N who="3" m="43530" /><G105/><T130/><D76/><U106/><E134/><V75/><F38/><W96/><G34/><T10/><D130/><U132/><E132/><V72/><F110/><W122/><G129/><T69/><D21/><U4/><E116/><V67/><F131/><W44/><G135/><T28/><D28/><N who="2" m="10858" /><F117/><W77/><G77/><T19/><D5/><U40/><E32/><V78/><F75/><W59/><G96/><T64/><D10/><U121/><E121/><V37/><F37/><W52/><G122/><T45/><D98/><U23/><E4/><V93/><F72/><W26/><G26/><T15/><D107/><U112/><E112/><V47/><F47/><W14/><AGARI ba="0,0" hai="6,9,14,44,51,52,55,57,58,59,62" m="43530" machi="14" ten="30,3000,0" yaku="15,1,54,1" doraHai="13" who="3" fromWho="3" sc="256,-10,121,-10,305,-10,318,30" owari="246,-15.0,111,-39.0,295,10.0,348,44.0" /></mjloggm>