<mjloggm ver="2.3"><GO type="169" lobby="0"/><UN n0="%E9%81%8A%E3%81%B3%E5%BF%83" n1="%6A%61%63%6F%62%69%33%35" n2="%E3%82%A2%E3%83%BC%E3%82%AF%EF%BC%AB" n3="%E3%81%BF%E3%82%86%E3%82%8D%E3%82%93" dan="18,16,17,17" rate="2203.75,2036.75,2227.51,2163.47" sx="M,M,M,M"/><TAIKYOKU oya="0"/><INIT seed="0,0,0,5,2,49" ten="250,250,250,250" oya="0" hai0="90,73,2,100,127,105,99,7,36,26,93,58,128" hai1="31,84,3,67,130,60,16,96,40,22,112,134,77" hai2="98,47,103,19,59,124,53,10,75,24,34,25,68" hai3="45,116,108,14,8,117,50,132,122,43,48,133,55"/><T37/><D127/><U91/><E3/><V0/><F68/><W123/><G14/><T32/><D128/><U69/><E130/><V23/><F75/><W89/><G8/><T4/><D73/><U63/><E112/><V57/><F124/><W126/><G89/><T74/><D74/><U101/><E77/><V39/><F39/><W120/><G108/><T129/><D129/><U80/><E31/><V54/><F47/><N who="3" m="28127" /><G126/><T41/><D41/><U79/><E40/><V78/><F78/><W27/><G27/><T131/><D131/><U33/><E33/><V21/><F34/><W76/><G76/><T64/><D37/><U65/><E134/><AGARI ba="0,0" hai="43,45,48,116,117,120,122,123,132,133,134" m="28127" machi="134" ten="40,8000,1" yaku="13,1,20,1,34,2,52,1" doraHai="49" who="3" fromWho="1" sc="250,0,250,-80,250,0,250,80" /><INIT seed="1,0,0,1,5,28" ten="250,170,250,330" oya="1" hai0="90,89,87,49,102,22,126,17,76,23,4,94,69" hai1="67,85,103,35,133,131,120,33,65,82,45,135,31" hai2="36,73,40,70,8,54,5,129,101,14,113,66,123" hai3="97,122,71,27,116,105,0,114,12,124,3,121,118"/><U99/><E120/><N who="3" m="46186" /><G114/><T111/><D69/><U55/><E31/><V7/><F73/><W13/><G71/><T98/><D23/><U63/><E131/><V100/><F113/><W108/><G108/><T1/><D111/><U96/><E55/><V16/><F129/><W58/><G58/><T109/><D126/><U29/><E29/><V78/><F78/><W21/><G97/><N who="1" m="37450" /><E45/><V30/><F123/><W48/><G48/><T107/><D109/><U19/><E19/><V37/><F70/><W115/><G105/><T92/><D1/><N who="3" m="585" /><G124/><T2/><D4/><U6/><E6/><V57/><F66/><N who="1" m="25097" /><E63/><V59/><F40/><W77/><G77/><T83/><D2/><U80/><E85/><V62/><F59/><W9/><G115/><T50/><D92/><U110/><E103/><V51/><F37/><W72/><G72/><N who="0" m="43399" /><D90/><U43/><E43/><V68/><F68/><W18/><G13/><AGARI ba="0,0" hai="13,17,22,49,50,87,89,94,98,102,107" m="43399" machi="13" ten="30,1000,0" yaku="24,1" doraHai="28" who="0" fromWho="3" sc="250,10,170,0,250,0,330,-10" /><INIT seed="2,0,0,2,3,120" ten="260,170,250,320" oya="2" hai0="95,7,122,101,100,112,0,129,119,55,83,124,60" hai1="111,63,77,41,28,90,67,73,36,103,126,107,104" hai2="58,108,117,46,64,18,32,69,89,16,102,135,65" hai3="35,128,133,51,96,121,127,5,31,26,34,93,115"/><V68/><F32/><W59/><G121/><T105/><D112/><U106/><E126/><V125/><F102/><W1/><G127/><T82/><D105/><U50/><E50/><V29/><F29/><W118/><G118/><T52/><D0/><U17/><E17/><V53/><F125/><W97/><G115/><T81/><D124/><U72/><E103/><V40/><F117/><W80/><G128/><T22/><D7/><U44/><E90/><V6/><F6/><W130/><G130/><T45/><D129/><U21/><E21/><V38/><F89/><W3/><G133/><T132/><D122/><U79/><E28/><V134/><F18/><W92/><G35/><T76/><D132/><N who="2" m="50730" /><F16/><W12/><G80/><T19/><D76/><U99/><E99/><V25/><F25/><W94/><G12/><T20/><D119/><U84/><E84/><V86/><F86/><W91/><G5/><T109/><D81/><N who="1" m="45223" /><E79/><V23/><F23/><W42/><G94/><T49/><D19/><U43/><E73/><V66/><F108/><W88/><G59/><N who="0" m="34919" /><D109/><U98/><E111/><V30/><F30/><W57/><G57/><T70/><D101/><U74/><E74/><V9/><F9/><W56/><G56/><T113/><D113/><U85/><E85/><V48/><AGARI ba="0,0" hai="38,40,46,48,53,58,64,65,66,68,69" m="50730" machi="48" ten="30,6000,0" yaku="20,1,34,2" doraHai="120" who="2" fromWho="2" sc="260,-20,170,-20,250,60,320,-20" /><INIT seed="2,1,0,1,1,89" ten="240,150,310,300" oya="2" hai0="106,20,115,126,122,50,36,83,49,118,102,86,21" hai1="28,19,35,108,69,45,91,71,120,58,82,25,99" hai2="88,61,30,8,72,73,43,40,127,32,116,93,62" hai3="5,101,1,38,135,84,64,132,54,92,42,124,15"/><V11/><F116/><W67/><G1/><T22/><D36/><U9/><E120/><V131/><F32/><W14/><G124/><T46/><D122/><U107/><E58/><V41/><F30/><W56/><G42/><T121/><D115/><U110/><E107/><V60/><F127/><W105/><G38/><T80/><D126/><U76/><E45/><V119/><F119/><W85/><G105/><T104/><D50/><U123/><E123/><V103/><F103/><W24/><G24/><T114/><D80/><U27/><E99/><V128/><F73/><W75/><G75/><T23/><D121/><U113/><E91/><V112/><F72/><W81/><G5/><T66/><D66/><N who="3" m="25129" /><G135/><T129/><D129/><N who="2" m="49738" /><F112/><W29/><G29/><T97/><D106/><U111/><E113/><V130/><F130/><W95/><G132/><T26/><D23/><N who="1" m="13567" /><E9/><V39/><F39/><W59/><G101/><T3/><D3/><U44/><E44/><V94/><F94/><N who="3" m="35883" /><G59/><T65/><D114/><U53/><E71/><V74/><F74/><W12/><G81/><T10/><D118/><U133/><E69/><V98/><AGARI ba="1,0" hai="8,11,40,41,43,60,61,62,88,93,98" m="49738" machi="98" ten="40,7800,0" yaku="19,1,52,1,54,1" doraHai="89" who="2" fromWho="2" sc="240,-27,150,-27,310,81,300,-27" /><INIT seed="2,2,0,0,2,31" ten="213,123,391,273" oya="2" hai0="89,11,27,108,14,33,68,49,83,28,34,53,2" hai1="97,8,21,117,71,16,85,55,54,57,113,93,29" hai2="50,5,60,94,87,12,102,114,134,77,121,76,119" hai3="129,51,38,131,6,110,125,109,111,70,135,19,22"/><V103/><F119/><W52/><G38/><T112/><D112/><U56/><E71/><V123/><F60/><W133/><G70/><T127/><D2/><U45/><E113/><V72/><F114/><W95/><G6/><T58/><D68/><U120/><E120/><V98/><F50/><W82/><G82/><T88/><D108/><U59/><E85/><V9/><F134/><N who="3" m="51211" /><G95/><T18/><D127/><U105/><E105/><V75/><F103/><W104/><G104/><T92/><D83/><U42/><E8/><V74/><REACH who="2" step="1"/><F87/><REACH who="2" ten="213,123,381,273" step="2"/><W80/><G125/><T122/><D122/><AGARI ba="2,1" hai="5,9,12,72,74,75,76,77,94,98,102,121,122,123" machi="122" ten="50,4800,0" yaku="1,1,2,1,53,0" doraHai="31" doraHaiUra="36" who="2" fromWho="0" sc="213,-54,123,0,381,64,273,0" /><INIT seed="2,3,0,5,4,38" ten="159,123,445,273" oya="2" hai0="101,48,94,85,19,33,68,106,86,98,27,115,26" hai1="23,87,25,127,93,100,74,123,118,24,12,6,56" hai2="36,108,114,134,120,57,51,5,70,60,64,20,124" hai3="21,53,59,88,4,79,84,76,9,10,52,29,61"/><V72/><F72/><W129/><G129/><T55/><D115/><U22/><E118/><V0/><F120/><W104/><G104/><T135/><D68/><U91/><E127/><V66/><F114/><W30/><G53/><T1/><D1/><U42/><E74/><V31/><F5/><W126/><G126/><T125/><D135/><U3/><E3/><V116/><F0/><W71/><G71/><T63/><D63/><U78/><E78/><N who="3" m="29738" /><G4/><T47/><D125/><U16/><E100/><V112/><F124/><W14/><G14/><T8/><D33/><U28/><E56/><V132/><F116/><W122/><G122/><T110/><D110/><U119/><E119/><V15/><F112/><W37/><G37/><T49/><D106/><U81/><E81/><V82/><F36/><W73/><G73/><T69/><D69/><U32/><E123/><V54/><F108/><W65/><G65/><T89/><D48/><U11/><E32/><V17/><F66/><W95/><G21/><T96/><D96/><U92/><E92/><V44/><F82/><W83/><G83/><N who="0" m="49343" /><D86/><U40/><AGARI ba="3,0" hai="6,11,12,16,22,23,24,25,28,40,42,87,91,93" machi="40" ten="30,8000,1" yaku="0,1,8,1,52,2,54,1" doraHai="38" who="1" fromWho="1" sc="159,-23,123,89,445,-43,273,-23" /><INIT seed="3,0,0,2,2,12" ten="136,212,402,250" oya="3" hai0="7,37,120,8,115,56,66,51,1,45,54,33,122" hai1="31,67,81,128,112,124,92,20,43,26,49,114,15" hai2="32,72,30,34,91,18,0,29,53,62,40,78,4" hai3="127,74,129,116,83,96,98,28,95,71,42,102,5"/><W76/><G116/><T79/><D33/><U2/><E2/><V108/><F40/><W9/><G129/><T90/><D115/><U70/><E128/><V17/><F72/><W97/><G127/><T111/><D111/><U94/><E124/><V57/><F78/><W86/><G71/><T48/><D66/><U77/><E94/><V69/><F69/><W63/><G28/><T113/><D113/><U52/><E43/><V61/><F108/><W80/><G63/><T13/><D37/><U58/><E92/><V24/><F91/><W36/><G83/><T93/><D79/><U121/><E121/><V64/><F4/><W46/><REACH who="3" step="1"/><G86/><REACH who="3" ten="136,212,402,240" step="2"/><T25/><D122/><U3/><E3/><AGARI ba="0,1" hai="3,5,9,36,42,46,74,76,80,95,96,97,98,102" machi="3" ten="30,12000,1" yaku="1,1,2,1,7,1,25,2,53,0" doraHai="12" doraHaiUra="27" who="3" fromWho="1" sc="136,0,212,-120,402,0,240,130" /><INIT seed="3,1,0,3,2,125" ten="136,92,402,370" oya="3" hai0="120,13,121,117,26,50,94,64,98,67,52,15,85" hai1="63,84,72,34,54,114,11,16,47,116,97,76,2" hai2="118,7,75,65,127,61,45,123,83,3,110,115,77" hai3="18,20,8,48,100,17,29,19,27,90,119,89,82"/><W88/><G119/><T68/><D117/><U112/><E34/><V80/><F115/><W92/><G48/><T46/><D13/><U107/><E72/><V51/><F118/><W5/><G82/><T93/><D85/><U86/><E116/><V102/><F102/><W105/><G105/><T73/><D73/><U62/><E2/><V78/><F127/><W132/><G132/><T131/><D131/><U43/><E54/><V14/><F3/><W66/><G66/><T69/><D93/><U135/><E135/><V44/><F123/><W4/><REACH who="3" step="1"/><G8/><REACH who="3" ten="136,92,402,360" step="2"/><T49/><D67/><U79/><E11/><V128/><F51/><W56/><G56/><T109/><D64/><U108/><E47/><V111/><F45/><W9/><G9/><T99/><D46/><U24/><E107/><V6/><F44/><W1/><G1/><T10/><D49/><U59/><E59/><V37/><F65/><W81/><G81/><T33/><D10/><U23/><E43/><V130/><F75/><W25/><G25/><T95/><D95/><U30/><BYE who="0" /><E24/><V58/><F58/><UN n0="%E9%81%8A%E3%81%B3%E5%BF%83" /><W28/><G28/><T70/><D94/><U42/><E42/><V71/><F83/><W101/><G101/><T124/><D50/><U22/><E30/><V103/><F80/><W113/><G113/><T35/><D121/><U0/><E0/><V32/><F103/><W126/><G126/><T41/><D26/><U53/><E53/><V91/><F77/><W36/><G36/><T87/><D124/><U55/><E55/><V60/><F78/><W31/><G31/><T40/><D120/><RYUUKYOKU ba="1,1" sc="136,-10,92,-10,402,-10,360,30" hai3="4,5,17,18,19,20,27,29,88,89,90,92,100" /><INIT seed="3,2,1,3,2,51" ten="126,82,392,390" oya="3" hai0="23,60,62,34,69,52,131,133,94,130,70,78,4" hai1="80,127,95,101,67,134,112,119,25,50,33,61,128" hai2="71,120,26,32,111,100,87,1,109,20,12,63,42" hai3="21,96,103,106,105,37,27,22,18,16,90,114,5"/><W24/><G37/><T40/><D34/><U36/><E36/><V83/><F1/><W66/><G114/><T125/><D40/><U86/><E119/><V55/><F120/><W116/><G116/><T104/><D104/><U8/><E33/><V11/><F100/><W49/><G5/><T46/><D125/><U117/><E127/><V30/><F42/><W102/><G90/><T41/><D133/><U72/><E72/><V0/><F71/><W35/><G35/><T118/><D118/><U43/><E112/><V122/><F122/><W115/><G115/><T45/><D41/><U121/><E121/><V135/><F135/><W57/><G103/><T74/><D94/><U53/><E43/><V132/><F132/><W19/><G66/><T47/><D23/><U59/><E117/><V98/><F98/><W75/><G75/><T93/><D93/><U48/><E8/><V76/><F0/><W17/><REACH who="3" step="1"/><G106/><REACH who="3" ten="126,82,392,380" step="2"/><T44/><D4/><U82/><E67/><V54/><F32/><W28/><G28/><T31/><D31/><U56/><E101/><V81/><F81/><W9/><G9/><T84/><D74/><U113/><E82/><V15/><F11/><W89/><G89/><T38/><D38/><U39/><E39/><V79/><F83/><W10/><G10/><T64/><D78/><U7/><E7/><V14/><F79/><W77/><G77/><T6/><D6/><U58/><E113/><V13/><F76/><W29/><G29/><T107/><D107/><U85/><E80/><V123/><F123/><W108/><G108/><T129/><D64/><RYUUKYOKU ba="2,2" sc="126,-10,82,-10,392,-10,380,30" hai3="16,17,18,19,21,22,24,27,49,57,96,102,105" /><INIT seed="3,3,2,5,3,105" ten="116,72,382,410" oya="3" hai0="47,15,85,117,92,95,28,129,119,22,27,110,58" hai1="14,108,77,69,30,81,3,96,73,126,106,80,21" hai2="7,93,66,44,103,46,121,52,25,24,23,100,111" hai3="1,57,123,55,97,33,42,74,51,63,11,8,29"/><W115/><G115/><T50/><D110/><U109/><E3/><V41/><F121/><W89/><G123/><T61/><D129/><U112/><E112/><V35/><F111/><W94/><G74/><T68/><D68/><U75/><E69/><V125/><F125/><W56/><G1/><T98/><D85/><U10/><E126/><V32/><F66/><W130/><G130/><T79/><D79/><U84/><E21/><V107/><F107/><W34/><G42/><T2/><D2/><U132/><E30/><V135/><F7/><W104/><G104/><T48/><D50/><U59/><E59/><V38/><F135/><W118/><G118/><T64/><D15/><U53/><E53/><V26/><F23/><W19/><G29/><T90/><REACH who="0" step="1"/><D92/><REACH who="0" ten="106,72,382,410" step="2"/><U113/><E113/><V67/><F93/><W124/><G124/><T40/><AGARI ba="3,3" hai="22,27,28,40,47,48,58,61,64,90,95,98,117,119" machi="40" ten="20,8000,1" yaku="1,1,2,1,0,1,7,1,53,1" doraHai="105" doraHaiUra="54" who="0" fromWho="0" sc="106,119,72,-23,382,-23,410,-43" /><INIT seed="4,0,0,4,1,56" ten="225,49,359,367" oya="0" hai0="114,111,52,84,97,4,14,55,0,91,85,115,82" hai1="125,48,1,131,102,112,44,61,70,108,6,31,94" hai2="29,123,53,49,86,23,68,98,128,26,18,90,42" hai3="122,110,104,132,11,45,24,30,19,106,10,73,81"/><T127/><D0/><U2/><E94/><V66/><F123/><W134/><G110/><T109/><D127/><U89/><E89/><V101/><F128/><W50/><G122/><T96/><D14/><U74/><E102/><V103/><F42/><W28/><G81/><T83/><D4/><U116/><E31/><N who="3" m="11818" /><G73/><T5/><D5/><U113/><E6/><V65/><F29/><W13/><G24/><T92/><D92/><U129/><E48/><V57/><F68/><W15/><G15/><T43/><D43/><U100/><E44/><V20/><F20/><W34/><G34/><T47/><D91/><U119/><E100/><N who="2" m="38475" /><F98/><W130/><G11/><T118/><REACH who="0" step="1"/><D47/><REACH who="0" ten="215,49,359,367" step="2"/><U67/><E125/><V117/><F117/><AGARI ba="0,1" hai="52,55,82,83,84,85,96,97,109,111,114,115,117,118" machi="117" ten="25,12000,1" yaku="1,1,2,1,22,2,54,1,53,0" doraHai="56" doraHaiUra="87" who="0" fromWho="2" sc="215,130,49,0,359,-120,367,0" /><INIT seed="4,1,0,5,5,84" ten="345,49,239,367" oya="0" hai0="31,26,23,80,0,123,30,54,93,110,10,20,67" hai1="104,6,122,40,106,113,100,11,87,63,33,12,109" hai2="48,46,9,121,126,44,97,32,135,19,114,88,38" hai3="15,53,90,13,14,34,21,22,73,2,105,70,7"/><T66/><D123/><U79/><E122/><V82/><F32/><W29/><G70/><T101/><D110/><U3/><E109/><V78/><F114/><W55/><G73/><T71/><D80/><U107/><E33/><V76/><F121/><W42/><G105/><T124/><D124/><U103/><E113/><V127/><F38/><W119/><G119/><T94/><D0/><U47/><E63/><V108/><F46/><W57/><G42/><T65/><D71/><U8/><E8/><V50/><F50/><W112/><G112/><T120/><D120/><U132/><E3/><V129/><F108/><W64/><G2/><T16/><D54/><N who="3" m="20489" /><G34/><T37/><D37/><U49/><REACH who="1" step="1"/><E132/><REACH who="1" ten="345,39,239,367" step="2"/><V91/><F135/><W77/><G22/><T68/><D23/><U131/><E131/><V134/><F129/><W58/><G21/><T81/><D10/><U115/><E115/><V133/><F133/><W95/><G29/><T72/><D30/><U28/><E28/><V17/><F134/><W36/><G7/><T1/><D31/><U4/><E4/><V118/><F9/><W56/><G64/><T43/><D1/><U51/><E51/><V130/><F118/><W52/><G36/><T128/><D128/><U5/><E5/><V39/><F130/><W59/><G15/><T35/><D66/><U60/><E60/><V102/><F39/><W85/><G14/><T83/><D67/><U61/><E61/><V41/><F48/><N who="3" m="30727" /><G13/><T117/><D65/><U24/><E24/><V74/><F44/><W92/><G59/><T125/><D117/><U25/><E25/><RYUUKYOKU ba="1,1" sc="345,-10,39,30,239,-10,367,-10" hai1="6,11,12,40,47,49,79,87,100,103,104,106,107" /><INIT seed="5,2,1,4,1,68" ten="335,69,229,357" oya="1" hai0="49,108,22,105,52,43,102,29,83,38,75,88,74" hai1="58,16,25,118,24,113,15,17,7,42,65,59,40" hai2="103,111,119,81,27,55,48,9,90,79,33,31,62" hai3="115,66,87,133,28,3,107,78,129,112,20,41,37"/><U124/><E118/><V126/><F119/><W72/><G3/><T121/><D108/><U13/><E113/><V51/><F111/><W32/><G72/><T120/><D102/><U4/><REACH who="1" step="1"/><E124/><REACH who="1" ten="335,59,229,357" step="2"/><V77/><F126/><W56/><G112/><T92/><D121/><U85/><E85/><V110/><F110/><W47/><G87/><T109/><D120/><U98/><E98/><V69/><F69/><W91/><G115/><T61/><D109/><U99/><E99/><V125/><F125/><W67/><G129/><T106/><D75/><U21/><E21/><V134/><F134/><W82/><G20/><T8/><D74/><U12/><E12/><V84/><F103/><W127/><G133/><T39/><D22/><U11/><E11/><V71/><F9/><W117/><G127/><T23/><D8/><U95/><E95/><V104/><F104/><W44/><G107/><T70/><D105/><U89/><E89/><V34/><F34/><W94/><G91/><T123/><D106/><U54/><E54/><V5/><F90/><W0/><G94/><T45/><D123/><U97/><E97/><V73/><F73/><W36/><G117/><T86/><D92/><U80/><E80/><V14/><F71/><W35/><G32/><T93/><D93/><U10/><E10/><N who="2" m="4431" /><F79/><W116/><G78/><T130/><D130/><U46/><E46/><V26/><F26/><W18/><G47/><N who="0" m="27711" /><D23/><U131/><E131/><V135/><F135/><W57/><G35/><T53/><D53/><U50/><E50/><N who="2" m="18987" /><F55/><W19/><G116/><T64/><D29/><U30/><E30/><RYUUKYOKU ba="2,2" sc="335,10,59,10,229,10,357,-30" hai0="38,39,43,45,61,64,70,83,86,88" hai1="4,7,13,15,16,17,24,25,40,42,58,59,65" hai2="27,31,33,62,77,81,84" /><INIT seed="5,3,2,2,0,41" ten="345,69,239,327" oya="1" hai0="125,60,135,32,86,37,107,118,39,45,24,105,95" hai1="81,97,59,100,35,48,93,74,122,36,82,130,33" hai2="110,91,53,38,108,111,98,120,79,22,71,16,77" hai3="55,73,57,21,109,106,104,131,25,102,134,112,51"/><U62/><E36/><V117/><F71/><W115/><G109/><T14/><D118/><U129/><E122/><V126/><F117/><W72/><G131/><N who="1" m="50186" /><E48/><V128/><F120/><W101/><G134/><T54/><D135/><U68/><E68/><V47/><F126/><W58/><G58/><T30/><D125/><U66/><E74/><N who="3" m="28778" /><G102/><T133/><D133/><U2/><E2/><V78/><F128/><W75/><G101/><T15/><D39/><U90/><E100/><V70/><F70/><W34/><G34/><AGARI ba="3,2" hai="33,34,35,59,62,66,81,82,90,93,97" m="50186" machi="34" ten="30,1500,0" yaku="19,1" doraHai="41" who="1" fromWho="3" sc="345,0,69,44,239,0,327,-24" /><INIT seed="5,4,0,0,5,15" ten="345,113,239,303" oya="1" hai0="29,23,82,35,2,92,1,112,64,122,52,105,25" hai1="69,88,97,93,63,17,111,24,108,22,51,5,99" hai2="9,67,127,104,80,132,119,129,54,16,6,102,38" hai3="50,65,43,55,75,107,78,27,133,47,11,4,68"/><U95/><E5/><V61/><F38/><W131/><G107/><T91/><D105/><U56/><E69/><V120/><F119/><W76/><G131/><T42/><D112/><U77/><E77/><V21/><F129/><W19/><G133/><T45/><D122/><U41/><E51/><V0/><F132/><W135/><G135/><T60/><D82/><U130/><E41/><V28/><F28/><W118/><G118/><T31/><D31/><U12/><E12/><V66/><F120/><W106/><G106/><T96/><D35/><U36/><E36/><V39/><F39/><W58/><G75/><T74/><D74/><U124/><E124/><V100/><F127/><W128/><G128/><T98/><D98/><U79/><E79/><V18/><F54/><W123/><G65/><T34/><D34/><U46/><E46/><V121/><F67/><W109/><G68/><T70/><D52/><N who="1" m="34183" /><E130/><V113/><F121/><W73/><G73/><T10/><D10/><U110/><E110/><V71/><F104/><W13/><G109/><T26/><D26/><U48/><E48/><AGARI ba="4,0" hai="1,2,23,25,29,42,45,48,60,64,70,91,92,96" machi="48" ten="30,1000,0" yaku="7,1" doraHai="15" who="0" fromWho="1" sc="345,22,113,-22,239,0,303,0" /><INIT seed="6,0,0,5,5,92" ten="367,91,239,303" oya="2" hai0="135,110,40,80,18,78,91,52,123,106,113,5,69" hai1="71,17,132,107,35,3,103,83,121,120,59,102,130" hai2="32,125,111,85,7,133,12,73,23,37,128,55,29" hai3="38,54,112,100,19,114,62,28,15,95,84,134,57"/><V115/><F37/><W2/><G2/><T105/><D69/><U14/><E83/><V44/><F73/><W0/><G0/><T93/><D40/><U72/><E59/><V1/><F115/><N who="3" m="44075" /><G38/><T127/><D5/><U77/><E17/><V60/><F128/><W16/><G134/><T66/><D66/><U104/><E14/><V47/><F125/><W108/><G108/><T8/><D113/><U27/><E27/><V131/><F133/><W75/><G75/><T41/><D41/><U74/><E71/><V34/><F131/><W86/><G28/><T97/><D110/><U49/><E49/><V118/><F111/><W116/><G116/><T70/><D70/><U45/><E45/><V10/><F118/><W33/><G33/><T21/><D8/><U67/><E67/><V31/><F85/><N who="3" m="32875" /><G15/><T99/><D123/><U64/><E64/><V39/><F39/><W65/><G54/><T36/><D36/><U56/><E56/><N who="2" m="34847" /><F31/><W81/><G81/><T94/><D127/><U79/><E35/><V51/><F34/><W43/><G43/><T126/><D52/><U129/><E3/><V11/><F32/><W53/><G53/><T89/><D126/><U58/><REACH who="1" step="1"/><E58/><REACH who="1" ten="367,81,239,303" step="2"/><V109/><F109/><W30/><G30/><T25/><D135/><AGARI ba="0,1" hai="72,74,77,79,102,103,104,107,120,121,129,130,132,135" machi="135" ten="25,12000,2" yaku="1,1,2,1,22,2,34,3,53,0" doraHai="92" doraHaiUra="90" who="1" fromWho="0" sc="367,-120,81,130,239,0,303,0" /><INIT seed="7,0,0,3,1,67" ten="247,211,239,303" oya="3" hai0="88,44,3,38,96,60,12,59,113,51,76,135,119" hai1="65,104,72,43,84,64,30,134,117,33,131,106,22" hai2="79,53,55,24,124,133,32,5,11,62,87,58,37" hai3="80,47,86,13,94,128,52,78,122,31,125,2,99"/><W81/><G122/><T0/><D38/><U35/><E72/><V112/><F37/><W54/><G2/><T20/><D119/><U61/><E117/><V49/><F112/><W132/><G132/><T57/><D135/><U40/><E134/><V114/><F114/><W105/><G105/><N who="1" m="40554" /><E84/><V126/><F133/><W118/><G118/><T6/><D57/><U82/><E82/><V18/><F79/><W75/><G128/><T92/><D76/><U116/><E116/><V17/><F87/><N who="3" m="48535" /><G125/><N who="2" m="48233" /><F24/><W93/><G75/><T42/><D113/><U107/><N who="1" m="40562" /><U8/><DORA hai="45" /><E131/><V83/><F83/><W71/><G71/><T15/><D15/><U28/><E22/><V10/><F32/><N who="1" m="12361" /><E8/><N who="2" m="3115" /><F5/><W73/><G73/><T97/><D6/><U23/><E23/><V103/><F103/><N who="3" m="60911" /><G31/><N who="1" m="11818" /><E61/><V123/><F123/><W41/><G94/><T90/><D0/><U48/><E48/><V95/><F95/><W16/><G81/><T36/><D3/><U91/><E91/><N who="0" m="34857" /><D36/><U29/><N who="1" m="11826" /><U46/><DORA hai="34" /><E46/><AGARI ba="0,0" hai="17,18,46,49,53,55,58,62" m="3115,48233" machi="46" ten="30,2000,0" yaku="18,1,52,1" doraHai="67,45,34" who="2" fromWho="1" sc="247,0,211,-20,239,20,303,0" owari="247,-15.0,191,-31.0,259,6.0,303,40.0" /></mjloggm>