<mjloggm ver="2.3"><GO type="169" lobby="0"/><UN n0="%E8%A5%BF%E5%B2%A1%E8%82%B2%E6%9C%AA%E2%99%AA" n1="%E5%BD%97%E6%98%9F%E5%85%A5%E3%83%92%E3%82%B3" n2="%E3%81%8D%E3%81%BE%E3%81%99" n3="%E3%81%94%E3%82%8A%E3%81%94%E3%82%8A%E3%81%94%E3%82%8A%E3%82%89" dan="16,16,17,18" rate="2091.70,2137.29,2209.06,2245.20" sx="F,M,M,M"/><TAIKYOKU oya="0"/><INIT seed="0,0,0,1,4,19" ten="250,250,250,250" oya="0" hai0="54,133,11,50,20,10,79,24,89,120,110,88,101" hai1="85,7,26,74,117,58,14,65,76,46,106,52,124" hai2="123,61,112,55,95,134,73,114,103,40,119,118,2" hai3="92,109,28,80,43,104,68,0,32,6,127,17,31"/><T84/><D120/><U96/><E96/><BYE who="1" /><N who="2" m="59807" /><F40/><UN n1="%E5%BD%97%E6%98%9F%E5%85%A5%E3%83%92%E3%82%B3" /><W57/><G104/><T23/><D133/><U51/><E51/><V78/><BYE who="1" /><F2/><UN n1="%E5%BD%97%E6%98%9F%E5%85%A5%E3%83%92%E3%82%B3" /><W60/><G68/><T4/><D101/><U131/><E117/><N who="2" m="44555" /><F61/><W44/><G32/><T8/><D4/><U70/><E85/><V82/><F55/><W97/><G6/><T99/><D110/><U105/><E74/><V116/><N who="2" m="44563" /><V53/><DORA hai="27" /><F53/><W93/><G0/><T100/><D79/><U108/><E76/><V12/><F12/><W33/><G33/><T62/><D62/><U42/><E42/><V48/><F48/><N who="3" m="26655" /><G80/><N who="0" m="49159" /><D24/><U41/><E26/><V1/><F1/><W125/><G109/><T67/><D100/><U128/><E108/><V122/><F134/><W129/><G93/><N who="0" m="56751" /><D67/><U87/><E65/><V15/><F15/><W126/><G17/><T115/><D115/><AGARI ba="0,0" hai="73,78,82,112,114,115,122,123" m="44563,59807" machi="115" ten="40,5200,0" yaku="12,1,34,2" doraHai="19,27" who="2" fromWho="0" sc="250,-52,250,0,250,52,250,0" /><INIT seed="1,0,0,3,5,24" ten="198,250,302,250" oya="1" hai0="67,1,34,30,46,53,54,114,26,100,19,9,72" hai1="89,102,31,131,52,18,117,121,76,123,38,97,112" hai2="55,59,75,36,43,74,68,80,84,56,99,47,127" hai3="78,98,64,126,11,44,33,51,134,70,63,45,91"/><U111/><E112/><V13/><F127/><W35/><G134/><T62/><D72/><U27/><E117/><V17/><F68/><W4/><G78/><T88/><D114/><U39/><E131/><V10/><F99/><W32/><G126/><T94/><D100/><U105/><E76/><V130/><F59/><W107/><G51/><T5/><D19/><U118/><E118/><V103/><F103/><W41/><G91/><T42/><D67/><U29/><E89/><V66/><F66/><W110/><G110/><T3/><D62/><U6/><E6/><V15/><F13/><W50/><G45/><T87/><REACH who="0" step="1"/><D1/><REACH who="0" ten="188,250,302,250" step="2"/><U79/><E111/><V106/><F130/><W49/><G107/><T12/><D12/><U122/><E79/><V93/><F106/><W92/><G63/><T125/><D125/><U7/><E7/><V133/><F75/><W21/><G64/><T57/><D57/><U40/><E40/><V20/><F74/><W16/><G70/><T95/><D95/><U58/><E18/><V129/><F93/><W86/><G92/><T37/><AGARI ba="0,1" hai="3,5,9,26,30,34,37,42,46,53,54,87,88,94" machi="37" ten="20,8000,1" yaku="1,1,0,1,7,1,52,1,54,1,53,0" doraHai="24" doraHaiUra="108" who="0" fromWho="0" sc="188,90,250,-40,302,-20,250,-20" /><INIT seed="2,0,0,5,3,100" ten="278,210,282,230" oya="2" hai0="98,90,37,33,12,53,127,55,35,52,105,16,34" hai1="57,38,78,7,112,75,51,63,15,60,0,114,110" hai2="101,76,39,94,126,82,103,87,13,80,106,2,25" hai3="125,124,128,8,99,134,69,93,70,121,83,9,133"/><V81/><F39/><W4/><G121/><T130/><D130/><U46/><E0/><V115/><F25/><W85/><G69/><T26/><D127/><N who="3" m="48713" /><G70/><T119/><D37/><U86/><E75/><N who="2" m="43039" /><F13/><W17/><G17/><T47/><D119/><U122/><E38/><V68/><F2/><W120/><G120/><T73/><D73/><U104/><E104/><V59/><F59/><W116/><G116/><T18/><D47/><U117/><E117/><V31/><F31/><W107/><G8/><T30/><D18/><U109/><E122/><V3/><F3/><W89/><G9/><T6/><D6/><U44/><E15/><V131/><F68/><W74/><G4/><T56/><D56/><U65/><E7/><V24/><F24/><W64/><G64/><T92/><REACH who="0" step="1"/><D105/><REACH who="0" ten="268,210,282,230" step="2"/><U50/><E57/><V29/><F131/><W97/><G128/><T108/><D108/><U91/><E65/><V23/><F126/><W67/><G67/><T88/><D88/><U5/><E5/><V102/><F29/><W21/><G107/><T43/><D43/><U123/><E123/><V45/><F45/><W1/><G74/><T84/><D84/><U66/><E66/><V41/><F41/><W96/><G1/><T11/><AGARI ba="0,1" hai="11,12,16,26,30,33,34,35,52,53,55,90,92,98" machi="11" ten="30,7900,0" yaku="1,1,0,1,54,2,53,0" doraHai="100" doraHaiUra="129" who="0" fromWho="0" sc="268,89,210,-20,282,-39,230,-20" /><INIT seed="3,0,0,5,4,64" ten="357,190,243,210" oya="3" hai0="34,133,94,114,12,113,27,41,57,68,5,97,74" hai1="84,109,67,21,120,80,96,105,31,58,126,107,51" hai2="119,87,99,53,46,30,73,125,76,129,115,42,2" hai3="95,86,134,50,70,121,131,10,39,43,102,90,33"/><W78/><G33/><T13/><D74/><U59/><E120/><V111/><F30/><W117/><G117/><T103/><D133/><U61/><E109/><V40/><F76/><W4/><G121/><T19/><D41/><U91/><E126/><V20/><F99/><W116/><G134/><T1/><D68/><U77/><E77/><V22/><F2/><W65/><G116/><T85/><D85/><U16/><E31/><V45/><F73/><W66/><G131/><T24/><D57/><U98/><E107/><V63/><F87/><W23/><G39/><T9/><D13/><U6/><E6/><V122/><F129/><W29/><G70/><T35/><D34/><U25/><REACH who="1" step="1"/><E105/><REACH who="1" ten="357,180,243,210" step="2"/><V127/><F122/><W52/><G78/><T89/><D35/><U101/><E101/><V32/><F111/><W104/><G102/><T44/><D103/><U132/><E132/><V88/><F32/><W72/><G104/><T15/><D1/><U14/><E14/><V7/><F7/><W106/><G106/><T54/><D12/><U8/><E8/><V128/><F125/><W11/><G72/><T47/><D5/><U124/><E124/><V92/><F127/><W0/><G11/><T60/><D24/><U83/><E83/><V37/><F128/><W17/><G29/><T62/><D27/><U130/><E130/><V100/><F119/><W110/><G110/><T18/><D9/><U55/><AGARI ba="0,1" hai="16,21,25,51,55,58,59,61,67,80,84,91,96,98" machi="55" ten="30,12000,2" yaku="1,1,0,1,8,1,54,1,53,2" doraHai="64" doraHaiUra="93" who="1" fromWho="1" sc="357,-30,180,130,243,-30,210,-60" /><INIT seed="4,0,0,2,1,37" ten="327,310,213,150" oya="0" hai0="109,99,39,86,2,35,103,91,133,134,46,4,106" hai1="61,78,135,40,85,27,21,128,25,20,118,101,111" hai2="115,45,16,80,84,13,28,18,121,77,22,72,131" hai3="33,8,62,122,31,120,87,58,123,3,97,30,11"/><T57/><D35/><U50/><E118/><V36/><F115/><W48/><G97/><T51/><D109/><U23/><E111/><V59/><F131/><W69/><G69/><T49/><D2/><U110/><E110/><V105/><F121/><W44/><G87/><T129/><D4/><U119/><E119/><V127/><F105/><W89/><G89/><T17/><D129/><U54/><E128/><V113/><F113/><W38/><G38/><T56/><D39/><U73/><E73/><V29/><F127/><W95/><G95/><T6/><D6/><U93/><E135/><N who="0" m="51721" /><D17/><U88/><E78/><V42/><F72/><W90/><G90/><T60/><D60/><U65/><E101/><V107/><F107/><W68/><G68/><T82/><D51/><U98/><E98/><V75/><F75/><W92/><G92/><T96/><D99/><U66/><E66/><V12/><REACH who="2" step="1"/><F59/><REACH who="2" ten="327,310,203,150" step="2"/><W9/><G3/><T0/><D0/><U24/><E85/><V15/><F15/><W114/><G114/><T1/><D1/><U32/><E27/><V43/><F43/><AGARI ba="0,1" hai="43,46,49,56,57,82,86,91,96,103,106" m="51721" machi="43" ten="30,2900,0" yaku="20,1,52,1" doraHai="37" who="0" fromWho="2" sc="327,39,310,0,203,-29,150,0" /><INIT seed="4,1,0,2,5,130" ten="366,310,174,150" oya="0" hai0="69,120,85,3,14,66,73,74,51,115,12,57,28" hai1="44,24,20,49,79,116,111,119,18,107,102,26,62" hai2="84,121,96,1,129,68,87,108,58,65,32,39,98" hai3="123,104,55,52,109,38,117,86,105,34,48,22,50"/><T82/><D3/><U133/><E111/><V91/><F68/><W125/><G34/><T132/><D120/><U106/><E79/><V124/><F32/><W126/><G38/><T29/><D69/><U72/><E72/><V75/><F1/><W17/><G117/><T60/><D115/><U16/><E62/><V4/><F4/><W88/><G109/><T80/><D132/><U9/><E133/><V93/><F39/><W5/><G5/><T134/><D134/><U27/><E9/><V13/><F124/><N who="3" m="47723" /><G48/><T76/><D74/><U46/><E102/><V89/><F129/><W92/><G123/><T15/><REACH who="0" step="1"/><D51/><REACH who="0" ten="356,310,174,150" step="2"/><U35/><E49/><V56/><F121/><W71/><G71/><T70/><D70/><U63/><E116/><V59/><F75/><W113/><G113/><T67/><D67/><U99/><E119/><V131/><F108/><W64/><G64/><T40/><D40/><U94/><E35/><V45/><F65/><W61/><G61/><T10/><D10/><U23/><E63/><V128/><F128/><W54/><G50/><T112/><D112/><U122/><E122/><V95/><F131/><W110/><G110/><T114/><D114/><U7/><E46/><V37/><F13/><AGARI ba="1,1" hai="13,17,22,52,54,55,86,88,92,104,105" m="47723" machi="13" ten="30,3900,0" yaku="18,1,54,2" doraHai="130" who="3" fromWho="2" sc="356,0,310,0,174,-42,150,52" /><INIT seed="5,0,0,3,0,131" ten="356,310,132,202" oya="1" hai0="91,79,98,54,35,130,82,76,29,7,83,124,43" hai1="41,67,93,62,34,47,22,117,42,111,28,88,134" hai2="103,14,75,84,133,25,18,21,122,27,60,0,74" hai3="40,50,128,108,85,120,61,80,8,121,107,94,70"/><U55/><E117/><V38/><F38/><W116/><G107/><T48/><D130/><U64/><E34/><V105/><F122/><W125/><G108/><T114/><D114/><U15/><E111/><V58/><F0/><W113/><G116/><T109/><D109/><U104/><E104/><V24/><F84/><W3/><G94/><N who="0" m="56671" /><D35/><U36/><E42/><V26/><N who="2" m="6144" /><DORA hai="5" /><V32/><F32/><W69/><G128/><T65/><D65/><U101/><E101/><V39/><F39/><W96/><G96/><T72/><D72/><U90/><E28/><V4/><F4/><W59/><G113/><T135/><D135/><U33/><E134/><V57/><F57/><W10/><G125/><T99/><D43/><U52/><E33/><V118/><F118/><W119/><G3/><T56/><D29/><U73/><E73/><V6/><F6/><W2/><G2/><T20/><D7/><U63/><E67/><V11/><F133/><W97/><G70/><T23/><D99/><U78/><E78/><N who="0" m="29737" /><D124/><U68/><E62/><V31/><F31/><W9/><G69/><T92/><D92/><U77/><E77/><V106/><F103/><W87/><G97/><T89/><D89/><U129/><E129/><V123/><F123/><W37/><G37/><T12/><D12/><U81/><E81/><AGARI ba="0,0" hai="20,23,48,54,56,81,82,83" m="29737,56671" machi="81" ten="30,1000,0" yaku="8,1" doraHai="131,5" who="0" fromWho="1" sc="356,10,310,-10,132,0,202,0" /><INIT seed="6,0,0,1,5,71" ten="366,300,132,202" oya="2" hai0="38,50,122,115,39,4,72,81,51,2,113,121,101" hai1="96,23,31,103,104,66,65,52,118,21,102,75,14" hai2="43,76,70,135,45,120,33,85,74,10,114,53,19" hai3="105,119,99,16,111,91,46,24,7,37,110,63,42"/><V0/><F114/><N who="0" m="43530" /><D101/><U125/><E118/><V41/><F41/><W58/><G119/><T15/><D15/><U89/><E75/><V133/><F120/><N who="0" m="46186" /><D81/><U26/><E125/><V11/><F53/><N who="3" m="34255" /><G7/><T36/><D72/><U3/><E3/><V35/><F70/><W57/><G57/><T124/><D124/><U109/><E109/><V8/><F85/><W12/><G105/><T94/><D94/><U13/><E103/><V78/><F19/><W86/><G12/><T112/><D112/><U79/><E79/><N who="2" m="30251" /><F74/><W134/><G86/><T117/><D117/><U47/><E89/><V56/><F56/><W92/><G134/><N who="2" m="51209" /><F0/><W1/><G1/><T95/><D95/><U100/><E100/><V30/><F30/><W9/><G9/><AGARI ba="0,0" hai="2,4,9,36,38,39,50,51" m="46186,43530" machi="9" ten="40,8000,1" yaku="15,1,52,3" doraHai="71" who="0" fromWho="3" sc="366,80,300,0,132,0,202,-80" /><INIT seed="7,0,0,2,1,48" ten="446,300,132,122" oya="3" hai0="103,63,5,100,125,123,77,20,27,60,108,50,13" hai1="55,87,79,102,47,21,132,57,4,72,68,56,62" hai2="134,7,106,14,61,64,118,39,40,121,66,69,85" hai3="37,30,18,59,109,120,88,82,75,1,127,12,96"/><W10/><G120/><T6/><D108/><U53/><E132/><V71/><F106/><W90/><G109/><T33/><D33/><U129/><E129/><V126/><F126/><W49/><G37/><T110/><D125/><U76/><E72/><V32/><F32/><W89/><G127/><T112/><D112/><U16/><E4/><V131/><F118/><W84/><G75/><T113/><D113/><U128/><E128/><V124/><F124/><W104/><G1/><T97/><D5/><U86/><E68/><V35/><F35/><W94/><G104/><T67/><D77/><N who="1" m="29771" /><E47/><V3/><F3/><W111/><G111/><T101/><D50/><N who="1" m="30775" /><E102/><V98/><F71/><W70/><G70/><T92/><D123/><U24/><AGARI ba="0,0" hai="16,21,24,55,57,62,86,87" m="30775,29771" machi="24" ten="30,7900,0" yaku="8,1,52,2,54,1" doraHai="48" who="1" fromWho="1" sc="446,-20,300,79,132,-20,122,-39" owari="426,53.0,379,18.0,112,-29.0,83,-42.0" /></mjloggm>