<mjloggm ver="2.3"><GO type="169" lobby="0"/><UN n0="%E7%8B%82%E7%8A%AC" n1="%67%6F%74%61%70%6F%6F%68" n2="%E3%81%98%E3%81%98%E3%81%84%E3%81%8C%E5%91%BC%E3%82%93%E3%81%A0" n3="%E3%81%8A%E3%81%8D%E3%81%9F%E3%81%8B%E3%81%B2%E3%82%8D" dan="16,16,16,16" rate="2125.50,2183.27,2125.79,2055.63" sx="M,M,M,F"/><TAIKYOKU oya="0"/><INIT seed="0,0,0,5,0,122" ten="250,250,250,250" oya="0" hai0="97,59,65,117,64,120,77,94,124,1,32,112,56" hai1="30,21,133,111,27,87,126,74,52,22,63,17,85" hai2="118,23,115,80,78,13,26,41,46,6,9,12,123" hai3="131,34,53,55,68,14,132,129,90,45,66,134,109"/><T61/><D112/><U19/><E133/><N who="3" m="51306" /><G34/><T71/><D117/><U106/><E74/><V2/><F123/><W28/><G28/><T62/><D120/><U16/><E106/><V10/><F115/><W4/><G4/><T36/><D32/><U58/><E126/><V48/><F118/><W44/><G14/><T69/><D1/><U70/><E70/><V72/><F10/><W31/><G31/><AGARI ba="0,0" hai="2,6,9,12,13,23,26,31,41,46,48,72,78,80" machi="31" ten="30,1000,0" yaku="7,1" doraHai="122" who="2" fromWho="3" sc="250,0,250,0,250,10,250,-10" /><INIT seed="1,0,0,2,3,11" ten="250,250,260,240" oya="1" hai0="72,112,76,94,111,47,5,100,74,35,8,39,69" hai1="71,64,62,37,120,33,73,98,26,25,89,68,92" hai2="82,0,133,87,41,13,52,54,119,85,117,129,27" hai3="34,90,2,75,122,102,126,9,114,128,125,77,124"/><U61/><E120/><V134/><F0/><W67/><G114/><T103/><D111/><U65/><E73/><V101/><F129/><W3/><G122/><T32/><D112/><U4/><E37/><V130/><F130/><W80/><G34/><N who="0" m="12843" /><D94/><U84/><E33/><V23/><F41/><W40/><G128/><T38/><D8/><U57/><E4/><V15/><F101/><N who="0" m="38986" /><D5/><U107/><E107/><V99/><F99/><W127/><G127/><T66/><D47/><U44/><E44/><V50/><F82/><W106/><G40/><T56/><D56/><U135/><E135/><N who="2" m="51723" /><F87/><W88/><G67/><T95/><D95/><U10/><E10/><V1/><F85/><W20/><G20/><T45/><D45/><U17/><E98/><V19/><F1/><N who="3" m="11" /><G9/><T43/><D43/><U28/><E28/><V18/><F27/><W49/><G49/><T131/><D131/><U121/><E121/><V29/><F29/><W7/><G7/><T93/><D93/><U21/><REACH who="1" step="1"/><E57/><REACH who="1" ten="250,240,260,240" step="2"/><N who="2" m="32919" /><F54/><W70/><G70/><T60/><D74/><U116/><E116/><N who="2" m="44619" /><F19/><W51/><G106/><T6/><D6/><U55/><E55/><V46/><F46/><W16/><G102/><T97/><D97/><U81/><E81/><V108/><F108/><W24/><G51/><T96/><D96/><U59/><E59/><V105/><F105/><W63/><G63/><T31/><D31/><U83/><E83/><V53/><F53/><W58/><G58/><T104/><D104/><U113/><E113/><V79/><F79/><W118/><G118/><T110/><D110/><U86/><E86/><RYUUKYOKU ba="0,1" sc="250,0,240,0,260,0,240,0" hai0="38,39,60,66,69,72,76" hai1="17,21,25,26,61,62,64,65,68,71,84,89,92" hai2="13,15,18,23" hai3="16,24,75,77,80,88,90,124,125,126" /><INIT seed="1,1,1,4,3,48" ten="250,240,260,240" oya="1" hai0="11,59,53,109,97,20,105,3,90,43,88,89,123" hai1="66,17,79,108,104,49,76,124,10,92,58,7,51" hai2="110,6,84,126,95,21,44,116,129,47,122,86,33" hai3="46,94,31,132,135,127,25,107,106,36,2,52,50"/><U37/><E104/><V134/><F116/><W26/><G2/><T118/><D118/><U63/><E37/><V72/><F72/><W0/><G0/><T85/><D109/><U131/><E131/><V74/><F74/><W69/><G69/><T56/><D123/><U28/><E124/><V101/><F33/><W119/><G119/><T39/><D39/><U41/><E108/><V102/><F110/><W14/><G127/><T55/><D43/><U80/><E28/><V60/><F126/><W45/><G14/><T29/><D3/><U113/><E113/><V115/><F122/><W77/><G77/><T19/><D105/><N who="3" m="39945" /><G94/><N who="0" m="56519" /><D11/><U121/><E121/><V133/><F129/><W75/><G75/><T73/><D29/><U24/><E92/><V96/><F115/><W82/><G82/><T65/><D65/><U103/><E103/><V35/><F35/><W120/><G120/><T38/><D38/><U111/><E111/><V98/><F6/><W78/><G78/><N who="1" m="29738" /><E80/><V112/><F112/><W13/><G31/><T81/><D73/><U99/><E99/><V23/><F95/><W93/><G93/><T40/><D40/><U4/><E41/><V128/><F128/><W34/><G34/><T87/><D87/><U61/><E7/><V8/><F8/><W114/><G114/><T42/><D42/><U83/><E83/><V5/><F5/><W9/><G36/><T71/><D71/><N who="1" m="42447" /><E4/><V67/><F67/><W68/><G68/><T64/><D90/><U70/><E70/><V125/><F125/><W16/><G45/><T30/><D81/><U100/><E10/><RYUUKYOKU ba="1,1" sc="250,-15,240,-15,260,15,240,15" hai2="21,23,44,47,60,84,86,96,98,101,102,133,134" hai3="9,13,16,25,26,46,50,52,132,135" /><INIT seed="2,2,1,1,1,117" ten="235,225,275,255" oya="2" hai0="127,80,53,64,98,120,102,83,16,48,100,35,34" hai1="65,95,60,112,47,85,63,132,31,42,104,3,43" hai2="62,28,55,36,15,78,74,4,37,5,40,111,27" hai3="49,109,38,121,73,93,41,33,46,86,13,106,128"/><V19/><F111/><W51/><G106/><T11/><D127/><U18/><E104/><V131/><F131/><W21/><G73/><T52/><D64/><U115/><E3/><V90/><F74/><W22/><G33/><T29/><D120/><U123/><E31/><V7/><F78/><W125/><G125/><T9/><D29/><U25/><E85/><V89/><F55/><W6/><G109/><T39/><D39/><U61/><E95/><V81/><F62/><N who="1" m="24169" /><E25/><V96/><F40/><N who="1" m="15401" /><E18/><V113/><F113/><W119/><G119/><T118/><D118/><U130/><E47/><V70/><F90/><W133/><G121/><T92/><D48/><U122/><E132/><V75/><F75/><W94/><G38/><T50/><D50/><U14/><E14/><V10/><F81/><W91/><G128/><T82/><D102/><U84/><E84/><V23/><F89/><N who="3" m="53431" /><G51/><T2/><D34/><U134/><E134/><V126/><F126/><W24/><G24/><T129/><D129/><U79/><E79/><V108/><F108/><W32/><G32/><T68/><D35/><U69/><E130/><V101/><REACH who="2" step="1"/><F70/><REACH who="2" ten="235,225,265,255" step="2"/><W54/><G54/><N who="0" m="21099" /><D68/><U124/><E124/><V56/><F56/><W26/><G133/><T20/><D2/><U87/><E87/><V12/><F12/><AGARI ba="2,2" hai="9,11,12,16,20,80,82,83,92,98,100" m="21099" machi="12" ten="30,3900,0" yaku="8,1,54,2" doraHai="117" who="0" fromWho="2" sc="235,65,225,0,265,-45,255,0" /><INIT seed="3,0,0,0,0,132" ten="300,225,220,255" oya="3" hai0="114,85,57,74,119,3,43,50,104,24,36,4,13" hai1="33,7,80,125,17,118,121,81,64,27,105,56,2" hai2="71,28,92,12,42,135,25,117,78,32,93,107,11" hai3="44,95,20,91,110,31,54,61,96,23,38,115,130"/><W70/><G115/><T126/><D74/><U9/><E121/><V53/><F107/><W30/><G130/><T63/><D3/><U45/><E105/><V66/><F117/><W120/><G120/><T60/><D36/><U87/><E118/><V16/><F135/><W99/><G110/><T75/><D75/><U58/><E81/><V41/><F53/><W55/><G70/><T37/><D37/><U69/><E45/><V103/><F78/><W29/><G38/><T111/><D104/><U129/><E129/><V127/><F127/><W89/><G44/><T133/><D111/><U34/><E69/><V97/><REACH who="2" step="1"/><F93/><REACH who="2" ten="300,225,210,255" step="2"/><N who="3" m="56367" /><G55/><T19/><D126/><U76/><E125/><V108/><F108/><W82/><G82/><T131/><D119/><U26/><E76/><V128/><F128/><W46/><G46/><T18/><D133/><U67/><E80/><V65/><F65/><W122/><G122/><T112/><D131/><U84/><E67/><V35/><F35/><W0/><G0/><T124/><D124/><U8/><E64/><V134/><F134/><W98/><G98/><T48/><D114/><U1/><E7/><V83/><F83/><W88/><G91/><T73/><D112/><U40/><E40/><V52/><F52/><W10/><G54/><T113/><D113/><U68/><E68/><V22/><F22/><W116/><G116/><T62/><D73/><U15/><E1/><V90/><F90/><W86/><G99/><T49/><D43/><U109/><E109/><V51/><F51/><W14/><G61/><AGARI ba="0,1" hai="11,12,16,25,28,32,41,42,61,66,71,92,97,103" machi="61" ten="40,2600,0" yaku="1,1,54,1,53,0" doraHai="132" doraHaiUra="106" who="2" fromWho="3" sc="300,0,225,0,210,36,255,-26" /><INIT seed="4,0,0,4,0,115" ten="300,225,246,229" oya="0" hai0="106,97,71,5,80,92,101,82,23,21,3,17,72" hai1="9,16,52,45,33,22,110,107,51,15,68,26,67" hai2="29,94,135,117,14,113,12,27,111,19,11,35,86" hai3="28,57,122,13,81,96,39,130,43,109,65,69,125"/><T56/><D71/><U34/><E110/><V40/><F111/><W6/><G109/><T55/><D3/><U128/><E107/><V105/><F113/><W42/><G125/><T77/><D5/><U88/><E128/><V36/><F135/><W99/><G130/><T24/><D82/><U48/><E68/><V4/><F105/><W25/><G122/><T70/><D70/><U49/><E67/><V30/><F30/><W123/><G123/><T66/><D66/><U79/><E79/><V119/><F40/><W124/><G124/><T31/><D106/><U132/><E132/><V90/><REACH who="2" step="1"/><F36/><REACH who="2" ten="300,225,236,229" step="2"/><W46/><G39/><T104/><D104/><U74/><E74/><V37/><F37/><W2/><G28/><T62/><REACH who="0" step="1"/><D17/><REACH who="0" ten="290,225,236,229" step="2"/><N who="1" m="12623" /><E34/><AGARI ba="0,2" hai="21,23,24,31,34,55,56,62,72,77,80,92,97,101" machi="34" ten="30,2900,0" yaku="1,1,7,1,53,0" doraHai="115" doraHaiUra="112" who="0" fromWho="1" sc="290,49,225,-29,236,0,229,0" /><INIT seed="4,1,0,4,3,66" ten="339,196,236,229" oya="0" hai0="133,13,57,51,42,69,1,8,29,121,55,0,11" hai1="37,62,26,91,89,4,132,115,43,48,59,105,92" hai2="2,54,3,6,113,103,12,130,44,119,33,107,94" hai3="58,72,76,108,128,17,10,81,36,34,22,106,70"/><T84/><D121/><U82/><E105/><V85/><F113/><W35/><G108/><T114/><D114/><U122/><E122/><V124/><F124/><W100/><G70/><T110/><D110/><U83/><E115/><V65/><F130/><W117/><G117/><T50/><D133/><U47/><E132/><V127/><F127/><W109/><G109/><T111/><D111/><U93/><E37/><V96/><F119/><W135/><G135/><T88/><D29/><U75/><E75/><V61/><F33/><W131/><G36/><T90/><D69/><U79/><E4/><V104/><F12/><W16/><G10/><T28/><D28/><U14/><E79/><V98/><F85/><W30/><G17/><T24/><D24/><U116/><E116/><V101/><F94/><W40/><G40/><T63/><D8/><U112/><E14/><V21/><F6/><W125/><G30/><T56/><D0/><U27/><E112/><V126/><F21/><W78/><G78/><T15/><D1/><U99/><E26/><V19/><F19/><W32/><G125/><T71/><D71/><U38/><E38/><V45/><F126/><W120/><G120/><T5/><D13/><U68/><E68/><V23/><F23/><W97/><REACH who="3" step="1"/><G58/><REACH who="3" ten="339,196,236,219" step="2"/><T7/><D7/><U20/><E59/><N who="2" m="37055" /><F45/><W134/><G134/><T18/><D5/><U95/><E27/><AGARI ba="1,1" hai="16,22,27,32,34,35,72,76,81,97,100,106,128,131" machi="27" ten="40,5200,0" yaku="1,1,54,1,53,1" doraHai="66" doraHaiUra="73" who="3" fromWho="1" sc="339,0,196,-55,236,0,219,65" /><INIT seed="5,0,0,3,5,4" ten="339,141,236,284" oya="1" hai0="33,48,94,35,92,50,38,127,66,112,0,89,91" hai1="80,7,30,14,8,21,72,97,128,69,55,84,118" hai2="115,11,49,102,124,57,120,125,117,62,41,2,121" hai3="20,63,59,76,81,86,58,71,45,19,96,103,78"/><U85/><E118/><V99/><F117/><W90/><G71/><T5/><D66/><U126/><E126/><N who="2" m="48747" /><F115/><W106/><G59/><T15/><D127/><U46/><E128/><V32/><F32/><W104/><G45/><T113/><D15/><U93/><E69/><V107/><F41/><W36/><G106/><T43/><D5/><U9/><E72/><V56/><F49/><W26/><REACH who="3" step="1"/><G36/><REACH who="3" ten="339,141,236,274" step="2"/><T47/><D47/><U31/><E46/><V22/><F57/><W12/><G12/><T67/><D67/><AGARI ba="0,1" hai="19,20,26,58,63,67,76,78,81,86,90,96,103,104" machi="67" ten="30,7700,0" yaku="1,1,7,1,53,2" doraHai="4" doraHaiUra="75" who="3" fromWho="0" sc="339,-77,141,0,236,0,274,87" /><INIT seed="6,0,0,5,2,102" ten="262,141,236,361" oya="2" hai0="76,111,129,112,100,7,15,31,24,95,62,135,44" hai1="132,13,74,80,91,55,116,9,106,82,11,79,21" hai2="54,97,0,130,22,126,49,19,20,123,85,42,58" hai3="127,18,43,46,10,134,8,69,70,125,118,107,41"/><V68/><F123/><W36/><G118/><T50/><D111/><U30/><E116/><V86/><F126/><N who="3" m="48139" /><G107/><T88/><D112/><U52/><E132/><V89/><F130/><W35/><G35/><T83/><D135/><U124/><E124/><V65/><F0/><W108/><G108/><T40/><D62/><U78/><E91/><V122/><F122/><W56/><G134/><T59/><D59/><U99/><E30/><V71/><F42/><W37/><G56/><T120/><D129/><U14/><E21/><V109/><F109/><W61/><G61/><T47/><D100/><U32/><E32/><V96/><F86/><W12/><G10/><T92/><D47/><AGARI ba="0,0" hai="8,12,18,36,37,41,43,46,47,69,70" m="48139" machi="47" ten="30,1000,0" yaku="18,1" doraHai="102" who="3" fromWho="0" sc="262,-10,141,0,236,0,361,10" /><INIT seed="7,0,0,3,1,134" ten="252,141,236,371" oya="3" hai0="90,32,42,44,0,9,36,69,28,8,109,16,74" hai1="100,56,78,130,45,58,88,116,105,39,62,110,86" hai2="135,54,26,27,89,131,103,37,79,17,23,47,114" hai3="112,108,38,71,87,51,65,85,41,43,91,15,94"/><W75/><G38/><T35/><D90/><U3/><E110/><V49/><F135/><W61/><G75/><T96/><D96/><U124/><E130/><V46/><F131/><W121/><G121/><T80/><D9/><U101/><E116/><V77/><F114/><W55/><G87/><T76/><D109/><U60/><E3/><V107/><F103/><W72/><G41/><T10/><D10/><U122/><E122/><V95/><F107/><W4/><G43/><T111/><D111/><U40/><E78/><V19/><F37/><W12/><G71/><T113/><D113/><U106/><E124/><V92/><F47/><W48/><G65/><T20/><D28/><U118/><E118/><V117/><F117/><W63/><G15/><T7/><D69/><U99/><E62/><V5/><F5/><W120/><G63/><T102/><D102/><U22/><E60/><V24/><F95/><W98/><G61/><T68/><D68/><U52/><E22/><N who="2" m="13391" /><F27/><AGARI ba="0,0" hai="0,7,8,16,20,27,32,35,36,42,44,74,76,80" machi="27" ten="30,7700,0" yaku="7,1,25,2,54,1" doraHai="134" who="0" fromWho="2" sc="252,77,141,0,236,-77,371,0" owari="329,13.0,141,-36.0,159,-24.0,371,47.0" /></mjloggm>