<mjloggm ver="2.3"><GO type="169" lobby="0"/><UN n0="%E3%82%8A%E3%82%86%E3%83%BC" n1="%E6%B2%96%E3%83%92%E3%82%AB%E3%83%AB%EF%BC%88%E6%9C%AC%E7%89%A9%EF%BC%89" n2="%E3%81%BF%E3%81%A3%E3%81%8D%E3%83%BC" n3="%6D%61%74%6F%30%36%30%33" dan="17,16,17,18" rate="2261.34,2072.63,2211.52,2280.07" sx="M,F,M,M"/><TAIKYOKU oya="0"/><INIT seed="0,0,0,1,4,26" ten="250,250,250,250" oya="0" hai0="119,6,91,134,68,122,55,90,23,89,97,108,106" hai1="61,19,85,17,76,58,109,102,60,115,16,52,24" hai2="66,31,48,93,27,43,29,9,21,117,53,70,39" hai3="132,63,69,135,118,72,94,78,62,38,44,83,116"/><T13/><D119/><N who="3" m="45609" /><G94/><T82/><D122/><U18/><E109/><V54/><F117/><W126/><G69/><T104/><D134/><N who="3" m="51241" /><G126/><T64/><D64/><U67/><E115/><V36/><F66/><W98/><G98/><T75/><D68/><U56/><E102/><V30/><F39/><W28/><G28/><N who="2" m="10857" /><F36/><W10/><G10/><T125/><D97/><U107/><E107/><V51/><F70/><W3/><G3/><T57/><D104/><U37/><E37/><V42/><F9/><W111/><G111/><T49/><D108/><U103/><E103/><V11/><F11/><W73/><G73/><T105/><D105/><U130/><E130/><V87/><F87/><W110/><G110/><T59/><D106/><U81/><E19/><V1/><F1/><W129/><G129/><T12/><D75/><U50/><E61/><V84/><F84/><W25/><G38/><T123/><D125/><U131/><E131/><V128/><F93/><W8/><G8/><N who="0" m="4119" /><D123/><U7/><E7/><V40/><F128/><W32/><G72/><T34/><D34/><U2/><E2/><V15/><F15/><W5/><G5/><T47/><D82/><U65/><E65/><V46/><F53/><W127/><G32/><T80/><D80/><U99/><E99/><V96/><F96/><W22/><G83/><T124/><D124/><U133/><E133/><V33/><F33/><W0/><G0/><T101/><D101/><U86/><E86/><V4/><F4/><W71/><G127/><T35/><D35/><U88/><E76/><V113/><F113/><W20/><G71/><RYUUKYOKU ba="0,0" sc="250,10,250,10,250,10,250,-30" hai0="13,23,47,49,55,57,59,89,90,91" hai1="16,17,18,24,50,52,56,58,60,67,81,85,88" hai2="21,27,31,40,42,43,46,48,51,54" /><INIT seed="0,1,0,2,4,115" ten="260,260,260,220" oya="0" hai0="109,80,120,71,6,79,123,84,81,135,53,19,93" hai1="26,14,23,12,30,50,119,76,69,94,105,57,3" hai2="28,100,15,42,55,92,121,0,45,107,77,102,56" hai3="88,47,20,106,78,63,35,40,98,89,126,112,116"/><T7/><D71/><U117/><E105/><V101/><F0/><W91/><G112/><T114/><D114/><U43/><E69/><V4/><F107/><W62/><G35/><T27/><D135/><U25/><E76/><V128/><F121/><W39/><G126/><T66/><D66/><U113/><E43/><V61/><F28/><W85/><G116/><N who="1" m="44618" /><E50/><N who="2" m="26935" /><F128/><W111/><G20/><T129/><D129/><U131/><E57/><V72/><F72/><W36/><G36/><T125/><D125/><U83/><E94/><V33/><F33/><W10/><G10/><T22/><D123/><U68/><E83/><V48/><F4/><W11/><G11/><T99/><D120/><U70/><E68/><V124/><F15/><N who="1" m="5673" /><E70/><V32/><F32/><W54/><G54/><T41/><D41/><U58/><E58/><N who="2" m="33127" /><F124/><W67/><G106/><T31/><D81/><U90/><E113/><V29/><F29/><W97/><G39/><T86/><D86/><U2/><E90/><V24/><F77/><W51/><G67/><T82/><D82/><U13/><E131/><V132/><F92/><W17/><G78/><T18/><D53/><U75/><E75/><V127/><F127/><W49/><G85/><T87/><D87/><U37/><E37/><V5/><F100/><W16/><G91/><T21/><D93/><U1/><E30/><V74/><F101/><W95/><G40/><T96/><D31/><U59/><E59/><V134/><F102/><W110/><G95/><T34/><D80/><U118/><N who="1" m="44626" /><U52/><DORA hai="64" /><E52/><N who="2" m="33927" /><F74/><W46/><AGARI ba="1,0" hai="16,17,46,47,49,51,62,63,88,89,97,98,110,111" machi="46" ten="25,8000,1" yaku="0,1,22,2,54,2" doraHai="115,64" who="3" fromWho="3" sc="260,-41,260,-21,260,-21,220,83" /><INIT seed="1,0,0,3,3,50" ten="219,239,239,303" oya="1" hai0="77,133,2,32,6,96,79,121,10,82,54,27,47" hai1="64,122,109,56,127,13,48,69,108,18,31,100,110" hai2="120,88,105,25,119,118,116,114,41,21,20,37,125" hai3="85,134,29,40,72,102,111,76,30,19,55,99,91"/><U3/><E3/><V16/><F120/><W39/><G134/><T128/><D133/><U95/><E122/><V92/><F105/><W9/><G111/><T66/><D128/><U132/><E132/><V57/><F125/><W60/><G40/><T7/><D121/><U81/><E127/><V104/><F104/><W26/><G39/><T17/><D66/><U68/><E81/><V135/><F135/><W58/><G72/><T12/><D96/><N who="1" m="59423" /><E31/><V44/><F114/><W22/><G9/><T86/><D79/><U83/><E83/><V103/><F103/><W43/><G43/><T49/><REACH who="0" step="1"/><D2/><REACH who="0" ten="209,239,239,303" step="2"/><U45/><E64/><V35/><F118/><W63/><G76/><T117/><D117/><U129/><E129/><V112/><F112/><W51/><G30/><AGARI ba="0,1" hai="6,7,10,12,17,27,30,32,47,49,54,77,82,86" machi="30" ten="40,2600,0" yaku="1,1,52,1,53,0" doraHai="50" doraHaiUra="53" who="0" fromWho="3" sc="209,36,239,0,239,0,303,-26" /><INIT seed="2,0,0,1,2,3" ten="245,239,239,277" oya="2" hai0="105,29,71,103,51,31,131,85,54,35,27,133,33" hai1="5,118,89,135,86,95,50,88,28,37,16,58,0" hai2="14,122,82,24,53,77,72,69,55,13,126,83,78" hai3="134,41,120,102,59,111,110,21,128,81,106,124,30"/><V22/><F122/><W57/><G120/><T109/><D71/><U96/><E37/><V34/><F34/><W46/><G128/><T87/><D131/><U113/><E118/><V6/><F69/><W127/><G81/><T47/><D109/><N who="3" m="41481" /><G102/><T119/><D133/><U74/><E74/><V129/><F126/><N who="3" m="48171" /><G106/><T23/><D119/><U91/><E135/><V43/><F43/><W44/><G134/><T39/><D39/><U98/><E28/><V18/><F129/><W1/><G1/><T94/><D105/><U92/><E113/><V32/><F32/><W100/><G100/><T63/><D63/><U67/><E67/><V12/><REACH who="2" step="1"/><F6/><REACH who="2" ten="245,239,229,277" step="2"/><W4/><G4/><T19/><D35/><U68/><E68/><V70/><F70/><W42/><G42/><T112/><D33/><U90/><E5/><V101/><F101/><W2/><G41/><T25/><D103/><U79/><E0/><V107/><F107/><W116/><G2/><T60/><D112/><U61/><E96/><V8/><F8/><W64/><G116/><T132/><D132/><U73/><E98/><V26/><F26/><W66/><G21/><T38/><D27/><U114/><E114/><V115/><F115/><W97/><G97/><T20/><D20/><U40/><E95/><V45/><F45/><N who="3" m="17515" /><G30/><N who="0" m="11275" /><D94/><U130/><E92/><V76/><F76/><W48/><G57/><N who="0" m="34871" /><D38/><U62/><E130/><V52/><F52/><AGARI ba="0,1" hai="48,52,59,64,66" m="17515,48171,41481" machi="52" ten="40,8000,1" yaku="14,1,18,1,34,2,54,1" doraHai="3" who="3" fromWho="2" sc="245,0,239,0,229,-80,277,90" /><AGARI ba="0,0" hai="19,23,25,47,51,52,85,87" m="34871,11275" machi="52" ten="30,2000,0" yaku="8,1,54,1" doraHai="3" who="0" fromWho="2" sc="245,20,239,0,149,-20,367,0" /><INIT seed="3,0,0,3,4,96" ten="265,239,129,367" oya="3" hai0="49,125,71,12,32,129,44,74,9,24,84,122,103" hai1="67,92,88,1,116,65,68,107,60,93,66,57,99" hai2="131,54,75,77,58,10,121,86,135,81,16,69,119" hai3="17,90,53,0,31,108,70,76,98,38,113,111,82"/><W19/><G113/><T105/><D74/><U29/><E1/><V27/><F119/><W85/><G38/><T3/><D122/><U26/><E107/><V102/><F69/><W73/><G70/><T25/><D71/><U36/><E36/><V56/><F135/><W117/><G0/><T133/><D133/><U42/><E42/><V97/><F131/><W35/><G117/><T59/><D129/><U112/><E112/><V89/><F121/><W13/><G53/><T30/><D3/><U110/><E110/><N who="3" m="42026" /><G13/><T62/><D125/><U78/><E78/><V55/><F56/><W130/><G130/><T106/><D25/><U39/><E39/><V43/><F43/><W41/><G41/><T15/><D84/><U5/><E5/><V46/><F46/><W45/><G45/><T79/><D44/><U23/><E116/><V8/><F55/><W115/><G115/><T4/><D49/><U61/><E93/><N who="2" m="54455" /><F58/><W114/><G114/><T52/><D79/><U51/><E51/><V72/><F54/><AGARI ba="0,0" hai="23,26,29,54,57,60,61,65,66,67,68,88,92,99" machi="54" ten="30,2000,0" yaku="7,1,54,1" doraHai="96" who="1" fromWho="2" sc="265,0,239,20,129,-20,367,0" /><INIT seed="4,0,0,4,5,127" ten="265,259,109,367" oya="0" hai0="115,135,47,62,82,23,12,60,90,103,77,15,29" hai1="117,74,11,119,56,50,1,31,57,48,36,131,35" hai2="128,134,55,120,28,87,58,114,51,97,38,88,64" hai3="93,84,10,20,94,126,100,91,72,8,109,116,113"/><T33/><D115/><U78/><E35/><V75/><F75/><W5/><G109/><T68/><D135/><U42/><E31/><V65/><F120/><W32/><G32/><T7/><D33/><U85/><E85/><V130/><F38/><W45/><G72/><T63/><D103/><U40/><E78/><V44/><F114/><W61/><G116/><T17/><D29/><U6/><E74/><V129/><F134/><W66/><G126/><T95/><D47/><U54/><E36/><V80/><F28/><W0/><G113/><T107/><D107/><U108/><E108/><V122/><F122/><W39/><G10/><T26/><D68/><U89/><E89/><V124/><F124/><W13/><G20/><T83/><D77/><U92/><E92/><N who="2" m="56455" /><F44/><W73/><G73/><T46/><D46/><U19/><E19/><V102/><F102/><W27/><G27/><T86/><D7/><U52/><E131/><N who="2" m="33539" /><V79/><AGARI ba="0,0" hai="51,55,58,64,65,79,80,87" m="33539,56455" machi="79" ten="40,12000,2" yaku="4,1,19,1,52,4,54,1" doraHai="127" who="2" fromWho="2" sc="265,-60,259,-30,109,120,367,-30" /><INIT seed="5,0,0,1,0,14" ten="205,229,229,337" oya="1" hai0="6,127,65,15,120,123,34,44,122,48,64,72,30" hai1="93,91,31,12,23,17,63,96,107,51,20,128,90" hai2="3,10,32,40,53,135,7,76,110,105,16,111,108" hai3="87,8,24,11,38,75,70,45,39,35,130,117,52"/><U85/><E128/><V95/><F105/><W79/><G75/><T26/><D72/><U102/><E63/><V49/><F32/><W86/><G70/><T19/><D127/><U119/><E119/><V82/><F40/><W59/><G117/><T112/><D112/><U73/><E73/><V58/><F135/><W124/><G124/><T81/><D81/><U113/><E113/><V43/><F43/><W61/><G130/><T2/><D6/><U46/><E91/><V37/><F37/><W84/><G79/><T71/><D2/><U78/><E78/><V101/><F101/><W60/><G38/><T80/><D80/><U66/><E66/><V92/><REACH who="2" step="1"/><F16/><REACH who="2" ten="205,229,219,337" step="2"/><W125/><G35/><T33/><D34/><U4/><E4/><V133/><F133/><W13/><G39/><T55/><REACH who="0" step="1"/><D71/><REACH who="0" ten="195,229,219,337" step="2"/><U9/><REACH who="1" step="1"/><E31/><REACH who="1" ten="195,219,219,337" step="2"/><V134/><F134/><W54/><G125/><T57/><D57/><U36/><E36/><V1/><F1/><W88/><G59/><T109/><D109/><U118/><E118/><V99/><F99/><W132/><G132/><T62/><D62/><U42/><AGARI ba="0,3" hai="9,12,17,20,23,42,46,51,85,90,93,96,102,107" machi="42" ten="20,12000,1" yaku="1,1,0,1,7,1,52,1,53,1" doraHai="14" doraHaiUra="5" who="1" fromWho="1" sc="195,-40,219,150,219,-40,337,-40" /><INIT seed="5,1,0,2,0,81" ten="155,369,179,297" oya="1" hai0="69,11,38,62,133,25,59,79,93,27,52,105,37" hai1="64,85,54,66,48,89,14,23,106,5,46,63,128" hai2="130,29,17,91,50,3,122,116,53,112,124,100,13" hai3="97,118,57,103,132,71,107,84,8,40,31,74,56"/><U102/><E128/><V15/><F116/><W101/><G74/><T58/><D105/><U117/><E117/><V9/><F122/><W127/><G71/><T121/><D69/><U41/><E106/><V19/><F3/><W67/><G118/><T114/><D121/><U110/><E102/><V22/><F130/><W73/><G73/><T21/><D114/><U82/><E110/><V94/><F124/><W135/><G103/><T39/><D133/><N who="3" m="51273" /><G127/><T33/><D79/><U86/><E5/><V16/><F100/><W83/><G67/><T47/><D93/><N who="1" m="54447" /><E41/><V120/><F112/><W75/><G75/><T1/><D33/><U24/><E14/><V30/><F120/><W32/><G40/><T65/><D47/><U115/><E63/><V99/><REACH who="2" step="1"/><F19/><REACH who="2" ten="155,369,169,297" step="2"/><W95/><G101/><T28/><D1/><U34/><E115/><V88/><F88/><W0/><G0/><T43/><D39/><U108/><E108/><V92/><F92/><W87/><G95/><T26/><D38/><U119/><E119/><V125/><F125/><W134/><G107/><T51/><D37/><U109/><E109/><V4/><F4/><W70/><G134/><T78/><D78/><N who="1" m="46423" /><E34/><V123/><F123/><W96/><G32/><T6/><D6/><U98/><E98/><V72/><F72/><W7/><G97/><T42/><D42/><U90/><E90/><V10/><F10/><W18/><G8/><T131/><D131/><U2/><E2/><V111/><F111/><W44/><G96/><T76/><D43/><U80/><E80/><V77/><F77/><N who="3" m="46191" /><G7/><T104/><D76/><RYUUKYOKU ba="1,1" sc="155,-15,369,15,169,15,297,-15" hai1="23,24,46,48,54,64,66" hai2="9,13,15,16,17,22,29,30,50,53,91,94,99" /><INIT seed="5,2,1,5,2,3" ten="140,384,184,282" oya="1" hai0="89,60,69,39,17,48,122,13,63,77,111,49,93" hai1="30,51,119,70,50,135,22,99,97,116,134,118,68" hai2="96,81,46,130,102,29,125,20,94,24,38,26,109" hai3="55,110,41,83,12,132,107,37,62,72,15,87,27"/><U117/><E22/><V8/><F109/><W75/><G107/><T114/><D111/><U95/><E30/><V106/><F125/><W11/><G110/><T88/><D114/><U64/><E119/><V59/><F130/><W33/><G132/><N who="1" m="50730" /><E64/><V57/><F106/><W91/><G15/><T2/><D122/><U58/><E58/><V127/><F127/><W78/><G37/><T126/><D93/><U5/><E5/><V120/><F120/><W73/><G41/><T129/><D126/><U124/><E124/><V65/><F38/><W104/><G104/><T25/><D39/><U90/><E99/><V61/><F46/><W108/><G108/><T66/><D129/><U44/><E51/><V6/><F57/><W123/><G123/><T18/><D49/><U76/><E76/><V82/><F26/><W34/><G27/><T121/><D121/><U28/><E28/><V4/><F4/><W80/><G34/><T47/><D77/><U92/><E95/><V105/><F105/><W133/><G33/><T131/><D131/><U31/><E31/><V0/><AGARI ba="2,1" hai="0,6,8,20,24,29,59,61,65,81,82,94,96,102" machi="0" ten="20,8000,1" yaku="0,1,7,1,25,2,52,1" doraHai="3" who="2" fromWho="2" sc="140,-22,384,-42,184,96,282,-22" /><INIT seed="6,0,0,1,3,59" ten="118,342,280,260" oya="2" hai0="61,76,31,53,105,1,85,133,37,93,116,47,121" hai1="56,11,75,103,104,110,119,101,69,48,16,78,74" hai2="97,124,34,50,98,71,134,41,66,86,113,54,115" hai3="15,129,132,106,13,72,46,96,62,73,130,80,88"/><V77/><F34/><W28/><G132/><T79/><D121/><U65/><E110/><V10/><F124/><W117/><G117/><T52/><D105/><U131/><E119/><V122/><F122/><W128/><G28/><T14/><D116/><U42/><E69/><V17/><F41/><W8/><G106/><T33/><D1/><U118/><E75/><V64/><F134/><W81/><G46/><T19/><D133/><U18/><E74/><N who="3" m="28778" /><G15/><T82/><D93/><U108/><E78/><V27/><F71/><W120/><G120/><T99/><D99/><U55/><E11/><V23/><F10/><W57/><G96/><T20/><D76/><U87/><E42/><V4/><F4/><N who="3" m="3207" /><G88/><T3/><D3/><U102/><E104/><V92/><F97/><W91/><G91/><T12/><D12/><U100/><E100/><V38/><F38/><W60/><G57/><T45/><D37/><U32/><E32/><V89/><F77/><W5/><G5/><T40/><D40/><U90/><E108/><V68/><F68/><W70/><G70/><T107/><D107/><U29/><E29/><V49/><F98/><W127/><G127/><T51/><D33/><U135/><E135/><V114/><F49/><W9/><G9/><T44/><D31/><U94/><E118/><V36/><F36/><W35/><G35/><T126/><D126/><U26/><E103/><V7/><F7/><W125/><G125/><T39/><D39/><U123/><E102/><V58/><AGARI ba="0,0" hai="17,23,27,50,54,58,64,66,86,89,92,113,114,115" machi="58" ten="30,3000,0" yaku="0,1,15,1" doraHai="59" who="2" fromWho="2" sc="118,-10,342,-10,280,30,260,-10" /><INIT seed="6,1,0,1,1,96" ten="108,332,310,250" oya="2" hai0="94,129,83,89,128,29,48,81,7,53,18,40,87" hai1="63,16,123,38,15,4,114,102,76,107,109,82,97" hai2="59,119,1,6,20,33,34,84,50,55,100,3,61" hai3="106,70,39,64,45,56,68,113,130,41,5,117,108"/><V11/><F119/><W104/><G108/><T90/><D29/><U75/><E109/><V25/><F1/><W132/><G117/><T35/><D35/><U73/><E38/><V28/><F84/><W10/><G130/><T52/><D7/><U42/><E4/><V13/><F100/><W110/><G110/><T127/><D127/><U99/><E42/><V116/><F116/><W54/><G132/><T111/><D111/><U51/><E51/><V17/><REACH who="2" step="1"/><F33/><REACH who="2" ten="108,332,300,250" step="2"/><W85/><G85/><T26/><D129/><U14/><E75/><V134/><F134/><W120/><G120/><T105/><D128/><U66/><E123/><V124/><F124/><W95/><G113/><T57/><D105/><U60/><E114/><V91/><F91/><W86/><G86/><T121/><D121/><U49/><E99/><V65/><F65/><W80/><G64/><T62/><D90/><U122/><E122/><V103/><F103/><W24/><G106/><T77/><D77/><U0/><E0/><V32/><F32/><W2/><G2/><T27/><D83/><U125/><E125/><V67/><F67/><W118/><G80/><T112/><D81/><U101/><E101/><V22/><F22/><W19/><G104/><T126/><D126/><U135/><E135/><V133/><F133/><W43/><G118/><T21/><D112/><U46/><E66/><V115/><F115/><W44/><G95/><T31/><D89/><U79/><E107/><V92/><F92/><W58/><G68/><T36/><D94/><U69/><E69/><V12/><F12/><N who="3" m="5199" /><G70/><T93/><D93/><RYUUKYOKU ba="1,1" sc="108,-10,332,-10,300,30,250,-10" hai2="3,6,11,13,17,20,25,28,34,50,55,59,61" /><INIT seed="6,2,1,5,1,38" ten="98,322,330,240" oya="2" hai0="87,23,4,19,64,70,41,51,46,73,74,108,24" hai1="28,12,10,49,1,14,21,92,29,5,2,7,118" hai2="0,53,71,13,72,75,134,3,30,57,88,115,97" hai3="129,69,63,59,31,68,44,106,98,110,96,126,133"/><V132/><F71/><W11/><G110/><T16/><D108/><U113/><E118/><V25/><F13/><N who="1" m="5225" /><E92/><N who="2" m="56455" /><F75/><W61/><G59/><T6/><D19/><U99/><E99/><V130/><F72/><W81/><G81/><T76/><D73/><U37/><E37/><V111/><F111/><W127/><G44/><T85/><D74/><U117/><E49/><N who="2" m="30895" /><F115/><W42/><G11/><T36/><D36/><U52/><E52/><V123/><F123/><W94/><G106/><T32/><D32/><U116/><E113/><V91/><F91/><W128/><G94/><T50/><D50/><U135/><E135/><N who="2" m="51755" /><F130/><W66/><G133/><T119/><D119/><N who="1" m="45643" /><E21/><AGARI ba="2,1" hai="0,3,21,25,30" m="51755,30895,56455" machi="21" ten="30,2900,0" yaku="20,1,54,1" doraHai="38" who="2" fromWho="1" sc="98,0,322,-35,330,45,240,0" /><INIT seed="6,3,0,1,4,130" ten="98,287,375,240" oya="2" hai0="44,42,79,15,107,60,17,76,20,48,59,129,14" hai1="92,119,19,57,86,97,4,125,75,134,122,68,40" hai2="87,94,84,69,22,3,37,105,9,7,1,83,132" hai3="109,99,123,89,28,34,45,127,62,102,77,47,74"/><V55/><F105/><W11/><G109/><T133/><D129/><U135/><E68/><V121/><F37/><W115/><G123/><T10/><D107/><U52/><E75/><V29/><F87/><W16/><G127/><T30/><D133/><N who="1" m="50699" /><E122/><V101/><F55/><W13/><G89/><T73/><D73/><U128/><E128/><V116/><F1/><W12/><G62/><T50/><D50/><N who="1" m="30871" /><E4/><V112/><F69/><W66/><G115/><T90/><D90/><N who="1" m="55447" /><E40/><V6/><F7/><W98/><G74/><T54/><REACH who="0" step="1"/><D30/><REACH who="0" ten="88,287,375,240" step="2"/><U33/><E125/><V39/><F132/><W31/><G31/><T108/><D108/><U81/><E119/><V113/><F29/><W24/><G28/><T8/><D8/><U78/><E33/><V104/><F116/><W21/><G11/><T110/><D110/><U64/><E19/><AGARI ba="3,1" hai="10,14,15,17,19,20,42,44,48,54,59,60,76,79" machi="19" ten="30,3900,0" yaku="1,1,7,1,8,1,53,0" doraHai="130" doraHaiUra="124" who="0" fromWho="1" sc="88,58,287,-48,375,0,240,0" /><INIT seed="7,0,0,5,1,125" ten="146,239,375,240" oya="3" hai0="34,45,41,112,44,39,53,73,52,88,122,106,94" hai1="31,83,105,119,66,74,132,56,133,103,48,64,13" hai2="135,87,75,114,131,90,26,3,69,78,80,65,51" hai3="10,33,0,25,68,111,71,2,50,104,116,81,118"/><W24/><G104/><T89/><D122/><U93/><E105/><V47/><F3/><N who="3" m="1067" /><G50/><T8/><D106/><U97/><E119/><N who="3" m="45610" /><G81/><T5/><D34/><U18/><E31/><V32/><F69/><N who="3" m="26699" /><G10/><T121/><D121/><U28/><E28/><V30/><F65/><W129/><G33/><T92/><D73/><U49/><E83/><V127/><F75/><W117/><N who="3" m="45618" /><W123/><DORA hai="76" /><G123/><T57/><D112/><U29/><E29/><V120/><F114/><W6/><G6/><T108/><D108/><U60/><E74/><V63/><F78/><W14/><G14/><T11/><D57/><U46/><E66/><V9/><F30/><W61/><G61/><T40/><D39/><U16/><E18/><V43/><F63/><W23/><G23/><T38/><D38/><U59/><E59/><V77/><F32/><W54/><G54/><T42/><D42/><U58/><E58/><V85/><F80/><W7/><G7/><AGARI ba="0,0" hai="5,7,8,11,40,41,44,45,52,53,88,89,92,94" machi="7" ten="25,8000,1" yaku="22,2,8,1,54,2" doraHai="125,76" who="0" fromWho="3" sc="146,80,239,0,375,0,240,-80" owari="226,-17.0,239,4.0,375,47.0,160,-34.0" /></mjloggm>