<mjloggm ver="2.3"><GO type="185" lobby="0"/><UN n0="%E3%81%AE%E3%83%BC%E3%81%97" n1="%E6%B5%B7%E8%83%86%E3%83%88%E3%83%AD%E7%83%8F%E8%B3%8A" n2="%E5%A4%9A%E6%9E%97%E6%99%8B" n3="" dan="18,18,16,0" rate="2279.40,2380.14,2199.90,1500.00" sx="M,M,M,C"/><TAIKYOKU oya="0"/><INIT seed="0,0,0,4,0,105" ten="350,350,350,0" oya="0" hai0="56,117,67,68,88,79,44,132,108,58,78,102,81" hai1="73,70,95,42,46,72,82,124,134,127,94,34,101" hai2="64,86,71,122,110,133,37,87,114,74,55,35,91" hai3=""/><T59/><D117/><U112/><E34/><V52/><N who="2" m="31264" /><V41/><F35/><T66/><D132/><U109/><E134/><V32/><F32/><T123/><N who="0" m="31520" /><T51/><D102/><U57/><E70/><V103/><F114/><T53/><D108/><U120/><N who="1" m="30752" /><U50/><E109/><V99/><F87/><T45/><D45/><U38/><E112/><V98/><F99/><T113/><D113/><U92/><E101/><V39/><F41/><T65/><D68/><U1/><E1/><V61/><F74/><T60/><D60/><U36/><E82/><V119/><F119/><T43/><D43/><U121/><N who="1" m="31008" /><U80/><E80/><V130/><F133/><T40/><D40/><U90/><E90/><V77/><F91/><T75/><D75/><N who="1" m="28747" /><E57/><V128/><F110/><T62/><D62/><U89/><E89/><V97/><F61/><T54/><D54/><U76/><E76/><V126/><F77/><T2/><D2/><U93/><N who="1" m="24064" /><DORA hai="106" /><U49/><E36/><V63/><F37/><T48/><D48/><U129/><E129/><V83/><F39/><T3/><D3/><U111/><E111/><V125/><F130/><T107/><D107/><U96/><E96/><V33/><F98/><RYUUKYOKU ba="0,0" sc="350,10,350,10,350,-20,0,0" hai0="44,51,53,56,58,59,65,66,67,78,79,81,88" hai1="38,42,46,49,50,124,127" /><INIT seed="0,1,0,4,0,104" ten="360,360,330,0" oya="0" hai0="48,62,134,113,109,129,70,43,1,115,83,77,32" hai1="131,90,111,78,57,130,66,85,2,69,41,75,65" hai2="68,114,108,40,39,96,107,92,33,84,52,93,35" hai3=""/><T122/><N who="0" m="31264" /><T79/><D1/><U47/><E2/><V58/><F114/><T117/><D117/><U132/><E111/><V34/><F68/><T120/><N who="0" m="30752" /><T37/><D32/><U101/><E69/><V60/><F108/><T38/><D109/><U112/><E112/><V55/><F107/><T105/><D105/><U67/><E132/><V42/><F39/><T72/><D134/><U98/><E57/><V64/><F84/><T133/><D37/><U106/><E78/><V73/><F73/><T127/><D133/><U125/><E125/><V126/><F126/><T94/><D38/><U119/><E75/><V135/><F135/><T103/><D70/><U71/><E119/><V45/><F45/><T54/><D72/><U44/><E71/><V116/><F116/><T81/><D127/><U88/><E90/><V74/><F74/><T99/><D115/><U63/><E63/><V86/><F33/><T128/><D113/><U87/><E87/><V124/><F124/><T51/><D129/><N who="1" m="49163" /><E41/><V61/><F86/><T53/><D128/><U50/><E50/><N who="0" m="18985" /><D43/><U59/><E59/><V3/><F3/><T36/><D62/><U123/><N who="1" m="31520" /><U76/><E76/><N who="0" m="29257" /><D36/><U110/><E110/><V89/><F34/><RYUUKYOKU ba="1,0" sc="360,10,360,10,330,-20,0,0" hai0="53,54,81,83,94,99,103" hai1="44,47,65,66,67,85,88,98,101,106" /><INIT seed="0,2,0,0,2,74" ten="370,370,310,0" oya="0" hai0="54,61,35,68,125,122,132,58,104,95,112,102,55" hai1="98,52,127,53,118,101,64,116,59,41,96,94,65" hai2="85,123,60,36,87,73,124,82,46,0,67,108,86" hai3=""/><T80/><N who="0" m="31264" /><T42/><D35/><U81/><E127/><V107/><N who="2" m="31520" /><V84/><F107/><T115/><D125/><U40/><E81/><V48/><F73/><T103/><D104/><U1/><E1/><V83/><F124/><T126/><D126/><U130/><E130/><V88/><F36/><T91/><D68/><U113/><E113/><V33/><F0/><T45/><D55/><U34/><E34/><V128/><F128/><T114/><D80/><U63/><E53/><V99/><F99/><T2/><D2/><U37/><E98/><V100/><F100/><T120/><N who="0" m="30752" /><T90/><D132/><U51/><E65/><V32/><F83/><T44/><D90/><U69/><E41/><V49/><F49/><T39/><REACH who="0" step="1"/><D45/><AGARI ba="2,0" hai="37,40,45,51,52,59,63,64,69,94,96,101,116,118" machi="45" ten="40,5200,0" yaku="24,2,54,1" doraHai="74" who="1" fromWho="0" sc="370,-56,370,56,310,0,0,0" /><INIT seed="1,0,0,1,0,102" ten="314,426,310,0" oya="1" hai0="107,83,33,60,76,127,94,98,69,133,52,34,126" hai1="134,46,106,97,71,66,62,61,131,96,32,119,67" hai2="54,103,135,93,49,58,91,38,88,116,129,47,43" hai3=""/><U125/><E119/><V59/><F116/><T104/><D133/><U112/><E112/><V1/><F1/><T75/><D33/><U35/><E131/><V101/><F135/><T0/><D0/><U85/><E134/><V63/><F129/><T108/><D108/><U113/><E113/><V3/><F91/><T92/><D92/><U117/><E117/><V87/><REACH who="2" step="1"/><F3/><REACH who="2" ten="314,426,300,0" step="2"/><T124/><D34/><U48/><E32/><V123/><N who="2" m="31520" /><V42/><F42/><T36/><D36/><U40/><E35/><V2/><F2/><T84/><D69/><U100/><E125/><V74/><F74/><T41/><D41/><U128/><E128/><V50/><F50/><T99/><D75/><U45/><E85/><V115/><F115/><T79/><D99/><U114/><E114/><V122/><N who="2" m="31264" /><V111/><F111/><T68/><D76/><U77/><E77/><V80/><F80/><T78/><D78/><U86/><E86/><V109/><F109/><T121/><N who="0" m="31008" /><T118/><D68/><U130/><E130/><V110/><F110/><T89/><D118/><U105/><E96/><V53/><AGARI ba="0,1" hai="38,43,47,49,53,54,58,59,63,87,88,93,101,103" m="31264,31520" machi="53" ten="20,12000,3" yaku="1,1,0,1,7,1,52,2,54,1,53,2" doraHai="102" doraHaiUra="55" who="2" fromWho="2" sc="314,-40,426,-80,300,130,0,0" /><INIT seed="2,0,0,4,4,32" ten="274,346,430,0" oya="2" hai0="128,82,81,1,117,104,64,101,85,43,57,0,105" hai1="113,97,53,116,44,122,42,48,59,41,52,65,102" hai2="106,55,33,92,45,112,109,39,70,87,67,78,133" hai3=""/><V91/><F33/><T76/><D117/><U89/><N who="1" m="31264" /><U127/><E116/><V110/><F112/><T95/><D128/><U98/><E113/><V84/><F106/><T37/><D104/><U79/><E127/><V126/><F126/><T49/><D105/><U100/><E79/><V134/><F67/><T115/><D115/><U60/><E89/><V75/><F70/><T111/><D111/><N who="2" m="42506" /><F75/><T123/><N who="0" m="31520" /><T66/><D37/><U61/><E100/><V114/><F114/><T107/><D107/><U132/><E132/><N who="2" m="50795" /><F78/><T118/><D118/><U93/><REACH who="1" step="1"/><E98/><REACH who="1" ten="274,336,430,0" step="2"/><V36/><F87/><T74/><D85/><U130/><E130/><V83/><F83/><T51/><D81/><U129/><E129/><V34/><F34/><T119/><D119/><U72/><E72/><V108/><F108/><T3/><D74/><U54/><E54/><V47/><F55/><T77/><D82/><U131/><E131/><V120/><N who="2" m="30752" /><V71/><F84/><T62/><D77/><U73/><E73/><V58/><F91/><T96/><D76/><U35/><E35/><V90/><F90/><T94/><D95/><U135/><E135/><V121/><F92/><T68/><D94/><U124/><E124/><V125/><F125/><RYUUKYOKU ba="0,1" sc="274,-10,336,20,430,-10,0,0" hai1="41,42,44,48,52,53,59,60,61,65,93,97,102" /><INIT seed="4,1,1,1,0,111" ten="264,356,420,0" oya="0" hai0="105,121,107,33,89,127,122,83,135,134,131,88,1" hai1="133,116,62,109,113,129,86,117,110,93,65,98,55" hai2="41,69,73,104,92,125,32,71,126,59,44,52,35" hai3=""/><T132/><N who="0" m="31008" /><T60/><N who="0" m="31264" /><T114/><D1/><U91/><E133/><V67/><F104/><N who="0" m="40010" /><D33/><U124/><E124/><N who="2" m="47723" /><F73/><T47/><D127/><U53/><E110/><V42/><F92/><T36/><D131/><U115/><E129/><V97/><F97/><T0/><D0/><U66/><E109/><V39/><F41/><T95/><D83/><U68/><E66/><V120/><N who="2" m="30752" /><V51/><F67/><T87/><D89/><U63/><E53/><V94/><F94/><T50/><D36/><U96/><E96/><V56/><F59/><T128/><D128/><U74/><E74/><V119/><F119/><T2/><D2/><U79/><E117/><V76/><F76/><T75/><D75/><U80/><REACH who="1" step="1"/><E116/><REACH who="1" ten="264,346,420,0" step="2"/><V99/><F99/><T43/><D60/><U123/><N who="1" m="31520" /><U48/><E48/><V3/><F3/><T70/><D70/><AGARI ba="1,2" hai="32,35,39,42,44,51,52,56,69,70,71" m="30752,47723" machi="70" ten="30,3900,0" yaku="18,1,52,1,54,1" doraHai="111" who="2" fromWho="0" sc="264,-41,346,0,420,61,0,0" /><INIT seed="5,0,0,1,3,130" ten="223,346,481,0" oya="1" hai0="50,112,101,48,77,83,35,94,49,1,122,118,43" hai1="88,99,121,113,37,96,40,70,51,3,42,44,119" hai2="79,123,61,109,58,32,53,57,65,78,95,117,63" hai3=""/><U68/><N who="1" m="31008" /><U105/><E119/><V92/><N who="2" m="31520" /><V110/><F32/><T46/><N who="0" m="31264" /><T93/><D35/><U131/><E3/><V124/><F124/><T55/><D1/><U89/><E131/><V108/><F117/><T64/><D118/><U97/><E105/><V98/><REACH who="2" step="1"/><F95/><REACH who="2" ten="223,346,471,0" step="2"/><T38/><D112/><U59/><E113/><V76/><F76/><T74/><D101/><AGARI ba="0,1" hai="53,57,58,61,63,65,78,79,92,98,101,108,109,110" m="31520" machi="101" ten="40,8000,1" yaku="1,1,52,1,53,2" doraHai="130" doraHaiUra="73" who="2" fromWho="0" sc="223,-80,346,0,471,90,0,0" /><INIT seed="6,0,0,3,3,81" ten="143,346,561,0" oya="2" hai0="100,110,49,87,127,52,132,91,1,108,73,77,124" hai1="128,32,98,112,63,83,89,0,48,120,54,2,35" hai2="118,37,62,97,72,39,101,107,122,131,109,59,104" hai3=""/><V103/><N who="2" m="31264" /><V36/><F72/><T105/><D1/><U74/><N who="1" m="30752" /><U42/><E112/><V93/><F131/><T114/><D114/><U95/><E128/><V45/><F118/><T134/><D52/><U79/><E63/><V85/><F109/><T84/><D49/><U58/><E42/><V69/><F69/><T65/><D65/><U80/><E80/><V78/><F107/><T96/><D73/><U111/><E111/><N who="0" m="42537" /><D77/><U130/><E130/><V113/><F104/><T41/><D41/><U119/><E0/><V70/><F78/><T90/><D90/><U99/><E2/><V126/><F36/><T82/><D82/><U117/><E74/><V106/><F37/><T47/><D47/><U60/><E83/><V75/><F75/><T34/><D34/><U135/><E79/><V125/><F39/><T61/><D61/><U50/><E32/><V44/><F113/><T67/><D67/><U115/><E35/><V116/><F70/><T53/><D53/><U94/><E115/><V86/><F44/><T133/><D91/><U71/><E48/><V56/><F62/><T64/><D64/><U92/><E50/><V68/><F45/><T102/><D102/><U57/><E60/><V51/><F51/><RYUUKYOKU ba="0,0" sc="143,20,346,-10,561,-10,0,0" hai0="84,87,96,100,105,124,127,132,133,134" owari="163,-44.0,336,-6.0,551,50.0,0,0.0" /></mjloggm>