<mjloggm ver="2.3"><GO type="169" lobby="0"/><UN n0="%E5%AE%89%E8%89%AF%E5%B2%A1%E8%8A%B1%E7%81%AB" n1="%E7%83%8F%E8%B3%8A%E4%B9%8B%E8%BC%94" n2="%E2%80%A0%E6%B0%B4%E9%8A%80%E7%87%88%E2%80%A0" n3="%E3%81%84%E3%81%84%E3%81%9E" dan="16,17,16,16" rate="2090.32,2217.73,2150.43,2136.12" sx="M,M,F,M"/><TAIKYOKU oya="0"/><INIT seed="0,0,0,4,5,4" ten="250,250,250,250" oya="0" hai0="98,26,73,76,127,77,46,114,89,102,59,43,36" hai1="3,111,58,78,52,2,24,15,16,40,101,31,93" hai2="132,17,80,45,7,28,88,103,20,126,74,104,120" hai3="54,38,8,22,94,41,105,37,113,106,18,122,48"/><T39/><D114/><U116/><E116/><V86/><F120/><W133/><G113/><T63/><D127/><U27/><E111/><V67/><F126/><W99/><G133/><T100/><D89/><U85/><E40/><V61/><F132/><W64/><G64/><T44/><D73/><U66/><E66/><V91/><F74/><W118/><G118/><T5/><D5/><U121/><E121/><V60/><F28/><W71/><G71/><T135/><D135/><U108/><E108/><V30/><F30/><W84/><G84/><T81/><D81/><U110/><E110/><V87/><F7/><W130/><G41/><T56/><D26/><N who="1" m="9771" /><E31/><V11/><F45/><W19/><G54/><T13/><D13/><U109/><E3/><V9/><F103/><W1/><G94/><T134/><D134/><U25/><E25/><N who="2" m="14479" /><F104/><W107/><G105/><T29/><D29/><U35/><E35/><V34/><F34/><W0/><G107/><T55/><D43/><U50/><E2/><V123/><F123/><W32/><G106/><T62/><D55/><U68/><E68/><V47/><F47/><W112/><G32/><T125/><D125/><U23/><E109/><V33/><F33/><W128/><G112/><T6/><D6/><U117/><E117/><V57/><F61/><W49/><G122/><T65/><D65/><U129/><E129/><V42/><F42/><W70/><G1/><T72/><D72/><U95/><E101/><V83/><AGARI ba="0,0" hai="9,11,57,60,67,80,83,86,87,88,91" m="14479" machi="83" ten="30,7900,0" yaku="8,1,52,2,54,1" doraHai="4" who="2" fromWho="2" sc="250,-39,250,-20,250,79,250,-20" /><INIT seed="1,0,0,2,4,31" ten="211,230,329,230" oya="1" hai0="14,97,22,10,54,83,109,36,101,133,77,104,125" hai1="4,87,49,74,33,86,43,18,32,34,38,90,129" hai2="45,40,42,131,122,1,59,84,37,51,105,98,107" hai3="100,113,62,82,7,92,55,3,21,23,118,5,124"/><U48/><E74/><V29/><F122/><W73/><G113/><T121/><D121/><U94/><E4/><V56/><F1/><W135/><G124/><T12/><D125/><U16/><E129/><V81/><F131/><W127/><G127/><T132/><D109/><U65/><E38/><V111/><F111/><W47/><G135/><N who="0" m="51787" /><D36/><U71/><E86/><V114/><F114/><W57/><G73/><N who="0" m="43439" /><D22/><N who="3" m="8201" /><G3/><T70/><D70/><U20/><E43/><V64/><F29/><W99/><G118/><T108/><D108/><U28/><E28/><V123/><F123/><W60/><G47/><T115/><D115/><U17/><REACH who="1" step="1"/><E20/><REACH who="1" ten="211,220,329,230" step="2"/><V80/><F42/><W24/><G7/><T15/><D54/><U52/><E52/><V72/><F84/><W58/><G5/><AGARI ba="0,1" hai="5,10,12,14,15,97,101,104" m="43439,51787" machi="5" ten="30,1000,0" yaku="20,1" doraHai="31" who="0" fromWho="3" sc="211,20,220,0,329,0,230,-10" /><INIT seed="2,0,0,5,2,100" ten="231,220,329,220" oya="2" hai0="61,70,75,17,128,78,103,122,104,15,46,92,41" hai1="133,126,106,69,39,33,116,47,67,26,8,105,85" hai2="55,48,24,83,35,38,59,65,20,62,119,77,49" hai3="3,13,115,16,7,72,96,23,81,54,87,94,1"/><V109/><F119/><W71/><G115/><T90/><D122/><U21/><E116/><V93/><F38/><W58/><G71/><T57/><D128/><U132/><E33/><V9/><F35/><W113/><G113/><T28/><D70/><U40/><E126/><V101/><F109/><W74/><G7/><T45/><D28/><U5/><E85/><V14/><F101/><W52/><G54/><T118/><D118/><U27/><E67/><V86/><F93/><W108/><G108/><T129/><D129/><U102/><E102/><V36/><F36/><W0/><G96/><T76/><D104/><N who="1" m="40043" /><E21/><V97/><F97/><W12/><G94/><T80/><D103/><U123/><E69/><V125/><F125/><W44/><G44/><T37/><D46/><U127/><E127/><V43/><F43/><W98/><G12/><T53/><D75/><U32/><E123/><V111/><F111/><W18/><G18/><T88/><D90/><U107/><N who="1" m="40051" /><U63/><DORA hai="131" /><E63/><V56/><F65/><W42/><G42/><T110/><D110/><U11/><E11/><V4/><REACH who="2" step="1"/><F59/><REACH who="2" ten="231,220,319,220" step="2"/><W121/><G98/><T120/><D57/><U114/><E114/><V84/><F84/><W22/><G121/><T51/><D120/><U135/><E32/><V124/><F124/><W29/><G72/><T130/><D130/><U64/><E64/><V117/><F117/><W25/><G74/><T99/><D99/><U30/><E30/><AGARI ba="0,1" hai="4,9,14,20,24,30,48,49,55,56,62,77,83,86" machi="30" ten="30,11600,0" yaku="1,1,7,1,8,1,53,1" doraHai="100,131" doraHaiUra="60,2" who="2" fromWho="1" sc="231,0,220,-116,319,126,220,0" /><INIT seed="2,1,0,5,5,14" ten="231,104,445,220" oya="2" hai0="9,19,55,119,28,78,106,31,120,22,115,27,124" hai1="4,10,67,44,65,102,92,34,0,64,76,71,38" hai2="49,83,99,54,17,132,32,113,81,50,117,23,69" hai3="24,48,80,104,82,93,95,89,43,128,33,103,5"/><V7/><F113/><W25/><G104/><T98/><D120/><U47/><E34/><V13/><F117/><W11/><G128/><T110/><D115/><U18/><E71/><V40/><F132/><W21/><G33/><T15/><D110/><U73/><E102/><V29/><F69/><W107/><G107/><T1/><D124/><U84/><E84/><V72/><F72/><W52/><G43/><T133/><D133/><U87/><E87/><V85/><F40/><W41/><G41/><T51/><D78/><U114/><E114/><V68/><F68/><W75/><G25/><T127/><D127/><U126/><E126/><V109/><F109/><W46/><G103/><T77/><D77/><U62/><E62/><V91/><F99/><W56/><G46/><T30/><D106/><U36/><E92/><V122/><F122/><W3/><G75/><T129/><D119/><U134/><E134/><V58/><F7/><W35/><G35/><T59/><D129/><U12/><E38/><V123/><F123/><W111/><G95/><T57/><D98/><U2/><E2/><V88/><F49/><W42/><G42/><T131/><D131/><U39/><E39/><V130/><F130/><W61/><G48/><N who="0" m="30951" /><D1/><U8/><REACH who="1" step="1"/><E36/><REACH who="1" ten="231,94,445,220" step="2"/><V90/><REACH who="2" step="1"/><F85/><REACH who="2" ten="231,94,435,220" step="2"/><W108/><G111/><T96/><D96/><U121/><E121/><V53/><F53/><AGARI ba="1,2" hai="9,15,19,22,27,28,30,31,51,53,59" m="30951" machi="53" ten="30,2000,0" yaku="8,1,52,1" doraHai="14" who="0" fromWho="2" sc="231,43,94,0,435,-23,220,0" /><INIT seed="3,0,0,2,5,135" ten="274,94,412,220" oya="3" hai0="50,41,98,87,77,115,123,82,23,12,31,34,39" hai1="113,67,9,103,66,63,10,35,99,1,56,6,120" hai2="107,84,116,86,53,30,114,16,117,93,45,71,130" hai3="62,29,127,58,125,90,89,110,79,21,7,15,28"/><W40/><G79/><T122/><D115/><U60/><E113/><V48/><F107/><W8/><G40/><T38/><D34/><U111/><E111/><V109/><F114/><W55/><G110/><T18/><D31/><U32/><E120/><V14/><F109/><W36/><G36/><T102/><D50/><U94/><REACH who="1" step="1"/><E10/><REACH who="1" ten="274,84,412,220" step="2"/><V20/><F130/><W132/><G132/><T91/><D123/><U69/><AGARI ba="0,1" hai="1,6,9,32,35,56,60,63,66,67,69,94,99,103" machi="69" ten="20,8000,1" yaku="1,1,2,1,0,1,7,1,53,1" doraHai="135" doraHaiUra="97" who="1" fromWho="1" sc="274,-20,84,90,412,-20,220,-40" /><INIT seed="4,0,0,0,3,130" ten="254,174,392,180" oya="0" hai0="54,109,96,46,94,22,35,92,56,118,132,107,55" hai1="131,1,71,75,97,9,111,34,115,76,41,101,91" hai2="3,15,126,36,70,86,6,17,37,127,79,83,48" hai3="59,49,68,31,30,65,67,50,128,105,26,74,2"/><T62/><D118/><U44/><E111/><V129/><F70/><W72/><G128/><T11/><D109/><U120/><E131/><V8/><F129/><W38/><G38/><T103/><D35/><U29/><E91/><V58/><F48/><W113/><G2/><T82/><D132/><U99/><E99/><V78/><F78/><W27/><G59/><T25/><D11/><U121/><E115/><V53/><F53/><W33/><G113/><T87/><D46/><U20/><E20/><N who="2" m="11327" /><F58/><W93/><G93/><T16/><REACH who="0" step="1"/><D55/><REACH who="0" ten="244,174,392,180" step="2"/><U43/><E34/><V52/><F52/><W119/><G33/><T32/><D32/><U104/><E9/><V88/><F37/><W106/><G119/><T80/><D80/><U23/><E44/><V19/><F36/><W66/><G66/><T89/><AGARI ba="0,1" hai="16,22,25,54,56,62,82,87,89,92,94,96,103,107" machi="89" ten="20,7800,0" yaku="1,1,0,1,7,1,54,1,53,0" doraHai="130" doraHaiUra="110" who="0" fromWho="0" sc="244,88,174,-26,392,-26,180,-26" /><INIT seed="4,1,0,1,2,95" ten="332,148,366,154" oya="0" hai0="52,33,90,65,99,4,78,44,107,87,104,53,91" hai1="13,20,56,24,70,134,74,85,93,26,28,108,10" hai2="5,68,66,40,124,131,23,34,47,48,21,98,15" hai3="3,1,102,76,46,103,61,7,27,122,72,12,16"/><T57/><D33/><U0/><E74/><V59/><F34/><W9/><G122/><T109/><D109/><U17/><E70/><V69/><F131/><W96/><G61/><T86/><D78/><U8/><E108/><V38/><F124/><W41/><G27/><T117/><D117/><U62/><E134/><V2/><F2/><W51/><G103/><T116/><D116/><U83/><E0/><V115/><F115/><W105/><REACH who="3" step="1"/><G7/><REACH who="3" ten="332,148,366,144" step="2"/><T75/><D65/><U133/><E133/><V126/><F5/><W31/><G31/><T49/><D4/><U22/><E26/><V125/><F66/><W130/><G130/><T106/><D75/><U114/><E114/><V50/><F125/><W18/><G18/><T29/><D29/><U79/><REACH who="1" step="1"/><E93/><REACH who="1" ten="332,138,366,144" step="2"/><V128/><F128/><W55/><G55/><AGARI ba="1,2" hai="8,10,13,17,20,22,24,28,55,56,62,79,83,85" machi="55" ten="30,12000,2" yaku="1,1,2,1,7,1,8,1,53,2" doraHai="95" doraHaiUra="19" who="1" fromWho="3" sc="332,0,138,143,366,0,144,-123" /><INIT seed="5,0,0,2,1,80" ten="332,281,366,21" oya="1" hai0="37,117,61,113,108,104,132,56,73,13,49,6,16" hai1="86,59,112,91,79,102,38,1,66,120,40,109,47" hai2="42,22,51,55,52,98,35,3,101,89,78,74,15" hai3="20,54,2,25,14,58,105,18,60,119,62,122,8"/><U116/><E120/><V23/><F35/><W4/><G122/><T72/><D108/><U84/><E116/><V88/><F3/><W9/><G105/><T48/><D117/><U24/><E109/><V63/><F74/><W124/><G124/><T19/><D37/><U64/><E1/><V11/><F78/><W29/><G119/><T85/><D113/><U121/><E121/><V30/><F42/><W41/><G41/><T36/><D36/><U76/><E112/><V34/><F34/><W131/><G131/><T71/><D104/><U83/><E102/><V107/><F63/><W99/><G99/><T17/><D132/><U65/><E24/><V110/><F55/><W7/><G7/><T95/><D71/><U45/><E45/><V96/><F30/><W33/><REACH who="3" step="1"/><G9/><REACH who="3" ten="332,281,366,11" step="2"/><T31/><D6/><U39/><E39/><V103/><F110/><W115/><G115/><T93/><D19/><U0/><E0/><V43/><F43/><W125/><G125/><T126/><D16/><U81/><E91/><V90/><F98/><W10/><G10/><T27/><D17/><U70/><E70/><V123/><F123/><W21/><G21/><N who="2" m="7689" /><F96/><W128/><G128/><T97/><D97/><U92/><E92/><V133/><F107/><W111/><G111/><T130/><D95/><U127/><E127/><V44/><F133/><W53/><G53/><T82/><D93/><U87/><E87/><V75/><F75/><W57/><G57/><AGARI ba="0,1" hai="38,40,47,57,59,64,65,66,76,79,81,83,84,86" machi="57" ten="40,7700,0" yaku="9,1,52,2" doraHai="80" who="1" fromWho="3" sc="332,0,281,87,366,0,11,-77" owari="332,-7.0,368,47.0,366,17.0,-66,-57.0" /></mjloggm>