<mjloggm ver="2.3"><GO type="169" lobby="0"/><UN n0="%63%61%74%6D%65%56%47%43" n1="%74%6F%6D%75%74%6F%6D%69" n2="%73%69%6E%34%36" n3="%75%72%61%74%61%6D%61" dan="16,16,16,16" rate="2176.80,2073.67,2172.94,2066.32" sx="M,M,M,M"/><TAIKYOKU oya="0"/><INIT seed="0,0,0,0,4,82" ten="250,250,250,250" oya="0" hai0="135,119,80,110,121,65,103,122,124,117,92,89,134" hai1="129,19,75,93,53,113,29,91,11,8,70,22,104" hai2="36,54,86,84,73,94,128,102,88,125,131,14,6" hai3="27,123,23,3,55,71,81,17,33,67,39,63,12"/><T97/><D65/><U40/><E75/><V26/><F73/><W30/><G39/><T45/><D45/><U74/><E74/><V96/><F36/><W15/><G123/><N who="0" m="47115" /><D124/><U83/><E104/><V35/><F125/><W44/><G55/><T18/><D18/><U90/><E70/><V126/><F126/><W112/><G44/><T72/><D110/><U43/><E129/><N who="2" m="49739" /><F54/><W118/><G118/><T48/><D48/><U24/><E113/><V50/><F50/><W9/><G112/><T32/><D32/><U76/><E76/><V10/><F102/><W61/><G63/><T42/><D42/><U38/><E38/><V46/><F46/><W69/><G81/><T62/><D62/><U4/><E90/><V58/><F58/><W56/><REACH who="3" step="1"/><G15/><REACH who="3" ten="250,250,250,240" step="2"/><T107/><D80/><U130/><E83/><V68/><F68/><W49/><G49/><T13/><D13/><U41/><E130/><V98/><F96/><W25/><G25/><T66/><D66/><U133/><E53/><V132/><F132/><N who="0" m="50730" /><D72/><U20/><E133/><V64/><F64/><W52/><G52/><T60/><D60/><U28/><E43/><V111/><F111/><W108/><G108/><T79/><D79/><U85/><E41/><V95/><F94/><W37/><G37/><T105/><D107/><U120/><E40/><V59/><F59/><W21/><G21/><T57/><D57/><U100/><E120/><V2/><F14/><W116/><G116/><T1/><D1/><U78/><E22/><V51/><F51/><W0/><G0/><T99/><AGARI ba="0,1" hai="89,92,97,99,103,105,117,119" m="50730,47115" machi="99" ten="40,7800,0" yaku="20,1,34,2" doraHai="82" who="0" fromWho="0" sc="250,88,250,-26,250,-26,240,-26" /><INIT seed="0,1,0,2,3,100" ten="338,224,224,214" oya="0" hai0="89,105,80,92,74,117,107,78,46,98,18,129,30" hai1="75,13,56,29,21,49,63,19,52,91,125,51,33" hai2="97,69,126,42,10,34,120,36,102,87,131,133,118" hai3="90,95,128,77,50,71,22,111,0,40,68,66,72"/><T43/><D117/><U3/><E75/><V115/><RYUUKYOKU type="yao9" ba="1,0" sc="338,0,224,0,224,0,214,0" hai2="10,34,36,42,69,87,97,102,115,118,120,126,131,133" /><INIT seed="0,2,0,3,0,128" ten="338,224,224,214" oya="0" hai0="11,51,61,100,27,57,113,116,94,97,23,16,73" hai1="39,9,64,18,4,31,96,32,59,77,2,3,22" hai2="58,62,53,47,112,81,1,43,40,133,120,85,19" hai3="6,79,98,105,37,72,70,56,101,48,84,60,87"/><T54/><D113/><U71/><E39/><V5/><F120/><W95/><G37/><T63/><D116/><U83/><E71/><V104/><F104/><W66/><G6/><T15/><REACH who="0" step="1"/><D73/><REACH who="0" ten="328,224,224,214" step="2"/><U34/><E77/><V82/><F112/><W42/><G72/><T55/><D55/><U107/><E64/><V24/><F43/><W20/><G79/><T132/><D132/><U134/><E134/><V44/><F133/><W90/><G42/><T92/><D92/><U75/><E107/><V26/><F40/><W103/><G105/><T68/><D68/><U45/><E75/><V80/><F53/><W29/><G70/><T65/><D65/><U99/><E83/><V126/><F81/><W124/><G66/><T130/><D130/><U114/><E114/><V46/><F80/><W129/><G95/><T121/><D121/><U135/><E135/><V69/><F69/><W118/><G118/><T89/><D89/><U13/><E99/><V115/><F115/><W86/><G90/><T25/><D25/><U102/><E96/><V88/><F24/><W7/><G98/><T110/><D110/><U8/><E102/><V49/><F88/><W131/><G101/><T52/><D52/><U127/><E127/><V35/><F82/><W119/><G103/><T36/><D36/><U33/><E45/><V78/><F46/><W21/><G119/><T41/><D41/><U0/><E59/><V14/><F47/><W125/><G129/><T17/><AGARI ba="2,1" hai="11,15,16,17,23,27,51,54,57,61,63,94,97,100" machi="17" ten="20,12000,1" yaku="1,1,0,1,7,1,8,1,54,1,53,0" doraHai="128" doraHaiUra="109" who="0" fromWho="0" sc="328,136,224,-42,224,-42,214,-42" /><INIT seed="0,3,0,4,2,115" ten="464,182,182,172" oya="0" hai0="45,60,62,24,107,50,37,72,135,13,114,44,76" hai1="70,63,130,67,99,41,7,95,77,121,57,69,125" hai2="126,111,21,54,102,3,22,51,97,104,86,119,124" hai3="0,81,11,28,87,74,91,55,8,65,10,46,18"/><T68/><D114/><U64/><E121/><V59/><F111/><W34/><G74/><T112/><D112/><U56/><E7/><V1/><F86/><W27/><G65/><T93/><D107/><U123/><E123/><V120/><F120/><W110/><G110/><T134/><D72/><U80/><E130/><V36/><F36/><W25/><G25/><T84/><D24/><U52/><E125/><N who="2" m="48235" /><F119/><W82/><G82/><N who="0" m="47175" /><D37/><U38/><E67/><V20/><AGARI ba="3,0" hai="1,3,20,21,22,51,54,59,97,102,104" m="48235" machi="20" ten="30,1100,0" yaku="18,1" doraHai="115" who="2" fromWho="2" sc="464,-8,182,-6,182,20,172,-6" /><INIT seed="1,0,0,3,2,90" ten="456,176,202,166" oya="1" hai0="46,119,40,74,0,38,89,55,16,60,100,125,105" hai1="58,64,121,25,85,110,94,77,134,87,129,20,76" hai2="131,10,102,48,96,3,32,132,104,117,67,103,79" hai3="26,35,15,75,88,107,114,47,21,101,56,39,109"/><U130/><E121/><V91/><F32/><W71/><G35/><T78/><D119/><U13/><E134/><V59/><F132/><W65/><G71/><T57/><D125/><U50/><E13/><V70/><F117/><W43/><G75/><T8/><D0/><U36/><E36/><V28/><F28/><W17/><G114/><T86/><D74/><U127/><E127/><V98/><F79/><W133/><G109/><T6/><D78/><U115/><E115/><V116/><F91/><W63/><G133/><T24/><D6/><U11/><E11/><V108/><F70/><W2/><G2/><T54/><D100/><U126/><E126/><V62/><F108/><W19/><G101/><T69/><D69/><U135/><E135/><V82/><F82/><W124/><G107/><T72/><D72/><U113/><E87/><V112/><F48/><W41/><G43/><T99/><D99/><U120/><E120/><V23/><F23/><W118/><G118/><T111/><D105/><U5/><E5/><V51/><F51/><W80/><G124/><T9/><D111/><U4/><E4/><N who="2" m="1311" /><F116/><W31/><REACH who="3" step="1"/><G15/><REACH who="3" ten="456,176,202,156" step="2"/><T7/><D40/><U30/><E110/><V84/><F103/><W83/><G83/><T73/><D73/><U53/><E113/><V95/><F102/><W22/><G22/><T34/><D34/><U14/><E14/><V44/><F104/><W49/><G49/><T123/><D123/><U27/><E27/><V33/><F33/><W66/><G66/><N who="0" m="39183" /><D24/><U12/><E12/><V18/><F112/><W93/><G93/><N who="0" m="54455" /><D8/><U45/><E25/><RYUUKYOKU ba="0,1" sc="456,-10,176,-10,202,-10,156,30" hai3="17,19,21,26,31,39,41,47,56,63,65,80,88" /><INIT seed="2,1,1,5,3,29" ten="446,166,192,186" oya="2" hai0="61,60,45,116,130,19,117,93,55,21,1,89,31" hai1="6,68,7,10,76,104,107,56,108,11,110,0,67" hai2="90,50,3,65,30,75,129,36,97,43,121,92,123" hai3="70,73,120,115,74,133,66,35,71,25,113,5,103"/><V95/><F3/><W57/><G120/><T13/><D1/><U53/><E76/><V54/><F75/><N who="3" m="28683" /><G57/><T98/><D130/><U88/><E67/><V80/><F65/><W122/><G122/><T22/><D31/><U100/><E68/><N who="3" m="26154" /><G66/><T111/><D111/><N who="1" m="42539" /><E100/><V134/><F129/><W28/><G103/><T96/><D96/><U26/><E26/><V41/><F80/><W47/><G47/><T125/><D125/><U94/><E10/><V118/><F118/><N who="0" m="45674" /><D21/><U49/><E6/><V59/><F121/><W131/><G131/><T86/><D86/><AGARI ba="1,1" hai="0,7,11,49,53,56,86,88,94,104,107" m="42539" machi="86" ten="30,2000,0" yaku="14,1,54,1" doraHai="29" who="1" fromWho="0" sc="446,-23,166,33,192,0,186,0" /><INIT seed="3,0,0,3,4,42" ten="423,199,192,186" oya="3" hai0="51,111,129,69,133,0,7,80,28,30,132,99,48" hai1="118,2,78,13,87,83,35,70,5,26,57,115,20" hai2="94,107,82,119,125,108,104,97,73,61,1,12,96" hai3="40,85,134,121,126,34,9,65,52,4,14,122,54"/><W21/><G34/><T16/><D69/><U36/><E115/><V86/><F1/><W67/><G134/><N who="0" m="51819" /><D0/><U100/><E70/><V120/><F61/><W56/><G126/><T105/><D7/><U45/><E35/><V71/><F12/><W109/><G109/><T112/><D111/><U19/><E2/><V130/><F71/><W27/><G40/><T23/><D129/><U116/><E100/><N who="2" m="60439" /><F108/><W53/><G121/><T33/><D80/><U124/><E124/><V8/><F8/><W43/><G43/><T6/><D6/><U114/><E114/><V123/><F119/><N who="1" m="45609" /><E57/><V59/><F59/><W74/><G74/><T90/><D33/><U10/><E36/><V92/><F73/><W76/><G122/><N who="2" m="46633" /><F130/><W32/><G32/><T117/><D112/><U47/><AGARI ba="0,0" hai="5,10,13,19,20,26,45,47,78,83,87" m="45609" machi="47" ten="30,4000,0" yaku="12,1,52,2" doraHai="42" who="1" fromWho="1" sc="423,-10,199,40,192,-10,186,-20" /><INIT seed="4,0,0,4,2,47" ten="413,239,182,166" oya="0" hai0="41,38,120,56,97,94,7,75,102,87,124,73,44" hai1="98,9,109,101,89,59,35,60,68,65,122,107,53" hai2="76,20,4,125,50,105,79,110,3,6,82,23,119" hai3="77,85,58,93,113,18,61,52,66,99,64,25,24"/><T88/><D124/><U57/><E109/><V31/><F125/><W128/><G128/><T126/><D120/><U62/><E122/><V34/><F105/><W8/><G113/><T26/><D126/><U10/><E89/><V134/><F110/><W43/><G43/><T133/><D133/><U115/><E115/><V129/><F34/><W100/><G8/><T14/><D7/><U17/><E17/><V37/><F37/><W81/><G18/><T40/><D40/><U121/><E121/><V1/><F82/><W39/><G39/><T28/><D56/><U130/><E130/><V96/><F96/><W67/><AGARI ba="0,0" hai="24,25,52,58,61,64,66,67,77,81,85,93,99,100" machi="67" ten="30,4000,0" yaku="0,1,8,1,54,1" doraHai="47" who="3" fromWho="3" sc="413,-20,239,-10,182,-10,166,40" /><INIT seed="5,0,0,4,1,54" ten="393,229,172,206" oya="1" hai0="42,36,118,59,75,98,133,89,47,32,19,62,39" hai1="13,31,21,44,96,26,79,95,38,123,71,115,29" hai2="72,76,11,67,24,99,14,90,57,28,23,70,86" hai3="77,132,117,84,17,135,121,114,43,7,52,6,58"/><U83/><E123/><V82/><F70/><W50/><G114/><T120/><D118/><U46/><E115/><V61/><F99/><W33/><G33/><T60/><D75/><U66/><E38/><V93/><F14/><W55/><G43/><T124/><D32/><U94/><E95/><V91/><F11/><W111/><G17/><T65/><D19/><U45/><E13/><V4/><F4/><W103/><G103/><T22/><D22/><U81/><E31/><V102/><F91/><W92/><G111/><T49/><D89/><U100/><E71/><V131/><REACH who="2" step="1"/><F102/><REACH who="2" ten="393,229,162,206" step="2"/><W20/><G121/><T18/><D98/><U2/><E2/><V64/><F64/><W74/><G117/><T126/><D120/><U48/><E79/><V116/><F116/><W110/><G110/><T129/><D65/><U108/><E108/><V87/><F87/><W101/><G101/><T113/><D113/><U56/><REACH who="1" step="1"/><E48/><REACH who="1" ten="393,219,162,206" step="2"/><V41/><F41/><W73/><G77/><T9/><D49/><U130/><E130/><AGARI ba="0,2" hai="23,24,28,57,61,67,72,76,82,86,90,93,130,131" machi="130" ten="40,2600,0" yaku="1,1,52,1,53,0" doraHai="54" doraHaiUra="34" who="2" fromWho="1" sc="393,0,219,-26,162,46,206,0" /><INIT seed="6,0,0,2,0,12" ten="393,193,208,206" oya="2" hai0="39,52,49,115,9,109,121,105,134,92,129,7,112" hai1="8,81,131,75,60,128,19,33,0,107,108,27,34" hai2="100,99,21,82,62,72,26,103,117,40,30,96,135" hai3="1,20,10,73,102,37,93,111,56,64,36,69,124"/><V17/><F117/><W65/><G73/><T70/><D109/><U14/><E108/><V78/><F135/><W4/><G69/><T55/><D121/><U94/><E107/><V28/><F40/><W22/><G124/><T97/><D39/><U29/><E60/><V123/><F123/><W61/><G111/><T13/><D70/><U42/><E42/><V90/><F90/><W84/><G64/><T114/><D105/><U24/><E94/><V80/><F82/><W41/><G41/><T132/><D129/><N who="1" m="49739" /><E81/><V127/><F127/><W38/><REACH who="3" step="1"/><G84/><REACH who="3" ten="393,193,208,196" step="2"/><T95/><D55/><U88/><E75/><V130/><F130/><W91/><G91/><T59/><D97/><AGARI ba="0,1" hai="1,4,10,20,22,36,37,38,56,61,65,93,97,102" machi="97" ten="40,2600,0" yaku="1,1,53,1" doraHai="12" doraHaiUra="2" who="3" fromWho="0" sc="393,-26,193,0,208,0,196,36" /><INIT seed="7,0,0,1,0,67" ten="367,193,208,232" oya="3" hai0="36,24,16,7,90,12,23,78,37,92,128,46,42" hai1="40,74,72,34,135,43,99,112,45,117,108,58,87" hai2="130,66,133,77,113,97,61,29,121,2,41,1,132" hai3="31,120,123,53,127,85,21,119,84,60,4,96,59"/><W15/><G119/><T54/><D128/><U55/><E108/><V110/><F110/><W80/><G127/><T50/><D78/><U33/><E117/><V94/><F130/><W82/><G123/><T38/><D7/><U9/><E112/><V49/><F29/><W35/><G35/><T126/><D126/><U5/><E135/><N who="2" m="51787" /><F77/><W83/><G120/><T10/><D10/><U103/><E87/><V86/><F86/><W0/><G0/><T13/><D42/><U79/><E43/><V134/><N who="2" m="51795" /><V125/><DORA hai="89" /><F125/><W131/><G131/><T25/><REACH who="0" step="1"/><D12/><REACH who="0" ten="357,193,208,232" step="2"/><U100/><E9/><V65/><F1/><W32/><G4/><T101/><D101/><U111/><E103/><V19/><F2/><W114/><G15/><T28/><D28/><U70/><E5/><V11/><F11/><W116/><G116/><T129/><D129/><U14/><E14/><V91/><F121/><W6/><G6/><T56/><D56/><U3/><E3/><V95/><F113/><W81/><G114/><T30/><D30/><U105/><E70/><V64/><F19/><W39/><G83/><T8/><D8/><U122/><E122/><V27/><F27/><W124/><G124/><T57/><D57/><U20/><E20/><V69/><F95/><W52/><G21/><T76/><D76/><U102/><E102/><V63/><F69/><W22/><G22/><T47/><D47/><AGARI ba="0,1" hai="41,47,49,61,63,64,65,66,91,94,97" m="51795" machi="47" ten="50,3200,0" yaku="20,1,52,1" doraHai="67,89" who="2" fromWho="0" sc="357,-32,193,0,208,42,232,0" owari="325,43.0,193,-31.0,250,5.0,232,-17.0" /></mjloggm>