<mjloggm ver="2.3"><GO type="169" lobby="0"/><UN n0="%E3%82%B7%E3%83%B3%E3%83%95%E3%82%A9%E3%83%8B%E3%82%A2" n1="%4B%57" n2="%E9%89%84%E7%A8%9A%E9%AD%9A%E3%82%AB%E3%83%A2%E9%A4%8A%E5%88%86" n3="%E9%9B%80%E8%8D%98%E4%B8%AD%E5%B7%9D" dan="18,16,18,17" rate="2241.90,2037.28,2199.18,2188.22" sx="M,M,F,M"/><TAIKYOKU oya="0"/><INIT seed="0,0,0,2,2,23" ten="250,250,250,250" oya="0" hai0="59,85,82,94,13,56,95,103,20,53,21,7,49" hai1="96,133,63,61,16,134,34,92,73,25,31,116,51" hai2="132,106,87,104,72,100,48,124,19,70,5,98,22" hai3="69,135,41,131,120,29,114,26,12,90,54,127,14"/><T81/><D56/><U102/><E116/><V108/><F70/><W122/><G114/><T130/><D130/><U117/><E117/><V18/><F72/><W119/><G119/><T99/><D94/><U128/><E128/><V30/><F108/><W8/><G69/><T50/><D50/><U129/><E129/><V27/><F132/><N who="1" m="50793" /><E73/><V55/><F124/><W58/><G41/><T9/><REACH who="0" step="1"/><D82/><REACH who="0" ten="240,250,250,250" step="2"/><U45/><E51/><V86/><F106/><W89/><G131/><T37/><D37/><U42/><E45/><V125/><F125/><W111/><G135/><T65/><D65/><U62/><E62/><V47/><F47/><W4/><G127/><T101/><D101/><U84/><E63/><V68/><F68/><W32/><G111/><T88/><AGARI ba="0,1" hai="7,9,13,20,21,49,53,59,81,85,88,95,99,103" machi="88" ten="20,12000,1" yaku="1,1,0,1,7,1,8,1,54,1,53,0" doraHai="23" doraHaiUra="126" who="0" fromWho="0" sc="240,130,250,-40,250,-40,250,-40" /><INIT seed="0,1,0,0,3,38" ten="370,210,210,210" oya="0" hai0="13,71,61,123,4,54,124,23,60,41,121,1,131" hai1="78,90,51,21,108,120,91,66,125,32,49,52,45" hai2="50,79,134,87,5,135,103,75,127,26,104,84,19" hai3="92,34,48,18,59,8,116,77,86,53,35,106,24"/><T109/><D1/><U58/><E120/><V7/><F75/><W25/><G116/><T29/><D4/><U101/><E32/><V64/><F64/><W110/><G106/><T82/><D23/><U44/><E108/><V67/><F67/><W43/><G35/><T81/><D13/><U93/><E125/><V118/><F127/><W76/><G34/><T69/><D29/><U89/><E78/><N who="3" m="30314" /><G110/><T56/><D109/><U113/><E113/><V112/><F112/><W39/><G39/><T115/><D115/><U117/><E117/><V74/><F74/><W30/><G30/><T55/><D56/><U11/><E11/><V83/><F118/><W72/><G43/><T100/><D100/><U22/><E66/><V40/><F103/><W95/><G72/><T70/><D124/><U128/><E58/><V94/><F104/><W111/><G111/><T99/><D99/><N who="1" m="59631" /><E128/><V114/><F114/><W2/><G2/><T132/><D70/><U105/><E105/><V33/><F33/><W88/><G95/><T20/><D131/><U42/><AGARI ba="1,0" hai="21,22,42,44,45,49,51,52,89,90,91" m="59631" machi="42" ten="30,4000,0" yaku="8,1,52,1,54,1" doraHai="38" who="1" fromWho="1" sc="370,-21,210,43,210,-11,210,-11" /><INIT seed="1,0,0,1,0,75" ten="349,253,199,199" oya="1" hai0="16,86,25,42,47,133,31,65,62,9,0,63,48" hai1="8,15,13,123,2,130,26,21,61,124,59,134,85" hai2="99,27,23,73,101,126,128,92,111,102,43,44,17" hai3="74,46,89,121,115,97,96,60,72,119,28,1,57"/><U95/><E123/><V88/><F111/><W58/><G121/><T54/><D133/><U55/><E134/><V81/><F128/><W38/><G1/><T122/><D122/><U78/><E130/><V49/><REACH who="2" step="1"/><F126/><REACH who="2" ten="349,253,189,199" step="2"/><W70/><G119/><T3/><D3/><U106/><E124/><V53/><F53/><W37/><G37/><T82/><D0/><U11/><E2/><V7/><F7/><W40/><G38/><T77/><D54/><U34/><E106/><V71/><F71/><W90/><G70/><T80/><D65/><U109/><E109/><V19/><F19/><W105/><G115/><T107/><D107/><U30/><E34/><V127/><F127/><W93/><G105/><T125/><D125/><U33/><E33/><V98/><F98/><W135/><G135/><T50/><D16/><U84/><E95/><V41/><F41/><W14/><G97/><T67/><D67/><U132/><E132/><V12/><F12/><W22/><G14/><T87/><D9/><U52/><E11/><V39/><F39/><W4/><G96/><T10/><D10/><U91/><E55/><V104/><F104/><W83/><G93/><T94/><D94/><N who="1" m="54631" /><E8/><V32/><F32/><W56/><G4/><T76/><D50/><U114/><E114/><V29/><F29/><W108/><G108/><T110/><D110/><U18/><E30/><V118/><F118/><W103/><G28/><T112/><D112/><U129/><E129/><V79/><AGARI ba="0,1" hai="17,23,27,43,44,49,73,79,81,88,92,99,101,102" machi="79" ten="30,7900,0" yaku="1,1,0,1,52,1,54,1,53,0" doraHai="75" doraHaiUra="100" who="2" fromWho="2" sc="349,-20,253,-39,189,89,199,-20" /><INIT seed="2,0,0,5,2,127" ten="329,214,278,179" oya="2" hai0="60,77,105,41,55,15,125,12,29,69,81,71,106" hai1="102,76,54,109,16,121,96,110,99,90,66,11,63" hai2="51,126,134,24,31,98,120,14,38,73,39,22,9" hai3="119,132,52,10,130,84,20,124,128,34,91,58,78"/><V3/><F120/><W116/><G34/><T62/><D41/><U59/><E121/><V50/><F73/><W25/><G78/><T122/><D122/><U86/><E76/><V32/><F126/><W133/><G10/><T23/><D125/><U94/><E66/><V19/><F134/><N who="3" m="51819" /><G124/><T70/><D29/><U49/><E63/><V18/><F98/><W85/><G119/><T89/><D89/><U2/><E2/><V40/><F19/><N who="3" m="12447" /><G116/><T88/><D77/><U97/><REACH who="1" step="1"/><E102/><REACH who="1" ten="329,204,278,179" step="2"/><V123/><F123/><W107/><G107/><T0/><D0/><U1/><E1/><V111/><F3/><W65/><G65/><T104/><D104/><U8/><E8/><V67/><F67/><W21/><G21/><T95/><D106/><U135/><E135/><V43/><F9/><W4/><G4/><T92/><D23/><U37/><E37/><V17/><F39/><W47/><G47/><T101/><D105/><U7/><E7/><V61/><F38/><W33/><G33/><T30/><D101/><U103/><E103/><V117/><F32/><W13/><G13/><AGARI ba="0,1" hai="11,13,16,49,54,59,86,90,94,96,97,99,109,110" machi="13" ten="40,2600,0" yaku="1,1,54,1,53,0" doraHai="127" doraHaiUra="68" who="1" fromWho="3" sc="329,0,204,36,278,0,179,-26" /><INIT seed="3,0,0,3,0,13" ten="329,240,278,153" oya="3" hai0="133,107,90,10,91,122,86,134,93,12,34,45,78" hai1="67,79,65,69,64,47,119,95,101,92,88,105,15" hai2="35,109,99,41,94,27,77,131,50,31,2,26,129" hai3="125,29,28,110,123,63,62,19,87,89,37,98,61"/><W49/><G123/><T23/><D34/><U25/><E119/><V71/><F109/><W96/><G37/><T82/><D122/><U18/><E105/><V8/><F71/><W24/><G125/><T36/><D107/><U40/><E79/><V52/><F41/><W22/><G110/><T30/><D23/><U118/><E118/><V102/><F77/><W74/><G74/><T114/><D30/><N who="3" m="11881" /><G49/><T116/><D116/><U126/><E126/><V58/><F27/><W108/><G108/><T55/><D114/><U72/><E72/><V59/><F59/><W106/><G106/><T121/><D121/><U103/><E25/><V54/><F54/><W83/><AGARI ba="0,0" hai="19,22,24,61,62,63,83,87,89,96,98" m="11881" machi="83" ten="30,3000,0" yaku="8,1,52,1" doraHai="13" who="3" fromWho="3" sc="329,-10,240,-10,278,-10,153,30" /><INIT seed="3,1,0,2,2,39" ten="319,230,268,183" oya="3" hai0="45,16,115,5,93,101,35,17,78,46,31,91,6" hai1="20,67,36,56,118,64,121,27,86,32,131,24,62" hai2="65,126,133,97,108,72,26,114,29,61,128,130,124" hai3="96,49,52,109,125,90,134,11,34,21,103,43,30"/><W1/><G34/><T4/><D115/><U42/><E121/><V13/><F72/><W14/><G134/><T127/><D127/><N who="2" m="48682" /><F114/><W110/><G125/><T73/><D101/><U112/><E112/><V69/><F108/><N who="3" m="41579" /><G1/><T82/><D31/><U123/><E123/><V44/><F13/><W120/><G90/><T60/><D35/><U100/><E131/><N who="2" m="50219" /><F97/><W111/><N who="3" m="41587" /><W28/><DORA hai="95" /><G43/><T25/><D60/><U38/><E118/><V84/><F84/><W129/><G21/><T88/><D91/><U37/><E86/><V76/><F76/><W80/><G80/><T99/><D25/><U74/><E20/><N who="2" m="15559" /><F44/><N who="3" m="27687" /><G120/><T117/><D117/><U122/><E122/><V10/><F10/><W119/><G119/><T85/><D73/><U22/><E74/><V75/><F75/><W50/><G129/><T104/><D82/><U9/><E9/><V40/><F40/><W105/><G50/><T23/><D78/><U54/><E42/><V132/><AGARI ba="1,0" hai="61,65,69,132,133" m="15559,50219,48682" machi="132" ten="40,8000,1" yaku="30,2,18,1,19,1" doraHai="39,95" who="2" fromWho="2" sc="319,-21,230,-21,268,83,183,-41" /><INIT seed="4,0,0,3,4,108" ten="298,209,351,142" oya="0" hai0="74,120,27,51,116,18,117,102,111,39,63,86,22" hai1="49,87,61,91,42,43,125,36,59,97,46,85,13" hai2="96,112,109,7,121,24,2,67,89,78,41,9,122" hai3="92,20,124,118,4,54,77,123,23,44,88,25,1"/><T17/><D74/><U106/><E125/><V33/><F109/><W114/><G118/><T70/><D39/><U60/><E60/><V55/><F67/><W129/><G124/><T69/><D111/><U113/><E13/><V107/><F41/><W37/><G129/><T40/><D120/><U76/><E76/><V26/><F78/><W84/><G123/><T135/><D135/><U127/><E127/><V57/><F121/><W132/><G132/><T45/><D102/><U72/><E72/><V130/><F122/><W64/><G64/><T128/><D128/><U71/><E71/><V115/><F130/><W66/><G66/><T50/><D63/><U133/><E133/><V131/><F131/><W28/><G1/><T101/><D101/><U126/><E126/><V32/><F107/><W104/><G4/><T93/><D51/><U79/><E79/><V105/><F105/><W94/><G104/><T12/><D70/><U58/><E58/><V15/><F2/><W83/><G92/><T48/><D48/><U30/><E30/><V19/><F7/><W10/><G10/><T16/><D69/><U99/><E87/><V53/><F96/><W100/><G100/><T31/><D12/><U90/><E106/><V34/><F89/><W47/><G37/><T6/><D6/><U82/><E91/><V73/><F73/><W38/><G38/><T14/><D14/><U35/><E36/><V8/><F8/><W134/><G134/><T11/><D11/><U98/><E42/><V81/><F9/><W62/><G77/><T0/><D0/><U75/><E75/><RYUUKYOKU ba="0,0" sc="298,30,209,-10,351,-10,142,-10" hai0="16,17,18,22,27,31,40,45,50,86,93,116,117" /><INIT seed="4,1,0,3,3,84" ten="328,199,341,132" oya="0" hai0="27,131,114,71,122,28,31,53,134,61,98,26,73" hai1="66,55,29,72,90,47,116,119,99,82,45,117,128" hai2="52,32,58,100,80,96,1,75,77,63,8,46,62" hai3="56,11,10,19,132,35,112,5,118,25,76,39,65"/><T13/><D73/><U18/><E128/><V3/><F32/><W123/><G39/><T126/><D122/><U38/><E29/><V64/><F8/><W22/><G76/><T69/><D114/><U92/><E66/><V78/><F77/><W104/><G104/><T93/><D134/><U89/><E38/><V42/><F42/><W110/><G110/><T83/><D83/><U2/><E2/><V6/><F6/><W85/><G118/><T88/><D126/><U81/><E18/><V86/><F75/><W103/><G103/><T23/><D131/><U37/><E37/><V34/><F34/><W49/><G112/><T105/><D105/><U57/><E72/><V40/><F40/><W48/><G132/><T115/><D13/><U24/><E24/><V87/><F86/><W21/><G35/><T16/><D115/><U79/><E79/><V124/><F46/><W17/><G123/><T9/><D9/><U20/><E20/><V97/><F97/><W50/><G85/><T68/><D27/><U43/><E43/><V60/><F124/><W121/><G121/><T135/><D135/><U108/><E108/><V4/><F4/><W30/><G30/><T95/><D95/><U59/><E59/><AGARI ba="1,0" hai="16,23,26,28,31,53,59,61,68,69,71,88,93,98" machi="59" ten="40,12000,1" yaku="25,2,52,1,54,2" doraHai="84" who="0" fromWho="1" sc="328,123,199,-123,341,0,132,0" /><INIT seed="4,2,0,5,0,63" ten="451,76,341,132" oya="0" hai0="74,102,21,105,121,59,53,79,76,126,128,134,132" hai1="99,15,30,50,29,36,116,12,67,38,106,45,92" hai2="2,115,66,85,95,22,52,23,89,8,1,87,24" hai3="64,3,100,129,20,130,61,108,73,103,109,46,80"/><T11/><D11/><U39/><E116/><V5/><F1/><W125/><G3/><T91/><D21/><U32/><E106/><V98/><F115/><W97/><G46/><T72/><D59/><U101/><E32/><V47/><F23/><W7/><G7/><T124/><D53/><U65/><E30/><V27/><F27/><W86/><G73/><N who="0" m="28267" /><D121/><U104/><E29/><V133/><F133/><N who="0" m="51306" /><D91/><U55/><REACH who="1" step="1"/><E104/><REACH who="1" ten="451,66,341,132" step="2"/><V122/><F122/><W49/><G109/><T44/><D105/><U118/><E118/><V70/><F2/><W127/><G108/><T107/><D107/><U37/><N who="1" m="9216" /><DORA hai="35" /><U10/><E10/><V123/><F8/><W26/><G130/><T6/><D128/><U18/><E18/><V119/><F119/><W62/><G129/><T88/><D126/><U54/><E54/><V56/><F52/><W94/><G127/><T78/><D124/><U41/><E41/><V93/><F123/><W13/><G125/><T120/><D120/><U114/><E114/><V51/><F22/><W25/><G20/><T17/><D17/><U34/><E34/><V84/><F24/><W19/><G26/><T31/><D31/><U42/><E42/><V48/><F5/><W113/><G25/><T135/><D135/><U0/><E0/><V28/><F28/><W96/><G113/><T111/><D6/><U75/><E75/><V16/><F16/><W131/><G19/><T60/><D111/><U43/><E43/><V112/><F112/><W58/><G131/><T90/><D44/><U9/><E9/><V14/><F47/><W33/><G33/><RYUUKYOKU ba="2,1" sc="451,-10,66,30,341,-10,132,-10" hai1="12,15,45,50,55,65,67,92,99,101" /><INIT seed="5,3,1,1,5,84" ten="441,96,331,122" oya="1" hai0="132,20,101,44,2,5,135,7,25,109,13,9,80" hai1="34,120,41,61,15,100,113,74,76,0,3,30,8" hai2="71,106,126,52,104,73,32,83,16,112,42,49,45" hai3="115,19,99,116,50,38,129,53,29,26,88,85,36"/><U97/><E120/><V39/><F32/><W40/><G115/><T79/><D109/><U93/><E113/><V81/><F112/><W90/><G129/><T54/><D101/><U27/><E41/><V35/><F35/><W131/><G131/><T33/><D54/><U64/><E74/><V55/><F55/><W12/><G116/><T31/><D44/><U108/><E76/><V66/><F126/><W67/><G67/><T86/><D7/><U56/><REACH who="1" step="1"/><E108/><REACH who="1" ten="441,86,331,122" step="2"/><V121/><F121/><W117/><G40/><T127/><D79/><U75/><E75/><V47/><F73/><W69/><G38/><T46/><D127/><U11/><E11/><V134/><F39/><W95/><G36/><T92/><D9/><U65/><E65/><V107/><F42/><W124/><G124/><T130/><D130/><U6/><AGARI ba="3,2" hai="0,3,6,8,15,27,30,34,56,61,64,93,97,100" machi="6" ten="20,3900,0" yaku="1,1,0,1,7,1,53,0" doraHai="84" doraHaiUra="78" who="1" fromWho="1" sc="441,-16,86,68,331,-16,122,-16" /><INIT seed="5,4,0,4,0,70" ten="425,154,315,106" oya="1" hai0="1,98,103,49,95,127,123,105,9,29,102,106,81" hai1="130,74,73,27,78,88,125,86,47,37,64,51,131" hai2="59,114,124,6,3,52,44,38,57,109,92,121,21" hai3="80,18,110,122,107,97,56,60,126,35,87,40,75"/><U108/><E125/><V15/><F109/><W12/><G110/><T5/><D127/><U133/><E108/><V43/><F124/><W54/><G122/><T61/><D123/><U90/><E133/><V63/><F121/><W115/><G115/><T2/><D29/><U68/><E37/><V19/><F114/><W48/><G126/><T135/><D135/><U112/><E112/><V41/><F41/><W91/><G35/><T36/><D36/><U55/><E27/><V116/><F116/><W0/><G0/><T93/><D61/><N who="1" m="39951" /><E90/><V20/><F3/><W85/><G75/><T42/><D1/><U77/><E74/><V82/><F6/><W23/><G107/><T94/><D81/><N who="1" m="49231" /><E73/><V72/><F92/><W117/><G117/><T76/><D76/><U8/><E8/><V120/><F120/><W119/><G119/><T113/><D113/><U11/><E11/><V22/><REACH who="2" step="1"/><F59/><REACH who="2" ten="425,154,305,106" step="2"/><W30/><G80/><T50/><D42/><U100/><E131/><V83/><F83/><W128/><G128/><T17/><D105/><U62/><E130/><V33/><F33/><W129/><G129/><T45/><D103/><U101/><E101/><V71/><F71/><W46/><G30/><T28/><D28/><U118/><E118/><V89/><F89/><W134/><G134/><T132/><D132/><U58/><E100/><V39/><F39/><W16/><G18/><T65/><D17/><U34/><E34/><V7/><F7/><W31/><G31/><T79/><D106/><U104/><E104/><V24/><F24/><W32/><G32/><T53/><D102/><RYUUKYOKU ba="4,1" sc="425,-30,154,10,305,10,106,10" hai1="47,51,55,58,62,77,78" hai2="15,19,20,21,22,38,43,44,52,57,63,72,82" hai3="12,16,23,40,46,48,54,56,60,85,87,91,97" /><INIT seed="5,5,1,0,0,13" ten="395,164,315,116" oya="1" hai0="80,12,97,99,11,24,124,116,21,29,84,134,135" hai1="46,9,67,127,32,20,105,49,62,129,14,73,16" hai2="132,81,77,91,7,34,75,70,61,1,113,126,37" hai3="50,31,76,6,55,68,17,53,109,128,27,92,2"/><U63/><E129/><V102/><F91/><W0/><G109/><T95/><D116/><U117/><E117/><V103/><F34/><W30/><G68/><T104/><D104/><U79/><E127/><V90/><F37/><W44/><G128/><T59/><D124/><U120/><E120/><V18/><F126/><W4/><G2/><T51/><D59/><U110/><E110/><V118/><F118/><W38/><G38/><T57/><D57/><U40/><E105/><V106/><F132/><N who="0" m="50730" /><D51/><U94/><E32/><V42/><F42/><W47/><G76/><N who="0" m="46087" /><D95/><U39/><E94/><V133/><F106/><W108/><G108/><T74/><D74/><U19/><E67/><V35/><F75/><W96/><G0/><T87/><D87/><U93/><E93/><V66/><F133/><W107/><G107/><T82/><D82/><U54/><E79/><V5/><F81/><W121/><G121/><T22/><D22/><U119/><E73/><V65/><F35/><W125/><G125/><T72/><D72/><U33/><E33/><V23/><F1/><W130/><G130/><T28/><D28/><N who="3" m="10793" /><G47/><T115/><D115/><U10/><E119/><V101/><F113/><W60/><G60/><T78/><D78/><U15/><E20/><V25/><F77/><W36/><G36/><T100/><D100/><U123/><E123/><V3/><F3/><W8/><G55/><T45/><D45/><AGARI ba="5,1" hai="9,10,14,15,16,19,39,40,45,46,49,54,62,63" machi="45" ten="30,12000,1" yaku="7,1,9,1,52,2,54,1" doraHai="13" who="1" fromWho="0" sc="395,-135,164,145,315,0,116,0" /><INIT seed="5,6,0,1,1,14" ten="260,309,315,116" oya="1" hai0="107,70,17,101,79,99,75,92,132,106,42,93,50" hai1="45,36,38,10,90,120,95,129,103,27,5,48,49" hai2="89,56,25,118,77,13,130,7,67,16,104,108,86" hai3="65,121,51,46,124,23,114,53,61,113,2,0,74"/><U131/><E120/><V83/><F108/><W109/><G74/><T4/><D70/><U55/><E103/><V58/><F118/><W18/><G109/><T128/><D4/><U6/><E27/><V35/><F104/><W96/><G121/><T39/><D39/><U135/><E135/><V98/><F130/><N who="1" m="49673" /><E49/><V117/><F117/><W29/><G29/><T28/><D28/><U57/><E45/><V54/><F35/><W68/><G124/><T94/><D128/><U15/><E6/><V123/><F7/><W127/><G127/><T105/><D132/><U122/><E122/><V24/><F123/><W31/><G31/><T76/><D50/><U66/><E66/><V63/><F25/><W88/><G2/><T125/><D125/><U111/><E111/><V32/><F24/><W84/><G0/><T19/><D42/><U26/><E26/><V9/><F32/><W73/><G73/><T71/><D75/><U43/><E43/><V115/><F115/><W133/><G133/><T47/><D47/><U81/><E81/><V52/><F58/><W30/><G30/><T64/><D64/><U1/><E1/><V110/><F110/><W102/><G114/><T33/><D71/><U78/><E78/><N who="0" m="29737" /><D33/><U69/><E69/><V85/><F98/><AGARI ba="6,0" hai="5,10,15,36,38,48,55,57,90,95,98" m="49673" machi="98" ten="30,1500,0" yaku="19,1" doraHai="14" who="1" fromWho="2" sc="260,0,309,33,315,-33,116,0" /><INIT seed="5,7,0,4,5,35" ten="260,342,282,116" oya="1" hai0="107,13,133,33,77,83,31,41,22,11,30,69,127" hai1="26,29,82,105,89,3,4,25,45,98,0,63,8" hai2="42,68,114,110,27,19,135,17,59,7,74,18,113" hai3="120,130,117,54,2,104,134,122,20,52,90,65,49"/><U84/><E45/><V10/><F68/><W123/><G104/><T37/><D107/><U121/><E121/><V64/><F74/><W88/><G130/><T93/><D69/><U125/><E125/><V92/><F42/><W128/><G128/><T76/><D33/><U9/><E63/><N who="2" m="38015" /><F110/><W86/><G134/><T79/><D127/><U38/><E38/><V44/><F44/><W97/><G117/><T16/><D133/><U70/><E70/><V57/><F135/><W112/><G112/><N who="2" m="43113" /><F92/><W80/><G65/><T115/><D115/><U34/><E26/><V28/><F57/><W132/><G132/><T48/><D37/><U111/><E111/><V6/><F10/><W46/><G20/><AGARI ba="7,0" hai="6,7,17,18,19,20,27,28" m="43113,38015" machi="20" ten="30,2000,0" yaku="15,1,11,1" doraHai="35" who="2" fromWho="3" sc="260,0,342,0,282,41,116,-41" /><INIT seed="6,0,0,3,3,64" ten="260,342,323,75" oya="2" hai0="123,15,52,34,63,42,65,53,7,19,100,25,113" hai1="70,116,40,104,77,121,31,79,33,86,105,23,128" hai2="29,91,114,16,101,0,46,10,94,14,84,17,30" hai3="6,118,3,81,95,48,66,99,130,35,133,76,44"/><V38/><F114/><W55/><G118/><T82/><D113/><U28/><E116/><V27/><F101/><W9/><G130/><T107/><D123/><U103/><E128/><V73/><F73/><W122/><G133/><T75/><D42/><U47/><E33/><V24/><F0/><W71/><G35/><T112/><D112/><U1/><E1/><V93/><F93/><W8/><G122/><T111/><D111/><U32/><E32/><V120/><F120/><W56/><G56/><T60/><D60/><U50/><E70/><V85/><F85/><W126/><G126/><T58/><D75/><U2/><E2/><V98/><F84/><W125/><G125/><T39/><D39/><U12/><E103/><V18/><F29/><W74/><G9/><T135/><D82/><U110/><E110/><V102/><F102/><W51/><G51/><T68/><D135/><U80/><E77/><V13/><F30/><W69/><REACH who="3" step="1"/><G66/><REACH who="3" ten="260,342,323,65" step="2"/><T89/><D58/><U49/><E50/><V108/><F108/><W119/><G119/><T90/><D34/><U59/><E59/><V72/><F10/><W88/><AGARI ba="0,1" hai="3,6,8,44,48,55,69,71,74,76,81,88,95,99" machi="88" ten="20,12000,2" yaku="1,1,0,1,7,1,52,2,54,1,53,1" doraHai="64" doraHaiUra="41" who="3" fromWho="3" sc="260,-30,342,-30,323,-60,65,130" /><INIT seed="7,0,0,0,0,107" ten="230,312,263,195" oya="3" hai0="80,126,87,90,76,67,135,81,83,61,118,50,37" hai1="75,13,58,89,132,29,114,0,70,2,12,9,54" hai2="94,113,124,32,73,53,98,84,47,86,38,20,8" hai3="72,11,59,99,127,119,31,106,36,35,92,14,79"/><W69/><G119/><T21/><D37/><U133/><E70/><V62/><F32/><W26/><G69/><T129/><D118/><U60/><E114/><V109/><F109/><W74/><G127/><T102/><D126/><U39/><E39/><V17/><F73/><W101/><G36/><T44/><D129/><U30/><E75/><V97/><F97/><W1/><G1/><N who="1" m="618" /><E89/><V6/><F113/><W41/><G41/><T71/><D135/><N who="1" m="51787" /><E13/><V18/><F124/><W25/><G79/><T34/><D34/><U27/><E27/><V128/><F128/><W77/><G77/><T5/><D102/><U16/><AGARI ba="0,0" hai="9,12,16,29,30,54,58,60" m="51787,618" machi="16" ten="30,2000,0" yaku="20,1,54,1" doraHai="107" who="1" fromWho="1" sc="230,-5,312,20,263,-5,195,-10" owari="225,-17.0,332,42.0,258,6.0,185,-31.0" /></mjloggm>