<mjloggm ver="2.3"><GO type="169" lobby="0"/><UN n0="%67%6F%74%61%70%6F%6F%68" n1="%69%6B%65%64%61%64%61" n2="%E9%9B%AA%E6%9C%88%E9%A2%A8%E8%8A%B1" n3="%E3%81%8A%E3%81%8D%E3%81%9F%E3%81%8B%E3%81%B2%E3%82%8D" dan="16,16,16,16" rate="2178.73,2151.90,2212.12,2061.97" sx="M,M,F,F"/><TAIKYOKU oya="0"/><INIT seed="0,0,0,5,2,103" ten="250,250,250,250" oya="0" hai0="16,126,14,43,68,31,48,4,10,75,27,22,35" hai1="26,12,127,11,110,79,80,132,125,71,49,135,20" hai2="17,115,13,117,29,85,69,36,106,112,73,90,46" hai3="70,42,47,58,56,131,77,123,72,37,2,15,28"/><T107/><D75/><U39/><E39/><V55/><F69/><W33/><G70/><T1/><D68/><U118/><E49/><V109/><F73/><W23/><G2/><T50/><D126/><N who="1" m="48139" /><E71/><V87/><F87/><W105/><G105/><T61/><D107/><U52/><E52/><V53/><F29/><W97/><G131/><T82/><D82/><U34/><E80/><V91/><F117/><W54/><G33/><T121/><D121/><U111/><E34/><V116/><F116/><W119/><G119/><T51/><REACH who="0" step="1"/><D61/><REACH who="0" ten="240,250,250,250" step="2"/><U21/><E118/><V24/><F106/><W74/><G123/><T78/><D78/><U40/><E79/><V94/><F112/><W101/><G77/><T41/><AGARI ba="0,1" hai="1,4,10,14,16,22,27,31,35,41,43,48,50,51" machi="41" ten="30,18000,2" yaku="1,1,0,1,24,2,54,1,53,1" doraHai="103" doraHaiUra="18" who="0" fromWho="0" sc="240,190,250,-60,250,-60,250,-60" /><INIT seed="0,1,0,5,0,58" ten="430,190,190,190" oya="0" hai0="31,122,97,125,18,65,29,67,62,96,94,75,89" hai1="21,115,56,120,35,95,84,10,39,47,81,8,6" hai2="98,127,119,109,30,83,51,34,85,76,19,112,104" hai3="43,87,61,13,102,26,90,52,101,103,32,2,17"/><T7/><D122/><U33/><E120/><V124/><F112/><W110/><G110/><T71/><D125/><U3/><E115/><V16/><F109/><W69/><G2/><T14/><D75/><U86/><E21/><V126/><F119/><W111/><G111/><T55/><D7/><U64/><E10/><V121/><F121/><W108/><G108/><T99/><D67/><U107/><E107/><V123/><F123/><W70/><G43/><T80/><D80/><U54/><E64/><V20/><F34/><W118/><G118/><T79/><D79/><U27/><E95/><V24/><REACH who="2" step="1"/><F51/><REACH who="2" ten="430,190,180,190" step="2"/><W131/><G131/><T46/><D31/><U129/><E35/><V128/><F128/><W15/><G32/><T60/><D29/><U41/><E129/><V130/><F130/><W59/><G70/><T133/><D133/><U1/><E33/><V66/><F66/><W88/><G69/><T50/><REACH who="0" step="1"/><D62/><REACH who="0" ten="420,190,180,190" step="2"/><U38/><E38/><V22/><F22/><AGARI ba="1,2" hai="14,18,22,46,50,55,60,65,71,89,94,96,97,99" machi="22" ten="30,11600,0" yaku="1,1,2,1,7,1,52,1,53,0" doraHai="58" doraHaiUra="36" who="0" fromWho="2" sc="420,139,190,0,180,-119,190,0" /><INIT seed="0,2,0,4,4,65" ten="559,190,61,190" oya="0" hai0="12,75,14,110,93,120,97,17,25,101,83,119,95" hai1="91,18,64,128,6,111,10,28,78,72,27,7,89" hai2="133,33,130,9,40,84,115,30,15,57,59,46,103" hai3="124,47,31,105,61,70,116,19,79,113,131,2,53"/><T45/><D120/><U127/><E111/><V122/><F115/><W8/><G116/><T62/><D119/><U41/><E128/><V22/><F122/><W87/><G105/><T24/><D110/><U80/><E127/><V104/><F33/><W11/><G113/><T88/><D14/><U58/><E41/><V81/><F130/><W56/><G70/><T29/><D45/><U51/><E18/><V73/><F73/><W125/><G131/><T39/><D39/><U48/><E48/><N who="2" m="26695" /><F103/><W44/><G31/><T5/><D5/><U132/><E6/><N who="2" m="3511" /><F104/><W126/><G2/><T74/><D62/><U86/><E72/><V112/><F133/><W42/><G19/><T0/><D0/><U94/><E132/><V100/><F100/><W68/><G68/><T99/><D83/><U21/><E94/><V135/><F135/><W54/><G54/><T35/><REACH who="0" step="1"/><D25/><REACH who="0" ten="549,190,61,190" step="2"/><U67/><E7/><V66/><F112/><W102/><G47/><T38/><D38/><U71/><E27/><N who="2" m="16759" /><F66/><W49/><G44/><T96/><D96/><U82/><E67/><V90/><AGARI ba="2,1" hai="57,59,81,84,90" m="16759,3511,26695" machi="90" ten="30,1100,0" yaku="8,1" doraHai="65" who="2" fromWho="2" sc="549,-7,190,-5,61,27,190,-5" /><INIT seed="1,0,0,3,3,14" ten="542,185,88,185" oya="1" hai0="32,71,113,88,100,101,134,95,9,53,104,4,54" hai1="96,97,22,115,68,35,70,30,39,130,16,3,25" hai2="106,2,5,112,65,74,42,43,6,73,108,63,29" hai3="44,81,126,83,27,118,111,46,48,123,122,69,72"/><U61/><E115/><V109/><F112/><W117/><G69/><T91/><D32/><U15/><E39/><V18/><F106/><W114/><G114/><T99/><D71/><U78/><E130/><V58/><F29/><W119/><G111/><N who="2" m="42569" /><F2/><W103/><G126/><T116/><D116/><U31/><E3/><V92/><F92/><W76/><G103/><T24/><D24/><U121/><E121/><N who="3" m="46090" /><G27/><T40/><D40/><N who="2" m="15402" /><F18/><W93/><G93/><T36/><D134/><U21/><E78/><V77/><F77/><N who="3" m="44199" /><G48/><T129/><D113/><U62/><E31/><V13/><F13/><W26/><G26/><T52/><D129/><U37/><E37/><V7/><AGARI ba="0,0" hai="5,6,7,58,63,65,73,74" m="15402,42569" machi="7" ten="40,1500,0" yaku="14,1" doraHai="14" who="2" fromWho="2" sc="542,-4,185,-7,88,15,185,-4" /><INIT seed="2,0,0,2,0,2" ten="538,178,103,181" oya="2" hai0="115,135,122,64,32,23,4,71,87,127,74,116,5" hai1="72,100,90,104,8,19,41,125,119,43,95,66,105" hai2="81,118,121,39,57,132,33,49,7,17,70,128,3" hai3="31,67,44,56,126,28,1,24,107,62,113,77,117"/><V103/><F121/><W11/><G107/><T80/><D32/><U15/><E119/><V134/><F118/><W88/><G117/><T10/><D115/><U6/><E72/><V102/><F39/><W29/><G126/><T34/><D34/><U58/><E125/><V99/><F70/><W51/><G113/><T40/><D116/><U52/><E66/><V130/><F33/><W82/><G77/><T30/><D74/><U112/><E112/><V108/><F17/><W120/><G120/><T110/><D10/><U50/><E100/><V123/><F81/><W96/><G1/><T47/><D110/><U89/><E89/><V92/><F103/><W16/><G11/><T97/><D97/><U65/><E65/><V93/><F92/><N who="3" m="56327" /><G82/><T46/><D46/><U54/><E54/><N who="2" m="31951" /><F123/><W83/><G83/><T86/><D122/><U68/><E68/><V25/><F108/><W106/><G106/><T9/><D80/><U85/><E105/><V114/><F114/><W124/><G124/><T53/><D30/><U78/><E104/><V45/><F45/><W61/><G61/><T55/><D47/><U73/><E73/><V111/><F111/><W37/><G37/><T101/><D71/><U18/><REACH who="1" step="1"/><E78/><REACH who="1" ten="538,168,103,181" step="2"/><V22/><F102/><W63/><G67/><T12/><D64/><U94/><E94/><V20/><F93/><W38/><G38/><T48/><D101/><U14/><E14/><V79/><F79/><W59/><G24/><T91/><D127/><U133/><E133/><N who="2" m="51307" /><F25/><W13/><G13/><T21/><D135/><U109/><E109/><V98/><F3/><RYUUKYOKU ba="0,1" sc="538,-10,168,30,103,-10,181,-10" hai1="6,8,15,18,19,41,43,50,52,58,85,90,95" /><INIT seed="3,1,1,5,2,80" ten="528,198,93,171" oya="3" hai0="32,111,104,123,114,48,103,44,81,96,22,30,106" hai1="133,60,108,55,72,129,43,45,125,110,66,105,78" hai2="76,18,11,56,51,86,2,57,36,12,73,84,128" hai3="65,26,115,34,126,20,61,53,90,15,83,25,33"/><W64/><G115/><T27/><D111/><N who="1" m="42539" /><E105/><V94/><F36/><W112/><G112/><T102/><D114/><U37/><E78/><V92/><F2/><W21/><G126/><T52/><D123/><U101/><E101/><V85/><F128/><W6/><G34/><T19/><D81/><U93/><E93/><N who="2" m="35947" /><F73/><W23/><G33/><T62/><D62/><U71/><E72/><V7/><F7/><W121/><G121/><T88/><D88/><U8/><E8/><V67/><F51/><W50/><G61/><T40/><D40/><U97/><E97/><V69/><F69/><W120/><G120/><T122/><D122/><U49/><E125/><V16/><F18/><W130/><G130/><T132/><D132/><U99/><E99/><V0/><F0/><W42/><G42/><T134/><D134/><U87/><E87/><N who="2" m="33355" /><F67/><N who="3" m="25675" /><G15/><T4/><D4/><U75/><E75/><V107/><F107/><W95/><G83/><AGARI ba="1,1" hai="11,12,16,56,57,76,83,86" m="33355,35947" machi="83" ten="30,12000,2" yaku="8,1,52,4,54,1" doraHai="80" who="2" fromWho="3" sc="528,0,198,0,93,133,171,-123" /><INIT seed="4,0,0,0,1,2" ten="528,198,226,48" oya="0" hai0="87,92,29,28,62,80,35,56,127,135,69,97,83" hai1="55,106,20,81,105,51,114,79,65,1,116,47,120" hai2="125,117,82,121,108,103,84,77,44,133,57,61,104" hai3="26,38,130,22,8,113,93,13,115,17,91,89,110"/><T68/><D135/><U119/><E120/><V50/><F133/><W76/><G38/><T102/><D127/><U96/><E1/><V11/><F121/><W72/><G110/><T12/><D69/><U54/><E65/><V129/><F125/><W43/><G43/><T16/><D68/><U45/><E20/><V4/><F108/><W3/><G3/><T6/><D83/><U27/><E27/><V132/><F132/><W112/><G130/><T63/><D63/><U74/><E114/><V7/><F129/><W49/><G93/><T67/><D6/><N who="2" m="2090" /><F104/><W123/><G123/><T71/><D71/><U124/><E124/><V0/><F0/><W88/><G49/><T98/><D98/><U9/><E96/><V21/><F103/><W36/><G36/><T32/><D32/><U70/><E70/><V39/><F39/><W109/><G109/><T66/><D66/><U73/><E73/><V15/><F21/><W131/><G131/><T23/><D35/><U118/><E9/><V31/><F31/><W99/><G99/><T34/><D34/><U10/><E10/><V30/><F30/><W134/><G134/><T64/><D64/><U41/><E41/><N who="2" m="24847" /><F117/><W5/><REACH who="3" step="1"/><G91/><AGARI ba="0,0" hai="12,16,23,28,29,56,62,67,80,87,91,92,97,102" machi="91" ten="30,5800,0" yaku="7,1,8,1,54,1" doraHai="2" who="0" fromWho="3" sc="528,58,198,0,226,0,48,-58" owari="586,68.0,198,-20.0,226,3.0,-10,-51.0" /></mjloggm>