<mjloggm ver="2.3"><GO type="185" lobby="0"/><UN n0="%E3%81%99%E3%81%8D%E3%81%BE%E5%A6%96%E6%80%AA" n1="%E3%82%A2%E3%83%95%E3%83%AA%E3%82%AB" n2="%E5%BD%A9%E3%83%B6%E4%BA%AD" n3="" dan="16,16,16,0" rate="2112.40,2205.98,2145.21,1500.00" sx="M,M,M,C"/><TAIKYOKU oya="0"/><INIT seed="0,0,0,3,1,75" ten="350,350,350,0" oya="0" hai0="78,89,36,133,134,126,73,103,51,128,100,49,104" hai1="99,118,113,135,108,67,106,83,94,95,47,98,50" hai2="121,82,42,65,110,111,3,90,41,119,114,93,74" hai3=""/><T34/><D36/><U70/><E118/><V71/><N who="2" m="31008" /><V131/><F3/><T43/><D34/><U53/><E106/><V52/><F114/><T64/><D128/><U101/><E113/><V91/><F119/><T69/><D89/><U45/><E135/><V124/><F131/><T55/><D126/><U84/><E108/><V54/><F124/><T57/><D69/><U77/><E70/><V2/><F2/><T116/><D64/><U48/><E67/><V123/><N who="2" m="31520" /><V62/><F90/><T109/><D116/><U97/><REACH who="1" step="1"/><E95/><REACH who="1" ten="350,340,350,0" step="2"/><V130/><F130/><T58/><D109/><U87/><E87/><V76/><F111/><T72/><D104/><U79/><E79/><V112/><F110/><T66/><D66/><U38/><E38/><V1/><F112/><T40/><REACH who="0" step="1"/><D55/><AGARI ba="0,1" hai="45,47,48,50,53,55,77,83,84,94,97,98,99,101" machi="55" ten="30,8000,1" yaku="1,1,7,1,9,1,8,1,52,1,53,0" doraHai="75" doraHaiUra="60" who="1" fromWho="0" sc="350,-80,340,90,350,0,0,0" /><INIT seed="1,0,0,0,0,1" ten="270,430,350,0" oya="1" hai0="65,93,73,107,127,68,76,130,50,81,105,96,64" hai1="114,37,69,117,90,75,89,77,42,80,88,43,95" hai2="83,103,36,3,119,82,110,74,54,118,91,126,84" hai3=""/><U85/><E117/><V98/><F36/><T115/><D115/><U108/><E114/><V45/><F45/><T134/><D134/><U70/><E108/><V48/><F54/><T34/><D130/><U59/><E69/><V78/><F48/><T46/><D127/><U133/><E133/><V38/><F38/><T120/><N who="0" m="30752" /><T55/><D34/><U125/><E70/><V121/><N who="2" m="31008" /><V0/><F126/><T62/><REACH who="0" step="1"/><D65/><REACH who="0" ten="260,430,350,0" step="2"/><U52/><E125/><V128/><F128/><T124/><D124/><U2/><E2/><V111/><F0/><T94/><D94/><U67/><E67/><V61/><F3/><T35/><D35/><U92/><E92/><V87/><F118/><T41/><D41/><U99/><E43/><V101/><F119/><T63/><D63/><U129/><E129/><V79/><F61/><T40/><D40/><U39/><E39/><V100/><F98/><T86/><D86/><U104/><E42/><V47/><F47/><T51/><D51/><U72/><E37/><V135/><F135/><T106/><D106/><U71/><E104/><V123/><N who="2" m="31520" /><V53/><F53/><T113/><D113/><U109/><E52/><V57/><F57/><T102/><AGARI ba="0,1" hai="46,50,55,62,64,68,73,76,81,93,96,102,105,107" m="30752" machi="102" ten="20,3900,0" yaku="1,1,0,1,7,1,52,1,53,0" doraHai="1" doraHaiUra="112" who="0" fromWho="0" sc="260,49,430,-26,350,-13,0,0" /><INIT seed="2,0,0,1,3,125" ten="309,404,337,0" oya="2" hai0="75,101,124,85,122,2,68,103,52,60,116,98,94" hai1="1,123,92,84,133,41,129,82,62,108,88,50,37" hai2="36,76,109,127,73,56,40,44,74,112,59,118,110" hai3=""/><V106/><F112/><T33/><N who="0" m="31264" /><T135/><D33/><U117/><N who="1" m="31520" /><U79/><E1/><V115/><F115/><T54/><D124/><U49/><E108/><N who="2" m="41579" /><F127/><T67/><D75/><N who="2" m="28682" /><F118/><T89/><D135/><U43/><E133/><V130/><F76/><T120/><N who="0" m="30752" /><T81/><D116/><U58/><E37/><V46/><F106/><T51/><D2/><U0/><E0/><V97/><F97/><T69/><D69/><U86/><E117/><V105/><F105/><T71/><D71/><U80/><E80/><V57/><F46/><T119/><D119/><U39/><E39/><V70/><F70/><T93/><D103/><U104/><E104/><V77/><F77/><T42/><D101/><U134/><E134/><V65/><F65/><T107/><D98/><U63/><E79/><V113/><F113/><T78/><D107/><U131/><E58/><V66/><F66/><T34/><D34/><U99/><E99/><V132/><F132/><T35/><D35/><U64/><E64/><V47/><F47/><T55/><D78/><U83/><E92/><V91/><F91/><AGARI ba="0,0" hai="41,43,49,50,62,63,82,83,84,86,88,91,129,131" m="31520" machi="91" ten="25,12000,2" yaku="22,2,52,3,54,1" doraHai="125" who="1" fromWho="2" sc="309,0,404,120,337,-120,0,0" /><INIT seed="4,0,0,5,3,42" ten="309,524,217,0" oya="0" hai0="129,86,2,72,55,112,82,103,84,63,106,104,99" hai1="70,65,100,54,46,53,134,76,74,32,81,121,114" hai2="73,61,125,93,60,1,133,88,44,131,85,135,66" hai3=""/><T39/><D2/><U116/><N who="1" m="31008" /><U109/><E116/><V58/><F1/><T69/><D112/><U75/><E32/><V119/><F119/><T110/><D129/><U51/><E109/><V92/><F131/><T50/><D110/><U56/><E114/><V91/><F73/><T71/><D106/><U127/><E134/><V38/><F125/><T45/><D72/><U40/><E127/><V94/><F60/><T122/><N who="0" m="31264" /><T0/><D0/><U33/><E33/><V83/><REACH who="2" step="1"/><F91/><REACH who="2" ten="309,524,207,0" step="2"/><T41/><D63/><U96/><E74/><V87/><F87/><T115/><D115/><U113/><E113/><V80/><F80/><T3/><D3/><U95/><E70/><V78/><F78/><T79/><REACH who="0" step="1"/><D86/><REACH who="0" ten="299,524,207,0" step="2"/><U111/><E111/><V35/><F35/><T108/><D108/><U102/><E75/><V77/><F77/><T105/><D105/><U37/><E76/><V98/><F98/><T107/><D107/><U47/><E96/><V126/><F126/><T128/><D128/><U117/><E117/><V123/><N who="2" m="31520" /><V89/><F89/><T36/><D36/><U68/><E37/><V57/><F57/><AGARI ba="0,2" hai="39,41,45,50,55,57,69,71,79,82,84,99,103,104" m="31264" machi="57" ten="30,12000,1" yaku="1,1,7,1,52,2,53,1" doraHai="42" doraHaiUra="49" who="0" fromWho="2" sc="299,140,524,0,207,-120,0,0" /><INIT seed="4,1,0,0,0,116" ten="439,524,87,0" oya="0" hai0="123,127,38,42,134,114,64,50,111,46,85,35,56" hai1="124,60,57,54,36,122,126,77,90,128,83,125,0" hai2="45,87,55,1,79,110,61,72,59,80,131,44,113" hai3=""/><T104/><N who="0" m="31520" /><T68/><D35/><U75/><N who="1" m="31264" /><U103/><E0/><V3/><F110/><T107/><D114/><U105/><E36/><V39/><F113/><T133/><D127/><U86/><E128/><V96/><F131/><T74/><D74/><U88/><E75/><V84/><F72/><T37/><D85/><U71/><E71/><V40/><F96/><AGARI ba="1,0" hai="54,57,60,77,83,86,88,90,96,103,105,124,125,126" m="31264" machi="96" ten="40,8000,1" yaku="18,1,52,2,54,1" doraHai="116" who="1" fromWho="2" sc="439,0,524,82,87,-82,0,0" /><INIT seed="5,0,0,3,4,89" ten="439,606,5,0" oya="1" hai0="61,81,68,66,73,35,106,54,95,62,103,120,53" hai1="43,134,123,39,131,115,64,87,59,128,79,111,60" hai2="45,34,102,127,78,96,80,94,56,42,93,49,101" hai3=""/><U41/><N who="1" m="31520" /><U57/><E111/><V114/><F34/><T117/><N who="0" m="30752" /><T40/><D35/><U44/><E115/><V129/><F114/><T107/><D117/><U90/><E79/><V84/><F129/><N who="1" m="49737" /><E43/><V124/><F56/><T132/><D132/><U70/><E134/><V91/><F91/><T112/><D112/><U72/><E72/><V97/><AGARI ba="0,0" hai="42,45,49,78,80,84,93,94,96,97,101,102,124,127" machi="97" ten="30,5900,0" yaku="0,1,9,1,52,2" doraHai="89" who="2" fromWho="2" sc="439,-20,606,-39,5,59,0,0" /><INIT seed="6,0,0,2,2,68" ten="419,567,64,0" oya="2" hai0="90,39,61,135,123,0,125,64,92,35,91,78,85" hai1="112,49,134,120,58,80,55,46,119,48,43,116,53" hai2="122,45,73,81,75,84,38,130,109,57,126,67,2" hai3=""/><V37/><N who="2" m="31264" /><V99/><F2/><T32/><N who="0" m="31520" /><T76/><D0/><U50/><N who="1" m="30752" /><U101/><E101/><V133/><F109/><T129/><D129/><U127/><E112/><V124/><F130/><T77/><D135/><U105/><E105/><V82/><F133/><T107/><D125/><N who="2" m="48234" /><F99/><T74/><D74/><N who="2" m="28170" /><F45/><T62/><D107/><U33/><E127/><V118/><F118/><T41/><D64/><U52/><E134/><V36/><F36/><T70/><D70/><U72/><E72/><V111/><F111/><T94/><D39/><N who="2" m="14858" /><F84/><T95/><D85/><U51/><E116/><V79/><F79/><T121/><N who="0" m="31008" /><T87/><D87/><U65/><E119/><V106/><F106/><T44/><D44/><U113/><E46/><V40/><F40/><T47/><D47/><U83/><E43/><V93/><F93/><T115/><D41/><U96/><E96/><V34/><F34/><T66/><D94/><U3/><E33/><V102/><F102/><T110/><D110/><U86/><E86/><V98/><F98/><T117/><D77/><U132/><E132/><V1/><F1/><T114/><D117/><U128/><E128/><V42/><F42/><T59/><D35/><U103/><E3/><RYUUKYOKU ba="0,0" sc="419,-10,567,-10,64,20,0,0" hai2="57,67,81,82" /><INIT seed="6,1,0,3,3,128" ten="409,557,84,0" oya="2" hai0="42,114,38,116,56,75,72,124,132,83,71,126,134" hai1="127,80,105,103,51,57,77,49,34,54,74,53,61" hai2="86,119,115,58,123,3,43,104,96,112,108,47,100" hai3=""/><V67/><N who="2" m="31520" /><V81/><F119/><T65/><D71/><U109/><E34/><V101/><F3/><T76/><D75/><U89/><E109/><V98/><F58/><T93/><D93/><U97/><E127/><N who="0" m="48681" /><D116/><U39/><E39/><V73/><F67/><T48/><D65/><U64/><E89/><V91/><F108/><T1/><D1/><U85/><E74/><V118/><F118/><T59/><D114/><U33/><E33/><V133/><F73/><T95/><D95/><U122/><N who="1" m="31264" /><U111/><E111/><V110/><F110/><T35/><D35/><U32/><E32/><V50/><REACH who="2" step="1"/><F133/><REACH who="2" ten="409,557,74,0" step="2"/><T60/><D59/><U37/><E64/><V130/><F130/><T88/><D134/><U113/><E113/><V55/><F55/><T99/><D132/><U63/><E54/><V66/><F66/><T62/><D56/><U131/><E131/><V120/><N who="2" m="30752" /><V90/><F90/><T45/><D62/><U87/><E63/><V125/><F125/><T41/><D60/><U106/><E61/><V92/><AGARI ba="1,1" hai="43,47,50,81,86,91,92,96,98,100,101,104,112,115" m="30752,31520" machi="92" ten="30,8000,1" yaku="1,1,0,1,52,2,53,1" doraHai="128" doraHaiUra="78" who="2" fromWho="2" sc="409,-41,557,-41,74,92,0,0" /><INIT seed="6,2,0,5,5,106" ten="368,516,166,0" oya="2" hai0="82,121,75,1,38,35,133,111,80,34,103,122,79" hai1="124,58,128,92,37,130,95,120,104,87,94,127,85" hai2="68,100,56,48,76,64,96,41,44,134,55,52,65" hai3=""/><V118/><F118/><T101/><N who="0" m="31008" /><T50/><N who="0" m="31264" /><T110/><D1/><U69/><N who="1" m="30752" /><U43/><E104/><V113/><F113/><T105/><D50/><U107/><E107/><V51/><F134/><T114/><D133/><U84/><E69/><V60/><F76/><T81/><D38/><U126/><E58/><V57/><REACH who="2" step="1"/><F68/><REACH who="2" ten="368,516,156,0" step="2"/><T47/><D114/><U109/><E109/><V67/><F67/><T83/><D111/><U89/><E89/><V108/><F108/><T66/><D110/><U59/><E59/><V78/><F78/><T91/><D91/><U36/><E43/><V116/><F116/><T54/><D66/><U42/><E42/><V71/><F71/><T90/><D90/><U49/><E49/><V33/><F33/><T131/><D34/><U129/><AGARI ba="2,1" hai="36,37,84,85,87,92,94,95,124,126,127,128,129,130" m="30752" machi="129" ten="50,24000,5" yakuman="40" doraHai="106" who="1" fromWho="1" sc="368,-82,516,254,156,-162,0,0" owari="286,-11.0,770,72.0,-6,-61.0,0,0.0" /></mjloggm>