<mjloggm ver="2.3"><GO type="185" lobby="0"/><UN n0="%E3%81%A4%E3%81%8F%E3%81%AD%E3%82%93%32" n1="%E4%B8%96%E7%9B%B4%E3%81%97%E4%BA%BA" n2="%E6%A2%B6%E9%9A%86%E8%87%A3" n3="" dan="17,17,17,0" rate="2261.75,2262.96,2248.04,1500.00" sx="M,M,M,C"/><TAIKYOKU oya="0"/><INIT seed="0,0,0,1,4,63" ten="350,350,350,0" oya="0" hai0="45,53,122,87,100,95,116,54,77,62,94,120,59" hai1="52,34,131,79,58,115,44,126,93,88,37,33,117" hai2="86,64,84,71,80,38,128,89,81,123,91,47,56" hai3=""/><T127/><N who="0" m="30752" /><T82/><N who="0" m="31264" /><T66/><D116/><U129/><E117/><V76/><N who="2" m="31520" /><V110/><F110/><T113/><D113/><U78/><E115/><V125/><F128/><T65/><D127/><U104/><E104/><V48/><F125/><T112/><D112/><U97/><E126/><V61/><F38/><T124/><D124/><U67/><E67/><N who="0" m="25609" /><D100/><U74/><E44/><V60/><F60/><T42/><D42/><U130/><E37/><V96/><F96/><T103/><D103/><U39/><E39/><V35/><F35/><N who="1" m="13321" /><E74/><V102/><F102/><T92/><D92/><U121/><N who="1" m="31008" /><U101/><E101/><V70/><REACH who="2" step="1"/><F76/><REACH who="2" ten="350,350,340,0" step="2"/><T32/><D32/><U108/><E108/><V40/><AGARI ba="0,1" hai="40,47,48,56,61,64,70,71,80,81,84,86,89,91" m="31520" machi="40" ten="20,12000,3" yaku="1,1,2,1,0,1,7,1,9,1,52,2,53,1" doraHai="63" doraHaiUra="55" who="2" fromWho="2" sc="350,-80,350,-40,340,130,0,0" /><INIT seed="1,0,0,3,2,67" ten="270,310,470,0" oya="1" hai0="63,79,44,76,71,108,46,103,117,90,93,58,35" hai1="74,56,38,110,126,99,85,59,83,133,98,37,100" hai2="122,101,88,34,118,1,124,129,84,65,54,70,109" hai3=""/><U102/><E74/><V130/><N who="2" m="31264" /><V107/><F118/><T36/><D35/><U119/><E119/><V60/><F34/><T49/><D117/><U123/><N who="1" m="31520" /><U131/><E131/><N who="2" m="50187" /><F109/><T57/><D108/><U3/><E110/><V62/><F124/><T41/><D103/><U53/><E3/><V80/><F1/><T68/><D79/><U72/><E72/><V55/><F60/><T2/><D76/><U92/><E126/><V77/><F77/><T45/><D2/><U112/><E112/><V95/><F107/><T127/><D127/><U125/><E125/><V0/><F0/><T115/><D58/><U40/><E133/><V42/><F42/><T104/><D104/><U97/><E40/><V82/><F80/><T132/><D115/><U33/><E33/><V89/><F101/><T48/><D132/><U87/><E98/><AGARI ba="0,0" hai="54,55,62,65,70,82,84,88,89,95,98" m="50187,31264" machi="98" ten="30,7700,0" yaku="19,1,52,2,54,1" doraHai="67" who="2" fromWho="1" sc="270,0,310,-77,470,77,0,0" /><INIT seed="2,0,0,3,0,65" ten="270,233,547,0" oya="2" hai0="76,99,71,104,120,73,131,124,103,52,127,42,46" hai1="56,61,66,2,86,77,117,130,134,126,39,133,43" hai2="81,101,93,72,108,34,62,91,63,48,82,110,44" hai3=""/><V3/><F3/><T92/><N who="0" m="30752" /><T70/><D131/><U80/><E2/><V58/><F34/><T74/><D92/><U1/><E1/><V35/><F101/><T85/><D85/><U109/><E130/><V95/><F35/><T50/><D42/><U78/><E109/><N who="2" m="42091" /><F72/><N who="0" m="27754" /><D76/><U129/><E129/><V88/><F93/><T36/><D36/><U118/><E78/><V67/><F63/><T55/><D55/><U75/><E75/><V122/><N who="2" m="31264" /><V45/><F44/><T132/><D132/><N who="1" m="50795" /><E126/><AGARI ba="0,0" hai="46,50,52,70,71,99,103,104,124,126,127" m="27754,30752" machi="126" ten="30,8000,1" yaku="18,1,52,3,54,1" doraHai="65" who="0" fromWho="1" sc="270,80,233,-80,547,0,0,0" /><INIT seed="4,0,0,2,2,42" ten="350,153,547,0" oya="0" hai0="123,33,119,130,120,117,79,38,111,103,90,83,59" hai1="46,70,129,68,125,95,121,122,34,50,72,84,73" hai2="135,94,57,102,36,45,105,74,106,85,67,98,100" hai3=""/><T131/><N who="0" m="30752" /><T37/><N who="0" m="31520" /><T48/><D33/><U58/><N who="1" m="31008" /><U110/><N who="1" m="31264" /><U81/><E34/><V93/><F135/><T64/><D103/><U1/><E110/><V115/><F74/><T133/><D90/><U41/><E1/><V109/><F109/><T65/><D111/><U56/><E129/><N who="0" m="49161" /><D133/><U116/><E116/><N who="0" m="44617" /><D48/><U40/><E95/><V78/><F100/><T76/><D76/><U71/><E125/><V51/><F93/><T97/><D97/><U88/><REACH who="1" step="1"/><E40/><REACH who="1" ten="350,143,547,0" step="2"/><V69/><F94/><T32/><D32/><U35/><E35/><V39/><F102/><T113/><D113/><U3/><E3/><V55/><F115/><T134/><D134/><U82/><E82/><V101/><F101/><T132/><D132/><U99/><E99/><V77/><F98/><T96/><D96/><U60/><E60/><V89/><F85/><T47/><D83/><U127/><E127/><V126/><F126/><T2/><D2/><U104/><E104/><V75/><F106/><T52/><D37/><U87/><E87/><V108/><F105/><T86/><D86/><U63/><E63/><V43/><F108/><T114/><D114/><U112/><E112/><V107/><F107/><T124/><D124/><RYUUKYOKU ba="0,1" sc="350,-10,143,20,547,-10,0,0" hai1="41,46,50,56,58,68,70,71,72,73,81,84,88" /><INIT seed="5,1,1,4,3,65" ten="340,163,537,0" oya="1" hai0="95,70,60,80,69,3,131,59,55,125,58,101,57" hai1="86,45,39,96,124,108,119,127,103,82,91,115,111" hai2="97,49,106,104,62,37,121,133,93,81,129,32,117" hai3=""/><U73/><E39/><V99/><N who="2" m="31008" /><V75/><F117/><T48/><D3/><U92/><E45/><V38/><F32/><T113/><D113/><U36/><E36/><V51/><F81/><T107/><D107/><U54/><E54/><V87/><F87/><T135/><D135/><U1/><E1/><V2/><F93/><T63/><D131/><U44/><E44/><V68/><F129/><T122/><N who="0" m="31264" /><T112/><D112/><U88/><E115/><V67/><F67/><T78/><D125/><N who="1" m="48203" /><E73/><V102/><F75/><T128/><D128/><U47/><E47/><V110/><F37/><T83/><D63/><U120/><N who="1" m="30752" /><U94/><E119/><V53/><F62/><T66/><D58/><U74/><E74/><V98/><F2/><T0/><D0/><U123/><N who="1" m="31520" /><U35/><E35/><V132/><F133/><T134/><D134/><U40/><E40/><V34/><F132/><T33/><D33/><U72/><E72/><V126/><F34/><T109/><D59/><U46/><E46/><V56/><F126/><T61/><D57/><U50/><E50/><V43/><F51/><T118/><D118/><U79/><E79/><V105/><F49/><T52/><D48/><U90/><E94/><RYUUKYOKU ba="1,1" sc="340,-10,163,20,537,-10,0,0" hai1="82,86,88,90,91,92,96,103,108,111" /><INIT seed="5,2,1,0,4,115" ten="330,183,527,0" oya="1" hai0="124,110,96,86,134,118,101,81,68,89,41,102,59" hai1="73,66,34,112,62,109,87,49,77,72,93,129,50" hai2="37,69,46,133,42,99,117,1,48,43,44,105,131" hai3=""/><U71/><E34/><V132/><F117/><T91/><D68/><U67/><E112/><V76/><F1/><T58/><D110/><U61/><E109/><V130/><F76/><T54/><D134/><N who="2" m="51818" /><F69/><T33/><D33/><U80/><E129/><V57/><F57/><T0/><D0/><U106/><E106/><V88/><F88/><T122/><N who="0" m="31264" /><T45/><D124/><U70/><REACH who="1" step="1"/><E93/><REACH who="1" ten="330,173,527,0" step="2"/><V126/><F126/><T79/><D118/><U55/><E55/><V3/><F3/><T53/><D53/><U123/><N who="1" m="31520" /><U75/><AGARI ba="2,2" hai="49,50,61,62,66,67,70,71,72,73,75,77,80,87" m="31520" machi="75" ten="30,8000,1" yaku="1,1,4,1,0,1,9,1,52,1,53,0" doraHai="115" doraHaiUra="52" who="1" fromWho="1" sc="330,-42,173,104,527,-42,0,0" /><INIT seed="5,3,0,1,1,135" ten="288,277,485,0" oya="1" hai0="115,99,37,129,76,73,87,98,85,133,39,47,107" hai1="0,70,60,93,35,132,88,106,44,64,46,32,96" hai2="40,63,2,75,84,108,124,114,111,57,116,119,82" hai3=""/><U69/><E0/><V68/><F2/><T126/><D47/><U128/><E132/><V56/><F75/><T120/><N who="0" m="30752" /><T113/><D133/><U49/><E70/><V65/><F40/><T91/><D129/><U58/><E128/><V118/><F114/><T1/><D1/><U38/><E106/><V110/><F124/><T92/><D37/><U36/><E46/><V123/><N who="2" m="31520" /><V55/><REACH who="2" step="1"/><F55/><REACH who="2" ten="288,277,475,0" step="2"/><T80/><D126/><U72/><E72/><V97/><F97/><T79/><D39/><U112/><E112/><N who="0" m="43081" /><D79/><AGARI ba="3,1" hai="56,57,63,65,68,79,82,84,108,110,111,116,118,119" m="31520" machi="79" ten="50,3200,0" yaku="1,1,52,1,53,0" doraHai="135" doraHaiUra="42" who="2" fromWho="0" sc="288,-38,277,0,475,48,0,0" /><INIT seed="6,0,0,3,2,96" ten="250,277,523,0" oya="2" hai0="47,97,133,53,124,128,91,90,106,72,48,70,79" hai1="110,56,94,114,104,112,35,87,92,109,116,45,50" hai2="89,126,113,132,115,1,135,39,64,34,122,107,103" hai3=""/><V77/><N who="2" m="31264" /><V52/><F1/><T54/><D128/><U130/><E104/><V59/><F126/><T134/><D124/><U75/><E75/><V63/><F39/><T44/><D70/><U40/><E35/><V123/><N who="2" m="31520" /><V32/><F77/><T74/><D79/><U66/><E130/><V71/><F89/><T37/><D106/><U36/><E116/><V58/><F59/><T76/><D97/><U0/><E0/><V55/><F103/><T33/><D76/><U83/><E94/><V111/><F107/><T88/><D33/><U120/><N who="1" m="30752" /><U81/><E92/><V95/><F95/><T101/><D101/><U127/><E127/><V121/><N who="2" m="31008" /><V125/><F125/><T57/><D37/><U98/><E98/><V73/><F111/><N who="1" m="42505" /><E87/><V86/><F73/><T99/><D99/><U102/><E102/><V108/><F86/><T43/><D43/><U60/><E36/><V84/><F108/><T105/><D105/><U61/><E61/><V51/><F84/><T69/><D69/><U80/><E40/><V62/><F32/><T49/><D57/><U119/><E119/><V82/><F58/><T42/><D42/><U85/><E85/><V65/><F34/><T78/><D78/><RYUUKYOKU ba="0,0" sc="250,10,277,10,523,-20,0,0" hai0="44,47,48,49,53,54,72,74,88,90,91,133,134" hai1="45,50,56,60,66,80,81,83,112,114" owari="260,-34.0,287,-11.0,503,45.0,0,0.0" /></mjloggm>