<mjloggm ver="2.3"><GO type="225" lobby="0"/><UN n0="%E3%81%8B%E3%82%8A%E3%82%93%E3%81%95%E3%82%93" n1="%E3%83%AD%E3%83%9C%E3%82%B3%E3%83%97" n2="%31%73%E3%81%A7%E3%81%84%E3%81%84%E3%81%9D%E3%81%86" n3="%47%4F%44%48%41%44%45%53" dan="18,16,16,16" rate="2195.61,2104.60,2120.04,2109.24" sx="M,M,M,M"/><TAIKYOKU oya="0"/><INIT seed="0,0,0,1,2,115" ten="250,250,250,250" oya="0" hai0="118,111,84,106,93,78,73,35,3,7,123,48,110" hai1="58,102,60,117,23,101,86,100,122,67,125,17,57" hai2="81,80,42,34,36,95,112,99,50,135,69,116,56" hai3="92,33,70,11,20,134,82,121,88,74,130,21,37"/><T126/><D123/><U97/><E122/><V89/><F112/><W71/><G121/><T64/><D106/><U27/><E117/><V109/><F34/><W24/><G37/><T119/><D35/><U131/><E131/><V15/><F69/><W0/><G33/><T28/><D28/><U113/><E113/><V16/><F109/><N who="0" m="41482" /><D126/><U83/><E125/><V91/><F116/><N who="0" m="44586" /><D73/><U87/><E87/><V127/><F135/><W10/><G74/><T90/><D78/><U9/><E9/><N who="2" m="6255" /><F36/><W49/><G11/><N who="0" m="2559" /><D48/><U41/><E41/><V105/><F105/><W14/><G49/><T79/><D79/><U39/><E39/><V22/><F127/><W72/><G10/><T85/><D64/><U43/><E43/><V12/><F42/><W4/><G4/><T38/><D38/><U124/><E124/><V5/><F5/><W104/><G0/><T114/><D114/><U2/><E2/><V63/><F50/><W75/><G104/><T68/><D68/><U26/><E67/><N who="2" m="39399" /><F89/><W6/><G71/><T30/><D30/><U107/><E107/><V65/><F65/><W76/><G70/><T53/><D53/><U55/><E55/><V1/><F1/><W103/><G75/><T8/><D8/><U77/><E77/><V13/><F22/><W94/><G21/><T52/><D52/><U44/><E23/><V29/><F29/><W51/><G20/><T19/><D19/><U40/><E17/><V61/><F61/><W120/><G72/><T108/><N who="0" m="41490" /><T66/><DORA hai="54" /><D66/><U132/><E40/><V25/><F25/><N who="1" m="9225" /><E60/><V129/><F129/><RYUUKYOKU ba="0,0" sc="250,15,250,-15,250,15,250,-15" hai0="84,85,90,93" hai2="12,13,80,81,91,95,99" /><INIT seed="0,1,0,2,3,117" ten="265,235,265,235" oya="0" hai0="2,95,36,83,54,76,42,112,59,72,63,20,43" hai1="69,4,23,128,47,100,17,93,18,15,14,118,55" hai2="122,85,29,92,91,26,41,8,120,79,87,68,123" hai3="124,135,58,101,103,66,38,86,56,48,88,98,6"/><T45/><D112/><U77/><E118/><V11/><F68/><W108/><G38/><T113/><D113/><U7/><E69/><V110/><F110/><W37/><G37/><T121/><D121/><U125/><E128/><V5/><F41/><W99/><G108/><T71/><D42/><U97/><E125/><V90/><F79/><W9/><G124/><T0/><D20/><U115/><E115/><V22/><REACH who="2" step="1"/><F5/><REACH who="2" ten="265,235,255,235" step="2"/><W19/><G6/><T16/><D71/><U81/><E7/><V50/><F50/><W133/><G48/><T74/><D72/><U65/><E4/><V70/><F70/><W129/><G129/><T106/><D0/><U13/><E77/><V35/><F35/><W57/><G133/><T51/><D2/><U24/><E18/><V134/><F134/><W82/><G135/><T109/><D109/><U126/><E126/><V28/><F28/><W132/><G132/><T27/><D36/><U53/><E17/><V114/><F114/><W73/><G73/><T44/><D43/><U127/><E127/><V12/><F12/><N who="3" m="7567" /><G66/><T40/><D40/><U30/><E65/><V94/><AGARI ba="1,1" hai="8,11,22,26,29,85,87,90,91,92,94,120,122,123" machi="94" ten="30,16000,3" yaku="1,1,0,1,9,1,52,3,53,2" doraHai="117" doraHaiUra="80" who="2" fromWho="2" sc="265,-81,235,-41,255,173,235,-41" /><INIT seed="1,0,0,0,5,134" ten="184,194,428,194" oya="1" hai0="109,84,28,62,96,133,122,48,14,33,110,132,113" hai1="20,135,31,17,58,64,65,124,123,59,76,45,43" hai2="36,8,53,44,18,27,40,41,72,126,69,2,49" hai3="101,103,112,77,0,23,42,89,6,88,120,67,46"/><U55/><E123/><V85/><F72/><W9/><G120/><T66/><D122/><U79/><E135/><N who="0" m="51785" /><D113/><U128/><E128/><V70/><F40/><W92/><G112/><T24/><D14/><U34/><E34/><V105/><F105/><W111/><G111/><N who="0" m="42507" /><D84/><U80/><E31/><V115/><F115/><W118/><G118/><T12/><D12/><U90/><E90/><V121/><F121/><W15/><G77/><T71/><D48/><U114/><E114/><V131/><F85/><W30/><G67/><T1/><D96/><U130/><E130/><V68/><F131/><W117/><G89/><T3/><AGARI ba="0,0" hai="1,3,24,28,33,62,66,71" m="42507,51785" machi="3" ten="40,5200,0" yaku="20,1,14,1,23,1" doraHai="134" who="0" fromWho="0" sc="184,52,194,-26,428,-13,194,-13" /><INIT seed="2,0,0,0,3,45" ten="236,168,415,181" oya="2" hai0="75,30,64,77,130,92,127,86,91,43,22,60,19" hai1="57,82,7,39,46,51,68,52,102,113,120,79,58" hai2="53,110,66,78,55,115,23,2,129,18,119,85,9" hai3="69,41,87,12,48,104,80,90,27,50,89,10,59"/><V3/><F115/><W20/><G104/><T62/><D130/><U29/><E113/><V65/><F119/><W131/><G131/><T83/><D127/><U16/><E120/><V4/><F129/><W5/><G69/><T61/><D43/><U72/><E68/><V109/><F78/><W35/><G35/><T106/><D30/><U54/><E102/><V1/><F85/><N who="3" m="50343" /><G41/><T25/><REACH who="0" step="1"/><D106/><REACH who="0" ten="226,168,415,181" step="2"/><U56/><E29/><V97/><F109/><W105/><G105/><T28/><D28/><U116/><E116/><V37/><F110/><W21/><G59/><AGARI ba="0,1" hai="19,22,25,59,60,61,62,64,75,77,83,86,91,92" machi="59" ten="30,2000,0" yaku="1,1,7,1,53,0" doraHai="45" doraHaiUra="93" who="0" fromWho="3" sc="226,30,168,0,415,0,181,-20" /><INIT seed="3,0,0,5,1,30" ten="256,168,415,161" oya="3" hai0="82,55,64,2,117,61,73,32,84,114,60,46,9" hai1="44,70,122,110,80,113,38,22,131,98,42,3,43" hai2="8,47,67,106,79,7,101,57,92,134,0,20,53" hai3="74,71,96,135,75,23,115,58,128,13,95,112,5"/><W31/><G71/><T121/><D32/><U133/><E122/><V62/><F106/><W21/><G128/><T26/><D26/><U102/><E113/><V97/><F134/><W108/><G135/><T68/><D73/><U94/><E133/><V126/><F126/><W4/><G108/><T76/><D121/><U124/><E124/><V77/><F20/><W63/><G112/><T27/><D27/><U33/><E110/><V18/><F18/><N who="3" m="10447" /><G74/><T85/><D117/><U39/><E131/><V15/><F0/><W51/><G75/><T29/><D29/><U125/><E125/><V10/><F10/><W25/><G51/><AGARI ba="0,0" hai="7,8,15,47,51,53,57,62,67,77,79,92,97,101" machi="51" ten="40,1300,0" yaku="8,1" doraHai="30" who="2" fromWho="3" sc="256,0,168,0,415,13,161,-13" owari="256,6.0,168,-23.0,428,52.0,148,-35.0" /></mjloggm>