<mjloggm ver="2.3"><GO type="169" lobby="0"/><UN n0="%E3%81%86%E3%81%95%E3%81%8E%E3%83%95%E3%82%A1%E3%83%B3%E3%82%B7%E3%83%BC" n1="%E3%82%A4%E3%83%B3%E3%83%87%E3%82%A3%E3%82%B4%E3%83%96%E3%83%AB%E3%83%BC" n2="%E7%A7%8B%E6%9C%88%36%31" n3="%E7%99%BD%E9%B9%BF%E6%84%9B%E8%8E%89" dan="16,16,17,18" rate="2125.06,2148.95,2135.59,2219.68" sx="F,M,M,F"/><TAIKYOKU oya="0"/><INIT seed="0,0,0,0,0,36" ten="250,250,250,250" oya="0" hai0="125,127,49,53,86,109,61,21,55,74,85,88,33" hai1="134,67,117,90,123,19,6,23,63,111,41,97,131" hai2="26,103,96,14,72,89,121,77,62,130,113,119,132" hai3="68,100,118,79,80,59,93,106,108,42,43,83,1"/><T44/><D74/><U73/><E111/><V27/><F113/><W25/><G118/><T91/><D33/><U110/><E110/><V101/><F121/><W38/><G68/><T94/><D109/><U76/><E117/><V124/><F119/><W82/><G108/><T87/><D21/><U3/><E123/><V66/><F72/><W81/><G106/><T69/><D69/><U45/><E134/><V116/><F132/><W35/><G1/><T98/><REACH who="0" step="1"/><D91/><REACH who="0" ten="240,250,250,250" step="2"/><U135/><E73/><V16/><F116/><W105/><G35/><T15/><D15/><U64/><E90/><V99/><F89/><W50/><G79/><T129/><D129/><U46/><E23/><V12/><F77/><W17/><G25/><T78/><D78/><U11/><E131/><V56/><F130/><W39/><G82/><T18/><D18/><U71/><E19/><V8/><F14/><W70/><G17/><T24/><D24/><U37/><E76/><V107/><REACH who="2" step="1"/><F124/><REACH who="2" ten="240,250,240,250" step="2"/><W57/><G81/><T52/><D52/><U34/><E135/><V30/><F30/><W60/><G83/><T47/><D47/><U104/><E46/><V58/><F58/><AGARI ba="0,2" hai="44,49,53,55,58,61,85,86,87,88,94,98,125,127" machi="58" ten="40,12000,1" yaku="1,1,54,1,53,2" doraHai="36" doraHaiUra="48" who="0" fromWho="2" sc="240,140,250,0,240,-120,250,0" /><INIT seed="0,1,0,3,5,42" ten="380,250,120,250" oya="0" hai0="32,57,107,134,19,118,113,5,50,64,72,76,58" hai1="24,128,61,38,4,78,60,10,91,129,37,125,132" hai2="71,108,96,105,121,29,36,31,44,17,35,68,80" hai3="88,30,21,95,135,40,3,115,20,27,106,124,59"/><T15/><D118/><U49/><E78/><V54/><F29/><W52/><G115/><T18/><D113/><U101/><E101/><N who="2" m="62631" /><F54/><W86/><G124/><T74/><D107/><U13/><E125/><V133/><F17/><W116/><G135/><T83/><D32/><U114/><E132/><V62/><F133/><W7/><G116/><T65/><D134/><U11/><E114/><V81/><F121/><W39/><G106/><T23/><D5/><U82/><E24/><N who="2" m="18919" /><F71/><W90/><G90/><T46/><D74/><U103/><E103/><V92/><F92/><W2/><G7/><T131/><D131/><N who="1" m="50251" /><E49/><V117/><F117/><W28/><G28/><T123/><D123/><U63/><E11/><V75/><F75/><W110/><G110/><T122/><D122/><U85/><AGARI ba="1,0" hai="4,10,13,37,38,60,61,63,82,85,91" m="50251" machi="85" ten="40,1500,0" yaku="19,1" doraHai="42" who="1" fromWho="1" sc="380,-8,250,18,120,-5,250,-5" /><INIT seed="1,0,0,2,4,7" ten="372,268,115,245" oya="1" hai0="84,62,116,67,54,34,129,32,37,88,114,63,10" hai1="4,95,73,53,112,0,47,135,81,78,68,48,127" hai2="66,11,51,97,20,118,117,52,35,102,3,44,82" hai3="94,2,8,17,12,99,40,23,104,60,133,121,5"/><U31/><E112/><V134/><F134/><W59/><G121/><T1/><D116/><U76/><E127/><V64/><F35/><W43/><G104/><T39/><D114/><U55/><E135/><V80/><F117/><W29/><G29/><T50/><D129/><U27/><E68/><V110/><F110/><W85/><G85/><T123/><D123/><U83/><E95/><V90/><F118/><W98/><G98/><T105/><D105/><U72/><E0/><V132/><F20/><W106/><G106/><T6/><D39/><U77/><E4/><V96/><F132/><W87/><G87/><T69/><D62/><U111/><E111/><V58/><F102/><W38/><G38/><T86/><D37/><U130/><E78/><V9/><F3/><W124/><G124/><T46/><REACH who="0" step="1"/><D86/><REACH who="0" ten="362,268,115,245" step="2"/><U42/><REACH who="1" step="1"/><E130/><REACH who="1" ten="362,258,115,245" step="2"/><V56/><F97/><W15/><G133/><T13/><D13/><U75/><E75/><V109/><F109/><W79/><G2/><T28/><D28/><U14/><E14/><V131/><F131/><W41/><G12/><T45/><D45/><U30/><E30/><V16/><F96/><W21/><G99/><T33/><D33/><AGARI ba="0,2" hai="27,31,33,42,47,48,53,55,72,73,76,77,81,83" machi="33" ten="30,5800,0" yaku="1,1,7,1,9,1,53,0" doraHai="7" doraHaiUra="89" who="1" fromWho="0" sc="362,-58,258,78,115,0,245,0" /><INIT seed="1,1,0,0,2,3" ten="304,336,115,245" oya="1" hai0="77,94,87,16,133,58,84,110,55,15,43,88,36" hai1="85,93,119,130,113,114,70,22,5,32,126,40,127" hai2="0,96,100,83,74,108,65,128,31,42,63,34,14" hai3="53,73,59,13,64,29,98,67,115,81,78,117,24"/><U111/><E70/><V71/><F14/><W9/><G115/><T41/><D110/><U48/><E32/><V91/><F91/><W129/><G129/><T118/><D133/><U116/><E22/><V107/><F42/><W51/><G117/><N who="1" m="45130" /><E5/><V47/><F47/><W61/><G98/><T95/><D118/><U92/><E85/><V49/><F49/><W6/><REACH who="3" step="1"/><G51/><REACH who="3" ten="304,336,115,235" step="2"/><N who="0" m="31103" /><D36/><U19/><E130/><V132/><F128/><W17/><G17/><T45/><D45/><N who="1" m="25639" /><E19/><V101/><F132/><W46/><G46/><T124/><D124/><N who="1" m="47659" /><E111/><V7/><F108/><W102/><G102/><T21/><D95/><AGARI ba="1,1" hai="92,93,95,113,114" m="47659,25639,45130" machi="95" ten="30,1500,0" yaku="18,1" doraHai="3" who="1" fromWho="0" sc="304,-18,336,28,115,0,235,0" /><INIT seed="1,2,0,4,3,84" ten="286,364,115,235" oya="1" hai0="18,111,91,135,34,83,19,96,27,94,38,42,52" hai1="108,56,1,55,82,66,120,106,114,88,131,126,128" hai2="50,125,47,2,26,15,65,59,119,23,22,28,62" hai3="21,102,53,132,10,30,87,8,67,5,45,44,58"/><U134/><E114/><V16/><F125/><W48/><G132/><T81/><D111/><U116/><E116/><V9/><F119/><W123/><G123/><T20/><D135/><U14/><E120/><V46/><F2/><W109/><G109/><T112/><D112/><U110/><E1/><V51/><F51/><W90/><G102/><T117/><D117/><U17/><E66/><V97/><F50/><W0/><G10/><T93/><D34/><U73/><E73/><V75/><F75/><W104/><G104/><T4/><D4/><U32/><E32/><V78/><F78/><W43/><G67/><T86/><D19/><U3/><E3/><V25/><REACH who="2" step="1"/><F97/><REACH who="2" ten="286,364,105,235" step="2"/><W130/><G130/><N who="1" m="49706" /><E126/><V40/><F40/><W72/><G72/><T107/><D42/><U70/><E134/><V103/><F103/><W41/><G41/><T99/><D38/><U124/><E124/><V100/><F100/><W37/><G37/><T122/><D99/><U6/><E110/><V101/><F101/><W57/><G43/><T29/><D122/><U68/><E108/><V49/><F49/><W69/><G48/><T89/><D107/><U24/><E106/><V118/><F118/><W121/><G0/><T76/><D76/><U80/><E80/><V127/><F127/><W33/><G121/><T60/><D29/><AGARI ba="2,1" hai="9,15,16,22,23,25,26,28,29,46,47,59,62,65" machi="29" ten="30,8000,1" yaku="1,1,7,1,9,1,8,1,54,1,53,0" doraHai="84" doraHaiUra="98" who="2" fromWho="0" sc="286,-86,364,0,105,96,235,0" /><INIT seed="2,0,0,3,2,29" ten="200,364,201,235" oya="2" hai0="4,128,97,79,106,103,57,47,102,75,20,82,35" hai1="21,32,0,19,76,71,104,108,127,74,12,13,58" hai2="116,34,28,93,22,17,86,132,31,68,5,70,11" hai3="105,123,45,91,99,77,23,9,100,113,55,16,78"/><V27/><F116/><W124/><G123/><T122/><D122/><U135/><E108/><V61/><F132/><W107/><G107/><T87/><D128/><U69/><E135/><V8/><F61/><W114/><G124/><T88/><D4/><U39/><E0/><V110/><F110/><W37/><G9/><T24/><D103/><U49/><E39/><V73/><F73/><W42/><G91/><T6/><D6/><U65/><E104/><V36/><F36/><W89/><G89/><T60/><D47/><U67/><E13/><V2/><F31/><W43/><G55/><T112/><D112/><N who="3" m="43113" /><G43/><T72/><D35/><U48/><E76/><V3/><F11/><W10/><G10/><T134/><D134/><U109/><E32/><V120/><F2/><W52/><G52/><T1/><D1/><U84/><E127/><V46/><F46/><W44/><G44/><T118/><D118/><U56/><E21/><V130/><F130/><W41/><G41/><T15/><D15/><AGARI ba="0,0" hai="15,16,23,37,42,45,77,78,99,100,105" m="43113" machi="15" ten="30,2000,0" yaku="11,1,54,1" doraHai="29" who="3" fromWho="0" sc="200,-20,364,0,201,0,235,20" /><INIT seed="3,0,0,4,5,56" ten="180,364,201,255" oya="3" hai0="126,100,26,55,81,63,12,1,7,75,84,101,37" hai1="134,82,79,112,102,98,119,97,42,85,87,45,83" hai2="118,107,14,103,5,24,121,65,61,20,27,50,8" hai3="3,116,96,15,93,99,90,86,59,47,62,129,88"/><W31/><G3/><T92/><D126/><U30/><E112/><V117/><F121/><W72/><G72/><T4/><D37/><U114/><E114/><V44/><F107/><W25/><G116/><T91/><D1/><U108/><E108/><V21/><F103/><N who="0" m="39498" /><D75/><U40/><E134/><V125/><F125/><W34/><G129/><T10/><D26/><U128/><E128/><V2/><F2/><W135/><G135/><T64/><D64/><U124/><E119/><V9/><F9/><W6/><G47/><T35/><D35/><U73/><E73/><V123/><F123/><W54/><REACH who="3" step="1"/><G90/><REACH who="3" ten="180,364,201,245" step="2"/><T113/><D113/><U76/><E45/><V49/><F118/><W57/><G57/><N who="0" m="35263" /><D7/><U60/><E102/><V43/><F117/><W104/><G104/><T127/><D127/><U77/><E124/><V78/><F44/><W89/><G89/><T0/><D0/><U109/><E109/><V115/><F5/><W71/><G71/><T70/><D70/><U19/><E79/><V95/><F78/><W94/><G94/><AGARI ba="0,1" hai="4,10,12,81,84,91,92,94" m="35263,39498" machi="94" ten="30,2000,0" yaku="8,1,52,1" doraHai="56" who="0" fromWho="3" sc="180,30,364,0,201,0,245,-20" /><INIT seed="4,0,0,3,4,63" ten="210,364,201,225" oya="0" hai0="79,131,58,119,46,26,21,112,115,73,133,104,66" hai1="106,94,54,38,53,123,10,5,105,80,109,116,45" hai2="3,13,132,88,92,0,111,61,98,134,37,18,43" hai3="102,52,127,125,6,24,23,86,120,67,87,1,124"/><T128/><D104/><U4/><E109/><V99/><F111/><W62/><G120/><T74/><D119/><U82/><E116/><V44/><F99/><W126/><G102/><T75/><D79/><U121/><E94/><V9/><REACH who="2" step="1"/><F61/><REACH who="2" ten="210,364,191,225" step="2"/><W7/><G126/><T42/><D133/><AGARI ba="0,1" hai="0,3,9,13,18,37,43,44,88,92,98,132,133,134" machi="133" ten="40,8000,1" yaku="1,1,2,1,20,1,54,1,53,0" doraHai="63" doraHaiUra="77" who="2" fromWho="0" sc="210,-80,364,0,191,90,225,0" /><INIT seed="5,0,0,4,3,122" ten="130,364,281,225" oya="1" hai0="19,81,65,55,8,58,90,121,34,15,74,40,57" hai1="72,84,91,98,44,128,133,17,60,43,70,111,97" hai2="94,88,51,99,37,46,18,39,5,102,45,23,10" hai3="47,104,76,105,21,7,131,92,32,11,96,134,89"/><U68/><E72/><V119/><F119/><W113/><G32/><T36/><D121/><U112/><E112/><V103/><F39/><W16/><G113/><T63/><D34/><U101/><E133/><V2/><F37/><W48/><G76/><T42/><D36/><U50/><E128/><V80/><F80/><W54/><G131/><T79/><REACH who="0" step="1"/><D90/><REACH who="0" ten="120,364,281,225" step="2"/><U127/><E91/><V110/><F88/><W64/><G134/><T130/><D130/><U93/><E127/><V14/><F103/><W3/><REACH who="3" step="1"/><G64/><REACH who="3" ten="120,364,281,215" step="2"/><T124/><D124/><U87/><E101/><V86/><F102/><W24/><AGARI ba="0,2" hai="3,7,11,16,21,24,47,48,54,89,92,96,104,105" machi="24" ten="20,8000,1" yaku="1,1,2,1,0,1,7,1,54,1,53,0" doraHai="122" doraHaiUra="75" who="3" fromWho="3" sc="120,-20,364,-40,281,-20,215,100" /><INIT seed="6,0,0,5,3,34" ten="100,324,261,315" oya="2" hai0="132,77,78,25,131,61,86,85,40,5,46,117,56" hai1="27,103,38,55,18,12,93,135,68,118,73,75,79" hai2="114,7,88,28,90,21,106,127,108,71,41,112,62" hai3="4,82,15,52,81,29,129,63,101,66,30,104,109"/><V60/><F127/><W72/><G109/><T31/><D131/><U84/><E118/><V110/><F106/><W51/><G129/><T69/><D117/><U92/><E38/><V76/><F76/><W130/><G130/><T50/><D132/><U57/><E68/><V64/><F41/><W44/><G104/><T121/><D121/><U126/><E27/><N who="2" m="16495" /><F7/><W47/><G101/><T2/><D69/><U102/><E75/><V3/><F3/><W32/><G47/><T13/><D2/><U0/><E73/><V133/><F60/><W54/><G54/><T10/><D78/><U6/><E135/><V24/><F24/><W80/><G32/><T111/><D111/><N who="2" m="42538" /><F133/><W107/><G107/><T134/><D134/><U23/><E0/><V8/><F8/><N who="3" m="4487" /><G72/><T99/><D77/><U49/><E6/><V48/><F48/><W74/><G74/><T11/><D11/><U122/><E122/><V87/><F90/><W45/><G45/><T17/><D5/><U115/><E126/><V70/><F70/><W97/><G66/><N who="0" m="39207" /><D25/><U98/><E79/><V89/><F89/><W20/><G63/><T95/><D31/><N who="3" m="11785" /><G20/><T58/><D58/><U59/><E103/><AGARI ba="0,0" hai="10,13,17,40,46,50,85,86,95,99,103" m="39207" machi="103" ten="30,1000,0" yaku="8,1" doraHai="34" who="0" fromWho="1" sc="100,10,324,-10,261,0,315,0" /><INIT seed="7,0,0,2,3,104" ten="110,314,261,315" oya="3" hai0="51,34,47,41,5,116,3,11,108,13,63,10,117" hai1="124,130,133,107,101,66,52,21,134,54,45,70,106" hai2="132,44,112,90,84,93,69,128,25,7,81,99,31" hai3="49,111,64,59,38,71,8,23,12,15,95,82,121"/><W2/><G121/><T74/><D108/><U57/><E124/><V123/><F112/><W61/><G111/><T60/><D34/><U102/><E130/><V9/><F132/><N who="1" m="50793" /><E45/><V40/><F69/><W91/><G82/><T58/><D63/><N who="1" m="36263" /><E54/><V96/><F128/><W20/><G38/><T33/><D33/><U37/><E37/><V85/><F123/><W135/><G135/><T120/><D120/><U6/><E6/><V16/><F31/><W0/><G49/><T18/><D117/><U72/><E72/><V97/><F7/><W127/><G71/><T105/><D105/><N who="1" m="39947" /><E21/><V115/><F115/><W4/><G127/><T79/><D116/><U126/><E126/><V80/><F40/><W26/><G2/><T36/><D51/><U89/><E89/><V125/><F44/><W86/><G23/><T114/><D114/><U122/><E122/><V42/><F42/><W1/><G0/><T73/><REACH who="0" step="1"/><D79/><REACH who="0" ten="100,314,261,315" step="2"/><U92/><E70/><V67/><F125/><W29/><AGARI ba="0,1" hai="1,4,8,12,15,20,26,29,59,61,64,86,91,95" machi="29" ten="20,2100,0" yaku="0,1,7,1" doraHai="104" who="3" fromWho="3" sc="100,-7,314,-7,261,-7,315,31" owari="93,-41.0,307,11.0,254,-15.0,346,45.0" /></mjloggm>