<mjloggm ver="2.3"><GO type="185" lobby="0"/><UN n0="%77%61%6B%75%74%69%6E" n1="%E4%B8%96%E7%9B%B4%E3%81%97%E4%BA%BA" n2="%E3%82%A2%E3%83%95%E3%83%AA%E3%82%AB" n3="" dan="17,17,16,0" rate="2213.48,2257.34,2199.86,1500.00" sx="F,M,M,C"/><TAIKYOKU oya="0"/><INIT seed="0,0,0,1,1,96" ten="350,350,350,0" oya="0" hai0="102,104,120,127,110,78,79,1,35,69,124,62,94" hai1="81,121,41,67,86,132,85,92,73,82,114,80,95" hai2="50,83,93,111,90,76,32,106,128,42,66,37,74" hai3=""/><T109/><N who="0" m="30752" /><T48/><D35/><U0/><N who="1" m="31008" /><U45/><E0/><V123/><N who="2" m="31520" /><V89/><F32/><T118/><D1/><U101/><E132/><V46/><F128/><T108/><D118/><U122/><N who="1" m="31264" /><U68/><E73/><V107/><F111/><T3/><D3/><U130/><E130/><V70/><F90/><T40/><D104/><U105/><E105/><V61/><REACH who="2" step="1"/><F37/><REACH who="2" ten="350,350,340,0" step="2"/><T134/><D134/><U113/><E113/><V112/><F112/><T72/><D124/><U38/><E114/><V129/><F129/><T97/><D127/><U99/><REACH who="1" step="1"/><E95/><REACH who="1" ten="350,340,340,0" step="2"/><V56/><F56/><T98/><D94/><U33/><E33/><V57/><F57/><T44/><D108/><U51/><E51/><V87/><AGARI ba="0,2" hai="42,46,50,61,66,70,74,76,83,87,89,93,106,107" m="31520" machi="87" ten="20,3900,0" yaku="1,1,0,1,7,1,52,1,53,0" doraHai="96" doraHaiUra="133" who="2" fromWho="2" sc="350,-26,340,-13,340,59,0,0" /><INIT seed="1,0,0,4,0,60" ten="324,327,399,0" oya="1" hai0="68,132,126,43,32,35,101,33,2,108,87,128,99" hai1="119,42,54,129,37,49,80,117,95,91,123,135,110" hai2="112,44,102,61,45,64,86,65,67,36,34,74,96" hai3=""/><U78/><N who="1" m="31520" /><U53/><E129/><V98/><F74/><T115/><D2/><U38/><E135/><V56/><F34/><T52/><D115/><U59/><E110/><V0/><F0/><T79/><D108/><U105/><E105/><V72/><F72/><T107/><D132/><U92/><E42/><V90/><F112/><T88/><D128/><U73/><E95/><V46/><F36/><T48/><D126/><U118/><REACH who="1" step="1"/><E54/><REACH who="1" ten="324,317,399,0" step="2"/><V51/><F51/><T133/><D133/><U71/><E71/><V39/><F39/><T97/><D43/><U84/><AGARI ba="0,1" hai="37,38,49,53,59,73,78,80,84,91,92,117,118,119" m="31520" machi="84" ten="30,4000,0" yaku="1,1,0,1,52,1,53,0" doraHai="60" doraHaiUra="109" who="1" fromWho="1" sc="324,-20,317,50,399,-20,0,0" /><INIT seed="1,1,0,0,4,52" ten="304,367,379,0" oya="1" hai0="100,89,127,77,108,69,121,93,126,34,135,64,43" hai1="84,125,0,46,35,122,90,33,111,97,120,48,81" hai2="113,123,54,39,94,47,91,99,79,38,37,104,59" hai3=""/><U82/><N who="1" m="30752" /><U102/><N who="1" m="31264" /><U128/><E0/><V61/><N who="2" m="31520" /><V114/><F104/><T116/><N who="0" m="31008" /><T62/><D34/><U106/><E128/><V70/><F70/><T72/><D108/><U107/><E107/><V87/><F47/><T67/><D116/><U74/><E125/><V133/><F133/><T117/><D117/><U132/><E132/><V103/><REACH who="2" step="1"/><F79/><REACH who="2" ten="304,367,369,0" step="2"/><T60/><D135/><U118/><E118/><V109/><F109/><T80/><D126/><U68/><E68/><V66/><F66/><T2/><D127/><U115/><E111/><V78/><F78/><T58/><D2/><U86/><E115/><V50/><F50/><T134/><D134/><U71/><E71/><V41/><F41/><T55/><D43/><U76/><REACH who="1" step="1"/><E86/><REACH who="1" ten="304,357,369,0" step="2"/><V92/><AGARI ba="1,2" hai="37,38,39,54,59,61,87,91,92,94,99,103,113,114" m="31520" machi="92" ten="40,6000,1" yaku="1,1,0,1,52,2,53,1" doraHai="52" doraHaiUra="85" who="2" fromWho="2" sc="304,-21,357,-41,369,82,0,0" /><INIT seed="2,0,0,1,0,50" ten="283,316,451,0" oya="2" hai0="92,3,54,87,108,40,82,118,130,62,47,57,55" hai1="48,117,85,75,41,125,101,61,44,104,84,133,53" hai2="60,34,93,52,1,35,114,90,42,91,102,97,77" hai3=""/><V74/><F1/><T73/><D3/><U67/><E75/><V126/><F114/><T46/><D118/><U119/><E133/><V83/><F126/><T70/><D108/><U89/><E125/><V78/><F78/><T122/><N who="0" m="31264" /><T45/><D130/><U106/><E85/><V80/><F42/><T98/><D73/><U79/><E79/><V69/><F69/><T128/><D128/><U59/><E101/><V99/><F80/><T0/><D0/><U58/><E119/><V107/><REACH who="2" step="1"/><F90/><REACH who="2" ten="283,316,441,0" step="2"/><T68/><D40/><U123/><N who="1" m="31520" /><U120/><N who="1" m="30752" /><U37/><E117/><V86/><F86/><T95/><D70/><U76/><E76/><V96/><F96/><T109/><D68/><U43/><E43/><V121/><N who="2" m="31008" /><V39/><F39/><T49/><D109/><U36/><E37/><V131/><F131/><T81/><D81/><AGARI ba="0,1" hai="36,41,44,48,53,58,59,61,67,81,84,89,104,106" m="30752,31520" machi="81" ten="30,7700,0" yaku="7,1,52,3" doraHai="50" who="1" fromWho="0" sc="283,-77,316,87,441,0,0,0" /><INIT seed="4,0,0,2,2,0" ten="206,403,441,0" oya="0" hai0="53,99,32,67,62,84,36,133,3,120,124,98,80" hai1="68,116,34,110,103,126,58,72,101,45,46,119,134" hai2="95,55,131,76,47,74,59,122,117,94,39,82,44" hai3=""/><T89/><N who="0" m="30752" /><T75/><D3/><U66/><E72/><V114/><N who="2" m="31264" /><V81/><F117/><T35/><D36/><U33/><E68/><V121/><N who="2" m="31008" /><V78/><F114/><T112/><D112/><U77/><E77/><V49/><F131/><T90/><D133/><U69/><E69/><V130/><F130/><T1/><D1/><U86/><E86/><V64/><F64/><T97/><D124/><U52/><E66/><V56/><F56/><T57/><D75/><U128/><E128/><V73/><F47/><T65/><D65/><U108/><E58/><V115/><F115/><T123/><N who="0" m="31520" /><T85/><REACH who="0" step="1"/><D67/><REACH who="0" ten="196,403,441,0" step="2"/><U102/><E103/><V43/><AGARI ba="0,1" hai="39,43,44,49,55,59,73,74,76,78,81,82,94,95" m="31008,31264" machi="43" ten="30,5900,0" yaku="0,1,9,1,52,2" doraHai="0" who="2" fromWho="2" sc="196,-39,403,-20,441,69,0,0" /><INIT seed="5,0,0,2,5,86" ten="157,383,510,0" oya="1" hai0="51,46,91,108,52,0,132,58,80,122,70,111,60" hai1="79,55,114,42,95,115,77,1,133,104,57,64,96" hai2="74,119,101,81,63,65,98,124,130,76,71,32,59" hai3=""/><U135/><E104/><V89/><F119/><T102/><N who="0" m="31264" /><T94/><D0/><U50/><E64/><V90/><F32/><T48/><D132/><N who="1" m="50763" /><E42/><V128/><F124/><T129/><D129/><N who="2" m="49770" /><F71/><T82/><D70/><U107/><E107/><AGARI ba="0,0" hai="59,63,65,74,76,81,89,90,98,101,107" m="49770" machi="107" ten="30,3900,0" yaku="19,1,52,2" doraHai="86" who="2" fromWho="1" sc="157,0,383,-39,510,39,0,0" /><INIT seed="6,0,0,0,0,124" ten="157,344,549,0" oya="2" hai0="56,123,117,95,92,65,61,135,102,50,105,53,104" hai1="64,86,109,98,41,118,91,74,49,33,36,84,129" hai2="112,72,70,127,94,96,37,75,89,108,97,107,63" hai3=""/><V79/><F37/><T45/><N who="0" m="31520" /><T62/><D117/><U51/><E36/><V39/><F39/><T88/><D135/><U55/><E98/><V116/><F116/><T90/><D102/><U42/><E118/><V69/><F127/><T111/><D111/><U35/><E74/><V38/><F38/><T125/><D125/><U59/><E59/><V40/><F40/><T113/><D113/><U67/><E91/><V76/><F112/><T34/><D34/><U132/><E55/><V110/><F89/><T60/><D60/><U83/><E83/><V68/><F68/><T101/><D101/><U133/><E109/><V44/><F63/><T131/><D131/><AGARI ba="0,0" hai="33,35,41,42,49,51,64,67,84,86,129,131,132,133" machi="131" ten="25,6400,0" yaku="22,2,52,2" doraHai="124" who="1" fromWho="0" sc="157,-64,344,64,549,0,0,0" owari="93,-51.0,408,1.0,549,50.0,0,0.0" /></mjloggm>