<mjloggm ver="2.3"><GO type="185" lobby="0"/><UN n0="%E3%83%AA%E3%82%B3%E3%83%BB%E3%83%90%E3%83%B3%E3%83%87%E3%83%A9%E3%82%B9" n1="%77%61%6B%75%74%69%6E" n2="%E3%83%84%E3%83%BC%E3%82%A2%E3%82%A6%E3%83%88" n3="" dan="16,17,16,0" rate="2194.42,2219.92,2096.26,1500.00" sx="M,F,M,C"/><TAIKYOKU oya="0"/><INIT seed="0,0,0,0,5,113" ten="350,350,350,0" oya="0" hai0="95,52,125,108,62,134,47,110,63,99,98,59,69" hai1="64,43,58,45,90,65,135,91,123,79,118,111,112" hai2="67,49,84,102,117,42,114,93,53,119,107,106,36" hai3=""/><T77/><D134/><U70/><N who="1" m="31520" /><U122/><N who="1" m="31264" /><U130/><E135/><V71/><F114/><T76/><D125/><U38/><E112/><V94/><F42/><T78/><D47/><U80/><E118/><N who="2" m="45067" /><F36/><T60/><D99/><U109/><E70/><V51/><F67/><T96/><D96/><U73/><E130/><V104/><F71/><T100/><REACH who="0" step="1"/><D69/><REACH who="0" ten="340,350,350,0" step="2"/><U75/><E111/><AGARI ba="0,1" hai="52,59,60,62,63,76,77,78,95,98,100,108,110,111" machi="111" ten="40,24000,3" yaku="1,1,2,1,14,1,10,1,54,1,53,3" doraHai="113" doraHaiUra="74" who="0" fromWho="1" sc="340,250,350,-240,350,0,0,0" /><INIT seed="0,1,0,2,3,116" ten="590,110,350,0" oya="0" hai0="120,124,53,58,94,61,85,72,43,91,82,60,67" hai1="117,113,84,50,32,108,133,73,92,121,135,36,70" hai2="76,122,65,74,95,62,129,126,42,44,34,2,99" hai3=""/><T45/><N who="0" m="30752" /><T89/><D124/><U130/><E92/><V81/><N who="2" m="31264" /><V0/><F34/><T86/><D72/><U51/><E84/><V56/><F126/><T64/><REACH who="0" step="1"/><D61/><REACH who="0" ten="580,110,350,0" step="2"/><U97/><E50/><AGARI ba="1,1" hai="43,45,50,53,58,60,64,67,82,85,86,89,91,94" m="30752" machi="50" ten="30,18000,2" yaku="1,1,2,1,7,1,8,1,52,2,53,0" doraHai="116" doraHaiUra="35" who="0" fromWho="1" sc="580,192,110,-182,350,0,0,0" owari="772,72.0,-72,-67.0,350,-5.0,0,0.0" /></mjloggm>