<mjloggm ver="2.3"><GO type="169" lobby="0"/><UN n0="%E7%A7%8B%E6%9C%88%36%31" n1="%E3%83%AD%E3%83%83%E3%82%BD" n2="%E3%81%8B%E3%81%A5%E3%81%8D%EF%BC%B8%EF%BC%A9" n3="%E3%83%93%E3%83%B3%E3%82%AB%E3%83%B3" dan="17,17,16,16" rate="2133.55,2178.77,2099.58,2151.03" sx="M,F,M,M"/><TAIKYOKU oya="0"/><INIT seed="0,0,0,4,5,88" ten="250,250,250,250" oya="0" hai0="14,110,102,28,23,45,87,59,52,48,40,105,33" hai1="36,65,55,115,6,119,117,0,111,69,85,38,16" hai2="60,76,84,35,37,134,12,123,98,27,118,99,58" hai3="61,130,2,31,91,62,32,4,75,5,42,107,63"/><T49/><D33/><U68/><E6/><V24/><F37/><W94/><G107/><T133/><D133/><U93/><E0/><V41/><F41/><W83/><G42/><T1/><D1/><U29/><E29/><V66/><F123/><W100/><G100/><T135/><D135/><U54/><E85/><V39/><F39/><W46/><G46/><T7/><D110/><U64/><E16/><V77/><F77/><W56/><G56/><T104/><D102/><U114/><REACH who="1" step="1"/><E93/><REACH who="1" ten="250,240,250,250" step="2"/><V57/><F84/><W81/><G2/><T9/><REACH who="0" step="1"/><D87/><REACH who="0" ten="240,240,250,250" step="2"/><U70/><E70/><V11/><F134/><W131/><G75/><T82/><D82/><U25/><E25/><AGARI ba="0,2" hai="7,9,14,23,25,28,40,45,48,49,52,59,104,105" machi="25" ten="40,7700,0" yaku="1,1,54,1,53,1" doraHai="88" doraHaiUra="51" who="0" fromWho="1" sc="240,97,240,-77,250,0,250,0" /><INIT seed="0,1,0,5,1,17" ten="337,163,250,250" oya="0" hai0="110,57,74,124,129,112,114,123,13,20,118,48,38" hai1="83,29,19,63,84,105,70,77,16,30,113,102,81" hai2="128,24,39,133,71,120,125,9,59,61,2,35,85" hai3="7,1,56,101,21,87,69,108,111,107,75,33,92"/><T97/><D74/><U53/><E113/><V46/><F120/><W49/><G33/><T100/><D38/><U6/><E6/><V5/><F125/><W95/><G69/><T27/><D123/><U12/><E105/><V89/><F128/><W127/><G75/><T65/><D124/><U15/><E102/><V98/><F98/><W31/><G127/><T26/><D129/><U42/><E42/><V104/><F104/><W32/><G32/><T10/><D27/><U131/><E131/><V115/><F133/><W68/><G68/><T54/><D65/><U45/><E70/><V14/><F71/><W58/><G1/><T94/><D118/><U99/><E99/><V126/><F126/><W76/><G7/><T3/><D3/><U0/><E0/><V135/><F135/><W67/><G107/><T122/><D122/><U134/><E134/><V132/><F2/><W109/><G101/><T28/><D110/><U55/><E45/><V73/><F73/><W18/><G31/><T66/><D66/><U60/><E84/><V41/><F115/><W106/><G106/><T80/><D80/><U43/><E43/><V103/><F103/><W86/><G67/><T52/><D54/><U79/><AGARI ba="1,0" hai="12,15,16,19,29,30,53,55,60,63,77,79,81,83" machi="79" ten="25,8000,1" yaku="0,1,22,2,8,1,54,1" doraHai="17" who="1" fromWho="1" sc="337,-41,163,83,250,-21,250,-21" /><INIT seed="1,0,0,2,3,55" ten="296,246,229,229" oya="1" hai0="25,15,27,102,94,0,128,84,91,81,33,79,64" hai1="68,36,7,100,48,23,132,24,12,21,80,3,20" hai2="60,71,11,88,57,96,31,58,74,38,54,98,122" hai3="22,116,121,99,50,62,14,43,72,127,34,69,87"/><U19/><E36/><V41/><F74/><W131/><G72/><T66/><D0/><U77/><E68/><V44/><F122/><W46/><G34/><T83/><D128/><U114/><E132/><V26/><F71/><W95/><G121/><T2/><D2/><U75/><E114/><V49/><F11/><W85/><G131/><T63/><D15/><U109/><E100/><V65/><REACH who="2" step="1"/><F88/><REACH who="2" ten="296,246,219,229" step="2"/><N who="3" m="55783" /><G116/><T93/><D83/><U115/><E115/><V13/><F13/><W29/><G69/><T59/><D102/><U76/><E76/><V113/><F113/><W107/><G127/><T37/><D94/><U30/><E109/><V70/><F70/><W8/><G107/><T53/><D27/><U40/><E3/><V111/><F111/><W105/><G105/><T16/><D37/><U104/><E104/><V47/><F47/><W52/><G8/><T6/><D6/><U86/><E75/><V103/><F103/><W18/><G29/><T123/><D123/><U101/><E101/><V45/><F45/><W117/><G117/><T17/><D33/><AGARI ba="0,1" hai="26,31,33,38,41,44,49,54,57,58,60,65,96,98" machi="33" ten="30,8000,1" yaku="1,1,7,1,52,2,53,1" doraHai="55" doraHaiUra="51" who="2" fromWho="0" sc="296,-80,246,0,219,90,229,0" /><INIT seed="2,0,0,2,0,13" ten="216,246,309,229" oya="2" hai0="93,73,128,24,111,98,105,21,72,61,103,77,22" hai1="123,113,106,0,17,97,47,52,122,65,104,132,68" hai2="2,23,69,99,66,30,36,7,41,121,110,37,107" hai3="94,74,38,1,42,117,108,32,129,84,92,126,15"/><V60/><F121/><N who="1" m="46089" /><E113/><V25/><F41/><W50/><G1/><T56/><D111/><U44/><E0/><V96/><F96/><W78/><G32/><T40/><D128/><U87/><E87/><V63/><F63/><W101/><G38/><T62/><D40/><U119/><E119/><V102/><F110/><W12/><G117/><T81/><D22/><U85/><E85/><V31/><F31/><W14/><G74/><T58/><D73/><U82/><E82/><V51/><F51/><W8/><G129/><T109/><D109/><U135/><E65/><V134/><F134/><N who="1" m="51241" /><E68/><V83/><F83/><W86/><G108/><T57/><REACH who="0" step="1"/><D105/><REACH who="0" ten="206,246,309,229" step="2"/><U35/><E35/><V115/><F115/><W9/><G9/><T118/><D118/><U39/><E106/><V120/><F120/><W127/><G8/><T100/><D100/><U28/><E104/><V133/><F133/><W34/><G34/><T67/><D67/><U10/><E39/><V26/><F107/><W45/><G101/><T54/><D54/><U125/><E52/><V89/><F102/><W71/><G42/><T124/><D124/><U5/><E125/><V75/><F75/><W46/><G127/><T33/><D33/><U95/><E10/><V53/><F53/><W19/><G126/><T11/><D11/><U59/><E5/><V116/><F66/><W4/><G4/><T112/><D112/><U64/><E64/><V88/><F7/><W131/><G131/><T91/><D91/><N who="1" m="55551" /><E28/><AGARI ba="0,1" hai="21,24,28,56,57,58,61,62,72,77,81,93,98,103" machi="28" ten="40,2600,0" yaku="1,1,53,1" doraHai="13" doraHaiUra="20" who="0" fromWho="1" sc="206,36,246,-26,309,0,229,0" /><INIT seed="3,0,0,4,0,129" ten="242,220,309,229" oya="3" hai0="124,65,0,48,17,34,30,67,58,53,130,45,92" hai1="70,60,106,14,72,5,111,68,62,78,55,71,102" hai2="28,66,13,43,7,20,98,35,109,121,51,128,24" hai3="107,126,61,22,57,33,73,116,100,95,12,6,114"/><W103/><G33/><T131/><D0/><U18/><E111/><V56/><F109/><W69/><G73/><T9/><D124/><U117/><E117/><V75/><F75/><W113/><G116/><T101/><D34/><U54/><E5/><V47/><F128/><N who="0" m="49194" /><D30/><U125/><E125/><V49/><F35/><W39/><G126/><T97/><D45/><U23/><E106/><V36/><F36/><W110/><G110/><T76/><D76/><U108/><E102/><V15/><F121/><W93/><G39/><T16/><D9/><U120/><E120/><V19/><F7/><W94/><G69/><T87/><D87/><U26/><E108/><V29/><F29/><W82/><G107/><T127/><D127/><U84/><E72/><V89/><F28/><W90/><G114/><T123/><D123/><U50/><E78/><V42/><F66/><AGARI ba="0,0" hai="16,17,48,53,58,65,66,67,92,97,101" m="49194" machi="66" ten="30,2000,0" yaku="19,1,54,1" doraHai="129" who="0" fromWho="2" sc="242,20,220,0,309,-20,229,0" /><INIT seed="4,0,0,5,1,54" ten="262,220,289,229" oya="0" hai0="27,63,67,135,114,34,107,48,84,80,0,86,33" hai1="22,83,132,20,99,18,133,108,2,109,51,116,70" hai2="5,45,125,41,111,30,128,74,29,35,6,72,1" hai3="94,68,12,103,39,17,129,57,60,87,71,102,121"/><T81/><D107/><U127/><E70/><V126/><F111/><W112/><G39/><T97/><D0/><U124/><E83/><V36/><F128/><W100/><G129/><T38/><D38/><U117/><E99/><V15/><F15/><W7/><G7/><N who="2" m="2569" /><F1/><W3/><G3/><T40/><D97/><U120/><E2/><V31/><F35/><W19/><G19/><T49/><D27/><U93/><E93/><V55/><F55/><W131/><G131/><T104/><D104/><U13/><E51/><V88/><F88/><N who="3" m="53535" /><G71/><T65/><D63/><U56/><E56/><V44/><F44/><W130/><G68/><T98/><D98/><U4/><E4/><V113/><F113/><W92/><G112/><T26/><D26/><U118/><E120/><V95/><F95/><W25/><G25/><T123/><D114/><U9/><E9/><V115/><F115/><W53/><G121/><T62/><D62/><U119/><E119/><V101/><F101/><W11/><G130/><T46/><D46/><U61/><E61/><V66/><F66/><W37/><G37/><T42/><REACH who="0" step="1"/><D123/><REACH who="0" ten="252,220,289,229" step="2"/><U73/><E117/><V105/><F105/><W47/><G47/><T82/><D82/><U90/><E118/><V122/><F122/><W58/><G58/><T89/><D89/><U79/><E90/><V77/><F77/><W28/><G92/><T134/><AGARI ba="0,1" hai="33,34,40,42,48,49,65,67,80,81,84,86,134,135" machi="134" ten="25,9600,0" yaku="1,1,0,1,22,2,53,0" doraHai="54" doraHaiUra="110" who="0" fromWho="0" sc="252,106,220,-32,289,-32,229,-32" /><INIT seed="4,1,0,1,2,7" ten="358,188,257,197" oya="0" hai0="85,30,24,87,127,123,5,91,81,113,26,135,40" hai1="16,89,78,122,15,106,86,124,118,18,134,72,125" hai2="93,128,98,133,10,54,11,130,52,43,63,51,108" hai3="58,84,27,79,68,107,74,34,8,77,55,44,2"/><T100/><D123/><U83/><E118/><V20/><F108/><W60/><G107/><T29/><D135/><U129/><E122/><V117/><F117/><W94/><G74/><T101/><D113/><U112/><E106/><V90/><F133/><W92/><G68/><T1/><D40/><U88/><E134/><V111/><F111/><W73/><G73/><T69/><D69/><U61/><E129/><N who="2" m="49771" /><F20/><W0/><G0/><T25/><D127/><N who="1" m="48715" /><E112/><V4/><F4/><W14/><G2/><T95/><D5/><U116/><E116/><V13/><F13/><W12/><G12/><T46/><D46/><U65/><E72/><V80/><F80/><N who="3" m="47119" /><G79/><N who="0" m="46271" /><D1/><U41/><E41/><V131/><N who="2" m="49779" /><V105/><DORA hai="47" /><F105/><W67/><G27/><T110/><D110/><U97/><E97/><V39/><F39/><W37/><G34/><T32/><D32/><U96/><E96/><V121/><F121/><W9/><G37/><T50/><D25/><U102/><E102/><V19/><F19/><N who="1" m="7209" /><E15/><V22/><F22/><W104/><G104/><T35/><D35/><U119/><E119/><V49/><F43/><W99/><G14/><T28/><D26/><U57/><AGARI ba="1,0" hai="57,61,65,78,83,86,88,89" m="7209,48715" machi="57" ten="30,4000,0" yaku="18,1,54,2" doraHai="7,47" who="1" fromWho="1" sc="358,-21,188,43,257,-11,197,-11" /><INIT seed="5,0,0,5,1,29" ten="337,231,246,186" oya="1" hai0="135,132,109,23,77,33,22,15,115,1,105,131,89" hai1="130,55,116,25,39,50,74,127,129,124,38,123,96" hai2="120,12,3,91,106,100,60,53,102,67,101,81,54" hai3="121,36,32,43,69,97,79,88,98,118,41,57,9"/><U8/><E74/><V18/><F3/><W48/><G69/><T119/><D105/><U34/><E96/><V13/><F120/><W16/><G121/><T62/><D77/><U44/><E8/><V78/><F91/><W61/><G36/><N who="1" m="13866" /><E123/><V117/><F117/><W26/><G79/><T27/><D119/><U108/><E116/><V110/><F110/><W5/><G118/><T114/><D109/><U4/><E4/><V93/><F106/><W45/><G43/><T73/><D73/><U133/><E108/><V6/><F6/><W51/><G51/><T30/><D1/><U103/><E103/><V70/><F93/><N who="3" m="56487" /><G98/><T35/><D89/><U71/><E71/><V19/><F78/><W72/><G72/><T52/><D15/><U0/><E0/><V64/><F81/><W20/><G32/><N who="0" m="12363" /><D22/><U37/><E37/><V10/><REACH who="2" step="1"/><F67/><REACH who="2" ten="337,231,236,186" step="2"/><N who="3" m="39343" /><G5/><T125/><D30/><U56/><E34/><V42/><F42/><W85/><G85/><T92/><D92/><U21/><E55/><V134/><F134/><W126/><G126/><T68/><D125/><U95/><E133/><N who="0" m="51273" /><D52/><N who="1" m="29767" /><E95/><V86/><F86/><W128/><G128/><N who="1" m="49258" /><E127/><V94/><F94/><W47/><G47/><T90/><D90/><U46/><E46/><V28/><F28/><W7/><G7/><T65/><D131/><U11/><E124/><V49/><F49/><W14/><G26/><T99/><D99/><U104/><E104/><V76/><F76/><W31/><G31/><T83/><D83/><U107/><E107/><V82/><F82/><W111/><G111/><T87/><D87/><U17/><E25/><RYUUKYOKU ba="0,1" sc="337,10,231,-30,236,10,186,10" hai0="23,27,62,65,68,114,115" hai2="10,12,13,18,19,53,54,60,64,70,100,101,102" hai3="9,14,16,20,41,45,48" /><INIT seed="6,1,1,2,1,62" ten="347,201,246,196" oya="2" hai0="64,34,105,14,63,44,90,84,131,81,113,10,36" hai1="24,2,86,48,97,29,122,114,73,135,104,87,5" hai2="58,111,69,19,79,96,101,30,57,60,116,54,102" hai3="52,33,12,1,21,45,51,92,7,0,82,31,15"/><V17/><F116/><W41/><G33/><T61/><D113/><U18/><E73/><V53/><F69/><W133/><G133/><T72/><D131/><U107/><E114/><V50/><F111/><W4/><G1/><T127/><D127/><U43/><E135/><V26/><F79/><W20/><G0/><T46/><D72/><U120/><E18/><V35/><REACH who="2" step="1"/><F102/><REACH who="2" ten="347,201,236,196" step="2"/><W88/><G82/><T42/><D81/><U40/><E122/><V110/><F110/><W28/><G4/><T130/><D130/><U78/><E120/><V6/><F6/><W91/><G7/><T77/><D77/><U66/><E78/><V80/><F80/><W71/><G71/><T23/><D90/><U38/><E5/><V128/><F128/><W55/><G91/><T32/><D105/><AGARI ba="1,2" hai="17,19,26,30,35,50,53,54,57,58,60,96,101,105" machi="105" ten="30,2900,0" yaku="1,1,7,1,53,0" doraHai="62" doraHaiUra="108" who="2" fromWho="0" sc="347,-32,201,0,236,52,196,0" /><INIT seed="6,2,0,5,3,104" ten="315,201,288,196" oya="2" hai0="18,102,100,36,43,90,61,57,83,54,94,124,71" hai1="65,35,20,11,99,53,42,128,73,107,50,37,93" hai2="5,75,64,84,69,85,15,30,60,120,70,21,6" hai3="29,7,25,26,45,119,59,23,12,8,109,116,28"/><V81/><F120/><W133/><G109/><T101/><D124/><U97/><E35/><V32/><F70/><W131/><G59/><T62/><D36/><U44/><E107/><V132/><F132/><W79/><G79/><T111/><D43/><U89/><E128/><V130/><F130/><W34/><G131/><T19/><D111/><U27/><E73/><V58/><F69/><W114/><G45/><T103/><D103/><U86/><E65/><V1/><F1/><W2/><G133/><T125/><D125/><U88/><E11/><V67/><F67/><W52/><G52/><T66/><REACH who="0" step="1"/><D83/><REACH who="0" ten="305,201,288,196" step="2"/><N who="1" m="49247" /><E37/><V46/><F81/><W87/><G114/><T92/><D92/><U0/><E42/><V24/><F32/><W82/><G82/><T77/><D77/><U40/><E40/><V91/><F91/><W33/><G87/><AGARI ba="2,1" hai="18,19,54,57,61,62,66,71,87,90,94,100,101,102" machi="87" ten="40,1300,0" yaku="1,1,53,0" doraHai="104" doraHaiUra="118" who="0" fromWho="3" sc="305,29,201,0,288,0,196,-19" /><INIT seed="7,0,0,1,3,71" ten="334,201,288,177" oya="3" hai0="118,76,106,1,31,32,91,5,63,56,81,30,12" hai1="19,39,69,15,120,103,105,113,45,2,37,101,41" hai2="116,112,80,98,6,130,55,49,88,27,4,0,96" hai3="97,65,104,16,48,135,85,61,122,75,44,78,59"/><W108/><G75/><T54/><D118/><U132/><E120/><V18/><F0/><W128/><G122/><T82/><D106/><U117/><E2/><V8/><F112/><W33/><G33/><T28/><D1/><U26/><E69/><V13/><F130/><W47/><G128/><T29/><D29/><U134/><E26/><V93/><F116/><W35/><G35/><T115/><D115/><U126/><E113/><V22/><F80/><N who="3" m="47255" /><G104/><T52/><D32/><U125/><E117/><V87/><REACH who="2" step="1"/><F6/><REACH who="2" ten="334,201,278,177" step="2"/><W24/><G108/><T21/><D5/><U46/><E134/><V124/><F124/><W99/><G135/><T77/><D81/><U64/><E132/><V43/><F43/><N who="3" m="24607" /><G47/><AGARI ba="0,1" hai="4,8,13,18,22,27,47,49,55,87,88,93,96,98" machi="47" ten="30,8000,1" yaku="1,1,7,1,8,1,54,1,53,1" doraHai="71" doraHaiUra="84" who="2" fromWho="3" sc="334,0,201,0,278,90,177,-80" owari="334,13.0,201,-20.0,368,47.0,97,-40.0" /></mjloggm>