<mjloggm ver="2.3"><GO type="169" lobby="0"/><UN n0="%E3%83%97%E3%83%AC%E3%82%B9%E3%83%97" n1="%E3%81%86%E3%81%95%E3%81%8E%E3%83%95%E3%82%A1%E3%83%B3%E3%82%B7%E3%83%BC" n2="%E8%91%B5%E3%81%A1%E3%82%83%E3%82%93" n3="%E7%99%BD%E9%B9%BF%E6%84%9B%E8%8E%89" dan="17,16,16,18" rate="2148.69,2118.88,2128.66,2218.00" sx="M,F,M,F"/><TAIKYOKU oya="0"/><INIT seed="0,0,0,2,0,99" ten="250,250,250,250" oya="0" hai0="30,1,61,117,122,28,94,34,15,6,73,92,88" hai1="59,31,100,91,48,57,133,79,50,110,21,128,126" hai2="69,29,83,76,23,53,78,124,119,103,118,26,17" hai3="47,130,125,56,67,127,85,95,2,43,93,45,71"/><T109/><D122/><U52/><E110/><V66/><F124/><N who="3" m="47691" /><G2/><T20/><D117/><U86/><E126/><V35/><F53/><W134/><G85/><T40/><D73/><U64/><E128/><V121/><F121/><W75/><G75/><T113/><D113/><U63/><E133/><V129/><F129/><W102/><G130/><T87/><D34/><U89/><E50/><V14/><F66/><W114/><G114/><T106/><D106/><U54/><E64/><V82/><F69/><W41/><G102/><T22/><D1/><U74/><E74/><V12/><F103/><W8/><G8/><N who="0" m="4503" /><D40/><N who="3" m="15433" /><G71/><T132/><D132/><U58/><E58/><V42/><F42/><W104/><G104/><T44/><D44/><N who="3" m="16969" /><G134/><T120/><D120/><U72/><E72/><V112/><F112/><W27/><G27/><T46/><D46/><U16/><E100/><V111/><F35/><W9/><G9/><T105/><D105/><U39/><E31/><N who="0" m="11817" /><D109/><U32/><E32/><V70/><F111/><W33/><G33/><T0/><D0/><U51/><E79/><N who="2" m="30251" /><F29/><W60/><AGARI ba="0,0" hai="56,60,67,93,95" m="16969,15433,47691" machi="60" ten="40,1500,0" yaku="18,1" doraHai="99" who="3" fromWho="3" sc="250,-7,250,-4,250,-4,250,15" /><INIT seed="1,0,0,0,2,72" ten="243,246,246,265" oya="1" hai0="38,45,29,17,27,49,7,32,5,71,63,112,10" hai1="126,0,96,113,20,118,110,91,77,22,128,103,26" hai2="44,78,21,107,40,57,127,30,135,14,9,83,56" hai3="67,60,4,95,31,50,34,48,84,74,106,92,51"/><U36/><E118/><V33/><F107/><W46/><G74/><T125/><D112/><U124/><E36/><V98/><F127/><N who="1" m="48681" /><E113/><V11/><F135/><W122/><G122/><T105/><D125/><U131/><E0/><V102/><F33/><W37/><G106/><T117/><D38/><U59/><E110/><V23/><F11/><W104/><G104/><T82/><D117/><U111/><E111/><V73/><F98/><W35/><G4/><T90/><D105/><N who="1" m="63719" /><E59/><V61/><F102/><W8/><G37/><T121/><D121/><U43/><E43/><V93/><F93/><W19/><G95/><T87/><D63/><U97/><E77/><V58/><F30/><W132/><G60/><T109/><D71/><U62/><E62/><V70/><F70/><W80/><G31/><T100/><D100/><U130/><E26/><V134/><F134/><W52/><G132/><T129/><D129/><N who="1" m="33027" /><U99/><DORA hai="123" /><E91/><V1/><F1/><W86/><G67/><T120/><D109/><U6/><E6/><V47/><F61/><W94/><G48/><T69/><D69/><U55/><E55/><V42/><F42/><W64/><G64/><T76/><D120/><U53/><E53/><V15/><F40/><W65/><G65/><T119/><D119/><U115/><E115/><V89/><F89/><N who="3" m="53303" /><G51/><T2/><D76/><U75/><E75/><V81/><F73/><W114/><G114/><T16/><D7/><U108/><E108/><V28/><F78/><W116/><G116/><T85/><D2/><U25/><E25/><V3/><F3/><W13/><G50/><RYUUKYOKU ba="0,0" sc="243,-10,246,30,246,-10,265,-10" hai1="20,22,97,99" /><INIT seed="1,1,0,5,0,120" ten="233,276,236,255" oya="1" hai0="48,30,22,116,84,47,60,55,66,79,4,71,129" hai1="10,49,82,69,37,110,7,80,87,95,52,107,25" hai2="125,32,114,2,59,124,57,81,28,34,24,62,17" hai3="58,133,76,46,20,126,105,74,113,128,70,134,122"/><U50/><E37/><V54/><F114/><W132/><G70/><T1/><D116/><U135/><E107/><V90/><F2/><W44/><G122/><T40/><D129/><U115/><E115/><V131/><F131/><W98/><G113/><T26/><D1/><U42/><E69/><V36/><F36/><W92/><G128/><T119/><D119/><U13/><E135/><V72/><F17/><W27/><G105/><T103/><D4/><U14/><E25/><V19/><F19/><N who="3" m="12703" /><G126/><N who="2" m="48745" /><F59/><W104/><G104/><T65/><D103/><U73/><E73/><V102/><F102/><N who="3" m="60743" /><G58/><T9/><D9/><U21/><E21/><N who="2" m="15375" /><F90/><W45/><G76/><AGARI ba="1,0" hai="32,34,54,57,62,72,76,81" m="15375,48745" machi="76" ten="30,1000,0" yaku="18,1" doraHai="120" who="2" fromWho="3" sc="233,0,276,0,236,13,255,-13" /><INIT seed="2,0,0,0,5,128" ten="233,276,249,242" oya="2" hai0="105,10,3,79,55,113,110,42,45,66,126,125,57" hai1="11,120,4,119,107,46,1,48,75,15,0,114,53" hai2="121,13,7,22,98,83,61,19,36,65,132,130,85" hai3="117,27,84,80,88,44,122,25,60,58,76,67,12"/><V124/><F121/><W95/><G117/><T86/><D105/><U109/><E119/><V40/><F130/><W16/><G122/><T131/><D131/><U99/><E120/><V62/><F124/><N who="0" m="47722" /><D86/><U38/><E114/><V69/><F62/><W9/><REACH who="3" step="1"/><G44/><REACH who="3" ten="233,276,249,232" step="2"/><T21/><D45/><U127/><E127/><V135/><F36/><W106/><G106/><T2/><D113/><U87/><E38/><V47/><F47/><W77/><G77/><T70/><D79/><U81/><E75/><AGARI ba="0,1" hai="9,12,16,25,27,58,60,67,75,76,80,84,88,95" machi="75" ten="30,12000,2" yaku="1,1,7,1,54,2,53,2" doraHai="128" doraHaiUra="20" who="3" fromWho="1" sc="233,0,276,-120,249,0,232,130" /><INIT seed="3,0,0,0,4,11" ten="233,156,249,362" oya="3" hai0="131,38,71,92,128,115,28,65,79,110,103,29,57" hai1="70,14,40,35,97,33,34,45,49,105,75,51,56" hai2="126,1,7,107,48,102,43,94,20,54,42,55,73" hai3="125,123,108,6,63,15,114,93,50,44,83,81,58"/><W117/><G114/><T98/><D38/><U112/><E70/><V99/><F126/><W76/><G117/><T21/><D110/><U5/><E112/><V95/><F73/><W82/><G123/><T16/><D115/><U104/><E75/><V25/><F7/><W60/><G125/><T26/><D79/><U8/><E97/><V134/><F1/><W88/><G76/><T61/><REACH who="0" step="1"/><D71/><REACH who="0" ten="223,156,249,362" step="2"/><U133/><E133/><V22/><F134/><W96/><G108/><T36/><D36/><U47/><REACH who="1" step="1"/><E56/><REACH who="1" ten="223,146,249,362" step="2"/><V17/><F107/><W91/><G58/><T78/><D78/><U67/><E67/><V24/><F99/><W74/><G74/><T127/><D127/><U39/><E39/><V4/><F102/><W119/><G119/><T68/><D68/><U18/><E18/><V27/><F17/><W69/><G69/><T13/><D13/><U9/><E9/><V80/><F27/><W19/><G91/><T135/><D135/><U32/><N who="1" m="8192" /><DORA hai="12" /><U0/><E0/><V72/><F24/><W85/><G96/><T90/><D90/><U106/><E106/><V23/><F25/><W101/><G101/><T64/><D64/><U111/><E111/><V41/><F72/><W77/><G77/><T129/><AGARI ba="0,2" hai="16,21,26,28,29,57,61,65,92,98,103,128,129,131" machi="129" ten="30,8000,1" yaku="1,1,0,1,19,1,52,1,54,1,53,0" doraHai="11,12" doraHaiUra="121,116" who="0" fromWho="0" sc="223,100,146,-20,249,-20,362,-40" /><INIT seed="4,0,0,1,3,116" ten="323,126,229,322" oya="0" hai0="103,38,118,49,26,101,61,23,92,12,135,125,57" hai1="21,15,72,33,44,87,106,40,32,113,68,104,129" hai2="134,82,84,79,10,64,83,7,59,48,86,2,45" hai3="28,94,111,124,74,27,131,1,13,51,132,41,108"/><T80/><D118/><U119/><E72/><V47/><F134/><W25/><G74/><T19/><D135/><U78/><E119/><V99/><F99/><W89/><G132/><T63/><D38/><U77/><E68/><V128/><F128/><W55/><G1/><T34/><D125/><U37/><E129/><V5/><F5/><W91/><G131/><T20/><D34/><U67/><E67/><V62/><REACH who="2" step="1"/><F48/><REACH who="2" ten="323,126,219,322" step="2"/><W121/><G51/><T71/><D49/><U90/><E106/><V8/><F8/><W115/><G124/><T66/><D80/><U39/><E104/><V107/><F107/><W73/><G111/><T100/><D92/><U85/><E39/><V9/><F9/><W4/><G94/><T96/><D96/><U54/><E37/><V43/><F43/><W102/><G41/><T93/><D93/><U69/><E40/><V0/><F0/><W24/><G108/><T117/><D117/><U105/><E105/><V70/><F70/><W11/><G4/><T75/><D101/><U130/><E69/><V127/><F127/><W123/><G102/><T76/><D100/><U35/><E130/><V120/><F120/><W16/><G121/><T114/><D103/><U31/><E113/><V97/><F97/><W52/><G115/><T88/><D114/><U3/><E3/><V53/><F53/><N who="3" m="20555" /><G123/><T56/><D71/><U58/><E54/><V133/><F133/><W6/><G6/><T50/><D50/><U110/><E110/><V109/><F109/><W95/><G95/><T122/><D122/><U60/><E58/><N who="0" m="22633" /><D63/><U36/><E60/><RYUUKYOKU ba="0,1" sc="323,-10,126,-10,219,30,322,-10" hai2="2,7,10,45,47,59,62,64,79,82,83,84,86" /><INIT seed="5,1,1,2,0,120" ten="313,116,249,312" oya="1" hai0="84,80,126,39,14,18,110,76,72,97,35,108,44" hai1="54,66,134,130,41,64,30,127,62,37,125,43,131" hai2="113,86,0,95,103,109,9,119,79,114,102,85,122" hai3="93,19,77,132,58,25,111,4,34,71,100,56,89"/><U73/><E73/><V49/><F119/><W52/><G71/><T74/><D35/><U55/><E30/><V28/><F122/><W99/><G132/><T115/><D115/><N who="2" m="44042" /><F28/><W32/><G111/><T7/><D7/><U128/><E134/><V106/><F106/><W75/><G4/><T123/><D123/><U10/><E10/><V15/><F0/><W40/><G40/><N who="1" m="15434" /><E37/><V124/><F109/><W20/><G58/><T63/><D44/><U96/><E96/><N who="2" m="59679" /><F103/><W91/><G91/><T70/><D39/><U107/><E107/><V22/><F22/><W67/><G67/><N who="1" m="25642" /><E62/><V51/><F124/><AGARI ba="1,1" hai="54,55,124,125,127,128,130,131" m="25642,15434" machi="124" ten="40,18000,2" yaku="28,2,18,1,19,1,34,2" doraHai="120" who="1" fromWho="2" sc="313,0,116,193,249,-183,312,0" /><INIT seed="5,2,0,0,5,7" ten="313,309,66,312" oya="1" hai0="75,86,69,95,114,113,55,30,44,0,73,60,49" hai1="64,67,71,37,122,29,34,45,18,27,58,104,77" hai2="108,57,117,129,131,72,82,5,33,126,14,51,1" hai3="22,53,24,76,15,32,9,80,4,84,47,56,42"/><U118/><E118/><V98/><F117/><W88/><G32/><T43/><D0/><U133/><E122/><V26/><F108/><W65/><G65/><T23/><D69/><U10/><E133/><V123/><F123/><W112/><G112/><N who="0" m="43115" /><D60/><U99/><E77/><V91/><F126/><W130/><G130/><T16/><D30/><U120/><E120/><V96/><F1/><W6/><G6/><T121/><D43/><U39/><E58/><V74/><F57/><W83/><G42/><T20/><D20/><U116/><E116/><V110/><F110/><W124/><G124/><T78/><D121/><U66/><E45/><V8/><F51/><N who="3" m="28927" /><G56/><T125/><D125/><U102/><REACH who="1" step="1"/><E71/><REACH who="1" ten="313,299,66,312" step="2"/><V115/><F115/><W61/><G76/><T59/><D44/><U94/><E94/><V89/><F131/><W46/><G46/><T52/><D78/><U109/><E109/><V50/><F129/><W21/><G61/><T79/><D79/><U54/><E54/><V36/><F74/><W127/><G127/><T2/><D55/><U41/><E41/><V35/><F72/><W17/><G80/><T19/><D75/><U40/><E40/><V103/><F82/><W134/><G134/><T31/><D73/><U128/><E128/><V132/><F132/><W97/><G97/><T70/><D70/><U11/><E11/><V63/><F98/><W105/><G105/><T107/><D107/><U101/><E101/><V106/><F96/><W25/><G22/><T92/><D23/><U28/><E28/><V48/><F106/><W111/><G111/><T12/><D31/><RYUUKYOKU ba="2,1" sc="313,-15,299,15,66,-15,312,15" hai1="10,18,27,29,34,37,39,64,66,67,99,102,104" hai3="4,9,15,17,21,24,25,83,84,88" /><INIT seed="5,3,1,1,3,27" ten="298,314,51,327" oya="1" hai0="101,64,95,50,46,111,42,96,108,126,40,115,132" hai1="56,60,98,130,113,47,131,125,123,15,86,30,29" hai2="11,102,49,82,70,97,129,68,71,78,5,61,122" hai3="74,106,85,93,87,89,103,9,58,52,121,135,112"/><U124/><E123/><V38/><F129/><N who="1" m="49161" /><E113/><V105/><F122/><W118/><G121/><T10/><D115/><U12/><E98/><V14/><F49/><W7/><G112/><T21/><D126/><N who="1" m="48747" /><E47/><V53/><F53/><W43/><G118/><T100/><D132/><U22/><E86/><V77/><F77/><W79/><G135/><T16/><D64/><N who="1" m="38919" /><E22/><V3/><F14/><AGARI ba="3,1" hai="12,14,15,29,30" m="38919,48747,49161" machi="14" ten="30,11600,0" yaku="19,1,18,1,52,2" doraHai="27" who="1" fromWho="2" sc="298,0,314,135,51,-125,327,0" owari="298,-10.0,449,54.0,-74,-57.0,327,13.0" /></mjloggm>