<mjloggm ver="2.3"><GO type="185" lobby="0"/><UN n0="%E3%81%A4%E3%81%8F%E3%81%AD%E3%82%93%32" n1="%E3%83%B4%E3%82%A3%E3%83%AF%E3%82%B3%E3%82%B0%E3%83%8B" n2="%E3%83%84%E3%83%BC%E3%82%A2%E3%82%A6%E3%83%88" n3="" dan="17,18,16,0" rate="2267.96,2302.63,2103.01,1500.00" sx="M,M,M,C"/><TAIKYOKU oya="0"/><INIT seed="0,0,0,1,4,131" ten="350,350,350,0" oya="0" hai0="127,102,73,109,50,120,1,52,105,101,46,33,84" hai1="2,126,108,44,107,125,85,64,67,54,111,53,77" hai2="112,39,134,106,93,60,41,35,76,63,88,95,114" hai3=""/><T83/><N who="0" m="30752" /><T81/><D1/><U104/><E2/><V62/><F35/><T55/><D33/><U51/><E77/><V117/><F106/><N who="1" m="40489" /><E85/><V124/><F124/><N who="1" m="47721" /><E53/><V47/><F117/><T91/><D127/><U113/><E113/><V75/><F114/><T98/><D102/><U130/><E130/><V115/><F115/><T68/><D68/><U129/><E129/><V133/><F112/><T0/><D0/><U3/><E3/><V79/><F75/><T119/><D119/><U49/><E49/><V89/><F79/><T103/><D103/><U94/><E94/><V132/><F76/><T90/><D73/><U58/><E58/><V40/><F40/><T36/><D36/><U69/><E69/><V99/><F95/><T71/><D71/><U110/><AGARI ba="0,0" hai="44,51,54,64,67,108,110,111" m="47721,40489" machi="110" ten="40,2000,0" yaku="14,1,18,1" doraHai="131" who="1" fromWho="1" sc="350,-13,350,20,350,-7,0,0" /><INIT seed="1,0,0,3,3,75" ten="337,370,343,0" oya="1" hai0="69,131,97,41,106,82,116,39,92,121,98,34,77" hai1="57,102,89,55,103,3,83,90,93,60,0,73,50" hai2="80,91,128,38,33,112,113,64,59,72,63,96,123" hai3=""/><U66/><E0/><V46/><N who="2" m="31520" /><V115/><F33/><T99/><N who="0" m="31008" /><T124/><D34/><U94/><E3/><V36/><F128/><T104/><D69/><U56/><E73/><V70/><F70/><T71/><D71/><U133/><E133/><V111/><F111/><T101/><D41/><U35/><E83/><V119/><F119/><T84/><D39/><U108/><E108/><V117/><F117/><T47/><D47/><U129/><E129/><V68/><F68/><T105/><D116/><U52/><E35/><V134/><F134/><T45/><D45/><U109/><E109/><V118/><F118/><T95/><D131/><U135/><E135/><V42/><F38/><T53/><D53/><U81/><E81/><V58/><F72/><T48/><D48/><U1/><E1/><V54/><F80/><T76/><D124/><U86/><REACH who="1" step="1"/><E66/><REACH who="1" ten="337,360,343,0" step="2"/><V65/><F65/><T107/><D95/><U85/><AGARI ba="0,1" hai="50,52,55,56,57,60,85,86,89,90,93,94,102,103" machi="85" ten="20,12000,2" yaku="1,1,2,1,0,1,7,1,9,1,8,1,54,1,53,0" doraHai="75" doraHaiUra="125" who="1" fromWho="1" sc="337,-60,360,130,343,-60,0,0" /><INIT seed="1,1,0,4,5,75" ten="277,490,283,0" oya="1" hai0="70,76,43,99,96,132,115,125,64,107,88,97,40" hai1="2,122,106,104,93,110,103,92,62,91,118,72,135" hai2="98,121,1,131,44,59,41,111,57,129,0,58,105" hai3=""/><U101/><N who="1" m="31264" /><U89/><E2/><V81/><N who="2" m="31008" /><V80/><F111/><T90/><D115/><U61/><E72/><V37/><F1/><T48/><D107/><U85/><E135/><V119/><F119/><T50/><D132/><U108/><REACH who="1" step="1"/><E85/><REACH who="1" ten="277,480,283,0" step="2"/><V126/><F0/><T100/><D125/><U127/><E127/><V134/><F126/><T65/><D97/><U60/><E60/><V38/><F134/><T45/><D99/><U69/><E69/><V71/><F71/><T116/><D96/><U67/><E67/><V87/><F87/><T66/><D70/><U83/><E83/><V68/><F68/><T33/><D65/><U55/><E55/><V49/><F81/><T3/><D3/><U84/><E84/><V128/><F80/><T63/><D63/><U39/><E39/><N who="2" m="14859" /><F98/><T113/><D66/><U35/><E35/><V117/><F105/><T77/><D64/><U133/><E133/><V112/><F117/><AGARI ba="1,1" hai="61,62,89,91,92,93,101,103,104,106,108,110,117,118" m="31264" machi="117" ten="25,18000,2" yaku="1,1,22,2,52,1,53,2" doraHai="75" doraHaiUra="114" who="1" fromWho="2" sc="277,0,480,192,283,-182,0,0" /><INIT seed="1,2,0,0,1,65" ten="277,672,101,0" oya="1" hai0="52,112,74,109,47,37,73,34,126,108,41,85,104" hai1="119,129,111,122,55,121,43,114,40,69,62,116,60" hai2="80,92,57,44,32,84,106,36,64,3,35,81,79" hai3=""/><U77/><N who="1" m="31008" /><U95/><N who="1" m="31264" /><U110/><E114/><V82/><F3/><T105/><D34/><U124/><E129/><V133/><F106/><N who="0" m="41066" /><D112/><U48/><E124/><V63/><F133/><T2/><D2/><U83/><E95/><V134/><F134/><T130/><D130/><U91/><E91/><V45/><F36/><T100/><D100/><U70/><E83/><N who="2" m="31819" /><F32/><T135/><D135/><U102/><E102/><V117/><F35/><T49/><D85/><U58/><E77/><V42/><F117/><N who="1" m="45129" /><E60/><V0/><F0/><T103/><D103/><U87/><E87/><V118/><F118/><T53/><D126/><U127/><E127/><V68/><F92/><T132/><D132/><U38/><E38/><V50/><F79/><T71/><D74/><U90/><E90/><V46/><F82/><T128/><D73/><U88/><E88/><V78/><F78/><T33/><D128/><U101/><E101/><V54/><F84/><T39/><D33/><U75/><E75/><V86/><F86/><T67/><D37/><U56/><E40/><V93/><F93/><T97/><D39/><U1/><E1/><V125/><F125/><T113/><D113/><U115/><E115/><V61/><F42/><T66/><D41/><RYUUKYOKU ba="2,0" sc="277,-10,672,-10,101,20,0,0" hai2="44,45,46,50,54,57,61,63,64,68" /><INIT seed="2,3,0,2,4,46" ten="267,662,121,0" oya="2" hai0="91,112,107,39,114,35,72,100,135,67,124,41,37" hai1="121,115,94,73,98,32,93,44,129,0,134,126,85" hai2="52,61,68,101,84,50,63,118,90,62,87,120,102" hai3=""/><V55/><N who="2" m="30752" /><V60/><F118/><T69/><D91/><U81/><N who="1" m="31008" /><U36/><E32/><V92/><N who="2" m="15360" /><DORA hai="127" /><V128/><F68/><T97/><D67/><U99/><E0/><V59/><F128/><T74/><D35/><U70/><E73/><N who="0" m="28265" /><D69/><U64/><E134/><V71/><F71/><T133/><D124/><U130/><E115/><N who="0" m="44073" /><D41/><U40/><E126/><V49/><F87/><T113/><D113/><U82/><E64/><V57/><AGARI ba="3,0" hai="49,50,52,55,57,59,84,90,92,101,102" m="15360,30752" machi="57" ten="40,12000,2" yaku="0,1,9,1,8,1,52,3,54,1" doraHai="46,127" who="2" fromWho="2" sc="267,-63,662,-63,121,126,0,0" /><INIT seed="2,4,0,5,2,76" ten="204,599,247,0" oya="2" hai0="51,35,44,50,107,55,36,80,119,113,102,96,68" hai1="61,104,43,39,71,83,91,56,130,77,97,64,114" hai2="134,65,127,0,41,54,90,69,45,85,72,105,53" hai3=""/><V82/><F0/><T122/><N who="0" m="31264" /><T98/><D113/><U115/><E130/><V1/><F1/><T38/><D119/><U95/><E104/><V128/><F105/><T66/><D35/><U118/><E118/><V34/><F34/><T111/><D111/><U135/><E135/><V87/><F134/><T48/><D98/><U49/><E39/><V81/><F72/><T93/><D93/><U57/><E43/><V78/><F128/><T59/><D80/><U117/><E117/><V112/><F112/><T89/><D89/><U70/><E56/><V40/><F127/><T88/><D88/><U63/><E49/><V100/><F100/><T110/><D110/><U60/><E60/><V3/><F3/><T47/><D96/><U133/><E71/><V116/><F116/><T74/><D102/><U75/><E133/><V123/><N who="2" m="31520" /><V94/><F94/><T52/><D74/><U126/><E126/><V99/><F99/><T125/><D125/><U84/><E75/><V109/><F109/><T101/><D101/><U67/><AGARI ba="4,0" hai="57,61,63,64,67,70,77,83,84,91,95,97,114,115" machi="67" ten="20,2000,0" yaku="0,1,7,1,52,1" doraHai="76" who="1" fromWho="1" sc="204,-11,599,28,247,-17,0,0" /><INIT seed="4,0,0,2,5,57" ten="193,627,230,0" oya="0" hai0="133,68,42,75,102,90,72,41,39,69,129,94,55" hai1="100,105,81,36,97,71,119,1,50,3,45,87,80" hai2="47,122,52,131,44,43,134,76,120,59,2,35,127" hai3=""/><T78/><D102/><U89/><E119/><V110/><N who="2" m="30752" /><V74/><N who="2" m="31264" /><V73/><F35/><T64/><D129/><U99/><E71/><V83/><F2/><T49/><D133/><U37/><E99/><V33/><F33/><T118/><D118/><U124/><E124/><V92/><F127/><T113/><D113/><U126/><E126/><V135/><F110/><T109/><D109/><U63/><E63/><V85/><F131/><T40/><D39/><U86/><E3/><V70/><F70/><T82/><D75/><U106/><E106/><V84/><F74/><T121/><N who="0" m="31008" /><T56/><REACH who="0" step="1"/><D64/><REACH who="0" ten="183,627,230,0" step="2"/><U101/><E100/><V95/><F73/><T53/><D53/><U132/><E132/><N who="2" m="50731" /><F43/><T96/><AGARI ba="0,1" hai="40,41,42,49,55,56,68,69,72,78,82,90,94,96" m="31008" machi="96" ten="30,4000,0" yaku="1,1,0,1,52,1,53,0" doraHai="57" doraHaiUra="114" who="0" fromWho="0" sc="183,50,627,-20,230,-20,0,0" /><INIT seed="4,1,0,4,4,46" ten="233,607,210,0" oya="0" hai0="110,56,32,103,100,116,130,85,66,121,48,95,120" hai1="70,122,51,127,63,104,90,132,123,113,39,80,84" hai2="69,78,34,54,73,135,129,47,119,45,64,40,38" hai3=""/><T0/><N who="0" m="30752" /><T53/><N who="0" m="31008" /><T97/><D116/><U92/><N who="1" m="31264" /><U93/><N who="1" m="31520" /><U82/><E104/><V60/><F119/><T3/><D32/><U33/><E33/><V77/><F34/><T43/><D130/><U41/><E127/><V89/><F129/><T76/><D110/><U88/><E39/><V50/><F135/><T74/><D74/><U126/><E126/><V112/><F112/><T68/><D103/><U67/><E132/><V106/><F106/><T98/><D97/><U134/><E134/><V111/><F111/><T44/><D66/><U62/><E62/><V83/><F78/><T131/><D68/><U2/><E2/><V99/><F99/><T94/><D131/><U117/><E113/><V101/><F89/><T133/><D133/><U81/><E117/><V86/><REACH who="2" step="1"/><F101/><REACH who="2" ten="233,607,200,0" step="2"/><T105/><D76/><U125/><E125/><V35/><F35/><T36/><REACH who="0" step="1"/><D85/><AGARI ba="1,1" hai="38,40,45,47,50,54,60,64,69,73,77,83,85,86" machi="85" ten="40,2600,0" yaku="1,1,52,1,53,0" doraHai="46" doraHaiUra="1" who="2" fromWho="0" sc="233,-28,607,0,200,38,0,0" /><INIT seed="5,0,0,1,5,84" ten="205,607,238,0" oya="1" hai0="78,114,61,108,102,103,56,120,34,71,121,134,2" hai1="77,49,87,72,55,43,135,54,92,93,64,66,117" hai2="50,39,52,91,65,35,95,63,126,41,99,105,57" hai3=""/><U75/><E117/><V44/><F126/><T47/><N who="0" m="30752" /><T73/><N who="0" m="31008" /><T89/><D108/><U58/><E135/><V74/><F74/><T124/><D2/><U83/><E75/><V101/><F35/><T48/><D34/><U53/><E72/><V86/><REACH who="2" step="1"/><F65/><REACH who="2" ten="205,607,228,0" step="2"/><T45/><D124/><U122/><N who="1" m="31264" /><U109/><E109/><V32/><F32/><T115/><D134/><U80/><E66/><V40/><F40/><T33/><D33/><U46/><REACH who="1" step="1"/><E83/><REACH who="1" ten="205,597,228,0" step="2"/><V67/><F67/><T51/><D73/><U97/><E97/><V60/><AGARI ba="0,2" hai="39,41,44,50,52,57,60,63,86,91,95,99,101,105" machi="60" ten="30,5900,0" yaku="1,1,0,1,52,1,54,1,53,0" doraHai="84" doraHaiUra="3" who="2" fromWho="2" sc="205,-20,597,-39,228,79,0,0" /><INIT seed="6,0,0,3,3,80" ten="185,558,307,0" oya="2" hai0="44,70,92,99,36,100,57,37,35,58,52,33,97" hai1="55,40,83,120,118,90,95,67,59,135,64,73,68" hai2="124,46,119,42,129,66,76,125,34,75,131,77,51" hai3=""/><V103/><F34/><T96/><D70/><U1/><N who="1" m="30752" /><U74/><E1/><V63/><F119/><T79/><D79/><N who="2" m="30282" /><F103/><T65/><D65/><U32/><E83/><V109/><F75/><T123/><N who="0" m="31520" /><T98/><D58/><U111/><E32/><V133/><F109/><T87/><N who="0" m="24576" /><DORA hai="0" /><T85/><D100/><U110/><E111/><V2/><F2/><T126/><D126/><N who="2" m="48746" /><F133/><T130/><D130/><U89/><E135/><V81/><F81/><T62/><D37/><U53/><E118/><V48/><F48/><T69/><D69/><AGARI ba="0,0" hai="42,46,51,63,66,69,129,131" m="48746,30282" machi="69" ten="30,1500,0" yaku="18,1" doraHai="80,0" who="2" fromWho="0" sc="185,-15,558,0,307,15,0,0" /><INIT seed="6,1,0,4,0,36" ten="170,558,322,0" oya="2" hai0="99,118,92,79,42,104,49,77,1,114,69,76,46" hai1="62,96,107,39,75,120,121,37,94,83,135,50,97" hai2="59,127,113,108,63,95,116,90,115,103,33,60,109" hai3=""/><V65/><F33/><T57/><D118/><U105/><E135/><V71/><F103/><T48/><D69/><U98/><N who="1" m="30752" /><U41/><N who="1" m="31008" /><U88/><E50/><V126/><F90/><T111/><D111/><N who="2" m="42570" /><F95/><T133/><D1/><U2/><E2/><V130/><F130/><T54/><D104/><U106/><E62/><V132/><F132/><T84/><D133/><U125/><E125/><N who="2" m="47627" /><F116/><T58/><D114/><U43/><E75/><V101/><F101/><T78/><N who="0" m="19456" /><DORA hai="34" /><T67/><D84/><U110/><E83/><V38/><F38/><T81/><D81/><U85/><E110/><V134/><F134/><T40/><D67/><AGARI ba="1,0" hai="59,60,63,65,67,71,113,115" m="47627,42570" machi="67" ten="40,12000,1" yaku="10,1,18,1,34,2" doraHai="36,34" who="2" fromWho="0" sc="170,-122,558,0,322,122,0,0" /><INIT seed="6,2,0,0,5,71" ten="48,558,444,0" oya="2" hai0="35,112,81,104,120,63,58,124,38,133,84,97,82" hai1="37,52,102,90,33,32,114,53,74,65,43,76,54" hai2="107,121,80,118,2,89,83,117,135,34,55,130,94" hai3=""/><V48/><N who="2" m="31008" /><V1/><F34/><T47/><D58/><U129/><E114/><V88/><F107/><T95/><D63/><U87/><E129/><V39/><F39/><T46/><D84/><U42/><E102/><V45/><F130/><T132/><D95/><U69/><E76/><V70/><F70/><T134/><N who="0" m="30752" /><T126/><D104/><U44/><E74/><V41/><F41/><T108/><D38/><U72/><E72/><V67/><F67/><T127/><D112/><U128/><E128/><V36/><F36/><T119/><D119/><U61/><REACH who="1" step="1"/><E43/><REACH who="1" ten="48,548,444,0" step="2"/><V57/><F2/><T86/><D86/><U113/><E113/><V131/><F1/><T64/><D64/><U103/><E103/><V40/><F135/><T115/><D115/><U101/><E101/><V98/><F89/><T73/><D73/><U116/><E116/><V92/><F131/><T78/><D78/><U85/><E85/><V111/><F111/><T66/><D66/><U0/><E0/><V3/><F3/><T123/><N who="0" m="31520" /><T51/><D108/><U110/><E110/><V77/><F118/><T93/><D35/><U106/><E106/><V60/><F117/><T96/><D133/><U125/><E125/><V56/><F77/><RYUUKYOKU ba="2,1" sc="48,-10,548,20,444,-10,0,0" hai1="32,33,37,42,44,52,53,54,61,65,69,87,90" owari="38,-56.0,578,53.0,434,3.0,0,0.0" /></mjloggm>