<mjloggm ver="2.3"><GO type="185" lobby="0"/><UN n0="%77%61%6B%75%74%69%6E" n1="%E3%83%84%E3%83%BC%E3%82%A2%E3%82%A6%E3%83%88" n2="%E3%82%A2%E3%83%95%E3%83%AA%E3%82%AB" n3="" dan="17,16,16,0" rate="2213.68,2096.63,2206.02,1500.00" sx="F,M,M,C"/><TAIKYOKU oya="0"/><INIT seed="0,0,0,3,5,50" ten="350,350,350,0" oya="0" hai0="80,96,58,111,57,66,69,115,129,56,103,114,85" hai1="33,97,86,121,61,48,89,118,120,37,62,60,99" hai2="117,123,64,34,91,119,40,1,41,134,100,51,35" hai3=""/><T0/><D0/><U71/><N who="1" m="30752" /><U46/><N who="1" m="31008" /><U83/><E33/><V45/><N who="2" m="31520" /><V52/><F1/><T81/><D129/><U131/><E131/><V92/><F100/><T65/><D111/><U130/><E130/><V112/><F112/><T133/><D133/><U67/><E37/><V3/><F3/><T93/><D81/><U53/><E118/><N who="2" m="45067" /><F64/><T77/><REACH who="0" step="1"/><D65/><REACH who="0" ten="340,350,350,0" step="2"/><U109/><E109/><V107/><F134/><T73/><D73/><U128/><E128/><V132/><F132/><T68/><D68/><U32/><E32/><N who="2" m="12331" /><F107/><T55/><D55/><U135/><E135/><V101/><F101/><T47/><D47/><U125/><E125/><V127/><F127/><T116/><D116/><U76/><E71/><V98/><AGARI ba="0,1" hai="40,41,45,51,52,91,92,98" m="12331,45067,31520" machi="98" ten="30,5900,0" yaku="12,1,52,2,54,1" doraHai="50" who="2" fromWho="2" sc="340,-39,350,-20,350,69,0,0" /><INIT seed="1,0,0,1,5,106" ten="301,330,419,0" oya="1" hai0="79,80,135,59,37,41,36,64,126,116,56,93,68" hai1="67,66,111,94,112,86,105,125,55,132,2,81,127" hai2="46,129,89,73,3,38,120,121,47,108,130,63,42" hai3=""/><U70/><E2/><V58/><N who="2" m="30752" /><V117/><N who="2" m="31008" /><V122/><N who="2" m="31264" /><V1/><F117/><T114/><D114/><U44/><E105/><V133/><F133/><T95/><D135/><U75/><E112/><V99/><F108/><T45/><D116/><U131/><E132/><V49/><F73/><T65/><D37/><U33/><E33/><V60/><F60/><T104/><D104/><U43/><E111/><V51/><F38/><T84/><D126/><N who="1" m="48139" /><E131/><N who="2" m="50187" /><F89/><T72/><D72/><U78/><E70/><V61/><F61/><T97/><D36/><U115/><E115/><V82/><F99/><T103/><D97/><U134/><E134/><V128/><F82/><T71/><D80/><U90/><E55/><V69/><F69/><T77/><D71/><U118/><E118/><V52/><F128/><T32/><D68/><U74/><E74/><V119/><F119/><T35/><D35/><U124/><N who="1" m="48147" /><U100/><DORA hai="57" /><E100/><V109/><F109/><T85/><D103/><U87/><E87/><V76/><F76/><T48/><D79/><U83/><E83/><V102/><F102/><T54/><D77/><U110/><E110/><V98/><F98/><T0/><D32/><U96/><E96/><V53/><AGARI ba="0,0" hai="1,3,42,46,47,49,51,52,53,58,63" m="50187,31264,31008,30752" machi="53" ten="30,9000,2" yaku="5,1,19,1,52,4,54,1" doraHai="106,57" who="2" fromWho="2" sc="301,-30,330,-60,419,90,0,0" /><INIT seed="2,0,0,1,1,54" ten="271,270,509,0" oya="2" hai0="107,104,121,87,49,132,43,116,119,129,73,47,0" hai1="115,60,56,125,98,93,105,94,44,97,36,74,113" hai2="62,128,92,120,85,76,50,35,135,108,80,124,57" hai3=""/><V96/><N who="2" m="30752" /><V63/><F35/><T46/><N who="0" m="31008" /><T66/><D73/><U89/><E125/><V65/><F124/><T126/><D0/><U51/><E36/><V33/><F33/><T39/><D126/><U68/><E68/><V117/><F117/><T100/><D132/><U82/><E105/><V95/><F135/><T134/><D134/><U75/><E44/><V86/><F128/><T123/><N who="0" m="31520" /><T127/><D127/><U133/><E51/><V3/><F3/><T130/><D66/><U40/><E40/><V41/><F108/><T61/><D61/><U71/><E71/><V58/><F86/><T118/><D87/><U103/><E133/><V45/><F96/><T91/><D91/><U55/><REACH who="1" step="1"/><E82/><REACH who="1" ten="271,260,509,0" step="2"/><V69/><F69/><T102/><D104/><U59/><E59/><V1/><F1/><T32/><D32/><U114/><AGARI ba="0,1" hai="55,56,60,74,75,89,93,94,97,98,103,113,114,115" machi="114" ten="30,3000,0" yaku="1,1,0,1,52,1,53,0" doraHai="54" doraHaiUra="42" who="1" fromWho="1" sc="271,-10,260,40,509,-20,0,0" /><INIT seed="4,0,0,3,3,39" ten="261,300,489,0" oya="0" hai0="52,135,87,0,56,45,72,73,122,92,42,108,124" hai1="81,123,54,131,98,50,105,99,67,118,79,48,33" hai2="75,120,63,128,130,2,94,113,107,74,116,127,86" hai3=""/><T100/><N who="0" m="31264" /><T106/><D0/><U77/><N who="1" m="31520" /><U125/><E33/><V134/><N who="2" m="30752" /><V89/><F2/><T133/><D108/><U62/><E118/><V112/><F116/><T70/><D70/><U68/><E125/><V66/><F107/><T78/><D124/><U34/><E34/><V37/><F37/><T129/><D129/><N who="2" m="49770" /><F127/><T46/><D46/><U44/><E131/><V1/><F1/><T103/><D106/><U65/><E65/><V101/><F101/><T121/><N who="0" m="31008" /><T132/><D87/><U38/><E38/><V85/><F85/><T97/><D103/><U61/><E61/><V80/><F134/><T43/><D78/><U69/><E69/><V93/><F93/><T102/><D102/><U47/><E105/><V111/><F111/><T58/><D58/><U36/><E36/><V110/><F110/><T32/><D32/><U126/><E126/><V51/><F75/><N who="0" m="28746" /><D45/><U83/><E81/><V96/><F74/><T84/><D84/><U104/><E83/><V76/><F51/><AGARI ba="0,0" hai="42,43,51,52,56,92,97,100,132,133,135" m="28746,31008,31264" machi="51" ten="40,18000,2" yaku="20,1,52,4,54,1" doraHai="39" who="0" fromWho="2" sc="261,180,300,0,489,-180,0,0" /><INIT seed="4,1,0,1,4,121" ten="441,300,309,0" oya="0" hai0="107,86,65,54,92,81,57,73,40,128,36,41,131" hai1="133,68,64,67,95,42,56,118,38,101,69,34,127" hai2="116,130,105,53,59,91,114,51,80,124,103,108,129" hai3=""/><T112/><D107/><U125/><E34/><V134/><F116/><T74/><D112/><U82/><E118/><V1/><F1/><T63/><D92/><U122/><N who="1" m="31264" /><U43/><E82/><V61/><F114/><T71/><D74/><U66/><E95/><V126/><F105/><T98/><D73/><U48/><E101/><V84/><F103/><T0/><D98/><U96/><E96/><V117/><F117/><T89/><D0/><U72/><E72/><V119/><F119/><T110/><D110/><U2/><E2/><V102/><F102/><T85/><D85/><U93/><E93/><V44/><F134/><T39/><D40/><N who="1" m="15403" /><E38/><V111/><F91/><T78/><D89/><U104/><E104/><V97/><F97/><T3/><D3/><U37/><E37/><V49/><F84/><T33/><D33/><U77/><E77/><V87/><F87/><T75/><D86/><U32/><E32/><V60/><F80/><T55/><D81/><U88/><E88/><V79/><F79/><T109/><D78/><U90/><E90/><V115/><F115/><T62/><D75/><U76/><E76/><V135/><F135/><T123/><D123/><U132/><E132/><V99/><F99/><T113/><D113/><RYUUKYOKU ba="1,0" sc="441,0,300,0,309,0,0,0" /><INIT seed="5,2,0,3,0,109" ten="441,300,309,0" oya="1" hai0="99,38,105,103,52,95,84,135,32,73,97,108,133" hai1="98,45,83,50,110,88,106,100,126,70,33,81,111" hai2="104,40,55,91,1,92,116,3,120,72,130,46,112" hai3=""/><U53/><E70/><V48/><N who="2" m="30752" /><V65/><F116/><T61/><D32/><U74/><E33/><V54/><F104/><T89/><D108/><N who="1" m="41515" /><E126/><V44/><F130/><T113/><D73/><U131/><E131/><V67/><F72/><T56/><D38/><U79/><E83/><V60/><F112/><T75/><D113/><U66/><E66/><V42/><F67/><T127/><D75/><U69/><E69/><V43/><F46/><T129/><D129/><U121/><N who="1" m="31008" /><U132/><E132/><N who="0" m="50761" /><D127/><U39/><E39/><V85/><REACH who="2" step="1"/><F54/><REACH who="2" ten="441,300,299,0" step="2"/><T82/><D97/><U115/><E115/><V62/><F62/><T96/><D96/><U51/><E51/><V90/><F90/><AGARI ba="2,1" hai="45,50,53,74,79,81,88,90,98,100,106" m="31008,41515" machi="90" ten="30,5800,0" yaku="10,1,52,1,54,1" doraHai="109" who="1" fromWho="2" sc="441,0,300,72,299,-62,0,0" /><INIT seed="5,3,0,1,0,131" ten="441,372,237,0" oya="1" hai0="45,108,122,94,89,64,93,58,97,73,47,113,36" hai1="75,48,123,109,43,125,92,54,98,103,35,111,106" hai2="96,115,119,70,60,81,82,79,66,59,95,128,100" hai3=""/><U44/><N who="1" m="31520" /><U32/><E75/><V56/><F128/><T53/><N who="0" m="31264" /><T33/><D33/><U72/><E72/><V99/><F119/><T49/><D108/><N who="1" m="41547" /><E125/><V112/><F99/><T51/><D113/><N who="2" m="43594" /><F82/><T101/><D73/><AGARI ba="3,0" hai="56,59,60,66,70,73,79,81,95,96,100" m="43594" machi="73" ten="30,2000,0" yaku="15,1,11,1" doraHai="131" who="2" fromWho="0" sc="441,-26,372,0,237,26,0,0" /><INIT seed="6,0,0,1,3,118" ten="415,372,263,0" oya="2" hai0="91,76,103,116,40,79,45,33,92,88,96,122,77" hai1="82,51,69,133,121,87,126,36,54,66,42,117,120" hai2="68,71,81,134,39,94,67,58,61,115,65,89,1" hai3=""/><V90/><F1/><T93/><N who="0" m="31264" /><T124/><D33/><U52/><N who="1" m="30752" /><U46/><N who="1" m="31008" /><U127/><E117/><V105/><F105/><T112/><D116/><U135/><E66/><V55/><F115/><T44/><D112/><U73/><E69/><V0/><F0/><T74/><D74/><U48/><E73/><V78/><F39/><T123/><N who="0" m="31520" /><T72/><D72/><U38/><E87/><V59/><F134/><N who="1" m="51209" /><E82/><V32/><F32/><T113/><D113/><U101/><E101/><V85/><F67/><T129/><D129/><U64/><E64/><V37/><F37/><N who="1" m="14441" /><E42/><V47/><F47/><AGARI ba="0,0" hai="46,47,48,51,52,54,126,127" m="14441,51209,31008,30752" machi="47" ten="30,16000,3" yaku="20,1,34,2,52,4,54,1" doraHai="118" who="1" fromWho="2" sc="415,0,372,160,263,-160,0,0" owari="415,2.0,532,48.0,103,-50.0,0,0.0" /></mjloggm>