<mjloggm ver="2.3"><GO type="169" lobby="0"/><UN n0="%E3%81%AD%E3%81%8D%E3%81%9B%40" n1="%E3%83%8F%E3%82%BF%E3%83%A2%E3%83%88%E3%83%92%E3%83%AD" n2="%74%6E%66%73%68%32%30%34" n3="%E6%9C%A8%E5%8E%9F%E8%B1%AA%E4%B8%80" dan="19,17,17,17" rate="2328.24,2143.64,2160.03,2208.25" sx="M,M,M,M"/><TAIKYOKU oya="0"/><INIT seed="0,0,0,0,5,118" ten="250,250,250,250" oya="0" hai0="31,15,4,75,130,3,26,2,107,44,117,72,132" hai1="64,58,27,52,49,37,22,134,36,54,12,114,87" hai2="109,68,123,101,90,104,79,65,13,97,35,9,33" hai3="28,48,1,91,103,71,30,67,61,106,0,99,41"/><T128/><D107/><U59/><E134/><V119/><F119/><W66/><G66/><T125/><D117/><U112/><E12/><V133/><F133/><W131/><G131/><N who="0" m="50219" /><D132/><U32/><E32/><V124/><F79/><W38/><G91/><T17/><D44/><U39/><E87/><V51/><F51/><W129/><G129/><T14/><D125/><U8/><E8/><V100/><F124/><W7/><G48/><T122/><D4/><U42/><E64/><V115/><F101/><W21/><G21/><T95/><D95/><U108/><E108/><V16/><F109/><W25/><G7/><T96/><D96/><U34/><E34/><V110/><F110/><W23/><REACH who="3" step="1"/><G28/><REACH who="3" ten="250,250,250,240" step="2"/><T70/><D31/><U69/><E42/><V19/><F35/><W29/><G29/><T82/><D70/><U78/><E69/><V50/><F33/><W86/><G86/><T53/><D75/><U135/><E135/><V10/><F68/><W81/><G81/><T127/><D82/><U94/><E22/><V46/><F65/><W55/><G55/><T76/><D53/><U74/><E54/><V121/><F90/><W84/><G84/><T102/><D72/><U20/><E59/><V92/><F50/><W18/><G18/><T98/><D17/><U63/><E49/><V89/><F46/><AGARI ba="0,1" hai="0,1,23,25,30,38,41,46,61,67,71,99,103,106" machi="46" ten="40,1300,0" yaku="1,1,53,0" doraHai="118" doraHaiUra="111" who="3" fromWho="2" sc="250,0,250,0,250,-13,240,23" /><INIT seed="1,0,0,4,3,40" ten="250,250,237,263" oya="1" hai0="111,42,73,102,95,88,13,5,134,10,113,14,57" hai1="61,63,118,39,89,128,91,109,76,21,37,97,72" hai2="115,77,1,121,108,23,68,116,41,85,28,78,24" hai3="38,9,82,93,103,25,44,31,122,32,15,22,81"/><U2/><E72/><V54/><F121/><W52/><G122/><T80/><D111/><U30/><E76/><V26/><F116/><W60/><G32/><T135/><D113/><U65/><E2/><V33/><F108/><W96/><G38/><T126/><D126/><U130/><E109/><V75/><F115/><W74/><G74/><T0/><D102/><U51/><E21/><V94/><F68/><W8/><G8/><T4/><D57/><U119/><E51/><V59/><F41/><W49/><REACH who="3" step="1"/><G60/><REACH who="3" ten="250,250,237,253" step="2"/><T84/><D10/><U87/><E39/><V114/><F75/><W3/><G3/><T133/><D0/><U20/><E37/><V127/><F1/><W50/><G50/><T117/><D117/><U83/><E119/><V35/><F35/><W11/><G11/><T86/><D73/><U53/><E118/><V46/><F114/><W79/><G79/><N who="0" m="46111" /><D4/><AGARI ba="0,1" hai="4,9,15,22,25,31,44,49,52,81,82,93,96,103" machi="4" ten="30,8000,1" yaku="1,1,7,1,8,1,52,1,54,1,53,0" doraHai="40" doraHaiUra="100" who="3" fromWho="0" sc="250,-80,250,0,237,0,253,90" /><INIT seed="2,0,0,1,3,67" ten="170,250,237,343" oya="2" hai0="14,98,88,34,82,65,90,106,43,50,116,80,79" hai1="7,3,5,12,92,53,96,112,60,56,97,118,58" hai2="102,2,51,25,75,41,128,70,40,81,93,55,66" hai3="77,68,131,132,105,109,18,111,85,46,49,71,6"/><V57/><F2/><W45/><G105/><T35/><D116/><U52/><E3/><V59/><F128/><W33/><G131/><T10/><D65/><U78/><E112/><V127/><F127/><W69/><G132/><T108/><D108/><N who="3" m="41545" /><G33/><T26/><D106/><U30/><E118/><V103/><F75/><W84/><G6/><T101/><D101/><U122/><E122/><V86/><F70/><W36/><G77/><T39/><D39/><U32/><E78/><V95/><F103/><W124/><G124/><T13/><D98/><U21/><E32/><V104/><F104/><W64/><G64/><T44/><D26/><U135/><E135/><V119/><F119/><W114/><G114/><T11/><D79/><U134/><E97/><V129/><F25/><W27/><G36/><T22/><D22/><U20/><E20/><V125/><F129/><W29/><G46/><T72/><D44/><U76/><E76/><N who="2" m="46375" /><F125/><W19/><G29/><T74/><D50/><N who="1" m="30743" /><E134/><V99/><F95/><W110/><G110/><T63/><REACH who="0" step="1"/><D43/><REACH who="0" ten="160,250,237,343" step="2"/><N who="2" m="16458" /><F66/><W8/><G27/><T123/><D123/><U37/><E37/><V9/><F59/><W47/><G47/><T130/><D130/><U121/><E121/><V42/><F42/><N who="3" m="24759" /><G8/><AGARI ba="0,1" hai="8,9,51,55,57,93,99,102" m="16458,46375" machi="8" ten="30,1500,0" yaku="8,1" doraHai="67" who="2" fromWho="3" sc="160,0,250,0,237,25,343,-15" /><INIT seed="2,1,0,2,0,91" ten="160,250,262,328" oya="2" hai0="108,131,80,105,59,82,120,118,58,34,78,35,49" hai1="4,53,6,44,60,17,13,15,46,117,65,125,70" hai2="93,16,121,94,86,51,111,71,67,57,116,107,26" hai3="43,83,128,133,2,98,11,132,7,89,22,33,36"/><V130/><F121/><W97/><G33/><T109/><D105/><U100/><E125/><V61/><F116/><W76/><G128/><T102/><D120/><U18/><E117/><V30/><F107/><W124/><G124/><T129/><D49/><U62/><E100/><V79/><F130/><N who="0" m="49674" /><D102/><U8/><E53/><V74/><F74/><W64/><G64/><T3/><D3/><U12/><E15/><V38/><F38/><W5/><G5/><T92/><D92/><N who="2" m="35434" /><F71/><W134/><G22/><T39/><D39/><U106/><E106/><V25/><F111/><N who="0" m="42570" /><D118/><U122/><E122/><V66/><F51/><W21/><G36/><T69/><D69/><U47/><REACH who="1" step="1"/><E62/><REACH who="1" ten="160,240,262,328" step="2"/><V52/><F26/><W68/><G134/><T72/><D82/><U31/><E31/><V29/><F29/><W114/><G83/><T14/><D14/><U112/><E112/><V96/><F30/><W20/><G114/><T37/><D37/><U87/><E87/><V32/><F96/><W115/><G115/><T135/><D135/><U95/><E95/><V48/><F61/><W1/><G133/><T54/><D54/><U9/><AGARI ba="1,1" hai="4,6,8,9,12,13,17,18,44,46,47,60,65,70" machi="9" ten="30,4000,0" yaku="1,1,0,1,9,1,53,0" doraHai="91" doraHaiUra="85" who="1" fromWho="1" sc="160,-11,240,53,262,-21,328,-11" /><INIT seed="3,0,0,2,1,32" ten="149,293,241,317" oya="3" hai0="14,100,50,39,70,117,5,62,102,41,23,59,89" hai1="31,68,133,40,15,129,131,35,7,71,85,63,121" hai2="103,66,109,13,97,55,33,135,111,10,110,112,1" hai3="28,105,47,52,101,94,9,67,91,8,18,43,72"/><W120/><G120/><T86/><D117/><U58/><E133/><V119/><F112/><W2/><G72/><T107/><D107/><U118/><E40/><V76/><F33/><W126/><G67/><T56/><D39/><U81/><E31/><V6/><F135/><W125/><G28/><T90/><D70/><U114/><E114/><V20/><F66/><W25/><G101/><T61/><D50/><U128/><E35/><V11/><F76/><W4/><G105/><T84/><D14/><U22/><E118/><V17/><F119/><W24/><G9/><T42/><REACH who="0" step="1"/><D23/><REACH who="0" ten="139,293,241,317" step="2"/><U64/><E22/><V99/><F103/><W124/><G124/><T115/><D115/><U19/><E121/><V69/><F69/><W49/><G126/><T53/><D53/><U36/><E36/><V54/><F54/><W98/><G125/><T95/><D95/><U92/><E92/><V21/><F21/><W104/><G104/><T108/><D108/><U75/><E68/><V87/><F55/><W106/><G106/><T88/><D88/><N who="1" m="51247" /><E71/><V34/><F34/><W127/><G127/><T30/><D30/><U27/><E64/><V78/><F20/><W93/><G93/><T122/><D122/><U65/><E27/><V51/><F51/><W46/><G18/><T48/><D48/><AGARI ba="0,1" hai="2,4,8,24,25,43,46,47,48,49,52,91,94,98" machi="48" ten="30,5800,0" yaku="7,1,52,1,54,1" doraHai="32" who="3" fromWho="0" sc="139,-58,293,0,241,0,317,68" /><INIT seed="3,1,0,2,0,31" ten="81,293,241,385" oya="3" hai0="25,56,108,17,130,102,97,24,4,0,5,69,93" hai1="73,10,66,3,13,75,42,78,70,111,82,16,63" hai2="132,32,50,26,74,11,134,60,19,127,89,35,43" hai3="62,112,2,104,49,126,47,119,61,105,36,106,1"/><W131/><G112/><T67/><D108/><U51/><E111/><V101/><F74/><W87/><G119/><T41/><D130/><U7/><E42/><V21/><F101/><W120/><G120/><T39/><D69/><U122/><E122/><V58/><F89/><W123/><G123/><T125/><D125/><U116/><E116/><V117/><F117/><W27/><G36/><T40/><D0/><U92/><E51/><V44/><F11/><W90/><G126/><T129/><D129/><U76/><E92/><V9/><F9/><W28/><G2/><T113/><D113/><U38/><E38/><V22/><F22/><W103/><G103/><T86/><D86/><U79/><E73/><V95/><F95/><W20/><G1/><T98/><D17/><U110/><E110/><V64/><REACH who="2" step="1"/><F127/><REACH who="2" ten="81,293,231,385" step="2"/><W72/><G72/><T107/><D93/><U83/><E82/><V54/><F54/><W68/><G131/><T59/><D102/><U121/><E121/><V77/><F77/><W12/><G106/><T53/><D53/><U6/><E6/><V135/><AGARI ba="1,1" hai="19,21,26,32,35,43,44,50,58,60,64,132,134,135" machi="135" ten="30,8000,1" yaku="1,1,0,1,20,1,52,2,53,0" doraHai="31" doraHaiUra="84" who="2" fromWho="2" sc="81,-21,293,-21,231,93,385,-41" /><INIT seed="4,0,0,5,0,83" ten="60,272,324,344" oya="0" hai0="58,75,48,87,132,93,20,73,34,38,5,59,14" hai1="21,118,76,92,88,101,55,81,109,64,28,94,95" hai2="112,104,103,68,111,10,25,133,125,61,7,117,30" hai3="114,19,127,45,8,116,71,31,120,24,2,33,123"/><T82/><D38/><U66/><E109/><V86/><F111/><W23/><G71/><T60/><D34/><U105/><E118/><V69/><F117/><W128/><G116/><T1/><D132/><U51/><E105/><V27/><F133/><W35/><G45/><T79/><D1/><U54/><E54/><V3/><F27/><W72/><G72/><T90/><D48/><U113/><E113/><V65/><F112/><W18/><G114/><T49/><D49/><U62/><E101/><V47/><F47/><W22/><G128/><T15/><D73/><U126/><E126/><V42/><F42/><W32/><G127/><T84/><D75/><U106/><E106/><V74/><F74/><W17/><G23/><T16/><REACH who="0" step="1"/><D60/><REACH who="0" ten="50,272,324,344" step="2"/><U99/><E62/><V98/><F125/><W52/><G2/><T96/><D96/><U63/><E63/><V80/><F61/><W91/><G52/><T50/><D50/><U85/><E64/><V102/><F65/><W121/><REACH who="3" step="1"/><G91/><REACH who="3" ten="50,272,324,334" step="2"/><T4/><D4/><U122/><E66/><V37/><F103/><W89/><G89/><T130/><D130/><U43/><E43/><V12/><F3/><W110/><G110/><T53/><D53/><U9/><E55/><V135/><F135/><W131/><G131/><T108/><D108/><U67/><E67/><V26/><F37/><W100/><G100/><T56/><D56/><U134/><E134/><V46/><F102/><W40/><G40/><T36/><D36/><U41/><E41/><V6/><F6/><W124/><G124/><T115/><D115/><U129/><E129/><RYUUKYOKU ba="0,2" sc="50,15,272,-15,324,-15,334,15" hai0="5,14,15,16,20,58,59,79,82,84,87,90,93" hai3="8,17,18,19,22,24,31,32,33,35,120,121,123" /><INIT seed="4,1,2,4,2,133" ten="65,257,309,349" oya="0" hai0="116,95,129,132,135,1,29,52,41,56,75,47,4" hai1="93,32,88,98,82,15,61,99,30,108,121,49,111" hai2="33,70,18,21,71,66,37,7,94,63,22,14,54" hai3="87,3,103,101,89,5,115,39,59,9,34,16,90"/><T105/><D105/><U134/><E121/><V43/><F33/><W12/><G39/><T57/><D116/><U40/><E134/><N who="0" m="51241" /><D29/><U45/><E61/><V97/><F7/><W6/><G34/><T35/><D35/><U23/><E32/><V50/><F71/><W107/><G107/><T102/><D75/><U69/><E69/><V131/><F131/><W76/><G115/><T120/><D120/><U36/><E36/><V100/><F37/><W80/><G59/><T74/><D74/><U122/><E122/><V85/><F85/><W109/><G109/><T114/><D114/><U113/><E113/><V20/><F43/><W28/><G28/><T68/><D68/><U10/><E82/><V62/><F62/><W8/><REACH who="3" step="1"/><G6/><REACH who="3" ten="65,257,309,339" step="2"/><T48/><D129/><U83/><E111/><V86/><F86/><W38/><G38/><N who="0" m="21943" /><D57/><AGARI ba="1,3" hai="14,18,20,21,22,50,54,57,63,66,70,94,97,100" machi="57" ten="30,1000,0" yaku="7,1" doraHai="133" who="2" fromWho="0" sc="65,-13,257,0,309,43,339,0" /><INIT seed="5,0,0,3,4,71" ten="52,257,352,339" oya="1" hai0="134,97,70,131,81,105,76,59,80,26,125,9,13" hai1="119,132,29,73,35,43,111,32,39,50,104,114,89" hai2="101,99,2,62,67,55,33,6,102,36,98,65,47" hai3="48,120,78,94,88,31,86,68,91,115,87,106,116"/><U128/><E50/><V85/><F33/><W69/><G120/><T130/><D70/><U14/><E43/><V83/><F2/><W5/><G106/><T103/><D26/><U27/><E14/><V90/><F6/><W84/><G115/><T15/><D59/><U122/><E27/><V66/><F36/><W133/><G133/><T75/><D134/><U52/><E52/><V22/><F22/><W42/><G116/><T51/><D51/><U109/><E29/><V63/><F47/><W57/><G5/><T82/><D13/><U112/><E89/><V17/><F17/><W7/><G7/><T25/><D25/><U23/><E114/><V124/><F124/><W34/><G31/><T129/><REACH who="0" step="1"/><D125/><REACH who="0" ten="42,257,352,339" step="2"/><U8/><E8/><V61/><F55/><W10/><G48/><T37/><D37/><U135/><E135/><V46/><F46/><W123/><G69/><T118/><D118/><U108/><E108/><V45/><F45/><W113/><G68/><T64/><D64/><U24/><E109/><V77/><F77/><W79/><G10/><T12/><D12/><U0/><E111/><V96/><AGARI ba="0,1" hai="61,62,63,65,66,67,83,85,90,96,98,99,101,102" machi="96" ten="40,8000,1" yaku="0,1,29,2,8,1" doraHai="71" who="2" fromWho="2" sc="42,-20,257,-40,352,90,339,-20" /><INIT seed="6,0,0,3,1,99" ten="22,217,442,319" oya="2" hai0="46,81,54,112,92,93,13,116,72,131,24,134,100" hai1="104,23,51,71,129,22,15,21,12,79,61,8,35" hai2="64,101,118,82,44,106,80,115,95,37,75,45,107" hai3="57,111,6,76,49,59,84,33,7,97,88,36,108"/><V27/><F118/><W120/><G36/><T43/><D116/><U123/><E104/><V117/><F117/><W39/><G39/><T98/><D112/><U56/><E35/><V42/><F115/><W14/><G120/><T73/><D131/><U70/><E123/><V132/><F64/><W86/><G33/><T102/><D134/><U3/><E79/><V77/><F132/><W127/><G127/><T19/><D54/><U30/><E51/><V78/><F45/><W119/><G119/><T11/><D81/><U89/><E30/><V63/><F27/><W58/><G97/><T52/><D24/><U122/><E8/><V74/><F63/><W83/><G49/><T113/><D113/><U114/><E3/><V126/><F126/><W133/><G133/><T62/><D102/><U121/><E129/><V125/><F125/><W29/><G29/><T0/><D93/><U105/><E105/><V65/><F65/><W16/><G111/><T96/><D96/><AGARI ba="0,0" hai="37,42,44,74,75,77,78,80,82,95,96,101,106,107" machi="96" ten="40,3900,0" yaku="9,1,52,1" doraHai="99" who="2" fromWho="0" sc="22,-39,217,0,442,39,319,0" owari="-17,-52.0,217,-18.0,481,58.0,319,12.0" /></mjloggm>