<mjloggm ver="2.3"><GO type="185" lobby="0"/><UN n0="%E3%81%A4%E3%81%8F%E3%81%AD%E3%82%93%32" n1="%67%6C%61%6E%7A%39%30" n2="%E4%B8%96%E7%9B%B4%E3%81%97%E4%BA%BA" n3="" dan="17,19,17,0" rate="2261.75,2357.54,2257.03,1500.00" sx="M,M,M,C"/><TAIKYOKU oya="0"/><INIT seed="0,0,0,0,4,59" ten="350,350,350,0" oya="0" hai0="44,87,54,82,111,106,107,62,125,100,57,72,48" hai1="95,88,119,133,135,55,32,36,47,67,49,90,130" hai2="78,70,99,92,122,108,124,71,104,74,101,121,89" hai3=""/><T131/><D125/><U93/><E32/><V46/><N who="2" m="31008" /><V35/><N who="2" m="31264" /><V40/><F35/><T2/><D2/><U94/><E119/><V126/><F108/><T84/><D111/><U128/><E36/><V56/><F56/><T73/><D131/><N who="1" m="50219" /><E67/><V63/><F78/><T1/><D87/><U42/><E42/><V69/><F74/><T52/><D1/><U102/><E102/><V0/><F0/><T123/><N who="0" m="31520" /><T51/><D51/><U105/><E105/><V112/><F112/><T50/><D50/><U60/><E60/><V118/><F118/><T134/><D134/><AGARI ba="0,0" hai="47,49,55,88,90,93,94,95,133,134,135" m="50219" machi="134" ten="40,5200,0" yaku="20,1,19,1,54,1" doraHai="59" who="1" fromWho="0" sc="350,-52,350,52,350,0,0,0" /><INIT seed="1,0,0,0,1,60" ten="298,402,350,0" oya="1" hai0="75,42,49,125,67,82,109,68,88,81,135,107,127" hai1="129,39,3,99,133,114,69,55,112,124,0,76,105" hai2="128,115,123,45,1,92,40,77,58,80,85,106,89" hai3=""/><U102/><E55/><V59/><N who="2" m="31520" /><V110/><F1/><T47/><D107/><U100/><E76/><V56/><F106/><T104/><D104/><U113/><E39/><V73/><F110/><T64/><D109/><U37/><E37/><V53/><F128/><T70/><D135/><U79/><E79/><V43/><F115/><T122/><N who="0" m="31264" /><T91/><D75/><U86/><E86/><V120/><N who="2" m="30752" /><V97/><F53/><T84/><D70/><U32/><E69/><V57/><N who="2" m="14336" /><DORA hai="101" /><V132/><F132/><T66/><D68/><U121/><E133/><V52/><REACH who="2" step="1"/><F73/><REACH who="2" ten="298,402,340,0" step="2"/><T98/><REACH who="0" step="1"/><D82/><REACH who="0" ten="288,402,340,0" step="2"/><U134/><N who="1" m="31008" /><U95/><E134/><V78/><F78/><T36/><D36/><U65/><E114/><V54/><F54/><T61/><D61/><U83/><E113/><V131/><F131/><T35/><D35/><U50/><E112/><V111/><F111/><T72/><D72/><U87/><E32/><V34/><F34/><T130/><D130/><U71/><E129/><V116/><F116/><T33/><D33/><U44/><E105/><V126/><F126/><T41/><D41/><U48/><E124/><V62/><F62/><T117/><D117/><U38/><E38/><V96/><F96/><RYUUKYOKU ba="0,2" sc="288,10,402,-20,340,10,0,0" hai0="42,47,49,64,66,67,81,84,88,91,98,125,127" hai2="40,43,45,52,77,80,85,89,92,97" /><INIT seed="2,1,2,3,1,39" ten="298,382,350,0" oya="2" hai0="109,131,113,88,42,40,82,36,48,49,77,83,0" hai1="114,128,70,96,95,124,34,112,97,65,101,129,100" hai2="126,55,104,54,92,79,108,47,50,37,33,118,2" hai3=""/><V43/><F104/><T56/><D36/><U115/><E34/><V94/><F33/><T51/><D0/><U103/><E65/><V99/><F2/><T32/><D32/><U41/><E70/><V98/><F118/><T134/><D109/><U89/><E41/><N who="0" m="15977" /><D131/><N who="1" m="50251" /><E124/><V72/><F126/><T66/><D134/><U58/><E58/><V107/><F107/><AGARI ba="1,2" hai="89,95,96,97,100,101,103,107,112,114,115" m="50251" machi="107" ten="40,5200,0" yaku="19,1,34,2" doraHai="39" who="1" fromWho="2" sc="298,0,382,74,350,-54,0,0" /><INIT seed="4,0,0,5,0,102" ten="298,456,296,0" oya="0" hai0="69,115,106,126,120,127,96,79,53,92,35,75,56" hai1="2,109,73,132,68,55,57,54,82,48,133,105,124" hai2="44,103,41,135,99,130,70,108,98,62,49,67,38" hai3=""/><T66/><N who="0" m="30752" /><T80/><D35/><U43/><E109/><V78/><F108/><T33/><D33/><U125/><E2/><V3/><F3/><T0/><D0/><U76/><E68/><V128/><F135/><N who="1" m="51785" /><E105/><V71/><F78/><T64/><D115/><U94/><E43/><V47/><F71/><T112/><D112/><U110/><E110/><V83/><F83/><T121/><N who="0" m="31008" /><T36/><D36/><U32/><E32/><V86/><F86/><T89/><D69/><U117/><E117/><V100/><F103/><T91/><D91/><U118/><E118/><V85/><F85/><T101/><D127/><U1/><E1/><V116/><F116/><T63/><D126/><U123/><N who="1" m="31520" /><U50/><E94/><V84/><F84/><AGARI ba="0,0" hai="53,56,63,64,66,75,79,80,84,89,92,96,101,106" m="31008,30752" machi="84" ten="30,18000,2" yaku="7,1,24,2,52,3" doraHai="102" who="0" fromWho="2" sc="298,180,456,0,296,-180,0,0" /><INIT seed="4,1,0,5,5,72" ten="478,456,116,0" oya="0" hai0="75,67,74,34,51,93,120,0,126,109,125,115,40" hai1="131,95,112,76,119,41,64,123,108,103,107,97,54" hai2="48,44,132,63,84,71,133,128,101,106,102,77,100" hai3=""/><T36/><N who="0" m="30752" /><T80/><D0/><U134/><N who="1" m="31520" /><U79/><E108/><V85/><F106/><T70/><D34/><U94/><E119/><V81/><F128/><T98/><D36/><U78/><E131/><V37/><F37/><T59/><D109/><U129/><E129/><V82/><F63/><T33/><D33/><U35/><E35/><V3/><F71/><T39/><D115/><U122/><N who="1" m="31264" /><U68/><E41/><V43/><REACH who="2" step="1"/><F3/><REACH who="2" ten="478,456,106,0" step="2"/><T89/><D70/><U52/><E112/><V91/><AGARI ba="1,1" hai="43,44,48,77,81,82,84,85,91,100,101,102,132,133" machi="91" ten="30,5900,0" yaku="1,1,2,1,0,1,52,1,53,0" doraHai="72" doraHaiUra="105" who="2" fromWho="2" sc="478,-40,456,-21,106,71,0,0" /><INIT seed="5,0,0,1,0,99" ten="438,435,177,0" oya="1" hai0="128,37,52,107,50,118,109,111,59,75,89,98,93" hai1="2,115,122,53,44,62,41,97,114,86,110,78,131" hai2="84,90,126,96,132,32,80,104,47,130,101,123,87" hai3=""/><U106/><N who="1" m="31264" /><U117/><E117/><V1/><N who="2" m="31520" /><V33/><F1/><T45/><D118/><U54/><E2/><V0/><F0/><T88/><D128/><U119/><E119/><V63/><F130/><T48/><D37/><U68/><E131/><V77/><F132/><T83/><D107/><U38/><E110/><V67/><F47/><T36/><D36/><U133/><E133/><V70/><REACH who="2" step="1"/><F126/><REACH who="2" ten="438,435,167,0" step="2"/><T81/><D111/><U113/><E115/><V55/><F55/><T69/><D109/><U135/><E135/><V60/><F60/><T102/><D52/><U72/><E114/><V129/><F129/><T108/><D45/><U73/><E113/><V71/><F71/><T61/><D69/><U124/><E124/><V125/><F125/><T112/><D112/><U95/><E68/><V42/><F42/><T121/><D61/><U134/><E134/><V76/><F76/><T85/><D108/><U49/><E62/><V57/><F57/><T82/><N who="0" m="31008" /><T94/><D59/><U65/><E54/><V58/><F58/><T74/><D48/><U3/><E3/><V127/><F127/><T79/><D50/><U46/><E53/><V56/><F56/><T43/><D43/><U120/><E41/><RYUUKYOKU ba="0,1" sc="438,-10,435,-10,167,20,0,0" hai2="32,33,63,67,70,77,80,84,87,90,96,101,104" /><INIT seed="6,1,1,4,1,83" ten="428,425,187,0" oya="2" hai0="113,126,125,129,63,44,108,61,107,131,119,34,135" hai1="41,71,50,52,70,32,40,112,43,109,91,45,96" hai2="62,133,0,54,111,118,134,42,80,93,88,84,3" hai3=""/><V103/><F42/><T106/><D119/><U59/><E32/><V121/><N who="2" m="31008" /><V47/><F118/><T69/><D108/><U60/><E109/><V105/><F111/><T95/><D34/><U55/><E112/><V77/><F105/><N who="0" m="39946" /><D113/><U123/><N who="1" m="31520" /><U37/><E96/><V98/><F103/><T79/><D135/><N who="2" m="51722" /><F47/><T49/><D95/><U122/><N who="1" m="31264" /><U100/><E91/><V57/><AGARI ba="1,1" hai="0,3,54,57,62,77,80,84,88,93,98" m="51722,31008" machi="57" ten="30,7800,0" yaku="20,1,52,2,54,1" doraHai="83" who="2" fromWho="2" sc="428,-40,425,-40,187,90,0,0" /><INIT seed="6,2,0,1,4,71" ten="388,385,277,0" oya="2" hai0="135,125,132,53,126,41,129,91,100,55,114,63,75" hai1="99,128,54,122,43,77,104,117,49,116,94,35,68" hai2="85,109,86,62,32,134,40,96,0,87,124,76,83" hai3=""/><V70/><F32/><T108/><D108/><U34/><N who="1" m="31264" /><U119/><E128/><V111/><F0/><T89/><D129/><U52/><E104/><V93/><F40/><T90/><D114/><U58/><E68/><V57/><F70/><T88/><D75/><U112/><E112/><V82/><F134/><N who="0" m="51242" /><D41/><U97/><E77/><V46/><F46/><T110/><D110/><N who="2" m="41994" /><F76/><T60/><D91/><U67/><E67/><V56/><F124/><N who="0" m="47722" /><D100/><U106/><E43/><V120/><N who="2" m="30752" /><V127/><F127/><T51/><D53/><U1/><E54/><V38/><F38/><T113/><D113/><U101/><E1/><V133/><F133/><T79/><D79/><U37/><E37/><V65/><F57/><AGARI ba="2,0" hai="51,55,57,60,63,88,89,90" m="47722,51242" machi="57" ten="40,5200,0" yaku="20,1,18,1,54,1" doraHai="71" who="0" fromWho="2" sc="388,56,385,0,277,-56,0,0" owari="444,39.0,385,-1.0,221,-38.0,0,0.0" /></mjloggm>