<mjloggm ver="2.3"><GO type="169" lobby="0"/><UN n0="%E7%94%9F%E7%B2%8B%E3%81%AE%E7%85%BD%E3%83%A9%E3%83%BC%E2%99%AA" n1="%E8%8C%B6%E8%89%B2%E3%81%AE%E3%82%A2%E3%83%AC" n2="%E3%83%9D%E3%83%B3%E3%83%89%E3%83%AB" n3="%E3%82%A4%E3%83%B3%E3%83%87%E3%82%A3%E3%82%B4%E3%83%96%E3%83%AB%E3%83%BC" dan="16,17,16,16" rate="2063.62,2170.07,2041.22,2155.18" sx="M,M,M,M"/><TAIKYOKU oya="0"/><INIT seed="0,0,0,1,4,67" ten="250,250,250,250" oya="0" hai0="41,102,80,130,90,83,19,125,39,12,9,93,10" hai1="34,132,14,135,6,94,126,100,24,57,127,46,75" hai2="62,5,21,17,59,52,3,105,23,134,110,44,54" hai3="1,48,60,47,89,70,40,91,18,77,35,43,55"/><T129/><D125/><N who="1" m="47627" /><E75/><V16/><F105/><W66/><G35/><T56/><D102/><U81/><E81/><V27/><F110/><W79/><G1/><T98/><D9/><N who="1" m="4407" /><E46/><V97/><F3/><W120/><G120/><T72/><D72/><U92/><E57/><V2/><F2/><W133/><G133/><N who="1" m="51274" /><E100/><V53/><F5/><W116/><G116/><T25/><D56/><U42/><E42/><V111/><F111/><W31/><G43/><T88/><D41/><U8/><E8/><V78/><F78/><W122/><G122/><T38/><D38/><U30/><AGARI ba="0,0" hai="24,30,34,92,94" m="51274,4407,47627" machi="30" ten="40,2700,0" yaku="18,1,20,1" doraHai="67" who="1" fromWho="1" sc="250,-13,250,27,250,-7,250,-7" /><INIT seed="1,0,0,3,4,29" ten="237,277,243,243" oya="1" hai0="52,59,1,41,115,4,86,119,31,21,24,82,7" hai1="106,99,88,2,48,35,123,133,125,27,105,80,128" hai2="42,64,67,8,6,50,62,58,100,65,45,126,79" hai3="9,122,75,102,129,111,14,22,3,33,40,30,77"/><U104/><E123/><V55/><F100/><W57/><G111/><T85/><D115/><U66/><E125/><V93/><F126/><W95/><G122/><T135/><D135/><U127/><E127/><V91/><F79/><W118/><G129/><T19/><D119/><U130/><E133/><V124/><F124/><W61/><G40/><T54/><D41/><U101/><E2/><V74/><F74/><W73/><G77/><T108/><D108/><U83/><E66/><V28/><F28/><W26/><G3/><T16/><D54/><U46/><E27/><V72/><F72/><W103/><G103/><T68/><D68/><U25/><E25/><V51/><F8/><W92/><G92/><T12/><D1/><U43/><E35/><V18/><F18/><N who="0" m="6698" /><D85/><N who="1" m="50239" /><E80/><V17/><F17/><N who="3" m="8399" /><G33/><T132/><D12/><U98/><E98/><V38/><REACH who="2" step="1"/><F6/><REACH who="2" ten="237,277,233,243" step="2"/><W53/><G75/><T37/><D132/><U34/><E101/><V44/><F44/><W56/><G73/><T70/><D70/><U89/><E46/><V97/><AGARI ba="0,1" hai="38,42,45,50,51,55,58,62,64,65,67,91,93,97" machi="97" ten="30,4000,0" yaku="1,1,0,1,53,1" doraHai="29" doraHaiUra="87" who="2" fromWho="2" sc="237,-10,277,-20,233,50,243,-10" /><INIT seed="2,0,0,1,5,15" ten="227,257,283,233" oya="2" hai0="74,31,70,120,0,84,110,108,3,23,44,30,25" hai1="94,50,6,105,93,100,92,42,53,101,80,97,115" hai2="135,18,109,88,76,22,11,121,32,82,114,127,43" hai3="131,62,51,7,52,39,129,35,81,116,95,65,28"/><V128/><F121/><W132/><G116/><T85/><D120/><U78/><E115/><V73/><F128/><N who="3" m="49227" /><G7/><T130/><D130/><U111/><E42/><V87/><F114/><W4/><G39/><T102/><D74/><U122/><E122/><V40/><F127/><W86/><G95/><T54/><D70/><U56/><E111/><N who="0" m="42537" /><D102/><U10/><E101/><V112/><F109/><W134/><G4/><T24/><D44/><U71/><E71/><V103/><F32/><W125/><G125/><T12/><D54/><U13/><REACH who="1" step="1"/><E93/><REACH who="1" ten="227,247,283,233" step="2"/><V75/><F112/><W41/><G41/><T8/><D84/><AGARI ba="0,1" hai="6,10,13,50,53,56,78,80,84,92,94,97,100,105" machi="84" ten="30,3900,0" yaku="1,1,2,1,7,1,53,0" doraHai="15" doraHaiUra="21" who="1" fromWho="0" sc="227,-39,247,49,283,0,233,0" /><INIT seed="3,0,0,1,5,40" ten="188,296,283,233" oya="3" hai0="61,88,106,20,2,116,43,75,31,3,23,37,95" hai1="104,129,38,32,102,17,105,33,84,108,28,10,126" hai2="22,78,87,128,50,46,110,96,117,56,11,54,21" hai3="39,135,100,49,48,42,109,36,62,93,76,4,65"/><W83/><G135/><T121/><D106/><U72/><E72/><V7/><F117/><W124/><G124/><T26/><D116/><U27/><E126/><V44/><F110/><W115/><G115/><T111/><D111/><U90/><E108/><V8/><F128/><W68/><G4/><T85/><D75/><U58/><E129/><V35/><F35/><W1/><G1/><T63/><D121/><U79/><E79/><V122/><F122/><W41/><G42/><T51/><D37/><U134/><E33/><V81/><F96/><W94/><G48/><T70/><D70/><U66/><E102/><V77/><F77/><W123/><G123/><T34/><D34/><U19/><E38/><V47/><REACH who="2" step="1"/><F8/><REACH who="2" ten="188,296,273,233" step="2"/><W112/><G109/><T132/><D132/><U15/><E134/><V57/><F57/><W125/><G125/><T120/><D120/><U0/><E58/><V12/><AGARI ba="0,1" hai="7,11,12,21,22,44,46,47,50,54,56,78,81,87" machi="12" ten="30,12000,2" yaku="1,1,0,1,8,1,52,3,53,0" doraHai="40" doraHaiUra="24" who="2" fromWho="2" sc="188,-30,296,-30,273,130,233,-60" /><INIT seed="4,0,0,4,5,40" ten="158,266,403,173" oya="0" hai0="80,101,33,13,88,23,12,107,38,129,46,22,18" hai1="70,20,83,128,116,82,102,35,130,59,50,76,103" hai2="125,95,75,68,57,98,41,10,71,60,114,42,63" hai3="52,91,9,124,115,66,16,34,3,126,113,62,43"/><T49/><D38/><U119/><E35/><V48/><F75/><W11/><G34/><T2/><D2/><U85/><E70/><V99/><F114/><N who="3" m="43531" /><G43/><T122/><D129/><N who="1" m="49771" /><E20/><V6/><F125/><N who="3" m="48235" /><G3/><T25/><D122/><U96/><E59/><V27/><F27/><W105/><G105/><T86/><D33/><U135/><E135/><V8/><F6/><W108/><G108/><T47/><D49/><U39/><E39/><V127/><F127/><W112/><N who="3" m="43539" /><W81/><DORA hai="134" /><G16/><N who="0" m="12519" /><D107/><U64/><E50/><V123/><F123/><W79/><G91/><T90/><D101/><U111/><E102/><V89/><F42/><W32/><G32/><T21/><D90/><U7/><E111/><V100/><F41/><W53/><G11/><T28/><D28/><U131/><E131/><V51/><F89/><W120/><G9/><T74/><D74/><U37/><E7/><V54/><F100/><W73/><G120/><T97/><D97/><U132/><E103/><V36/><F36/><W31/><G31/><T17/><AGARI ba="0,0" hai="12,13,17,18,21,22,46,47,80,86,88" m="12519" machi="17" ten="30,12000,1" yaku="8,1,52,2,54,2" doraHai="40,134" who="0" fromWho="0" sc="158,120,266,-40,403,-40,173,-40" /><INIT seed="4,1,0,5,0,56" ten="278,226,363,133" oya="0" hai0="3,109,28,86,95,108,114,6,49,132,107,116,39" hai1="78,102,48,130,87,19,90,100,60,99,23,32,70" hai2="76,66,52,125,44,55,103,124,63,98,36,134,127" hai3="106,89,9,10,38,93,92,115,77,104,61,128,43"/><T41/><D107/><U35/><E130/><V84/><F134/><W17/><G115/><T85/><D116/><U29/><E78/><V97/><F76/><W14/><G77/><T15/><D114/><U121/><E121/><V135/><F84/><W111/><G111/><N who="0" m="42571" /><D3/><U117/><E117/><V45/><F135/><W1/><G128/><T75/><D75/><U62/><E70/><N who="2" m="42335" /><F97/><W91/><G43/><T5/><D39/><U2/><E2/><V72/><F72/><W50/><G50/><T80/><D28/><U21/><E35/><V18/><F18/><W94/><G38/><T126/><D132/><U79/><E32/><V120/><F120/><W25/><G25/><T67/><D95/><N who="1" m="54751" /><E48/><V47/><F36/><W118/><G118/><T12/><D85/><U96/><E79/><V31/><F31/><W113/><G113/><T82/><D86/><U7/><E7/><N who="0" m="2569" /><D67/><U131/><E131/><V59/><F59/><W122/><G122/><T133/><D133/><U34/><E34/><V53/><F53/><W8/><G1/><T42/><D49/><U4/><E4/><V129/><F129/><W73/><G73/><T65/><D65/><U0/><E0/><V81/><F81/><N who="0" m="31338" /><D42/><U33/><E33/><V26/><F26/><W27/><G27/><T112/><D112/><U46/><E46/><V58/><F58/><W57/><G104/><AGARI ba="1,0" hai="44,45,47,52,55,98,103,104,124,125,127" m="42335" machi="104" ten="40,5200,0" yaku="18,1,52,1,54,1" doraHai="56" who="2" fromWho="3" sc="278,0,226,0,363,55,133,-55" /><INIT seed="5,0,0,5,5,50" ten="278,226,418,78" oya="1" hai0="90,32,86,72,133,6,114,75,131,61,83,89,85" hai1="64,65,28,94,38,127,70,91,3,56,37,129,49" hai2="26,17,4,46,87,47,121,23,96,44,1,14,51" hai3="106,22,42,103,124,110,109,58,60,95,100,5,104"/><U119/><E119/><V24/><F121/><W98/><G124/><T88/><D32/><U8/><E127/><V134/><F134/><W34/><G5/><T115/><D6/><U99/><E129/><V113/><F113/><N who="0" m="43018" /><D61/><U31/><E70/><V68/><F68/><W2/><G2/><T135/><D131/><U33/><E38/><V30/><F1/><W132/><G132/><N who="0" m="50763" /><D83/><U54/><E37/><V18/><F4/><W59/><G34/><T97/><D97/><U27/><E3/><V73/><F73/><AGARI ba="0,0" hai="72,73,75,85,86,88,89,90" m="50763,43018" machi="73" ten="40,12000,2" yaku="28,2,15,1,20,1,34,2,54,1" doraHai="50" who="0" fromWho="2" sc="278,120,226,0,418,-120,78,0" /><INIT seed="6,0,0,0,3,69" ten="398,226,298,78" oya="2" hai0="109,57,90,119,131,53,25,5,81,97,63,127,122" hai1="14,88,76,46,95,112,0,62,37,1,125,43,11" hai2="126,26,58,106,98,123,118,99,28,6,10,60,115" hai3="134,20,114,15,51,77,55,120,70,72,23,54,30"/><V107/><F123/><W71/><G120/><T87/><D109/><U113/><E125/><V2/><F118/><W3/><G3/><T124/><D122/><U102/><E102/><V52/><F126/><N who="0" m="48170" /><D119/><U50/><E62/><V129/><F129/><W34/><G134/><T56/><D25/><U91/><E76/><V29/><F29/><W75/><G114/><N who="1" m="44138" /><E50/><V121/><F121/><W7/><G34/><T111/><D111/><U13/><E91/><V96/><REACH who="2" step="1"/><F115/><REACH who="2" ten="398,226,288,78" step="2"/><W104/><G30/><T39/><D131/><U105/><E105/><V64/><F64/><W130/><G104/><T83/><D39/><U135/><E135/><V36/><F36/><W12/><G130/><T21/><D5/><N who="1" m="1455" /><E0/><V116/><F116/><W22/><G7/><T41/><D41/><U103/><E103/><V45/><F45/><W89/><G55/><T66/><D53/><U80/><E80/><V27/><F27/><W42/><G42/><T44/><D44/><U47/><E47/><V86/><F86/><AGARI ba="0,1" hai="13,14,37,43,46,86,88,95" m="1455,44138" machi="86" ten="30,3900,0" yaku="15,1,52,1,54,1" doraHai="69" who="1" fromWho="2" sc="398,0,226,49,288,-39,78,0" /><INIT seed="7,0,0,3,5,78" ten="398,275,249,78" oya="3" hai0="38,112,28,69,120,106,19,15,124,111,39,113,8" hai1="53,103,76,132,12,90,122,59,32,83,65,27,54" hai2="99,14,128,95,50,34,63,73,67,2,43,36,116" hai3="22,64,58,131,125,109,4,86,56,47,66,121,127"/><W118/><G118/><T134/><D111/><U48/><E122/><V102/><F2/><W85/><G121/><T41/><D120/><U52/><E103/><V51/><F34/><W80/><G131/><T10/><D106/><U107/><E107/><V21/><F73/><W119/><G119/><T49/><D69/><U88/><E132/><V6/><F116/><W77/><G4/><T130/><D134/><U110/><E110/><V100/><F100/><W23/><G47/><N who="0" m="25839" /><D130/><U72/><E48/><V55/><F128/><W42/><G109/><T45/><D28/><U61/><E32/><V37/><F51/><W24/><G42/><T13/><D45/><U105/><E105/><V133/><F133/><W75/><G75/><T9/><D124/><U20/><REACH who="1" step="1"/><E12/><REACH who="1" ten="398,265,249,78" step="2"/><V25/><F43/><W3/><G3/><T129/><D129/><U16/><AGARI ba="0,1" hai="16,20,27,52,53,54,59,61,65,72,76,83,88,90" machi="16" ten="30,12000,2" yaku="1,1,2,1,0,1,52,1,54,3,53,0" doraHai="78" doraHaiUra="96" who="1" fromWho="1" sc="398,-30,265,130,249,-30,78,-60" owari="368,17.0,395,49.0,219,-18.0,18,-48.0" /></mjloggm>