<mjloggm ver="2.3"><GO type="169" lobby="0"/><UN n0="%E3%82%8F%E3%81%A3%E3%81%97%E3%82%87%E3%81%84%E5%90%9B%32%E5%8F%B7" n1="%58%E7%8C%AB" n2="%E3%81%AF%E3%82%8B%E3%81%AB%E3%82%83%E3%82%80" n3="%70%69%6E%63%65%72%73" dan="17,16,16,16" rate="2298.19,2118.22,2064.85,2164.60" sx="M,M,M,M"/><TAIKYOKU oya="0"/><INIT seed="0,0,0,5,3,116" ten="250,250,250,250" oya="0" hai0="76,38,65,88,59,16,113,49,13,108,20,109,93" hai1="7,55,89,68,1,33,18,114,37,96,66,70,126" hai2="5,3,92,132,98,94,117,118,119,21,17,110,56" hai3="61,32,4,101,19,135,15,63,106,57,71,31,11"/><T22/><D38/><U103/><E114/><V39/><F110/><N who="0" m="42602" /><D113/><U78/><E89/><V69/><F69/><W10/><G135/><T42/><D76/><U87/><E126/><V127/><F132/><W122/><G71/><T95/><D95/><U27/><E55/><V74/><F127/><W112/><G101/><T85/><D42/><U115/><E18/><V30/><F39/><W86/><G106/><T9/><D49/><U125/><E125/><V105/><F30/><W48/><G86/><T134/><D134/><U130/><E130/><V91/><F74/><W97/><G97/><T75/><D75/><U81/><E115/><V47/><F47/><W26/><G112/><T23/><D20/><U133/><E133/><V73/><F73/><W99/><G99/><T60/><AGARI ba="0,0" hai="9,13,16,22,23,59,60,65,85,88,93" m="42602" machi="60" ten="30,11700,0" yaku="14,1,10,1,54,2" doraHai="116" who="0" fromWho="0" sc="250,117,250,-39,250,-39,250,-39" /><INIT seed="0,1,0,5,4,80" ten="367,211,211,211" oya="0" hai0="56,133,101,20,78,107,14,99,58,72,10,61,131" hai1="27,11,31,104,110,3,122,71,70,62,86,47,100" hai2="109,43,9,64,5,84,98,68,73,130,116,76,30" hai3="134,83,32,13,17,124,127,16,18,135,42,123,87"/><T93/><D131/><U90/><E122/><V75/><F130/><W119/><G32/><T39/><D133/><N who="3" m="50697" /><G119/><T12/><D39/><U55/><E110/><V26/><F109/><W19/><G42/><T77/><D72/><U65/><E70/><V85/><F43/><W106/><G106/><T105/><D105/><U50/><E11/><V125/><F116/><W74/><G74/><T24/><D107/><U117/><E117/><V45/><F125/><N who="3" m="48203" /><G123/><T66/><D58/><U41/><E41/><V103/><F45/><W28/><G28/><T96/><D96/><U120/><E120/><V7/><F75/><W81/><G87/><T21/><D21/><AGARI ba="1,0" hai="13,16,17,18,19,21,81,83" m="48203,50697" machi="21" ten="40,5200,0" yaku="20,1,18,1,54,1" doraHai="80" who="3" fromWho="0" sc="367,-55,211,0,211,0,211,55" /><INIT seed="1,0,0,4,2,90" ten="312,211,211,266" oya="1" hai0="113,3,130,73,116,9,92,127,71,119,31,121,32" hai1="36,81,56,50,38,1,14,11,80,66,94,117,4" hai2="99,96,105,68,55,111,53,10,64,28,107,37,17" hai3="59,16,70,124,39,35,123,8,132,7,62,22,79"/><U93/><E117/><V86/><F37/><W134/><G35/><T0/><RYUUKYOKU type="yao9" ba="0,0" sc="312,0,211,0,211,0,266,0" hai0="0,3,9,31,32,71,73,92,113,116,119,121,127,130" /><INIT seed="1,1,0,0,0,27" ten="312,211,211,266" oya="1" hai0="130,23,94,80,126,89,43,7,20,86,120,123,90" hai1="59,96,93,114,127,60,108,12,8,18,85,132,45" hai2="29,26,15,88,75,46,69,87,79,17,124,98,97" hai3="125,44,129,53,32,118,92,41,28,70,31,49,63"/><U24/><E114/><V95/><F124/><W116/><G32/><T52/><D126/><U48/><E132/><V64/><F46/><W57/><G125/><T105/><D105/><U33/><E127/><V111/><F111/><W99/><G129/><T62/><D130/><U71/><E71/><V113/><F113/><W34/><G34/><T117/><D43/><U131/><E131/><V103/><F64/><W128/><G70/><T1/><D7/><U56/><E108/><V133/><F69/><W82/><G82/><T36/><D1/><U77/><E77/><V106/><F133/><W30/><REACH who="3" step="1"/><G128/><REACH who="3" ten="312,211,211,256" step="2"/><T115/><D115/><U6/><E33/><V35/><F75/><W84/><G84/><T83/><D86/><U72/><E72/><V10/><F79/><W22/><G22/><T19/><D23/><N who="1" m="13431" /><E85/><V91/><REACH who="2" step="1"/><F87/><REACH who="2" ten="312,211,201,256" step="2"/><W65/><G65/><T66/><D66/><U74/><E74/><V3/><F3/><W4/><G4/><T100/><D83/><U101/><E60/><V55/><F55/><AGARI ba="1,2" hai="6,8,12,45,48,55,56,59,93,96,101" m="13431" machi="55" ten="30,1500,0" yaku="8,1" doraHai="27" who="1" fromWho="2" sc="312,0,211,38,201,-18,256,0" /><INIT seed="1,2,0,0,5,41" ten="312,249,183,256" oya="1" hai0="39,46,95,9,57,128,34,130,80,32,12,129,29" hai1="110,74,76,16,75,51,119,102,5,33,20,77,66" hai2="126,113,121,0,14,56,72,30,28,103,62,120,55" hai3="134,49,85,91,90,106,88,13,2,105,135,52,125"/><U115/><E119/><V108/><F0/><W122/><G2/><T104/><D104/><N who="3" m="40041" /><G122/><T23/><D80/><U79/><E115/><V59/><F113/><W6/><G6/><T36/><D95/><U133/><E33/><V124/><F72/><W92/><G13/><T107/><D107/><U112/><E112/><V100/><F14/><W58/><G125/><T63/><D23/><U45/><E102/><V67/><F108/><W64/><G64/><N who="0" m="39023" /><D29/><U118/><E118/><V114/><F114/><W83/><G92/><T93/><D93/><U131/><E110/><V99/><F121/><W37/><G37/><N who="0" m="14411" /><D46/><U44/><E5/><AGARI ba="2,0" hai="5,9,12,32,34,128,129,130" m="14411,39023" machi="5" ten="40,1300,0" yaku="19,1" doraHai="41" who="0" fromWho="1" sc="312,19,249,-19,183,0,256,0" /><INIT seed="2,0,0,2,3,107" ten="331,230,183,256" oya="2" hai0="59,22,7,105,131,74,110,9,0,109,99,4,3" hai1="134,124,84,70,108,10,2,73,37,50,103,128,51" hai2="52,94,54,130,32,116,96,41,120,88,71,83,21" hai3="117,39,112,104,38,14,79,23,81,119,75,115,65"/><V49/><F32/><W24/><G104/><T60/><D131/><U63/><E103/><V77/><F116/><N who="3" m="44619" /><G14/><T98/><D22/><U26/><E84/><N who="2" m="48239" /><F120/><W92/><G92/><T80/><D7/><U15/><E26/><V68/><F68/><W53/><G65/><T118/><D0/><U12/><E37/><V66/><F71/><W31/><G53/><N who="2" m="20585" /><F130/><W102/><G102/><T133/><D105/><U89/><E70/><V91/><F66/><W123/><G123/><T44/><D3/><U11/><E2/><V129/><F129/><W76/><G76/><T17/><D60/><U6/><E63/><V19/><F91/><W114/><AGARI ba="0,0" hai="23,24,31,38,39,75,79,81,112,114,115" m="44619" machi="114" ten="40,2700,0" yaku="11,1,52,1" doraHai="107" who="3" fromWho="3" sc="331,-7,230,-7,183,-13,256,27" /><INIT seed="3,0,0,1,5,122" ten="324,223,170,283" oya="3" hai0="35,54,80,9,115,113,83,79,127,41,94,77,29" hai1="81,130,39,0,18,48,20,112,84,91,71,21,119" hai2="64,62,60,7,2,65,13,108,78,129,96,38,105" hai3="85,34,98,132,133,104,68,43,33,61,103,95,89"/><W55/><G43/><T6/><D127/><U106/><E112/><V19/><F38/><W53/><G55/><T90/><D29/><U58/><E71/><V42/><F42/><W135/><REACH who="3" step="1"/><G53/><REACH who="3" ten="324,223,170,273" step="2"/><T56/><D41/><U73/><E39/><V134/><F134/><W125/><G125/><T28/><D54/><N who="1" m="32071" /><E130/><V59/><F129/><W32/><G32/><T45/><D35/><U51/><E119/><V30/><F64/><AGARI ba="0,1" hai="33,34,61,64,68,85,89,95,98,103,104,132,133,135" machi="64" ten="40,3900,0" yaku="1,1,20,1,53,0" doraHai="122" doraHaiUra="26" who="3" fromWho="2" sc="324,0,223,0,170,-39,273,49" /><INIT seed="3,1,0,4,3,125" ten="324,223,131,322" oya="3" hai0="2,16,54,65,58,76,11,72,30,64,1,38,52" hai1="87,110,120,114,63,51,20,42,124,71,105,5,129" hai2="66,88,96,135,119,17,12,123,0,107,31,69,32" hai3="117,118,104,133,73,79,39,81,126,67,18,116,102"/><W93/><G39/><T98/><D30/><U70/><E105/><V14/><F119/><W40/><G40/><T53/><D38/><U9/><E20/><V49/><F135/><W128/><G67/><T112/><D112/><U8/><E114/><V115/><F115/><W34/><G34/><T29/><D29/><U45/><E120/><V13/><F0/><W77/><G18/><T109/><D109/><U121/><E121/><V78/><F123/><W26/><G26/><T25/><D98/><U92/><E110/><V68/><F78/><N who="3" m="44239" /><G126/><T10/><D76/><N who="3" m="29257" /><G133/><T101/><D25/><U4/><E124/><V50/><F31/><W122/><G122/><T33/><D33/><U61/><E70/><V55/><F32/><W7/><G7/><T62/><D64/><U100/><E71/><V103/><F66/><W28/><G28/><T57/><D57/><U6/><E61/><V74/><F74/><W94/><G128/><T91/><D16/><U19/><E129/><V3/><F3/><W83/><G83/><T35/><D54/><U84/><E63/><V15/><F49/><W36/><G36/><T134/><D58/><U99/><E9/><N who="2" m="6287" /><F50/><W89/><G89/><T127/><D65/><U24/><E24/><V132/><F132/><W56/><G56/><T75/><D134/><U82/><E82/><V59/><F88/><W37/><G37/><T60/><D127/><U97/><E8/><V130/><F130/><W23/><G23/><T111/><D35/><U47/><E51/><N who="2" m="31231" /><F68/><W85/><G85/><T48/><D48/><U108/><E87/><V95/><F69/><RYUUKYOKU ba="1,0" sc="324,-15,223,-15,131,15,322,15" hai2="13,14,15,95,96,103,107" hai3="93,94,102,104,116,117,118" /><INIT seed="3,2,0,4,1,67" ten="309,208,146,337" oya="3" hai0="1,4,75,82,23,50,74,76,42,103,12,9,69" hai1="106,123,109,61,80,124,14,31,93,60,120,54,97" hai2="53,102,56,45,96,39,26,19,116,129,5,121,20" hai3="21,132,11,90,64,115,32,111,135,91,101,27,65"/><W114/><G32/><T28/><D103/><U134/><E106/><V6/><F129/><W16/><G101/><T7/><D7/><U126/><E109/><V113/><F113/><N who="3" m="43019" /><G11/><T122/><D122/><U43/><E43/><V8/><F121/><W0/><G0/><T34/><D75/><U77/><E31/><V94/><F116/><W105/><G105/><T52/><D42/><U63/><E54/><V133/><F133/><N who="3" m="51275" /><G111/><T55/><D50/><U104/><E14/><V98/><F98/><W79/><G79/><T131/><D131/><U24/><E24/><V100/><F100/><W25/><G25/><N who="0" m="18703" /><D69/><U47/><E104/><V49/><F39/><W44/><G44/><T51/><D51/><U112/><E47/><V72/><F72/><W84/><G90/><T38/><D38/><U78/><E112/><V57/><REACH who="2" step="1"/><F5/><REACH who="2" ten="309,208,136,337" step="2"/><W40/><G40/><T128/><D128/><U87/><E134/><V85/><F85/><W10/><G10/><T88/><D4/><U17/><E120/><V71/><F71/><W22/><G22/><T125/><D23/><U33/><E123/><V58/><F58/><W30/><G30/><T46/><D9/><U70/><E70/><V37/><F37/><W92/><AGARI ba="2,1" hai="16,21,27,64,65,84,91,92" m="51275,43019" machi="92" ten="30,3000,0" yaku="20,1,54,1" doraHai="67" who="3" fromWho="3" sc="309,-12,208,-12,136,-12,337,46" /><INIT seed="3,3,0,4,1,79" ten="297,196,124,383" oya="3" hai0="50,124,33,1,42,99,14,83,24,91,84,32,26" hai1="60,30,121,78,3,132,72,68,62,76,29,2,51" hai2="118,17,111,6,95,38,74,27,117,97,23,56,0" hai3="81,82,16,73,46,47,116,69,53,66,48,102,88"/><W59/><G116/><T25/><D1/><U49/><E132/><V113/><F113/><W5/><G5/><T75/><D124/><U129/><E129/><V93/><F111/><W112/><G112/><T114/><D114/><U125/><E125/><V98/><F38/><W13/><G102/><T12/><D75/><U96/><E72/><V120/><F120/><W21/><G73/><T101/><D33/><U7/><E7/><V123/><F123/><W31/><G31/><T55/><D42/><U103/><E121/><V11/><F74/><W10/><G69/><T54/><D32/><U37/><E103/><V45/><F45/><N who="3" m="16907" /><G66/><T110/><D110/><U109/><E109/><V126/><F126/><W57/><G57/><T106/><REACH who="0" step="1"/><D50/><REACH who="0" ten="287,196,124,383" step="2"/><U15/><E37/><V90/><REACH who="2" step="1"/><F56/><REACH who="2" ten="287,196,114,383" step="2"/><W104/><G59/><T35/><D35/><U128/><E128/><V85/><F85/><W127/><G127/><T58/><D58/><U87/><E87/><V41/><F41/><W122/><G122/><T40/><D40/><U77/><E96/><V4/><F4/><W130/><G130/><T18/><D18/><U64/><E62/><V119/><F119/><W44/><G16/><T86/><D86/><U131/><E131/><V94/><F94/><W92/><G92/><T43/><D43/><U89/><E51/><V9/><F9/><W20/><G10/><T19/><D19/><U34/><E49/><V107/><F107/><W135/><G104/><T71/><D71/><U22/><E68/><V8/><F8/><W36/><G36/><T52/><AGARI ba="3,2" hai="12,14,24,25,26,52,54,55,83,84,91,99,101,106" machi="52" ten="30,7900,0" yaku="1,1,0,1,52,1,54,1,53,0" doraHai="79" doraHaiUra="115" who="0" fromWho="0" sc="287,108,196,-23,114,-23,383,-42" /><INIT seed="4,0,0,3,5,75" ten="395,173,91,341" oya="0" hai0="122,2,98,118,18,90,108,33,119,134,95,62,72" hai1="40,43,99,123,48,97,85,57,91,120,20,69,0" hai2="67,105,87,36,125,65,51,131,55,88,61,1,12" hai3="30,81,13,15,16,124,129,115,130,117,25,84,86"/><T31/><D122/><U106/><E69/><V73/><F1/><W23/><G117/><T9/><D134/><U109/><E0/><V39/><F131/><N who="3" m="50187" /><G115/><T10/><D108/><U44/><E109/><V80/><F125/><W64/><G124/><T74/><D33/><U22/><E120/><V17/><F105/><W35/><G64/><T42/><D31/><U133/><E133/><V107/><F107/><W26/><G86/><T27/><D42/><U66/><E123/><V94/><F67/><W58/><G58/><T41/><D41/><U104/><E104/><V37/><F73/><W70/><G70/><T19/><D2/><U34/><E34/><V101/><F65/><W89/><AGARI ba="0,0" hai="13,15,16,23,25,26,30,35,81,84,89" m="50187" machi="89" ten="30,2000,0" yaku="19,1,54,1" doraHai="75" who="3" fromWho="3" sc="395,-10,173,-5,91,-5,341,20" /><INIT seed="5,0,0,4,3,65" ten="385,168,86,361" oya="1" hai0="40,22,76,86,92,23,43,87,133,102,10,66,128" hai1="44,29,109,48,120,57,135,60,39,84,2,47,78" hai2="68,50,80,122,85,0,113,105,51,21,58,95,14" hai3="101,37,55,112,9,54,62,56,127,20,45,130,49"/><U82/><E120/><V16/><F105/><W119/><G9/><T132/><D66/><U59/><E2/><V15/><F122/><W74/><G74/><T30/><D10/><U131/><E29/><V77/><F0/><W64/><G101/><T70/><D92/><U38/><E135/><V108/><F108/><W33/><G33/><T88/><D30/><U124/><E124/><V69/><F113/><W5/><G5/><T26/><D102/><U97/><E131/><V103/><F14/><W6/><G6/><T18/><D76/><U129/><E129/><V106/><F106/><W123/><G20/><T100/><D100/><U117/><E97/><V73/><F103/><W116/><G130/><T31/><D31/><U4/><E4/><V98/><F98/><W99/><G99/><T81/><D128/><U90/><E117/><N who="3" m="45130" /><G123/><T61/><D23/><U91/><E109/><V35/><F35/><W24/><G24/><T1/><D26/><U53/><E38/><V126/><F126/><W11/><G11/><T17/><D22/><U115/><E115/><V34/><F34/><W104/><G104/><T89/><D1/><U41/><REACH who="1" step="1"/><E59/><REACH who="1" ten="385,158,86,361" step="2"/><V42/><F58/><N who="3" m="36951" /><G127/><T7/><D7/><U13/><E13/><V8/><F15/><W79/><G112/><T75/><D133/><U110/><E110/><V114/><F114/><W94/><G37/><T46/><D132/><U93/><E93/><V19/><F95/><W63/><G94/><T96/><D96/><U28/><E28/><V111/><F111/><W36/><G36/><T121/><D121/><U67/><AGARI ba="0,1" hai="39,41,44,47,48,53,57,60,67,78,82,84,90,91" machi="67" ten="20,7800,0" yaku="1,1,5,1,0,1,7,1,53,0" doraHai="65" doraHaiUra="134" who="1" fromWho="1" sc="385,-26,158,88,86,-26,361,-26" /><INIT seed="5,1,0,0,4,119" ten="359,246,60,335" oya="1" hai0="110,70,111,77,84,78,34,81,61,59,47,125,46" hai1="18,12,79,49,85,87,62,66,122,14,27,98,16" hai2="76,131,115,32,80,11,117,43,112,83,68,8,65" hai3="121,7,9,19,64,6,92,73,120,128,91,135,74"/><U3/><E3/><V13/><F117/><W39/><G39/><T114/><D70/><U108/><E122/><N who="3" m="47210" /><G64/><T4/><D34/><U99/><E108/><V63/><F131/><W116/><G19/><T103/><D4/><U51/><E27/><V71/><F32/><W44/><G44/><T104/><D61/><U93/><E79/><V118/><F118/><W100/><G6/><T53/><D59/><U88/><E49/><V106/><F106/><W33/><G33/><T57/><D57/><N who="1" m="37199" /><E85/><V130/><F130/><W124/><G128/><T89/><D53/><U133/><E133/><V20/><F68/><W17/><G17/><T101/><D46/><U2/><E2/><V90/><F43/><W42/><G42/><T50/><D47/><U95/><E95/><V52/><F52/><W28/><G116/><T126/><D50/><U31/><E31/><V113/><F20/><W5/><G28/><T60/><D60/><U127/><E51/><V35/><F35/><W67/><G67/><T26/><D26/><U25/><E25/><V75/><REACH who="2" step="1"/><F13/><REACH who="2" ten="359,246,50,335" step="2"/><W96/><G135/><T37/><D110/><U23/><E127/><V21/><F21/><W24/><G124/><T29/><D111/><U15/><E15/><V97/><F97/><N who="3" m="57503" /><G24/><T72/><D125/><U38/><E38/><V132/><F132/><W22/><G22/><AGARI ba="1,1" hai="12,14,16,18,22,23,87,88,93,98,99" m="37199" machi="22" ten="30,5800,0" yaku="8,1,54,2" doraHai="119" who="1" fromWho="3" sc="359,0,246,71,50,0,335,-61" /><INIT seed="5,2,0,0,1,75" ten="359,317,50,274" oya="1" hai0="12,61,84,130,63,37,62,73,91,117,96,115,38" hai1="43,107,120,82,87,8,88,33,14,68,71,125,19" hai2="29,5,13,83,21,66,116,23,118,40,102,25,131" hai3="50,39,81,77,59,127,6,46,4,111,54,113,58"/><U135/><E120/><V15/><F131/><W3/><G111/><T60/><D117/><U20/><E33/><V132/><F102/><W129/><G113/><T114/><D130/><U9/><E107/><V69/><F40/><W30/><G129/><T48/><D73/><U44/><E135/><V10/><F66/><W99/><G127/><T97/><D62/><U93/><E125/><V51/><F51/><W67/><G30/><T36/><D48/><N who="1" m="26655" /><E68/><V119/><F69/><W7/><G3/><T26/><D26/><U126/><E71/><V22/><F83/><W65/><G99/><T24/><D24/><U95/><E126/><V89/><F89/><W90/><G90/><T134/><D134/><U17/><E9/><V64/><F64/><N who="3" m="24651" /><G39/><T0/><D0/><U57/><E57/><V41/><F41/><W11/><G11/><T1/><D1/><U110/><E110/><V76/><F76/><W101/><G101/><T80/><D12/><AGARI ba="2,0" hai="8,12,14,17,19,20,82,87,88,93,95" m="26655" machi="12" ten="30,2900,0" yaku="8,1,54,1" doraHai="75" who="1" fromWho="0" sc="359,-35,317,35,50,0,274,0" /><INIT seed="5,3,0,0,3,78" ten="324,352,50,274" oya="1" hai0="75,10,120,44,27,4,11,123,20,105,41,6,127" hai1="68,114,25,102,30,73,104,26,128,74,97,18,91" hai2="29,24,88,43,15,3,39,59,42,116,122,2,47" hai3="117,82,83,98,62,126,40,85,55,54,103,17,125"/><U121/><E121/><N who="0" m="46665" /><D105/><U31/><E18/><V133/><F122/><W49/><G117/><T37/><D75/><U113/><E91/><V66/><F116/><W28/><G28/><N who="0" m="17511" /><D127/><N who="3" m="48649" /><G62/><T110/><D110/><U81/><E128/><V7/><F133/><W33/><G33/><T60/><D60/><U67/><E26/><V96/><F42/><W129/><G129/><T22/><D22/><U32/><E31/><V45/><F45/><N who="3" m="25767" /><G17/><T111/><D111/><U14/><E14/><V51/><F15/><W5/><G5/><AGARI ba="3,0" hai="4,5,6,10,11,37,41,44" m="17511,46665" machi="5" ten="30,1000,0" yaku="13,1" doraHai="78" who="0" fromWho="3" sc="324,19,352,0,50,0,274,-19" /><INIT seed="6,0,0,3,3,37" ten="343,352,50,255" oya="2" hai0="3,129,124,57,118,86,16,20,59,67,2,79,133" hai1="58,14,15,95,93,38,128,65,68,7,51,26,63" hai2="48,44,46,78,100,132,115,116,89,66,6,83,17" hai3="108,22,125,39,72,56,12,120,114,29,31,24,54"/><V47/><F116/><W70/><G70/><T61/><D118/><U105/><E128/><V77/><F115/><W43/><G72/><T62/><D129/><U104/><E38/><V75/><F132/><W36/><G120/><T19/><D124/><U71/><E26/><V60/><F6/><W135/><G108/><T4/><D133/><U92/><E68/><V28/><F100/><W35/><G135/><T103/><D103/><U99/><E99/><V10/><F28/><W88/><G125/><T55/><D4/><U98/><E105/><V42/><F78/><W96/><G114/><T90/><D79/><U25/><E7/><V94/><F10/><W134/><G134/><T0/><REACH who="0" step="1"/><D20/><REACH who="0" ten="333,352,50,255" step="2"/><U64/><E104/><V111/><F111/><W113/><G113/><T50/><D50/><U21/><E51/><V112/><F112/><W69/><G36/><T110/><D110/><U81/><E81/><AGARI ba="0,1" hai="0,2,3,16,19,55,57,59,61,62,67,81,86,90" machi="81" ten="40,2600,0" yaku="1,1,54,1,53,0" doraHai="37" doraHaiUra="131" who="0" fromWho="1" sc="333,36,352,-26,50,0,255,0" /><INIT seed="7,0,0,0,2,51" ten="369,326,50,255" oya="3" hai0="125,101,105,3,90,70,123,18,81,52,22,8,28" hai1="60,67,127,115,83,79,94,20,24,61,69,80,78" hai2="7,129,33,121,6,48,108,85,62,73,32,122,112" hai3="10,50,120,98,12,25,75,17,96,46,0,74,9"/><W5/><G120/><T68/><D123/><U26/><E127/><V49/><F62/><W53/><REACH who="3" step="1"/><G25/><REACH who="3" ten="369,326,50,245" step="2"/><T34/><D125/><U88/><E115/><V58/><F112/><W38/><G38/><T103/><D70/><U55/><E26/><V99/><F129/><W82/><G82/><T65/><D81/><U124/><E124/><V84/><F108/><W116/><G116/><T66/><D68/><U13/><E83/><V119/><F119/><W27/><G27/><T95/><D66/><U36/><E36/><V64/><F64/><W30/><G30/><T21/><D65/><U109/><E109/><V44/><F73/><AGARI ba="0,1" hai="0,5,9,10,12,17,46,50,53,73,74,75,96,98" machi="73" ten="40,12000,1" yaku="1,1,52,1,53,3" doraHai="51" doraHaiUra="107" who="3" fromWho="2" sc="369,0,326,0,50,-120,245,130" owari="369,17.0,326,-7.0,-70,-57.0,375,47.0" /></mjloggm>