<mjloggm ver="2.3"><GO type="185" lobby="0"/><UN n0="%E5%BF%AB%E9%81%A9" n1="%E6%B5%B7%E8%83%86%E3%83%88%E3%83%AD%E7%83%8F%E8%B3%8A" n2="%E3%81%BB%E3%81%BC%E9%9D%A2%E5%89%8D" n3="" dan="17,18,16,0" rate="2269.28,2380.44,2094.27,1500.00" sx="M,M,M,C"/><TAIKYOKU oya="0"/><INIT seed="0,0,0,0,4,87" ten="350,350,350,0" oya="0" hai0="77,71,43,74,91,108,127,103,102,120,41,115,76" hai1="61,94,129,131,110,84,78,106,63,121,82,33,111" hai2="58,133,81,66,124,67,72,98,47,56,130,86,112" hai3=""/><T60/><N who="0" m="30752" /><T101/><D115/><U105/><N who="1" m="31008" /><U50/><E33/><V97/><F112/><T34/><D34/><U132/><E132/><V53/><F133/><T117/><D117/><U80/><E50/><V123/><N who="2" m="31520" /><V2/><F2/><T44/><D127/><U70/><E70/><V125/><F72/><T48/><D108/><N who="1" m="41515" /><E94/><V95/><F130/><N who="1" m="49673" /><E82/><V83/><F47/><T128/><D128/><U0/><E0/><V116/><F116/><T32/><D32/><U38/><E38/><V119/><F119/><T55/><D71/><U100/><E100/><V104/><F104/><AGARI ba="0,0" hai="61,63,78,80,84,104,105,106" m="49673,41515,31008" machi="104" ten="40,5200,0" yaku="14,1,19,1,52,1" doraHai="87" who="1" fromWho="2" sc="350,0,350,52,350,-52,0,0" /><INIT seed="1,0,0,0,3,111" ten="350,402,298,0" oya="1" hai0="87,50,96,35,98,73,102,69,118,41,123,108,53" hai1="121,90,51,120,126,55,34,128,133,3,101,68,103" hai2="74,92,62,75,78,122,40,119,113,39,81,65,77" hai3=""/><U97/><N who="1" m="30752" /><U60/><N who="1" m="31008" /><U33/><E3/><V114/><N who="2" m="31264" /><V2/><F2/><T124/><N who="0" m="31520" /><T67/><D73/><U72/><E128/><V64/><F119/><T91/><D35/><U45/><E126/><V106/><F106/><T105/><D118/><U99/><E72/><V47/><F65/><T43/><D98/><U135/><E90/><V84/><F92/><T110/><D124/><U46/><E60/><V131/><F131/><T129/><D129/><U134/><E68/><V76/><F76/><T86/><D86/><U32/><E46/><V38/><F39/><T71/><D108/><U80/><E80/><V125/><F125/><T95/><D110/><U56/><E45/><V109/><F109/><T52/><D53/><U116/><E116/><V88/><F78/><T93/><D67/><U57/><E57/><V104/><F104/><T70/><REACH who="0" step="1"/><D105/><REACH who="0" ten="340,402,298,0" step="2"/><U83/><E83/><V37/><F74/><T66/><D66/><U85/><E85/><V44/><F75/><T61/><D61/><U117/><E117/><V48/><F64/><T127/><D127/><U54/><E55/><V115/><F62/><T36/><D36/><N who="2" m="13930" /><F77/><T94/><D94/><U49/><E49/><V1/><F1/><RYUUKYOKU ba="0,1" sc="340,0,402,0,298,0,0,0" hai0="41,43,50,52,69,70,71,87,91,93,95,96,102" hai1="32,33,34,51,54,56,97,99,101,103,133,134,135" hai2="40,44,47,48,81,84,88,113,114,115" /><INIT seed="1,1,1,5,0,56" ten="340,402,298,0" oya="1" hai0="106,98,33,92,69,125,122,63,71,128,44,112,65" hai1="73,90,58,100,114,107,74,83,57,37,123,99,81" hai2="43,52,82,130,94,116,59,121,78,51,131,88,124" hai3=""/><U67/><N who="1" m="31520" /><U105/><E114/><V42/><N who="2" m="31008" /><V2/><F2/><T54/><N who="0" m="31264" /><T47/><D33/><U40/><E105/><V135/><F135/><T3/><D3/><U53/><E67/><V117/><F124/><T70/><D112/><U50/><E58/><V1/><F1/><T109/><D125/><U113/><E113/><V108/><F108/><T87/><D109/><U39/><E90/><V38/><F117/><T132/><D128/><N who="2" m="49194" /><F116/><T41/><D132/><U0/><E0/><V36/><F43/><T34/><D34/><U46/><REACH who="1" step="1"/><E39/><REACH who="1" ten="340,392,298,0" step="2"/><V61/><F38/><T111/><D111/><U80/><AGARI ba="1,2" hai="37,40,46,50,53,57,73,74,80,81,83,99,100,107" m="31520" machi="80" ten="30,8000,1" yaku="1,1,2,1,0,1,52,1,53,1" doraHai="56" doraHaiUra="103" who="1" fromWho="1" sc="340,-41,392,102,298,-41,0,0" /><INIT seed="1,2,0,0,0,103" ten="299,494,257,0" oya="1" hai0="47,84,50,80,78,94,49,51,110,111,64,118,35" hai1="86,72,124,44,63,128,85,98,67,55,119,59,131" hai2="69,121,1,109,76,61,45,81,122,38,0,62,46" hai3=""/><U60/><E119/><V105/><N who="2" m="31008" /><V106/><N who="2" m="31264" /><V93/><F109/><T126/><D35/><U90/><E72/><V97/><F1/><T41/><D118/><U129/><E124/><V87/><F0/><T82/><D126/><U135/><E135/><V96/><F96/><T100/><D64/><U125/><E125/><V43/><F46/><T104/><D104/><U79/><E79/><V40/><F40/><T99/><REACH who="0" step="1"/><D82/><REACH who="0" ten="289,494,257,0" step="2"/><U116/><E116/><V73/><F69/><T65/><D65/><U56/><E44/><V83/><F105/><T3/><D3/><U132/><E132/><V114/><F106/><T130/><D130/><U107/><E107/><V101/><REACH who="2" step="1"/><F114/><REACH who="2" ten="289,494,247,0" step="2"/><T108/><AGARI ba="2,2" hai="41,47,49,50,51,78,80,84,94,99,100,108,110,111" machi="108" ten="30,5900,0" yaku="1,1,0,1,14,1,53,1" doraHai="103" doraHaiUra="92" who="0" fromWho="0" sc="289,83,494,-41,247,-22,0,0" /><INIT seed="2,0,0,5,4,111" ten="372,453,225,0" oya="2" hai0="82,97,106,110,115,127,37,77,130,47,46,43,102" hai1="69,76,66,41,38,40,58,72,75,79,134,93,122" hai2="96,94,86,132,35,34,88,105,107,39,33,131,78" hai3=""/><V53/><F132/><T48/><D110/><U32/><N who="1" m="31264" /><U68/><E134/><V100/><F131/><T36/><D130/><U2/><E2/><V116/><F116/><T63/><D127/><U91/><E32/><V56/><F39/><T123/><N who="0" m="31520" /><T71/><D115/><U95/><E58/><V74/><F74/><T117/><D117/><U114/><E91/><V65/><F65/><T121/><N who="0" m="31008" /><T119/><D119/><U49/><E49/><V42/><F42/><T128/><D128/><U129/><E129/><V98/><F78/><T103/><D102/><U109/><E109/><V118/><F118/><T135/><D135/><U81/><E38/><V85/><REACH who="2" step="1"/><F105/><REACH who="2" ten="372,453,215,0" step="2"/><T1/><D1/><U59/><E66/><V61/><AGARI ba="0,1" hai="33,34,35,53,56,61,85,86,88,94,96,98,100,107" machi="61" ten="30,7800,0" yaku="1,1,2,1,0,1,54,1,53,0" doraHai="111" doraHaiUra="67" who="2" fromWho="2" sc="372,-39,453,-39,215,88,0,0" /><INIT seed="2,1,0,2,0,129" ten="333,414,303,0" oya="2" hai0="73,92,52,113,3,38,93,107,119,2,100,50,78" hai1="87,59,90,71,105,122,116,126,61,111,54,83,86" hai2="134,115,68,55,43,42,41,51,121,133,98,80,70" hai3=""/><V117/><N who="2" m="31008" /><V91/><F115/><T101/><D119/><U0/><N who="1" m="31264" /><U120/><N who="1" m="30752" /><U56/><E0/><V103/><F117/><T109/><D113/><U64/><E116/><V72/><F72/><T124/><D38/><U82/><E111/><V74/><F74/><T32/><D32/><U57/><E105/><V58/><F91/><T108/><D124/><U47/><E47/><V49/><F80/><T123/><N who="0" m="31520" /><T135/><D73/><U131/><E131/><V96/><F51/><T104/><D78/><U36/><E36/><V33/><F33/><T97/><D97/><U45/><E45/><V1/><F1/><T128/><D50/><U94/><E126/><V125/><F125/><T114/><D114/><U44/><E44/><V110/><F110/><T112/><D112/><U127/><E127/><V77/><F77/><T89/><D128/><U106/><E106/><V118/><F118/><T60/><D107/><U48/><REACH who="1" step="1"/><E94/><REACH who="1" ten="333,404,303,0" step="2"/><V66/><F66/><T130/><D2/><U63/><E63/><V76/><F68/><T132/><D3/><U69/><E69/><V34/><F70/><T65/><D109/><U95/><E95/><V35/><F34/><T85/><D108/><U102/><E102/><RYUUKYOKU ba="1,1" sc="333,-10,404,20,303,-10,0,0" hai1="48,54,56,57,59,61,64,71,82,83,86,87,90" /><INIT seed="4,2,1,2,4,128" ten="323,424,293,0" oya="0" hai0="97,95,103,40,89,33,2,57,37,133,42,51,90" hai1="119,85,60,49,63,110,105,48,38,34,126,72,69" hai2="98,120,84,55,36,44,65,134,122,115,39,66,101" hai3=""/><T93/><D2/><U59/><E110/><V46/><N who="2" m="30752" /><V132/><N who="2" m="31264" /><V53/><F115/><T108/><D33/><U117/><E72/><V114/><F84/><T81/><D108/><U92/><E105/><V96/><F114/><T61/><D37/><U91/><E38/><V111/><F111/><T129/><D129/><U82/><E34/><V41/><F41/><T3/><D3/><U87/><E126/><V104/><F101/><T35/><D35/><U80/><E69/><V127/><F104/><T116/><D116/><U118/><E92/><V54/><F53/><T76/><D103/><U131/><E131/><V78/><F78/><T1/><D51/><U70/><E63/><V123/><N who="2" m="31520" /><V94/><F94/><T112/><D1/><U74/><E74/><V107/><F107/><T106/><D106/><U83/><E85/><V32/><F32/><T77/><D112/><U73/><E73/><V71/><F71/><T52/><D81/><U67/><E70/><V130/><F130/><T79/><REACH who="0" step="1"/><D133/><REACH who="0" ten="313,424,293,0" step="2"/><U124/><E118/><V86/><F86/><AGARI ba="2,2" hai="40,42,52,57,61,76,77,79,86,89,90,93,95,97" machi="86" ten="40,12000,1" yaku="1,1,2,1,8,1,54,1,53,0" doraHai="128" doraHaiUra="100" who="0" fromWho="2" sc="313,144,424,0,293,-124,0,0" /><INIT seed="4,3,0,2,1,34" ten="457,424,169,0" oya="0" hai0="47,33,52,35,39,129,43,125,67,51,130,83,55" hai1="112,54,57,104,108,48,122,99,78,96,58,94,133" hai2="128,70,79,95,134,132,45,65,88,90,98,76,44" hai3=""/><T64/><D33/><U71/><N who="1" m="31264" /><U49/><E108/><V131/><F70/><T89/><D35/><U50/><E71/><V123/><N who="2" m="31520" /><V117/><F117/><T37/><D83/><U101/><E133/><N who="2" m="51307" /><F65/><N who="0" m="25162" /><D125/><U116/><E116/><V66/><F66/><T91/><D89/><N who="2" m="34410" /><F128/><N who="0" m="49258" /><D91/><U61/><E78/><N who="2" m="29739" /><F131/><T73/><D73/><U103/><E58/><V53/><F53/><AGARI ba="3,0" hai="37,39,43,47,51,52,53,55" m="49258,25162" machi="53" ten="30,11600,0" yaku="19,1,34,2,54,1" doraHai="34" who="0" fromWho="2" sc="457,122,424,0,169,-122,0,0" /><INIT seed="4,4,0,1,2,97" ten="579,424,47,0" oya="0" hai0="124,37,32,85,91,54,33,51,107,117,46,84,89" hai1="87,103,86,74,133,96,127,128,123,75,77,126,120" hai2="50,118,0,60,88,110,57,125,42,76,59,66,39" hai3=""/><T112/><D112/><U82/><N who="1" m="30752" /><U44/><N who="1" m="31520" /><U62/><E133/><V111/><F0/><T56/><D117/><U80/><E44/><V55/><F118/><T114/><D114/><U52/><E52/><V2/><F2/><T100/><D124/><N who="1" m="47659" /><E62/><V108/><F76/><T119/><D119/><U72/><E128/><V81/><F125/><T121/><N who="0" m="31008" /><T3/><D3/><U38/><E38/><V64/><F88/><T92/><D37/><U113/><E113/><V34/><F81/><N who="1" m="31337" /><E77/><V83/><F83/><T95/><D46/><U73/><N who="1" m="18944" /><DORA hai="115" /><U90/><E90/><V43/><F34/><T61/><D61/><U109/><E109/><V67/><REACH who="2" step="1"/><F39/><REACH who="2" ten="579,424,37,0" step="2"/><T94/><D32/><U53/><E53/><AGARI ba="4,1" hai="42,43,50,53,55,57,59,60,64,66,67,108,110,111" machi="53" ten="50,12000,2" yaku="1,1,2,1,34,3,53,2" doraHai="97,115" doraHaiUra="48,102" who="2" fromWho="1" sc="579,0,424,-128,37,138,0,0" /><INIT seed="5,0,0,5,0,115" ten="579,296,175,0" oya="1" hai0="105,122,56,55,110,81,32,104,59,41,73,54,45" hai1="39,129,78,74,96,133,101,49,66,113,72,36,103" hai2="91,71,77,58,60,120,131,62,42,75,3,134,121" hai3=""/><U2/><E2/><V33/><N who="2" m="30752" /><V52/><N who="2" m="31008" /><V67/><F3/><T68/><N who="0" m="31264" /><T85/><D32/><U1/><E1/><V95/><F33/><T34/><D68/><U111/><E113/><V51/><F134/><T119/><D73/><U88/><E133/><V70/><F131/><T44/><D110/><U86/><E129/><V43/><F75/><T82/><D34/><U53/><E66/><V93/><F77/><T89/><D119/><U90/><E111/><V132/><F132/><T65/><D65/><U98/><E78/><V97/><F95/><T63/><D82/><U102/><E74/><V69/><REACH who="2" step="1"/><F62/><REACH who="2" ten="579,296,165,0" step="2"/><T48/><D105/><U100/><E72/><V80/><F80/><T38/><D104/><U50/><E86/><V87/><F87/><T108/><D108/><U109/><E109/><V123/><N who="2" m="31520" /><V130/><F130/><T84/><D85/><U106/><E98/><V135/><F135/><T116/><D84/><U118/><E96/><V35/><F35/><T47/><D81/><U124/><E106/><V112/><F112/><T92/><D92/><U37/><N who="1" m="26112" /><DORA hai="99" /><U57/><E118/><V128/><F128/><T40/><D116/><U117/><E117/><V107/><F107/><RYUUKYOKU ba="0,1" sc="579,-10,296,-10,165,20,0,0" hai2="42,43,51,52,58,60,67,69,70,71,91,93,97" /><INIT seed="6,1,1,5,2,58" ten="569,286,185,0" oya="2" hai0="44,105,125,66,65,114,120,115,67,85,36,3,124" hai1="106,64,0,97,99,95,69,60,77,127,51,80,1" hai2="113,92,32,101,42,41,48,126,132,81,130,75,40" hai3=""/><V111/><F32/><T134/><N who="0" m="30752" /><T98/><D3/><U91/><E127/><N who="0" m="48713" /><D134/><U73/><REACH who="1" step="1"/><E51/><REACH who="1" ten="569,276,185,0" step="2"/><V117/><F111/><T46/><D85/><U55/><E55/><V70/><F117/><T135/><D135/><U107/><E107/><V131/><F113/><N who="0" m="43018" /><D36/><U52/><E52/><V57/><F132/><T43/><D43/><U129/><E129/><N who="2" m="49163" /><F126/><T35/><D35/><U62/><E62/><V96/><F70/><T90/><D90/><U112/><E112/><V123/><N who="2" m="31520" /><V100/><F57/><T59/><D59/><U63/><E63/><V49/><F101/><AGARI ba="1,2" hai="44,46,65,66,67,98,101,105" m="43018,48713,30752" machi="101" ten="40,8000,1" yaku="18,1,15,1,11,1,52,1" doraHai="58" who="0" fromWho="2" sc="569,102,276,0,185,-82,0,0" /><AGARI ba="1,0" hai="0,1,60,64,69,73,77,80,91,95,97,99,101,106" machi="101" ten="40,2600,0" yaku="1,1,52,1,53,0" doraHai="58" doraHaiUra="54" who="1" fromWho="2" sc="671,0,276,26,103,-26,0,0" owari="671,62.0,302,-10.0,77,-52.0,0,0.0" /></mjloggm>