<mjloggm ver="2.3"><GO type="185" lobby="0"/><UN n0="%E9%AC%BC" n1="%E5%BF%AB%E9%81%A9" n2="%E6%B5%B7%E8%83%86%E3%83%88%E3%83%AD%E7%83%8F%E8%B3%8A" n3="" dan="17,17,18,0" rate="2270.13,2275.12,2374.78,1500.00" sx="F,M,M,C"/><TAIKYOKU oya="0"/><INIT seed="0,0,0,2,4,35" ten="350,350,350,0" oya="0" hai0="129,83,116,76,52,87,44,60,79,126,95,130,55" hai1="82,100,96,3,97,75,125,107,74,57,104,131,78" hai2="2,132,133,88,91,122,40,108,110,65,48,128,67" hai3=""/><T103/><D116/><U47/><E57/><V42/><N who="2" m="31264" /><V118/><F118/><T45/><D126/><U94/><E47/><N who="0" m="17993" /><D130/><U39/><E39/><V54/><F48/><T66/><D129/><U86/><E3/><V90/><F54/><N who="0" m="20522" /><D103/><U73/><E131/><V121/><N who="2" m="31008" /><V93/><F93/><T37/><D37/><U105/><E125/><V106/><F128/><T98/><D98/><AGARI ba="0,0" hai="73,74,75,78,82,86,94,96,97,98,100,104,105,107" machi="98" ten="50,12000,2" yaku="35,6" doraHai="35" who="1" fromWho="0" sc="350,-120,350,120,350,0,0,0" /><INIT seed="1,0,0,0,2,33" ten="230,470,350,0" oya="1" hai0="125,111,84,51,121,52,134,115,45,133,75,0,2" hai1="66,34,113,73,69,135,47,87,82,55,95,78,40" hai2="124,86,97,118,98,116,129,96,35,132,119,85,104" hai3=""/><U72/><E34/><V131/><F35/><T93/><N who="0" m="31008" /><T41/><D115/><U50/><E113/><V91/><F104/><T128/><D75/><U79/><E135/><N who="0" m="51721" /><D111/><U59/><E95/><V127/><F132/><T114/><D114/><U123/><N who="1" m="31520" /><U57/><E57/><V106/><F106/><T58/><D125/><N who="2" m="48202" /><F91/><T120/><N who="0" m="30752" /><T70/><D70/><U112/><E78/><V68/><F68/><T64/><D64/><U71/><E112/><V65/><F65/><T109/><D109/><U94/><E94/><V130/><AGARI ba="0,0" hai="85,86,96,97,98,116,118,119,129,130,131" m="48202" machi="130" ten="50,12000,3" yaku="29,2,28,2,19,1,18,1,34,2" doraHai="33" who="2" fromWho="2" sc="230,-40,470,-80,350,120,0,0" /><INIT seed="2,0,0,0,2,133" ten="190,390,470,0" oya="2" hai0="115,69,2,40,87,59,129,37,125,35,121,102,99" hai1="93,113,50,91,106,94,104,96,60,135,55,110,92" hai2="73,89,58,68,134,124,81,32,100,128,130,47,49" hai3=""/><V78/><F68/><T53/><N who="0" m="31008" /><T54/><D2/><U119/><E110/><V80/><F32/><T57/><D35/><U34/><E135/><V76/><F134/><T79/><D129/><U114/><E34/><V52/><F100/><T39/><D69/><U74/><E74/><V72/><F124/><T108/><D108/><U105/><E60/><V83/><F83/><T70/><D70/><U109/><E109/><V46/><REACH who="2" step="1"/><F89/><REACH who="2" ten="190,390,460,0" step="2"/><T45/><D125/><U86/><E119/><V44/><AGARI ba="0,1" hai="44,46,47,49,52,58,72,73,76,78,80,81,128,130" machi="44" ten="30,12000,2" yaku="1,1,2,1,0,1,9,1,54,1,53,2" doraHai="133" doraHaiUra="126" who="2" fromWho="2" sc="190,-60,390,-60,460,130,0,0" /><INIT seed="2,1,0,4,0,89" ten="130,330,590,0" oya="2" hai0="49,87,48,67,104,62,90,111,72,52,88,85,81" hai1="33,2,32,110,79,124,54,97,83,70,116,78,127" hai2="100,135,99,61,65,92,112,82,46,105,59,106,131" hai3=""/><V44/><F112/><T75/><D111/><U39/><E110/><V40/><F135/><T117/><D104/><U114/><E2/><V35/><F35/><T64/><D117/><U84/><E114/><V1/><F1/><T102/><D102/><U108/><E108/><V107/><F131/><T98/><D98/><U55/><E70/><V115/><F115/><T101/><D101/><U34/><E39/><V118/><F118/><T51/><D52/><N who="1" m="20011" /><E97/><V66/><F66/><T47/><D47/><U94/><E94/><V96/><F82/><T80/><REACH who="0" step="1"/><D67/><REACH who="0" ten="120,330,590,0" step="2"/><U128/><E116/><V126/><F46/><T38/><D38/><U73/><E32/><V63/><F99/><T56/><AGARI ba="1,1" hai="48,49,51,56,62,64,72,75,80,81,85,87,88,90" machi="56" ten="30,5900,0" yaku="1,1,0,1,9,1,54,1,53,0" doraHai="89" doraHaiUra="121" who="0" fromWho="0" sc="120,71,330,-21,590,-40,0,0" /><INIT seed="4,0,0,4,1,56" ten="191,309,550,0" oya="0" hai0="134,48,120,86,97,0,127,115,51,58,36,105,99" hai1="32,123,112,122,49,93,77,55,107,50,100,125,70" hai2="117,59,41,73,65,108,113,98,54,68,124,83,61" hai3=""/><T75/><N who="0" m="30752" /><T81/><D0/><U116/><N who="1" m="31264" /><U131/><N who="1" m="31520" /><U110/><E110/><V90/><F108/><T64/><D36/><U66/><E32/><V92/><F113/><T79/><D115/><U40/><E112/><V91/><F124/><T47/><D134/><U67/><E116/><V57/><F117/><T129/><D129/><U52/><E107/><V71/><F41/><T82/><D127/><U2/><E2/><V130/><F130/><T69/><D69/><U72/><E125/><V1/><F1/><T39/><D39/><U85/><E40/><V128/><F128/><T45/><D45/><U95/><E131/><V33/><F33/><T104/><D104/><U37/><E37/><V42/><F42/><T76/><D105/><U74/><E85/><V94/><F83/><T114/><D114/><U44/><E77/><V103/><F73/><T87/><D75/><U88/><E70/><V78/><F78/><T89/><D89/><U102/><E44/><V46/><F46/><T34/><D34/><U84/><E88/><V109/><F109/><T3/><D3/><U60/><E74/><V80/><F91/><T118/><D118/><U119/><E72/><V43/><F90/><T121/><D47/><RYUUKYOKU ba="0,0" sc="191,0,309,0,550,0,0,0" /><INIT seed="5,1,0,3,5,36" ten="191,309,550,0" oya="1" hai0="83,115,92,32,113,55,76,3,130,85,131,99,42" hai1="103,134,77,40,35,52,127,0,86,123,70,71,122" hai2="60,90,128,51,110,56,66,104,100,125,48,65,118" hai3=""/><U61/><N who="1" m="31264" /><U79/><N who="1" m="31520" /><U129/><E0/><V69/><F110/><T98/><D32/><U108/><E35/><V37/><F118/><T87/><D55/><U97/><E108/><V124/><F37/><T43/><D3/><U109/><E109/><V120/><N who="2" m="30752" /><V111/><F111/><T95/><D83/><U46/><E134/><V135/><F135/><T49/><D49/><U54/><E129/><V59/><F128/><T94/><D94/><U107/><E127/><N who="2" m="48715" /><F90/><T62/><REACH who="0" step="1"/><D62/><REACH who="0" ten="181,309,550,0" step="2"/><U53/><E61/><V126/><F126/><T89/><D89/><U72/><E72/><V105/><F48/><T58/><D58/><U64/><E77/><AGARI ba="1,1" hai="42,43,76,77,85,87,92,95,98,99,113,115,130,131" machi="77" ten="25,12000,2" yaku="1,1,22,2,52,2,53,2" doraHai="36" doraHaiUra="81" who="0" fromWho="1" sc="181,132,309,-122,550,0,0,0" /><INIT seed="6,0,0,4,4,87" ten="313,187,550,0" oya="2" hai0="52,91,125,42,60,47,63,43,127,85,119,0,100" hai1="101,113,64,65,46,32,57,129,71,75,133,40,114" hai2="106,79,76,81,108,44,135,48,111,92,83,39,74" hai3=""/><V1/><F106/><T50/><D119/><U117/><E32/><V77/><F1/><T51/><D100/><U78/><E117/><V94/><F39/><T53/><D0/><U102/><E78/><V124/><F124/><T89/><D85/><U82/><E82/><V61/><F61/><T69/><D47/><U62/><E75/><V130/><F79/><T96/><REACH who="0" step="1"/><D69/><REACH who="0" ten="303,187,550,0" step="2"/><U121/><N who="1" m="31008" /><U98/><E101/><V72/><F44/><T84/><D84/><U99/><E133/><V109/><F135/><T90/><D90/><U118/><E129/><V88/><F88/><T66/><D66/><U80/><E118/><V120/><F130/><T35/><D35/><U36/><E80/><V95/><F83/><T123/><N who="0" m="31520" /><T132/><D132/><U73/><E73/><V59/><F81/><T105/><D105/><U116/><E116/><V86/><F86/><T97/><AGARI ba="0,1" hai="42,43,50,51,52,53,60,63,89,91,96,97,125,127" m="31520" machi="97" ten="25,12000,3" yaku="1,1,0,1,22,2,52,3,54,1,53,0" doraHai="87" doraHaiUra="131" who="0" fromWho="0" sc="303,130,187,-40,550,-80,0,0" owari="433,3.0,147,-45.0,470,42.0,0,0.0" /></mjloggm>