<mjloggm ver="2.3"><GO type="185" lobby="0"/><UN n0="%E4%BC%8F%E5%B1%8B" n1="%E3%81%82%E3%81%9F%E3%82%89%E3%81%AA%E3%81%84%E3%81%A7%EF%BC%81" n2="%E3%82%BF%E3%83%AD%E3%81%95" n3="" dan="16,16,16,0" rate="2158.68,2204.48,2110.83,1500.00" sx="M,M,M,C"/><TAIKYOKU oya="0"/><INIT seed="0,0,0,1,2,104" ten="350,350,350,0" oya="0" hai0="80,66,44,43,49,62,64,70,110,75,86,105,38" hai1="63,1,88,85,36,134,115,98,61,33,117,127,72" hai2="129,114,107,116,84,32,113,90,124,45,101,39,76" hai3=""/><T35/><D35/><U78/><E33/><V102/><F32/><T56/><D105/><U40/><E1/><V3/><F3/><T89/><D110/><U74/><E117/><V52/><F129/><T59/><D75/><U103/><E115/><V119/><F124/><T123/><N who="0" m="31520" /><T87/><D87/><U121/><N who="1" m="31008" /><U130/><E130/><V111/><F76/><T34/><D34/><U112/><E112/><V106/><F111/><T55/><D62/><U94/><E127/><V93/><F114/><T109/><D109/><U65/><E78/><V54/><F113/><T68/><REACH who="0" step="1"/><D59/><REACH who="0" ten="340,350,350,0" step="2"/><U125/><E125/><V71/><F119/><T131/><D131/><U37/><E63/><V97/><F116/><T83/><D83/><U73/><E134/><V128/><F128/><T79/><D79/><U69/><REACH who="1" step="1"/><E40/><REACH who="1" ten="340,340,350,0" step="2"/><V57/><F107/><AGARI ba="0,2" hai="36,37,61,65,69,72,73,74,85,88,94,98,103,107" m="31008" machi="107" ten="40,16000,3" yaku="1,1,2,1,52,4,54,1,53,1" doraHai="104" doraHaiUra="95" who="1" fromWho="2" sc="340,0,340,180,350,-160,0,0" /><INIT seed="1,0,0,3,1,57" ten="340,520,190,0" oya="1" hai0="69,52,51,102,78,50,115,70,127,130,63,95,88" hai1="117,101,135,36,46,54,120,96,66,41,91,61,109" hai2="134,116,47,132,123,106,59,60,97,33,34,43,122" hai3=""/><U105/><N who="1" m="30752" /><U80/><E117/><V94/><N who="2" m="31264" /><V98/><N who="2" m="31520" /><V86/><F116/><T58/><D115/><U83/><E135/><N who="2" m="51755" /><F86/><T45/><D130/><U68/><E109/><V128/><F106/><T100/><D127/><U73/><E73/><V111/><F111/><T49/><D78/><U72/><E72/><V87/><F87/><T107/><D107/><U38/><E38/><V124/><F124/><T119/><D119/><U125/><E125/><V113/><F113/><T3/><D3/><U82/><REACH who="1" step="1"/><E54/><REACH who="1" ten="340,510,190,0" step="2"/><V67/><F128/><T76/><D76/><U108/><E108/><V104/><F104/><T2/><D2/><U84/><AGARI ba="0,1" hai="36,41,46,61,66,68,80,82,83,84,91,96,101,105" m="30752" machi="84" ten="30,8000,1" yaku="1,1,0,1,52,2,53,1" doraHai="57" doraHaiUra="92" who="1" fromWho="1" sc="340,-40,510,90,190,-40,0,0" /><INIT seed="1,1,0,1,0,48" ten="300,600,150,0" oya="1" hai0="110,45,1,133,39,77,132,125,135,71,38,65,102" hai1="52,88,42,84,87,129,115,116,111,75,54,119,113" hai2="112,49,83,126,47,80,89,90,32,82,50,103,105" hai3=""/><U66/><E75/><V46/><F126/><T35/><D1/><U114/><E66/><V56/><F32/><T86/><D35/><U34/><E34/><V131/><F131/><T44/><D102/><U61/><E42/><V43/><F112/><T3/><D3/><U78/><E129/><V2/><F2/><T108/><D86/><U59/><E111/><N who="0" m="42537" /><D77/><U58/><E78/><V79/><F56/><T104/><D104/><U91/><E115/><V122/><N who="2" m="31264" /><V33/><F33/><T121/><N who="0" m="31008" /><T85/><D85/><U60/><AGARI ba="1,0" hai="52,54,58,59,60,61,84,87,88,91,113,114,116,119" machi="60" ten="25,12000,2" yaku="0,1,22,2,52,2,54,2" doraHai="48" who="1" fromWho="1" sc="300,-61,600,122,150,-61,0,0" /><INIT seed="1,2,0,5,0,77" ten="239,722,89,0" oya="1" hai0="90,113,53,36,61,101,81,107,42,129,120,70,124" hai1="104,51,117,0,100,49,34,128,76,44,75,54,69" hai2="125,131,60,97,114,62,48,37,1,92,46,133,123" hai3=""/><U132/><E51/><V67/><N who="2" m="31520" /><V66/><F1/><T122/><N who="0" m="30752" /><T64/><N who="0" m="31264" /><T108/><D113/><U83/><E0/><V91/><F125/><T78/><D124/><U80/><E69/><V56/><F133/><T130/><D108/><U87/><E117/><V93/><F131/><N who="0" m="50186" /><D90/><U95/><E128/><V79/><F37/><T57/><D101/><U110/><E110/><V105/><F105/><T63/><D107/><U3/><E3/><V68/><F79/><T41/><D36/><U106/><E132/><V102/><F114/><T103/><D103/><U85/><E34/><V119/><F119/><T35/><D35/><U88/><E100/><V2/><F2/><T84/><AGARI ba="2,0" hai="41,42,53,57,61,63,64,70,78,81,84" m="50186,31264,30752" machi="84" ten="30,5900,0" yaku="19,1,52,3" doraHai="77" who="0" fromWho="0" sc="239,63,722,-41,89,-22,0,0" /><INIT seed="2,0,0,3,5,46" ten="302,681,67,0" oya="2" hai0="130,81,109,85,102,44,98,95,54,126,121,43,55" hai1="80,94,127,59,51,122,128,82,117,34,47,39,71" hai2="116,77,111,86,70,41,119,79,0,3,103,99,118" hai3=""/><V123/><N who="2" m="31520" /><V68/><F41/><T58/><N who="0" m="31008" /><T135/><D130/><U101/><N who="1" m="31264" /><U134/><E71/><V93/><F111/><T40/><D126/><U65/><E34/><V66/><F66/><T96/><D135/><U100/><E134/><V69/><REACH who="2" step="1"/><F86/><REACH who="2" ten="302,681,57,0" step="2"/><T88/><D109/><U37/><E65/><V53/><F53/><T125/><D125/><U83/><E127/><V114/><F114/><T106/><D40/><U62/><E128/><V32/><F32/><T78/><D58/><U42/><E59/><V75/><F75/><T73/><D96/><U63/><E42/><V91/><F91/><T61/><REACH who="0" step="1"/><D61/><REACH who="0" ten="292,681,57,0" step="2"/><U36/><E63/><V60/><F60/><T45/><D45/><U33/><E62/><V107/><F107/><T110/><D110/><U112/><E47/><V120/><N who="2" m="30752" /><V84/><F84/><T52/><D52/><U72/><E33/><V133/><F133/><T131/><D131/><U92/><E72/><V89/><F89/><T74/><D74/><U76/><E112/><V2/><AGARI ba="0,2" hai="0,2,3,68,69,70,77,79,93,99,103,116,118,119" m="30752,31520" machi="2" ten="50,12000,2" yaku="1,1,0,1,29,2,52,2,53,0" doraHai="46" doraHaiUra="129" who="2" fromWho="2" sc="292,-60,681,-60,57,140,0,0" /><INIT seed="2,1,0,2,5,127" ten="232,621,197,0" oya="2" hai0="90,113,44,33,83,85,119,123,102,76,94,114,75" hai1="1,58,77,86,64,131,106,111,79,104,53,125,3" hai2="49,62,68,128,122,88,96,43,100,107,46,48,59" hai3=""/><V71/><N who="2" m="31264" /><V93/><F49/><T67/><N who="0" m="31520" /><T118/><D67/><U124/><E64/><V101/><F128/><T115/><D44/><U121/><N who="1" m="31008" /><U63/><E131/><V133/><F133/><T2/><D33/><U109/><E104/><V38/><F38/><T37/><D37/><U35/><E106/><V34/><F34/><T69/><D69/><U36/><E36/><V116/><F116/><T39/><D39/><U84/><E35/><V126/><F101/><T56/><D56/><U55/><E58/><V98/><REACH who="2" step="1"/><F126/><REACH who="2" ten="232,621,187,0" step="2"/><T81/><D2/><U40/><E125/><V80/><F80/><T60/><D60/><U105/><E124/><V103/><F103/><T135/><D135/><U95/><E63/><V50/><F50/><T117/><D102/><U61/><E61/><V74/><F74/><T92/><AGARI ba="1,1" hai="75,76,81,83,85,90,92,94,113,114,115,117,118,119" m="31520" machi="92" ten="40,9000,2" yaku="0,1,11,1,34,3,52,1" doraHai="127" who="0" fromWho="0" sc="232,102,621,-31,187,-61,0,0" /><INIT seed="4,0,0,4,3,1" ten="334,590,126,0" oya="0" hai0="49,132,56,35,126,37,129,130,55,54,118,48,42" hai1="47,102,87,86,131,92,61,100,78,83,66,117,81" hai2="0,67,41,105,69,68,82,91,50,111,95,135,97" hai3=""/><T108/><D118/><U101/><E117/><V80/><F111/><T133/><D35/><U109/><E109/><V53/><F135/><N who="0" m="51786" /><D108/><U33/><E33/><V64/><F41/><T115/><D115/><U72/><E47/><V107/><F0/><T98/><D98/><U125/><E125/><V34/><F34/><T45/><D126/><U40/><E40/><V112/><F112/><T93/><D93/><U99/><E131/><N who="0" m="50185" /><D55/><U121/><N who="1" m="31008" /><U103/><E66/><V88/><F67/><T3/><D3/><U128/><E128/><V120/><N who="2" m="30752" /><V89/><F64/><T60/><AGARI ba="0,0" hai="37,42,45,48,49,54,56,60" m="50185,51786" machi="60" ten="30,7800,0" yaku="20,1,19,1,34,2" doraHai="1" who="0" fromWho="0" sc="334,78,590,-39,126,-39,0,0" /><INIT seed="4,1,0,0,0,73" ten="412,551,87,0" oya="0" hai0="91,135,105,99,103,116,76,56,3,133,132,120,69" hai1="61,41,54,96,33,83,39,42,117,65,46,0,84" hai2="64,55,74,71,92,126,77,125,80,100,124,66,104" hai3=""/><T129/><N who="0" m="30752" /><T49/><D3/><U70/><E0/><V36/><F36/><T58/><D116/><U121/><N who="1" m="31008" /><U89/><E117/><V50/><F71/><T123/><N who="0" m="31520" /><T127/><D69/><U131/><E131/><V119/><F119/><T40/><D129/><U57/><E33/><V60/><F60/><T63/><D127/><U1/><E1/><V75/><F75/><T38/><D38/><U47/><E96/><V82/><F82/><T94/><D76/><U110/><E110/><V109/><F109/><T113/><D113/><U59/><E54/><V32/><F104/><T97/><D63/><U90/><E89/><V88/><F100/><T81/><D81/><U45/><E45/><AGARI ba="1,0" hai="40,45,49,56,58,91,94,97,99,103,105,132,133,135" m="31520,30752" machi="45" ten="40,7700,0" yaku="20,1,52,2" doraHai="73" who="0" fromWho="1" sc="412,79,551,-79,87,0,0,0" /><INIT seed="4,2,0,5,3,33" ten="491,472,87,0" oya="0" hai0="73,82,47,98,77,91,78,76,97,85,119,132,57" hai1="32,120,99,44,71,90,110,2,95,43,41,129,72" hai2="126,121,102,63,0,48,134,66,35,54,124,130,81" hai3=""/><T42/><D119/><U108/><N who="1" m="30752" /><U69/><E32/><V105/><N who="2" m="31008" /><V131/><F0/><T125/><D125/><N who="2" m="48234" /><F35/><T103/><D132/><U52/><E72/><V106/><F81/><T1/><D57/><U116/><E116/><V70/><F102/><T38/><D98/><U56/><E129/><N who="2" m="49163" /><F134/><T74/><REACH who="0" step="1"/><D1/><REACH who="0" ten="481,472,87,0" step="2"/><U51/><E2/><V60/><F60/><T80/><D80/><U94/><E110/><V127/><N who="2" m="48242" /><V133/><DORA hai="40" /><F133/><T3/><D3/><U100/><E108/><V117/><F117/><T107/><AGARI ba="2,1" hai="38,42,47,73,74,76,77,78,82,85,91,97,103,107" machi="107" ten="30,4000,0" yaku="1,1,0,1,52,1,53,0" doraHai="33,40" doraHaiUra="109,49" who="0" fromWho="0" sc="481,54,472,-22,87,-22,0,0" /><INIT seed="4,3,0,1,0,75" ten="535,450,65,0" oya="0" hai0="119,93,61,39,85,124,70,133,51,103,71,76,63" hai1="81,46,2,104,32,96,33,0,82,59,50,69,40" hai2="128,43,117,91,89,95,83,73,60,42,54,49,58" hai3=""/><T64/><D119/><U79/><E69/><V118/><F128/><T113/><D39/><U53/><E81/><V111/><F111/><T45/><D133/><U77/><E0/><V121/><N who="2" m="31008" /><V130/><F130/><T34/><D34/><U48/><E2/><V134/><F134/><T97/><D124/><U102/><REACH who="1" step="1"/><E82/><REACH who="1" ten="535,440,65,0" step="2"/><V88/><F118/><T56/><D113/><U129/><E129/><V78/><F117/><T112/><D112/><U135/><E135/><V38/><F38/><T108/><D108/><U106/><E106/><V57/><REACH who="2" step="1"/><F95/><REACH who="2" ten="535,440,55,0" step="2"/><T90/><D71/><U66/><E66/><AGARI ba="3,2" hai="42,43,49,54,57,58,60,66,73,78,83,88,89,91" m="31008" machi="66" ten="40,12000,2" yaku="1,1,2,1,52,2,54,1,53,1" doraHai="75" doraHaiUra="105" who="2" fromWho="1" sc="535,0,440,-126,55,146,0,0" /><INIT seed="5,0,0,3,4,35" ten="535,314,201,0" oya="1" hai0="84,92,1,131,104,65,55,69,132,42,93,90,121" hai1="91,130,89,108,85,76,110,133,72,135,56,71,63" hai2="113,77,86,53,107,32,97,123,54,70,41,95,60" hai3=""/><U114/><E71/><V79/><N who="2" m="31520" /><V74/><F32/><T117/><N who="0" m="31008" /><T48/><D104/><U61/><E114/><V120/><N who="2" m="30752" /><V105/><F74/><T78/><D1/><U103/><E130/><V49/><F41/><T46/><D131/><U98/><E63/><V66/><F113/><T3/><D3/><U68/><E68/><V111/><F111/><N who="1" m="42537" /><E61/><V134/><F134/><N who="1" m="51209" /><E56/><V38/><F38/><T40/><D132/><U52/><E52/><V87/><F54/><T112/><D112/><U0/><E0/><V101/><F87/><T96/><D117/><U81/><E72/><V33/><F33/><T127/><D69/><U67/><E67/><V43/><F43/><T58/><D65/><U82/><E82/><V119/><F119/><T50/><D42/><U128/><E128/><V99/><F53/><T116/><D116/><U100/><E100/><V80/><F49/><T83/><D40/><U118/><E118/><V129/><F129/><T47/><D58/><U45/><E45/><V2/><F2/><T126/><D47/><U59/><E59/><V73/><F70/><T109/><D109/><U94/><AGARI ba="0,0" hai="76,81,85,89,91,94,98,103" m="51209,42537" machi="94" ten="30,7800,0" yaku="10,1,20,1,34,2" doraHai="35" who="1" fromWho="1" sc="535,-39,314,78,201,-39,0,0" /><INIT seed="5,1,0,3,2,56" ten="496,392,162,0" oya="1" hai0="0,135,84,34,90,112,81,95,59,49,37,53,35" hai1="83,113,109,131,71,2,125,51,86,82,124,94,108" hai2="128,80,73,44,32,96,52,105,72,36,114,134,118" hai3=""/><U85/><E2/><V63/><F118/><T93/><D0/><U127/><E71/><V79/><F32/><T104/><D104/><U133/><E51/><V101/><F134/><T41/><D135/><U69/><E69/><V66/><F128/><T76/><D112/><U106/><E133/><V121/><N who="2" m="31008" /><V97/><F96/><T58/><D58/><U3/><E3/><V42/><F114/><T87/><D95/><U132/><E132/><V78/><F78/><T68/><REACH who="0" step="1"/><D68/><REACH who="0" ten="486,392,162,0" step="2"/><U77/><E113/><V117/><F117/><T98/><D98/><U65/><E106/><V122/><N who="2" m="31264" /><V38/><F38/><T116/><D116/><U120/><N who="1" m="30752" /><U119/><E119/><V45/><F105/><T67/><D67/><U48/><E65/><V60/><F97/><T70/><D70/><U1/><E1/><V46/><F66/><T47/><AGARI ba="1,1" hai="34,35,37,41,47,49,53,59,76,81,84,87,90,93" machi="47" ten="30,1500,0" yaku="1,1,0,1,53,0" doraHai="56" doraHaiUra="57" who="0" fromWho="0" sc="486,27,392,-11,162,-6,0,0" /><INIT seed="6,0,0,1,0,80" ten="513,381,156,0" oya="2" hai0="38,101,123,71,121,133,87,90,103,132,70,85,68" hai1="34,35,105,51,104,92,95,107,96,36,56,88,127" hai2="93,60,82,39,48,98,32,126,86,73,122,91,3" hai3=""/><V49/><N who="2" m="31264" /><V63/><F32/><T118/><N who="0" m="31008" /><T97/><N who="0" m="31520" /><T79/><D38/><U108/><E36/><V61/><F3/><T114/><D118/><U1/><E1/><V69/><F69/><T45/><D45/><U44/><E108/><V102/><F126/><T2/><D2/><U84/><E56/><V115/><F115/><T134/><D114/><U59/><E59/><V33/><F33/><T124/><D79/><U113/><E127/><V110/><F39/><T125/><D124/><U81/><E113/><V43/><F43/><T130/><D125/><U0/><E0/><V41/><F41/><T120/><N who="0" m="30752" /><T111/><D130/><U52/><REACH who="1" step="1"/><E95/><REACH who="1" ten="513,371,156,0" step="2"/><V131/><F131/><T58/><D111/><U37/><E37/><V116/><F116/><T64/><D58/><U75/><E75/><V46/><F110/><T135/><D135/><U100/><AGARI ba="0,1" hai="34,35,44,51,52,81,84,88,92,96,100,104,105,107" machi="100" ten="30,9000,2" yaku="1,1,0,1,52,1,54,2,53,1" doraHai="80" doraHaiUra="77" who="1" fromWho="1" sc="513,-30,371,100,156,-60,0,0" owari="483,43.0,471,7.0,96,-50.0,0,0.0" /></mjloggm>