<mjloggm ver="2.3"><GO type="185" lobby="0"/><UN n0="%E2%99%AA%E5%A4%A2%E5%85%88%E6%A1%88%E5%86%85%E4%BA%BA" n1="%E3%81%82%E3%81%9F%E3%82%89%E3%81%AA%E3%81%84%E3%81%A7%EF%BC%81" n2="%E3%83%AA%E3%82%B3%E3%83%BB%E3%83%90%E3%83%B3%E3%83%87%E3%83%A9%E3%82%B9" n3="" dan="17,17,16,0" rate="2281.79,2176.88,2194.29,1500.00" sx="F,M,M,C"/><TAIKYOKU oya="0"/><INIT seed="0,0,0,3,3,135" ten="350,350,350,0" oya="0" hai0="36,92,87,110,74,1,85,127,41,64,91,122,86" hai1="126,101,57,67,105,52,121,42,118,80,40,69,98" hai2="55,94,45,39,48,84,54,47,56,103,44,133,114" hai3=""/><T125/><N who="0" m="31264" /><T120/><N who="0" m="30752" /><T73/><D1/><U78/><N who="1" m="31008" /><U131/><E118/><V71/><F133/><T72/><D64/><U128/><E67/><V112/><F71/><T134/><D134/><U106/><E106/><V34/><F34/><T90/><D110/><U70/><E70/><V95/><F39/><T76/><D41/><U130/><E69/><V89/><F114/><T88/><D36/><U119/><E119/><V97/><REACH who="2" step="1"/><F112/><REACH who="2" ten="350,350,340,0" step="2"/><T66/><D66/><U0/><E0/><V37/><F37/><T58/><D58/><U115/><E115/><V32/><F32/><T107/><D107/><U102/><E102/><V83/><F83/><T3/><D3/><U108/><E108/><V53/><AGARI ba="0,1" hai="44,45,47,48,53,54,55,56,84,89,94,95,97,103" machi="53" ten="30,9000,2" yaku="1,1,0,1,8,1,53,3" doraHai="135" doraHaiUra="50" who="2" fromWho="2" sc="350,-60,350,-30,340,100,0,0" /><INIT seed="1,0,0,2,5,96" ten="290,320,440,0" oya="1" hai0="52,128,47,93,106,38,78,40,84,45,59,64,108" hai1="74,1,60,126,61,115,67,49,129,127,130,132,48" hai2="42,90,134,121,32,92,66,94,51,85,56,116,112" hai3=""/><U124/><E1/><V98/><N who="2" m="31008" /><V119/><F32/><T63/><D108/><U88/><E74/><V57/><F134/><T3/><D106/><U72/><E72/><V103/><F112/><T114/><D114/><U44/><E115/><V69/><F69/><T125/><D125/><U107/><E107/><V79/><F79/><T76/><D128/><N who="1" m="49259" /><E88/><V33/><F33/><T104/><D104/><U86/><E86/><V55/><REACH who="2" step="1"/><F42/><REACH who="2" ten="290,320,430,0" step="2"/><T91/><D3/><U2/><E2/><V123/><N who="2" m="31520" /><V89/><F89/><T54/><D76/><U99/><E99/><V83/><F83/><T100/><D78/><U118/><E118/><V101/><F101/><T37/><D100/><U71/><E61/><AGARI ba="0,1" hai="51,55,56,57,61,66,85,90,92,94,98,103,116,119" m="31520,31008" machi="61" ten="40,8000,1" yaku="1,1,52,3,53,0" doraHai="96" doraHaiUra="70" who="2" fromWho="1" sc="290,0,320,-80,430,90,0,0" /><INIT seed="2,0,0,3,1,125" ten="290,240,520,0" oya="2" hai0="102,2,63,40,74,44,33,68,99,67,100,56,130" hai1="128,126,78,66,48,81,134,52,135,50,95,92,62" hai2="35,64,45,117,55,47,105,94,41,34,123,32,131" hai3=""/><V80/><N who="2" m="31520" /><V39/><F117/><T70/><D2/><U58/><E126/><V116/><F116/><T69/><D33/><U83/><E48/><V85/><F105/><T60/><D74/><U111/><E111/><V72/><F64/><T106/><D100/><U122/><N who="1" m="31264" /><U91/><E128/><V119/><F119/><T3/><D3/><U115/><E115/><V54/><F131/><T109/><D109/><U132/><E91/><V0/><F0/><T76/><D76/><U82/><REACH who="1" step="1"/><E78/><REACH who="1" ten="290,230,520,0" step="2"/><V71/><F35/><T113/><D113/><U107/><E107/><V38/><F32/><T93/><D130/><U103/><E103/><V121/><F34/><T75/><D106/><U77/><E77/><V98/><N who="2" m="31008" /><V110/><F110/><T112/><D112/><U90/><E90/><V133/><F38/><T43/><D43/><U108/><E108/><V1/><F39/><T129/><D129/><U79/><E79/><V127/><F127/><T124/><D124/><U104/><E104/><V87/><F41/><T96/><D102/><U101/><E101/><V37/><F37/><T57/><D40/><U86/><E86/><V88/><F87/><T42/><D42/><U49/><E49/><V53/><F1/><RYUUKYOKU ba="0,1" sc="290,-10,230,20,520,-10,0,0" hai1="50,52,58,62,66,81,82,83,92,95,132,134,135" /><INIT seed="4,1,1,2,4,60" ten="280,250,510,0" oya="0" hai0="115,58,78,109,134,81,116,76,50,97,106,104,103" hai1="91,59,82,121,108,90,128,47,44,86,48,72,62" hai2="79,83,125,70,40,73,74,69,53,33,49,0,67" hai3=""/><T37/><D116/><U71/><N who="1" m="31008" /><U129/><E108/><V38/><F33/><T123/><N who="0" m="31520" /><T124/><D37/><U100/><E72/><V113/><F0/><T133/><D109/><U42/><E71/><V63/><F113/><T57/><D115/><U127/><E127/><V39/><F125/><T126/><D106/><U36/><E100/><V52/><F70/><T131/><D131/><U112/><E112/><V80/><F40/><T98/><D98/><U120/><N who="1" m="30752" /><U41/><REACH who="1" step="1"/><E91/><REACH who="1" ten="280,240,510,0" step="2"/><V54/><F49/><T32/><D124/><U96/><E96/><V95/><F39/><T105/><D126/><U75/><E75/><V61/><F38/><T102/><D97/><U101/><E101/><V3/><F74/><T34/><D50/><U111/><E111/><V64/><F73/><T35/><D35/><U2/><E2/><V114/><F114/><T99/><D99/><U132/><E132/><V118/><F3/><T66/><D32/><U46/><E46/><V45/><F45/><T94/><D34/><U119/><E119/><V85/><F118/><T110/><D110/><U89/><E89/><V68/><F68/><T88/><D103/><U135/><E135/><V43/><F69/><T1/><D133/><RYUUKYOKU ba="1,2" sc="280,-10,240,20,510,-10,0,0" hai1="36,41,42,44,47,48,59,62,82,86,90,128,129" /><INIT seed="5,2,2,3,5,35" ten="270,260,500,0" oya="1" hai0="37,123,116,113,129,3,92,104,54,41,70,118,56" hai1="32,59,109,45,95,50,94,90,55,46,80,2,47" hai2="88,62,34,86,103,39,120,42,1,69,122,112,121" hai3=""/><U131/><E32/><V105/><F1/><T75/><RYUUKYOKU type="yao9" ba="2,2" sc="270,0,260,0,500,0,0,0" hai0="3,37,41,54,56,70,75,92,104,113,116,118,123,129" /><INIT seed="5,3,2,3,3,106" ten="270,260,500,0" oya="1" hai0="111,47,34,104,41,108,110,112,37,96,36,102,72" hai1="103,67,70,53,77,86,127,50,73,101,116,57,130" hai2="35,92,87,63,80,95,124,1,83,93,128,91,81" hai3=""/><U123/><N who="1" m="31520" /><U119/><E130/><V88/><F35/><T38/><D34/><U89/><E127/><V126/><F1/><T54/><D112/><U94/><E116/><V98/><F63/><T51/><REACH who="0" step="1"/><D72/><REACH who="0" ten="260,260,500,0" step="2"/><U99/><E119/><V52/><F128/><T2/><D2/><U44/><E73/><V115/><F115/><T78/><D78/><U121/><N who="1" m="31008" /><U105/><E77/><V3/><F3/><T125/><D125/><U65/><E103/><V0/><F0/><T113/><D113/><U49/><REACH who="1" step="1"/><E70/><REACH who="1" ten="260,250,500,0" step="2"/><V40/><F126/><T129/><D129/><U133/><E133/><V131/><F124/><T109/><N who="0" m="27648" /><DORA hai="84" /><T120/><N who="0" m="30752" /><T33/><D33/><U56/><E56/><AGARI ba="3,4" hai="36,37,38,41,47,51,54,56,96,102,104" m="30752,27648" machi="56" ten="70,4500,0" yaku="1,1,52,1,53,0" doraHai="106,84" doraHaiUra="60,90" who="0" fromWho="1" sc="260,91,250,-51,500,0,0,0" /><INIT seed="6,0,0,0,1,89" ten="351,199,500,0" oya="2" hai0="70,127,85,77,50,68,59,110,111,3,134,84,57" hai1="32,81,46,62,65,43,71,48,125,133,106,112,131" hai2="115,120,0,118,93,63,86,2,36,122,72,94,35" hai3=""/><V66/><F35/><T103/><D3/><U64/><E81/><V92/><F72/><T132/><D50/><U52/><E106/><V99/><F118/><T100/><D127/><U128/><E32/><V53/><F36/><T107/><D107/><U76/><E76/><AGARI ba="0,0" hai="57,59,68,70,76,77,84,85,100,103,110,111,132,134" machi="76" ten="25,1600,0" yaku="22,2" doraHai="89" who="0" fromWho="1" sc="351,16,199,-16,500,0,0,0" owari="367,-3.0,183,-42.0,500,45.0,0,0.0" /></mjloggm>