<mjloggm ver="2.3"><GO type="185" lobby="0"/><UN n0="%E2%99%AA%E5%A4%A2%E5%85%88%E6%A1%88%E5%86%85%E4%BA%BA" n1="%E3%81%82%E3%81%9F%E3%82%89%E3%81%AA%E3%81%84%E3%81%A7%EF%BC%81" n2="%E3%83%AA%E3%82%B3%E3%83%BB%E3%83%90%E3%83%B3%E3%83%87%E3%83%A9%E3%82%B9" n3="" dan="17,17,16,0" rate="2276.08,2182.70,2194.17,1500.00" sx="F,M,M,C"/><TAIKYOKU oya="0"/><INIT seed="0,0,0,5,3,52" ten="350,350,350,0" oya="0" hai0="128,117,102,2,86,91,83,131,72,118,46,87,112" hai1="88,92,58,135,33,50,39,55,121,104,90,99,0" hai2="61,36,116,76,125,101,62,100,93,110,97,122,94" hai3=""/><T126/><D2/><U108/><N who="1" m="31008" /><U71/><E0/><V32/><N who="2" m="31264" /><V47/><F32/><T67/><D46/><U60/><E33/><V37/><F110/><T119/><D67/><U57/><E71/><V75/><F125/><T130/><D126/><U54/><E39/><V59/><F116/><T49/><D49/><U107/><E135/><V73/><F76/><T95/><D112/><U68/><E108/><V78/><F78/><T42/><D42/><U40/><E40/><V34/><F34/><T51/><D51/><U134/><E134/><V82/><F47/><T115/><D115/><U63/><E68/><V1/><F1/><T120/><N who="0" m="30752" /><T45/><D45/><U123/><N who="1" m="31520" /><U96/><E50/><V113/><F113/><T70/><D70/><U79/><E79/><V124/><F124/><T43/><D43/><U48/><E48/><V84/><F37/><T105/><D72/><U35/><E35/><V74/><F73/><T77/><REACH who="0" step="1"/><D118/><REACH who="0" ten="340,350,350,0" step="2"/><U64/><REACH who="1" step="1"/><E64/><REACH who="1" ten="340,340,350,0" step="2"/><V65/><F65/><T56/><D56/><U3/><E3/><V129/><F36/><T80/><D80/><U98/><E98/><AGARI ba="0,2" hai="77,83,86,87,91,95,98,102,105,117,119,128,130,131" m="30752" machi="98" ten="40,18000,2" yaku="1,1,19,1,34,3,52,1,53,0" doraHai="52" doraHaiUra="66" who="0" fromWho="1" sc="340,200,340,-180,350,0,0,0" /><INIT seed="0,1,0,0,1,57" ten="540,160,350,0" oya="0" hai0="100,128,71,91,76,2,82,80,101,78,45,130,120" hai1="42,1,75,67,77,66,121,122,37,105,84,108,49" hai2="99,114,47,41,46,65,133,83,50,107,95,48,44" hai3=""/><T109/><N who="0" m="30752" /><T52/><D2/><U119/><N who="1" m="31008" /><U94/><N who="1" m="31264" /><U43/><E119/><V102/><F114/><T62/><D91/><U53/><E1/><V131/><F133/><T127/><D127/><U38/><E105/><V61/><F131/><N who="0" m="50218" /><D109/><U110/><E75/><V90/><F83/><N who="0" m="31786" /><D45/><U88/><E77/><N who="0" m="29801" /><D52/><U54/><E54/><V124/><F124/><T112/><D112/><U72/><E72/><V79/><F79/><T104/><D104/><U68/><E42/><V39/><F47/><T115/><D115/><U60/><E67/><AGARI ba="1,0" hai="62,67,71,100,101" m="29801,31786,50218,30752" machi="67" ten="30,5800,0" yaku="19,1,52,2" doraHai="57" who="0" fromWho="1" sc="540,60,160,-60,350,0,0,0" /><INIT seed="0,2,0,2,2,39" ten="600,100,350,0" oya="0" hai0="115,105,61,117,32,85,102,118,99,49,66,94,96" hai1="111,87,103,113,52,45,120,128,33,50,108,63,41" hai2="133,53,119,71,116,34,79,86,51,76,110,131,88" hai3=""/><T95/><D32/><U55/><N who="1" m="30752" /><U67/><E33/><V107/><F34/><T92/><D115/><U129/><E103/><V37/><F37/><T93/><D49/><U60/><E87/><V80/><F110/><N who="1" m="42025" /><E113/><V91/><F71/><T135/><D135/><U65/><E65/><V125/><F133/><T38/><D38/><U97/><E97/><V2/><F2/><T123/><N who="0" m="31520" /><T127/><D85/><U124/><E124/><V3/><F107/><T77/><D77/><U46/><E63/><V134/><F3/><T1/><D127/><U82/><E82/><V100/><F125/><T89/><REACH who="0" step="1"/><D1/><REACH who="0" ten="590,100,350,0" step="2"/><U104/><E104/><V59/><F134/><T69/><AGARI ba="2,1" hai="61,66,69,89,92,93,94,95,96,99,102,105,117,118" m="31520" machi="69" ten="30,8000,1" yaku="1,1,2,1,0,1,52,1,53,1" doraHai="39" doraHaiUra="84" who="0" fromWho="0" sc="590,94,100,-42,350,-42,0,0" /><INIT seed="0,3,0,1,5,115" ten="684,58,308,0" oya="0" hai0="45,133,1,62,32,33,89,130,87,122,70,68,128" hai1="46,65,96,86,36,59,60,119,134,131,83,105,107" hai2="108,92,42,78,55,81,97,79,106,121,50,37,64" hai3=""/><T125/><N who="0" m="31264" /><T88/><D1/><U95/><E131/><N who="0" m="50217" /><D125/><U43/><E134/><V69/><N who="2" m="31008" /><V101/><F108/><T99/><D133/><U114/><E114/><V111/><F111/><T80/><D45/><U118/><E105/><V113/><F113/><T47/><D47/><U51/><E107/><V54/><F37/><T0/><D0/><U109/><E36/><V34/><F34/><N who="0" m="13418" /><D62/><U103/><REACH who="1" step="1"/><E109/><REACH who="1" ten="684,48,308,0" step="2"/><V85/><F106/><T40/><D40/><U102/><E102/><V48/><F42/><T72/><D72/><U77/><AGARI ba="3,1" hai="43,46,51,59,60,65,77,83,86,95,96,103,118,119" machi="77" ten="20,9000,2" yaku="1,1,0,1,7,1,52,2,53,1" doraHai="115" doraHaiUra="94" who="1" fromWho="1" sc="684,-63,48,106,308,-33,0,0" /><INIT seed="1,0,0,2,0,121" ten="621,154,275,0" oya="1" hai0="64,118,84,2,92,44,123,58,103,0,55,41,112" hai1="130,45,57,67,48,94,50,109,52,93,65,35,39" hai2="128,81,76,73,63,122,69,61,115,49,107,40,88" hai3=""/><U85/><E35/><V66/><N who="2" m="31264" /><V135/><F128/><T47/><N who="0" m="31520" /><T60/><D112/><U129/><E93/><V95/><F115/><T79/><D118/><U75/><E75/><V38/><F107/><T42/><D64/><N who="1" m="24651" /><E85/><V98/><F63/><T82/><D0/><U127/><E94/><V96/><F38/><T100/><D2/><U117/><E117/><V101/><F135/><T119/><D119/><U56/><E127/><V125/><F125/><T120/><N who="0" m="30752" /><T71/><D71/><U104/><E104/><V1/><F1/><T74/><D74/><U70/><E70/><V99/><F101/><T32/><D32/><U3/><E3/><V124/><F124/><T90/><D79/><U106/><E106/><V111/><F76/><T126/><D126/><U116/><E116/><V87/><F73/><T89/><D100/><U72/><E72/><V68/><F68/><T83/><D103/><U51/><E109/><V33/><F111/><T78/><D78/><U36/><E57/><V91/><F33/><T105/><D105/><U102/><E102/><V62/><F69/><T34/><D34/><U108/><E108/><V134/><F87/><T97/><D82/><U46/><E36/><V53/><F81/><RYUUKYOKU ba="0,0" sc="621,20,154,-10,275,-10,0,0" hai0="41,42,44,47,55,58,60,83,84,89,90,92,97" /><INIT seed="2,1,0,4,2,131" ten="641,144,265,0" oya="2" hai0="119,94,47,44,111,66,73,65,122,35,36,117,62" hai1="77,67,133,71,1,130,75,125,55,61,96,37,49" hai2="33,95,100,106,88,110,84,97,86,32,2,57,114" hai3=""/><V52/><F2/><T108/><N who="0" m="31264" /><T101/><D35/><U129/><E1/><V120/><N who="2" m="30752" /><V54/><F114/><T115/><D73/><U123/><N who="1" m="31520" /><U135/><E75/><V83/><F110/><N who="0" m="42026" /><D115/><U80/><E80/><V127/><F127/><T107/><D107/><U132/><E96/><V99/><F86/><T112/><D112/><U118/><E77/><V60/><REACH who="2" step="1"/><F54/><REACH who="2" ten="641,144,255,0" step="2"/><T40/><D119/><U78/><E118/><V92/><F92/><T63/><D117/><U68/><E78/><AGARI ba="1,1" hai="32,33,52,57,60,78,83,84,88,95,97,99,100,106" m="30752" machi="78" ten="30,12000,1" yaku="1,1,7,1,52,1,54,2,53,0" doraHai="131" doraHaiUra="113" who="2" fromWho="1" sc="641,0,144,-122,255,132,0,0" /><INIT seed="2,2,0,4,4,53" ten="641,22,387,0" oya="2" hai0="2,65,88,46,77,76,132,91,41,93,66,107,134" hai1="109,108,116,130,47,120,115,42,89,48,71,113,135" hai2="33,43,106,57,94,56,32,83,60,126,114,110,75" hai3=""/><V80/><F106/><T38/><D2/><U87/><E130/><V81/><F114/><N who="1" m="43529" /><E71/><V111/><F75/><T86/><D107/><U67/><E67/><V61/><F43/><T70/><D65/><U34/><E34/><V124/><F83/><T62/><REACH who="0" step="1"/><D91/><REACH who="0" ten="631,22,387,0" step="2"/><U54/><E135/><AGARI ba="2,1" hai="38,41,46,62,66,70,76,77,86,88,93,132,134,135" machi="135" ten="40,8000,1" yaku="1,1,2,1,20,1,54,1,53,1" doraHai="53" doraHaiUra="69" who="0" fromWho="1" sc="631,94,22,-84,387,0,0,0" owari="725,67.0,-62,-66.0,387,-1.0,0,0.0" /></mjloggm>