<mjloggm ver="2.3"><GO type="225" lobby="0"/><UN n0="%E2%97%8E%E8%97%A4%E5%A0%82%E7%BE%8E%E6%B2%99%E2%97%8E" n1="%E4%B8%89%E5%86%A0%E7%8E%8B%E3%83%BB%E5%B1%B1%E7%94%B0%E5%93%B2%E4%BA%BA" n2="%E9%81%85%E5%88%BB%E3%81%AE%E3%83%97%E3%83%AA%E3%83%B3%E3%82%B9%E2%99%AA" n3="%E3%81%AF%E3%82%8B%E3%81%AB%E3%82%83%E3%82%80" dan="16,17,16,16" rate="2099.20,2207.11,2160.67,2098.48" sx="F,M,F,M"/><TAIKYOKU oya="0"/><INIT seed="0,0,0,3,0,64" ten="250,250,250,250" oya="0" hai0="17,92,114,118,106,65,40,124,44,20,66,24,85" hai1="48,88,81,115,86,16,36,41,45,105,13,23,46" hai2="74,72,52,89,31,121,4,123,68,57,49,107,18" hai3="82,125,29,93,100,94,111,54,28,116,60,132,97"/><T7/><D114/><U34/><E115/><V80/><F107/><W128/><G116/><T135/><D118/><U96/><E34/><V122/><F4/><W53/><G111/><T39/><D106/><U134/><E134/><V78/><F31/><N who="3" m="11851" /><G132/><T51/><D124/><U70/><E70/><V99/><F72/><W32/><G32/><T55/><D7/><U2/><E2/><V75/><F74/><W129/><G125/><T126/><D126/><U101/><REACH who="1" step="1"/><E46/><REACH who="1" ten="250,240,250,250" step="2"/><V8/><F68/><W110/><G110/><T33/><D33/><U5/><E5/><V98/><REACH who="2" step="1"/><F89/><REACH who="2" ten="250,240,240,250" step="2"/><W73/><G129/><T131/><D131/><U35/><E35/><V71/><F71/><W1/><G128/><T79/><D135/><U104/><E104/><V63/><F63/><W22/><G60/><T77/><D77/><U38/><AGARI ba="0,2" hai="13,16,23,36,38,41,45,48,81,86,88,96,101,105" machi="38" ten="30,7900,0" yaku="1,1,0,1,54,2,53,0" doraHai="64" doraHaiUra="112" who="1" fromWho="1" sc="250,-39,240,99,240,-20,250,-20" /><INIT seed="1,0,0,0,4,0" ten="211,339,220,230" oya="1" hai0="13,135,63,121,58,105,129,110,5,107,38,54,75" hai1="40,52,78,80,69,123,37,29,106,98,134,125,115" hai2="88,14,62,46,26,117,2,53,79,55,68,20,113" hai3="102,57,32,122,108,24,103,127,42,45,77,11,7"/><U30/><E115/><V96/><F117/><W104/><G122/><T39/><D75/><U41/><E69/><V56/><F113/><W95/><G104/><T74/><D74/><U99/><E123/><V119/><F119/><W82/><G108/><T100/><D121/><U89/><E125/><V49/><F2/><W61/><G127/><T6/><D110/><U4/><E37/><V50/><F68/><W72/><G95/><T73/><D73/><U59/><E134/><V131/><F131/><W133/><G24/><T124/><D124/><U28/><E4/><N who="0" m="1641" /><D13/><U92/><E106/><N who="0" m="40457" /><D100/><U48/><E99/><V132/><F132/><W18/><G18/><T71/><D71/><U109/><E109/><V76/><F14/><W84/><G32/><T128/><D135/><U31/><N who="1" m="7168" /><DORA hai="21" /><U67/><REACH who="1" step="1"/><E67/><REACH who="1" ten="211,329,220,230" step="2"/><V93/><F50/><W65/><G133/><T91/><D38/><U120/><E120/><V130/><F130/><W33/><G33/><T15/><D39/><U60/><E60/><V35/><F35/><W19/><G61/><T12/><D128/><U66/><E66/><V97/><F97/><W27/><G65/><T34/><D34/><U112/><E112/><V83/><F83/><W47/><G82/><T90/><D129/><U81/><E81/><V118/><F118/><W116/><G116/><T16/><D63/><U44/><E44/><V101/><F101/><W94/><G103/><T43/><D16/><AGARI ba="0,1" hai="16,20,26,46,49,53,55,56,62,76,79,88,93,96" machi="16" ten="30,12000,2" yaku="7,1,25,2,8,1,52,1,54,2" doraHai="0,21" who="2" fromWho="0" sc="211,-120,329,0,220,130,230,0" /><INIT seed="2,0,0,5,1,86" ten="91,329,350,230" oya="2" hai0="11,83,133,130,78,119,98,122,111,118,16,102,73" hai1="57,92,22,20,65,51,89,135,49,52,113,28,45" hai2="97,19,117,70,2,38,4,27,107,125,69,24,55" hai3="106,14,116,87,80,131,7,129,29,47,132,10,123"/><V5/><F117/><N who="0" m="44554" /><D11/><U9/><E113/><V15/><F125/><W31/><G123/><T115/><D16/><U36/><E135/><V114/><F114/><W56/><G132/><T84/><D115/><U46/><E36/><V77/><F38/><W61/><G116/><T128/><D133/><U26/><E9/><V6/><F2/><W39/><G106/><N who="0" m="63831" /><D122/><U59/><E20/><V23/><F77/><W75/><G75/><T48/><D48/><U108/><E108/><V120/><F120/><W35/><G47/><T37/><D37/><U40/><E65/><V25/><REACH who="2" step="1"/><F55/><REACH who="2" ten="91,329,340,230" step="2"/><W0/><G39/><T72/><D111/><U60/><E51/><V85/><F85/><W21/><G0/><T66/><D66/><U62/><E52/><V93/><F93/><W13/><G87/><T3/><D3/><U43/><E92/><V53/><F53/><W63/><G63/><T8/><D8/><U12/><E60/><V42/><F42/><W105/><G61/><T110/><D110/><U96/><E62/><V127/><F127/><W94/><G10/><T79/><D79/><U68/><E43/><V124/><F124/><W91/><G7/><T1/><D1/><U33/><E40/><V41/><F41/><W104/><G104/><T81/><D81/><U112/><E49/><V100/><AGARI ba="0,1" hai="4,5,6,15,19,23,24,25,27,69,70,97,100,107" machi="100" ten="40,3900,0" yaku="1,1,0,1,53,0" doraHai="86" doraHaiUra="109" who="2" fromWho="2" sc="91,-13,329,-13,340,49,230,-13" /><INIT seed="2,1,0,0,1,48" ten="78,316,389,217" oya="2" hai0="62,121,45,51,123,106,93,132,20,127,73,15,105" hai1="71,14,82,41,1,102,103,29,85,18,11,21,49" hai2="92,80,89,3,59,12,2,74,26,63,66,54,117" hai3="57,13,134,69,16,133,118,33,84,90,114,87,8"/><V43/><F117/><W129/><G118/><T98/><D73/><U42/><E71/><V76/><F43/><N who="1" m="16393" /><E1/><V64/><F26/><W40/><G69/><T81/><D127/><U22/><E49/><V10/><F3/><W4/><G33/><T75/><D132/><N who="3" m="50793" /><G129/><T126/><D126/><U55/><E55/><V72/><F2/><N who="3" m="23" /><G40/><T0/><D0/><U17/><E29/><V24/><F24/><W94/><G114/><T79/><D62/><U135/><E135/><V32/><F32/><W97/><G57/><T91/><D121/><U124/><E124/><V96/><REACH who="2" step="1"/><F72/><REACH who="2" ten="78,316,379,217" step="2"/><W38/><G38/><T7/><D123/><U108/><E14/><V128/><F128/><W110/><G110/><T113/><D113/><U67/><E108/><V83/><F83/><W86/><G13/><T109/><D109/><U6/><E82/><V46/><F46/><W52/><G16/><AGARI ba="1,1" hai="10,12,16,54,59,63,64,66,74,76,80,89,92,96" machi="16" ten="30,12000,1" yaku="1,1,7,1,52,1,54,1,53,1" doraHai="48" doraHaiUra="78" who="2" fromWho="3" sc="78,0,316,0,379,133,217,-123" /><INIT seed="2,2,0,0,4,84" ten="78,316,512,94" oya="2" hai0="72,17,80,48,110,88,97,82,49,64,113,32,112" hai1="23,108,83,77,26,16,19,30,135,66,116,8,47" hai2="50,102,56,87,114,122,20,126,76,5,63,15,85" hai3="65,24,7,132,44,95,37,52,40,96,55,69,131"/><V119/><F122/><W0/><G131/><T81/><D32/><U78/><E116/><V74/><F119/><W54/><G132/><T27/><D72/><U111/><E135/><V75/><F114/><W29/><G7/><T117/><D117/><U91/><E66/><V99/><F126/><W21/><G0/><T61/><D110/><U109/><E47/><V35/><F35/><W94/><REACH who="3" step="1"/><G96/><REACH who="3" ten="78,316,512,84" step="2"/><T92/><D113/><U104/><E109/><V31/><F5/><W25/><G25/><T53/><D112/><U45/><E26/><V4/><F4/><W71/><G71/><T9/><D27/><U42/><E111/><V2/><F99/><W89/><G89/><T134/><D134/><U124/><E91/><V106/><F2/><W13/><G13/><N who="0" m="7343" /><D64/><U60/><E108/><V70/><F70/><W34/><G34/><T93/><D93/><U59/><E124/><V67/><F67/><W51/><G51/><T57/><AGARI ba="2,1" hai="48,49,53,57,61,80,81,82,88,92,97" m="7343" machi="57" ten="30,4000,0" yaku="8,1,52,1,54,1" doraHai="84" who="0" fromWho="0" sc="78,56,316,-12,512,-22,84,-12" /><INIT seed="3,0,0,3,2,56" ten="134,304,490,72" oya="3" hai0="74,66,13,14,104,85,67,32,20,114,133,23,29" hai1="24,113,43,103,61,50,65,51,100,101,44,112,19" hai2="70,22,4,110,9,87,54,58,124,5,16,26,3" hai3="6,120,117,123,41,118,121,131,78,134,82,64,94"/><W62/><G131/><T98/><D74/><U75/><E75/><V108/><F70/><W127/><G127/><T25/><D32/><U63/><E50/><V102/><F124/><W69/><G134/><T105/><D85/><U128/><E128/><V0/><F102/><W126/><G126/><T39/><D39/><U84/><E84/><V11/><F87/><W7/><G94/><T55/><D55/><U71/><E19/><V53/><F53/><W89/><G89/><T21/><D133/><U77/><E77/><V68/><F68/><W45/><G6/><T109/><D109/><U30/><E63/><AGARI ba="0,0" hai="0,3,4,5,9,11,16,22,26,54,58,63,108,110" machi="63" ten="40,5200,0" yaku="9,1,52,1,54,1" doraHai="56" who="2" fromWho="1" sc="134,0,304,-52,490,52,72,0" owari="134,-27.0,252,5.0,542,65.0,72,-43.0" /></mjloggm>