<mjloggm ver="2.3"><GO type="185" lobby="0"/><UN n0="%E2%99%AA%E5%A4%A2%E5%85%88%E6%A1%88%E5%86%85%E4%BA%BA" n1="%E3%81%82%E3%81%9F%E3%82%89%E3%81%AA%E3%81%84%E3%81%A7%EF%BC%81" n2="%E3%83%AA%E3%82%B3%E3%83%BB%E3%83%90%E3%83%B3%E3%83%87%E3%83%A9%E3%82%B9" n3="" dan="17,17,16,0" rate="2281.47,2171.09,2200.41,1500.00" sx="F,M,M,C"/><TAIKYOKU oya="0"/><INIT seed="0,0,0,1,0,105" ten="350,350,350,0" oya="0" hai0="78,109,116,61,41,77,101,34,131,38,59,118,44" hai1="72,64,49,74,119,94,58,33,84,0,108,104,43" hai2="66,83,88,121,56,35,91,1,96,103,81,100,57" hai3=""/><T37/><D34/><U90/><E0/><V125/><N who="2" m="31008" /><V80/><F35/><T110/><D101/><U93/><E33/><V111/><F1/><T86/><D131/><U87/><E119/><N who="0" m="45609" /><D86/><U68/><E104/><V51/><F103/><T39/><D78/><U92/><E108/><N who="0" m="41577" /><D77/><U69/><E43/><V133/><F83/><T135/><D135/><U130/><E130/><V102/><F96/><T107/><D107/><U52/><E87/><V2/><F2/><T70/><D70/><U32/><E32/><V60/><F111/><T106/><D106/><U120/><N who="1" m="30752" /><U65/><E69/><V55/><F102/><T45/><D45/><U127/><E68/><V99/><F100/><T89/><D89/><U117/><E117/><V123/><F88/><T48/><D61/><U47/><E47/><V36/><F91/><T134/><D134/><U85/><E85/><V62/><F99/><T63/><D63/><U95/><REACH who="1" step="1"/><E127/><REACH who="1" ten="350,340,350,0" step="2"/><V128/><F125/><T112/><D112/><U46/><E46/><V40/><F133/><T42/><D42/><U73/><AGARI ba="0,1" hai="49,52,58,64,65,72,73,74,84,90,92,93,94,95" m="30752" machi="73" ten="40,9000,2" yaku="1,1,0,1,52,4,54,1,53,0" doraHai="105" doraHaiUra="97" who="1" fromWho="1" sc="350,-60,340,100,350,-30,0,0" /><INIT seed="1,0,0,0,3,79" ten="290,440,320,0" oya="1" hai0="113,46,57,132,56,43,124,122,108,64,102,85,111" hai1="0,41,65,45,50,2,70,121,66,104,131,87,63" hai2="32,94,71,88,126,67,75,37,80,90,134,128,116" hai3=""/><U73/><N who="1" m="31008" /><U120/><N who="1" m="30752" /><U86/><E73/><V129/><F32/><T36/><N who="0" m="31264" /><T62/><D113/><U106/><E66/><V99/><F116/><T58/><D102/><U133/><E133/><V117/><F117/><T52/><D132/><U3/><REACH who="1" step="1"/><E131/><REACH who="1" ten="290,430,320,0" step="2"/><V112/><F134/><T59/><D124/><U51/><E51/><V101/><F126/><T40/><D40/><U47/><E47/><V123/><N who="2" m="31520" /><V49/><F49/><T77/><REACH who="0" step="1"/><D64/><REACH who="0" ten="280,430,320,0" step="2"/><U130/><E130/><V98/><F129/><T35/><D35/><U100/><E100/><V119/><F128/><T91/><D91/><U76/><E76/><V95/><F119/><T118/><D118/><U83/><E83/><AGARI ba="0,2" hai="36,43,46,52,56,57,58,59,62,77,83,85,108,111" m="31264" machi="83" ten="40,8000,1" yaku="1,1,52,2,54,1,53,1" doraHai="79" doraHaiUra="39" who="0" fromWho="1" sc="280,100,430,-80,320,0,0,0" /><INIT seed="2,0,0,0,3,33" ten="380,350,320,0" oya="2" hai0="79,47,54,122,90,124,71,34,114,129,38,95,58" hai1="81,101,52,45,83,99,91,67,134,107,133,53,56" hai2="70,37,104,80,105,62,73,36,51,94,82,103,76" hai3=""/><V108/><F108/><T125/><N who="0" m="31264" /><T117/><D34/><U127/><E127/><V55/><F37/><T96/><D117/><U60/><E91/><V115/><F36/><T48/><D129/><U93/><E107/><V49/><F115/><T86/><D71/><U72/><E45/><V77/><F94/><T100/><D79/><U113/><E113/><V112/><F112/><T92/><D114/><U119/><E119/><V2/><F2/><T75/><D75/><U106/><E93/><V88/><F88/><T78/><D78/><U118/><E118/><V84/><F103/><T74/><D74/><U50/><E72/><V126/><F126/><N who="0" m="48746" /><D38/><U102/><E102/><V85/><F73/><T128/><D128/><U46/><REACH who="1" step="1"/><E67/><REACH who="1" ten="380,340,320,0" step="2"/><V39/><F77/><T110/><D47/><U69/><E69/><V43/><F70/><T123/><N who="0" m="31520" /><T0/><D110/><U89/><E89/><V63/><F76/><T120/><N who="0" m="30752" /><T3/><AGARI ba="0,1" hai="0,3,48,54,58,86,90,92,95,96,100" m="30752,31520,48746,31264" machi="3" ten="30,9000,2" yaku="4,1,18,1,52,5" doraHai="33" who="0" fromWho="0" sc="380,100,340,-30,320,-60,0,0" /><INIT seed="4,0,0,0,0,72" ten="480,310,260,0" oya="0" hai0="112,133,121,125,56,45,95,84,71,35,62,135,91" hai1="73,58,114,98,40,86,50,92,36,46,119,54,105" hai2="78,0,81,106,55,79,109,100,38,110,39,120,64" hai3=""/><T65/><N who="0" m="31008" /><T93/><D35/><U53/><E73/><V61/><N who="2" m="30752" /><V126/><F0/><T51/><D112/><U88/><E114/><V69/><F126/><T132/><D125/><U103/><E54/><V101/><F79/><T122/><N who="0" m="31264" /><T123/><N who="0" m="31520" /><T2/><D2/><U80/><REACH who="1" step="1"/><E119/><REACH who="1" ten="480,300,260,0" step="2"/><V66/><F110/><T87/><D71/><U118/><E118/><V102/><F109/><T63/><D63/><U52/><E52/><V117/><F117/><T68/><D68/><U76/><E76/><V107/><F55/><T82/><D84/><U47/><E47/><V60/><F107/><AGARI ba="0,1" hai="36,40,46,50,53,58,80,86,88,92,98,103,105,107" machi="107" ten="40,2600,0" yaku="1,1,54,1,53,0" doraHai="72" doraHaiUra="124" who="1" fromWho="2" sc="480,0,300,36,260,-26,0,0" /><INIT seed="5,0,0,3,5,81" ten="480,336,234,0" oya="1" hai0="127,48,52,97,59,73,62,88,74,51,125,67,56" hai1="129,118,43,93,111,105,86,47,1,69,68,55,117" hai2="113,35,3,82,114,39,61,46,36,79,32,57,64" hai3=""/><U135/><E1/><V63/><F3/><T132/><D132/><U45/><E105/><V120/><N who="2" m="30752" /><V84/><F63/><T42/><D42/><U49/><E135/><V107/><F107/><T108/><D108/><U123/><N who="1" m="31520" /><U78/><E129/><V134/><F134/><T90/><D48/><U53/><E111/><V96/><F96/><T71/><D71/><U44/><E44/><V77/><F77/><T75/><D97/><U66/><E66/><V83/><F83/><T102/><D102/><U98/><E55/><V87/><F87/><T121/><N who="0" m="31008" /><T99/><D99/><U128/><E128/><V110/><F110/><T41/><D41/><U126/><E117/><V122/><N who="2" m="31264" /><V101/><F101/><T38/><D38/><N who="2" m="14378" /><F46/><T80/><D80/><U65/><E118/><V50/><F50/><T60/><D51/><U106/><E49/><V54/><F64/><T95/><D95/><U85/><E93/><V104/><F104/><T34/><D67/><U109/><E65/><V89/><F79/><T40/><D60/><U0/><E78/><V94/><F94/><T70/><D62/><U91/><E0/><V115/><AGARI ba="0,0" hai="32,35,54,57,61,82,84,89,113,114,115" m="14378,31264,30752" machi="115" ten="40,6000,1" yaku="15,1,11,1,52,3" doraHai="81" who="2" fromWho="2" sc="480,-20,336,-40,234,60,0,0" /><INIT seed="6,0,0,3,1,87" ten="460,296,294,0" oya="2" hai0="122,34,73,43,117,67,68,108,90,100,1,60,112" hai1="86,76,134,3,52,104,119,94,92,102,77,51,65" hai2="72,83,2,58,127,59,78,41,38,79,113,71,35" hai3=""/><V47/><F35/><T99/><N who="0" m="31264" /><T37/><D108/><U45/><E3/><V57/><F2/><T131/><D1/><U81/><E134/><V93/><F113/><T55/><D73/><U101/><E119/><V109/><F71/><T80/><D117/><U61/><E77/><V36/><F109/><T75/><D131/><U0/><E0/><V118/><F118/><T85/><D75/><U82/><E82/><V110/><F110/><T49/><D43/><U126/><E126/><V121/><N who="2" m="31008" /><V107/><F107/><T46/><D37/><U111/><E111/><V103/><F79/><T50/><D50/><U64/><E104/><V69/><F69/><T98/><D112/><U70/><REACH who="1" step="1"/><E65/><REACH who="1" ten="460,286,294,0" step="2"/><V120/><N who="2" m="30752" /><V129/><F127/><T48/><D67/><U53/><E53/><V40/><F129/><T84/><D55/><U106/><E106/><V116/><F116/><T95/><D80/><U66/><E66/><V33/><F33/><T88/><D34/><U128/><E128/><V44/><F93/><AGARI ba="0,1" hai="45,51,52,61,64,70,76,81,86,92,93,94,101,102" machi="93" ten="40,8000,1" yaku="1,1,54,1,53,3" doraHai="87" doraHaiUra="91" who="1" fromWho="2" sc="460,0,286,90,294,-80,0,0" owari="460,41.0,376,-2.0,214,-39.0,0,0.0" /></mjloggm>