<mjloggm ver="2.3"><GO type="169" lobby="0"/><UN n0="%E8%88%AC%E5%8D%93%E6%B0%91%E3%81%AE%E6%9C%9D%E3%81%AF%E6%97%A9%E3%81%84" n1="%69%71%31%38%30%E7%9C%9F%E5%89%A3%E6%A7%98" n2="%E3%81%BE%E3%81%99%E3%81%9E%E3%81%88" n3="%E9%BB%92%E7%8C%AB%73%69%6E" dan="17,16,16,17" rate="2254.80,2144.64,2089.44,2205.91" sx="M,M,M,M"/><TAIKYOKU oya="0"/><INIT seed="0,0,0,2,3,56" ten="250,250,250,250" oya="0" hai0="70,15,102,21,81,62,92,127,78,79,4,48,107" hai1="66,10,130,135,27,29,98,126,28,45,134,124,125" hai2="40,49,113,82,105,96,115,75,122,7,12,5,34" hai3="54,108,106,11,8,60,59,100,6,104,39,23,36"/><T17/><D127/><U80/><E80/><V116/><F34/><W61/><G108/><T18/><D4/><U51/><E98/><V55/><F122/><W71/><G23/><T64/><D107/><U89/><E89/><V73/><F116/><W118/><G118/><T128/><D128/><U110/><E110/><V22/><F40/><W83/><G11/><T37/><D37/><U114/><E114/><V119/><F119/><W20/><G20/><T132/><D132/><N who="1" m="50731" /><E66/><V58/><F7/><W24/><G24/><T111/><D111/><U91/><E91/><V2/><F2/><W35/><G35/><T38/><D38/><U69/><E69/><V85/><F96/><W41/><G39/><T129/><D129/><U3/><E27/><V65/><F105/><W9/><G100/><T1/><D1/><U87/><E87/><V46/><F75/><W13/><G83/><T74/><D79/><U101/><E101/><V86/><F73/><W109/><G109/><T53/><D18/><U63/><E63/><V30/><F86/><W47/><REACH who="3" step="1"/><G9/><REACH who="3" ten="250,250,250,240" step="2"/><T52/><REACH who="0" step="1"/><D48/><REACH who="0" ten="240,250,250,240" step="2"/><U120/><E130/><V57/><F49/><W103/><G103/><T76/><D76/><U94/><E124/><V50/><F50/><W93/><G93/><T14/><D14/><U25/><E94/><V32/><F12/><W19/><G19/><T117/><D117/><U112/><E125/><V88/><F113/><W90/><G90/><T121/><D121/><U26/><E112/><V43/><F88/><W16/><G16/><T95/><D95/><U84/><E126/><V131/><F115/><RYUUKYOKU ba="0,2" sc="240,15,250,-15,250,-15,240,15" hai0="15,17,21,52,53,62,64,70,74,78,81,92,102" hai3="6,8,13,36,41,47,54,59,60,61,71,104,106" /><INIT seed="0,1,2,1,5,121" ten="255,235,235,255" oya="0" hai0="76,111,132,31,69,33,110,18,74,84,34,90,95" hai1="60,12,91,72,98,62,134,100,36,40,80,129,37" hai2="16,78,4,92,99,87,86,70,19,29,97,52,54" hai3="79,27,107,112,11,103,35,22,71,68,116,106,38"/><T131/><D69/><U49/><E129/><V43/><F70/><W109/><G112/><T56/><D131/><U44/><E134/><V53/><F29/><W39/><G116/><T118/><D118/><U135/><E135/><V17/><F4/><W66/><G22/><T83/><D132/><U59/><E12/><V88/><F43/><W102/><G11/><T48/><D18/><U124/><E124/><V25/><F25/><W47/><G79/><T120/><D120/><U117/><E117/><V20/><F20/><W0/><G27/><T125/><D125/><U67/><E62/><V64/><F64/><W50/><G50/><T13/><D13/><U32/><E32/><V10/><F10/><W128/><G35/><T115/><D115/><U28/><E28/><V41/><F41/><W82/><G82/><AGARI ba="1,2" hai="16,17,19,52,53,54,78,82,86,87,88,92,97,99" machi="82" ten="40,8000,1" yaku="8,1,54,3" doraHai="121" who="2" fromWho="3" sc="255,0,235,0,235,103,255,-83" /><INIT seed="1,0,0,2,3,48" ten="255,235,338,172" oya="1" hai0="47,128,88,3,44,104,71,65,20,68,131,2,57" hai1="41,9,102,7,132,79,81,28,78,17,96,40,125" hai2="51,117,84,126,73,76,97,87,91,114,60,1,77" hai3="21,133,67,39,23,22,83,121,50,35,49,100,101"/><U52/><E125/><V45/><F1/><W37/><G83/><T103/><D104/><U135/><E28/><V99/><F126/><W66/><G35/><T95/><D103/><N who="3" m="39497" /><G121/><T108/><D108/><U42/><E17/><V123/><F114/><W127/><G127/><T118/><D118/><U115/><E115/><V109/><F109/><W56/><G56/><T32/><D32/><U70/><E70/><V33/><F33/><W62/><G62/><T59/><D20/><U13/><E81/><V119/><F60/><W112/><G112/><T0/><D65/><N who="3" m="24585" /><G133/><N who="1" m="51274" /><E52/><N who="2" m="29807" /><F73/><W92/><G92/><AGARI ba="0,0" hai="7,9,13,40,41,42,78,79,92,96,102" m="51274" machi="92" ten="30,1500,0" yaku="20,1" doraHai="48" who="1" fromWho="3" sc="255,0,235,15,338,0,172,-15" /><INIT seed="1,1,0,3,3,72" ten="255,250,338,157" oya="1" hai0="42,21,90,41,71,133,102,105,93,135,0,129,4" hai1="45,97,27,98,15,30,134,60,28,101,24,86,115" hai2="108,23,34,57,128,121,116,20,11,130,59,99,36" hai3="22,120,122,17,26,29,77,35,9,33,49,12,14"/><U2/><E2/><V6/><F108/><W96/><G49/><T58/><D71/><U95/><E115/><V18/><F36/><W47/><G47/><T104/><D129/><N who="2" m="49770" /><F34/><W76/><G35/><T1/><D21/><N who="2" m="8266" /><F18/><W50/><G50/><T66/><D4/><U114/><E114/><V87/><F116/><W132/><G132/><T37/><D37/><U32/><E134/><V52/><F121/><W55/><G55/><T79/><D66/><U56/><E45/><V65/><F99/><W83/><G96/><T82/><D58/><U88/><E15/><N who="2" m="5623" /><F65/><W62/><G62/><T44/><D44/><U100/><E98/><V75/><F75/><W127/><G127/><T7/><D133/><U117/><E117/><V25/><F25/><N who="1" m="9801" /><E32/><V31/><F31/><N who="1" m="11817" /><E97/><V131/><F87/><W43/><G43/><T111/><D42/><U92/><E95/><V106/><F106/><W64/><G64/><AGARI ba="1,0" hai="56,60,64,86,88,92,100,101" m="11817,9801" machi="64" ten="30,2900,0" yaku="8,1,54,1" doraHai="72" who="1" fromWho="3" sc="255,0,250,32,338,0,157,-32" /><INIT seed="1,2,0,5,4,110" ten="255,282,338,125" oya="1" hai0="127,20,128,60,2,4,76,124,126,82,81,71,3" hai1="107,9,96,39,113,95,93,47,25,36,37,63,104" hai2="56,32,85,13,50,73,38,51,108,123,23,72,105" hai3="121,15,99,57,52,21,35,117,5,109,75,79,118"/><U68/><E47/><V30/><F108/><W7/><G121/><T67/><D128/><U97/><E9/><V33/><F123/><W130/><G35/><T77/><D4/><U48/><E48/><V106/><F38/><W98/><G109/><T114/><D20/><U18/><E18/><V11/><F85/><W27/><G130/><T135/><D135/><U10/><E10/><V26/><F73/><W34/><G34/><T46/><D46/><U66/><E113/><V83/><F72/><W92/><G79/><N who="0" m="30283" /><D114/><U89/><REACH who="1" step="1"/><E25/><REACH who="1" ten="255,272,338,125" step="2"/><V58/><F26/><W101/><G117/><T44/><D44/><U41/><E41/><V49/><F11/><W69/><G118/><T70/><D70/><U62/><E62/><V119/><F51/><W116/><G69/><T61/><D60/><U55/><E55/><V0/><F50/><W53/><G116/><T22/><D2/><U54/><E54/><V132/><F49/><W80/><G53/><T133/><D3/><U87/><E87/><V74/><F0/><W115/><G115/><T31/><D133/><U65/><E65/><V90/><F132/><W94/><G52/><T111/><D111/><U43/><E43/><V91/><F119/><W112/><G112/><T100/><D71/><U24/><E24/><V12/><F56/><W6/><G27/><N who="0" m="16887" /><D67/><U78/><E78/><V134/><F134/><W28/><G57/><T84/><D61/><U14/><E14/><V120/><F13/><W19/><G15/><T17/><D17/><U129/><E129/><V1/><F58/><W125/><G19/><T64/><D64/><RYUUKYOKU ba="2,1" sc="255,-10,272,30,338,-10,125,-10" hai1="36,37,39,63,66,68,89,93,95,96,97,104,107" /><INIT seed="1,3,1,0,0,12" ten="245,302,328,115" oya="1" hai0="46,120,102,124,122,68,31,28,118,103,8,22,109" hai1="25,130,133,48,41,117,105,116,77,98,108,69,113" hai2="107,24,85,3,75,123,14,38,21,34,125,6,110" hai3="54,33,119,132,61,87,73,16,35,111,134,1,65"/><U66/><E113/><V84/><F110/><W127/><G73/><T47/><D118/><U62/><E130/><V4/><F123/><N who="0" m="47146" /><D68/><U11/><E133/><N who="3" m="51306" /><G1/><T45/><D109/><U67/><E108/><V86/><F75/><W13/><G111/><T15/><D124/><U91/><E77/><V51/><F38/><W53/><G87/><T44/><D44/><U55/><E41/><V9/><F107/><W52/><G127/><T104/><D22/><U112/><E112/><V10/><F125/><W97/><G97/><N who="0" m="61519" /><D103/><U71/><E105/><V27/><F34/><W131/><G131/><T78/><D78/><U114/><E114/><V56/><F56/><N who="3" m="37031" /><G119/><T57/><D57/><U50/><E116/><V115/><F115/><W70/><G70/><T128/><D128/><U36/><E117/><V23/><F51/><W82/><G82/><T80/><D80/><U76/><E69/><V7/><F84/><W95/><G95/><T135/><D135/><U59/><E71/><V74/><F85/><W49/><G49/><T121/><N who="0" m="47154" /><T29/><DORA hai="90" /><D47/><U88/><E48/><V42/><F74/><W126/><G126/><T60/><D60/><U0/><E62/><V40/><F86/><W106/><G106/><T17/><AGARI ba="3,1" hai="8,15,17,28,29,31,45,46" m="61519,47154" machi="17" ten="50,3200,0" yaku="13,1,52,1" doraHai="12,90" who="0" fromWho="0" sc="245,51,302,-19,328,-11,115,-11" /><INIT seed="2,0,0,2,4,127" ten="296,283,317,104" oya="2" hai0="103,121,99,21,118,88,17,82,53,116,26,3,85" hai1="14,134,101,9,58,131,78,84,135,95,115,62,76" hai2="16,25,43,47,57,112,33,91,113,59,108,110,132" hai3="63,50,87,18,0,36,61,119,128,10,86,40,46"/><V68/><F68/><W74/><G119/><T109/><D121/><U98/><E115/><V54/><F59/><W81/><G50/><T22/><D109/><N who="2" m="42090" /><F132/><N who="1" m="50729" /><E131/><V75/><F75/><W123/><G123/><T129/><D3/><U1/><E84/><V15/><F91/><W30/><G30/><T56/><D22/><U35/><E35/><V55/><F33/><W130/><G86/><T125/><D125/><U111/><E1/><V19/><F25/><W114/><G114/><N who="2" m="44137" /><F57/><W122/><G122/><T44/><D44/><U52/><E111/><V94/><F94/><W8/><G74/><T34/><D34/><U42/><E78/><V11/><F19/><W32/><G32/><T24/><D24/><U100/><E76/><V69/><F69/><W124/><G124/><T126/><D126/><U29/><E29/><V37/><AGARI ba="0,0" hai="11,15,16,37,43,47,54,55" m="44137,42090" machi="37" ten="30,6000,0" yaku="14,1,10,1,54,1" doraHai="127" who="2" fromWho="2" sc="296,-20,283,-20,317,60,104,-20" /><INIT seed="2,1,0,3,3,53" ten="276,263,377,84" oya="2" hai0="83,113,97,126,52,70,18,11,62,13,111,60,67" hai1="117,56,92,122,108,87,105,31,107,20,22,120,80" hai2="88,95,72,129,73,3,86,45,74,57,5,112,0" hai3="81,26,68,76,15,115,61,119,28,49,37,55,43"/><V109/><F112/><W24/><G119/><T89/><D113/><U33/><E117/><V94/><F129/><W132/><G115/><T6/><D111/><U123/><E108/><V36/><F109/><W2/><G2/><T51/><D126/><U50/><E92/><V14/><F95/><W131/><G131/><T82/><D62/><U118/><E118/><V30/><F30/><W78/><G132/><T4/><D97/><U42/><E33/><V7/><F36/><W100/><G100/><T106/><D106/><N who="1" m="40459" /><E31/><V116/><F116/><W16/><G43/><T59/><D83/><U98/><E98/><V79/><F45/><W58/><G37/><T125/><D125/><U101/><E101/><V135/><F135/><W9/><G28/><T99/><D99/><U44/><E56/><V27/><F27/><W1/><G1/><T66/><D66/><U38/><E38/><V134/><F134/><W25/><REACH who="3" step="1"/><G81/><REACH who="3" ten="276,263,377,74" step="2"/><T47/><D70/><U96/><E123/><V71/><F3/><W54/><G54/><T114/><D114/><U127/><E122/><V35/><F0/><W110/><G110/><T84/><AGARI ba="1,1" hai="4,6,11,13,18,47,51,52,59,60,67,82,84,89" machi="84" ten="30,12000,2" yaku="0,1,25,2,8,1,52,1,54,1" doraHai="53" who="0" fromWho="0" sc="276,133,263,-31,377,-61,74,-31" /><INIT seed="3,0,0,3,3,73" ten="409,232,316,43" oya="3" hai0="123,83,12,74,99,29,18,30,90,126,32,41,54" hai1="89,25,104,9,27,56,21,5,119,28,71,121,59" hai2="95,65,75,10,81,114,76,109,133,122,26,43,46" hai3="14,125,78,15,132,66,33,40,77,120,80,129,55"/><W0/><G120/><T61/><D123/><U67/><E121/><V50/><F109/><W91/><G0/><T19/><D41/><U100/><E89/><V6/><F133/><W87/><G132/><T115/><D126/><U17/><E119/><V7/><F122/><W105/><G125/><T37/><D37/><U86/><E86/><V130/><F130/><W127/><G127/><T116/><D32/><N who="1" m="20495" /><E5/><V24/><F114/><W48/><G33/><T97/><D116/><U63/><E9/><V68/><F95/><W111/><G105/><T22/><D115/><U98/><AGARI ba="0,0" hai="17,21,27,56,59,63,67,71,98,100,104" m="20495" machi="98" ten="30,1100,0" yaku="25,1" doraHai="73" who="1" fromWho="1" sc="409,-3,232,11,316,-3,43,-5" /><INIT seed="4,0,0,4,2,13" ten="406,243,313,38" oya="0" hai0="99,68,8,24,38,74,40,65,33,21,15,70,94" hai1="117,12,47,0,45,112,121,2,100,85,110,89,82" hai2="125,104,80,119,1,30,130,5,72,135,66,19,23" hai3="54,52,91,101,84,31,106,35,134,107,128,17,81"/><T64/><D74/><U73/><E110/><V87/><F130/><W61/><G128/><T62/><D33/><U42/><E117/><V114/><F114/><W69/><G134/><T133/><D40/><U28/><E121/><V20/><F135/><W120/><G120/><T86/><D86/><U22/><E73/><V92/><F125/><W44/><G101/><T7/><D38/><U63/><E112/><V4/><F119/><W127/><G127/><T36/><D36/><U27/><E100/><V71/><F104/><W109/><G109/><T41/><D41/><U34/><E63/><V131/><F131/><W9/><G35/><T115/><D115/><U43/><E42/><V51/><F72/><W108/><G31/><T58/><D65/><U88/><E89/><V122/><F71/><W75/><G108/><T90/><REACH who="0" step="1"/><D133/><REACH who="0" ten="396,243,313,38" step="2"/><U79/><E43/><V53/><F66/><N who="3" m="41167" /><G75/><T116/><D116/><U93/><E85/><V124/><F87/><W83/><G83/><T97/><D97/><U102/><E82/><V57/><F80/><W55/><G54/><T118/><D118/><U129/><E129/><V95/><F122/><W123/><G55/><T39/><D39/><U3/><E79/><V126/><F53/><W6/><G123/><T76/><D76/><U49/><E34/><V25/><F124/><W48/><G6/><T103/><D103/><U98/><E102/><V78/><F78/><W14/><AGARI ba="0,1" hai="9,14,17,44,48,52,81,84,91,106,107" m="41167" machi="14" ten="30,4000,0" yaku="25,1,52,1,54,1" doraHai="13" who="3" fromWho="3" sc="396,-20,243,-10,313,-10,38,50" /><INIT seed="5,0,0,3,4,108" ten="376,233,303,88" oya="1" hai0="119,67,64,22,36,71,10,48,4,78,0,95,18" hai1="123,101,35,106,104,65,1,5,114,51,45,25,60" hai2="94,3,88,121,80,68,81,58,107,31,8,17,115" hai3="132,118,83,37,120,126,75,130,32,66,33,55,19"/><U12/><E123/><V29/><F121/><W96/><G120/><T16/><D36/><U85/><E85/><V77/><F115/><W59/><G37/><T27/><D119/><U69/><E106/><V46/><F107/><W111/><G111/><T73/><D71/><U49/><E12/><N who="2" m="7303" /><F3/><W56/><G118/><T113/><D113/><U82/><E82/><N who="2" m="31851" /><F68/><W57/><G130/><T61/><D73/><U43/><E51/><V9/><F77/><W100/><G132/><T84/><D78/><U98/><E5/><V52/><F46/><W63/><G126/><T116/><D116/><U7/><E7/><V133/><F9/><W129/><G129/><T117/><D117/><U44/><E44/><V99/><F133/><W131/><G131/><T24/><D48/><AGARI ba="0,0" hai="29,31,48,52,58,88,94,99" m="31851,7303" machi="48" ten="30,3900,0" yaku="8,1,54,2" doraHai="108" who="2" fromWho="0" sc="376,-39,233,0,303,39,88,0" /><INIT seed="6,0,0,3,5,29" ten="337,233,342,88" oya="2" hai0="126,28,1,17,23,22,125,118,69,122,92,40,120" hai1="100,106,45,37,76,114,42,55,97,113,62,89,81" hai2="72,84,119,123,66,135,14,79,10,65,132,48,8" hai3="15,41,12,103,115,130,51,38,60,134,27,131,77"/><V46/><F72/><W82/><G38/><T91/><D69/><U26/><E62/><V133/><F119/><W109/><G109/><T71/><D71/><U78/><E55/><V33/><F33/><W54/><G103/><T57/><D40/><U110/><E110/><V90/><F79/><W52/><G41/><T2/><D57/><U108/><E108/><V35/><F35/><W31/><G54/><T85/><D118/><U86/><REACH who="1" step="1"/><E26/><REACH who="1" ten="337,223,342,88" step="2"/><V39/><F132/><W9/><G60/><T20/><D122/><U101/><E101/><V80/><F123/><W102/><G102/><T43/><D120/><U24/><E24/><V58/><F133/><W49/><G134/><T112/><D43/><U98/><E98/><V34/><F135/><W88/><G27/><T75/><D112/><AGARI ba="0,1" hai="37,42,45,76,78,81,86,89,97,100,106,112,113,114" machi="112" ten="40,2600,0" yaku="1,1,15,1,53,0" doraHai="29" doraHaiUra="127" who="1" fromWho="0" sc="337,-26,223,36,342,0,88,0" /><INIT seed="7,0,0,3,3,60" ten="311,259,342,88" oya="3" hai0="123,42,103,75,97,81,119,26,117,104,79,95,22" hai1="58,111,19,40,38,4,17,120,27,52,99,56,98" hai2="80,59,102,18,51,66,54,30,8,93,24,43,5" hai3="100,63,87,11,68,106,72,77,92,64,73,113,2"/><W108/><G113/><T1/><D123/><U61/><E111/><V86/><F66/><W32/><G108/><T7/><D42/><U14/><E120/><V118/><F118/><W36/><G36/><T110/><D110/><U127/><E127/><V25/><F43/><W53/><G53/><T69/><D69/><U48/><E38/><V82/><F18/><W130/><G130/><T134/><D134/><U20/><E4/><V29/><F8/><W129/><G129/><T34/><D34/><U35/><E35/><V105/><F5/><N who="3" m="1463" /><G92/><T84/><D7/><U47/><REACH who="1" step="1"/><E58/><REACH who="1" ten="311,249,342,88" step="2"/><V46/><F59/><W67/><G67/><T65/><D65/><U13/><E13/><V70/><F25/><W88/><G32/><T37/><D37/><U62/><E62/><V44/><F24/><W16/><G16/><N who="0" m="12615" /><D1/><U0/><E0/><V12/><F30/><W55/><G55/><T21/><D21/><AGARI ba="0,1" hai="14,17,19,20,21,27,40,47,48,52,56,61,98,99" machi="21" ten="30,7700,0" yaku="1,1,7,1,8,1,54,1,53,0" doraHai="60" doraHaiUra="124" who="1" fromWho="0" sc="311,-77,249,87,342,0,88,0" owari="234,-17.0,336,14.0,342,44.0,88,-41.0" /></mjloggm>