<mjloggm ver="2.3"><GO type="169" lobby="0"/><UN n0="%E5%A4%A7%E8%BE%BB" n1="%E3%83%87%E3%83%B3%E3%82%A8%E3%83%B3" n2="%E4%B8%89%E5%86%A0%E7%8E%8B%E3%83%BB%E5%B1%B1%E7%94%B0%E5%93%B2%E4%BA%BA" n3="%E5%AE%89%E9%81%94%E3%81%95%E3%81%8F%E3%82%89" dan="16,17,17,17" rate="2092.36,2176.54,2209.32,2190.88" sx="M,M,M,M"/><TAIKYOKU oya="0"/><INIT seed="0,0,0,1,3,35" ten="250,250,250,250" oya="0" hai0="95,94,62,91,11,123,7,86,4,67,41,61,1" hai1="121,119,77,131,78,38,17,21,83,60,110,80,106" hai2="2,84,71,51,89,87,99,124,28,63,70,107,109" hai3="42,117,40,105,52,120,135,130,97,57,92,34,68"/><T32/><D123/><U29/><E106/><V27/><F109/><W43/><G117/><T45/><D32/><U48/><E110/><V15/><F124/><W46/><G120/><T53/><D7/><U58/><E38/><V20/><F87/><W55/><G130/><T6/><D6/><U132/><E131/><V90/><F2/><W49/><G135/><T9/><D9/><U134/><E119/><V129/><F129/><W98/><G34/><T82/><D53/><U102/><E29/><V44/><F15/><W103/><G68/><T88/><D91/><U85/><E102/><V12/><F12/><W112/><G112/><T116/><D116/><U59/><E48/><V14/><F14/><W54/><REACH who="3" step="1"/><G46/><REACH who="3" ten="250,250,250,240" step="2"/><T75/><D75/><U39/><E121/><V73/><F71/><W18/><G18/><T72/><D72/><U19/><E19/><V128/><F70/><W5/><G5/><T125/><D125/><U31/><E17/><V36/><F73/><W122/><G122/><T81/><D81/><U10/><E83/><V118/><F44/><W50/><G50/><T16/><D16/><U23/><E80/><V104/><F51/><W69/><G69/><T56/><D62/><U79/><E60/><V22/><F128/><W26/><G26/><T76/><D76/><U13/><E78/><V37/><F27/><W115/><G115/><T24/><D24/><U8/><E77/><V47/><F63/><W111/><G111/><T0/><D0/><U101/><E79/><V93/><F118/><W100/><AGARI ba="0,1" hai="40,42,43,49,52,54,55,57,92,97,98,100,103,105" machi="100" ten="30,4000,0" yaku="1,1,0,1,54,1,53,0" doraHai="35" doraHaiUra="30" who="3" fromWho="3" sc="250,-20,250,-10,250,-10,240,50" /><INIT seed="1,0,0,1,5,59" ten="230,240,240,290" oya="1" hai0="5,113,74,79,130,100,11,57,6,84,107,134,43" hai1="82,14,87,60,89,121,20,133,32,4,56,7,124" hai2="98,88,63,77,125,129,30,71,49,19,17,111,132" hai3="10,58,116,53,50,131,127,72,114,1,99,83,117"/><U108/><E32/><V38/><F38/><W97/><G114/><T67/><D113/><U51/><E121/><V112/><F112/><W92/><G131/><T54/><D74/><U45/><E124/><V62/><F129/><W18/><G127/><T44/><D130/><U66/><E133/><V85/><F125/><W47/><G72/><T120/><D134/><U2/><E2/><V28/><F132/><W13/><G1/><T65/><D100/><U123/><E123/><V90/><F111/><W76/><G83/><T15/><D6/><U34/><E34/><V81/><F71/><W37/><G76/><T68/><D68/><U126/><E126/><V64/><F64/><W96/><G37/><T94/><D107/><U48/><E48/><V110/><F110/><W61/><REACH who="3" step="1"/><G92/><REACH who="3" ten="230,240,240,280" step="2"/><T25/><D120/><U104/><E104/><V119/><F77/><W41/><AGARI ba="0,1" hai="10,13,18,41,47,50,53,58,61,96,97,99,116,117" machi="41" ten="30,7900,0" yaku="1,1,2,1,0,1,52,1,53,0" doraHai="59" doraHaiUra="0" who="3" fromWho="3" sc="230,-20,240,-39,240,-20,280,89" /><INIT seed="2,0,0,5,1,27" ten="210,201,220,369" oya="2" hai0="105,47,70,84,18,21,65,109,130,122,30,24,83" hai1="20,86,106,120,124,101,69,31,8,78,107,104,42" hai2="15,85,126,132,112,13,100,108,56,33,80,61,35" hai3="75,22,34,87,10,131,118,59,6,127,129,54,111"/><V44/><F112/><W125/><G75/><T14/><D122/><U28/><E120/><V60/><F126/><N who="3" m="48139" /><G34/><T63/><D105/><U128/><E124/><V64/><F100/><W19/><G118/><T12/><D130/><N who="3" m="49673" /><G87/><T41/><D109/><U135/><E69/><V67/><F108/><W92/><G92/><T72/><D72/><U17/><E128/><V23/><F80/><W53/><G59/><T68/><D68/><U1/><E101/><V38/><F85/><W95/><G95/><T43/><D47/><U71/><E71/><V46/><F56/><W98/><G98/><T32/><REACH who="0" step="1"/><D12/><REACH who="0" ten="200,201,220,369" step="2"/><U55/><E107/><V51/><F13/><N who="3" m="9583" /><G111/><T77/><AGARI ba="0,1" hai="14,18,21,24,30,32,41,43,63,65,70,77,83,84" machi="77" ten="20,5200,0" yaku="1,1,0,1,7,1,52,1,53,0" doraHai="27" doraHaiUra="123" who="0" fromWho="0" sc="200,62,201,-13,220,-26,369,-13" /><INIT seed="3,0,0,1,4,83" ten="262,188,194,356" oya="3" hai0="85,79,57,104,117,122,12,75,6,94,58,13,105" hai1="51,87,7,18,27,110,59,10,123,30,92,78,118" hai2="8,52,126,106,1,45,135,3,130,107,91,48,44" hai3="98,41,96,132,103,108,31,37,35,127,21,56,50"/><W9/><G132/><T22/><D122/><U63/><E110/><V32/><F135/><W14/><G127/><T29/><D75/><U93/><E123/><V0/><F126/><W74/><G74/><T129/><D117/><U82/><E118/><V70/><F130/><W97/><G108/><T109/><D109/><U19/><E51/><V39/><F32/><W68/><G68/><T49/><D105/><U133/><E133/><V80/><F70/><W33/><G103/><T115/><D104/><U90/><E93/><V17/><F39/><W54/><G37/><T89/><D79/><U15/><E30/><V20/><F45/><W100/><G100/><T28/><D129/><U16/><E27/><V102/><F102/><W24/><REACH who="3" step="1"/><G41/><REACH who="3" ten="262,188,194,346" step="2"/><T47/><D115/><U55/><REACH who="1" step="1"/><E7/><AGARI ba="0,1" hai="7,9,14,21,24,31,33,35,50,54,56,96,97,98" machi="7" ten="40,3900,0" yaku="1,1,2,1,53,0" doraHai="83" doraHaiUra="128" who="3" fromWho="1" sc="262,0,188,-39,194,0,346,49" /><INIT seed="3,1,0,3,3,111" ten="262,149,194,395" oya="3" hai0="13,85,29,27,50,55,17,36,132,16,74,7,35" hai1="39,52,134,19,112,67,57,38,4,9,105,10,76" hai2="47,71,108,80,3,87,77,18,110,129,96,60,75" hai3="86,99,133,92,114,21,73,89,101,22,109,122,120"/><W23/><G109/><N who="2" m="42089" /><F3/><W70/><G133/><T69/><D69/><U117/><E105/><V42/><F129/><W43/><G70/><T51/><D36/><U32/><E32/><V33/><F33/><W1/><G1/><T95/><D74/><U40/><E117/><V81/><F96/><W25/><G73/><T53/><D132/><U72/><E134/><V116/><F18/><W131/><G131/><T34/><D34/><U49/><E67/><N who="2" m="41447" /><F116/><W45/><G114/><T119/><D119/><U78/><E19/><V58/><F58/><W6/><G6/><T28/><D7/><U127/><E127/><V62/><F62/><W83/><REACH who="3" step="1"/><G25/><REACH who="3" ten="262,149,194,385" step="2"/><T93/><D27/><U46/><E112/><V118/><F118/><W5/><G5/><T82/><D13/><U98/><E4/><V135/><F135/><W8/><G8/><T115/><D115/><U31/><E9/><V107/><F107/><W125/><G125/><T56/><D35/><U26/><E10/><V113/><F113/><W68/><G68/><T11/><D11/><U126/><E126/><V24/><F24/><W124/><G124/><T2/><D2/><U128/><E128/><V88/><F42/><W41/><G41/><T103/><D55/><U59/><E72/><V79/><F79/><W44/><G44/><AGARI ba="1,1" hai="44,47,75,77,80,81,87,88" m="41447,42089" machi="44" ten="30,2000,0" yaku="14,1,54,1" doraHai="111" who="2" fromWho="3" sc="262,0,149,0,194,33,385,-23" /><INIT seed="4,0,0,0,2,44" ten="262,149,227,362" oya="0" hai0="13,77,107,4,61,12,127,23,39,99,19,58,130" hai1="73,133,76,6,113,25,32,52,132,126,78,102,9" hai2="64,93,124,37,129,90,42,72,95,1,51,121,103" hai3="122,97,55,118,24,70,14,46,96,87,59,38,134"/><T86/><D39/><U8/><E113/><V79/><F121/><W104/><G118/><T53/><D130/><U94/><E126/><V92/><F1/><W28/><G70/><T43/><D43/><U7/><E102/><V36/><F124/><W0/><G0/><T69/><D69/><U65/><E65/><V75/><F64/><W62/><G122/><T49/><D127/><U56/><E94/><V48/><F129/><W18/><G134/><N who="1" m="51818" /><E25/><V109/><F93/><W105/><G87/><T131/><D131/><U63/><E32/><V26/><F26/><W111/><G111/><T116/><D116/><U106/><E106/><V15/><F103/><W22/><G105/><T54/><D107/><U3/><E73/><V83/><F75/><W5/><G5/><T108/><D99/><U16/><E7/><V60/><F95/><W35/><G104/><T21/><D108/><U98/><E98/><V67/><F92/><W47/><G38/><T68/><D68/><U27/><E9/><V88/><F109/><W120/><G120/><T81/><D4/><U31/><E31/><V50/><F15/><N who="0" m="5706" /><D19/><U119/><E119/><V114/><F114/><W89/><G97/><T91/><D77/><U20/><AGARI ba="0,0" hai="3,6,8,16,20,27,52,56,63,76,78" m="51818" machi="20" ten="30,4000,0" yaku="20,1,54,2" doraHai="44" who="1" fromWho="1" sc="262,-20,149,40,227,-10,362,-10" /><INIT seed="5,0,0,5,4,91" ten="242,189,217,352" oya="1" hai0="99,15,26,48,29,46,57,121,105,87,129,41,112" hai1="59,109,60,30,45,116,12,3,43,103,124,114,34" hai2="130,37,100,61,83,96,81,89,27,5,74,76,92" hai3="95,49,111,23,120,70,0,134,24,117,65,93,38"/><U132/><E3/><V8/><F37/><W118/><G120/><T64/><D121/><U104/><E116/><N who="3" m="44650" /><G38/><T72/><D72/><U133/><E114/><V56/><F130/><W40/><G111/><T135/><D129/><U80/><E109/><V73/><F27/><W67/><G0/><T10/><D135/><N who="1" m="51787" /><E124/><V113/><F113/><W85/><G85/><T58/><D112/><U90/><E12/><V101/><F81/><W16/><G134/><T63/><D87/><N who="1" m="50535" /><E30/><V79/><F79/><W54/><G40/><T25/><D25/><U66/><E34/><V125/><F125/><W14/><G14/><T35/><D105/><U32/><E32/><V44/><F44/><N who="3" m="27943" /><G70/><T128/><D128/><U75/><E75/><V82/><F82/><W98/><G93/><T47/><D47/><U71/><E104/><V36/><F74/><W31/><G31/><T28/><D28/><U4/><E4/><V33/><F33/><W106/><G106/><T123/><D123/><U7/><E7/><V19/><F19/><W84/><G84/><T53/><D99/><U86/><E86/><V94/><F94/><W2/><G2/><T77/><D77/><U39/><E71/><V9/><F5/><W110/><G110/><T126/><D126/><U42/><E42/><V11/><REACH who="2" step="1"/><F36/><REACH who="2" ten="242,189,207,352" step="2"/><W22/><G22/><T50/><D15/><U78/><E78/><V52/><AGARI ba="0,1" hai="8,9,11,52,56,61,73,76,83,89,92,96,100,101" machi="52" ten="30,8000,1" yaku="1,1,2,1,0,1,52,1,54,1,53,0" doraHai="91" doraHaiUra="18" who="2" fromWho="2" sc="242,-20,189,-40,207,90,352,-20" /><INIT seed="6,0,0,1,5,16" ten="222,149,297,332" oya="2" hai0="66,14,30,89,53,57,27,44,67,75,108,93,87" hai1="86,31,101,12,19,69,103,90,74,81,68,70,104" hai2="8,129,24,79,123,29,42,72,88,50,48,13,23" hai3="6,130,106,107,124,76,26,119,134,118,82,3,83"/><V99/><F123/><W117/><G3/><T34/><D108/><U114/><E114/><V25/><F129/><W113/><G6/><T40/><D75/><U61/><E31/><V98/><F72/><N who="3" m="43271" /><G26/><T73/><D73/><U122/><E122/><V128/><F79/><W18/><G18/><T20/><D34/><U51/><E51/><V38/><F128/><W33/><G33/><T125/><D125/><U21/><E74/><V71/><F71/><W127/><G130/><T17/><D44/><U11/><E104/><N who="3" m="39978" /><G113/><T39/><D39/><U65/><E69/><V84/><F25/><W91/><G134/><T22/><D40/><U46/><E70/><V56/><F38/><W5/><G5/><T63/><AGARI ba="0,0" hai="14,17,20,22,27,30,53,57,63,66,67,87,89,93" machi="63" ten="20,8000,1" yaku="0,1,7,1,8,1,52,2" doraHai="16" who="0" fromWho="0" sc="222,80,149,-20,297,-40,332,-20" /><INIT seed="7,0,0,5,3,112" ten="302,129,257,312" oya="3" hai0="131,92,6,101,64,47,21,82,76,107,111,90,114" hai1="96,1,49,84,13,18,37,105,91,109,15,25,93" hai2="31,38,85,19,23,2,24,7,52,53,80,48,134" hai3="108,124,83,122,73,62,3,78,86,75,99,55,8"/><W129/><G122/><T66/><D114/><U28/><E1/><V119/><F38/><W45/><G129/><T17/><D131/><U95/><E37/><V127/><F127/><W106/><G124/><T125/><D125/><U22/><E109/><V0/><F134/><W44/><G108/><T11/><D47/><U33/><E105/><V42/><F119/><W81/><G75/><T57/><D57/><U65/><E65/><V9/><F0/><W46/><G62/><T60/><D60/><U89/><REACH who="1" step="1"/><E49/><REACH who="1" ten="302,119,257,312" step="2"/><V39/><F39/><W27/><G106/><T100/><D111/><U117/><E117/><V36/><F36/><W130/><G3/><T71/><D107/><U104/><E104/><V4/><F48/><W110/><G110/><T63/><D66/><U132/><E132/><V128/><F128/><W103/><G130/><T43/><D43/><U113/><E113/><V118/><F42/><W14/><G55/><T77/><D64/><U123/><E123/><V97/><F118/><W67/><G67/><T29/><D71/><U74/><E74/><V51/><F2/><W72/><G72/><N who="0" m="43271" /><D63/><U126/><E126/><V54/><F51/><W59/><G73/><T115/><D115/><U35/><E35/><V12/><F53/><W68/><G68/><T116/><D116/><U102/><E102/><V40/><F40/><W87/><G103/><T120/><D120/><U50/><E50/><V30/><F52/><W98/><G45/><T5/><D101/><U135/><E135/><V61/><F61/><W56/><G44/><T133/><D100/><U79/><E79/><RYUUKYOKU ba="0,1" sc="302,-10,119,30,257,-10,312,-10" hai1="13,15,18,22,25,28,33,84,89,91,93,95,96" owari="292,9.0,149,-35.0,247,-15.0,312,41.0" /></mjloggm>