<mjloggm ver="2.3"><GO type="169" lobby="0"/><UN n0="%4B%45%4E%2D%4F%47%41%53" n1="%E3%82%AB%E3%83%83%E3%82%AB%E3%83%83%E3%82%AB%E3%83%83" n2="%E5%AE%9F%E5%AD%98" n3="%E3%81%8A%E3%83%BC%E3%81%9F%E3%81%91" dan="16,16,17,16" rate="2119.00,2100.24,2183.19,2118.68" sx="M,M,M,M"/><TAIKYOKU oya="0"/><INIT seed="0,0,0,5,0,77" ten="250,250,250,250" oya="0" hai0="117,72,58,4,103,46,26,28,79,97,92,39,133" hai1="93,24,59,29,31,108,84,126,118,48,69,47,102" hai2="20,78,107,16,23,27,42,66,33,110,135,128,15" hai3="106,8,89,19,60,63,91,32,116,43,2,53,111"/><T101/><D117/><U123/><E108/><V112/><F112/><W34/><G106/><T121/><D121/><U87/><E118/><V64/><F107/><W115/><G111/><T122/><D122/><U73/><E123/><V9/><F110/><W1/><G43/><T3/><D133/><U13/><E69/><V131/><F33/><W71/><G71/><T21/><D58/><U44/><E126/><V104/><F104/><W14/><G115/><T70/><D70/><U105/><E73/><V51/><F135/><W25/><G116/><T127/><D127/><U18/><E59/><V56/><F23/><W109/><G109/><T11/><D103/><U96/><E105/><V125/><F125/><W49/><G2/><T52/><D39/><U5/><E5/><V80/><F128/><W12/><G1/><T88/><D101/><U113/><E47/><V119/><F131/><W124/><G32/><T82/><REACH who="0" step="1"/><D52/><REACH who="0" ten="240,250,250,250" step="2"/><U17/><E113/><V55/><F119/><W98/><G53/><T22/><D22/><U120/><E120/><V74/><REACH who="2" step="1"/><F42/><REACH who="2" ten="240,250,240,250" step="2"/><W35/><G124/><T85/><D85/><U68/><E87/><V38/><F38/><W83/><G34/><T130/><D130/><U81/><E84/><V40/><F40/><W36/><G36/><T75/><D75/><U61/><E44/><AGARI ba="0,2" hai="3,4,11,21,26,28,44,46,72,79,82,88,92,97" machi="44" ten="40,7700,0" yaku="1,1,52,1,54,1,53,0" doraHai="77" doraHaiUra="65" who="0" fromWho="1" sc="240,97,250,-77,240,0,250,0" /><INIT seed="0,1,0,5,2,34" ten="337,173,240,250" oya="0" hai0="87,18,56,47,90,39,105,14,104,65,97,32,16" hai1="92,94,120,135,95,54,112,116,55,108,107,49,71" hai2="22,17,101,42,48,74,114,106,35,40,76,66,81" hai3="79,132,129,27,64,113,24,109,53,26,41,121,6"/><T131/><D131/><U57/><E108/><V21/><F114/><W100/><G109/><T134/><D134/><U30/><E116/><V122/><F122/><W110/><G110/><T44/><D32/><U80/><E120/><V123/><F123/><W2/><G100/><T33/><D33/><U60/><E135/><V91/><F35/><W58/><G121/><T128/><D128/><U73/><E112/><V0/><F21/><W3/><G6/><T63/><D18/><U117/><E107/><V103/><F0/><W50/><G113/><T7/><D7/><U5/><E117/><V23/><F23/><W115/><G115/><T133/><D133/><U31/><E5/><V51/><F66/><W89/><G129/><T46/><D97/><U45/><REACH who="1" step="1"/><E71/><REACH who="1" ten="337,163,240,250" step="2"/><V4/><F4/><W62/><G132/><T124/><D124/><U69/><E69/><V93/><F106/><W86/><G79/><AGARI ba="1,1" hai="30,31,45,49,54,55,57,60,73,79,80,92,94,95" machi="79" ten="40,5200,0" yaku="1,1,53,2" doraHai="34" doraHaiUra="25" who="1" fromWho="3" sc="337,0,163,65,240,0,250,-55" /><INIT seed="1,0,0,4,2,95" ten="337,228,240,195" oya="1" hai0="54,30,58,29,50,10,25,63,114,14,106,87,71" hai1="46,57,111,109,89,42,17,90,122,70,115,110,116" hai2="113,66,117,93,102,48,19,88,47,98,86,123,77" hai3="34,26,69,85,45,27,72,18,118,83,40,104,33"/><U82/><E70/><V37/><F117/><W126/><G72/><T32/><D114/><U52/><E116/><V108/><F123/><W84/><G69/><T2/><D2/><U6/><E115/><V0/><F113/><W15/><G118/><T38/><D38/><N who="1" m="21847" /><E122/><V21/><F108/><W101/><G85/><T74/><D74/><U119/><E119/><V5/><F37/><W24/><G126/><T107/><D30/><U129/><E129/><V1/><F77/><W22/><G104/><T31/><D31/><U68/><E68/><V13/><F5/><W67/><G67/><T79/><D79/><U36/><E36/><V62/><F62/><W56/><G56/><T61/><D87/><U124/><E124/><V16/><F19/><W3/><G101/><T78/><D78/><U99/><E6/><V80/><F66/><W64/><G64/><T55/><D71/><U105/><E82/><V134/><F134/><W73/><G3/><T7/><D63/><N who="1" m="36263" /><E17/><V23/><F23/><W130/><G73/><T127/><D127/><U44/><E44/><AGARI ba="0,0" hai="7,10,14,25,29,32,44,50,54,55,58,61,106,107" machi="44" ten="30,1000,0" yaku="7,1" doraHai="95" who="0" fromWho="1" sc="337,10,228,-10,240,0,195,0" /><INIT seed="2,0,0,5,5,34" ten="347,218,240,195" oya="2" hai0="43,59,82,25,2,17,19,109,91,86,108,111,35" hai1="31,117,30,81,5,124,99,67,88,9,115,69,77" hai2="107,51,103,100,4,40,84,14,33,1,129,48,110" hai3="90,106,7,27,38,72,62,80,101,13,130,21,104"/><V22/><F33/><W135/><G38/><T3/><D43/><U24/><E115/><V132/><F129/><W120/><G120/><T98/><D98/><U12/><E117/><V52/><F132/><W37/><G37/><T68/><D68/><U54/><E124/><V116/><F116/><W121/><G121/><T131/><D131/><U79/><E69/><V60/><F110/><W58/><G135/><T46/><D59/><U64/><E54/><V26/><F1/><N who="0" m="10" /><D46/><U63/><E63/><V114/><F114/><W16/><G101/><T128/><D128/><U39/><E39/><V41/><F107/><W70/><G70/><T18/><D35/><U83/><E79/><V94/><F60/><W11/><G130/><T8/><D25/><U65/><E77/><V89/><F41/><W6/><G6/><T87/><D87/><U57/><E57/><V28/><F48/><W71/><G71/><T105/><D105/><U123/><E123/><V125/><F40/><W73/><G72/><T102/><D102/><U96/><E24/><V55/><F55/><W126/><G104/><T93/><D93/><N who="1" m="56359" /><E99/><V15/><F4/><W23/><G106/><T42/><D42/><U134/><E134/><V53/><F53/><W122/><G122/><T61/><D61/><U56/><E56/><V74/><F74/><W112/><G112/><T0/><D0/><U29/><AGARI ba="0,0" hai="5,9,12,29,30,31,64,65,67,81,83" m="56359" machi="29" ten="30,2000,0" yaku="8,1,54,1" doraHai="34" who="1" fromWho="1" sc="347,-5,218,20,240,-10,195,-5" /><INIT seed="3,0,0,0,0,1" ten="342,238,230,190" oya="3" hai0="101,4,42,89,71,114,59,78,31,38,135,96,73" hai1="14,92,107,63,58,105,43,3,118,116,134,88,28" hai2="41,6,15,19,72,21,35,119,117,69,80,24,74" hai3="36,87,65,23,126,106,49,66,111,128,0,8,34"/><W5/><G36/><T54/><D71/><U56/><E3/><V32/><F69/><W100/><G34/><T93/><D135/><U102/><E134/><V113/><F41/><W76/><G126/><T131/><D131/><U97/><E28/><V109/><F80/><W91/><G76/><T124/><D124/><U18/><E43/><V86/><F86/><W133/><G133/><T50/><D114/><U84/><E107/><V68/><F68/><W115/><G115/><T33/><D33/><N who="2" m="12874" /><F74/><W70/><G128/><T98/><D31/><U83/><E83/><V17/><F72/><W60/><G65/><T7/><D78/><U127/><E127/><V103/><F103/><W99/><G23/><T94/><REACH who="0" step="1"/><D73/><REACH who="0" ten="332,238,230,190" step="2"/><U122/><E116/><V81/><F113/><W57/><G111/><T125/><D125/><U51/><E118/><V121/><F109/><W130/><G130/><T123/><D123/><U2/><E122/><V53/><F121/><W67/><G70/><T85/><D85/><U64/><E84/><V62/><F119/><W10/><G66/><T45/><AGARI ba="0,1" hai="4,7,38,42,45,50,54,59,89,93,94,96,98,101" machi="45" ten="30,8000,1" yaku="1,1,0,1,52,2,53,1" doraHai="1" doraHaiUra="39" who="0" fromWho="0" sc="332,90,238,-20,230,-20,190,-40" /><INIT seed="4,0,0,5,2,40" ten="422,218,210,150" oya="0" hai0="93,21,37,126,130,36,121,104,39,43,105,59,54" hai1="95,128,117,107,56,131,62,6,27,12,114,7,81" hai2="100,14,57,99,120,125,53,61,92,86,122,82,113" hai3="91,118,11,19,31,103,33,49,25,111,3,73,115"/><T135/><D121/><U97/><E117/><V18/><F113/><W15/><G73/><T41/><D130/><N who="1" m="49707" /><E107/><V69/><F69/><W90/><G118/><T94/><D126/><U108/><E108/><V101/><F125/><W75/><G75/><T132/><D21/><U45/><E81/><V8/><REACH who="2" step="1"/><F100/><REACH who="2" ten="422,218,200,150" step="2"/><W65/><G115/><T63/><D105/><U67/><E114/><V110/><F110/><W0/><G111/><T72/><D104/><U38/><E6/><V2/><F2/><W96/><G0/><T55/><D39/><U5/><E38/><V50/><F50/><W124/><G124/><T23/><D37/><U17/><E5/><V58/><F58/><W87/><G3/><T26/><D59/><U52/><E7/><V84/><F84/><W42/><G87/><T78/><D72/><U28/><E56/><V127/><F127/><W85/><G85/><T116/><D36/><U109/><E109/><V102/><F102/><W119/><G119/><T51/><D116/><U80/><E97/><V44/><F44/><W32/><G32/><T77/><D51/><U60/><E45/><V13/><F13/><W66/><G90/><AGARI ba="0,1" hai="8,14,18,53,57,61,82,86,90,92,99,101,120,122" machi="90" ten="30,3900,0" yaku="1,1,7,1,53,1" doraHai="40" doraHaiUra="76" who="2" fromWho="3" sc="422,0,218,0,200,49,150,-39" /><INIT seed="5,0,0,3,2,107" ten="422,218,249,111" oya="1" hai0="61,129,32,15,112,21,44,78,90,122,130,22,59" hai1="125,73,97,85,99,23,89,54,55,58,91,103,94" hai2="46,28,87,126,128,108,118,74,77,2,68,3,84" hai3="17,66,117,52,43,5,114,106,24,79,35,34,39"/><U110/><E125/><V19/><F108/><W37/><G106/><T53/><D112/><U1/><E73/><V6/><F118/><W124/><G117/><T16/><D122/><U86/><E110/><V83/><F68/><W12/><G114/><T71/><D32/><U38/><E1/><V72/><F28/><W41/><G66/><T4/><D4/><U82/><E38/><V69/><F69/><W120/><G120/><T11/><D71/><U88/><E23/><V92/><F128/><N who="0" m="49258" /><D90/><U62/><E54/><V18/><F46/><W31/><G35/><T56/><D78/><U30/><E30/><V96/><F126/><W57/><G5/><T101/><D101/><U47/><E47/><V113/><F113/><W100/><G100/><T27/><D22/><U13/><E13/><V116/><F116/><W121/><G121/><T105/><D105/><U67/><E67/><V10/><F2/><W36/><G79/><T123/><D123/><U95/><REACH who="1" step="1"/><E82/><REACH who="1" ten="422,208,249,111" step="2"/><V60/><F83/><W111/><G124/><T9/><D44/><U63/><E63/><V65/><F60/><W98/><G111/><T133/><D133/><U51/><E51/><V45/><F45/><W33/><G33/><T131/><D131/><U134/><E134/><V8/><F65/><W76/><G39/><T109/><D109/><U49/><E49/><V81/><F81/><W48/><G37/><T93/><D15/><U40/><E40/><V20/><F20/><N who="3" m="11303" /><G36/><T70/><D70/><U75/><E75/><V127/><F127/><W135/><G135/><T80/><D80/><U119/><E119/><RYUUKYOKU ba="0,1" sc="422,-10,208,30,249,-10,111,-10" hai1="55,58,62,85,86,88,89,91,94,95,97,99,103" /><INIT seed="5,1,1,5,3,23" ten="412,238,239,101" oya="1" hai0="63,133,83,33,2,106,9,93,16,41,19,57,103" hai1="122,3,96,60,104,75,132,129,37,110,118,125,126" hai2="6,55,51,35,40,100,42,36,4,20,112,68,84" hai3="50,127,46,14,8,5,58,113,111,88,92,7,77"/><U90/><E60/><V39/><F35/><W79/><G127/><T114/><D133/><U73/><E90/><V121/><F68/><W128/><G128/><T52/><D114/><U18/><E18/><V53/><F121/><W17/><G113/><T27/><D106/><U107/><E96/><V80/><F100/><W82/><G111/><T48/><D33/><U116/><E129/><V0/><F0/><W44/><G58/><T26/><D2/><U47/><E3/><V109/><F109/><W120/><G120/><T86/><D93/><U54/><E54/><V12/><F112/><W62/><G62/><T78/><D103/><U87/><E87/><V22/><F84/><W135/><G135/><T38/><D38/><U10/><E10/><V71/><F71/><W108/><G108/><T91/><D78/><U24/><E132/><V15/><F51/><W123/><G123/><T72/><D72/><U134/><E134/><V89/><F80/><W130/><G130/><T66/><D41/><N who="1" m="22959" /><E110/><V85/><F85/><W99/><G44/><N who="0" m="27655" /><D19/><U102/><E122/><V67/><F89/><W45/><G46/><T34/><D34/><U65/><E73/><V97/><F36/><W56/><G56/><T64/><D64/><U117/><E65/><V43/><F67/><W11/><G82/><T29/><D29/><U61/><E75/><V95/><F39/><W49/><G49/><T28/><D28/><U101/><E61/><V1/><F43/><W115/><G115/><T25/><D25/><U30/><E107/><V21/><F42/><N who="3" m="24887" /><G7/><T74/><D74/><U76/><E104/><RYUUKYOKU ba="1,1" sc="412,15,238,-15,239,-15,101,15" hai0="9,16,26,27,57,63,66,83,86,91" hai3="5,8,11,14,17,77,79,88,92,99" /><INIT seed="6,2,1,5,3,89" ten="427,223,224,116" oya="2" hai0="82,113,104,63,98,7,61,47,93,95,40,128,29" hai1="62,110,33,54,133,81,51,60,15,19,109,126,66" hai2="120,131,52,16,87,1,72,121,117,4,103,70,101" hai3="112,8,86,132,64,5,115,124,79,43,41,28,36"/><V56/><F72/><W37/><G28/><T20/><D128/><U107/><E126/><V6/><F117/><W90/><G79/><T80/><D113/><N who="3" m="43593" /><G64/><T24/><D104/><U18/><E133/><V13/><F131/><W35/><G35/><T106/><D106/><U25/><E107/><V83/><F70/><W94/><G132/><T0/><D7/><N who="2" m="2602" /><F121/><W78/><G78/><T123/><D123/><U99/><E99/><V108/><F1/><N who="3" m="47" /><G124/><T26/><D26/><U10/><E66/><V127/><F108/><W73/><G73/><T49/><D0/><U125/><E125/><V38/><F38/><AGARI ba="2,1" hai="36,37,38,41,43,86,90,94" m="47,43593" machi="38" ten="30,3900,0" yaku="15,1,11,1,52,1" doraHai="89" who="3" fromWho="2" sc="427,0,223,0,224,-45,116,55" /><INIT seed="7,0,0,4,5,43" ten="427,223,179,171" oya="3" hai0="78,61,112,70,3,121,103,2,53,127,68,75,41" hai1="62,22,42,79,19,105,20,55,115,107,36,86,88" hai2="71,35,44,11,48,109,66,119,58,85,63,101,100" hai3="64,21,1,129,98,116,76,82,134,97,91,96,16"/><W118/><G1/><T117/><D103/><U46/><E115/><V110/><F119/><W81/><G129/><T72/><D78/><U83/><E22/><V89/><F35/><W133/><G64/><T6/><D53/><U12/><E55/><V124/><F124/><W45/><G91/><T52/><D52/><U25/><E62/><V69/><F101/><W111/><G111/><T57/><D6/><U67/><E67/><V135/><F100/><W30/><G30/><T29/><D41/><U84/><E25/><V50/><F135/><N who="3" m="51723" /><G45/><T26/><D29/><U33/><E33/><V56/><F109/><W39/><G39/><T28/><D28/><U18/><E18/><V132/><F110/><W125/><G125/><T47/><D47/><U73/><E73/><V92/><F132/><W8/><G8/><T106/><D3/><U37/><E37/><V90/><F44/><W34/><G34/><T95/><D2/><U13/><E13/><V4/><F11/><W27/><G81/><AGARI ba="0,0" hai="12,19,20,36,42,46,79,81,83,84,86,88,105,107" machi="81" ten="30,3900,0" yaku="7,1,52,1,54,1" doraHai="43" who="1" fromWho="3" sc="427,0,223,39,179,0,171,-39" owari="427,53.0,262,6.0,179,-22.0,132,-37.0" /></mjloggm>