<mjloggm ver="2.3"><GO type="185" lobby="0"/><UN n0="%E3%82%BF%E3%83%AD%E3%81%95" n1="%E3%81%BE%E3%81%A3%E3%81%97%E3%83%BC" n2="%E3%82%A2%E3%83%AA%E3%82%A2%E3%83%AA%E5%90%9B" n3="" dan="16,16,16,0" rate="2103.71,2256.71,2205.24,1500.00" sx="M,F,M,C"/><TAIKYOKU oya="0"/><INIT seed="0,0,0,3,4,135" ten="350,350,350,0" oya="0" hai0="87,134,46,37,52,60,110,95,43,96,91,113,49" hai1="66,42,132,94,118,119,41,61,122,104,67,44,59" hai2="116,115,90,0,1,3,100,121,88,117,75,51,54" hai3=""/><T124/><D113/><U38/><N who="1" m="31264" /><U84/><E104/><V108/><N who="2" m="31008" /><V107/><F115/><T53/><D134/><U65/><E132/><V86/><F75/><T85/><D110/><U126/><E94/><V33/><F33/><T101/><D87/><U80/><E41/><V74/><F74/><T125/><D60/><U69/><E126/><N who="0" m="48745" /><D49/><U97/><E97/><V99/><F108/><T48/><D37/><U68/><E80/><AGARI ba="0,0" hai="43,46,48,52,53,80,85,91,95,96,101" m="48745" machi="80" ten="30,12000,1" yaku="18,1,52,3,54,1" doraHai="135" who="0" fromWho="1" sc="350,120,350,-120,350,0,0,0" /><INIT seed="0,1,0,3,0,88" ten="470,230,350,0" oya="0" hai0="1,32,134,122,127,98,86,44,71,135,57,36,61" hai1="105,77,38,93,113,50,124,62,97,94,66,89,40" hai2="103,59,48,85,34,129,60,65,49,126,72,99,116" hai3=""/><T68/><N who="0" m="31264" /><T87/><D32/><U55/><E124/><V132/><F126/><T3/><D127/><U76/><E105/><V100/><F34/><T115/><D115/><U131/><E113/><V67/><F72/><T84/><D98/><U133/><E131/><V92/><F129/><T120/><N who="0" m="30752" /><T119/><D119/><U35/><E35/><V123/><N who="2" m="31520" /><V69/><F132/><N who="0" m="50730" /><D44/><U101/><E40/><V104/><F100/><T82/><D82/><U128/><E38/><V41/><F41/><T121/><N who="0" m="31008" /><T90/><D90/><U0/><E128/><V106/><F116/><T56/><D36/><U53/><E133/><V58/><F106/><T73/><D73/><U111/><E77/><V64/><F104/><T39/><D39/><U51/><E76/><V110/><F99/><T117/><D117/><U118/><E97/><V112/><F112/><T95/><D95/><U107/><E94/><V80/><F92/><T2/><D57/><U63/><E93/><V78/><F58/><T43/><D43/><U114/><E107/><V74/><F59/><T45/><D45/><U81/><E118/><V42/><F74/><T125/><D125/><U33/><E114/><V109/><F42/><T47/><D47/><RYUUKYOKU ba="1,0" sc="470,20,230,-10,350,-10,0,0" hai0="1,2,3,56,61,68,71,84,86,87" /><INIT seed="0,2,0,5,5,96" ten="490,220,340,0" oya="0" hai0="55,46,97,131,58,70,78,124,37,81,52,41,79" hai1="126,134,116,63,111,107,54,67,43,76,40,89,38" hai2="3,59,120,112,33,48,85,49,105,115,66,74,1" hai3=""/><T95/><D124/><U121/><E107/><V60/><N who="2" m="30752" /><V104/><F33/><T2/><D70/><U86/><N who="1" m="31008" /><U44/><E116/><V36/><F36/><T114/><D114/><U84/><E126/><V45/><F74/><T51/><D131/><U64/><E134/><V106/><F85/><T42/><D2/><U93/><E111/><V53/><REACH who="2" step="1"/><F49/><REACH who="2" ten="490,220,330,0" step="2"/><T118/><D37/><U75/><E75/><V92/><F92/><T87/><D118/><U119/><E119/><V133/><F133/><T50/><D79/><U71/><E76/><V108/><F108/><T103/><AGARI ba="2,1" hai="41,42,46,50,51,52,55,58,78,81,87,95,97,103" machi="103" ten="20,8000,1" yaku="0,1,7,1,8,1,52,1,54,1" doraHai="96" who="0" fromWho="0" sc="490,94,220,-42,330,-42,0,0" /><INIT seed="0,3,0,3,0,34" ten="584,178,288,0" oya="0" hai0="78,75,32,102,52,51,118,61,38,93,43,101,79" hai1="58,40,130,80,124,53,135,123,85,56,69,41,99" hai2="86,1,111,2,68,35,106,76,109,112,36,92,48" hai3=""/><T129/><D118/><U104/><N who="1" m="31520" /><U50/><E69/><V82/><F106/><T45/><D32/><U103/><E124/><V116/><F35/><T37/><D129/><U120/><N who="1" m="30752" /><U70/><E70/><V115/><F116/><T97/><D38/><U71/><E71/><V42/><F36/><T132/><D132/><U46/><E135/><V94/><F68/><T63/><D102/><U77/><E130/><V128/><F128/><T110/><D110/><N who="2" m="41994" /><F42/><T96/><D96/><U113/><E113/><N who="2" m="43595" /><F48/><T3/><D3/><AGARI ba="3,0" hai="1,2,3,76,82,86,92,94" m="43595,41994" machi="3" ten="40,8000,1" yaku="14,1,52,3" doraHai="34" who="2" fromWho="0" sc="584,-86,178,0,288,86,0,0" /><INIT seed="1,0,0,3,3,92" ten="498,178,374,0" oya="1" hai0="45,48,73,78,3,51,69,53,95,35,44,135,52" hai1="118,108,109,89,98,68,33,97,121,117,76,66,88" hai2="103,112,113,84,134,110,93,99,131,67,102,133,101" hai3=""/><U40/><N who="1" m="31008" /><U37/><E33/><V60/><F110/><N who="1" m="42601" /><E66/><V130/><F67/><T2/><D135/><N who="2" m="51722" /><F84/><T47/><D69/><U39/><E68/><V120/><N who="2" m="30752" /><V127/><F60/><T79/><D35/><U50/><E50/><V85/><F85/><T86/><D73/><U107/><E76/><V41/><F41/><T114/><D114/><N who="2" m="44138" /><F127/><T94/><D47/><U36/><E40/><V116/><F116/><N who="1" m="44649" /><E107/><V91/><AGARI ba="0,0" hai="91,93,99,101,102,103,130,131" m="44138,30752,51722" machi="91" ten="40,9000,2" yaku="20,1,11,1,34,2,52,2" doraHai="92" who="2" fromWho="2" sc="498,-30,178,-60,374,90,0,0" /><INIT seed="2,0,0,1,2,2" ten="468,118,464,0" oya="2" hai0="82,126,40,52,117,119,43,114,76,101,44,35,124" hai1="58,1,120,57,100,72,121,36,122,104,79,90,59" hai2="34,33,46,134,42,96,0,110,78,70,97,84,93" hai3=""/><V61/><F0/><T41/><D101/><U109/><N who="1" m="30752" /><U83/><N who="1" m="31008" /><U130/><N who="1" m="31264" /><U54/><E1/><V89/><F134/><T62/><D114/><U53/><E36/><V51/><F110/><T73/><D35/><U106/><E109/><V113/><F113/><T49/><REACH who="0" step="1"/><D62/><REACH who="0" ten="458,118,464,0" step="2"/><U65/><E130/><V128/><F128/><T88/><D88/><U74/><E65/><V129/><F129/><T64/><D64/><U48/><E100/><V94/><F61/><T67/><D67/><U99/><E106/><V98/><F70/><T55/><D55/><U86/><E53/><V87/><F78/><T116/><AGARI ba="0,1" hai="40,41,43,44,49,52,73,76,82,116,117,119,124,126" machi="116" ten="40,6000,1" yaku="1,1,0,1,54,1,53,1" doraHai="2" doraHaiUra="107" who="0" fromWho="0" sc="458,70,118,-20,464,-40,0,0" /><INIT seed="4,0,0,1,4,32" ten="528,98,424,0" oya="0" hai0="3,113,75,38,66,88,84,124,98,53,126,51,56" hai1="109,63,111,50,55,59,82,70,118,133,115,128,37" hai2="44,120,78,83,99,49,108,122,60,67,91,131,89" hai3=""/><T65/><D113/><U47/><E118/><V110/><N who="2" m="30752" /><V2/><N who="2" m="31264" /><V54/><F2/><T33/><D75/><U85/><E115/><V36/><F36/><T95/><D33/><U112/><E112/><V64/><F131/><T103/><D38/><U69/><E128/><V81/><F67/><T86/><D86/><U52/><E133/><V35/><F35/><T58/><D3/><U135/><E135/><V116/><F116/><T62/><REACH who="0" step="1"/><D66/><REACH who="0" ten="518,98,424,0" step="2"/><U57/><E85/><V48/><F108/><N who="1" m="41545" /><E82/><AGARI ba="0,1" hai="51,53,56,58,62,65,82,84,88,95,98,103,124,126" machi="82" ten="40,7700,0" yaku="1,1,54,1,53,1" doraHai="32" doraHaiUra="80" who="0" fromWho="1" sc="518,87,98,-77,424,0,0,0" /><INIT seed="4,1,0,5,2,81" ten="605,21,424,0" oya="0" hai0="96,67,128,42,62,92,90,51,0,95,82,109,71" hai1="89,112,50,76,113,111,100,135,115,32,34,66,78" hai2="94,123,3,116,130,105,61,101,98,2,64,126,86" hai3=""/><T48/><D128/><U122/><N who="1" m="31264" /><U38/><E38/><V129/><N who="2" m="31520" /><V65/><F116/><T84/><D0/><U121/><N who="1" m="31008" /><U88/><E111/><V56/><F126/><T40/><D109/><U73/><E135/><V117/><F117/><T119/><D119/><U79/><E73/><V97/><F65/><T46/><D96/><U133/><E133/><V80/><F129/><T69/><D71/><U60/><E50/><V58/><F56/><T72/><D72/><U35/><E100/><V87/><F87/><T74/><D74/><U53/><E53/><V39/><F39/><T45/><AGARI ba="1,0" hai="40,42,45,46,48,51,62,67,69,82,84,90,92,95" machi="45" ten="30,4000,0" yaku="0,1,9,1,52,1" doraHai="81" who="0" fromWho="0" sc="605,42,21,-21,424,-21,0,0" /><INIT seed="4,2,0,2,3,39" ten="647,0,403,0" oya="0" hai0="98,123,109,121,79,71,99,134,50,49,44,42,113" hai1="135,133,66,54,122,41,103,92,69,64,75,73,119" hai2="36,35,62,129,59,80,111,46,118,1,110,126,0" hai3=""/><T78/><N who="0" m="31008" /><T127/><N who="0" m="31520" /><T101/><D113/><U124/><N who="1" m="31264" /><U72/><E119/><V112/><F35/><T81/><D71/><U90/><E103/><V120/><N who="2" m="30752" /><V83/><F112/><T93/><D134/><N who="1" m="51211" /><E124/><V130/><F126/><T88/><D109/><U115/><E115/><V34/><F34/><T55/><D127/><U65/><E54/><V53/><F118/><T89/><D89/><U45/><E69/><V67/><F80/><T97/><D81/><U68/><E68/><V48/><F83/><T3/><D3/><U56/><E56/><V61/><F1/><T85/><REACH who="0" step="1"/><D101/><REACH who="0" ten="637,0,403,0" step="2"/><U32/><E32/><V33/><F33/><T131/><D131/><N who="2" m="50186" /><F0/><T43/><D43/><U96/><E75/><V51/><F36/><AGARI ba="2,1" hai="36,41,45,64,65,66,72,73,90,92,96" m="51211,31264" machi="36" ten="30,3900,0" yaku="20,1,52,2" doraHai="39" who="1" fromWho="2" sc="637,0,0,53,403,-43,0,0" /><INIT seed="5,0,0,4,3,113" ten="637,53,360,0" oya="1" hai0="88,46,34,115,0,48,67,95,50,128,82,119,49" hai1="44,41,74,108,45,102,38,53,73,81,80,33,120" hai2="96,123,98,57,75,63,62,125,109,135,1,77,124" hai3=""/><U111/><N who="1" m="30752" /><U76/><E33/><V43/><N who="2" m="31520" /><V105/><F1/><T51/><D115/><U68/><E68/><V104/><F109/><N who="1" m="42057" /><E102/><V69/><F43/><T85/><D128/><U36/><E53/><V58/><F77/><T71/><D0/><U117/><E117/><V42/><F42/><T87/><D34/><U90/><E90/><V100/><F75/><N who="1" m="28681" /><E76/><V84/><F69/><T126/><D119/><U56/><E56/><V129/><F129/><T70/><D67/><U86/><E86/><V127/><F84/><T66/><D66/><U110/><N who="1" m="42065" /><U99/><DORA hai="35" /><E99/><V132/><F127/><T3/><D126/><U131/><E131/><V2/><F100/><T52/><REACH who="0" step="1"/><D3/><REACH who="0" ten="627,53,360,0" step="2"/><U121/><N who="1" m="31008" /><U61/><E61/><V130/><F2/><T118/><D118/><U122/><N who="1" m="31264" /><U133/><E133/><V116/><F130/><T39/><D39/><N who="1" m="14891" /><E44/><V92/><F116/><T65/><D65/><U60/><E60/><V107/><F125/><T134/><D134/><U93/><E93/><V47/><F124/><T72/><D72/><U97/><E97/><V114/><F96/><T40/><D40/><U79/><E79/><AGARI ba="0,1" hai="46,48,49,50,51,52,70,71,79,82,85,87,88,95" machi="79" ten="40,8000,1" yaku="1,1,54,2,53,2" doraHai="113,35" doraHaiUra="83,106" who="0" fromWho="1" sc="627,90,53,-80,360,0,0,0" owari="717,67.0,-27,-63.0,360,-4.0,0,0.0" /></mjloggm>