<mjloggm ver="2.3"><GO type="185" lobby="0"/><UN n0="%6A%68%6B%6C%3B%2E%3A%2F" n1="%E3%81%9F%E3%81%BE%E3%82%89%E3%82%93%E3%82%AC%E3%83%83%E3%83%91" n2="%E3%82%AA%E3%83%A0%E3%81%82%E3%82%93%E3%81%93" n3="" dan="16,16,16,0" rate="2147.85,2132.86,2150.21,1500.00" sx="F,M,M,C"/><TAIKYOKU oya="0"/><INIT seed="0,0,0,5,5,34" ten="350,350,350,0" oya="0" hai0="41,1,119,68,120,55,72,46,3,66,40,56,91" hai1="97,90,51,80,113,59,50,70,2,71,116,37,131" hai2="104,98,36,73,122,114,106,43,105,82,42,118,81" hai3=""/><T85/><N who="0" m="30752" /><T67/><D119/><U33/><E33/><V89/><N who="2" m="31264" /><V107/><F114/><T57/><D72/><U47/><E116/><V126/><F118/><T123/><N who="0" m="31520" /><T99/><D99/><U96/><E113/><V78/><F126/><T44/><D68/><U108/><E108/><V39/><F104/><T65/><D55/><U49/><E2/><N who="0" m="521" /><D91/><U124/><E124/><V54/><F54/><T111/><D85/><U86/><E71/><V38/><F98/><T48/><D111/><U45/><E70/><V128/><F89/><T121/><N who="0" m="31008" /><T117/><D48/><U0/><E50/><V110/><F110/><T53/><D53/><U35/><E0/><V63/><F106/><T100/><D100/><U62/><E97/><V76/><F36/><T115/><D115/><U84/><E37/><V77/><F73/><T93/><D93/><U103/><E96/><V125/><F125/><T101/><D101/><U127/><E103/><V134/><F39/><T112/><D112/><U58/><E127/><V95/><F38/><T129/><D129/><U83/><E131/><V88/><F88/><T69/><D69/><U92/><E90/><V87/><F128/><T74/><D74/><U130/><E130/><RYUUKYOKU ba="0,0" sc="350,0,350,0,350,0,0,0" /><INIT seed="1,1,0,4,0,35" ten="350,350,350,0" oya="1" hai0="67,84,117,38,60,44,63,128,89,92,39,108,47" hai1="74,80,2,109,34,71,116,105,125,76,51,130,112" hai2="50,61,40,45,124,127,70,103,49,78,1,110,120" hai3=""/><U101/><RYUUKYOKU type="yao9" ba="1,0" sc="350,0,350,0,350,0,0,0" hai1="2,34,51,71,74,76,80,101,105,109,112,116,125,130" /><INIT seed="1,2,0,1,5,117" ten="350,350,350,0" oya="1" hai0="131,41,2,102,95,84,60,48,47,100,79,35,77" hai1="52,103,129,73,135,109,112,53,91,71,74,66,107" hai2="125,40,39,121,70,76,62,96,32,123,55,133,118" hai3=""/><U42/><E112/><V128/><N who="2" m="31008" /><V43/><N who="2" m="31520" /><V82/><F32/><T75/><D35/><U1/><E1/><V122/><N who="2" m="31264" /><V124/><F118/><T81/><D81/><U101/><E135/><V120/><N who="2" m="30752" /><V110/><F133/><T126/><D75/><U49/><E129/><V90/><F128/><T44/><D2/><U94/><E109/><V85/><F110/><T67/><D126/><N who="2" m="48746" /><F39/><T92/><D131/><U88/><E42/><V99/><F99/><T130/><D130/><U68/><E107/><V61/><F62/><T46/><D60/><U105/><E105/><V51/><F61/><T86/><D67/><U97/><E66/><V38/><F38/><T54/><D48/><U36/><E49/><V127/><F70/><T50/><D50/><U114/><E36/><V134/><F134/><T59/><D41/><U64/><E71/><V115/><F115/><T72/><D54/><U111/><E114/><V3/><F3/><T80/><D72/><U106/><E74/><V33/><F33/><T78/><D84/><U45/><E73/><V104/><N who="2" m="48754" /><V69/><DORA hai="57" /><F69/><T119/><D86/><U83/><E68/><V63/><F63/><T89/><D119/><U87/><E64/><RYUUKYOKU ba="2,0" sc="350,0,350,0,350,0,0,0" /><INIT seed="2,3,0,0,0,116" ten="350,350,350,0" oya="2" hai0="104,72,95,36,124,107,102,128,108,99,55,103,34" hai1="97,40,53,2,41,83,132,133,45,85,35,89,3" hai2="51,106,131,57,48,119,91,70,110,61,134,93,109" hai3=""/><V94/><F106/><T60/><D34/><U77/><E35/><V82/><F119/><T87/><D36/><U62/><E62/><V84/><F70/><T118/><D118/><U81/><E53/><V66/><F134/><N who="1" m="51817" /><E40/><V47/><F131/><T76/><D108/><N who="2" m="41578" /><F51/><T33/><D33/><U69/><E69/><V135/><F135/><T125/><D128/><U68/><E68/><V122/><N who="2" m="31264" /><V96/><F96/><T98/><D55/><AGARI ba="3,0" hai="47,48,55,57,61,66,82,84,91,93,94" m="31264,41578" machi="55" ten="30,11600,0" yaku="14,1,10,1,52,2" doraHai="116" who="2" fromWho="0" sc="350,-122,350,0,350,122,0,0" /><INIT seed="2,4,0,3,4,91" ten="228,350,472,0" oya="2" hai0="121,81,103,64,118,90,1,119,32,35,120,127,131" hai1="43,99,132,113,115,92,70,74,122,128,106,66,39" hai2="107,93,114,62,3,105,124,97,38,67,101,129,49" hai3=""/><V102/><F3/><T75/><N who="0" m="30752" /><T94/><N who="0" m="31008" /><T50/><D1/><U125/><E92/><V82/><F38/><T68/><D127/><U54/><E54/><V126/><F114/><T112/><D112/><U95/><E95/><V98/><F129/><T51/><D131/><U73/><E99/><V45/><F82/><T42/><D103/><U123/><E66/><V41/><REACH who="2" step="1"/><F93/><REACH who="2" ten="228,350,462,0" step="2"/><T100/><D94/><U77/><N who="1" m="31264" /><U86/><E115/><V69/><AGARI ba="4,1" hai="41,45,49,62,67,69,97,98,101,102,105,107,124,126" machi="69" ten="30,4000,0" yaku="1,1,0,1,9,1,53,0" doraHai="91" doraHaiUra="116" who="2" fromWho="2" sc="228,-24,350,-24,462,58,0,0" /><INIT seed="2,5,0,3,2,35" ten="204,326,520,0" oya="2" hai0="114,36,51,49,96,121,131,64,3,50,60,135,109" hai1="75,44,76,124,105,85,97,56,113,93,128,68,119" hai2="46,52,100,134,82,72,123,32,63,132,54,111,94" hai3=""/><V59/><N who="2" m="31520" /><V130/><F32/><T84/><N who="0" m="31008" /><T125/><D131/><U86/><E113/><V62/><F130/><T33/><D33/><U78/><E68/><V79/><F111/><T127/><D114/><U48/><E128/><V90/><F100/><T88/><D109/><U102/><E124/><N who="0" m="47689" /><D135/><U61/><E119/><V42/><F54/><T106/><D36/><U2/><E2/><V47/><F63/><T37/><D37/><U70/><E70/><V80/><F82/><T104/><D96/><U108/><E108/><V39/><REACH who="2" step="1"/><F46/><REACH who="2" ten="204,326,510,0" step="2"/><T116/><D116/><U1/><E44/><V110/><F110/><T89/><D3/><U122/><E1/><V71/><F71/><T67/><D60/><U45/><E61/><V126/><F126/><T40/><D40/><U69/><E122/><V65/><F65/><T129/><D129/><U55/><E55/><V83/><F83/><T112/><D67/><U103/><E69/><V115/><F115/><T101/><D64/><U34/><E34/><V107/><F107/><T98/><D106/><U118/><E105/><V38/><F38/><T41/><D41/><U57/><E103/><V87/><AGARI ba="5,1" hai="39,42,47,52,59,62,72,79,80,87,90,94,132,134" m="31520" machi="87" ten="30,7800,0" yaku="1,1,0,1,52,1,54,1,53,0" doraHai="35" doraHaiUra="0" who="2" fromWho="2" sc="204,-44,326,-44,510,98,0,0" /><INIT seed="2,6,0,0,5,89" ten="160,282,608,0" oya="2" hai0="79,93,114,86,92,67,99,103,82,119,48,52,78" hai1="105,107,108,133,84,64,125,51,121,81,71,35,42" hai2="98,101,77,128,127,59,2,60,66,41,50,117,46" hai3=""/><V118/><F2/><T95/><D119/><U132/><N who="1" m="31008" /><U54/><E35/><V104/><F127/><T115/><D67/><U56/><E125/><V49/><F128/><T87/><D87/><U91/><E108/><V100/><F77/><T45/><REACH who="0" step="1"/><D79/><REACH who="0" ten="150,282,608,0" step="2"/><U83/><E133/><V40/><F118/><T124/><D124/><U106/><E132/><V113/><F117/><T130/><D130/><U85/><E42/><V76/><F76/><T75/><D75/><U126/><E126/><V39/><F41/><T110/><D110/><U80/><REACH who="1" step="1"/><E84/><REACH who="1" ten="150,272,608,0" step="2"/><V63/><F40/><T109/><D109/><U33/><E33/><V120/><F120/><T131/><D131/><U90/><E90/><V32/><F32/><T88/><D88/><U69/><E69/><V94/><F100/><T43/><D43/><U58/><E58/><V111/><F101/><T47/><D47/><U74/><E74/><V116/><F46/><T134/><D134/><U61/><AGARI ba="6,2" hai="51,54,56,61,64,71,80,81,83,85,91,105,106,107" m="31008" machi="61" ten="40,3900,0" yaku="1,1,0,1,52,1,53,0" doraHai="89" doraHaiUra="1" who="1" fromWho="1" sc="150,-19,272,71,608,-32,0,0" /><INIT seed="4,0,0,3,0,53" ten="131,343,576,0" oya="0" hai0="82,111,60,123,33,112,101,116,3,42,97,78,55" hai1="88,32,0,96,1,2,89,107,95,128,57,98,133" hai2="100,87,104,94,59,120,34,47,49,106,81,110,99" hai3=""/><T83/><D33/><U58/><E32/><V117/><N who="2" m="30752" /><V44/><F34/><T70/><D3/><U126/><E126/><V125/><F125/><T50/><N who="0" m="31520" /><T84/><D116/><U40/><E133/><V93/><F117/><T132/><D132/><U91/><E128/><V129/><F129/><T131/><D131/><U119/><E119/><V102/><F110/><T108/><D112/><U48/><E107/><V71/><F71/><T38/><D38/><U122/><N who="1" m="31264" /><U92/><E91/><V134/><F134/><T51/><D83/><U65/><E65/><V90/><F44/><AGARI ba="0,0" hai="0,1,2,40,44,48,57,58,88,89,92,95,96,98" m="31264" machi="44" ten="40,8000,1" yaku="9,1,52,3,54,1" doraHai="53" who="1" fromWho="2" sc="131,0,343,80,576,-80,0,0" /><INIT seed="5,0,0,3,1,93" ten="131,423,496,0" oya="1" hai0="53,79,33,51,2,3,105,68,101,74,87,98,61" hai1="99,80,32,67,40,46,89,42,109,56,119,114,95" hai2="94,100,116,122,110,81,71,77,107,132,44,127,37" hai3=""/><U82/><E32/><V54/><F94/><T133/><D87/><U55/><E119/><V70/><F54/><T124/><D51/><U118/><E118/><V41/><N who="2" m="31264" /><V85/><F116/><T76/><D53/><U103/><E114/><V128/><F110/><T34/><D76/><U63/><E109/><V102/><F102/><T50/><D50/><U49/><E80/><V66/><F132/><T65/><D133/><U75/><E75/><V57/><F57/><T36/><D124/><U78/><REACH who="1" step="1"/><E103/><REACH who="1" ten="131,413,496,0" step="2"/><V121/><F100/><T135/><D135/><U97/><E97/><V47/><F81/><T91/><D33/><U123/><N who="1" m="31520" /><U72/><AGARI ba="0,1" hai="40,42,46,49,55,56,63,67,72,78,82,89,95,99" m="31520" machi="72" ten="20,12000,2" yaku="1,1,4,1,0,1,7,1,52,2,53,0" doraHai="93" doraHaiUra="108" who="1" fromWho="1" sc="131,-60,413,130,496,-60,0,0" /><INIT seed="5,1,0,1,0,118" ten="71,543,436,0" oya="1" hai0="130,65,55,33,69,51,80,71,41,107,84,108,37" hai1="76,133,132,87,2,52,110,75,61,72,88,96,112" hai2="93,117,58,105,119,103,60,91,62,106,86,38,109" hai3=""/><U48/><E2/><V53/><F109/><T40/><D33/><U95/><E110/><V102/><F38/><T0/><D107/><U94/><E61/><V100/><F119/><T116/><D0/><U43/><E43/><V59/><REACH who="2" step="1"/><F117/><REACH who="2" ten="71,543,426,0" step="2"/><T81/><D116/><U34/><E34/><V123/><N who="2" m="31520" /><V83/><F83/><T57/><D108/><U126/><E126/><V125/><F125/><T3/><D3/><U74/><E112/><V92/><F92/><T127/><D127/><U77/><E133/><V47/><F47/><T131/><D37/><U46/><REACH who="1" step="1"/><E132/><REACH who="1" ten="71,533,426,0" step="2"/><V121/><N who="2" m="31008" /><V45/><F45/><T135/><D135/><U1/><E1/><V111/><F111/><T32/><D32/><U67/><E67/><AGARI ba="1,2" hai="53,58,59,60,62,67,86,91,93,100,102,103,105,106" m="31008,31520" machi="67" ten="40,8000,1" yaku="1,1,52,4,53,0" doraHai="118" doraHaiUra="78" who="2" fromWho="1" sc="71,0,533,-82,426,102,0,0" /><INIT seed="6,0,0,0,2,44" ten="71,451,528,0" oya="2" hai0="39,98,43,84,119,126,87,68,114,77,51,37,123" hai1="121,61,58,100,35,117,133,80,55,41,3,33,36" hai2="128,110,32,111,83,52,62,73,116,74,95,130,127" hai3=""/><V46/><F32/><T2/><D98/><U108/><N who="1" m="31008" /><U64/><E3/><V93/><F116/><T97/><D97/><U85/><E108/><V67/><F127/><T113/><D77/><U91/><E117/><V122/><N who="2" m="31264" /><V49/><F110/><T78/><D78/><U134/><E100/><V47/><F47/><T105/><D84/><U129/><E129/><N who="2" m="49771" /><F111/><T89/><D87/><U50/><E36/><V104/><F104/><T132/><D89/><U112/><E41/><V63/><F63/><T118/><D43/><U59/><REACH who="1" step="1"/><E112/><REACH who="1" ten="71,441,528,0" step="2"/><V92/><F83/><T135/><N who="0" m="31520" /><T38/><D2/><U109/><E109/><V65/><F65/><T102/><D102/><U96/><E96/><V69/><AGARI ba="0,1" hai="46,49,52,62,67,69,73,74,92,93,95" m="49771,31264" machi="69" ten="30,7800,0" yaku="19,1,52,2,54,1" doraHai="44" who="2" fromWho="2" sc="71,-39,441,-39,528,88,0,0" owari="32,-57.0,402,0.0,616,57.0,0,0.0" /></mjloggm>