<mjloggm ver="2.3"><GO type="185" lobby="0"/><UN n0="%63%61%6C%63%2E" n1="%68%69%72%6F%6E%6E%32%30" n2="%4A%45%54%4D%41%4E%4E" n3="" dan="19,17,16,0" rate="2396.72,2247.32,2130.66,1500.00" sx="M,M,M,C"/><TAIKYOKU oya="0"/><INIT seed="0,0,0,2,0,99" ten="350,350,350,0" oya="0" hai0="36,135,122,43,111,117,33,55,106,91,103,58,90" hai1="128,129,53,78,88,124,73,42,115,77,113,2,71" hai2="64,100,65,56,81,52,38,107,62,94,54,76,70" hai3=""/><T108/><N who="0" m="31264" /><T60/><D117/><U127/><E2/><V47/><F107/><T50/><D33/><U82/><E71/><V80/><F80/><T79/><D36/><U109/><E42/><V112/><F112/><N who="1" m="43081" /><E109/><N who="0" m="42057" /><D79/><N who="1" m="30219" /><E53/><V101/><F94/><T134/><D43/><U131/><E73/><V59/><F64/><T120/><N who="0" m="30752" /><T1/><D1/><U0/><E0/><V126/><F65/><T44/><D44/><U32/><E32/><V3/><F3/><T87/><D60/><U130/><E130/><V123/><N who="2" m="31520" /><V118/><F118/><T75/><D75/><U114/><N who="1" m="43089" /><U45/><DORA hai="51" /><E45/><V72/><F70/><T34/><D34/><U83/><E83/><V39/><F39/><T105/><D105/><U74/><E74/><V48/><REACH who="2" step="1"/><F126/><REACH who="2" ten="350,350,340,0" step="2"/><T57/><D106/><U95/><E82/><V66/><F66/><T121/><D121/><U85/><AGARI ba="0,1" hai="85,88,95,124,127,128,129,131" m="30219,43089" machi="85" ten="50,6000,1" yaku="19,1,11,1,34,2,54,1" doraHai="99,51" who="1" fromWho="1" sc="350,-40,350,70,340,-20,0,0" /><INIT seed="1,0,0,2,1,49" ten="310,420,320,0" oya="1" hai0="2,120,42,115,111,40,90,37,92,107,127,51,132" hai1="46,61,43,101,83,69,57,106,125,53,58,112,126" hai2="79,99,35,71,3,121,65,38,54,118,48,91,130" hai3=""/><U34/><E34/><V1/><N who="2" m="31008" /><V36/><F118/><T70/><D51/><U72/><E112/><V64/><F35/><T84/><D84/><U41/><E106/><V86/><F130/><T50/><D50/><U63/><E101/><V134/><F134/><T98/><D92/><U109/><E109/><V123/><N who="2" m="31520" /><V66/><F71/><T47/><D98/><U81/><E69/><V0/><F99/><T116/><D90/><U77/><E46/><V80/><REACH who="2" step="1"/><F91/><REACH who="2" ten="310,420,310,0" step="2"/><T88/><N who="0" m="30752" /><T60/><D88/><U108/><E108/><V55/><F55/><T78/><D132/><U89/><E89/><V105/><F105/><T110/><D116/><U117/><E117/><V131/><F131/><T122/><N who="0" m="31264" /><T129/><D129/><U67/><REACH who="1" step="1"/><E83/><REACH who="1" ten="310,410,310,0" step="2"/><V74/><F74/><T52/><D107/><U96/><E96/><V93/><F93/><T59/><D70/><U124/><AGARI ba="0,2" hai="41,43,53,57,58,61,63,67,72,77,81,124,125,126" machi="124" ten="30,8000,1" yaku="1,1,0,1,18,1,52,1,53,1" doraHai="49" doraHaiUra="75" who="1" fromWho="1" sc="310,-40,410,100,310,-40,0,0" /><INIT seed="1,1,0,2,5,106" ten="270,510,270,0" oya="1" hai0="113,120,45,59,85,69,99,126,130,117,68,93,53" hai1="96,63,88,60,82,92,33,61,54,102,39,101,66" hai2="40,50,48,119,97,105,37,121,57,80,75,79,109" hai3=""/><U71/><E33/><V73/><N who="2" m="31008" /><V118/><F109/><T114/><N who="0" m="30752" /><T83/><D130/><U89/><E39/><V46/><F75/><T95/><D126/><U38/><E38/><V90/><F90/><T129/><D129/><U104/><E104/><V65/><F65/><T55/><D45/><U32/><E32/><V76/><F76/><T44/><D44/><U87/><E71/><V62/><F118/><T134/><D59/><U112/><E112/><V35/><F35/><T2/><D83/><U43/><E43/><V34/><F34/><T123/><N who="0" m="31520" /><T78/><D78/><U49/><E66/><V111/><F111/><T135/><D85/><U84/><E87/><V103/><REACH who="2" step="1"/><F119/><REACH who="2" ten="270,510,260,0" step="2"/><T0/><D117/><U77/><E77/><V125/><F125/><T94/><D113/><U42/><E42/><V81/><F81/><T58/><D114/><U51/><E54/><V128/><F128/><T132/><D53/><U124/><E124/><V56/><F56/><T74/><D58/><U100/><AGARI ba="1,1" hai="49,51,60,61,63,82,84,88,89,92,96,100,101,102" machi="100" ten="30,4000,0" yaku="0,1,8,1,54,1" doraHai="106" who="1" fromWho="1" sc="270,-21,510,52,260,-21,0,0" /><INIT seed="1,2,0,4,3,0" ten="249,562,239,0" oya="1" hai0="3,120,70,100,113,129,89,61,48,116,40,93,62" hai1="95,135,114,32,49,118,76,72,97,57,127,128,131" hai2="58,85,125,88,134,64,78,47,121,67,59,63,54" hai3=""/><U91/><E118/><V60/><N who="2" m="31008" /><V55/><F134/><T43/><N who="0" m="30752" /><T110/><D113/><U38/><E38/><V68/><F125/><T44/><D3/><U81/><E114/><V46/><F78/><T84/><D110/><U39/><E39/><V33/><F33/><T123/><N who="0" m="31520" /><T115/><D115/><U42/><E135/><V65/><REACH who="2" step="1"/><F68/><REACH who="2" ten="249,562,229,0" step="2"/><T107/><D116/><U99/><E127/><V74/><F74/><T133/><D133/><U36/><E32/><V104/><F104/><T103/><D129/><U35/><E35/><V92/><AGARI ba="2,1" hai="46,47,54,55,58,59,60,63,64,65,67,85,88,92" m="31008" machi="92" ten="30,12000,3" yaku="1,1,0,1,9,1,8,1,52,1,54,1,53,2" doraHai="0" doraHaiUra="41" who="2" fromWho="2" sc="249,-42,562,-82,229,134,0,0" /><INIT seed="2,0,0,1,4,98" ten="207,480,363,0" oya="2" hai0="83,97,76,79,85,46,100,116,125,101,59,62,93" hai1="71,87,61,44,72,134,66,60,90,110,119,2,33" hai2="49,63,103,84,36,3,77,108,124,1,86,74,106" hai3=""/><V115/><F36/><T133/><D116/><U132/><E110/><V42/><F115/><T109/><D109/><U53/><E2/><V92/><F108/><T111/><D111/><U127/><E72/><V120/><N who="2" m="30752" /><V51/><F124/><T32/><D32/><U75/><E75/><V43/><F63/><T39/><D125/><U95/><E119/><V78/><F74/><T54/><D79/><U57/><E127/><V34/><F92/><T121/><N who="0" m="31008" /><T113/><D133/><N who="1" m="51307" /><E44/><V130/><F106/><T69/><D69/><U48/><E61/><V117/><F117/><T96/><D113/><U135/><N who="1" m="51315" /><U107/><DORA hai="105" /><E107/><V129/><REACH who="2" step="1"/><F103/><REACH who="2" ten="207,480,353,0" step="2"/><T118/><D118/><U41/><E33/><AGARI ba="0,1" hai="1,3,33,34,42,43,49,51,77,78,84,86,129,130" m="30752" machi="33" ten="25,18000,2" yaku="1,1,2,1,22,2,52,1,53,2" doraHai="98,105" doraHaiUra="0,102" who="2" fromWho="1" sc="207,0,480,-180,353,190,0,0" /><INIT seed="2,1,0,5,4,127" ten="207,300,543,0" oya="2" hai0="97,42,91,135,0,102,2,47,69,37,39,61,75" hai1="58,110,103,132,36,100,96,65,35,79,70,73,77" hai2="122,131,44,94,34,81,64,57,46,40,89,56,98" hai3=""/><V88/><N who="2" m="31264" /><V45/><F34/><T133/><D91/><U55/><E132/><N who="0" m="50761" /><D39/><U78/><E110/><V121/><N who="2" m="31008" /><V48/><F131/><T120/><N who="0" m="30752" /><T99/><D75/><U87/><E73/><V74/><F64/><T54/><D99/><U134/><E36/><V72/><F72/><T71/><D54/><U129/><E35/><V114/><F114/><T128/><D128/><U119/><E134/><V105/><F105/><T118/><D118/><U107/><E103/><V93/><F74/><T32/><D32/><U80/><E119/><V50/><F81/><T3/><D61/><U82/><E82/><V63/><F63/><T67/><D67/><U52/><E129/><V38/><F38/><T111/><D111/><U117/><E117/><V123/><N who="2" m="31520" /><V76/><F76/><T85/><D85/><U92/><E77/><V53/><F46/><T62/><D62/><U109/><E78/><V101/><F101/><T60/><D60/><U130/><E130/><V124/><F124/><T68/><D71/><U1/><E109/><V41/><F41/><T125/><D125/><U83/><E70/><V49/><F49/><T112/><D112/><U86/><E65/><V95/><F95/><AGARI ba="1,0" hai="0,2,3,37,42,47,68,69,95,97,102" m="30752,50761" machi="95" ten="40,2600,0" yaku="20,1,52,1" doraHai="127" who="0" fromWho="2" sc="207,28,300,0,543,-28,0,0" /><INIT seed="4,0,0,0,5,128" ten="235,300,515,0" oya="0" hai0="48,60,115,87,91,61,34,72,74,103,98,68,58" hai1="88,116,132,86,36,39,117,71,50,79,73,130,65" hai2="107,127,67,82,80,56,108,54,85,114,37,121,1" hai3=""/><T124/><D34/><U77/><E130/><V111/><N who="2" m="31008" /><V84/><F1/><T70/><D115/><U46/><E71/><V35/><F114/><T42/><D68/><U99/><E65/><V40/><F35/><T129/><D129/><U75/><E99/><V3/><F3/><T123/><N who="0" m="31520" /><T94/><D124/><U119/><E73/><V52/><F127/><T110/><D110/><U112/><E75/><V38/><F107/><T120/><N who="0" m="30752" /><T63/><D70/><U66/><E66/><V45/><F67/><T104/><REACH who="0" step="1"/><D58/><REACH who="0" ten="225,300,515,0" step="2"/><U59/><E59/><V122/><N who="2" m="31264" /><V101/><F56/><T106/><D106/><U100/><E112/><V69/><F69/><T102/><D102/><U105/><E100/><V83/><F83/><T93/><D93/><U43/><E105/><V89/><F101/><T92/><D92/><U109/><E109/><V81/><F81/><T90/><D90/><U51/><E77/><V41/><F89/><T113/><D113/><U55/><E79/><V53/><F53/><T57/><D57/><U62/><E55/><V49/><F49/><T44/><AGARI ba="0,1" hai="42,44,48,60,61,63,72,74,87,91,94,98,103,104" m="30752,31520" machi="44" ten="30,8000,1" yaku="1,1,0,1,52,2,53,1" doraHai="128" doraHaiUra="97" who="0" fromWho="0" sc="225,90,300,-40,515,-40,0,0" /><INIT seed="4,1,0,0,0,93" ten="315,260,475,0" oya="0" hai0="58,45,64,134,98,60,74,49,82,100,65,121,89" hai1="41,72,44,130,78,129,79,110,94,92,102,55,125" hai2="80,68,108,57,115,67,97,106,47,99,103,75,95" hai3=""/><T1/><N who="0" m="31008" /><T101/><D1/><U91/><E110/><V84/><F108/><T2/><D2/><U120/><N who="1" m="30752" /><U36/><E125/><V46/><F115/><T132/><D64/><U71/><E71/><V61/><F68/><T69/><D69/><U116/><E116/><V123/><N who="2" m="31520" /><V119/><F119/><T35/><D35/><U128/><E72/><V109/><F75/><T54/><D100/><U85/><E55/><V107/><F95/><T40/><D65/><U42/><E41/><V3/><F3/><T124/><D124/><U62/><E62/><V90/><F109/><T83/><D89/><U114/><E114/><V111/><F111/><T87/><D87/><U96/><AGARI ba="1,0" hai="36,42,44,78,79,85,91,92,94,96,102,128,129,130" m="30752" machi="96" ten="40,6000,1" yaku="0,1,19,1,52,2" doraHai="93" who="1" fromWho="1" sc="315,-41,260,62,475,-21,0,0" /><INIT seed="5,0,0,5,5,130" ten="274,322,454,0" oya="1" hai0="39,111,127,114,53,73,88,35,52,118,126,79,41" hai1="38,48,69,77,129,67,64,120,76,63,34,108,132" hai2="74,112,40,72,125,98,122,133,134,96,62,33,100" hai3=""/><U87/><N who="1" m="30752" /><U71/><E34/><V123/><N who="2" m="31264" /><V49/><N who="2" m="31520" /><V107/><F33/><T113/><D35/><U131/><E38/><V0/><F0/><T119/><D111/><U68/><E108/><V58/><F112/><N who="0" m="43114" /><D79/><U45/><E77/><V50/><F125/><N who="0" m="47626" /><D73/><N who="2" m="28266" /><F40/><T86/><D41/><U90/><E76/><V116/><F96/><T121/><N who="0" m="31008" /><T101/><D101/><U92/><E67/><V82/><F82/><T93/><D39/><U60/><E60/><V99/><F99/><T117/><AGARI ba="0,0" hai="52,53,86,88,93,117,118,119" m="31008,47626,43114" machi="117" ten="40,9000,2" yaku="12,1,15,1,18,1,52,1,54,2" doraHai="130" who="0" fromWho="0" sc="274,90,322,-60,454,-30,0,0" /><INIT seed="6,0,0,2,2,2" ten="364,262,424,0" oya="2" hai0="84,70,50,114,97,118,43,81,121,67,129,125,124" hai1="32,111,52,98,103,101,63,109,53,130,82,113,48" hai2="93,131,56,58,86,66,78,88,51,59,61,41,94" hai3=""/><V100/><F131/><T83/><N who="0" m="31008" /><T89/><D118/><U49/><E130/><V1/><F1/><T91/><D129/><U133/><E82/><V36/><F36/><T90/><D67/><U79/><E63/><V72/><F72/><T104/><D70/><U45/><E79/><V120/><N who="2" m="30752" /><V110/><F110/><T69/><D69/><U85/><E85/><V57/><F78/><T3/><D3/><U74/><E74/><V62/><F62/><T39/><D83/><U115/><E98/><V71/><F71/><T42/><D81/><U77/><E77/><V75/><F75/><T76/><D84/><U126/><E126/><V60/><F60/><T73/><D73/><U40/><E40/><V54/><F41/><T92/><D76/><U68/><E68/><V132/><F132/><T64/><D124/><U33/><REACH who="1" step="1"/><E45/><REACH who="1" ten="364,252,424,0" step="2"/><V47/><F47/><T128/><D125/><U108/><E108/><V102/><F61/><T122/><D128/><U55/><E55/><V80/><F54/><T96/><D43/><U105/><E105/><V87/><F86/><T99/><D42/><U44/><E44/><V37/><F87/><T134/><D104/><U0/><E0/><V95/><F95/><T123/><D92/><RYUUKYOKU ba="0,1" sc="364,-10,252,20,424,-10,0,0" hai1="32,33,48,49,52,53,101,103,109,111,113,115,133" owari="354,-5.0,272,-33.0,424,38.0,0,0.0" /></mjloggm>