<mjloggm ver="2.3"><GO type="169" lobby="0"/><UN n0="%E3%83%89%E3%83%A9%EF%BC%91%EF%BC%92%EF%BC%90%EF%BC%85" n1="%6B%6F%7A%61%6B%69%6E%67" n2="%E3%81%8B%E3%81%B6%E8%8C%B6" n3="%E3%83%9D%E3%83%B3%E3%83%89%E3%83%AB" dan="17,16,16,16" rate="2243.73,2080.43,2145.00,2049.63" sx="M,M,M,M"/><TAIKYOKU oya="0"/><INIT seed="0,0,0,5,1,83" ten="250,250,250,250" oya="0" hai0="35,121,47,50,80,37,119,55,124,14,66,85,33" hai1="103,9,94,48,25,68,58,129,2,87,102,118,40" hai2="76,81,96,31,122,101,20,15,115,133,39,110,1" hai3="30,84,62,107,132,11,64,42,92,36,60,38,106"/><T46/><D121/><U89/><E68/><V34/><F122/><W112/><G112/><T78/><D119/><U21/><E118/><V26/><F115/><W123/><G132/><T57/><D124/><U126/><E126/><V49/><F39/><W24/><G123/><T117/><D117/><U100/><E129/><V17/><F110/><W52/><G11/><T56/><D37/><U127/><E127/><V69/><F133/><W45/><G38/><T86/><D35/><U4/><E40/><V128/><F128/><W131/><G131/><T44/><D33/><U3/><E3/><V105/><F49/><W95/><G95/><T113/><D113/><U51/><REACH who="1" step="1"/><E58/><REACH who="1" ten="250,240,250,250" step="2"/><V91/><F69/><W59/><G42/><T27/><D66/><U53/><E53/><V18/><F1/><W82/><G64/><T125/><D125/><U29/><AGARI ba="0,1" hai="2,4,9,21,25,29,48,51,87,89,94,100,102,103" machi="29" ten="30,4000,0" yaku="1,1,0,1,52,1,53,0" doraHai="83" doraHaiUra="70" who="1" fromWho="1" sc="250,-20,240,50,250,-10,250,-10" /><INIT seed="1,0,0,0,0,119" ten="230,290,240,240" oya="1" hai0="48,16,24,27,73,56,55,68,31,128,124,113,108" hai1="96,83,111,103,92,45,57,14,42,126,29,90,10" hai2="61,132,23,105,81,47,28,78,9,106,26,1,20" hai3="127,115,52,71,107,41,7,122,40,129,72,64,97"/><U5/><E126/><V3/><F132/><W54/><G7/><T109/><D124/><U79/><E111/><N who="0" m="42569" /><D68/><U77/><E29/><V15/><F106/><W93/><G72/><T6/><D73/><U49/><REACH who="1" step="1"/><E57/><REACH who="1" ten="230,280,240,240" step="2"/><V37/><F28/><W18/><G127/><T117/><D117/><U74/><E74/><V80/><F1/><W59/><G59/><T89/><D113/><U133/><E133/><V95/><F3/><W102/><G115/><T121/><D31/><U99/><E99/><V66/><F81/><W100/><G97/><T75/><D75/><U87/><AGARI ba="0,1" hai="5,10,14,42,45,49,77,79,83,87,90,92,96,103" machi="87" ten="30,6000,0" yaku="1,1,0,1,8,1,53,0" doraHai="119" doraHaiUra="123" who="1" fromWho="1" sc="230,-20,280,70,240,-20,240,-20" /><INIT seed="1,1,0,4,5,119" ten="210,350,220,220" oya="1" hai0="93,33,135,91,48,120,64,105,21,50,83,26,81" hai1="113,29,73,37,98,123,60,52,1,79,106,107,42" hai2="112,15,56,74,132,13,51,20,118,108,49,57,63" hai3="102,99,125,70,31,22,128,28,66,6,67,36,97"/><U17/><E113/><V7/><F118/><W34/><G34/><T95/><D105/><U124/><E1/><V82/><F112/><W32/><G32/><T19/><D135/><U5/><E124/><V84/><F74/><W122/><G36/><T71/><D33/><U8/><E29/><V100/><F108/><W134/><G125/><T75/><D71/><U85/><E17/><V80/><F100/><W35/><G134/><T46/><D64/><U30/><E30/><V58/><F63/><W129/><G35/><T4/><D4/><U126/><E85/><V14/><F132/><W68/><G6/><T23/><D75/><U65/><E126/><V62/><F62/><W39/><G39/><T87/><D50/><U10/><E10/><V104/><F104/><W94/><G22/><T86/><D120/><U27/><E107/><V45/><F7/><W133/><G133/><T89/><REACH who="0" step="1"/><D23/><REACH who="0" ten="200,350,220,220" step="2"/><U43/><E5/><V44/><F20/><W24/><G70/><T110/><D110/><U61/><E37/><V55/><REACH who="2" step="1"/><F84/><REACH who="2" ten="200,350,210,220" step="2"/><W121/><G128/><T96/><D96/><U109/><E98/><V38/><F38/><W77/><G99/><T11/><D11/><U111/><E106/><V130/><F130/><W41/><G97/><T131/><D131/><U59/><E73/><V9/><F9/><W92/><G129/><T78/><D78/><U25/><E79/><V103/><F103/><W101/><G77/><T114/><D114/><U117/><E8/><V69/><F69/><W115/><G101/><T2/><D2/><U18/><E111/><V3/><F3/><RYUUKYOKU ba="1,2" sc="200,15,350,-15,210,15,220,-15" hai0="19,21,26,46,48,81,83,86,87,89,91,93,95" hai2="13,14,15,44,45,49,51,55,56,57,58,80,82" /><INIT seed="2,2,2,5,1,20" ten="215,335,225,205" oya="2" hai0="48,122,126,78,128,56,0,31,1,16,37,35,123" hai1="74,71,5,96,91,124,11,117,26,89,135,108,132" hai2="7,67,40,32,127,17,110,70,8,130,13,47,30" hai3="42,92,131,50,83,12,62,99,63,22,24,88,46"/><V104/><F104/><W43/><G131/><T2/><D37/><U119/><E71/><V65/><F130/><W58/><G12/><T118/><D128/><U101/><E74/><V64/><F127/><W79/><G43/><T57/><D78/><U14/><E124/><V107/><F107/><W86/><REACH who="3" step="1"/><G58/><REACH who="3" ten="215,335,225,195" step="2"/><T39/><D126/><U52/><E119/><V55/><F70/><W75/><G75/><T3/><D57/><U36/><E117/><V61/><F110/><W33/><G33/><T6/><D118/><U114/><E108/><V133/><F40/><W94/><G94/><T121/><D56/><U68/><E14/><V112/><F32/><W106/><G106/><T19/><D39/><U111/><E36/><V77/><F13/><W29/><AGARI ba="2,3" hai="22,24,29,42,46,50,62,63,79,83,86,88,92,99" machi="29" ten="20,12000,2" yaku="1,1,0,1,7,1,8,1,52,1,54,1,53,0" doraHai="20" doraHaiUra="34" who="3" fromWho="3" sc="215,-32,335,-32,225,-62,195,156" /><INIT seed="3,0,0,4,4,57" ten="183,303,163,351" oya="3" hai0="110,101,80,99,83,33,37,13,51,116,45,39,0" hai1="113,29,9,31,114,41,78,16,63,109,129,10,47" hai2="4,118,128,100,27,108,64,123,32,42,111,34,68" hai3="20,61,104,43,24,8,127,2,115,105,15,72,3"/><W50/><G72/><T36/><D0/><U91/><E109/><V30/><F42/><W96/><G127/><T21/><D33/><U49/><E129/><V82/><F118/><W52/><G115/><T46/><D116/><U67/><E78/><V69/><F128/><W84/><G84/><T132/><D110/><N who="2" m="42026" /><F34/><W75/><G75/><T112/><D112/><U35/><E91/><V121/><F4/><W89/><G105/><T122/><D122/><N who="2" m="46602" /><F64/><W18/><G104/><T94/><D132/><U95/><E95/><V117/><F117/><W125/><G43/><T81/><D51/><U54/><E41/><V5/><F5/><W93/><G125/><T134/><D134/><U107/><E107/><V22/><F100/><W130/><G130/><T56/><D56/><U98/><E35/><V23/><F23/><W85/><G2/><T44/><D13/><U102/><E114/><V77/><F22/><AGARI ba="0,0" hai="21,22,36,37,39,44,45,46,80,81,83,94,99,101" machi="22" ten="50,3200,0" yaku="29,2" doraHai="57" who="0" fromWho="2" sc="183,32,303,0,163,-32,351,0" /><INIT seed="4,0,0,4,2,94" ten="215,303,131,351" oya="0" hai0="44,77,68,104,86,62,71,15,45,22,83,31,117" hai1="129,56,69,46,105,66,81,74,72,20,60,41,84" hai2="95,112,58,47,0,30,10,73,38,108,43,29,120" hai3="122,12,96,70,6,2,110,92,61,59,8,121,55"/><T135/><D117/><U32/><E32/><V57/><F108/><W53/><G110/><T3/><D3/><U14/><E105/><V99/><F120/><W113/><G113/><T17/><D104/><U42/><E129/><V91/><F112/><W78/><G78/><T114/><D114/><U89/><E69/><V132/><F132/><W119/><G70/><T124/><D135/><U54/><E66/><V1/><F1/><W106/><G106/><T98/><D71/><U5/><E20/><V133/><F133/><W100/><G119/><T33/><D124/><U116/><E116/><V82/><F29/><W115/><G115/><T123/><D123/><N who="3" m="47113" /><G55/><T67/><REACH who="0" step="1"/><D98/><REACH who="0" ten="205,303,131,351" step="2"/><U26/><E74/><V51/><F30/><W118/><G118/><T9/><D9/><U107/><E72/><V85/><F73/><W28/><G28/><T37/><D37/><U7/><E107/><V79/><REACH who="2" step="1"/><F38/><REACH who="2" ten="205,303,121,351" step="2"/><W65/><G2/><T101/><D101/><U39/><E39/><V16/><F16/><W13/><G100/><T34/><D34/><U126/><E5/><AGARI ba="0,2" hai="0,5,10,43,47,51,57,58,79,82,85,91,95,99" machi="5" ten="40,2600,0" yaku="1,1,52,1,53,0" doraHai="94" doraHaiUra="24" who="2" fromWho="1" sc="205,0,303,-26,121,46,351,0" /><INIT seed="5,0,0,1,3,29" ten="205,277,167,351" oya="1" hai0="76,49,117,20,67,11,86,100,69,32,14,28,107" hai1="99,13,56,41,35,119,108,26,4,43,12,98,40" hai2="51,81,130,2,52,79,18,38,82,83,125,121,48" hai3="27,132,3,72,74,62,39,55,17,58,94,102,59"/><U70/><E70/><V50/><F121/><W61/><G3/><T75/><D20/><U1/><E119/><V87/><F38/><W77/><G77/><T105/><D75/><U106/><E108/><V73/><F130/><W97/><G39/><T25/><D117/><U123/><E123/><V9/><F125/><W88/><G102/><T118/><D118/><U5/><E56/><V92/><F92/><W90/><G90/><T129/><D129/><U113/><E113/><V101/><F101/><W37/><G37/><T46/><D86/><U47/><E47/><V122/><F122/><W23/><G132/><T19/><D76/><U134/><E134/><V85/><F73/><W42/><G42/><T8/><D8/><U71/><E71/><V128/><F128/><W30/><G30/><T57/><D69/><U63/><E63/><V78/><F82/><W131/><G131/><T126/><D126/><U135/><E106/><V93/><F93/><W22/><G22/><T7/><D7/><U112/><E112/><V15/><REACH who="2" step="1"/><F2/><REACH who="2" ten="205,277,157,351" step="2"/><W60/><G72/><T84/><D100/><U80/><E80/><V54/><AGARI ba="0,1" hai="9,15,18,48,50,51,52,54,78,79,81,83,85,87" machi="54" ten="30,16000,3" yaku="1,1,2,1,0,1,9,1,8,1,54,1,53,3" doraHai="29" doraHaiUra="44" who="2" fromWho="2" sc="205,-40,277,-80,157,170,351,-40" /><INIT seed="6,0,0,5,5,128" ten="165,197,327,311" oya="2" hai0="67,25,99,93,121,135,90,82,6,88,41,100,127" hai1="55,12,30,61,98,9,106,19,72,57,102,112,81" hai2="63,65,70,20,39,79,5,40,21,22,74,45,42" hai3="56,69,80,92,8,64,87,122,18,11,107,62,89"/><V130/><F130/><W52/><G107/><T49/><D121/><U133/><E112/><V54/><F40/><W2/><G122/><T95/><D127/><U47/><E30/><V71/><F71/><W115/><G115/><T124/><D124/><U116/><E116/><V7/><F74/><W51/><G2/><T129/><D129/><U35/><E35/><V118/><F118/><W29/><G29/><T10/><D67/><U73/><E133/><V68/><F68/><W104/><G104/><T15/><D135/><U23/><E81/><V36/><F36/><W38/><G38/><T94/><D25/><U123/><E123/><V24/><F79/><W66/><G66/><T1/><D1/><U101/><E101/><V85/><F85/><W132/><G132/><T37/><D37/><U33/><E33/><V109/><F109/><W131/><G131/><T4/><D4/><U60/><E60/><V0/><F0/><W31/><G31/><T14/><D14/><U44/><E9/><V113/><F24/><W114/><G114/><T76/><D41/><U111/><E111/><V32/><F32/><W83/><G18/><T59/><D59/><U53/><E53/><V26/><F26/><W27/><G27/><T58/><D58/><U13/><E13/><V91/><F113/><W125/><G125/><T50/><D90/><U120/><E120/><V43/><F43/><W84/><G92/><N who="0" m="35435" /><D100/><U96/><E96/><V77/><F91/><AGARI ba="0,0" hai="8,11,51,52,56,62,64,69,80,83,84,87,89,91" machi="91" ten="30,3900,0" yaku="7,1,9,1,54,1" doraHai="128" who="3" fromWho="2" sc="165,0,197,0,327,-39,311,39" /><INIT seed="7,0,0,5,5,34" ten="165,197,288,350" oya="3" hai0="56,55,15,9,110,111,58,90,72,101,52,45,4" hai1="26,44,83,38,85,89,66,0,131,100,121,7,16" hai2="95,122,75,118,73,18,2,78,107,50,68,71,132" hai3="41,3,51,63,69,6,20,82,40,97,98,49,54"/><W46/><G69/><T80/><D72/><U67/><E121/><V36/><F118/><W96/><G3/><T103/><D111/><U17/><E131/><V33/><F107/><W108/><G6/><T62/><D110/><U127/><E127/><V70/><F36/><W5/><G5/><T74/><D45/><U129/><E129/><V57/><F33/><W10/><G10/><T86/><D74/><U79/><E100/><V30/><F30/><W77/><G108/><T135/><D135/><U109/><E109/><V39/><F39/><W114/><G114/><T65/><D65/><U28/><E0/><V115/><F2/><W81/><G20/><T29/><D29/><U134/><E7/><V12/><F95/><W128/><G128/><T27/><D27/><U84/><E134/><V119/><F78/><W31/><G31/><T91/><D91/><U35/><E44/><V32/><F73/><W76/><G63/><AGARI ba="0,0" hai="4,9,15,52,55,56,58,62,63,80,86,90,101,103" machi="63" ten="30,7700,0" yaku="7,1,9,1,8,1,54,1" doraHai="34" who="0" fromWho="3" sc="165,77,197,0,288,0,350,-77" /><INIT seed="8,0,0,4,3,129" ten="242,197,288,273" oya="0" hai0="63,40,3,67,120,112,68,119,55,36,56,99,12" hai1="30,104,132,38,115,26,80,44,134,28,97,123,14" hai2="114,102,24,35,107,117,100,105,13,10,60,90,135" hai3="62,84,42,61,88,50,87,47,17,22,113,96,77"/><T74/><D3/><U69/><E123/><V8/><F114/><W91/><G113/><T98/><D120/><U133/><E115/><V25/><F135/><W121/><G121/><T51/><D112/><U118/><E118/><V58/><F117/><W86/><G77/><T106/><D74/><U81/><E69/><V43/><F43/><W6/><G6/><T45/><D119/><U64/><E64/><V18/><F90/><W48/><G48/><T72/><D72/><U70/><E70/><V122/><F122/><W11/><G11/><T89/><D106/><U83/><E14/><V126/><F35/><W75/><G75/><T33/><D33/><U111/><E111/><V2/><F126/><W46/><G46/><T101/><D101/><N who="1" m="62511" /><E26/><V1/><F18/><W34/><G34/><T79/><D79/><U125/><E125/><V128/><F58/><W39/><G39/><T82/><D12/><U27/><E27/><V9/><F9/><W127/><G127/><T29/><D29/><U65/><E65/><V124/><F13/><N who="3" m="9519" /><G96/><T31/><D31/><U57/><E57/><V78/><F78/><W20/><G20/><T37/><D37/><U95/><E95/><V94/><F94/><N who="3" m="54535" /><G86/><AGARI ba="0,0" hai="36,40,45,51,55,56,63,67,68,82,86,89,98,99" machi="86" ten="40,3900,0" yaku="24,2" doraHai="129" who="0" fromWho="3" sc="242,39,197,0,288,0,273,-39" /><INIT seed="8,1,0,3,4,90" ten="281,197,288,234" oya="0" hai0="89,113,77,42,0,118,52,60,74,95,46,25,115" hai1="83,86,98,124,108,79,112,132,127,56,67,80,9" hai2="6,100,16,111,71,45,72,78,110,128,36,58,59" hai3="48,134,99,133,27,55,120,97,125,47,10,26,21"/><T12/><D0/><U40/><E108/><V53/><F71/><W15/><G120/><T104/><D104/><U32/><E32/><V23/><F100/><W13/><G125/><N who="1" m="48202" /><E112/><V34/><F34/><W33/><G33/><T65/><D118/><U94/><E132/><N who="3" m="50794" /><G27/><T96/><D74/><U106/><E40/><V126/><F126/><W69/><G69/><T101/><D77/><N who="1" m="46351" /><E9/><V105/><F105/><W50/><G48/><T28/><D12/><N who="3" m="4681" /><G10/><T131/><D131/><U122/><E122/><V107/><F107/><W116/><G116/><T109/><D109/><U92/><E67/><V121/><F128/><W39/><G39/><T66/><D66/><U63/><E63/><V43/><F121/><W5/><G5/><T103/><D113/><U76/><E56/><V70/><F59/><W49/><G50/><N who="0" m="28759" /><D42/><U130/><E130/><V93/><F70/><W19/><AGARI ba="1,0" hai="19,21,26,47,49,55,97,99" m="4681,50794" machi="19" ten="30,1100,0" yaku="20,1" doraHai="90" who="3" fromWho="3" sc="281,-6,197,-4,288,-4,234,14" /><INIT seed="9,0,0,2,5,96" ten="275,193,284,248" oya="1" hai0="122,113,119,107,30,76,33,65,82,27,54,103,105" hai1="26,115,44,111,59,109,2,106,25,89,15,117,66" hai2="118,41,100,20,135,57,133,78,0,102,87,86,91" hai3="18,121,95,68,134,43,23,60,35,56,74,110,14"/><U93/><E2/><V123/><F123/><W40/><G74/><T73/><D113/><U63/><E106/><V42/><F0/><W112/><G110/><N who="1" m="41994" /><E115/><V32/><F32/><W125/><G68/><T132/><D132/><N who="2" m="50762" /><F118/><W46/><G112/><T101/><D119/><U22/><E117/><V50/><F78/><W94/><G121/><T98/><D122/><U124/><E124/><V4/><F4/><W6/><G35/><T53/><D65/><U17/><E44/><N who="2" m="25871" /><F42/><W47/><G6/><T3/><D3/><U75/><E75/><V16/><F57/><W85/><G125/><T9/><D9/><U114/><E114/><V69/><F86/><AGARI ba="0,0" hai="15,17,22,25,26,59,63,66,86,89,93" m="41994" machi="86" ten="30,1500,0" yaku="10,1" doraHai="96" who="1" fromWho="2" sc="275,0,193,15,284,-15,248,0" /><INIT seed="9,1,0,1,5,83" ten="275,208,269,248" oya="1" hai0="61,102,93,112,126,15,133,28,60,39,50,22,91" hai1="87,17,2,131,63,26,4,54,8,134,3,33,59" hai2="77,92,14,85,82,34,105,100,44,23,101,9,122" hai3="103,5,11,24,104,119,98,25,0,106,12,53,48"/><U72/><E72/><V38/><F34/><W46/><G106/><T111/><D39/><U118/><E118/><V108/><F108/><W113/><G113/><T81/><D111/><U6/><E131/><V121/><F23/><W89/><G119/><T56/><D112/><U51/><E134/><V13/><F105/><W57/><G0/><T120/><D102/><U79/><E17/><V31/><F31/><W115/><G115/><T37/><D37/><U71/><E33/><V94/><F38/><W135/><G135/><T76/><D126/><U30/><E4/><V68/><F68/><W80/><REACH who="3" step="1"/><G46/><REACH who="3" ten="275,208,269,238" step="2"/><T123/><D123/><U41/><E3/><V67/><F44/><W127/><G127/><T90/><D120/><U18/><E18/><V16/><F122/><W78/><G78/><T32/><D76/><U116/><E116/><V27/><F77/><W52/><G52/><T107/><D107/><U55/><E41/><V42/><F42/><W132/><G132/><T29/><D133/><U69/><E30/><V110/><F121/><W21/><G21/><T109/><D109/><U1/><E1/><V58/><F16/><W117/><G117/><T129/><D32/><U86/><E26/><V99/><F27/><W125/><G125/><T47/><D29/><U88/><E79/><N who="2" m="46303" /><F110/><W36/><G36/><T45/><D28/><U84/><REACH who="1" step="1"/><E88/><REACH who="1" ten="275,198,269,238" step="2"/><V7/><F7/><W35/><G35/><T74/><D91/><U124/><E124/><V95/><F14/><W20/><G20/><T96/><D15/><U65/><E65/><V75/><F67/><W114/><G114/><RYUUKYOKU ba="1,2" sc="275,-15,198,15,269,-15,238,15" hai1="2,6,8,51,54,55,59,63,69,71,84,86,87" hai3="5,11,12,24,25,48,53,57,80,89,98,103,104" /><INIT seed="9,2,2,3,2,1" ten="260,213,254,253" oya="1" hai0="13,48,118,0,111,49,29,89,110,26,36,16,64" hai1="7,60,92,14,43,23,127,79,8,90,51,105,53" hai2="124,122,94,52,100,15,10,42,17,27,44,130,56" hai3="75,116,76,68,62,21,24,114,117,30,126,67,39"/><U72/><E105/><V85/><F130/><W125/><G114/><T107/><D36/><U77/><E127/><N who="3" m="48650" /><G39/><T132/><D0/><U20/><E43/><V41/><F122/><W22/><G76/><N who="1" m="29258" /><E60/><N who="2" m="35847" /><F124/><W61/><G75/><T134/><D107/><U59/><E72/><V121/><F121/><W71/><G22/><N who="0" m="11535" /><D64/><AGARI ba="2,2" hai="21,24,30,61,62,64,67,68,71,116,117" m="48650" machi="64" ten="30,1000,0" yaku="18,1" doraHai="1" who="3" fromWho="0" sc="260,-16,213,0,254,0,253,36" /><INIT seed="10,0,0,0,3,19" ten="244,213,254,289" oya="2" hai0="49,34,114,96,109,4,134,68,129,3,11,54,115" hai1="75,71,9,51,6,107,89,116,124,20,97,118,101" hai2="33,59,53,67,80,25,1,93,10,65,60,100,41" hai3="62,52,76,12,36,102,18,127,81,50,77,17,63"/><V112/><F112/><W73/><G36/><T122/><D68/><U74/><E71/><V70/><F80/><W98/><G127/><T94/><D109/><U87/><E124/><V128/><F128/><W91/><G18/><T120/><D54/><U2/><E51/><V103/><F1/><W79/><G73/><T85/><D49/><U113/><E113/><N who="0" m="43017" /><D85/><U47/><E47/><V23/><F33/><W46/><G102/><N who="2" m="38953" /><F10/><N who="3" m="6295" /><G81/><T105/><D94/><AGARI ba="0,0" hai="46,50,52,62,63,76,77,79,91,94,98" m="6295" machi="94" ten="30,2000,0" yaku="8,1,54,1" doraHai="19" who="3" fromWho="0" sc="244,-20,213,0,254,0,289,20" owari="224,-18.0,213,-29.0,254,5.0,309,42.0" /></mjloggm>