<mjloggm ver="2.3"><GO type="185" lobby="0"/><UN n0="%6D%28%E3%81%AE%5F%E3%81%AE%29%6D%E2%99%AA" n1="%E4%BD%8D%E9%B3%B3%E5%A4%A9" n2="%4B%69%64%6F%37%35%30%30" n3="" dan="16,17,16,0" rate="2174.22,2179.16,2110.07,1500.00" sx="M,M,M,C"/><TAIKYOKU oya="0"/><INIT seed="0,0,0,5,0,102" ten="350,350,350,0" oya="0" hai0="108,134,35,66,70,93,40,0,98,56,68,124,126" hai1="133,51,88,122,105,74,101,104,90,49,115,53,50" hai2="120,113,45,96,106,77,123,82,135,132,99,36,127" hai3=""/><T42/><D0/><U1/><N who="1" m="31264" /><U91/><E1/><V84/><N who="2" m="30752" /><V92/><N who="2" m="31520" /><V44/><F113/><T37/><D35/><U81/><E133/><N who="2" m="51275" /><F36/><T57/><D134/><U97/><E115/><V69/><F69/><N who="0" m="26730" /><D93/><U83/><E74/><V61/><F61/><T95/><D95/><U116/><E116/><V3/><F3/><T114/><D98/><U109/><E109/><V130/><F130/><T33/><D33/><U72/><E72/><V73/><F127/><N who="0" m="48682" /><D114/><U41/><E41/><N who="0" m="15977" /><D37/><U121/><N who="1" m="31008" /><U60/><REACH who="1" step="1"/><E105/><REACH who="1" ten="350,340,350,0" step="2"/><V131/><F131/><T34/><D34/><U85/><E85/><V110/><F110/><T78/><D108/><U87/><E87/><V58/><F106/><T64/><D78/><U54/><E54/><V55/><F73/><T47/><D47/><N who="2" m="17994" /><F92/><T80/><D80/><U46/><E46/><V119/><F119/><T100/><D100/><U129/><E129/><V38/><F38/><T62/><D62/><U67/><E67/><AGARI ba="0,1" hai="56,57,64,66,67" m="15977,48682,26730" machi="67" ten="40,12000,1" yaku="28,2,18,1,34,2" doraHai="102" who="0" fromWho="1" sc="350,130,340,-120,350,0,0,0" /><INIT seed="0,1,0,3,4,43" ten="480,220,350,0" oya="0" hai0="41,123,33,74,116,59,86,70,69,119,128,65,83" hai1="58,49,113,39,80,135,50,104,3,37,54,46,71" hai2="105,63,56,78,121,47,102,88,124,48,93,118,66" hai3=""/><T38/><N who="0" m="31520" /><T34/><D74/><U87/><E3/><V81/><N who="2" m="31008" /><V117/><F124/><T115/><D115/><U61/><E113/><V96/><F117/><T40/><D128/><U45/><E104/><V91/><F118/><T100/><D100/><U120/><N who="1" m="30752" /><U79/><E135/><V133/><F133/><T67/><D59/><U42/><REACH who="1" step="1"/><E71/><REACH who="1" ten="480,210,350,0" step="2"/><V35/><F105/><T107/><D107/><U44/><E44/><V82/><F35/><T94/><D69/><U97/><E97/><V101/><F101/><T68/><D70/><U112/><E112/><V134/><F134/><T72/><D68/><U132/><E132/><V122/><N who="2" m="31264" /><V114/><F114/><T53/><D33/><U52/><AGARI ba="1,1" hai="37,39,42,45,46,49,50,52,54,58,61,79,80,87" m="30752" machi="52" ten="20,9000,2" yaku="1,1,0,1,7,1,52,3,54,1,53,0" doraHai="43" doraHaiUra="110" who="1" fromWho="1" sc="480,-61,210,102,350,-31,0,0" /><INIT seed="1,0,0,3,3,56" ten="419,312,319,0" oya="1" hai0="3,107,114,46,75,98,90,99,41,65,87,71,60" hai1="58,64,44,93,1,79,47,108,101,119,76,32,129" hai2="97,112,43,70,125,102,109,127,134,33,105,38,66" hai3=""/><U88/><E119/><V34/><F112/><T86/><D114/><U54/><E1/><V111/><F134/><T48/><D3/><U68/><E32/><N who="2" m="12395" /><F43/><T120/><N who="0" m="30752" /><T61/><D75/><U63/><E129/><V45/><F45/><T53/><D87/><U81/><E108/><N who="2" m="41547" /><F38/><T37/><D107/><U82/><E101/><V110/><N who="2" m="41555" /><V39/><DORA hai="36" /><F39/><T132/><D132/><U84/><E82/><V95/><F95/><T106/><D106/><U92/><E93/><V133/><F133/><T100/><D100/><U74/><E79/><V85/><F85/><T42/><D42/><U51/><AGARI ba="0,0" hai="44,47,51,54,58,63,64,68,74,76,81,84,88,92" machi="51" ten="20,5200,0" yaku="0,1,7,1,52,1,54,1" doraHai="56,36" who="1" fromWho="1" sc="419,-26,312,52,319,-26,0,0" /><INIT seed="1,1,0,2,5,65" ten="393,364,293,0" oya="1" hai0="57,81,0,64,72,46,115,116,120,93,41,80,85" hai1="124,68,90,60,1,73,88,99,36,118,79,62,55" hai2="63,71,129,50,112,75,34,78,48,135,130,119,106" hai3=""/><U96/><E1/><V101/><F119/><T54/><N who="0" m="30752" /><T122/><N who="0" m="31264" /><T59/><D115/><U125/><E36/><V37/><F37/><T110/><D0/><U83/><E118/><V102/><F112/><T40/><D116/><U91/><E55/><V86/><F75/><T35/><D35/><U103/><E68/><V67/><F34/><T44/><D110/><U2/><E2/><V117/><F135/><T87/><D72/><U77/><E79/><V94/><F106/><T98/><D64/><U132/><E132/><V111/><F117/><T53/><D93/><U128/><E128/><N who="2" m="49259" /><F111/><T76/><D76/><U58/><E99/><AGARI ba="1,0" hai="40,41,44,46,53,54,57,59,80,81,85,87,98,99" m="31264,30752" machi="99" ten="25,8000,1" yaku="22,2,8,1,52,2" doraHai="65" who="0" fromWho="1" sc="393,82,364,-82,293,0,0,0" /><INIT seed="2,0,0,4,3,100" ten="475,282,293,0" oya="2" hai0="0,2,54,73,125,94,117,107,58,51,98,68,126" hai1="74,62,89,46,114,72,71,106,75,135,93,88,103" hai2="37,66,55,45,79,32,95,40,99,48,85,127,56" hai3=""/><V82/><F127/><N who="0" m="48650" /><D107/><U131/><E114/><V122/><N who="2" m="31264" /><V60/><F32/><T102/><D73/><U69/><E135/><V61/><REACH who="2" step="1"/><F66/><REACH who="2" ten="475,282,283,0" step="2"/><T120/><N who="0" m="30752" /><T33/><D33/><U65/><E131/><V83/><F83/><T111/><D117/><U91/><E69/><V119/><F119/><T110/><D68/><U1/><E1/><AGARI ba="0,1" hai="0,1,2,51,54,58,94,98,102,110,111" m="30752,48650" machi="1" ten="30,2000,0" yaku="18,1,52,1" doraHai="100" who="0" fromWho="1" sc="475,30,282,-20,283,0,0,0" /><INIT seed="4,0,0,5,0,72" ten="505,262,283,0" oya="0" hai0="84,109,68,97,115,111,52,35,36,102,45,92,80" hai1="61,43,91,89,39,87,85,42,62,122,134,133,114" hai2="74,123,107,131,82,41,77,55,53,96,101,79,94" hai3=""/><T81/><D35/><U103/><N who="1" m="31264" /><U37/><REACH who="1" step="1"/><E103/><REACH who="1" ten="505,252,283,0" step="2"/><V56/><N who="2" m="31520" /><V119/><F119/><T33/><D33/><U135/><E135/><V120/><N who="2" m="30752" /><V99/><F131/><T38/><D115/><AGARI ba="0,1" hai="37,39,42,43,61,62,85,87,89,91,114,115,133,134" m="31264" machi="115" ten="25,12000,2" yaku="1,1,22,2,52,1,53,2" doraHai="72" doraHaiUra="108" who="1" fromWho="0" sc="505,-120,252,130,283,0,0,0" /><INIT seed="5,0,0,4,2,39" ten="385,382,283,0" oya="1" hai0="36,90,34,61,51,60,91,99,112,134,58,95,76" hai1="40,97,2,48,125,87,124,117,86,114,59,53,80" hai2="37,69,62,44,85,118,120,79,101,52,107,106,92" hai3=""/><U82/><E117/><V123/><N who="2" m="30752" /><V68/><N who="2" m="31520" /><V50/><F118/><T1/><D112/><U41/><E2/><V132/><F107/><T46/><D36/><U127/><E114/><V55/><F106/><T47/><D34/><U121/><N who="1" m="31008" /><U126/><E97/><V43/><F101/><T57/><D76/><U89/><N who="1" m="31744" /><DORA hai="119" /><U70/><E70/><V45/><F132/><T115/><D115/><U131/><E131/><V35/><F35/><T3/><D134/><U105/><E105/><V94/><F69/><T122/><N who="0" m="31264" /><T100/><D47/><U49/><E49/><V78/><F78/><AGARI ba="0,0" hai="40,41,48,53,59,78,80,82,86,87,89" m="31744,31008" machi="78" ten="70,12000,1" yaku="18,1,52,4" doraHai="39,119" who="1" fromWho="2" sc="385,0,382,120,283,-120,0,0" /><INIT seed="5,1,0,1,5,131" ten="385,502,163,0" oya="1" hai0="50,96,63,0,102,113,67,126,55,52,87,2,49" hai1="112,109,89,35,105,64,121,98,110,104,115,114,70" hai2="100,103,57,101,119,62,51,48,85,120,71,76,68" hai3=""/><U65/><N who="1" m="31008" /><U34/><E89/><V97/><N who="2" m="30752" /><V88/><F119/><T107/><D113/><U59/><E98/><V116/><F116/><T83/><D126/><U81/><E81/><V61/><F71/><T46/><D55/><U77/><E77/><V73/><F68/><T123/><N who="0" m="31520" /><T111/><D50/><U42/><E42/><V40/><F40/><T32/><D111/><N who="1" m="42507" /><E70/><V134/><F62/><T129/><D32/><N who="1" m="12331" /><E59/><V108/><F108/><T69/><D129/><U130/><E130/><V58/><F58/><T41/><D41/><U56/><E56/><V3/><F3/><T99/><D99/><U132/><E132/><V135/><F76/><AGARI ba="1,0" hai="0,2,46,49,52,63,67,69,76,83,87,96,102,107" m="31520" machi="76" ten="30,3900,0" yaku="7,1,52,1,54,1" doraHai="131" who="0" fromWho="2" sc="385,41,502,0,163,-41,0,0" /><INIT seed="6,0,0,1,5,103" ten="426,502,122,0" oya="2" hai0="55,75,84,43,91,98,134,133,54,88,111,52,72" hai1="49,95,114,70,99,73,123,48,40,129,119,109,0" hai2="32,107,62,53,117,33,69,110,97,77,132,127,89" hai3=""/><V67/><F117/><T51/><D111/><U121/><N who="1" m="31008" /><U66/><E0/><V86/><F110/><T57/><D98/><U106/><E109/><V135/><F127/><T34/><D34/><U2/><E2/><V105/><F77/><T42/><D84/><U104/><E119/><V68/><F53/><T58/><D55/><U74/><E129/><V64/><F33/><T115/><D51/><U108/><E114/><AGARI ba="0,0" hai="42,43,52,54,57,58,72,75,88,91,114,115,133,134" machi="114" ten="25,6400,0" yaku="22,2,54,2" doraHai="103" who="0" fromWho="1" sc="426,64,502,-64,122,0,0,0" owari="490,44.0,438,4.0,122,-48.0,0,0.0" /></mjloggm>