<mjloggm ver="2.3"><GO type="225" lobby="0"/><UN n0="%E7%8D%A3%E8%87%AD%E3%81%84%E8%82%89%E7%90%83" n1="%5C%E3%81%AF%E3%81%A1%E3%81%8D%E3%82%87%E3%81%86%2F" n2="%56%65%6E%75%73%53%61%79" n3="%E3%81%82%E3%82%89%E3%81%8C%E3%81%8D%E3%81%82%E3%82%84%E3%81%9B" dan="16,16,16,16" rate="2082.73,2106.25,2154.45,2142.34" sx="M,M,M,F"/><TAIKYOKU oya="0"/><INIT seed="0,0,0,1,0,33" ten="250,250,250,250" oya="0" hai0="77,106,8,56,111,108,105,10,112,18,85,109,99" hai1="104,50,64,69,45,82,20,4,70,30,16,49,6" hai2="36,74,116,43,39,75,40,103,55,23,1,58,90" hai3="5,57,38,97,63,41,61,78,110,84,122,17,101"/><T131/><D112/><U29/><E104/><N who="0" m="40041" /><D131/><U66/><E82/><V120/><F120/><W44/><G122/><T72/><D72/><U53/><E69/><V114/><F23/><W22/><G78/><T115/><D115/><U24/><E70/><V133/><F114/><W52/><G84/><T125/><D125/><U132/><E132/><V117/><F90/><W3/><G110/><T89/><D56/><U67/><REACH who="1" step="1"/><E49/><REACH who="1" ten="250,240,250,250" step="2"/><V76/><F133/><W68/><G68/><T28/><D77/><U15/><E15/><V46/><F76/><W26/><G63/><T92/><D28/><AGARI ba="0,1" hai="4,6,16,20,24,28,29,30,45,50,53,64,66,67" machi="28" ten="40,5200,0" yaku="1,1,8,1,54,1,53,0" doraHai="33" doraHaiUra="119" who="1" fromWho="0" sc="250,-52,240,62,250,0,250,0" /><INIT seed="1,0,0,0,1,56" ten="198,302,250,250" oya="1" hai0="15,50,52,78,95,27,38,54,90,0,70,128,5" hai1="120,6,62,4,97,30,21,37,8,82,102,12,23" hai2="3,106,68,17,112,114,105,131,47,28,109,31,121" hai3="59,61,33,43,35,130,71,14,65,34,57,119,132"/><U94/><E120/><V16/><F121/><W80/><G130/><T99/><D38/><U127/><E127/><V133/><F131/><W39/><G132/><T63/><D128/><U49/><E37/><V81/><F133/><W123/><G123/><T2/><D78/><U125/><E125/><V26/><F109/><W86/><G119/><T98/><D27/><U58/><E49/><V40/><F3/><W53/><G14/><T73/><D73/><U60/><E4/><V116/><F116/><W69/><G59/><N who="0" m="35319" /><D70/><U129/><E129/><V91/><F68/><W25/><G25/><T51/><D51/><U111/><E111/><V55/><F55/><W32/><N who="3" m="8192" /><DORA hai="108" /><W88/><REACH who="3" step="1"/><G65/><REACH who="3" ten="198,302,250,240" step="2"/><T44/><D2/><U64/><E64/><V74/><F26/><W93/><G93/><T122/><D0/><U11/><E94/><V101/><F106/><W7/><G7/><T83/><D122/><U87/><E6/><V42/><F105/><W18/><G18/><T19/><D5/><U9/><E12/><V115/><F17/><W72/><G72/><T45/><D45/><AGARI ba="0,1" hai="39,43,45,53,57,61,69,71,80,86,88" m="8192" machi="45" ten="70,8000,1" yaku="1,1,52,1,54,1,53,0" doraHai="56,108" doraHaiUra="20,75" who="3" fromWho="0" sc="198,-80,302,0,250,0,240,90" /><INIT seed="2,0,0,4,1,121" ten="118,302,250,330" oya="2" hai0="19,7,30,80,39,135,3,132,98,116,73,25,29" hai1="103,124,55,131,88,23,10,114,17,15,63,20,26" hai2="57,16,79,69,27,21,111,12,78,22,117,11,67" hai3="85,14,48,4,28,72,60,31,102,9,87,13,44"/><V59/><F117/><W53/><G72/><T93/><D39/><U115/><E103/><V100/><F69/><W86/><G102/><T33/><D116/><U83/><E131/><V91/><F100/><W34/><G34/><T36/><D30/><N who="3" m="11305" /><G14/><T90/><D36/><U108/><E124/><V112/><F112/><W32/><G32/><T58/><D58/><N who="2" m="22026" /><F67/><W18/><G60/><T42/><D42/><U24/><E63/><V110/><F91/><W75/><G75/><T2/><D19/><AGARI ba="0,0" hai="4,9,13,18,19,44,48,53,85,86,87" m="11305" machi="19" ten="30,1000,0" yaku="8,1" doraHai="121" who="3" fromWho="0" sc="118,-10,302,0,250,0,330,10" /><INIT seed="3,0,0,2,0,124" ten="108,302,250,340" oya="3" hai0="117,127,31,108,58,99,38,95,39,19,75,33,40" hai1="15,49,96,66,78,3,50,62,68,104,130,88,0" hai2="119,98,122,6,67,12,93,132,23,55,28,82,77" hai3="114,59,100,84,53,134,34,16,47,65,81,52,7"/><W111/><G114/><T72/><D117/><U25/><E78/><V103/><F119/><W35/><G134/><T129/><D127/><U54/><E49/><V128/><F132/><W126/><G126/><T2/><D2/><U110/><E110/><V74/><F122/><W26/><G7/><T89/><D108/><U13/><E13/><V42/><F67/><W135/><G135/><T121/><D121/><U5/><E104/><V1/><F1/><W61/><G111/><T43/><D58/><U94/><E130/><V80/><F42/><W11/><G100/><T69/><D69/><U41/><E41/><V63/><F82/><W18/><G35/><T79/><D19/><U106/><E106/><V36/><F36/><W118/><G118/><T60/><D60/><U37/><E37/><V64/><F55/><N who="3" m="21067" /><G47/><T112/><D112/><U24/><E15/><V9/><F23/><N who="3" m="13687" /><G34/><T123/><D123/><U46/><REACH who="1" step="1"/><E5/><REACH who="1" ten="108,292,250,340" step="2"/><V97/><F97/><W92/><G61/><T56/><D39/><U44/><E44/><V29/><REACH who="2" step="1"/><F128/><REACH who="2" ten="108,292,240,340" step="2"/><W83/><G65/><T109/><D129/><U45/><E45/><V87/><F87/><W102/><G84/><T20/><D38/><U70/><E70/><AGARI ba="0,2" hai="6,9,12,28,29,63,64,70,74,77,80,93,98,103" machi="70" ten="30,3900,0" yaku="1,1,7,1,53,1" doraHai="124" doraHaiUra="91" who="2" fromWho="1" sc="108,0,292,-39,240,59,340,0" owari="108,-39.0,253,-15.0,299,10.0,340,44.0" /></mjloggm>