<mjloggm ver="2.3"><GO type="169" lobby="0"/><UN n0="%E3%83%89%E3%83%A9%EF%BC%91%EF%BC%92%EF%BC%90%EF%BC%85" n1="%E4%B9%9D%E4%B8%88%E8%8A%B1%E9%9F%B3" n2="%E6%9D%BE%E5%B1%8B%E3%81%8A%E3%81%98%E3%81%95%E3%82%93" n3="%31%74%61" dan="17,16,19,17" rate="2237.84,2182.75,2268.76,2167.92" sx="M,F,M,M"/><TAIKYOKU oya="0"/><INIT seed="0,0,0,2,5,35" ten="250,250,250,250" oya="0" hai0="125,19,101,94,134,135,42,113,62,25,91,70,110" hai1="107,2,15,5,73,47,9,59,83,29,127,64,6" hai2="123,14,44,111,36,50,89,38,13,1,8,57,31" hai3="118,28,129,16,12,39,26,48,116,80,112,100,3"/><T75/><D113/><U60/><E107/><V106/><F123/><W33/><G39/><T27/><D75/><U87/><E127/><V4/><F111/><W82/><G112/><T41/><D125/><U105/><E105/><V10/><F106/><W72/><G129/><T56/><D70/><U66/><E73/><V79/><F79/><W74/><G100/><T109/><D101/><U51/><E29/><V128/><F128/><W7/><G74/><T49/><D49/><U52/><E6/><V96/><F31/><W122/><G122/><T67/><D42/><U55/><REACH who="1" step="1"/><E2/><REACH who="1" ten="250,240,250,250" step="2"/><V53/><F1/><W81/><G72/><T88/><D41/><U0/><E0/><V84/><F96/><W21/><REACH who="3" step="1"/><G48/><REACH who="3" ten="250,240,250,240" step="2"/><T43/><D135/><U126/><E126/><V92/><F38/><W76/><G76/><AGARI ba="0,2" hai="5,9,15,47,51,52,55,59,60,64,66,76,83,87" machi="76" ten="30,7700,0" yaku="1,1,7,1,8,1,54,1,53,0" doraHai="35" doraHaiUra="90" who="1" fromWho="3" sc="250,0,240,97,250,0,240,-77" /><INIT seed="1,0,0,0,1,50" ten="250,337,250,163" oya="1" hai0="101,113,77,53,123,90,52,95,85,27,21,48,79" hai1="87,32,44,46,11,36,69,82,107,38,102,72,16" hai2="124,47,98,0,125,37,71,65,78,30,88,22,100" hai3="108,15,80,104,19,34,106,121,40,114,120,109,24"/><U99/><E69/><V62/><F78/><N who="0" m="29706" /><D113/><U14/><E72/><V135/><F0/><W68/><G68/><T26/><D123/><N who="3" m="47177" /><G40/><T112/><D112/><U9/><E32/><V12/><F135/><W115/><G80/><T130/><D130/><U33/><E33/><V43/><F12/><W75/><G75/><T39/><D39/><U89/><E44/><V119/><F119/><W4/><G4/><T2/><D2/><U45/><E46/><V122/><F122/><W76/><G76/><T129/><D129/><U128/><E128/><V94/><REACH who="2" step="1"/><F100/><REACH who="2" ten="250,337,240,163" step="2"/><W66/><G115/><T55/><D101/><U91/><E11/><V25/><AGARI ba="0,1" hai="22,25,30,37,43,47,62,65,71,88,94,98,124,125" machi="25" ten="30,8000,1" yaku="1,1,2,1,0,1,54,1,53,1" doraHai="50" doraHaiUra="59" who="2" fromWho="2" sc="250,-20,337,-40,240,90,163,-20" /><INIT seed="2,0,0,1,3,9" ten="230,297,330,143" oya="2" hai0="66,24,112,135,48,90,18,98,129,33,105,86,79" hai1="126,111,92,91,89,113,61,71,97,34,103,94,58" hai2="25,31,120,27,104,32,8,41,51,35,130,121,73" hai3="46,82,116,76,12,45,117,95,80,21,65,13,70"/><V7/><F73/><W62/><G95/><T3/><D3/><U124/><E34/><N who="2" m="20847" /><F104/><W114/><G114/><T52/><D112/><U53/><E113/><V54/><F54/><W106/><G106/><T127/><D66/><U63/><E111/><V84/><F84/><W64/><G21/><T47/><D127/><U5/><E5/><V78/><F78/><W0/><G0/><T49/><D129/><U132/><E132/><V26/><F51/><W119/><G65/><T22/><D135/><U30/><E30/><N who="2" m="19543" /><F41/><W122/><G122/><T10/><D33/><U101/><E71/><V57/><F57/><W6/><G6/><T16/><D79/><U123/><E123/><V107/><F107/><W72/><REACH who="3" step="1"/><G82/><REACH who="3" ten="230,297,330,133" step="2"/><T75/><D105/><U29/><E124/><V93/><F93/><W133/><G133/><T40/><D98/><U11/><E126/><V14/><F130/><W115/><G115/><T20/><D10/><U109/><E94/><V39/><F39/><W2/><G2/><T67/><D67/><U38/><E92/><V102/><F102/><W74/><G74/><T81/><D75/><U59/><E101/><V44/><F35/><W23/><G23/><N who="0" m="13415" /><D18/><U83/><E103/><V100/><F100/><W55/><G55/><T60/><D60/><U17/><E61/><V77/><F120/><W28/><G28/><T68/><D68/><U37/><E53/><V118/><F121/><W131/><G131/><T50/><D52/><U88/><E63/><V42/><F7/><W56/><G56/><T19/><D22/><U4/><E59/><V1/><F1/><RYUUKYOKU ba="0,1" sc="230,15,297,-15,330,-15,133,15" hai0="19,20,40,47,48,49,50,81,86,90" hai3="12,13,45,46,62,64,70,72,76,80,116,117,119" /><INIT seed="3,1,1,1,1,16" ten="245,282,315,148" oya="3" hai0="32,91,95,35,106,38,49,20,72,13,93,132,62" hai1="59,57,129,56,88,5,117,111,29,46,8,14,87" hai2="79,101,77,42,45,37,107,112,70,26,133,96,131" hai3="105,118,6,108,28,61,81,44,115,51,11,89,84"/><W121/><G115/><T92/><D38/><U73/><E73/><V53/><F112/><W63/><G118/><T86/><D106/><U36/><E111/><V83/><F133/><W34/><G121/><T71/><D132/><U55/><E117/><V119/><F119/><W41/><G105/><T113/><D113/><U124/><E129/><V80/><F131/><W76/><G108/><T67/><D72/><U110/><E124/><V99/><F99/><W97/><G34/><T50/><D35/><U75/><E75/><V64/><F53/><W31/><G97/><T114/><D32/><U82/><E110/><V123/><F26/><W24/><G89/><T17/><REACH who="0" step="1"/><D114/><REACH who="0" ten="235,282,315,148" step="2"/><U69/><E36/><V4/><F37/><W18/><G18/><T33/><D33/><U85/><E69/><V94/><F70/><W103/><G103/><T100/><D100/><U104/><E104/><V68/><F68/><W130/><G130/><T23/><D23/><U12/><E8/><V19/><F19/><W52/><G24/><T102/><D102/><U25/><E25/><V127/><F101/><W65/><G41/><T134/><D134/><U7/><E29/><N who="3" m="11338" /><G65/><T27/><D27/><U116/><E116/><V2/><F64/><W3/><G3/><T22/><D22/><U109/><E109/><V0/><F0/><W66/><G66/><T54/><D54/><U126/><E55/><V78/><F2/><W125/><G125/><T74/><D74/><U120/><E126/><V48/><F127/><W30/><G30/><T43/><D43/><U15/><E120/><V40/><F123/><RYUUKYOKU ba="1,2" sc="235,15,282,-15,315,-15,148,15" hai0="13,17,20,49,50,62,67,71,86,91,92,93,95" hai3="6,11,44,51,52,61,63,76,81,84" /><INIT seed="3,2,2,2,4,3" ten="250,267,300,163" oya="3" hai0="59,14,114,71,113,60,62,102,129,27,25,108,37" hai1="52,64,41,131,103,95,111,86,80,23,17,21,82" hai2="29,12,130,7,42,18,128,124,19,46,68,11,40" hai3="123,81,47,65,122,9,45,74,36,133,101,38,117"/><W44/><G117/><T63/><D108/><U32/><E32/><V61/><F124/><W49/><G133/><T98/><D37/><N who="3" m="14441" /><G101/><T10/><D129/><N who="2" m="49770" /><F46/><N who="3" m="18027" /><G81/><T76/><D71/><U116/><E111/><V89/><F29/><W135/><G9/><T100/><D59/><U94/><E41/><N who="2" m="15979" /><F89/><W72/><G135/><T112/><D76/><U87/><E116/><V125/><F125/><W115/><G115/><T106/><REACH who="0" step="1"/><D102/><REACH who="0" ten="240,267,300,163" step="2"/><U4/><E103/><V85/><F85/><W0/><G74/><T5/><AGARI ba="2,3" hai="5,10,14,25,27,60,62,63,98,100,106,112,113,114" machi="5" ten="40,8000,1" yaku="1,1,2,1,0,1,11,1,52,1,53,0" doraHai="3" doraHaiUra="33" who="0" fromWho="0" sc="240,116,267,-22,300,-22,163,-42" /><INIT seed="4,0,0,2,4,79" ten="356,245,278,121" oya="0" hai0="133,69,128,104,34,88,95,8,28,59,68,98,91" hai1="19,58,36,77,20,54,84,115,39,7,105,74,2" hai2="15,43,26,31,132,60,45,101,94,4,102,35,52" hai3="76,78,123,13,49,110,1,40,29,62,107,93,113"/><T114/><D114/><U82/><E105/><V42/><F132/><W89/><G110/><T80/><D133/><U11/><E115/><V51/><F94/><W86/><G113/><T92/><D104/><U73/><E73/><V81/><F43/><W85/><G107/><T47/><D128/><U117/><E74/><V64/><F42/><W124/><G1/><T130/><D130/><U17/><E17/><V67/><F67/><W37/><G37/><T70/><D47/><U125/><E125/><V116/><F116/><W22/><G124/><T3/><D28/><U25/><REACH who="1" step="1"/><E117/><REACH who="1" ten="356,235,278,121" step="2"/><V16/><F4/><W99/><G123/><T9/><D70/><U119/><E119/><V5/><F5/><W44/><G29/><T10/><D69/><U12/><E12/><V23/><REACH who="2" step="1"/><F81/><REACH who="2" ten="356,235,268,121" step="2"/><W46/><G93/><T126/><D80/><U120/><E120/><V75/><F75/><W131/><G131/><T33/><D126/><U57/><E57/><AGARI ba="0,2" hai="15,16,23,26,31,35,45,51,52,57,60,64,101,102" machi="57" ten="30,7700,0" yaku="1,1,7,1,54,2,53,0" doraHai="79" doraHaiUra="71" who="2" fromWho="1" sc="356,0,235,-77,268,97,121,0" /><INIT seed="5,0,0,0,5,94" ten="356,158,365,121" oya="1" hai0="2,30,50,105,6,120,91,74,32,36,90,83,13" hai1="9,110,56,29,71,111,88,85,10,108,59,25,70" hai2="119,80,18,69,130,135,39,5,132,51,16,113,8" hai3="1,35,28,78,115,93,46,131,114,117,34,48,98"/><U95/><E59/><V65/><F119/><W68/><G117/><T19/><D36/><U61/><E10/><V75/><F130/><W24/><G1/><T118/><D105/><U0/><E9/><V133/><F39/><W40/><G68/><T62/><D6/><U82/><E82/><V26/><F113/><W125/><G131/><T76/><D2/><U12/><E12/><V44/><F26/><W92/><G125/><T45/><D120/><U129/><E0/><N who="2" m="39" /><F75/><W33/><G78/><T124/><D124/><U99/><E85/><V73/><F65/><W52/><G92/><T128/><D128/><U15/><E15/><V57/><F69/><W102/><REACH who="3" step="1"/><G40/><REACH who="3" ten="356,158,365,111" step="2"/><T14/><D76/><U84/><E129/><V127/><F127/><W41/><G41/><T77/><D77/><U134/><E134/><V116/><F116/><W81/><G81/><T101/><D83/><U49/><E49/><V3/><F3/><W104/><G104/><T109/><D50/><U27/><E84/><V86/><F73/><W42/><G42/><T122/><D74/><U112/><E112/><AGARI ba="0,1" hai="24,28,33,34,35,46,48,52,93,98,102,112,114,115" machi="112" ten="40,8000,1" yaku="1,1,15,1,52,1,54,1,53,1" doraHai="94" doraHaiUra="47" who="3" fromWho="1" sc="356,0,158,-80,365,0,111,90" /><INIT seed="6,0,0,0,4,135" ten="356,78,365,201" oya="2" hai0="124,80,51,11,27,134,75,76,1,84,17,127,2" hai1="79,35,13,32,68,0,3,37,60,14,70,102,72" hai2="97,105,100,71,86,36,106,12,77,19,49,125,94" hai3="112,103,52,47,91,44,104,73,45,123,119,131,83"/><V78/><F36/><W25/><G119/><T56/><D134/><U128/><E102/><V115/><F71/><W69/><G123/><T16/><D75/><U129/><E60/><V50/><F115/><W95/><G69/><N who="1" m="26730" /><E72/><V65/><F65/><W55/><G131/><N who="1" m="50250" /><E79/><V57/><F50/><W15/><G112/><T54/><D27/><U42/><E42/><V31/><F31/><W20/><G15/><N who="1" m="5642" /><E37/><V85/><F78/><W4/><G103/><T23/><D17/><U64/><E64/><V120/><F77/><W90/><G73/><T5/><REACH who="0" step="1"/><D2/><AGARI ba="0,0" hai="0,2,3,32,35" m="5642,50250,26730" machi="2" ten="40,5200,0" yaku="28,2,19,1" doraHai="135" who="1" fromWho="0" sc="356,-52,78,52,365,0,201,0" /><INIT seed="7,0,0,3,5,49" ten="304,130,365,201" oya="3" hai0="29,63,91,30,131,42,111,86,92,20,37,97,67" hai1="44,53,69,129,115,122,95,83,124,104,127,13,135" hai2="22,114,66,112,85,54,76,41,106,103,84,38,12" hai3="105,58,123,48,126,27,51,60,55,46,100,72,107"/><W59/><G123/><T81/><D111/><U118/><E122/><V50/><F66/><W120/><G120/><T121/><D121/><U101/><E104/><V73/><F38/><W11/><G72/><T34/><D131/><U32/><E32/><V132/><F41/><W33/><G126/><T18/><D34/><U17/><E69/><V19/><F132/><W6/><G100/><T130/><D42/><U65/><E135/><V102/><F73/><W31/><G48/><T3/><D3/><U5/><E129/><V47/><F76/><W110/><G59/><T119/><D37/><U36/><E36/><V43/><F43/><W109/><G107/><T45/><D45/><U113/><E118/><V21/><F21/><W98/><G98/><T77/><D119/><U25/><E83/><V74/><F74/><W70/><G105/><T57/><REACH who="0" step="1"/><D130/><REACH who="0" ten="294,130,365,201" step="2"/><U64/><E5/><V39/><F39/><W133/><G133/><T52/><D52/><U15/><E25/><AGARI ba="0,1" hai="18,20,25,29,30,57,63,67,77,81,86,91,92,97" machi="25" ten="30,7700,0" yaku="1,1,7,1,8,1,53,1" doraHai="49" doraHaiUra="89" who="0" fromWho="1" sc="294,87,130,-77,365,0,201,0" owari="381,48.0,53,-45.0,365,17.0,201,-20.0" /></mjloggm>