<mjloggm ver="2.3"><GO type="169" lobby="0"/><UN n0="%74%73%75%72%75%68%6F" n1="%6E%2E%67%2E%73" n2="%E3%81%8A%E3%81%84%E3%81%AE%E3%82%8A" n3="%E3%83%89%E3%83%B3%E3%82%AB%E3%83%A9%E3%82%B9" dan="17,16,16,16" rate="2202.45,2109.28,2133.36,2079.08" sx="M,M,M,M"/><TAIKYOKU oya="0"/><INIT seed="0,0,0,0,5,17" ten="250,250,250,250" oya="0" hai0="126,135,28,83,61,105,44,38,112,45,30,114,69" hai1="81,64,13,22,66,90,109,29,132,54,78,104,34" hai2="24,84,1,82,122,47,101,73,2,42,117,107,59" hai3="37,88,130,106,41,129,87,58,123,7,92,40,111"/><T20/><D105/><U56/><E104/><V100/><F122/><W121/><G111/><T134/><D83/><U86/><E109/><V67/><F73/><W31/><G7/><T102/><D102/><U4/><E132/><N who="0" m="50729" /><D38/><U96/><E34/><V65/><F117/><W95/><G106/><T108/><D108/><U52/><E54/><V62/><F67/><W85/><G37/><T26/><D126/><U70/><E70/><V50/><F24/><W11/><G11/><T71/><D30/><U120/><E120/><N who="3" m="46154" /><G31/><T119/><D119/><U98/><E4/><V103/><REACH who="2" step="1"/><F107/><REACH who="2" ten="250,250,240,250" step="2"/><W99/><G130/><T68/><D61/><U75/><E66/><V36/><F36/><W9/><G129/><T93/><D93/><U14/><E64/><V116/><F116/><W0/><G95/><T55/><D55/><U10/><E75/><V32/><F32/><W27/><G92/><T74/><D74/><U79/><E98/><V57/><F57/><W89/><G58/><T124/><D124/><U18/><E96/><V16/><F16/><W25/><G99/><T115/><AGARI ba="0,1" hai="20,26,28,44,45,68,69,71,112,114,115" m="50729" machi="115" ten="50,4800,0" yaku="20,1,52,1" doraHai="17" who="0" fromWho="0" sc="250,58,250,-16,240,-16,250,-16" /><INIT seed="0,1,0,2,1,32" ten="308,234,224,234" oya="0" hai0="117,125,83,31,74,78,29,2,38,102,12,45,127" hai1="53,105,3,118,94,35,100,110,51,68,69,104,114" hai2="92,1,21,20,133,11,73,26,113,71,72,4,0" hai3="90,132,8,124,56,6,63,120,43,108,98,57,30"/><T122/><D117/><U81/><E118/><V88/><F71/><W96/><G108/><T80/><D122/><U129/><E35/><V112/><F133/><W18/><G132/><T91/><D102/><U15/><E110/><V77/><F21/><W46/><G124/><N who="0" m="47691" /><D12/><U97/><E129/><V89/><F89/><W41/><G120/><T82/><D2/><U54/><E54/><V67/><F67/><W19/><G30/><N who="0" m="11275" /><D91/><U22/><E114/><V103/><F103/><W109/><G109/><T76/><D74/><U42/><E105/><V135/><F135/><W40/><G90/><T58/><D58/><U115/><E115/><V7/><F77/><N who="0" m="29802" /><D45/><U84/><E104/><V39/><F72/><W52/><G46/><T37/><AGARI ba="1,0" hai="37,38,80,82,83" m="29802,11275,47691" machi="37" ten="40,7800,0" yaku="28,2,18,1" doraHai="32" who="0" fromWho="0" sc="308,81,234,-27,224,-27,234,-27" /><INIT seed="0,2,0,3,3,73" ten="389,207,197,207" oya="0" hai0="120,77,87,103,106,57,25,13,35,111,7,55,127" hai1="107,74,31,56,69,52,19,44,101,48,54,83,49" hai2="92,75,43,105,117,124,82,89,8,119,76,61,39" hai3="22,100,118,88,96,63,95,16,66,2,18,41,112"/><T28/><D120/><U45/><E31/><V10/><F105/><W110/><G112/><T24/><D127/><U46/><E107/><V3/><F124/><W17/><G118/><N who="2" m="45065" /><F61/><W30/><G110/><T42/><D42/><U94/><E101/><V4/><F10/><W130/><G2/><T135/><D103/><U134/><E94/><V131/><F131/><W62/><G130/><T79/><D106/><U113/><E113/><V40/><F39/><W34/><G41/><T121/><D121/><U1/><E1/><V85/><AGARI ba="2,0" hai="3,4,8,40,43,75,76,82,85,89,92" m="45065" machi="85" ten="30,2000,0" yaku="12,1,52,1" doraHai="73" who="2" fromWho="2" sc="389,-12,207,-7,197,26,207,-7" /><INIT seed="1,0,0,1,4,22" ten="377,200,223,200" oya="1" hai0="2,97,12,63,34,125,131,134,86,55,83,51,116" hai1="77,71,91,85,54,90,19,13,25,33,117,10,96" hai2="50,98,129,5,40,106,66,82,58,61,101,15,18" hai3="113,102,27,29,41,0,95,4,121,6,23,89,122"/><U64/><E117/><V111/><F111/><W74/><G113/><T108/><D2/><U84/><E96/><V38/><F129/><W39/><G102/><T43/><D116/><U103/><E103/><V105/><F5/><W73/><G122/><T112/><D112/><U87/><E77/><V35/><F35/><W3/><G6/><T130/><D34/><U46/><E71/><V57/><F38/><W7/><G7/><T88/><D108/><U133/><E64/><V14/><F82/><W68/><G68/><T60/><D134/><U120/><E120/><V8/><F15/><W9/><G121/><T107/><D43/><U31/><E133/><V16/><F18/><W114/><G0/><T45/><D125/><U59/><REACH who="1" step="1"/><E46/><REACH who="1" ten="377,190,223,200" step="2"/><V11/><F106/><W118/><G118/><T72/><D107/><U110/><E110/><V56/><F57/><W127/><G114/><T48/><D97/><U24/><E24/><V81/><F56/><W28/><G127/><T69/><D69/><U20/><E20/><V80/><REACH who="2" step="1"/><F8/><REACH who="2" ten="377,190,213,200" step="2"/><W109/><G109/><T128/><D128/><U26/><E26/><V93/><F93/><W49/><G9/><T21/><D21/><U67/><E67/><V53/><F53/><W99/><G23/><T76/><D131/><U132/><E132/><V115/><F115/><W78/><G27/><T37/><D130/><U32/><E32/><V79/><F79/><W44/><G78/><T1/><D76/><U75/><E75/><V42/><F42/><N who="3" m="24727" /><G74/><T62/><D72/><U135/><E135/><V36/><F36/><W124/><G73/><RYUUKYOKU ba="0,2" sc="377,-15,190,15,213,15,200,-15" hai1="10,13,19,25,31,33,54,59,84,85,87,90,91" hai2="11,14,16,40,50,58,61,66,80,81,98,101,105" /><INIT seed="1,1,2,1,3,56" ten="362,205,228,185" oya="1" hai0="93,84,134,94,53,88,66,6,24,103,64,58,62" hai1="109,126,102,0,41,129,35,70,5,108,106,132,75" hai2="82,104,110,57,45,86,27,71,69,115,123,37,105" hai3="51,48,124,2,36,13,63,33,26,113,12,92,21"/><U34/><RYUUKYOKU type="yao9" ba="1,2" sc="362,0,205,0,228,0,185,0" hai1="0,5,34,35,41,70,75,102,106,108,109,126,129,132" /><INIT seed="1,2,2,3,3,28" ten="362,205,228,185" oya="1" hai0="94,56,20,3,124,97,68,134,45,59,104,36,70" hai1="26,17,114,14,131,2,29,132,69,108,31,127,6" hai2="5,12,33,73,64,18,112,72,44,79,51,83,111" hai3="1,119,25,91,47,54,105,90,123,120,98,96,35"/><U81/><E69/><V10/><F111/><W74/><G1/><T66/><D3/><U61/><E114/><V95/><F112/><W50/><G74/><T77/><D104/><U109/><E61/><V11/><F64/><W102/><G119/><T37/><D77/><U100/><E100/><V49/><F95/><W38/><G38/><T32/><D20/><U60/><E60/><V40/><F33/><W65/><G65/><T23/><D23/><U67/><E67/><V52/><F72/><W75/><G75/><T129/><D66/><U13/><E81/><V103/><F103/><W24/><G24/><T15/><D45/><U135/><E2/><V39/><REACH who="2" step="1"/><F52/><REACH who="2" ten="362,205,218,185" step="2"/><W55/><G55/><T27/><D94/><U58/><E58/><V88/><F88/><W84/><G91/><T107/><D59/><U46/><E46/><V92/><F92/><W62/><G62/><T93/><D93/><U117/><E117/><V30/><F30/><W126/><G98/><T16/><D56/><U42/><E42/><V9/><F9/><W116/><G116/><T57/><D97/><U19/><E6/><V87/><F87/><W82/><G126/><T121/><D57/><U128/><E26/><V99/><F99/><W63/><G63/><T122/><D124/><AGARI ba="2,3" hai="13,14,17,19,29,31,108,109,124,127,128,131,132,135" machi="124" ten="25,12000,1" yaku="22,2,34,3" doraHai="28" who="1" fromWho="0" sc="362,-126,205,156,218,0,185,0" /><INIT seed="1,3,0,1,3,93" ten="236,361,218,185" oya="1" hai0="123,22,42,67,46,106,77,1,82,8,99,6,66" hai1="37,88,4,25,102,38,84,115,14,112,3,109,33" hai2="48,41,2,29,70,30,128,65,58,76,74,24,119" hai3="100,11,107,71,56,90,134,104,47,121,86,80,89"/><U78/><E3/><V81/><F119/><W130/><G71/><T124/><D124/><U32/><E78/><V5/><F128/><W96/><G121/><T40/><D123/><U59/><E102/><V131/><F131/><W26/><G130/><T85/><D42/><U57/><E4/><V23/><F70/><W111/><G111/><T114/><D114/><U129/><E129/><V75/><F75/><W15/><G134/><T135/><D135/><U43/><E14/><V53/><F65/><W91/><G56/><T63/><D22/><U87/><E43/><V117/><F117/><W51/><G26/><T110/><D110/><U73/><E73/><V98/><F41/><W44/><G107/><T17/><D17/><U62/><E62/><V72/><F72/><W133/><G133/><T16/><D16/><U92/><E109/><V18/><F5/><W7/><REACH who="3" step="1"/><G47/><REACH who="3" ten="236,361,218,175" step="2"/><T68/><D68/><U122/><E122/><V0/><F30/><W27/><G27/><T97/><D106/><U79/><E25/><V55/><F29/><W118/><G118/><T95/><D46/><U10/><E57/><V127/><F127/><W113/><G113/><T125/><D125/><U132/><E132/><V21/><F58/><W36/><G36/><T52/><D67/><U126/><E126/><V20/><F24/><W105/><G105/><T83/><D66/><U13/><E59/><V54/><F48/><W60/><G60/><T103/><D63/><U12/><E38/><V94/><REACH who="2" step="1"/><F18/><REACH who="2" ten="236,361,208,175" step="2"/><W34/><G34/><N who="1" m="13418" /><E37/><V9/><F9/><W45/><G45/><T31/><D8/><RYUUKYOKU ba="3,2" sc="236,-15,361,-15,208,15,175,15" hai2="0,2,20,21,23,53,54,55,74,76,81,94,98" hai3="7,11,15,44,51,80,86,89,90,91,96,100,104" /><INIT seed="2,4,2,1,5,112" ten="221,346,223,190" oya="2" hai0="53,123,83,111,106,31,34,107,96,25,48,21,14" hai1="54,115,64,40,6,35,36,28,122,125,127,129,100" hai2="97,65,63,69,135,71,19,67,39,33,52,105,108" hai3="84,0,38,117,43,134,23,92,17,120,99,130,32"/><V2/><F2/><W5/><G120/><T10/><D123/><U8/><E115/><V89/><F39/><W61/><G32/><T26/><D111/><U77/><E122/><V62/><F33/><W68/><G84/><T22/><D83/><U103/><E77/><V24/><F108/><W44/><G134/><T18/><D96/><U3/><E64/><V131/><F131/><W78/><G78/><T73/><D73/><U128/><E54/><V41/><F41/><W82/><G82/><T37/><D37/><U74/><E74/><V104/><F135/><W60/><G130/><N who="1" m="50282" /><E103/><V16/><F24/><W109/><G109/><T59/><REACH who="0" step="1"/><D34/><REACH who="0" ten="211,346,223,190" step="2"/><U70/><E100/><V66/><F97/><W12/><G99/><T51/><D51/><U90/><E90/><V95/><F104/><W121/><G121/><T87/><D87/><U124/><E36/><V11/><F105/><W72/><G72/><T49/><D49/><U45/><E35/><V46/><F69/><W91/><G68/><T86/><D86/><U55/><E70/><V98/><F71/><W94/><G91/><T29/><AGARI ba="4,3" hai="10,14,18,21,22,25,26,29,31,48,53,59,106,107" machi="29" ten="20,5200,0" yaku="1,1,0,1,7,1,9,1,53,0" doraHai="112" doraHaiUra="116" who="0" fromWho="0" sc="211,94,346,-17,223,-30,190,-17" /><INIT seed="3,0,0,4,3,103" ten="305,329,193,173" oya="3" hai0="39,14,2,93,28,116,104,61,134,17,89,81,57" hai1="124,63,59,48,8,84,131,106,98,16,117,70,72" hai2="125,33,80,97,41,4,50,56,102,94,11,111,127" hai3="9,55,58,114,77,66,126,78,113,22,29,67,83"/><W132/><G126/><T34/><D116/><U123/><E123/><V75/><F33/><W133/><G9/><T108/><D2/><U107/><E72/><V6/><F111/><W91/><G91/><T79/><D39/><U64/><BYE who="3" /><E124/><V122/><F122/><W128/><G128/><T71/><D71/><U35/><E35/><V46/><F6/><W92/><G92/><T21/><D108/><UN n3="%E3%83%89%E3%83%B3%E3%82%AB%E3%83%A9%E3%82%B9" /><U119/><E98/><V52/><F80/><W100/><G100/><T18/><D134/><N who="3" m="51817" /><G22/><T90/><D104/><U110/><E110/><V30/><F30/><W38/><G38/><T65/><D34/><U31/><E31/><V121/><F121/><W40/><G40/><T37/><D37/><U19/><E84/><V51/><REACH who="2" step="1"/><F75/><REACH who="2" ten="305,329,183,173" step="2"/><N who="3" m="43455" /><G29/><T36/><D28/><U0/><E131/><V1/><AGARI ba="0,1" hai="1,4,11,41,46,50,51,52,56,94,97,102,125,127" machi="1" ten="30,8000,1" yaku="1,1,0,1,54,1,53,2" doraHai="103" doraHaiUra="47" who="2" fromWho="2" sc="305,-20,329,-20,183,90,173,-40" /><INIT seed="4,0,0,3,4,96" ten="285,309,273,133" oya="0" hai0="115,56,74,2,49,109,30,71,87,41,128,134,23" hai1="55,111,125,129,50,130,43,110,92,44,63,28,113" hai2="88,99,93,81,64,100,68,108,4,90,13,123,27" hai3="33,9,98,124,73,59,62,51,8,19,60,133,57"/><T14/><D74/><U79/><E79/><V35/><F108/><W21/><G33/><T104/><D71/><U86/><E86/><V40/><F123/><W119/><G119/><T120/><D2/><U101/><E28/><V11/><F40/><W91/><G73/><T66/><D104/><U76/><E76/><V77/><F64/><W131/><G124/><T37/><D120/><U17/><E17/><V42/><F68/><W69/><G69/><T26/><D109/><U112/><E92/><V22/><F42/><W89/><G133/><T75/><D75/><U0/><E0/><V95/><F93/><W94/><G131/><N who="1" m="50186" /><E101/><V48/><F48/><W118/><G51/><T3/><D134/><U20/><E20/><V5/><F5/><W52/><G91/><T31/><D3/><U103/><E103/><V116/><F35/><W47/><G47/><T53/><D128/><U6/><E6/><V34/><F34/><W1/><G118/><T82/><D14/><U29/><E29/><V12/><F13/><W10/><G1/><T46/><D31/><U25/><E25/><V67/><F67/><W18/><REACH who="3" step="1"/><G21/><REACH who="3" ten="285,309,273,123" step="2"/><T127/><D23/><U15/><E125/><V45/><F45/><W97/><G97/><T135/><D127/><U126/><E126/><V121/><F116/><W72/><G72/><T58/><D135/><U80/><E111/><V39/><F121/><W85/><G85/><T107/><D87/><U122/><E122/><V38/><F90/><W78/><G78/><T83/><D46/><U132/><E132/><V61/><F77/><W106/><G106/><RYUUKYOKU ba="0,1" sc="285,-10,309,-10,273,-10,123,30" hai3="8,9,10,18,19,52,57,59,60,62,89,94,98" /><INIT seed="5,1,1,2,0,57" ten="275,299,263,153" oya="1" hai0="16,82,47,52,64,107,133,25,65,2,33,58,117" hai1="104,5,93,7,14,4,88,134,8,91,118,29,79" hai2="26,24,44,92,48,78,76,114,67,80,123,49,90" hai3="119,31,43,54,101,109,103,41,102,30,11,6,128"/><U130/><E118/><V45/><F123/><W116/><G109/><T42/><D117/><N who="3" m="45129" /><G54/><T77/><D107/><U27/><E104/><V63/><F114/><W135/><G135/><T66/><D2/><U121/><E121/><V60/><F67/><W106/><G106/><T20/><D33/><U100/><E134/><V1/><F1/><W120/><G120/><T70/><D70/><U105/><E105/><V61/><F48/><W38/><G128/><T19/><D133/><U124/><E130/><V12/><F12/><N who="3" m="5239" /><G38/><T132/><D132/><U13/><E124/><V72/><F45/><W37/><G37/><T36/><D19/><U97/><E79/><N who="2" m="30251" /><F80/><W51/><G51/><T86/><D66/><U131/><E131/><V46/><F46/><W35/><G35/><T94/><D94/><U32/><E4/><V39/><F39/><W74/><G74/><BYE who="3" /><UN n3="%E3%83%89%E3%83%B3%E3%82%AB%E3%83%A9%E3%82%B9" /><T3/><D3/><U73/><E73/><V96/><F72/><W85/><G85/><T83/><D83/><U75/><E75/><V129/><F129/><W15/><G15/><T53/><D53/><AGARI ba="1,1" hai="24,26,44,49,53,60,61,63,90,92,96" m="30251" machi="53" ten="30,7700,0" yaku="8,1,52,3" doraHai="57" who="2" fromWho="0" sc="275,-80,299,0,263,90,153,0" /><INIT seed="6,0,0,2,1,19" ten="195,299,353,153" oya="2" hai0="98,89,128,80,85,47,0,21,8,124,135,126,81" hai1="27,115,66,108,125,60,77,30,37,23,83,25,99" hai2="35,55,17,43,117,40,94,71,102,134,45,31,26" hai3="46,16,101,33,29,57,36,116,15,64,122,13,7"/><V24/><F117/><W39/><G116/><T2/><D128/><U68/><E108/><V18/><F71/><W6/><G122/><T32/><D32/><U79/><E37/><V76/><F76/><W56/><G101/><T109/><D109/><U119/><E119/><V121/><F121/><W133/><G133/><T52/><D135/><U90/><E125/><N who="0" m="48233" /><D98/><U118/><E118/><V88/><F102/><W34/><G46/><T38/><D8/><U67/><E67/><V65/><F65/><W132/><G132/><T51/><D38/><U10/><E115/><V28/><F55/><W111/><G64/><T96/><D96/><U20/><E10/><V110/><F110/><W112/><G111/><T84/><D21/><U91/><E99/><V11/><F11/><W3/><G29/><T48/><D48/><U41/><E41/><V93/><F134/><W123/><G16/><T12/><D12/><U92/><E92/><V100/><F100/><W50/><G50/><T114/><D114/><U5/><E5/><V105/><F105/><W113/><REACH who="3" step="1"/><G123/><REACH who="3" ten="195,299,353,143" step="2"/><T63/><D63/><U78/><REACH who="1" step="1"/><E83/><REACH who="1" ten="195,289,353,143" step="2"/><V75/><F40/><W74/><G74/><T107/><D107/><U62/><E62/><V49/><F75/><W106/><G106/><T61/><D61/><U59/><E59/><V14/><F94/><W82/><G82/><T120/><D120/><U95/><E95/><V4/><F93/><W69/><G69/><T44/><D47/><U86/><E86/><V73/><F73/><W42/><G42/><T97/><D97/><U1/><E1/><AGARI ba="0,2" hai="1,3,6,7,13,15,33,34,36,39,56,57,112,113" machi="1" ten="25,8000,1" yaku="1,1,22,2,53,2" doraHai="19" doraHaiUra="54" who="3" fromWho="1" sc="195,0,289,-80,353,0,143,100" /><INIT seed="7,0,0,3,5,15" ten="195,209,353,243" oya="3" hai0="25,88,29,73,78,120,53,59,26,67,63,50,0" hai1="56,110,111,3,82,52,81,128,46,4,86,76,92" hai2="32,38,130,2,127,11,39,9,126,89,72,35,117" hai3="79,27,101,57,37,132,19,84,36,113,98,55,99"/><W68/><G68/><T41/><D120/><U102/><E128/><V131/><F72/><W14/><G113/><T121/><D121/><U77/><E46/><V5/><F89/><W58/><G132/><T30/><D0/><U40/><E40/><V115/><F115/><W71/><G71/><T66/><D73/><U31/><E31/><V135/><F117/><W10/><G58/><T85/><D78/><U16/><E4/><N who="2" m="1175" /><F39/><W49/><G99/><T125/><D125/><N who="2" m="47626" /><F38/><W108/><G108/><T90/><D41/><U83/><E3/><N who="2" m="447" /><F135/><W23/><G84/><T95/><D90/><U119/><E119/><V134/><F134/><W133/><G79/><T107/><D107/><U103/><E110/><V8/><F8/><W1/><G1/><T51/><D67/><U7/><E111/><V94/><F94/><W91/><G91/><T20/><D66/><U24/><E7/><V43/><F43/><W42/><G42/><T33/><AGARI ba="0,0" hai="20,25,26,29,30,33,50,51,53,59,63,85,88,95" machi="33" ten="20,2700,0" yaku="0,1,7,1,54,1" doraHai="15" who="0" fromWho="0" sc="195,27,209,-7,353,-7,243,-13" owari="222,-18.0,202,-30.0,346,45.0,230,3.0" /></mjloggm>