<mjloggm ver="2.3"><GO type="169" lobby="0"/><UN n0="%6E%2E%67%2E%73" n1="%E9%BA%BB%E9%9B%80%E3%81%9F%E3%81%AE%E3%81%97" n2="%E7%95%99%E3%83%81%E3%83%A7%E3%83%AD" n3="%E8%A5%BF%E5%B2%A1%E8%82%B2%E6%9C%AA%E2%99%AA" dan="16,16,17,16" rate="2103.39,2133.68,2136.91,2114.96" sx="M,F,M,F"/><TAIKYOKU oya="0"/><INIT seed="0,0,0,1,3,29" ten="250,250,250,250" oya="0" hai0="62,32,19,88,92,108,50,118,113,90,121,33,103" hai1="4,95,105,72,18,97,111,27,59,126,107,38,41" hai2="34,104,114,15,87,89,25,12,81,106,115,68,122" hai3="78,75,8,35,134,133,17,127,70,9,23,74,11"/><T135/><D121/><U129/><E72/><V26/><F122/><W30/><G70/><T124/><D118/><U1/><E111/><V112/><F68/><W120/><G120/><T56/><D113/><U52/><E129/><V24/><REACH who="2" step="1"/><F34/><REACH who="2" ten="250,250,240,250" step="2"/><W100/><G35/><T99/><D108/><U6/><E126/><V14/><AGARI ba="0,1" hai="12,14,15,24,25,26,81,87,89,104,106,112,114,115" machi="14" ten="40,8000,1" yaku="1,1,2,1,0,1,29,2,53,0" doraHai="29" doraHaiUra="128" who="2" fromWho="2" sc="250,-40,250,-20,240,90,250,-20" /><INIT seed="1,0,0,3,5,60" ten="210,230,330,230" oya="1" hai0="84,67,58,64,5,41,79,15,128,116,86,46,129" hai1="45,124,85,130,126,11,73,101,70,35,115,107,132" hai2="27,50,3,74,78,51,108,31,110,19,72,36,112" hai3="13,16,32,17,99,97,18,89,77,92,83,62,49"/><U111/><RYUUKYOKU type="yao9" ba="0,0" sc="210,0,230,0,330,0,230,0" hai1="11,35,45,70,73,85,101,107,111,115,124,126,130,132" /><INIT seed="1,1,0,5,4,104" ten="210,230,330,230" oya="1" hai0="76,130,45,58,14,73,36,86,68,107,46,56,47" hai1="26,118,10,74,100,80,16,66,135,70,116,2,87" hai2="89,115,120,55,99,117,50,0,43,9,29,12,131" hai3="39,102,79,119,71,69,31,75,77,124,52,111,62"/><U90/><E135/><V1/><F117/><W78/><G39/><T133/><D107/><U23/><E100/><V85/><F120/><W48/><G119/><T112/><D112/><U51/><E51/><V15/><F115/><W110/><G124/><T30/><D30/><U59/><E59/><V11/><F43/><W122/><G122/><T54/><D133/><U127/><E127/><V13/><F29/><W53/><G102/><T113/><D113/><U96/><E96/><V109/><F109/><N who="3" m="41483" /><G31/><T129/><D86/><U114/><E114/><V28/><F28/><W38/><G38/><T21/><D21/><U121/><E121/><V101/><F101/><W72/><G53/><T19/><D68/><N who="3" m="26185" /><G62/><T49/><D36/><U123/><E123/><V91/><F55/><W128/><G128/><T132/><D132/><U63/><REACH who="1" step="1"/><E74/><REACH who="1" ten="210,220,330,230" step="2"/><V33/><F50/><W60/><G60/><T98/><D58/><AGARI ba="1,1" hai="48,52,58,72,75,77,78,79" m="26185,41483" machi="58" ten="40,8000,1" yaku="14,1,52,2,54,1" doraHai="104" who="3" fromWho="0" sc="210,-83,220,0,330,0,230,93" /><INIT seed="2,0,0,0,3,24" ten="127,220,330,323" oya="2" hai0="95,8,2,129,52,56,86,104,40,9,124,14,88" hai1="120,36,31,123,39,20,29,32,19,109,62,83,21" hai2="84,23,78,0,50,6,93,127,7,12,34,71,114" hai3="107,47,116,126,100,64,98,4,49,10,67,115,112"/><V22/><F114/><N who="3" m="43563" /><G126/><T128/><D104/><U41/><E109/><V26/><F71/><W130/><G130/><N who="0" m="50283" /><D40/><U70/><E32/><V118/><F118/><W5/><G116/><T90/><D124/><U57/><E70/><V45/><F0/><N who="3" m="263" /><G5/><T66/><D66/><U135/><E135/><V65/><F34/><W30/><G30/><N who="1" m="11274" /><E83/><V3/><F93/><W15/><G15/><T81/><D2/><U1/><E1/><V54/><F84/><W106/><G106/><T85/><D14/><N who="1" m="9335" /><E21/><V102/><F22/><W33/><G33/><T75/><D75/><U131/><E131/><V91/><F3/><W103/><G103/><T134/><D134/><U16/><E16/><V74/><F102/><W51/><G64/><T110/><D110/><U53/><E41/><V59/><F74/><W87/><G67/><T27/><D27/><U35/><E35/><V79/><F26/><W72/><G72/><T96/><D86/><U25/><E25/><V111/><F111/><W125/><G87/><T42/><D42/><U97/><E97/><V48/><F65/><W89/><G125/><T82/><D82/><U37/><E37/><V55/><F127/><W43/><G107/><T117/><D117/><U76/><E76/><N who="2" m="29227" /><F23/><W92/><G100/><T68/><D68/><U94/><E94/><V63/><F12/><W121/><G98/><T132/><D132/><U60/><E60/><AGARI ba="0,0" hai="8,9,52,56,60,81,85,88,90,95,96" m="50283" machi="60" ten="30,3900,0" yaku="19,1,54,2" doraHai="24" who="0" fromWho="1" sc="127,39,220,-39,330,0,323,0" /><INIT seed="3,0,0,5,4,66" ten="166,181,330,323" oya="3" hai0="96,10,40,18,49,41,27,130,119,89,122,1,133" hai1="52,20,100,82,33,15,104,60,42,12,123,6,105" hai2="53,78,21,75,94,61,19,93,134,87,35,80,112" hai3="4,55,70,132,24,99,22,90,28,107,83,37,118"/><W81/><G118/><T0/><D122/><U57/><E33/><V117/><F112/><W59/><G37/><T36/><D119/><U98/><E123/><V50/><F117/><W115/><G115/><T88/><D36/><U113/><E113/><V71/><F35/><W110/><G132/><T9/><D133/><U38/><E104/><V16/><F134/><W14/><G70/><T95/><D130/><U2/><E82/><V126/><F126/><W11/><G110/><T3/><D27/><U34/><E34/><V114/><F114/><W124/><G124/><T135/><D135/><U73/><E73/><V48/><F48/><W106/><G106/><T120/><D120/><U56/><E56/><V74/><F74/><W44/><G44/><T129/><D129/><U32/><E32/><V85/><F19/><W116/><G116/><T91/><D18/><U43/><E43/><V62/><F75/><W77/><G77/><T76/><D76/><U79/><E79/><V54/><F54/><W13/><G13/><T86/><D40/><U58/><E58/><N who="2" m="33079" /><F71/><W29/><G29/><T69/><D69/><U17/><E2/><V97/><F85/><W84/><G99/><T31/><D31/><U26/><REACH who="1" step="1"/><E6/><REACH who="1" ten="166,171,330,323" step="2"/><V46/><F46/><AGARI ba="0,1" hai="12,15,17,20,26,38,42,46,52,57,60,98,100,105" machi="46" ten="40,5200,0" yaku="1,1,2,1,54,1,53,0" doraHai="66" doraHaiUra="5" who="1" fromWho="2" sc="166,0,171,62,330,-52,323,0" /><INIT seed="4,0,0,3,2,112" ten="166,233,278,323" oya="0" hai0="81,20,88,5,123,111,11,110,135,4,95,13,114" hai1="65,98,72,119,87,124,70,37,17,6,56,10,99" hai2="29,67,46,23,53,86,55,27,0,28,42,15,102" hai3="61,97,71,107,54,2,47,129,38,115,59,14,63"/><T18/><D123/><U62/><E72/><V105/><F0/><W113/><G2/><T127/><D114/><N who="3" m="43529" /><G14/><T85/><D127/><U12/><E124/><V21/><F67/><N who="3" m="41455" /><G97/><T101/><D135/><U68/><E119/><V117/><F105/><W96/><G96/><T89/><D101/><U80/><E37/><V73/><F73/><W49/><G107/><T84/><REACH who="0" step="1"/><D5/><REACH who="0" ten="156,233,278,323" step="2"/><U45/><E6/><V69/><F102/><W51/><G129/><T109/><D109/><U133/><E133/><V3/><F28/><W64/><G38/><T78/><D78/><U132/><E132/><V106/><F29/><W50/><AGARI ba="0,1" hai="47,49,50,51,54,59,63,64" m="41455,43529" machi="50" ten="30,4000,0" yaku="15,1,34,2" doraHai="112" who="3" fromWho="3" sc="156,-20,233,-10,278,-10,323,50" /><INIT seed="5,0,0,4,2,34" ten="136,223,268,373" oya="1" hai0="100,39,74,95,2,6,38,5,84,46,90,122,37" hai1="135,0,50,101,126,119,55,31,80,89,68,3,40" hai2="82,88,62,115,22,25,17,54,111,53,96,33,117" hai3="83,76,28,114,105,41,19,75,11,77,49,87,56"/><U81/><E119/><V112/><F111/><W24/><G105/><T78/><D122/><U102/><E68/><V71/><F117/><W60/><G114/><N who="2" m="43561" /><F33/><W51/><G75/><T59/><D59/><U124/><E31/><V48/><F48/><W36/><G77/><T72/><D100/><N who="1" m="38507" /><E40/><V61/><F82/><N who="1" m="31849" /><E89/><V9/><F9/><W129/><G129/><T67/><D67/><U106/><E106/><V113/><N who="2" m="43569" /><V44/><DORA hai="97" /><F44/><W79/><G79/><T69/><D69/><U1/><E135/><V26/><F71/><W108/><G108/><T8/><D6/><U66/><E66/><V20/><F96/><W47/><G36/><T10/><D10/><U127/><E0/><V27/><F88/><W16/><G11/><T13/><D13/><U7/><E7/><V93/><F93/><W121/><G121/><T45/><REACH who="0" step="1"/><D78/><REACH who="0" ten="126,223,268,373" step="2"/><U109/><E109/><V23/><F17/><W91/><G76/><T132/><D132/><U57/><AGARI ba="0,1" hai="1,3,50,55,57,124,126,127" m="31849,38507" machi="57" ten="40,18000,2" yaku="18,1,52,5" doraHai="34,97" who="1" fromWho="1" sc="126,-60,223,190,268,-60,373,-60" /><INIT seed="5,1,0,0,2,134" ten="66,413,208,313" oya="1" hai0="111,131,23,20,41,40,77,55,9,45,21,78,85" hai1="15,35,7,90,99,122,0,121,115,66,10,84,29" hai2="92,54,70,107,91,93,13,60,82,100,83,101,72" hai3="69,88,51,116,18,128,3,22,46,123,28,25,43"/><U1/><E115/><V104/><F70/><W2/><G123/><T71/><D71/><U32/><E99/><N who="2" m="57759" /><F60/><W65/><G116/><T80/><D111/><U108/><E66/><V58/><F58/><W98/><G128/><T8/><D131/><U37/><E37/><V95/><F54/><W11/><G2/><T79/><D55/><U67/><E67/><V86/><F13/><N who="3" m="7487" /><G3/><T52/><D41/><U39/><E39/><V12/><F12/><W62/><G69/><T14/><D9/><U81/><E108/><V53/><F53/><W30/><G65/><T59/><D40/><U132/><E132/><V6/><F6/><W74/><G74/><T125/><D125/><U129/><E0/><V16/><F16/><N who="3" m="12487" /><G62/><T102/><D102/><N who="2" m="39530" /><F72/><W113/><G113/><T19/><REACH who="0" step="1"/><D45/><REACH who="0" ten="56,413,208,313" step="2"/><U112/><E129/><V89/><F95/><AGARI ba="1,1" hai="28,30,43,46,51,88,95,98" m="12487,7487" machi="95" ten="30,3900,0" yaku="8,1,54,2" doraHai="134" who="3" fromWho="2" sc="56,0,413,0,208,-42,313,52" /><INIT seed="6,0,0,2,1,100" ten="56,413,166,365" oya="2" hai0="126,43,123,79,83,117,69,96,72,86,42,80,46" hai1="121,15,59,107,16,118,26,34,124,20,56,62,90" hai2="114,14,32,3,77,128,97,52,104,25,85,99,11" hai3="31,105,125,76,55,129,63,0,4,60,82,115,113"/><V130/><F3/><W98/><G129/><N who="2" m="49769" /><F114/><N who="3" m="43531" /><G31/><T30/><D69/><U48/><E118/><V93/><F32/><W102/><G125/><T33/><D123/><U120/><E124/><V6/><F104/><W57/><G4/><T66/><D66/><U21/><E107/><V36/><F36/><W116/><G0/><T12/><D126/><U61/><E34/><V23/><F52/><W81/><G116/><T27/><D117/><U38/><E38/><V19/><F77/><W87/><G81/><T89/><D12/><U88/><E48/><AGARI ba="0,0" hai="48,55,57,60,63,76,82,87,98,102,105" m="43531" machi="48" ten="30,3900,0" yaku="15,1,11,1,52,1" doraHai="100" who="3" fromWho="1" sc="56,0,413,-39,166,0,365,39" /><INIT seed="7,0,0,2,4,125" ten="56,374,166,404" oya="3" hai0="124,80,97,51,2,94,132,73,52,56,116,26,81" hai1="46,10,18,130,100,103,42,91,31,35,119,77,106" hai2="11,17,88,111,9,114,24,23,14,20,21,25,112" hai3="118,70,54,120,44,1,79,86,107,131,28,5,83"/><W15/><G118/><T82/><D116/><U117/><E119/><V7/><F88/><W108/><G107/><T102/><D2/><U123/><E117/><V39/><F39/><W72/><G70/><T19/><D124/><U93/><E106/><V135/><F111/><W127/><G120/><T92/><D132/><U49/><E123/><V58/><F58/><W57/><G1/><T53/><D73/><U32/><E77/><V105/><F105/><W59/><G127/><T129/><D92/><U96/><E32/><V12/><F135/><W47/><G108/><T128/><D26/><AGARI ba="0,0" hai="7,9,11,12,14,17,20,21,23,24,25,26,112,114" machi="26" ten="40,5200,0" yaku="34,3" doraHai="125" who="2" fromWho="0" sc="56,-52,374,0,166,52,404,0" owari="4,-50.0,374,17.0,218,-18.0,404,51.0" /></mjloggm>