<mjloggm ver="2.3"><GO type="169" lobby="0"/><UN n0="%69%71%31%38%30%E7%9C%9F%E5%89%A3%E6%A7%98" n1="%E3%82%84%E3%81%BE%E3%81%98%E3%82%8D%E3%81%86" n2="%E3%83%A8%E3%82%B3%E3%83%A8%E3%82%B3" n3="%E5%8D%97%E5%B8%9D%E5%8D%97%E6%B5%A6" dan="16,16,16,16" rate="2133.03,2096.71,2113.39,2083.63" sx="M,M,M,F"/><TAIKYOKU oya="0"/><INIT seed="0,0,0,5,4,30" ten="250,250,250,250" oya="0" hai0="69,124,19,89,100,129,4,88,29,42,68,2,50" hai1="67,25,55,17,85,123,14,83,108,3,63,66,74" hai2="51,111,92,71,119,104,106,8,38,39,101,32,109" hai3="90,117,98,95,6,22,72,82,121,73,24,26,56"/><T130/><D124/><U7/><E108/><N who="2" m="41547" /><F119/><W5/><G117/><T37/><D100/><U33/><E123/><V133/><F133/><W105/><G121/><T76/><D37/><N who="2" m="13834" /><F71/><N who="0" m="27210" /><D76/><U28/><E74/><V135/><F135/><W40/><G40/><T120/><D120/><U103/><E103/><V97/><F51/><W114/><G114/><T93/><D19/><U94/><E94/><V107/><F8/><W48/><G105/><N who="2" m="26881" /><V43/><DORA hai="131" /><F43/><W128/><G128/><N who="0" m="49259" /><D29/><U125/><E125/><V64/><F64/><W34/><G73/><T53/><D42/><U78/><E55/><V84/><F84/><W44/><G72/><T91/><D2/><U116/><E116/><V0/><F0/><W12/><G48/><T20/><D4/><U13/><E3/><V58/><F58/><W62/><G56/><N who="0" m="32823" /><D20/><U81/><E7/><V60/><F60/><W113/><G62/><T59/><D59/><U49/><E63/><V77/><F77/><W27/><G113/><T61/><D61/><U87/><E78/><V54/><F54/><W46/><G22/><T96/><AGARI ba="0,0" hai="88,89,91,93,96" m="32823,49259,27210" machi="96" ten="30,3000,0" yaku="19,1,54,1" doraHai="30,131" who="0" fromWho="0" sc="250,30,250,-10,250,-10,250,-10" /><INIT seed="0,1,0,0,3,76" ten="280,240,240,240" oya="0" hai0="43,23,16,44,115,39,128,122,82,88,129,5,29" hai1="38,22,62,90,55,58,71,51,79,64,70,7,47" hai2="111,46,86,26,8,100,94,66,2,34,81,121,107" hai3="110,127,57,75,105,65,93,92,61,84,130,12,53"/><T15/><D122/><U4/><E79/><V54/><F121/><W1/><G1/><T96/><D115/><U68/><E22/><V9/><F111/><W21/><G110/><T48/><D29/><U133/><E133/><V28/><F107/><W41/><G75/><T104/><D5/><U124/><E124/><V106/><F106/><W126/><G105/><T73/><D39/><U52/><E90/><V24/><F66/><W123/><G41/><T102/><REACH who="0" step="1"/><D73/><REACH who="0" ten="270,240,240,240" step="2"/><U36/><E4/><V37/><F37/><N who="1" m="14441" /><E7/><V118/><F28/><W80/><G123/><T135/><D135/><U89/><E89/><V59/><F34/><W42/><G127/><T14/><D14/><U19/><E19/><V45/><F2/><W99/><G126/><T91/><D91/><U134/><E134/><V20/><F118/><W69/><G12/><T33/><D33/><U83/><E83/><V18/><F81/><W77/><G80/><T31/><D31/><U27/><E27/><V117/><F117/><W87/><G77/><T78/><D78/><U30/><E30/><V60/><F26/><W32/><G32/><T50/><D50/><AGARI ba="1,1" hai="47,50,51,52,55,58,62,64,68,70,71" m="14441" machi="50" ten="30,12000,2" yaku="35,5,54,1" doraHai="76" who="1" fromWho="0" sc="270,-123,240,133,240,0,240,0" /><INIT seed="1,0,0,5,1,12" ten="147,373,240,240" oya="1" hai0="56,123,14,38,78,6,79,45,36,68,26,59,52" hai1="122,131,110,46,96,50,125,5,9,30,134,32,1" hai2="17,83,117,91,70,82,81,105,8,99,37,55,118" hai3="47,127,21,7,25,28,22,71,66,101,49,111,40"/><U18/><E122/><V19/><F70/><W98/><G127/><T89/><D68/><U130/><E125/><V42/><F8/><W34/><G7/><T43/><D123/><U135/><E110/><V104/><F55/><W51/><G51/><T3/><D38/><U54/><E96/><V93/><F37/><W48/><G48/><T67/><D59/><U74/><E74/><V128/><F42/><W115/><G115/><T132/><D132/><N who="1" m="50731" /><E18/><V121/><F121/><W88/><G88/><T64/><D3/><U112/><E112/><V61/><F61/><W62/><REACH who="3" step="1"/><G111/><REACH who="3" ten="147,373,240,230" step="2"/><T23/><D89/><U57/><E46/><V4/><F4/><W76/><G76/><T10/><D79/><U80/><E80/><V94/><F128/><W72/><G72/><T102/><D78/><U44/><E44/><V75/><F75/><W60/><G60/><T31/><REACH who="0" step="1"/><D102/><REACH who="0" ten="137,373,240,230" step="2"/><U116/><E130/><V29/><F118/><W16/><G16/><T120/><D120/><U11/><E131/><V107/><F117/><W77/><G77/><T39/><D39/><U27/><E116/><V124/><F124/><W33/><G33/><T69/><D69/><U24/><E32/><V13/><F29/><W103/><G103/><T41/><D41/><U63/><E30/><V95/><F17/><W87/><G87/><T84/><D84/><U73/><E73/><V2/><F2/><W126/><G126/><T58/><D58/><U90/><E63/><AGARI ba="0,2" hai="6,10,14,23,26,31,36,43,45,52,56,63,64,67" machi="63" ten="30,3900,0" yaku="1,1,7,1,54,1,53,0" doraHai="12" doraHaiUra="113" who="0" fromWho="1" sc="137,59,373,-39,240,0,230,0" /><INIT seed="2,0,0,1,0,118" ten="196,334,240,230" oya="2" hai0="114,15,53,123,77,92,84,86,16,72,113,2,75" hai1="66,62,36,101,51,47,100,89,42,3,7,73,135" hai2="124,110,31,64,6,82,63,105,10,0,115,23,33" hai3="134,71,29,9,19,45,87,21,46,99,109,34,55"/><V8/><F115/><W85/><G71/><T28/><D2/><U79/><E135/><V133/><F133/><W37/><G134/><T65/><D113/><U102/><E89/><V122/><F122/><W5/><G99/><T83/><D114/><U13/><E13/><V57/><F124/><W27/><G109/><T38/><D38/><U54/><E79/><V58/><F110/><W128/><G128/><T106/><D106/><U20/><E20/><V52/><F105/><W107/><G107/><T24/><D65/><U119/><E73/><V80/><F33/><W81/><G55/><T129/><D129/><U108/><E108/><V112/><F8/><W39/><G85/><T88/><D53/><U94/><E119/><V18/><F31/><W121/><G121/><T78/><D78/><U60/><E60/><V76/><F112/><W1/><G39/><T116/><D123/><U91/><E7/><V4/><F76/><W26/><G37/><T132/><D132/><U41/><E3/><V127/><F4/><W68/><G68/><T22/><REACH who="0" step="1"/><D116/><REACH who="0" ten="186,334,240,230" step="2"/><U130/><E130/><V90/><F127/><W43/><G43/><T104/><D104/><U49/><E36/><V25/><REACH who="2" step="1"/><F90/><AGARI ba="0,1" hai="1,5,9,19,21,26,27,29,34,45,46,81,87,90" machi="90" ten="30,1000,0" yaku="7,1" doraHai="118" who="3" fromWho="2" sc="186,0,334,0,240,-10,230,20" /><INIT seed="3,0,0,4,3,44" ten="186,334,230,250" oya="3" hai0="135,115,40,6,85,122,5,16,101,82,61,60,58" hai1="21,95,93,78,114,25,125,99,68,14,111,19,112" hai2="2,57,118,75,127,42,26,65,48,53,121,66,97" hai3="37,106,105,102,10,46,4,81,43,35,15,67,98"/><W9/><G35/><T38/><D122/><U13/><E111/><V1/><F121/><W69/><G10/><T64/><D135/><U91/><E125/><V108/><F108/><W7/><G81/><T18/><D115/><U83/><E68/><V88/><F127/><W12/><G12/><T116/><D116/><U103/><E112/><V70/><F75/><W86/><G86/><T110/><D110/><U113/><E113/><V130/><F118/><W124/><G124/><T89/><D101/><U8/><E114/><V36/><F130/><W96/><G4/><N who="0" m="1643" /><D38/><U129/><E129/><V100/><F26/><W74/><G74/><T119/><D119/><U132/><E132/><V3/><F88/><W34/><G34/><T11/><D11/><U49/><E49/><V104/><REACH who="2" step="1"/><F70/><REACH who="2" ten="186,334,220,250" step="2"/><W72/><G72/><T90/><D89/><U28/><E14/><V31/><F31/><W29/><G29/><T94/><D82/><U79/><REACH who="1" step="1"/><E83/><REACH who="1" ten="186,324,220,250" step="2"/><V131/><F131/><W123/><G123/><T126/><D126/><U107/><E107/><V62/><F62/><W128/><G128/><T109/><D61/><U24/><E24/><V17/><F17/><W22/><G69/><T45/><D109/><U77/><E77/><V76/><F76/><W54/><G106/><T133/><D133/><U71/><E71/><V0/><F0/><W50/><G105/><T63/><D63/><U56/><E56/><V134/><F134/><W51/><G102/><T27/><D27/><U20/><E20/><V30/><F30/><W32/><G32/><T87/><D60/><U55/><E55/><RYUUKYOKU ba="0,2" sc="186,-15,324,15,220,15,250,-15" hai1="8,13,19,21,25,28,78,79,91,93,95,99,103" hai2="1,2,3,36,42,48,53,57,65,66,97,100,104" /><INIT seed="4,1,2,4,0,7" ten="171,339,235,235" oya="0" hai0="80,72,15,130,123,30,102,57,0,104,119,20,2" hai1="4,64,69,87,6,44,122,8,88,18,51,38,96" hai2="108,10,91,43,11,35,128,33,99,68,79,92,78" hai3="14,70,133,19,82,67,107,112,73,81,53,12,5"/><T65/><D123/><U116/><E38/><V100/><F108/><W132/><G107/><T46/><D119/><U113/><E116/><V37/><F128/><W134/><G112/><T84/><D72/><U74/><E74/><V93/><F68/><W58/><G5/><T50/><D130/><U56/><E69/><V48/><F37/><W29/><G29/><T47/><D0/><U111/><E111/><V135/><F135/><W89/><G12/><T76/><D2/><U97/><E113/><V40/><F35/><W32/><G32/><T75/><D75/><U83/><E122/><V90/><F33/><W34/><G34/><T103/><D104/><U120/><E120/><V98/><F48/><N who="3" m="31015" /><G73/><T117/><D117/><U28/><E28/><V121/><F121/><W22/><G89/><T63/><D46/><U105/><E56/><V109/><F109/><W21/><G21/><T52/><REACH who="0" step="1"/><D15/><REACH who="0" ten="161,339,235,235" step="2"/><N who="1" m="7527" /><E105/><V71/><F71/><W59/><G70/><T101/><D101/><AGARI ba="1,3" hai="10,11,40,43,78,79,90,91,92,93,98,99,100,101" machi="101" ten="25,8000,1" yaku="22,2,8,1,52,2" doraHai="7" who="2" fromWho="0" sc="161,-83,339,0,235,113,235,0" /><INIT seed="5,0,0,3,1,36" ten="78,339,348,235" oya="1" hai0="114,80,40,5,72,10,22,135,96,70,95,58,63" hai1="24,34,1,130,89,25,31,15,42,56,110,39,53" hai2="76,38,91,73,117,75,28,16,46,115,48,12,81" hai3="51,54,103,111,41,105,3,32,52,18,68,27,47"/><U101/><E1/><V19/><F117/><W86/><G111/><T49/><D70/><U108/><E130/><V99/><F38/><W116/><G68/><T61/><D114/><U128/><E128/><V65/><F65/><W98/><G3/><T30/><D135/><U87/><E101/><V127/><F115/><W26/><G116/><T43/><D72/><U69/><E69/><V97/><F127/><W71/><G71/><T7/><D80/><U100/><E100/><V84/><F28/><W79/><G27/><T122/><D122/><U134/><E134/><V90/><F73/><W93/><G105/><T74/><D74/><U11/><E25/><V59/><F59/><W33/><G33/><T123/><D123/><U77/><E77/><V102/><F75/><W4/><G4/><N who="0" m="1611" /><D10/><U92/><E15/><V64/><F64/><W88/><G79/><T121/><D49/><U129/><E11/><V119/><F119/><W131/><G131/><T118/><D118/><U50/><REACH who="1" step="1"/><E129/><REACH who="1" ten="78,329,348,235" step="2"/><V124/><F124/><W14/><G14/><T37/><D121/><U120/><E120/><V57/><F12/><W2/><G2/><T8/><D8/><U113/><E113/><V107/><F102/><W85/><G103/><N who="0" m="60831" /><D37/><U94/><E94/><V132/><F107/><W6/><G6/><T44/><D22/><U104/><E104/><V17/><F132/><W55/><G32/><T9/><D9/><U60/><E60/><V45/><F76/><W13/><G26/><T0/><D63/><U66/><E66/><V62/><F62/><W112/><G112/><T23/><D61/><RYUUKYOKU ba="0,1" sc="78,-15,329,15,348,-15,235,15" hai1="24,31,34,39,42,50,53,56,87,89,92,108,110" hai3="13,18,41,47,51,52,54,55,85,86,88,93,98" /><INIT seed="5,1,1,1,0,2" ten="63,344,333,250" oya="1" hai0="72,96,8,51,61,52,7,94,111,15,118,9,68" hai1="117,20,17,42,32,33,56,44,100,90,82,31,109" hai2="40,35,34,107,77,3,120,128,129,62,91,80,11" hai3="106,48,30,29,57,119,12,50,98,103,133,19,63"/><U64/><E117/><V28/><F120/><W125/><G133/><T27/><D111/><U58/><E109/><V112/><F91/><W88/><G125/><T127/><D127/><U41/><E100/><V105/><F40/><W36/><G36/><T0/><D118/><U108/><E42/><V1/><F62/><W110/><G110/><T60/><D72/><U45/><E45/><V22/><F22/><W74/><G74/><T25/><D68/><U113/><E113/><V23/><F23/><W76/><G76/><T24/><D9/><U78/><E90/><V39/><F39/><W47/><G50/><T131/><D0/><N who="2" m="74" /><F11/><W14/><G14/><T18/><D18/><U21/><E21/><V114/><F80/><W85/><G119/><T67/><D67/><U26/><E64/><V66/><F77/><W81/><G19/><T86/><D86/><U4/><E33/><N who="2" m="12299" /><F28/><W115/><G12/><T95/><D131/><N who="2" m="50250" /><F66/><W16/><G16/><T59/><REACH who="0" step="1"/><D95/><REACH who="0" ten="53,344,333,250" step="2"/><U92/><E92/><V132/><F132/><W101/><G115/><AGARI ba="1,2" hai="105,107,112,114,115" m="50250,12299,74" machi="115" ten="40,12000,2" yaku="28,2,15,1,11,1,19,1,31,2" doraHai="2" who="2" fromWho="3" sc="53,0,344,0,333,143,250,-123" /><INIT seed="6,0,0,5,5,110" ten="53,344,476,127" oya="2" hai0="67,124,101,19,23,8,134,74,47,57,112,50,33" hai1="37,62,0,86,109,53,125,100,73,13,90,68,102" hai2="135,103,117,99,129,81,123,36,104,51,7,24,32" hai3="106,92,95,108,58,35,76,65,93,84,85,61,91"/><V45/><F123/><W54/><G106/><T17/><D33/><U127/><E0/><V115/><F117/><W60/><G35/><T80/><D124/><N who="1" m="47691" /><E73/><V9/><F36/><W31/><G31/><T130/><D130/><U18/><E37/><V55/><F129/><W41/><G41/><T26/><D134/><U77/><E77/><V46/><F135/><W43/><G43/><T105/><D105/><U4/><E4/><V128/><F128/><W97/><G108/><T11/><D101/><U21/><E109/><V63/><F45/><W126/><G126/><T27/><D74/><U120/><E120/><V133/><F133/><W89/><G76/><T78/><D112/><U121/><E121/><V2/><F63/><W114/><G65/><T132/><D132/><U59/><E68/><V94/><F81/><AGARI ba="0,0" hai="13,18,21,53,59,62,81,86,90,100,102" m="47691" machi="81" ten="30,1000,0" yaku="18,1" doraHai="110" who="1" fromWho="2" sc="53,0,344,10,476,-10,127,0" /><INIT seed="7,0,0,1,2,12" ten="53,354,466,127" oya="3" hai0="15,134,63,39,58,80,92,132,99,128,102,32,16" hai1="123,59,22,89,60,23,117,7,82,1,83,37,28" hai2="119,76,100,66,50,38,40,124,135,115,35,11,118" hai3="122,105,106,130,121,104,4,107,116,98,2,46,87"/><W48/><G116/><T114/><D39/><U9/><E117/><V86/><F115/><W64/><G64/><T33/><D128/><U36/><E123/><V81/><F50/><W73/><G130/><T65/><D114/><U75/><E37/><V125/><F35/><W97/><G73/><T85/><D134/><U26/><E36/><V96/><F135/><W78/><N who="3" m="26624" /><DORA hai="53" /><W109/><G109/><T0/><D0/><U94/><E75/><V101/><F66/><W24/><G122/><T62/><D62/><U41/><E41/><V84/><F40/><W71/><G71/><T8/><D132/><U25/><E94/><N who="2" m="58391" /><F38/><W69/><G69/><T70/><D70/><U52/><REACH who="1" step="1"/><E89/><AGARI ba="0,0" hai="8,15,16,32,33,58,63,65,80,85,89,92,99,102" machi="89" ten="30,7700,0" yaku="7,1,52,2,54,1" doraHai="12,53" who="0" fromWho="1" sc="53,77,354,-77,466,0,127,0" owari="130,-27.0,277,8.0,466,56.0,127,-37.0" /></mjloggm>