<mjloggm ver="2.3"><GO type="225" lobby="0"/><UN n0="%E3%82%8F%E3%81%A3%E3%81%97%E3%82%87%E3%81%84%E5%90%9B%32%E5%8F%B7" n1="%E9%8A%80%E3%81%B0%E3%81%95%E3%81%BF" n2="%E3%82%AB%E3%83%9C%E3%83%81%E3%83%A3%E3%82%BF%E3%83%8D" n3="%79%6A%69%72%6F" dan="16,17,16,17" rate="2158.57,2175.01,2079.51,2192.28" sx="M,M,M,M"/><TAIKYOKU oya="0"/><INIT seed="0,0,0,3,4,55" ten="250,250,250,250" oya="0" hai0="85,87,109,99,86,132,35,90,131,113,51,80,52" hai1="63,8,49,130,24,27,91,97,76,106,12,31,16" hai2="21,121,28,107,96,134,57,88,11,46,128,102,60" hai3="129,37,77,69,84,40,118,32,120,112,33,81,135"/><T65/><D113/><U22/><E130/><V47/><F128/><W41/><G129/><T117/><D131/><U38/><E38/><V61/><F121/><W75/><G118/><T68/><D117/><U98/><E106/><V94/><F134/><W13/><G69/><T2/><D2/><U9/><E76/><V0/><F61/><W89/><G112/><T66/><D35/><U79/><E79/><V45/><F0/><W103/><G120/><T124/><D132/><U54/><E63/><V42/><F11/><W44/><G135/><T126/><D109/><U43/><E43/><V29/><F42/><W83/><G41/><T5/><D5/><U58/><E9/><V123/><F123/><W122/><G122/><T3/><D3/><U20/><E91/><V72/><F72/><W26/><G26/><T50/><D50/><U70/><REACH who="1" step="1"/><E70/><REACH who="1" ten="250,240,250,250" step="2"/><V95/><F107/><W111/><G111/><T104/><D68/><U108/><E108/><V133/><F133/><W101/><G101/><N who="0" m="62527" /><D90/><U114/><E114/><V34/><F34/><W7/><G103/><T73/><D73/><U10/><E10/><V19/><F94/><W4/><G75/><T127/><D80/><U100/><E100/><V1/><F102/><W15/><G77/><T14/><D14/><N who="3" m="5129" /><G83/><T67/><D67/><U59/><E59/><AGARI ba="0,1" hai="51,52,59,65,66,85,86,87,124,126,127" m="62527" machi="59" ten="40,7700,0" yaku="18,1,52,1,54,1" doraHai="55" who="0" fromWho="1" sc="250,87,240,-77,250,0,250,0" /><INIT seed="0,1,0,4,0,60" ten="337,163,250,250" oya="0" hai0="12,61,62,83,10,36,6,127,117,9,105,133,15" hai1="63,40,115,102,54,130,80,19,64,2,59,18,91" hai2="118,125,120,31,81,47,121,21,25,76,89,23,28" hai3="68,132,104,111,52,90,75,124,39,134,97,78,114"/><T0/><D117/><U92/><E2/><V113/><F113/><W107/><G114/><T41/><D127/><U22/><E115/><V129/><F118/><W79/><G39/><T29/><D133/><N who="3" m="51305" /><G68/><T73/><D105/><N who="3" m="40521" /><G75/><T116/><D116/><U94/><E130/><V93/><F125/><W96/><G124/><T33/><D33/><U44/><E54/><V51/><F129/><W3/><G3/><T87/><D29/><U123/><E123/><V74/><F23/><W34/><G34/><T16/><D15/><U1/><E1/><V131/><F31/><W7/><G7/><T103/><D103/><U95/><E102/><V108/><F108/><W45/><G111/><T48/><D36/><U72/><E22/><V106/><F106/><W135/><G135/><T65/><D73/><U14/><E14/><V128/><F128/><W35/><G35/><T71/><D62/><U27/><E27/><V99/><F131/><W82/><G52/><AGARI ba="1,0" hai="21,25,28,47,51,52,74,76,81,89,93,99,120,121" machi="52" ten="30,2000,0" yaku="7,1,54,1" doraHai="60" who="2" fromWho="3" sc="337,0,163,0,250,23,250,-23" /><INIT seed="1,0,0,0,3,6" ten="337,163,273,227" oya="1" hai0="94,14,60,124,104,61,73,19,69,53,36,58,113" hai1="65,62,100,78,108,76,45,12,13,89,120,0,74" hai2="112,8,15,47,55,97,49,52,119,63,54,126,64" hai3="38,105,41,82,21,40,48,3,68,106,20,4,92"/><U101/><E0/><V22/><F126/><W85/><G68/><T88/><D113/><U24/><E120/><V133/><F133/><W56/><G92/><T32/><D104/><U28/><E108/><V122/><F112/><W86/><G38/><T109/><D36/><U43/><E89/><V29/><F119/><W95/><G105/><T96/><D124/><U135/><E135/><V77/><F122/><W121/><G106/><T98/><D109/><U57/><E100/><V39/><F39/><W129/><G129/><T83/><D32/><U118/><E101/><V67/><F77/><W110/><G121/><T91/><D73/><U37/><E118/><V42/><F97/><W114/><G114/><T23/><D69/><U27/><E27/><N who="2" m="16631" /><F63/><W59/><G4/><AGARI ba="0,0" hai="4,8,15,42,47,49,52,54,55,64,67" m="16631" machi="4" ten="30,3900,0" yaku="8,1,52,1,54,1" doraHai="6" who="2" fromWho="3" sc="337,0,163,0,273,39,227,-39" /><INIT seed="2,0,0,1,0,124" ten="337,163,312,188" oya="2" hai0="33,24,65,112,109,26,101,30,22,3,58,12,56" hai1="121,66,8,80,5,51,92,86,102,118,70,78,69" hai2="2,42,97,90,96,55,38,40,34,132,57,7,6" hai3="73,114,19,91,29,46,17,108,119,88,20,129,99"/><V47/><F34/><W128/><G119/><T14/><D112/><U93/><E118/><V32/><F32/><W76/><G114/><T45/><D3/><U59/><E121/><V13/><F42/><W110/><G29/><T74/><D74/><U95/><E102/><V16/><F132/><W50/><G19/><T98/><D109/><N who="3" m="42089" /><G76/><T61/><D56/><U52/><REACH who="1" step="1"/><E66/><REACH who="1" ten="337,153,312,188" step="2"/><V39/><F39/><W53/><G73/><T105/><D65/><U48/><E48/><N who="2" m="26727" /><F2/><AGARI ba="0,1" hai="2,5,8,51,52,59,69,70,78,80,86,92,93,95" machi="2" ten="40,2600,0" yaku="1,1,54,1,53,0" doraHai="124" doraHaiUra="15" who="1" fromWho="2" sc="337,0,153,36,312,-26,188,0" /><INIT seed="3,0,0,1,4,106" ten="337,189,286,188" oya="3" hai0="134,101,57,54,20,38,98,42,67,97,31,72,131" hai1="71,45,61,82,30,18,17,120,128,105,74,39,21" hai2="24,118,76,77,87,51,95,114,89,3,64,103,10" hai3="99,115,19,36,46,28,65,23,5,81,22,135,119"/><W104/><G115/><T35/><D35/><U50/><E105/><V33/><F114/><W78/><G119/><T56/><D72/><U83/><E120/><V59/><F118/><W88/><G135/><T14/><D42/><N who="1" m="24887" /><E39/><V68/><F68/><W94/><G104/><T2/><D97/><U96/><E74/><V126/><F126/><W117/><G117/><T44/><D14/><U69/><E69/><V11/><F103/><W127/><G127/><T8/><D8/><U29/><E71/><V16/><F3/><W34/><G5/><T12/><D31/><N who="1" m="11787" /><E128/><V92/><F33/><W132/><G132/><T133/><D67/><U112/><E112/><V129/><F10/><W113/><G113/><T73/><D57/><U107/><E107/><V110/><F110/><W109/><G65/><T80/><D54/><U124/><E124/><V102/><F129/><W90/><G109/><T58/><D12/><N who="1" m="9383" /><E96/><N who="2" m="59679" /><F11/><W84/><G19/><T108/><D80/><N who="1" m="30763" /><E18/><V66/><F66/><W121/><G121/><T40/><D20/><U125/><E125/><V37/><F37/><W53/><G90/><T4/><D4/><U122/><E122/><V93/><F93/><W123/><G123/><T130/><D108/><U100/><E100/><V26/><F26/><N who="3" m="18711" /><G36/><T85/><D85/><U63/><AGARI ba="0,0" hai="61,63" m="30763,9383,11787,24887" machi="63" ten="30,1100,0" yaku="8,1" doraHai="106" who="1" fromWho="1" sc="337,-3,189,11,286,-3,188,-5" owari="334,44.0,200,-20.0,283,8.0,183,-32.0" /></mjloggm>