<mjloggm ver="2.3"><GO type="169" lobby="0"/><UN n0="%E5%8D%97%E5%B8%9D%E5%8D%97%E6%B5%A6" n1="%69%6B%65%64%61%64%61" n2="%E5%AE%89%E9%81%94%E3%81%95%E3%81%8F%E3%82%89" n3="%74%75%63%6B%62%6F%63%6B" dan="16,16,17,17" rate="2077.75,2148.10,2203.48,2112.08" sx="F,M,M,M"/><TAIKYOKU oya="0"/><INIT seed="0,0,0,3,2,40" ten="250,250,250,250" oya="0" hai0="127,28,77,115,87,24,83,89,108,31,72,81,100" hai1="101,122,30,34,27,0,48,73,114,64,13,11,80" hai2="23,21,39,63,38,90,52,99,56,98,104,65,5" hai3="106,29,9,124,70,91,112,14,86,88,26,12,118"/><T49/><D115/><U15/><E122/><V67/><F5/><W113/><G118/><T66/><D127/><U120/><E120/><V94/><F39/><W119/><G119/><T125/><D125/><U133/><E114/><V116/><F116/><W131/><G124/><T51/><D100/><U4/><E133/><V78/><F38/><W126/><G126/><T93/><D66/><U8/><E101/><V79/><F104/><W33/><G106/><T130/><D130/><U59/><E11/><V36/><F36/><W37/><G70/><T45/><D51/><U32/><E32/><V97/><F67/><W7/><G131/><T57/><D57/><U109/><E109/><V76/><REACH who="2" step="1"/><F65/><REACH who="2" ten="250,250,240,250" step="2"/><W50/><G37/><T96/><D108/><U22/><E64/><V117/><F117/><W1/><G113/><T35/><D31/><U19/><E4/><V134/><F134/><W129/><G112/><T132/><D132/><U47/><E30/><V46/><F46/><W18/><G129/><T135/><D135/><U84/><E47/><V60/><F60/><W111/><G111/><T128/><D128/><U16/><E48/><V54/><F54/><W85/><G50/><T25/><D28/><U110/><E110/><V121/><F121/><W71/><G71/><T92/><D35/><U53/><E53/><V6/><F6/><W82/><REACH who="3" step="1"/><G18/><REACH who="3" ten="250,250,240,240" step="2"/><T61/><D61/><U75/><E19/><V69/><F69/><W2/><G2/><T102/><REACH who="0" step="1"/><D81/><AGARI ba="0,2" hai="1,7,9,12,14,26,29,33,81,82,85,86,88,91" machi="81" ten="30,8000,1" yaku="1,1,7,1,9,1,54,1,53,1" doraHai="40" doraHaiUra="20" who="3" fromWho="0" sc="250,-80,250,0,240,0,240,100" /><INIT seed="1,0,0,3,0,94" ten="170,250,240,340" oya="1" hai0="116,70,50,123,30,87,73,34,124,93,35,29,129" hai1="64,82,132,46,102,118,21,28,10,55,25,72,43" hai2="3,100,8,121,49,57,75,127,33,104,117,80,51" hai3="125,98,128,40,13,131,135,92,108,77,97,105,27"/><U15/><E118/><V52/><F117/><W91/><G40/><T47/><D116/><U16/><E132/><V67/><F121/><W65/><G65/><T45/><D73/><U17/><E64/><V36/><F36/><W134/><G27/><T42/><D70/><U20/><E102/><V114/><F33/><W68/><G68/><T0/><D0/><U39/><E55/><V2/><F127/><W78/><G13/><T23/><D124/><U54/><E54/><V61/><F114/><W14/><G14/><T11/><D129/><N who="3" m="49737" /><G108/><T18/><D123/><U37/><E37/><V88/><F75/><W120/><G120/><T112/><D112/><U38/><E38/><V53/><F53/><W89/><G125/><T110/><D110/><U1/><E1/><V106/><F51/><W4/><G4/><T111/><D111/><U95/><E95/><V60/><F60/><W133/><G105/><T101/><D35/><U103/><E103/><V83/><F3/><W19/><G19/><T99/><D34/><U48/><E39/><V58/><F8/><W107/><G91/><T31/><D47/><U66/><E66/><V44/><F2/><W24/><G24/><T113/><D113/><U96/><E21/><V84/><F44/><W109/><G109/><T86/><REACH who="0" step="1"/><D11/><REACH who="0" ten="160,250,240,340" step="2"/><U9/><E9/><V115/><F115/><W26/><G26/><AGARI ba="0,1" hai="18,23,26,29,30,31,42,45,50,86,87,93,99,101" machi="26" ten="40,8000,1" yaku="1,1,2,1,8,1,52,1,53,1" doraHai="94" doraHaiUra="41" who="0" fromWho="3" sc="160,90,250,0,240,0,340,-80" /><INIT seed="2,0,0,1,5,91" ten="250,250,240,260" oya="2" hai0="104,43,42,103,131,84,38,14,52,61,125,9,20" hai1="2,121,92,56,30,64,134,26,123,74,40,110,55" hai2="6,129,15,13,18,120,24,97,5,57,83,124,95" hai3="112,76,116,50,33,87,62,51,39,16,126,107,135"/><V85/><F120/><W79/><G39/><T73/><D73/><U4/><E74/><V3/><F129/><W47/><G116/><T1/><D38/><U122/><E110/><V44/><F124/><W69/><G33/><T106/><D1/><U36/><E64/><V114/><F114/><W11/><G112/><T65/><D125/><U128/><E128/><V132/><F132/><W0/><G135/><T17/><D104/><U25/><E134/><V63/><F3/><W48/><G107/><T90/><D131/><U94/><E26/><V99/><F44/><W127/><G127/><T46/><D103/><U100/><E100/><N who="2" m="60479" /><F99/><W32/><G32/><T105/><D105/><U12/><E2/><V60/><F24/><W19/><G126/><T59/><D106/><U86/><E86/><V93/><F63/><W21/><G47/><T101/><D101/><U119/><E119/><V115/><F115/><W70/><G70/><T78/><D78/><U10/><E40/><V102/><F102/><W53/><G69/><T54/><D20/><N who="1" m="15655" /><E36/><V88/><F83/><N who="3" m="47591" /><G79/><T67/><D67/><U75/><E75/><V80/><F80/><W58/><G0/><T28/><D28/><U7/><E7/><N who="2" m="2571" /><F18/><W113/><G113/><T72/><D72/><U108/><E108/><V130/><F130/><W82/><G82/><N who="0" m="49431" /><D65/><AGARI ba="0,0" hai="13,15,57,60,65,85,88,93" m="2571,60479" machi="65" ten="30,11600,0" yaku="8,1,52,2,54,1" doraHai="91" who="2" fromWho="0" sc="250,-116,250,0,240,116,260,0" /><INIT seed="2,1,0,5,0,121" ten="134,250,356,260" oya="2" hai0="21,111,27,63,31,7,134,79,47,90,58,89,116" hai1="38,128,84,29,23,48,30,33,43,54,104,25,18" hai2="69,52,87,10,20,59,107,102,108,44,45,112,71" hai3="133,119,93,51,46,124,64,123,130,1,41,118,36"/><V92/><F112/><W135/><G1/><T82/><D111/><U56/><E128/><V85/><F107/><W91/><G123/><T49/><D134/><N who="3" m="51209" /><G64/><T16/><D7/><U12/><E104/><V0/><F108/><W68/><G68/><T61/><D31/><U76/><E38/><V110/><F110/><W2/><G2/><T72/><D61/><U3/><E3/><V19/><F71/><W70/><G70/><T73/><D73/><U74/><E74/><V99/><F69/><W117/><G130/><T13/><D27/><U42/><E76/><V86/><F10/><W113/><G113/><T57/><D57/><U4/><E30/><V98/><F98/><N who="3" m="57663" /><G124/><T77/><D77/><U55/><E4/><V11/><F11/><W35/><G35/><T95/><D95/><U88/><E55/><V15/><REACH who="2" step="1"/><F0/><REACH who="2" ten="134,250,346,260" step="2"/><W100/><G100/><T62/><D116/><U125/><REACH who="1" step="1"/><E125/><REACH who="1" ten="134,240,346,260" step="2"/><V9/><F9/><W28/><G119/><T103/><D103/><U66/><E66/><V24/><F24/><W105/><G118/><T132/><D132/><U81/><AGARI ba="1,2" hai="12,18,23,25,29,33,42,43,48,54,56,81,84,88" machi="81" ten="20,8000,1" yaku="1,1,0,1,7,1,54,1,53,1" doraHai="121" doraHaiUra="14" who="1" fromWho="1" sc="134,-21,240,103,346,-41,260,-21" /><INIT seed="3,0,0,4,1,88" ten="113,343,305,239" oya="3" hai0="122,28,83,103,112,16,18,64,115,120,27,17,20" hai1="86,90,33,49,134,12,127,98,72,45,70,8,123" hai2="111,82,56,128,52,102,7,42,80,109,97,35,69" hai3="62,2,10,34,31,40,53,6,46,55,87,11,105"/><W96/><G11/><T74/><D103/><U13/><E123/><N who="0" m="47145" /><D64/><U75/><E33/><V119/><F119/><W14/><G2/><T132/><D83/><U15/><E70/><V0/><F69/><W41/><G41/><T59/><D59/><U66/><E66/><V37/><F35/><W44/><G44/><T116/><D74/><U125/><E98/><V113/><F113/><N who="0" m="43594" /><D132/><U131/><E8/><N who="2" m="2151" /><F42/><W110/><G62/><T19/><N who="0" m="4096" /><DORA hai="47" /><T79/><D79/><U1/><E75/><V5/><F37/><W51/><G96/><T114/><N who="0" m="43602" /><T121/><N who="0" m="47153" /><DORA hai="58" /><T39/><DORA hai="106" /><D39/><U57/><E57/><V61/><F82/><W68/><G68/><T133/><D133/><U76/><E76/><V89/><F80/><W71/><G71/><T93/><D93/><U26/><E72/><V29/><F102/><W84/><G105/><T4/><D4/><U100/><E100/><V25/><F5/><W50/><G6/><T43/><D43/><U32/><E134/><V94/><F56/><W22/><G40/><T38/><D38/><U63/><E45/><V104/><F104/><W135/><G135/><T24/><D24/><U36/><E26/><V91/><F25/><W60/><G46/><T101/><D101/><U92/><E36/><V65/><F65/><W126/><G60/><T48/><D48/><U23/><E63/><V9/><F61/><W95/><G51/><T117/><AGARI ba="0,0" hai="20,27,28,116,117" m="4096,43602,47153" machi="117" ten="80,12000,2" yaku="27,2,11,1,34,2,54,1" doraHai="88,47,58,106" who="0" fromWho="0" sc="113,120,343,-30,305,-30,239,-60" /><INIT seed="4,0,0,1,5,2" ten="233,313,275,179" oya="0" hai0="16,72,114,59,117,24,118,74,49,11,65,0,95" hai1="77,12,76,51,89,132,73,63,42,97,113,81,78" hai2="44,90,128,67,104,109,122,133,58,15,99,129,40" hai3="31,9,116,23,10,14,4,48,85,111,29,100,82"/><T52/><D65/><U102/><E132/><V119/><F122/><W26/><G111/><T108/><D108/><U123/><E123/><V47/><F109/><W120/><G116/><T36/><D36/><U30/><E113/><V96/><F133/><W75/><G75/><T92/><D114/><U130/><E130/><N who="2" m="50283" /><F119/><W38/><G38/><T41/><D41/><U87/><E30/><V62/><F15/><N who="3" m="5543" /><G100/><T34/><D118/><U88/><E63/><V101/><F40/><W126/><G126/><T21/><D34/><U6/><E89/><V80/><F80/><W106/><G106/><T39/><D39/><U135/><E135/><V134/><F134/><W70/><G70/><T54/><D117/><U22/><E73/><V127/><F127/><W61/><G61/><T5/><D72/><U69/><E69/><V94/><AGARI ba="0,0" hai="44,47,58,62,67,90,94,96,99,101,104" m="50283" machi="94" ten="30,1100,0" yaku="19,1" doraHai="2" who="2" fromWho="2" sc="233,-5,313,-3,275,11,179,-3" /><INIT seed="5,0,0,4,1,104" ten="228,310,286,176" oya="1" hai0="53,46,22,90,100,87,32,92,134,28,30,74,11" hai1="12,6,64,71,108,24,15,116,2,120,41,66,68" hai2="130,101,82,9,51,118,33,115,42,65,114,98,126" hai3="48,119,132,23,103,31,1,40,54,63,57,99,59"/><U45/><E120/><V44/><F118/><W97/><G132/><T133/><D32/><U85/><E116/><V76/><F33/><W17/><G1/><T56/><D11/><U37/><E108/><V47/><F126/><W89/><G119/><T20/><D100/><U43/><E24/><V94/><F130/><W83/><G31/><T129/><D46/><U84/><E45/><N who="2" m="26039" /><F65/><W117/><G117/><T39/><D39/><U34/><E34/><V127/><F9/><W67/><G40/><T25/><D129/><U14/><E14/><V124/><F44/><W13/><REACH who="3" step="1"/><G103/><REACH who="3" ten="228,310,286,166" step="2"/><T88/><D134/><U10/><E2/><V0/><F0/><W7/><G7/><T61/><D133/><U3/><E3/><V81/><F101/><W95/><G95/><T19/><D30/><U35/><E6/><V91/><F94/><W16/><G16/><T131/><D131/><U60/><E43/><V78/><F127/><W102/><G102/><T105/><D105/><U69/><E41/><V79/><F124/><W110/><G110/><T29/><D29/><U52/><E35/><V26/><F115/><W80/><G80/><T109/><D109/><U50/><E37/><V123/><F114/><W106/><G106/><T121/><D121/><U8/><E71/><V4/><F82/><W86/><AGARI ba="0,1" hai="13,17,23,48,54,57,59,63,67,83,86,89,97,99" machi="86" ten="30,4000,0" yaku="1,1,0,1,8,1,53,0" doraHai="104" doraHaiUra="5" who="3" fromWho="3" sc="228,-10,310,-20,286,-10,166,50" /><INIT seed="6,0,0,4,3,28" ten="218,290,276,216" oya="2" hai0="30,17,22,101,103,4,45,102,119,85,36,12,80" hai1="130,27,94,55,69,29,6,39,86,67,90,7,91" hai2="68,92,3,21,106,31,114,72,96,133,81,44,122" hai3="97,8,110,112,74,89,56,121,60,105,75,98,34"/><V18/><F122/><W134/><G121/><T132/><D132/><U118/><E118/><V61/><F133/><W51/><G134/><T113/><D119/><U2/><E39/><V59/><F106/><W52/><G110/><T9/><D113/><U38/><E38/><V26/><F114/><W79/><G112/><T64/><D64/><U50/><E2/><V84/><F72/><W23/><G34/><T49/><D36/><U125/><E125/><V14/><F3/><W15/><G23/><T108/><D108/><U24/><E67/><V71/><F44/><W43/><G79/><T100/><D30/><U20/><E69/><V124/><F124/><W54/><G43/><T66/><D66/><U19/><E91/><V109/><F109/><W53/><G98/><T46/><N who="0" m="25600" /><DORA hai="40" /><T123/><D123/><U129/><E129/><V83/><F92/><N who="3" m="56463" /><G74/><T128/><D49/><U107/><E107/><V48/><F96/><W131/><G75/><T104/><D104/><U16/><E130/><V35/><F83/><W13/><G131/><T10/><D128/><U135/><E135/><V57/><F71/><W32/><G32/><T62/><D62/><U126/><E126/><V5/><F68/><W70/><G105/><T37/><D37/><U99/><E99/><V127/><F127/><W33/><G33/><T47/><D4/><N who="1" m="1579" /><E27/><V42/><F5/><N who="3" m="3215" /><G15/><T1/><D1/><U65/><E65/><V78/><F61/><W63/><G70/><T95/><D95/><U87/><E87/><V117/><F117/><W88/><G88/><AGARI ba="0,0" hai="9,10,12,17,22,45,46,47,80,85,88" m="25600" machi="88" ten="50,8000,1" yaku="8,1,52,3,54,1" doraHai="28,40" who="0" fromWho="3" sc="218,80,290,0,276,0,216,-80" /><INIT seed="7,0,0,5,4,79" ten="298,290,276,136" oya="3" hai0="29,131,126,47,40,99,133,102,132,45,43,124,100" hai1="84,6,91,56,38,49,112,21,71,110,113,3,68" hai2="0,11,53,96,103,123,121,119,86,127,125,65,80" hai3="32,67,83,36,109,25,13,31,64,87,42,58,35"/><W98/><G109/><T89/><D29/><U82/><E38/><V116/><F65/><W55/><G35/><T128/><D89/><U88/><E110/><V95/><F53/><W46/><G98/><AGARI ba="0,0" hai="40,43,45,47,98,99,100,102,124,126,128,131,132,133" machi="98" ten="25,1600,0" yaku="22,2" doraHai="79" who="0" fromWho="3" sc="298,16,290,0,276,0,136,-16" owari="314,41.0,290,9.0,276,-12.0,120,-38.0" /></mjloggm>