<mjloggm ver="2.3"><GO type="185" lobby="0"/><UN n0="%E6%B5%B7%E8%83%86%E3%83%88%E3%83%AD%E7%83%8F%E8%B3%8A" n1="%E3%82%BF%E3%83%AD%E3%81%95" n2="%6A%68%6B%6C%3B%2E%3A%2F" n3="" dan="18,16,16,0" rate="2369.23,2110.14,2141.83,1500.00" sx="M,M,F,C"/><TAIKYOKU oya="0"/><INIT seed="0,0,0,3,3,41" ten="350,350,350,0" oya="0" hai0="60,105,109,39,134,63,52,38,126,68,62,54,57" hai1="86,106,131,99,111,104,66,58,80,2,56,70,116" hai2="132,64,117,87,67,37,45,53,61,47,125,98,108" hai3=""/><T91/><D105/><U128/><E116/><V81/><F117/><T102/><D102/><U33/><E33/><V103/><F108/><T71/><D91/><U46/><E111/><V97/><F125/><T133/><D109/><U72/><E70/><N who="0" m="26665" /><D126/><U89/><E2/><V135/><F37/><N who="0" m="13834" /><D57/><U49/><E72/><V73/><F73/><T90/><D90/><U32/><E32/><V59/><F97/><T123/><N who="0" m="31520" /><T110/><D110/><U51/><E99/><V101/><F101/><T83/><D83/><U55/><E106/><V122/><N who="2" m="31264" /><V130/><F98/><T48/><D48/><U115/><E104/><V3/><F103/><T69/><N who="0" m="26673" /><T120/><N who="0" m="30752" /><DORA hai="96" /><T42/><D42/><U119/><E119/><V124/><F3/><T107/><D107/><U50/><E89/><V84/><F124/><T43/><D43/><U78/><E51/><V113/><F81/><T129/><D129/><U40/><E80/><V88/><F88/><T76/><D76/><U93/><E78/><V112/><F130/><T100/><D100/><U82/><E131/><V0/><F0/><T118/><D118/><U35/><E128/><V121/><N who="2" m="31008" /><V75/><F75/><T74/><D74/><U77/><E35/><RYUUKYOKU ba="0,0" sc="350,20,350,-10,350,-10,0,0" hai0="52,54,60,62,63,133,134" /><INIT seed="0,1,0,2,2,97" ten="370,340,340,0" oya="0" hai0="100,42,67,73,77,108,87,57,37,134,52,131,65" hai1="59,2,135,33,130,119,126,54,82,46,106,105,48" hai2="81,127,96,53,88,64,76,70,112,92,124,128,32" hai3=""/><T98/><D73/><U107/><E119/><V63/><F112/><T93/><D134/><U102/><E33/><V35/><F128/><T74/><D74/><U55/><E2/><V45/><F45/><T75/><D75/><U103/><E126/><N who="2" m="48171" /><F53/><T60/><D131/><U43/><E130/><V56/><F70/><T89/><D77/><U38/><E135/><V72/><AGARI ba="1,0" hai="32,35,56,63,64,72,76,81,88,92,96" m="48171" machi="72" ten="30,1500,0" yaku="18,1,54,1" doraHai="97" who="2" fromWho="2" sc="370,-11,340,-6,340,17,0,0" /><INIT seed="1,0,0,5,0,34" ten="359,334,357,0" oya="1" hai0="49,46,79,76,94,55,57,135,45,97,75,64,91" hai1="105,99,129,134,2,81,122,39,117,96,40,123,67" hai2="114,133,59,112,109,124,85,73,108,36,47,66,71" hai3=""/><U61/><N who="1" m="31264" /><U87/><N who="1" m="31520" /><U111/><E117/><V126/><F73/><T83/><D135/><U69/><E129/><V3/><F3/><T106/><D79/><U92/><E134/><V51/><F85/><T52/><D64/><U103/><E2/><V93/><F93/><T130/><D130/><U33/><E33/><V74/><F74/><T65/><D65/><U88/><E40/><V107/><F107/><T98/><REACH who="0" step="1"/><D55/><REACH who="0" ten="349,334,357,0" step="2"/><U86/><E111/><V60/><F133/><T44/><D44/><U121/><N who="1" m="31008" /><U38/><REACH who="1" step="1"/><E81/><REACH who="1" ten="349,324,357,0" step="2"/><V70/><F108/><T102/><AGARI ba="0,2" hai="45,46,49,52,57,75,76,83,91,94,97,98,102,106" machi="102" ten="30,3000,0" yaku="1,1,0,1,54,1,53,0" doraHai="34" doraHaiUra="82" who="0" fromWho="0" sc="349,50,324,-20,357,-10,0,0" /><INIT seed="2,0,0,3,0,127" ten="399,304,347,0" oya="2" hai0="43,104,125,120,101,38,77,74,50,123,72,54,61" hai1="106,63,107,44,55,53,122,80,98,134,119,86,108" hai2="102,71,59,129,40,68,52,79,90,83,124,56,37" hai3=""/><V67/><F124/><T109/><N who="0" m="30752" /><T131/><N who="0" m="31520" /><T76/><D125/><U42/><N who="1" m="31264" /><U36/><E108/><V112/><F112/><T45/><D109/><U85/><E134/><V82/><F102/><T84/><D61/><U70/><E119/><V130/><F37/><T1/><D1/><U99/><E85/><V88/><F40/><T91/><D131/><N who="2" m="50186" /><F67/><T62/><D38/><U110/><E110/><V46/><F46/><T34/><D101/><U60/><E60/><V69/><F56/><T87/><D43/><U128/><E128/><V105/><F105/><T114/><D104/><U121/><N who="1" m="31008" /><U51/><E107/><V100/><F100/><T78/><D114/><U58/><E106/><V113/><F113/><T65/><D65/><U97/><E70/><N who="2" m="17923" /><V47/><DORA hai="57" /><F47/><T111/><D45/><U33/><E33/><V66/><F66/><T35/><D35/><U48/><REACH who="1" step="1"/><E55/><REACH who="1" ten="399,294,347,0" step="2"/><V118/><F118/><T96/><D34/><U94/><E94/><V0/><F0/><T116/><D116/><U32/><E32/><V103/><F83/><T49/><D111/><U73/><E73/><V133/><F133/><T117/><D117/><U89/><AGARI ba="0,1" hai="36,42,44,48,51,53,58,63,80,86,89,97,98,99" m="31008,31264" machi="89" ten="30,6000,1" yaku="1,1,0,1,52,3,53,0" doraHai="127,57" doraHaiUra="75,2" who="1" fromWho="1" sc="399,-20,294,70,347,-40,0,0" /><INIT seed="4,0,0,3,5,35" ten="379,364,307,0" oya="0" hai0="124,113,53,114,88,93,34,44,77,81,84,40,50" hai1="121,103,2,57,68,92,55,126,45,3,1,109,72" hai2="41,96,74,85,42,78,73,0,134,39,125,107,116" hai3=""/><T102/><D34/><U99/><N who="1" m="31008" /><U132/><E109/><V106/><F116/><T100/><D124/><U61/><E132/><V70/><F70/><T67/><D67/><U135/><E135/><V79/><F134/><T51/><D114/><U112/><E72/><V66/><F66/><T95/><D95/><U98/><E126/><V64/><F64/><T91/><D91/><U33/><E33/><V47/><F125/><T123/><N who="0" m="31520" /><T71/><D71/><U80/><E68/><V63/><F63/><T36/><D113/><U119/><E119/><V117/><F117/><T118/><D118/><U127/><E112/><V108/><F108/><T87/><D36/><U52/><E80/><V76/><F85/><T59/><AGARI ba="0,0" hai="40,44,50,51,53,59,77,81,84,87,88,93,100,102" m="31520" machi="59" ten="20,8000,1" yaku="0,1,7,1,8,1,52,1,54,1" doraHai="35" who="0" fromWho="0" sc="379,80,364,-40,307,-40,0,0" /><INIT seed="4,1,0,1,3,124" ten="459,324,267,0" oya="0" hai0="118,107,76,134,48,36,66,93,104,42,99,3,120" hai1="96,97,87,70,128,65,125,113,135,33,123,0,60" hai2="39,78,79,90,132,72,61,53,75,83,127,81,98" hai3=""/><T38/><N who="0" m="30752" /><T80/><D118/><U2/><N who="1" m="31520" /><U35/><E125/><V108/><F39/><T32/><D32/><U95/><E135/><V116/><F127/><T82/><D3/><U57/><E113/><V89/><F108/><T86/><D66/><U112/><E112/><V115/><F115/><T45/><D134/><U129/><E2/><V1/><F132/><T117/><D117/><U130/><E0/><V58/><F1/><T56/><D82/><U92/><E87/><V109/><F109/><T49/><D49/><U91/><E70/><V51/><F116/><T102/><REACH who="0" step="1"/><D56/><REACH who="0" ten="449,324,267,0" step="2"/><U59/><E57/><V55/><F51/><T52/><D52/><U119/><REACH who="1" step="1"/><E119/><REACH who="1" ten="449,314,267,0" step="2"/><V47/><F58/><T50/><D50/><U69/><E69/><V105/><F61/><T64/><D64/><U63/><E63/><V84/><F55/><T54/><D54/><U121/><N who="1" m="31008" /><U126/><E126/><V34/><F53/><T62/><D62/><U85/><E85/><V106/><F34/><T133/><D133/><U67/><E67/><V94/><F84/><T41/><D41/><U43/><E43/><V103/><F81/><T122/><N who="0" m="31264" /><T100/><D100/><AGARI ba="1,2" hai="33,35,59,60,65,91,92,95,96,97,100,128,129,130" m="31008,31520" machi="100" ten="40,12000,2" yaku="1,1,19,1,52,5,53,0" doraHai="124" doraHaiUra="46" who="1" fromWho="0" sc="449,-122,314,142,267,0,0,0" /><INIT seed="5,0,0,5,3,131" ten="327,456,267,0" oya="1" hai0="63,129,122,76,124,36,34,50,118,0,37,106,64" hai1="81,102,75,55,97,107,125,113,91,93,67,58,71" hai2="119,43,123,103,65,135,84,80,130,82,87,72,133" hai3=""/><U56/><E113/><V40/><N who="2" m="31520" /><V96/><F72/><T53/><N who="0" m="31264" /><T89/><D0/><U57/><E125/><V98/><F130/><T70/><D34/><U33/><E33/><V46/><F119/><T99/><D129/><U121/><N who="1" m="31008" /><U47/><E47/><V78/><F65/><T66/><D124/><U132/><E132/><N who="2" m="50763" /><F46/><T77/><D66/><U92/><E71/><V44/><F44/><T62/><D62/><U114/><E114/><V85/><F96/><T127/><D127/><U49/><E67/><V1/><F1/><T74/><D118/><U51/><E51/><V83/><F78/><T79/><D74/><U120/><N who="1" m="30752" /><U88/><E75/><V38/><F38/><T2/><D2/><U109/><E49/><V41/><F41/><T112/><D112/><U105/><E55/><V52/><F52/><T115/><D115/><U73/><E73/><V42/><F42/><T35/><D35/><U86/><REACH who="1" step="1"/><E109/><REACH who="1" ten="327,446,267,0" step="2"/><V3/><F3/><T95/><D53/><U32/><E32/><V54/><F54/><T59/><D50/><U61/><E61/><V111/><F111/><T48/><D48/><U101/><E101/><V126/><F126/><T68/><D68/><U90/><E90/><RYUUKYOKU ba="0,1" sc="327,-20,446,10,267,10,0,0" hai1="56,57,58,81,86,88,91,92,93,97,102,105,107" hai2="40,43,80,82,83,84,85,87,98,103" /><INIT seed="5,1,1,5,4,86" ten="307,456,277,0" oya="1" hai0="3,38,133,2,100,112,71,74,82,1,68,63,113" hai1="111,106,70,61,104,117,89,50,130,49,56,101,42" hai2="93,95,85,62,65,115,75,118,43,35,96,48,41" hai3=""/><U80/><E117/><V55/><F35/><T91/><D38/><U45/><E130/><V131/><F75/><T47/><D133/><U32/><E111/><V59/><F118/><T73/><D100/><U135/><E135/><V110/><F110/><T122/><N who="0" m="31264" /><T0/><N who="0" m="512" /><DORA hai="39" /><T126/><D126/><U119/><E119/><V123/><N who="2" m="31520" /><V94/><F115/><N who="0" m="44106" /><D47/><U66/><E32/><V99/><F131/><T53/><D53/><U69/><E101/><V92/><F85/><T79/><D74/><U52/><E70/><N who="0" m="26665" /><D63/><U64/><E64/><V132/><F132/><T57/><D57/><U128/><E128/><V34/><F34/><T36/><D36/><U78/><E89/><AGARI ba="1,1" hai="73,79,82,89,91" m="26665,44106,512,31264" machi="89" ten="70,8000,1" yaku="15,1,52,3" doraHai="86,39" who="0" fromWho="1" sc="307,92,456,-82,277,0,0,0" /><INIT seed="6,0,0,4,3,58" ten="399,374,277,0" oya="2" hai0="87,135,109,86,83,41,43,2,80,108,54,133,101" hai1="95,78,98,132,104,33,59,37,36,60,112,74,61" hai2="1,91,121,127,73,130,103,57,71,49,0,102,94" hai3=""/><V3/><N who="2" m="31008" /><V35/><F35/><T52/><D101/><U38/><E33/><V118/><F118/><T119/><D119/><U67/><E132/><V45/><F71/><T69/><D69/><U32/><E104/><V89/><F73/><T129/><D129/><U76/><E112/><V113/><F113/><T107/><D107/><U53/><E74/><V77/><F130/><T122/><D2/><U115/><E32/><V117/><F117/><T116/><D116/><U72/><E72/><V110/><F110/><T34/><D34/><U84/><E84/><V93/><F77/><T124/><D124/><U120/><N who="1" m="30752" /><AGARI ba="0,0" hai="41,43,52,54,80,83,86,87,108,109,120,122,133,135" machi="120" ten="25,3200,0" yaku="22,2,54,1" doraHai="58" who="0" fromWho="1" sc="399,32,374,-32,277,0,0,0" owari="431,38.0,342,-6.0,277,-32.0,0,0.0" /></mjloggm>