<mjloggm ver="2.3"><GO type="225" lobby="0"/><UN n0="%E9%95%B7%E5%B3%B6%E3%83%B3%E3%82%AC%E3%83%B3" n1="%E3%81%AF%E3%82%88%E3%81%8A%E3%81%98%E3%81%95%E3%82%93" n2="%E7%88%86%E7%89%8C%E3%82%A6%E3%82%B7%E3%82%B8%E3%83%9E%E3%81%8F%E3%82%93" n3="%E5%B7%A5%E8%97%A4%E6%96%B0%E4%B8%80" dan="17,17,16,16" rate="2157.16,2138.89,2091.57,2141.36" sx="M,M,M,M"/><TAIKYOKU oya="0"/><INIT seed="0,0,0,2,3,94" ten="250,250,250,250" oya="0" hai0="87,11,83,36,30,117,12,31,105,28,122,127,46" hai1="61,47,32,68,97,78,89,70,126,135,74,25,75" hai2="116,62,26,49,121,132,44,82,101,107,56,100,54" hai3="8,84,104,113,115,15,39,1,110,109,37,17,3"/><T91/><D117/><U33/><E126/><V9/><F116/><W96/><G84/><T130/><D122/><U88/><E135/><V129/><F121/><W21/><G96/><T76/><D127/><U79/><E47/><V119/><F119/><W10/><G104/><T99/><D130/><U53/><E53/><V66/><F129/><W7/><G37/><T14/><D11/><U64/><E25/><V123/><F123/><W60/><G60/><T108/><D108/><N who="3" m="41577" /><G39/><T111/><D111/><U16/><E61/><V63/><F132/><W0/><G8/><T112/><D112/><AGARI ba="0,0" hai="0,1,3,7,10,15,17,21,112,113,115" m="41577" machi="112" ten="30,3900,0" yaku="14,1,34,2" doraHai="94" who="3" fromWho="0" sc="250,-39,250,0,250,0,250,39" /><INIT seed="1,0,0,1,3,107" ten="211,250,250,289" oya="1" hai0="14,119,2,59,118,68,73,50,6,36,58,124,55" hai1="7,122,115,75,22,111,127,83,90,92,126,102,24" hai2="67,78,37,130,133,98,134,29,88,116,8,101,129" hai3="26,128,35,10,100,82,85,5,21,60,89,25,123"/><U76/><E115/><V11/><F37/><W31/><G128/><N who="2" m="49257" /><F116/><W69/><G123/><T47/><D73/><U64/><E122/><V33/><F78/><W97/><G60/><T41/><D124/><U16/><E111/><V117/><F117/><W40/><G40/><T63/><D2/><U34/><E102/><V120/><F67/><W39/><G69/><T23/><D6/><U45/><E64/><V135/><F120/><W1/><G39/><T61/><D14/><U86/><E34/><V66/><F66/><W51/><G51/><T49/><D23/><U46/><REACH who="1" step="1"/><E7/><REACH who="1" ten="211,240,250,289" step="2"/><V91/><F33/><W18/><G100/><T77/><D118/><U131/><E131/><V12/><F29/><W72/><G31/><T95/><D119/><U71/><E71/><V84/><F101/><W99/><G35/><T9/><D68/><U96/><E96/><V38/><F98/><W0/><G97/><T74/><D9/><U93/><E93/><V113/><F11/><W30/><G99/><T28/><D28/><U109/><E109/><V15/><F8/><W105/><G30/><T81/><REACH who="0" step="1"/><D95/><REACH who="0" ten="201,240,250,289" step="2"/><U27/><E27/><V57/><F133/><W110/><G26/><T125/><D125/><AGARI ba="0,2" hai="16,22,24,45,46,75,76,83,86,90,92,125,126,127" machi="125" ten="40,12000,1" yaku="1,1,18,1,52,1,54,1,53,0" doraHai="107" doraHaiUra="53" who="1" fromWho="0" sc="201,-120,240,140,250,0,289,0" /><INIT seed="1,1,0,5,4,2" ten="81,380,250,289" oya="1" hai0="68,54,100,56,112,130,33,126,74,80,7,123,43" hai1="91,81,15,107,66,0,110,120,9,95,52,87,67" hai2="69,97,45,29,92,96,19,124,28,8,72,115,47" hai3="122,24,22,108,118,82,93,25,6,121,94,70,5"/><U40/><E120/><V135/><F72/><W62/><G108/><T84/><D112/><U1/><E107/><V65/><F115/><W4/><G118/><T76/><D123/><U89/><E40/><V38/><F124/><W50/><G82/><T53/><D68/><U132/><E132/><V3/><F135/><W119/><G119/><T75/><D126/><U49/><E0/><V133/><F96/><W42/><G121/><T13/><D33/><U98/><E1/><V103/><F19/><W101/><G122/><T113/><D113/><U58/><REACH who="1" step="1"/><E110/><REACH who="1" ten="81,370,250,289" step="2"/><V102/><F3/><W11/><G42/><T111/><D111/><U59/><E59/><V63/><F133/><W41/><G70/><T17/><D43/><U10/><E10/><V109/><F8/><W37/><G11/><T55/><D56/><U129/><E129/><V134/><F134/><W71/><G71/><T77/><D130/><U88/><E88/><V14/><F109/><W46/><G41/><T105/><D105/><U32/><E32/><V64/><F69/><W51/><G46/><T16/><D100/><U73/><E73/><V36/><F47/><W114/><G101/><T125/><D125/><U48/><E48/><V83/><F45/><W128/><G50/><T57/><D57/><U27/><E27/><V20/><F102/><W106/><G51/><T12/><D75/><U79/><E79/><V127/><F103/><W90/><G25/><T26/><D26/><U85/><E85/><V31/><F127/><W44/><G128/><T116/><D74/><U78/><E78/><V21/><F38/><RYUUKYOKU ba="1,1" sc="81,-10,370,30,250,-10,289,-10" hai1="9,15,49,52,58,66,67,81,87,89,91,95,98" /><INIT seed="1,2,1,0,2,5" ten="71,400,240,279" oya="1" hai0="74,17,59,91,133,40,104,106,117,132,42,112,19" hai1="52,127,89,49,50,27,32,135,90,128,15,69,7" hai2="80,55,119,21,56,4,113,109,30,8,41,22,134" hai3="0,95,36,73,61,94,71,46,111,57,101,11,75"/><U44/><E69/><V124/><F119/><W72/><G111/><T10/><D59/><U39/><E39/><V9/><F109/><W126/><G126/><T2/><D74/><U82/><E127/><V83/><F124/><W51/><G71/><T98/><D117/><U88/><E128/><V12/><F134/><N who="0" m="51818" /><D112/><U64/><E135/><V45/><F113/><W48/><G36/><T33/><D33/><U58/><E32/><V92/><F92/><W97/><G95/><N who="0" m="56703" /><D17/><U110/><E110/><V118/><F118/><W16/><G46/><T125/><D125/><U122/><E122/><V77/><F30/><W105/><G105/><N who="0" m="40555" /><D19/><U13/><E27/><V114/><F114/><W108/><G108/><T107/><N who="0" m="40563" /><T62/><DORA hai="96" /><D62/><N who="1" m="37975" /><E7/><AGARI ba="2,1" hai="2,7,10,40,42" m="40563,56703,51818" machi="7" ten="50,3200,0" yaku="20,1,52,1" doraHai="5,96" who="0" fromWho="1" sc="71,48,400,-38,240,0,279,0" /><INIT seed="2,0,0,5,2,29" ten="119,362,240,279" oya="2" hai0="63,94,46,85,92,43,37,26,55,31,106,84,48" hai1="78,100,91,9,118,68,27,38,110,61,59,105,83" hai2="4,65,64,117,12,23,102,132,101,103,95,128,131" hai3="135,42,133,127,21,66,58,57,60,15,96,113,75"/><V40/><F117/><W2/><G2/><T104/><D63/><U111/><E118/><V17/><F40/><W50/><G75/><T52/><D92/><U89/><E38/><V120/><F120/><W67/><G96/><T1/><D1/><U80/><E68/><V124/><F124/><W116/><G21/><T41/><D55/><U33/><E9/><V112/><F112/><W49/><G15/><T54/><D54/><U8/><E8/><V99/><F4/><W109/><G116/><T79/><D43/><U108/><E100/><N who="2" m="38507" /><F132/><N who="3" m="50763" /><G127/><T5/><D5/><U69/><E69/><V72/><F72/><W126/><G126/><T134/><D134/><U34/><E105/><V77/><F77/><W32/><G32/><N who="1" m="12394" /><E27/><V39/><F39/><W44/><G113/><T24/><D24/><U81/><E78/><V11/><F11/><W73/><G73/><T53/><D79/><U107/><E107/><V119/><F119/><W97/><G97/><T86/><D94/><U122/><E122/><V125/><F125/><W47/><G109/><T76/><D76/><U14/><E14/><V36/><F36/><N who="3" m="21575" /><G47/><T88/><D104/><U25/><E25/><V20/><F20/><W28/><G28/><T82/><D106/><U129/><E129/><AGARI ba="0,0" hai="12,17,23,64,65,95,99,103,128,129,131" m="38507" machi="129" ten="30,1500,0" yaku="19,1" doraHai="29" who="2" fromWho="1" sc="119,0,362,-15,240,15,279,0" /><INIT seed="2,1,0,2,0,11" ten="119,347,255,279" oya="2" hai0="117,98,20,14,99,88,79,95,122,115,109,37,101" hai1="119,53,130,66,0,63,70,24,93,28,25,35,48" hai2="17,36,73,47,111,31,102,123,57,1,40,106,19" hai3="15,68,80,114,81,71,34,129,126,125,4,32,121"/><V113/><F113/><W110/><G110/><T77/><D115/><U51/><E119/><V135/><F123/><W104/><G114/><T108/><D37/><U12/><E0/><V18/><F111/><N who="0" m="42570" /><D122/><U128/><E25/><V82/><F1/><W64/><G121/><T58/><D58/><U60/><E60/><V23/><F135/><W2/><G104/><N who="0" m="63543" /><D117/><U85/><E93/><V134/><F134/><W7/><G129/><N who="1" m="49770" /><E85/><V55/><F102/><W89/><G2/><T61/><D61/><U90/><E90/><V50/><F106/><W132/><G132/><T38/><D38/><U42/><E42/><V83/><F73/><W16/><G32/><T84/><D84/><U9/><E53/><V127/><F127/><N who="3" m="48651" /><G34/><T67/><D67/><U3/><E3/><V78/><F78/><W43/><G43/><T27/><D27/><U54/><E54/><V91/><F91/><W39/><G39/><T118/><D118/><U44/><E44/><V124/><F124/><W74/><G89/><T26/><D26/><U116/><E116/><V49/><F36/><W100/><G100/><T13/><D20/><U59/><E70/><N who="3" m="26666" /><G64/><T52/><D52/><U94/><E94/><V21/><F21/><N who="3" m="11423" /><G74/><T8/><D8/><U45/><E45/><V22/><F22/><W65/><G65/><T5/><D5/><AGARI ba="1,0" hai="5,9,12,24,28,35,48,51,59,63,66" m="49770" machi="5" ten="30,2000,0" yaku="19,1,52,1" doraHai="11" who="1" fromWho="0" sc="119,-23,347,23,255,0,279,0" /><AGARI ba="1,0" hai="4,5,7,80,81" m="11423,26666,48651" machi="5" ten="30,3900,0" yaku="18,1,52,1,54,1" doraHai="11" who="3" fromWho="0" sc="96,-39,370,0,255,0,279,39" /><INIT seed="3,0,0,3,1,135" ten="57,370,255,318" oya="3" hai0="110,66,102,94,96,83,88,58,24,37,23,8,11" hai1="98,90,63,64,125,51,39,3,116,31,2,129,36" hai2="130,30,40,91,27,33,72,38,13,22,111,55,73" hai3="10,108,9,126,67,77,1,35,101,5,80,92,42"/><W113/><G126/><T53/><D37/><U65/><E125/><V127/><F127/><W133/><G133/><T6/><D110/><U84/><E31/><V68/><F111/><W56/><G113/><T128/><D128/><U19/><E98/><V32/><F130/><W89/><G108/><T60/><D6/><U17/><E129/><V7/><F68/><W34/><G101/><T4/><D4/><U87/><E51/><V18/><F33/><W99/><G42/><T12/><D12/><U105/><E105/><V57/><F40/><W79/><G10/><T52/><D8/><U86/><E90/><V0/><F38/><N who="1" m="14377" /><E63/><V48/><REACH who="2" step="1"/><F91/><REACH who="2" ten="57,370,245,318" step="2"/><W93/><G93/><T97/><D11/><AGARI ba="0,1" hai="0,7,11,13,18,22,27,30,32,48,55,57,72,73" machi="11" ten="40,8000,1" yaku="1,1,2,1,24,2,53,1" doraHai="135" doraHaiUra="44" who="2" fromWho="0" sc="57,-80,370,0,245,90,318,0" owari="-23,-52.0,370,46.0,335,14.0,318,-8.0" /></mjloggm>