<mjloggm ver="2.3"><GO type="185" lobby="0"/><UN n0="%E5%A4%9A%E6%9E%97%E6%99%8B" n1="%E3%83%A6%E3%82%A6%E3%83%8B%E3%83%A3" n2="%E3%81%BE%E3%81%A3%E3%81%97%E3%83%BC" n3="" dan="16,18,16,0" rate="2208.22,2286.11,2256.15,1500.00" sx="M,M,F,C"/><TAIKYOKU oya="0"/><INIT seed="0,0,0,0,4,37" ten="350,350,350,0" oya="0" hai0="86,95,58,125,100,40,49,70,43,97,108,112,135" hai1="94,93,131,81,101,89,44,0,53,55,104,116,42" hai2="91,1,51,120,134,73,133,78,83,32,99,87,128" hai3=""/><T61/><D112/><U123/><N who="1" m="31520" /><U64/><E116/><V71/><N who="2" m="30752" /><V59/><F71/><T75/><D75/><U84/><E0/><V33/><F1/><T56/><D125/><U80/><E104/><V85/><F128/><T118/><D118/><U115/><E131/><V47/><F59/><T92/><D135/><N who="2" m="51722" /><F99/><T132/><D132/><U114/><E64/><V107/><F107/><T77/><D108/><U48/><E93/><V122/><N who="2" m="31264" /><V45/><F45/><T52/><D70/><U46/><E55/><V106/><F106/><T57/><D56/><U41/><E53/><V65/><F65/><T2/><D2/><U113/><REACH who="1" step="1"/><E101/><REACH who="1" ten="350,340,350,0" step="2"/><V62/><F62/><T105/><D105/><U63/><E63/><V68/><F68/><T109/><D61/><U130/><E130/><V38/><F32/><T66/><D66/><U98/><E98/><V76/><F33/><T54/><D100/><U119/><E119/><V3/><F3/><T35/><D35/><U88/><E88/><V50/><F91/><T126/><D97/><U79/><E79/><V39/><F78/><T34/><D34/><U82/><E82/><V36/><F47/><T103/><D77/><U111/><E111/><V110/><F110/><RYUUKYOKU ba="0,1" sc="350,-20,340,10,350,10,0,0" hai1="41,42,44,46,48,80,81,84,89,94,113,114,115" hai2="36,38,39,50,51,73,76,83,85,87" /><INIT seed="1,1,1,2,0,58" ten="330,350,360,0" oya="1" hai0="68,72,54,110,1,128,135,78,104,88,126,48,44" hai1="73,60,97,106,74,56,90,96,112,86,83,51,98" hai2="93,3,38,46,2,50,40,101,124,71,66,107,122" hai3=""/><U133/><E112/><V32/><N who="2" m="31264" /><V55/><F32/><T92/><D1/><U67/><E106/><V41/><F107/><T116/><D116/><U130/><E133/><V95/><F124/><T63/><D135/><U61/><E130/><V99/><F41/><T85/><D104/><U65/><REACH who="1" step="1"/><E51/><REACH who="1" ten="330,340,360,0" step="2"/><V94/><F2/><T76/><D128/><U36/><E36/><V132/><F3/><T57/><D126/><U69/><AGARI ba="1,2" hai="56,60,61,65,67,69,73,74,83,86,90,96,97,98" machi="69" ten="30,7800,0" yaku="1,1,0,1,52,2,53,0" doraHai="58" doraHaiUra="123" who="1" fromWho="1" sc="330,-40,340,100,360,-40,0,0" /><INIT seed="1,2,0,1,5,91" ten="290,440,320,0" oya="1" hai0="42,112,100,65,60,85,54,92,134,118,51,122,38" hai1="70,56,49,95,101,116,113,88,55,40,75,47,45" hai2="58,124,115,121,0,117,63,127,129,123,36,130,3" hai3=""/><U48/><E113/><V84/><N who="2" m="31008" /><V111/><N who="2" m="31520" /><V66/><F117/><T103/><N who="0" m="31264" /><T69/><D112/><U104/><E75/><V133/><F115/><T135/><D118/><U35/><E116/><V64/><F36/><T81/><D42/><U33/><E70/><V43/><F43/><T37/><D37/><U105/><E101/><V46/><F46/><T71/><D69/><U87/><REACH who="1" step="1"/><E47/><REACH who="1" ten="290,430,320,0" step="2"/><V74/><F74/><T50/><D103/><U32/><AGARI ba="2,1" hai="32,33,35,40,45,48,49,55,56,87,88,95,104,105" machi="32" ten="30,8000,1" yaku="1,1,2,1,0,1,52,1,54,1,53,0" doraHai="91" doraHaiUra="76" who="1" fromWho="1" sc="290,-42,430,94,320,-42,0,0" /><INIT seed="1,3,0,0,2,37" ten="248,524,278,0" oya="1" hai0="98,71,128,57,125,92,88,74,55,102,79,0,75" hai1="120,49,135,69,101,123,59,70,72,44,113,82,87" hai2="132,76,52,118,112,100,80,130,61,131,3,66,1" hai3=""/><U104/><N who="1" m="30752" /><U58/><N who="1" m="31520" /><U84/><E113/><V129/><F118/><T36/><D0/><U108/><E72/><V63/><F112/><T60/><D128/><U83/><E101/><V126/><F132/><T43/><D125/><U97/><E97/><V54/><F126/><T32/><D32/><U127/><E127/><V47/><F100/><T56/><D71/><U89/><E104/><V133/><F133/><T110/><D110/><U85/><E135/><V51/><F54/><T64/><D79/><U116/><E116/><V67/><F63/><T114/><D114/><U45/><E84/><V41/><F52/><T95/><D36/><U121/><N who="1" m="31008" /><U78/><E108/><V34/><F34/><T94/><D43/><U46/><REACH who="1" step="1"/><E49/><REACH who="1" ten="248,514,278,0" step="2"/><V2/><REACH who="2" step="1"/><F61/><REACH who="2" ten="248,514,268,0" step="2"/><T90/><D102/><U91/><E91/><V103/><F103/><T48/><D95/><U42/><E42/><V106/><F106/><T122/><N who="0" m="31264" /><T35/><D35/><U62/><E62/><V65/><F65/><T81/><D94/><U109/><E109/><V86/><AGARI ba="3,2" hai="1,2,3,41,47,51,66,67,76,80,86,129,130,131" machi="86" ten="40,6000,1" yaku="1,1,0,1,19,1,52,1,53,1" doraHai="37" doraHaiUra="40" who="2" fromWho="2" sc="248,-23,514,-43,268,86,0,0" /><INIT seed="2,0,0,0,1,121" ten="225,471,354,0" oya="2" hai0="111,85,96,52,93,37,97,104,47,133,90,78,68" hai1="86,42,127,135,72,45,128,100,67,56,1,95,114" hai2="34,33,64,117,57,73,83,89,134,66,108,101,51" hai3=""/><V55/><F117/><T41/><D68/><U3/><E72/><V112/><F112/><T58/><D133/><U40/><E114/><V44/><F134/><T91/><D78/><U116/><E135/><V35/><F101/><T102/><D111/><U60/><E127/><V2/><F2/><T43/><D47/><U79/><E42/><V76/><F108/><T71/><D71/><U87/><E128/><V54/><REACH who="2" step="1"/><F89/><REACH who="2" ten="225,471,344,0" step="2"/><T132/><D132/><U82/><E116/><V84/><F84/><T123/><N who="0" m="31520" /><T109/><D109/><U48/><E87/><V38/><F38/><T61/><REACH who="0" step="1"/><D37/><REACH who="0" ten="215,471,344,0" step="2"/><U46/><E1/><V131/><F131/><T53/><D53/><U74/><E3/><V69/><F69/><T88/><D88/><U130/><E130/><V63/><AGARI ba="0,2" hai="33,34,35,44,51,54,55,57,63,64,66,73,76,83" machi="63" ten="30,8000,1" yaku="1,1,0,1,53,3" doraHai="121" doraHaiUra="0" who="2" fromWho="2" sc="215,-40,471,-40,344,100,0,0" /><INIT seed="2,1,0,3,4,32" ten="175,431,444,0" oya="2" hai0="106,64,74,125,98,44,33,102,108,40,128,122,2" hai1="65,39,93,59,134,84,77,111,79,72,52,60,132" hai2="105,110,130,58,54,46,78,34,80,127,86,41,47" hai3=""/><V63/><F34/><T45/><N who="0" m="31264" /><T48/><D33/><U88/><E39/><V101/><F127/><T120/><N who="0" m="30752" /><T126/><D128/><U104/><E111/><V97/><F130/><T56/><D108/><U107/><E72/><V81/><F110/><T62/><D74/><U76/><REACH who="1" step="1"/><E65/><REACH who="1" ten="175,421,444,0" step="2"/><V66/><F41/><T85/><D2/><U92/><E92/><V50/><REACH who="2" step="1"/><F81/><REACH who="2" ten="175,421,434,0" step="2"/><T99/><D126/><U116/><E116/><V53/><F53/><T123/><N who="0" m="31520" /><T91/><D125/><U68/><E68/><AGARI ba="1,2" hai="46,47,50,54,58,63,66,68,78,80,86,97,101,105" machi="68" ten="30,2900,0" yaku="1,1,7,1,53,0" doraHai="32" doraHaiUra="112" who="2" fromWho="1" sc="175,0,421,-31,434,51,0,0" /><INIT seed="2,2,0,1,3,116" ten="175,390,485,0" oya="2" hai0="50,125,52,117,55,95,54,82,61,1,129,108,119" hai1="134,75,127,90,105,99,98,83,113,104,40,38,77" hai2="93,86,51,47,74,106,62,53,2,63,35,57,91" hai3=""/><V120/><N who="2" m="30752" /><V64/><F35/><T123/><N who="0" m="31520" /><T43/><D1/><U118/><E40/><V135/><F2/><T68/><D125/><U80/><E38/><V100/><F74/><T115/><D129/><U122/><N who="1" m="31264" /><U66/><E66/><V133/><F106/><N who="1" m="41065" /><E113/><V81/><F100/><T32/><D32/><U130/><E118/><V88/><REACH who="2" step="1"/><F63/><REACH who="2" ten="175,390,475,0" step="2"/><T41/><D119/><U94/><E127/><V107/><F107/><T59/><D117/><U71/><E130/><V92/><F92/><T126/><D95/><U85/><E134/><V3/><F3/><T58/><D126/><U42/><E75/><V46/><F46/><T45/><D45/><U39/><E94/><V124/><F124/><T49/><D61/><U103/><E103/><V97/><AGARI ba="2,1" hai="47,51,53,57,62,64,81,86,88,91,93,97,133,135" m="30752" machi="97" ten="30,8000,1" yaku="1,1,0,1,52,2,54,1,53,0" doraHai="116" doraHaiUra="101" who="2" fromWho="2" sc="175,-42,390,-42,475,94,0,0" /><INIT seed="2,3,0,2,0,111" ten="133,348,569,0" oya="2" hai0="96,71,70,58,0,128,72,66,63,122,134,127,74" hai1="93,107,110,1,59,103,36,45,91,132,75,83,35" hai2="106,44,2,46,99,101,3,95,116,114,126,117,133" hai3=""/><V43/><F126/><T55/><N who="0" m="31264" /><T121/><N who="0" m="31008" /><T88/><D0/><U125/><E1/><V54/><F133/><T124/><D134/><U86/><E35/><V57/><F114/><T102/><D128/><U78/><E132/><V34/><F34/><T89/><D72/><U69/><E69/><V84/><F2/><T94/><D74/><U104/><E110/><V80/><F3/><T97/><D89/><U81/><E59/><V56/><F56/><T98/><D97/><U61/><E61/><V79/><F106/><N who="1" m="40489" /><E45/><V92/><F95/><T62/><REACH who="0" step="1"/><D70/><REACH who="0" ten="123,348,569,0" step="2"/><U108/><E108/><V130/><F130/><T112/><D112/><U52/><E91/><V60/><F117/><T41/><D41/><U135/><E75/><V48/><F116/><T73/><D73/><U39/><E135/><V82/><F43/><T32/><D32/><U100/><E86/><V33/><F33/><T115/><D115/><U64/><E100/><V77/><F60/><T38/><D38/><U105/><E39/><V65/><F101/><T50/><D50/><U87/><E36/><V129/><F129/><T67/><D67/><U47/><E64/><V76/><F65/><T131/><D131/><U49/><E103/><V90/><F84/><RYUUKYOKU ba="3,1" sc="123,10,348,-20,569,10,0,0" hai0="55,58,62,63,66,71,88,94,96,98,102,124,127" hai2="44,46,48,54,57,76,77,79,80,82,90,92,99" /><INIT seed="2,4,1,5,5,42" ten="133,328,579,0" oya="2" hai0="79,122,37,69,118,1,133,75,80,100,121,130,0" hai1="57,60,125,33,63,72,81,2,44,52,82,110,71" hai2="94,108,41,32,132,114,61,83,78,95,53,47,58" hai3=""/><V73/><F32/><T90/><N who="0" m="31008" /><T49/><N who="0" m="31264" /><T129/><D37/><U120/><N who="1" m="30752" /><U86/><E33/><V103/><F132/><T119/><D133/><U89/><E2/><N who="0" m="1129" /><D90/><U104/><E104/><V67/><F114/><T87/><D87/><U109/><E125/><V74/><F108/><N who="1" m="41577" /><E71/><V127/><F127/><T115/><D49/><U76/><E44/><V55/><F74/><T64/><D100/><U38/><E38/><V40/><F40/><T68/><D68/><U101/><E101/><V123/><N who="2" m="31520" /><V105/><F105/><T48/><D48/><AGARI ba="4,1" hai="48,52,57,60,63,72,76,81,82,86,89" m="41577,30752" machi="48" ten="30,3900,0" yaku="14,1,52,1,54,1" doraHai="42" who="1" fromWho="0" sc="133,-47,328,57,579,0,0,0" /><INIT seed="4,0,0,3,4,88" ten="86,385,579,0" oya="0" hai0="40,131,38,75,66,50,112,78,87,124,45,32,39" hai1="55,97,83,86,125,104,65,119,35,123,134,42,118" hai2="71,68,41,82,49,114,58,54,33,84,52,116,60" hai3=""/><T70/><D32/><U106/><N who="1" m="31520" /><U95/><E42/><V46/><F33/><T44/><D131/><U43/><E65/><V108/><F108/><T101/><D124/><U128/><E43/><V94/><F114/><T36/><D112/><U51/><E35/><V100/><F116/><T57/><D101/><U80/><E125/><V107/><F107/><T3/><D75/><U67/><E67/><V85/><F85/><T109/><D3/><U110/><E110/><V81/><F81/><T72/><D72/><U98/><E51/><V121/><N who="2" m="31008" /><V132/><F132/><T111/><D70/><U92/><E55/><V48/><F100/><T0/><D44/><U135/><E86/><V34/><F34/><T2/><D2/><U56/><E56/><V113/><F113/><T102/><D0/><U37/><E37/><V61/><F71/><T93/><D102/><U74/><E74/><V117/><F68/><T105/><D105/><U133/><E133/><V115/><F115/><T62/><REACH who="0" step="1"/><D93/><REACH who="0" ten="76,385,579,0" step="2"/><U89/><E128/><V129/><F129/><T69/><D69/><U64/><E134/><V73/><F73/><T99/><D99/><U53/><E135/><V120/><F46/><T47/><D47/><U76/><E104/><RYUUKYOKU ba="0,1" sc="76,20,385,-10,579,-10,0,0" hai0="36,38,39,40,45,50,57,62,66,78,87,109,111" /><INIT seed="4,1,1,2,5,3" ten="96,375,569,0" oya="0" hai0="102,45,41,107,86,109,103,62,84,48,33,97,106" hai1="88,134,125,87,113,132,77,94,53,78,61,118,32" hai2="70,36,71,43,47,60,130,90,58,59,63,57,69" hai3=""/><T64/><D109/><U95/><E118/><V117/><F117/><T105/><D33/><U67/><E125/><V56/><F90/><T39/><D39/><U129/><E129/><V75/><F75/><T119/><D119/><U65/><E113/><V42/><F130/><T92/><REACH who="0" step="1"/><D103/><REACH who="0" ten="86,375,569,0" step="2"/><U51/><E32/><V124/><F124/><T120/><N who="0" m="30752" /><T126/><D126/><U98/><E132/><V123/><N who="2" m="31520" /><V115/><F115/><T50/><D50/><U108/><E134/><V72/><F72/><T34/><D34/><U91/><E108/><V81/><F36/><T104/><N who="0" m="26624" /><DORA hai="35" /><T73/><D73/><U44/><E65/><V40/><F63/><T101/><D101/><U55/><E67/><V122/><F60/><T133/><D133/><U1/><E61/><V46/><F122/><T116/><D116/><U37/><E37/><V52/><N who="2" m="14336" /><DORA hai="74" /><V85/><F52/><T68/><AGARI ba="1,2" hai="41,45,48,62,64,68,84,86,92,97,102" m="26624,30752" machi="68" ten="60,7800,0" yaku="1,1,0,1,52,1,53,0" doraHai="3,35,74" doraHaiUra="114,2,79" who="0" fromWho="0" sc="86,100,375,-40,569,-40,0,0" /><INIT seed="4,2,0,2,0,43" ten="186,335,529,0" oya="0" hai0="60,115,89,117,129,1,2,68,99,73,121,64,56" hai1="0,34,92,55,69,46,84,45,135,130,107,106,87" hai2="44,95,42,75,32,59,93,98,101,85,88,51,36" hai3=""/><T49/><N who="0" m="31008" /><T127/><D117/><U133/><E34/><V134/><F32/><T132/><D73/><U118/><E118/><V50/><F134/><N who="1" m="51209" /><E0/><V96/><F75/><T103/><D132/><U125/><E125/><V33/><F33/><T3/><D127/><U62/><E130/><V124/><F124/><T53/><D129/><U58/><E69/><V105/><F59/><T90/><REACH who="0" step="1"/><D115/><REACH who="0" ten="176,335,529,0" step="2"/><U70/><E70/><V38/><F38/><T61/><D61/><U109/><E109/><V77/><F77/><T114/><D114/><U94/><E106/><AGARI ba="2,1" hai="1,2,3,49,53,56,60,64,68,89,90,99,103,106" m="31008" machi="106" ten="40,3900,0" yaku="1,1,52,1,53,0" doraHai="43" doraHaiUra="37" who="0" fromWho="1" sc="176,53,335,-43,529,0,0,0" /><INIT seed="4,3,0,4,1,83" ten="229,292,529,0" oya="0" hai0="41,43,99,61,128,118,45,122,101,63,36,111,135" hai1="130,125,86,120,37,75,98,107,55,109,53,80,82" hai2="0,2,134,116,121,119,42,59,81,34,105,123,96" hai3=""/><T60/><N who="0" m="31264" /><T94/><D118/><N who="2" m="45098" /><F34/><T91/><D111/><U77/><N who="1" m="30752" /><U3/><E109/><V39/><N who="2" m="31008" /><V70/><N who="2" m="31520" /><V112/><F70/><T93/><D135/><U56/><E3/><V71/><F71/><T65/><D41/><U47/><E130/><V115/><F134/><T48/><D128/><U90/><E125/><V1/><F59/><T46/><D46/><U62/><E107/><V51/><F39/><T40/><D40/><U32/><E98/><V44/><F81/><T124/><D124/><U66/><E32/><V58/><F58/><T72/><D72/><U87/><E37/><V108/><F108/><T33/><D33/><U76/><E47/><V38/><F38/><T89/><D36/><U117/><E117/><V100/><AGARI ba="3,0" hai="0,1,2,42,44,51,96,100,105,112,115" m="31520,31008,45098" machi="100" ten="40,3900,0" yaku="12,1,52,2" doraHai="83" who="2" fromWho="2" sc="229,-29,292,-16,529,45,0,0" /><INIT seed="5,0,0,0,4,114" ten="200,276,574,0" oya="1" hai0="51,121,38,124,120,125,47,127,97,53,93,119,123" hai1="45,118,73,122,52,126,106,84,89,43,91,48,61" hai2="109,130,113,64,112,33,40,88,57,74,81,34,92" hai3=""/><U76/><N who="1" m="31264" /><U105/><E118/><V59/><F109/><T60/><N who="0" m="30752" /><T54/><N who="0" m="31008" /><T135/><N who="0" m="31520" /><T82/><D135/><U49/><E126/><V132/><F132/><T62/><D38/><U71/><E73/><V70/><F130/><T78/><D53/><U39/><E76/><V134/><F70/><T32/><D32/><U110/><E89/><V85/><F134/><T100/><D119/><U55/><E110/><V68/><F68/><T83/><D83/><U1/><E1/><V37/><F37/><T35/><D35/><U96/><E96/><V56/><F40/><T108/><D108/><U99/><E99/><V41/><F41/><T115/><D115/><N who="2" m="44106" /><F64/><T77/><D77/><AGARI ba="0,0" hai="33,34,56,57,59,74,77,81,85,88,92" m="44106" machi="77" ten="30,3900,0" yaku="15,1,11,1,54,1" doraHai="114" who="2" fromWho="0" sc="200,-39,276,0,574,39,0,0" /><INIT seed="6,0,0,4,1,104" ten="161,276,613,0" oya="2" hai0="135,100,128,76,106,82,72,51,33,94,3,79,85" hai1="87,121,124,118,111,112,83,0,40,48,109,114,96" hai2="132,61,127,65,98,110,57,95,102,119,41,62,59" hai3=""/><V130/><F119/><T1/><D33/><U116/><E0/><V37/><F127/><T92/><D135/><U86/><E124/><V34/><F34/><T126/><D51/><U70/><E70/><V68/><F130/><T36/><D36/><U67/><E67/><V117/><F117/><N who="1" m="45161" /><E96/><V93/><F110/><N who="1" m="41993" /><E48/><V125/><F132/><T103/><D126/><U115/><E40/><V122/><N who="2" m="31264" /><V99/><F125/><T131/><D1/><U89/><E87/><V32/><F32/><T74/><D3/><U47/><E47/><V56/><F37/><T71/><D71/><U46/><E46/><V42/><F62/><T60/><D60/><U78/><E78/><V45/><F45/><T91/><D85/><U134/><E134/><V50/><F50/><T35/><D35/><U38/><E38/><V44/><F44/><T75/><D72/><U107/><E107/><V97/><F42/><T113/><D106/><U39/><E39/><V66/><F41/><T43/><D43/><U58/><E58/><V49/><F49/><T105/><D105/><U84/><E86/><V54/><F66/><T73/><D73/><U55/><E55/><V2/><F54/><T101/><D76/><U133/><E133/><V64/><F2/><RYUUKYOKU ba="0,0" sc="161,-10,276,20,613,-10,0,0" hai1="83,84,89,112,114,115,121" owari="151,-45.0,296,-10.0,603,55.0,0,0.0" /></mjloggm>