<mjloggm ver="2.3"><GO type="169" lobby="0"/><UN n0="%69%6B%65%64%61%64%61" n1="%28%3B%E3%83%BB%E2%88%80%E3%83%BB%29" n2="%4B%45%4E%2D%4F%47%41%53" n3="%E3%81%88%E3%81%8C%E3%82%8F%E3%82%8A%E3%81%8A" dan="16,16,16,16" rate="2146.17,2186.64,2124.96,2067.33" sx="M,M,M,M"/><TAIKYOKU oya="0"/><INIT seed="0,0,0,2,2,111" ten="250,250,250,250" oya="0" hai0="123,43,8,75,64,35,108,74,16,49,86,84,41" hai1="11,24,18,13,106,129,72,76,19,15,128,4,122" hai2="94,79,126,59,37,115,2,28,116,85,48,107,9" hai3="110,97,119,0,73,96,66,39,30,69,29,14,113"/><T61/><D123/><U45/><E106/><V12/><F37/><W34/><G119/><T102/><D35/><U40/><E122/><V127/><F2/><W101/><G110/><T67/><D102/><U3/><E72/><V134/><F28/><W51/><G0/><T103/><D103/><U52/><E76/><V118/><F107/><W56/><G39/><T98/><D98/><U5/><E40/><V20/><F20/><W81/><G96/><T17/><D108/><U89/><E89/><V83/><F134/><W1/><G1/><T22/><D49/><N who="1" m="28719" /><E5/><V38/><F38/><W70/><G70/><T23/><REACH who="0" step="1"/><D61/><REACH who="0" ten="240,250,250,250" step="2"/><U135/><E135/><V26/><F118/><W78/><G69/><T87/><D87/><U92/><E129/><V124/><F116/><W117/><G97/><T93/><D93/><U7/><E92/><V55/><F94/><W65/><G101/><T6/><D6/><U36/><E7/><N who="2" m="3135" /><F26/><W50/><G117/><T47/><D47/><U125/><E36/><V44/><F44/><W63/><G34/><T88/><D88/><U131/><E128/><V10/><F10/><AGARI ba="0,1" hai="8,10,16,17,22,23,41,43,64,67,74,75,84,86" machi="10" ten="25,9600,0" yaku="1,1,22,2,54,1,53,0" doraHai="111" doraHaiUra="100" who="0" fromWho="2" sc="240,106,250,0,250,-96,250,0" /><INIT seed="0,1,0,5,4,80" ten="346,250,154,250" oya="0" hai0="60,79,17,35,63,107,42,58,69,2,102,82,43" hai1="75,34,133,61,13,52,123,111,11,26,74,31,109" hai2="76,21,100,12,19,115,88,101,39,47,67,41,72" hai3="113,81,94,96,112,120,98,108,73,116,130,49,1"/><T103/><D2/><U46/><E123/><V127/><F127/><W121/><G1/><T18/><D35/><U3/><E3/><V95/><F115/><N who="3" m="44107" /><G49/><T122/><D122/><N who="3" m="47209" /><G116/><T28/><D28/><U37/><E37/><V33/><F33/><W97/><G108/><N who="1" m="41546" /><E133/><V30/><F30/><W128/><G94/><T118/><D118/><U4/><E61/><V77/><F67/><W99/><G99/><T59/><D69/><U86/><E86/><V5/><F5/><W24/><G24/><T110/><D110/><U15/><E13/><V65/><F65/><W89/><G73/><T40/><D107/><U27/><E27/><V119/><F119/><W92/><G81/><T54/><D82/><U0/><E0/><V38/><F38/><W85/><AGARI ba="1,0" hai="85,89,92,96,97,98,128,130" m="47209,44107" machi="85" ten="40,8000,1" yaku="13,1,34,2,52,1" doraHai="80" who="3" fromWho="3" sc="346,-41,250,-21,154,-21,250,83" /><INIT seed="1,0,0,3,2,61" ten="305,229,133,333" oya="1" hai0="100,118,103,0,112,31,94,121,29,93,30,32,64" hai1="104,47,99,105,44,60,62,91,17,135,70,38,19" hai2="56,98,51,7,107,27,113,21,11,67,87,133,36" hai3="109,111,101,23,24,81,80,85,89,77,35,15,46"/><U40/><E135/><V130/><F133/><W69/><G35/><T59/><D0/><U110/><E110/><V88/><F36/><W41/><G101/><T9/><D32/><U55/><E91/><V116/><F116/><W16/><G69/><T66/><D118/><U83/><E83/><V3/><F130/><W5/><G5/><T65/><D112/><U128/><E128/><V122/><F122/><W134/><G134/><T22/><D121/><U39/><E99/><V20/><F113/><W73/><REACH who="3" step="1"/><G15/><REACH who="3" ten="305,229,133,323" step="2"/><T125/><D103/><U25/><E70/><V114/><F114/><W49/><AGARI ba="0,1" hai="16,23,24,41,46,49,73,77,80,81,85,89,109,111" machi="49" ten="30,8000,1" yaku="1,1,2,1,0,1,54,1,53,1" doraHai="61" doraHaiUra="42" who="3" fromWho="3" sc="305,-20,229,-40,133,-20,323,90" /><INIT seed="2,0,0,5,4,59" ten="285,189,113,413" oya="2" hai0="77,125,11,39,124,63,80,6,10,52,17,20,69" hai1="99,2,29,57,118,35,32,61,18,70,42,62,108" hai2="8,115,44,53,25,117,131,111,26,96,86,64,123" hai3="54,15,46,14,43,119,97,7,112,103,45,79,4"/><V114/><F117/><W56/><G119/><T0/><D39/><U106/><E118/><V74/><F74/><W48/><G112/><T58/><D69/><U98/><E2/><V121/><F96/><W28/><G28/><T133/><D11/><U122/><E108/><V110/><F8/><W33/><G33/><T93/><D93/><U75/><E75/><V34/><F86/><W49/><G46/><T88/><D133/><U90/><E42/><V9/><F9/><W55/><G55/><T101/><D101/><U23/><E122/><N who="2" m="46603" /><F131/><W130/><G79/><T3/><D3/><U84/><E29/><N who="2" m="19759" /><F26/><W40/><G40/><T37/><D37/><U113/><E113/><N who="2" m="43019" /><F64/><W47/><G130/><T36/><D36/><U91/><E84/><V78/><F78/><W13/><REACH who="3" step="1"/><G47/><REACH who="3" ten="285,189,113,403" step="2"/><T73/><REACH who="0" step="1"/><D88/><REACH who="0" ten="275,189,113,403" step="2"/><U132/><E91/><V60/><F44/><W126/><G126/><T5/><D5/><U81/><E90/><V109/><F53/><W120/><G120/><T21/><D21/><U95/><E23/><V94/><F94/><AGARI ba="0,2" hai="4,7,13,14,15,43,45,48,49,54,56,94,97,103" machi="94" ten="40,2600,0" yaku="1,1,8,1,53,0" doraHai="59" doraHaiUra="72" who="3" fromWho="2" sc="275,0,189,0,113,-26,403,46" /><INIT seed="3,0,0,5,4,39" ten="275,189,87,449" oya="3" hai0="119,106,65,30,2,33,87,81,6,134,118,82,93" hai1="66,36,113,67,55,79,26,117,50,85,70,109,129" hai2="74,54,15,86,37,11,46,19,57,120,7,91,12" hai3="68,122,61,47,132,10,115,101,114,112,105,97,126"/><W75/><G122/><T23/><D106/><U41/><E113/><V133/><F120/><W51/><G75/><T22/><D33/><U34/><E34/><V131/><F131/><W56/><G126/><T5/><D82/><U76/><E85/><V28/><F28/><W16/><G132/><T69/><D93/><U13/><E26/><V17/><F133/><W60/><G68/><T107/><D107/><U135/><E135/><V9/><F74/><W78/><G78/><T48/><D65/><U44/><E129/><V111/><F111/><W25/><G56/><T77/><D69/><U27/><E27/><V84/><F7/><W32/><G10/><T21/><D30/><U108/><E13/><V94/><F37/><W89/><G89/><T100/><D100/><U102/><E102/><V72/><F72/><W18/><G32/><T104/><D104/><U3/><E3/><V31/><F46/><W110/><G110/><N who="1" m="42602" /><E117/><V128/><F31/><W52/><REACH who="3" step="1"/><G25/><REACH who="3" ten="275,189,87,439" step="2"/><T8/><D134/><U1/><E79/><V88/><F128/><W121/><G121/><T83/><D8/><U64/><E76/><V103/><F103/><W20/><G20/><T35/><D35/><U40/><E1/><V92/><F54/><W127/><G127/><T29/><D2/><U124/><E124/><V62/><F62/><AGARI ba="0,1" hai="16,18,47,51,52,60,61,62,97,101,105,112,114,115" machi="62" ten="40,12000,1" yaku="1,1,54,2,53,1" doraHai="39" doraHaiUra="98" who="3" fromWho="2" sc="275,0,189,0,87,-120,439,130" owari="275,8.0,189,-21.0,-33,-53.0,569,66.0" /></mjloggm>