<mjloggm ver="2.3"><GO type="225" lobby="0"/><UN n0="%E7%8D%A3%E8%87%AD%E3%81%84%E8%82%89%E7%90%83" n1="%79%6A%69%72%6F" n2="%E3%81%95%E3%81%8B%E3%81%95%E3%81%BE%E3%82%A8%E3%83%9E%E3%83%8E%E3%83%B3" n3="%5C%E3%81%AF%E3%81%A1%E3%81%8D%E3%82%87%E3%81%86%2F" dan="16,17,16,16" rate="2076.93,2184.84,2070.70,2104.33" sx="M,M,F,M"/><TAIKYOKU oya="0"/><INIT seed="0,0,0,5,2,102" ten="250,250,250,250" oya="0" hai0="67,76,92,58,110,121,135,73,65,7,18,88,43" hai1="57,42,0,2,55,15,118,101,64,96,70,89,132" hai2="27,75,112,24,100,85,25,98,111,106,53,40,11" hai3="124,22,39,122,35,16,131,134,13,44,5,77,69"/><T115/><D115/><U63/><E118/><V6/><F112/><W90/><G69/><T36/><D121/><U130/><E130/><V19/><F75/><W12/><G122/><T133/><D7/><U125/><E125/><V23/><F40/><W47/><G35/><T93/><D93/><U107/><E132/><N who="0" m="50761" /><D110/><U31/><E42/><V71/><F71/><W83/><G134/><T4/><D4/><U104/><E31/><V45/><F111/><W8/><G124/><T79/><D18/><U28/><E28/><V54/><F85/><W105/><G131/><T32/><D32/><U56/><E104/><V113/><F113/><W119/><G119/><T128/><D128/><U3/><E55/><V95/><F95/><W99/><G39/><T86/><D73/><U20/><REACH who="1" step="1"/><E89/><REACH who="1" ten="250,240,250,250" step="2"/><V61/><F53/><W78/><G78/><N who="0" m="29739" /><D58/><U37/><E37/><V117/><F117/><W9/><G105/><T10/><D10/><U87/><E87/><V46/><F46/><AGARI ba="0,1" hai="36,43,46,65,67,86,88,92" m="29739,50761" machi="46" ten="30,2900,0" yaku="20,1,54,1" doraHai="102" who="0" fromWho="2" sc="250,39,240,0,250,-29,250,0" /><INIT seed="0,1,0,2,2,112" ten="289,240,221,250" oya="0" hai0="6,20,68,128,1,132,33,4,52,35,67,99,45" hai1="26,60,77,54,31,61,29,108,82,22,39,86,8" hai2="16,19,98,103,66,123,43,120,42,95,92,88,96" hai3="2,47,75,106,38,25,100,58,46,76,111,50,118"/><T23/><D132/><U101/><E39/><V124/><F124/><W69/><G69/><T116/><D116/><U83/><E108/><V55/><F66/><W62/><G2/><T32/><D128/><U0/><E31/><V105/><F105/><W85/><G75/><T74/><D74/><U21/><E101/><V7/><F7/><W121/><G111/><T59/><D99/><U114/><E114/><V49/><F123/><W97/><G121/><T78/><D78/><U110/><E110/><V24/><F120/><W56/><G118/><T51/><D68/><U64/><E0/><V41/><REACH who="2" step="1"/><F24/><REACH who="2" ten="289,240,211,250" step="2"/><W48/><G25/><T9/><D6/><U133/><E64/><V93/><F93/><W130/><G106/><T125/><D125/><U104/><E26/><V71/><F71/><W87/><G130/><T18/><D18/><U79/><E104/><V12/><F12/><W30/><G38/><T13/><D1/><U90/><E133/><V80/><F80/><W119/><G119/><T127/><D127/><U28/><E83/><V63/><F63/><W115/><G62/><T131/><D131/><U57/><E61/><V91/><F91/><W37/><G37/><T70/><D70/><U102/><E29/><V129/><F129/><W65/><G65/><T27/><D27/><N who="1" m="16495" /><E102/><V113/><F113/><W5/><G5/><T14/><D14/><U17/><E8/><V135/><F135/><W134/><G115/><T89/><D89/><U107/><E107/><V40/><N who="2" m="10240" /><DORA hai="122" /><V84/><F84/><W117/><G134/><T44/><D67/><U73/><E73/><RYUUKYOKU ba="1,1" sc="289,10,240,10,211,10,250,-30" hai0="4,9,13,20,23,32,33,35,44,45,51,52,59" hai1="17,22,54,57,60,77,79,82,86,90" hai2="16,19,49,55,88,92,95,96,98,103" /><INIT seed="0,2,1,3,4,132" ten="299,250,221,220" oya="0" hai0="77,110,109,123,83,113,37,23,47,35,131,69,78" hai1="19,117,62,84,10,134,76,99,65,73,12,14,58" hai2="93,101,118,74,15,24,2,92,6,1,112,96,31" hai3="133,0,103,105,8,116,85,108,44,91,7,30,97"/><T106/><D113/><U27/><E134/><V22/><F112/><W9/><G133/><T45/><D123/><U107/><E117/><V4/><F74/><W18/><G116/><T50/><D35/><U52/><E73/><V88/><F118/><W59/><G108/><N who="0" m="41579" /><D131/><U71/><E27/><V29/><F29/><W79/><G30/><T55/><D69/><U114/><E114/><V128/><F128/><W122/><G122/><T38/><D106/><U48/><E14/><V70/><F70/><W95/><G44/><T87/><D77/><U75/><E75/><V63/><F63/><W40/><G40/><N who="0" m="22679" /><D23/><U120/><E120/><V13/><F1/><W34/><G34/><T16/><D37/><U20/><E20/><V53/><F53/><W68/><G68/><T127/><D16/><U46/><E71/><V33/><F33/><W80/><G59/><T135/><D135/><U5/><E19/><V61/><F2/><W67/><G67/><T26/><D26/><U42/><E65/><V126/><F13/><W119/><G119/><T21/><D21/><U111/><E111/><V98/><F15/><W100/><G105/><T102/><D102/><U81/><E107/><V57/><F4/><W89/><G103/><T72/><D72/><U115/><E115/><V25/><F6/><W94/><G94/><T43/><D43/><U28/><E28/><V82/><F24/><W121/><G121/><T41/><D41/><U39/><E39/><V86/><F25/><W124/><G100/><T129/><D129/><U11/><E11/><V66/><F31/><W17/><G9/><RYUUKYOKU ba="2,1" sc="299,15,250,15,221,-15,220,-15" hai0="47,50,55,78,83,87,127" hai1="5,10,12,42,46,48,52,58,62,76,81,84,99" /><INIT seed="0,3,1,5,5,124" ten="314,265,206,205" oya="0" hai0="12,18,90,107,50,58,110,72,57,117,95,89,74" hai1="94,71,76,8,35,70,15,26,88,135,39,37,132" hai2="67,41,14,25,9,32,4,54,13,109,133,43,64" hai3="111,55,80,60,44,115,108,113,22,75,30,127,120"/><T36/><D117/><U61/><E76/><V105/><F105/><W78/><G127/><T69/><D36/><N who="1" m="13899" /><E61/><V85/><F109/><N who="3" m="42059" /><G120/><T79/><D107/><U40/><E40/><V34/><F133/><N who="1" m="51273" /><E26/><V119/><F54/><W42/><G30/><T5/><D69/><U100/><E100/><V62/><F25/><W82/><G22/><T101/><D5/><N who="1" m="3471" /><E35/><V24/><F24/><W81/><G60/><T66/><D110/><U59/><E59/><V93/><F62/><W48/><G42/><T56/><D66/><U118/><E118/><V134/><F41/><W19/><G19/><T126/><D126/><U63/><E63/><V112/><F43/><W27/><G27/><T99/><D79/><U29/><E29/><V21/><F119/><W31/><G31/><T129/><D50/><U47/><E47/><V0/><F134/><W84/><G75/><T6/><D6/><U53/><E53/><V98/><F4/><W125/><G125/><T46/><D46/><U1/><E1/><V49/><F32/><W102/><G102/><T123/><D74/><U68/><E68/><V33/><F34/><W16/><G16/><T52/><D52/><U106/><E106/><V104/><F33/><W92/><G78/><T97/><D72/><U96/><AGARI ba="3,1" hai="70,71,88,94,96" m="3471,51273,13899" machi="96" ten="30,2000,0" yaku="20,1,54,1" doraHai="124" who="1" fromWho="1" sc="314,-13,265,39,206,-8,205,-8" /><INIT seed="1,0,0,3,3,4" ten="301,304,198,197" oya="1" hai0="24,66,96,16,89,27,15,109,85,44,129,1,37" hai1="115,35,67,59,74,61,98,51,21,91,125,29,123" hai2="120,100,95,92,78,93,72,73,70,94,55,10,102" hai3="39,31,30,71,80,88,41,20,126,36,5,122,56"/><U128/><E115/><V13/><F70/><W68/><G122/><T42/><D1/><U106/><E123/><V90/><F120/><W104/><G104/><T116/><D116/><U119/><E119/><V38/><F38/><W54/><G5/><T81/><D109/><U79/><E125/><V84/><F55/><W97/><G126/><T8/><D129/><U48/><E128/><V2/><F2/><W46/><G39/><T103/><REACH who="0" step="1"/><D66/><REACH who="0" ten="291,304,198,197" step="2"/><U9/><E67/><V60/><F60/><W82/><G71/><T101/><D101/><U114/><E61/><V43/><F100/><W117/><G68/><T0/><D0/><U22/><E114/><V33/><F102/><W57/><G117/><T12/><D12/><U65/><E65/><V134/><F13/><W25/><G31/><T50/><D50/><U18/><E51/><V53/><F134/><W45/><G36/><T113/><D113/><U124/><E48/><V11/><F33/><W40/><G40/><T105/><AGARI ba="0,1" hai="8,15,16,24,27,37,42,44,81,85,89,96,103,105" machi="105" ten="20,12000,2" yaku="1,1,0,1,7,1,52,1,54,1,53,1" doraHai="4" doraHaiUra="83" who="0" fromWho="0" sc="291,130,304,-60,198,-30,197,-30" /><INIT seed="2,0,0,4,1,35" ten="421,244,168,167" oya="2" hai0="101,63,25,107,97,0,1,30,55,113,122,88,5" hai1="39,119,67,24,32,13,42,91,14,127,40,16,37" hai2="74,123,102,118,71,22,98,36,28,84,89,75,81" hai3="6,72,7,10,29,68,64,129,53,106,65,77,18"/><V94/><F71/><W96/><G129/><T15/><D122/><U112/><E112/><V87/><F36/><W125/><G125/><T86/><D113/><U103/><E103/><V38/><F38/><W3/><G6/><T114/><D114/><U121/><E119/><V66/><F66/><W95/><G106/><T85/><D85/><U50/><E67/><V82/><F28/><W76/><G29/><T19/><D5/><U31/><E121/><V12/><F123/><W44/><G18/><T23/><D55/><U133/><E40/><V46/><F46/><W61/><G65/><T115/><D63/><U104/><E39/><V134/><F22/><W26/><G26/><T62/><D62/><U20/><E104/><N who="2" m="63575" /><F12/><W99/><G99/><T92/><D115/><U73/><E37/><V131/><F118/><W2/><G72/><N who="2" m="27689" /><F131/><W54/><G2/><T116/><D116/><U48/><E42/><V70/><F70/><W120/><G120/><T110/><D110/><U52/><E31/><V17/><F17/><W100/><REACH who="3" step="1"/><G54/><REACH who="3" ten="421,244,168,157" step="2"/><T80/><D107/><U108/><E52/><V132/><F84/><W124/><G124/><T117/><D117/><U69/><E16/><V51/><F51/><AGARI ba="0,1" hai="3,7,10,44,51,53,61,64,68,76,77,95,96,100" machi="51" ten="40,2600,0" yaku="1,1,52,1,53,0" doraHai="35" doraHaiUra="9" who="3" fromWho="2" sc="421,0,244,0,168,-26,157,36" /><INIT seed="3,0,0,5,2,108" ten="421,244,142,193" oya="3" hai0="8,29,42,17,30,40,103,87,60,28,113,93,99" hai1="43,91,2,10,33,105,45,56,55,125,134,112,11" hai2="20,32,38,52,57,4,107,109,63,22,39,81,74" hai3="66,128,130,97,79,123,132,70,61,102,86,116,65"/><W16/><G116/><T51/><D113/><U27/><E105/><V3/><F32/><W34/><G34/><T69/><D69/><U12/><E134/><V84/><F107/><W24/><G123/><T106/><D106/><U9/><E125/><V49/><F109/><W126/><G126/><T133/><D133/><U124/><E2/><V15/><F74/><W6/><G6/><T119/><D119/><U104/><E112/><V1/><F1/><W54/><G132/><T36/><D36/><U131/><E104/><V44/><F3/><W5/><G5/><T62/><D87/><U94/><E131/><N who="3" m="50218" /><G86/><T111/><D111/><U0/><E0/><V100/><F100/><W121/><G79/><T37/><D37/><U18/><E27/><V41/><F39/><W21/><G121/><T26/><D51/><N who="1" m="27071" /><E33/><V53/><F38/><W64/><G54/><T90/><D90/><U31/><E31/><V114/><F53/><W122/><G122/><T58/><D58/><U101/><E101/><V23/><F114/><W89/><G102/><T7/><D7/><U50/><E124/><V67/><F67/><W82/><G82/><T19/><D42/><U59/><E59/><V120/><F120/><W14/><G24/><T118/><D40/><U48/><E48/><V47/><F47/><W13/><G13/><N who="0" m="7335" /><D118/><U73/><E73/><V77/><F22/><AGARI ba="0,0" hai="19,22,26,28,29,30,60,62,93,99,103" m="7335" machi="22" ten="30,1000,0" yaku="8,1" doraHai="108" who="0" fromWho="2" sc="421,10,244,0,142,-10,193,0" owari="431,54.0,244,4.0,132,-37.0,193,-21.0" /></mjloggm>