<mjloggm ver="2.3"><GO type="169" lobby="0"/><UN n0="%E3%83%95%E3%83%84%E3%82%A6%E3%81%AE%E6%81%8B%E3%81%AE%E7%B5%90%E6%9C%AB" n1="%70%69%6E%63%65%72%73" n2="%E5%B0%8F%E6%B1%A0%E7%BE%8E%E6%B3%A2%E2%8A%BF" n3="%E3%81%8B%E3%82%8A%E3%82%93%E3%81%95%E3%82%93" dan="17,16,16,18" rate="2182.08,2154.78,2103.60,2226.47" sx="M,M,F,M"/><TAIKYOKU oya="0"/><INIT seed="0,0,0,4,0,5" ten="250,250,250,250" oya="0" hai0="75,6,35,39,86,129,22,85,2,114,105,97,91" hai1="94,66,58,123,51,18,117,103,95,121,45,29,130" hai2="107,63,19,61,124,89,54,115,93,40,133,38,68" hai3="135,132,72,42,70,24,8,14,69,53,30,49,118"/><T111/><D114/><U80/><E117/><V34/><F107/><W67/><G72/><T100/><D35/><U104/><E130/><V4/><F115/><W127/><G42/><T76/><D39/><U10/><E29/><V33/><F4/><N who="3" m="3335" /><G67/><T56/><D129/><U60/><E104/><V28/><F68/><W65/><G65/><T78/><D22/><U101/><E80/><V92/><F89/><W108/><G118/><T112/><D112/><U25/><E94/><V59/><F133/><N who="3" m="51275" /><G108/><T21/><D75/><U57/><E57/><V84/><F59/><N who="3" m="33199" /><G127/><T20/><D111/><U90/><E121/><V119/><F40/><W32/><AGARI ba="0,0" hai="24,30,32,69,70" m="33199,51275,3335" machi="32" ten="30,2000,0" yaku="20,1,52,1" doraHai="5" who="3" fromWho="3" sc="250,-10,250,-5,250,-5,250,20" /><INIT seed="1,0,0,3,5,44" ten="240,245,245,270" oya="1" hai0="80,83,7,115,33,36,100,122,30,27,75,108,114" hai1="130,119,61,37,47,28,73,117,109,11,105,25,91" hai2="19,2,84,40,87,92,4,23,106,104,97,43,129" hai3="62,85,63,48,24,125,118,49,1,76,18,67,77"/><U26/><E130/><V56/><F129/><W16/><G1/><T52/><D36/><U54/><E73/><V120/><F120/><W135/><G135/><T72/><D122/><U113/><E113/><V88/><F2/><W45/><G125/><T10/><D100/><U116/><E105/><V123/><F4/><W20/><G118/><T112/><D108/><U3/><E109/><V70/><F70/><W78/><G45/><T41/><D41/><N who="2" m="15946" /><F106/><W55/><G85/><T64/><D64/><U65/><E91/><V57/><F104/><W96/><G96/><T81/><REACH who="0" step="1"/><D52/><REACH who="0" ten="230,245,245,270" step="2"/><U111/><E111/><V132/><F123/><W42/><G42/><T86/><D86/><N who="2" m="32810" /><F132/><W133/><G133/><T14/><AGARI ba="0,1" hai="7,10,14,27,30,33,72,75,80,81,83,112,114,115" machi="14" ten="40,5200,0" yaku="1,1,0,1,53,1" doraHai="44" doraHaiUra="6" who="0" fromWho="0" sc="230,62,245,-26,245,-13,270,-13" /><INIT seed="2,0,0,5,3,6" ten="292,219,232,257" oya="2" hai0="45,74,40,11,100,97,117,70,55,28,10,113,43" hai1="27,31,75,76,95,89,128,118,61,83,52,5,58" hai2="57,69,16,20,116,134,88,108,122,131,81,123,109" hai3="62,35,15,29,38,37,33,48,102,53,82,39,67"/><V14/><F69/><W4/><G102/><T78/><D113/><U2/><E128/><V66/><F116/><W92/><G92/><N who="0" m="58407" /><D74/><U105/><E105/><V59/><F131/><W47/><G29/><T104/><D104/><U64/><E118/><V101/><F101/><W115/><G115/><T41/><D70/><U36/><E36/><V54/><F66/><W17/><G4/><T56/><D117/><U13/><E2/><V132/><F123/><W133/><G133/><N who="2" m="51305" /><F122/><W120/><G120/><T77/><D45/><U114/><E114/><V111/><F54/><W49/><G49/><N who="0" m="30831" /><D28/><U107/><E107/><V71/><F71/><W126/><G126/><T22/><D22/><U90/><E64/><V125/><F125/><W18/><G67/><T46/><D46/><U98/><E89/><V42/><F42/><W85/><G62/><T73/><D73/><U80/><E80/><V50/><F50/><W106/><G106/><T135/><D135/><U44/><E44/><V12/><F12/><W121/><G121/><T8/><AGARI ba="0,0" hai="8,10,11,40,41,43,77,78" m="30831,58407" machi="8" ten="30,7900,0" yaku="8,1,52,3" doraHai="6" who="0" fromWho="0" sc="292,79,219,-20,232,-39,257,-20" /><INIT seed="3,0,0,5,1,59" ten="371,199,193,237" oya="3" hai0="39,96,25,47,21,108,54,88,126,41,46,18,30" hai1="50,67,65,131,73,87,110,26,61,68,56,90,129" hai2="76,125,83,57,94,89,64,134,38,117,24,115,118" hai3="127,107,102,74,48,19,130,16,100,132,7,31,109"/><W52/><G74/><T91/><D108/><U112/><E73/><V103/><F115/><W17/><G109/><T97/><D126/><U6/><E110/><V10/><F38/><W13/><G127/><T45/><D54/><N who="1" m="31831" /><E6/><V11/><F125/><W60/><G132/><T98/><D46/><U77/><E26/><V32/><F103/><N who="3" m="39467" /><G107/><T80/><D47/><U43/><E77/><V12/><F24/><W70/><G70/><T111/><D111/><U123/><E87/><V58/><F32/><W5/><G31/><T105/><D105/><U51/><E90/><V27/><F27/><W124/><G130/><N who="1" m="49674" /><E123/><V106/><F76/><W101/><G101/><T14/><REACH who="0" step="1"/><D80/><REACH who="0" ten="361,199,193,237" step="2"/><U114/><E67/><V23/><F83/><W92/><G124/><T120/><D120/><U34/><E34/><AGARI ba="0,1" hai="14,18,21,25,30,34,39,41,45,88,91,96,97,98" machi="34" ten="40,2600,0" yaku="1,1,54,1,53,0" doraHai="59" doraHaiUra="53" who="0" fromWho="1" sc="361,36,199,-26,193,0,237,0" /><INIT seed="4,0,0,3,5,90" ten="397,173,193,237" oya="0" hai0="66,69,51,14,84,59,92,50,6,12,117,42,77" hai1="37,38,126,74,127,108,46,60,109,111,94,2,116" hai2="134,13,118,64,40,21,28,33,62,19,73,22,119" hai3="120,124,128,57,35,45,75,10,70,135,123,80,55"/><T132/><D117/><N who="2" m="44554" /><F73/><W26/><G70/><T112/><D112/><U23/><E116/><V114/><F114/><W67/><G67/><T8/><D132/><U58/><E74/><V29/><F33/><W63/><G135/><T122/><D122/><N who="3" m="46633" /><G124/><N who="1" m="47658" /><E2/><V18/><F40/><W71/><G71/><T98/><D69/><U52/><E23/><V101/><F101/><W107/><G107/><T97/><D14/><U82/><E82/><V93/><F93/><W16/><G45/><N who="0" m="25911" /><D77/><U54/><E94/><V5/><F5/><W89/><G75/><T31/><D31/><U72/><E72/><V85/><F85/><N who="3" m="50343" /><G128/><T39/><D39/><N who="1" m="14859" /><E46/><V4/><F4/><W41/><G41/><T87/><D98/><U61/><E61/><V43/><F43/><W30/><G10/><T121/><D121/><U131/><E131/><V65/><F134/><W34/><G34/><T20/><D20/><U113/><E113/><V47/><F47/><W102/><G35/><T79/><D8/><U133/><E133/><V76/><F76/><W53/><G30/><N who="2" m="11881" /><F62/><W0/><G0/><T11/><D79/><U25/><E25/><AGARI ba="0,0" hai="13,18,19,21,22,25,64,65" m="11881,44554" machi="25" ten="30,1000,0" yaku="12,1" doraHai="90" who="2" fromWho="1" sc="397,0,173,-10,193,10,237,0" /><INIT seed="5,0,0,3,2,131" ten="397,163,203,237" oya="1" hai0="28,10,67,60,72,42,127,2,6,135,59,35,4" hai1="1,61,52,86,29,75,124,134,44,25,125,92,49" hai2="68,7,21,14,107,93,8,105,12,84,70,102,103" hai3="47,38,85,62,73,22,33,31,110,54,109,9,123"/><U36/><E75/><V11/><F21/><W58/><G73/><T100/><D72/><U113/><E1/><V34/><F84/><W122/><G33/><T133/><D127/><N who="1" m="48715" /><E113/><V69/><F34/><W112/><G9/><T132/><D100/><U76/><E36/><V0/><F0/><W45/><G85/><T130/><D130/><U97/><E61/><V80/><F80/><W120/><G22/><T48/><D6/><U99/><E134/><V79/><F79/><W50/><G31/><T57/><D42/><U3/><E3/><V26/><F26/><W65/><G112/><T108/><D108/><U83/><E92/><V17/><REACH who="2" step="1"/><F93/><REACH who="2" ten="397,163,193,237" step="2"/><W104/><G104/><AGARI ba="0,1" hai="7,8,11,12,14,17,68,69,70,102,103,104,105,107" machi="104" ten="50,3200,0" yaku="1,1,2,1,53,0" doraHai="131" doraHaiUra="32" who="2" fromWho="3" sc="397,0,163,0,193,42,237,-32" /><INIT seed="6,0,0,4,1,30" ten="397,163,235,205" oya="2" hai0="117,124,113,81,122,34,33,10,134,4,50,107,22" hai1="83,84,127,120,115,1,55,40,103,47,27,25,0" hai2="37,92,90,14,15,108,75,41,6,7,119,79,12" hai3="111,61,80,20,65,64,96,29,59,18,36,71,38"/><V53/><F119/><W128/><G111/><T57/><D122/><U126/><E103/><V60/><F37/><W94/><G128/><T70/><D70/><U91/><E120/><V87/><F41/><W67/><G80/><T72/><D107/><U49/><E115/><V39/><F39/><W121/><G121/><T8/><D113/><U35/><E40/><V5/><F75/><W130/><G130/><T112/><D112/><U129/><E129/><V125/><F125/><N who="1" m="47625" /><E25/><V102/><F108/><W44/><G44/><T11/><D22/><U118/><E118/><V45/><F79/><W101/><G71/><T16/><D81/><U17/><E17/><V100/><REACH who="2" step="1"/><F60/><REACH who="2" ten="397,163,225,205" step="2"/><W106/><G36/><T133/><D117/><U105/><E105/><V26/><F26/><N who="3" m="16583" /><G38/><T58/><D72/><U56/><E47/><V88/><F88/><W52/><G106/><T78/><D78/><U73/><E73/><V82/><F82/><W95/><G94/><T89/><D89/><U42/><E42/><V97/><F97/><W24/><G24/><T77/><D77/><U110/><E110/><V54/><F54/><W43/><G43/><T123/><D124/><U32/><E27/><V76/><F76/><W9/><G52/><T48/><D123/><U131/><E131/><V114/><F114/><W109/><G109/><T132/><D132/><U2/><AGARI ba="0,1" hai="0,1,2,32,35,49,55,56,83,84,91" m="47625" machi="2" ten="40,5200,0" yaku="18,1,52,2" doraHai="30" who="1" fromWho="1" sc="397,-13,163,62,225,-26,205,-13" /><INIT seed="7,0,0,5,0,87" ten="384,225,199,192" oya="3" hai0="39,18,21,129,26,49,93,107,134,116,5,106,102" hai1="46,124,62,0,123,126,132,84,10,81,25,91,37" hai2="48,80,1,15,113,11,122,71,120,50,36,90,41" hai3="114,24,112,115,65,44,2,6,73,135,4,38,32"/><W3/><G73/><T27/><D116/><U70/><E123/><N who="2" m="47147" /><F71/><W110/><G135/><T133/><D39/><U103/><E132/><N who="0" m="50793" /><D129/><U35/><E103/><V9/><F113/><W121/><G121/><T109/><D109/><U94/><E0/><N who="3" m="42" /><G65/><T131/><D131/><U77/><E10/><V85/><F1/><W75/><G75/><T53/><D5/><N who="3" m="2153" /><G110/><T42/><D42/><N who="1" m="22863" /><E25/><V55/><F15/><W108/><G108/><T33/><D102/><U96/><E35/><V54/><F36/><W52/><G38/><T56/><D93/><U16/><E16/><V67/><F67/><W60/><G60/><T82/><D82/><U51/><E51/><N who="2" m="19499" /><F41/><W98/><G98/><T101/><D101/><U76/><E62/><V118/><F118/><W28/><G44/><T7/><D7/><U89/><E70/><V111/><F111/><W20/><G52/><AGARI ba="0,0" hai="9,11,52,54,55,80,85,90" m="19499,47147" machi="52" ten="30,3900,0" yaku="13,1,52,1,54,1" doraHai="87" who="2" fromWho="3" sc="384,0,225,0,199,39,192,-39" owari="384,48.0,225,-17.0,238,4.0,153,-35.0" /></mjloggm>