<mjloggm ver="2.3"><GO type="185" lobby="0"/><UN n0="%E9%95%B7%E9%87%8E%E6%9D%BE%E6%9C%AC" n1="%4A%45%54%4D%41%4E%4E" n2="%E3%81%BE%E3%81%A3%E3%81%97%E3%83%BC" n3="" dan="17,16,16,0" rate="2231.34,2137.30,2250.37,1500.00" sx="M,M,F,C"/><TAIKYOKU oya="0"/><INIT seed="0,0,0,1,5,99" ten="350,350,350,0" oya="0" hai0="106,56,102,69,2,107,98,105,104,62,33,65,40" hai1="39,71,86,46,125,76,100,120,108,122,109,36,48" hai2="117,114,111,83,53,55,70,57,118,52,47,67,82" hai3=""/><T127/><D2/><U64/><N who="1" m="30752" /><U72/><N who="1" m="31264" /><U37/><E125/><V87/><F114/><T58/><D33/><U34/><E34/><V129/><F129/><T89/><D127/><U85/><E72/><V1/><F1/><T110/><D110/><N who="1" m="42603" /><E76/><V97/><F111/><T32/><D32/><U77/><E77/><V132/><F132/><T3/><D3/><U84/><E64/><V93/><F70/><T81/><REACH who="0" step="1"/><D40/><REACH who="0" ten="340,350,350,0" step="2"/><U88/><E71/><V42/><F42/><T0/><D0/><U38/><N who="1" m="9728" /><DORA hai="131" /><U130/><E130/><V80/><F118/><T59/><D59/><U96/><E46/><V66/><F117/><T78/><D78/><U113/><E113/><V74/><F47/><T128/><D128/><U119/><E119/><V73/><F57/><T44/><D44/><U95/><E48/><V135/><F74/><T116/><D116/><U50/><E50/><V94/><F73/><T79/><D79/><U60/><E60/><V63/><F63/><T112/><D112/><U49/><E49/><V43/><F43/><T103/><D103/><AGARI ba="0,1" hai="84,85,86,88,95,96,100,103" m="9728,42603,31264,30752" machi="103" ten="70,12000,2" yaku="14,1,52,4,54,1" doraHai="99,131" who="1" fromWho="0" sc="340,-120,350,130,350,0,0,0" /><INIT seed="1,0,0,5,4,63" ten="220,480,350,0" oya="1" hai0="65,88,123,91,48,61,113,124,120,122,34,132,121" hai1="105,69,52,102,1,110,93,2,92,90,42,116,96" hai2="68,46,44,109,118,135,95,67,117,134,72,59,57" hai3=""/><U58/><E116/><N who="2" m="44651" /><F72/><T126/><N who="0" m="30752" /><T94/><N who="0" m="31008" /><T66/><N who="0" m="31264" /><T41/><N who="0" m="31520" /><T32/><D113/><U80/><E110/><V111/><F68/><T106/><D106/><U47/><E69/><V53/><F59/><T125/><D132/><N who="2" m="50730" /><F95/><T114/><D114/><U133/><E80/><V43/><F67/><N who="0" m="25610" /><D61/><U45/><E133/><V60/><F46/><T89/><D94/><U83/><E83/><V0/><F0/><T35/><D48/><AGARI ba="0,0" hai="43,44,48,53,57,60,109,111" m="50730,44651" machi="48" ten="30,3900,0" yaku="20,1,34,2" doraHai="63" who="2" fromWho="0" sc="220,-39,480,0,350,39,0,0" /><INIT seed="2,0,0,4,1,124" ten="181,480,389,0" oya="2" hai0="93,112,59,118,36,48,74,111,41,117,37,45,39" hai1="56,63,102,54,32,35,67,103,84,126,113,75,47" hai2="129,81,66,1,108,130,97,98,115,46,62,53,49" hai3=""/><V76/><F1/><T51/><D74/><U120/><N who="1" m="30752" /><U95/><E126/><V68/><F115/><T109/><D93/><U80/><E113/><V128/><F108/><N who="0" m="41546" /><D112/><U70/><E75/><AGARI ba="0,0" hai="46,49,53,62,66,68,75,76,81,97,98,128,129,130" machi="75" ten="40,12000,1" yaku="19,1,52,3" doraHai="124" who="2" fromWho="1" sc="181,0,480,-120,389,120,0,0" /><INIT seed="2,1,0,5,0,129" ten="181,360,509,0" oya="2" hai0="82,110,124,101,126,84,1,85,132,125,62,118,102" hai1="0,38,93,32,91,116,40,133,43,73,45,37,48" hai2="74,56,67,53,128,123,131,65,113,61,77,79,44" hai3=""/><V3/><N who="2" m="31520" /><V35/><F3/><T111/><D1/><U58/><E0/><V68/><F35/><T75/><D62/><U105/><E32/><V100/><F113/><T66/><D66/><U50/><E116/><V92/><F67/><T42/><D42/><U119/><E105/><V55/><F53/><T127/><N who="0" m="31744" /><DORA hai="33" /><T57/><D57/><U70/><E119/><V59/><F44/><T108/><D118/><U107/><E107/><V114/><F114/><T52/><D52/><U63/><E73/><V104/><F104/><T89/><D75/><U117/><E117/><V41/><F41/><T51/><D51/><U69/><E91/><V130/><F74/><T97/><D132/><U98/><E98/><V47/><F47/><T96/><D85/><U99/><E45/><V109/><F68/><T71/><D71/><U80/><E69/><V86/><F86/><T115/><D115/><U49/><E70/><V76/><F59/><T135/><D135/><U106/><E58/><V90/><F65/><T72/><D72/><U121/><E43/><V81/><F130/><T83/><REACH who="0" step="1"/><D82/><REACH who="0" ten="171,360,509,0" step="2"/><U46/><N who="1" m="31008" /><U34/><E80/><V2/><F131/><T87/><D87/><U54/><E40/><V64/><F128/><RYUUKYOKU ba="1,1" sc="171,20,360,-10,509,-10,0,0" hai0="83,84,89,96,97,101,102,108,110,111" /><INIT seed="4,2,1,1,5,87" ten="191,350,499,0" oya="0" hai0="101,47,77,125,49,131,0,36,65,86,76,123,41" hai1="99,109,1,40,63,71,98,110,48,75,57,38,102" hai2="66,126,103,59,70,78,56,91,132,127,69,115,100" hai3=""/><T113/><N who="0" m="31520" /><T52/><D0/><U133/><E1/><V39/><F39/><T129/><D113/><U34/><E34/><V119/><F115/><T111/><D125/><N who="2" m="47626" /><F132/><T53/><D111/><U95/><E133/><V108/><F78/><T116/><D116/><U3/><E3/><V112/><F112/><T105/><D65/><U55/><E75/><V72/><F72/><T42/><D101/><N who="2" m="38986" /><F108/><T68/><D68/><N who="2" m="26218" /><F119/><T93/><D105/><U67/><REACH who="1" step="1"/><E99/><REACH who="1" ten="191,340,499,0" step="2"/><V33/><F33/><T88/><D129/><U121/><N who="1" m="31008" /><U44/><AGARI ba="2,2" hai="38,40,44,48,55,57,63,67,71,95,98,102,109,110" m="31008" machi="44" ten="30,9000,2" yaku="1,1,4,1,0,1,24,2,52,1,53,0" doraHai="87" doraHaiUra="106" who="1" fromWho="1" sc="191,-62,340,114,499,-32,0,0" /><INIT seed="5,0,0,4,0,92" ten="129,454,467,0" oya="1" hai0="93,34,71,131,38,44,35,126,79,82,62,84,114" hai1="124,128,96,72,118,111,46,64,76,88,121,86,135" hai2="49,134,122,117,55,116,104,68,42,120,57,47,103" hai3=""/><U99/><N who="1" m="31008" /><U110/><E46/><V125/><N who="2" m="30752" /><V133/><N who="2" m="31264" /><V3/><F3/><T45/><D114/><U94/><E64/><V1/><F1/><T90/><D126/><U77/><E124/><V81/><F125/><T48/><D131/><U43/><E43/><V95/><F104/><T67/><D38/><U129/><E118/><N who="2" m="45675" /><F81/><T100/><D100/><U83/><E77/><V107/><F95/><T59/><D71/><U61/><E61/><V2/><F103/><T101/><D101/><U65/><E65/><V98/><F98/><N who="1" m="37417" /><E135/><N who="2" m="51723" /><F107/><T85/><REACH who="0" step="1"/><D45/><REACH who="0" ten="119,454,467,0" step="2"/><U40/><E40/><AGARI ba="0,1" hai="34,35,40,44,48,59,62,67,79,82,84,85,90,93" machi="40" ten="30,7700,0" yaku="1,1,2,1,7,1,53,1" doraHai="92" doraHaiUra="73" who="0" fromWho="1" sc="119,87,454,-77,467,0,0,0" /><INIT seed="6,0,0,5,2,54" ten="206,377,467,0" oya="2" hai0="75,33,42,37,122,130,123,81,82,88,63,99,73" hai1="102,115,113,94,44,110,78,49,68,131,121,57,108" hai2="58,103,106,112,104,118,80,124,79,50,72,98,51" hai3=""/><V71/><F118/><T127/><N who="0" m="31264" /><T97/><N who="0" m="31520" /><T70/><D33/><U85/><N who="1" m="31008" /><U84/><E102/><V126/><F71/><T38/><D127/><N who="2" m="48682" /><F112/><N who="1" m="43081" /><E94/><V64/><F106/><T47/><D130/><U52/><E85/><V109/><F109/><N who="1" m="42089" /><E84/><V35/><F35/><T87/><D37/><U117/><E78/><V0/><F0/><T66/><REACH who="0" step="1"/><D82/><REACH who="0" ten="196,377,467,0" step="2"/><U132/><E131/><V116/><F116/><T34/><D34/><U125/><E117/><V3/><F3/><T114/><D114/><U90/><E125/><V55/><F80/><T83/><D83/><U74/><E74/><AGARI ba="0,1" hai="38,42,47,63,66,70,73,74,75,81,87,88,97,99" m="31520,31264" machi="74" ten="40,8000,1" yaku="1,1,52,2,54,1,53,1" doraHai="54" doraHaiUra="77" who="0" fromWho="1" sc="196,90,377,-80,467,0,0,0" owari="286,-31.0,297,-10.0,467,41.0,0,0.0" /></mjloggm>