<mjloggm ver="2.3"><GO type="169" lobby="0"/><UN n0="%E3%81%BE%E3%81%8F%E3%81%A9%E3%81%AA%E3%82%8B%E3%81%AA%E3%82%8B%E3%81%A9" n1="%6D%69%7A%75%79%6F%75" n2="%E3%81%BF%E3%81%8B%E3%82%82%E3%82%81" n3="%E3%83%AD%E3%83%83%E3%82%BD" dan="16,16,17,17" rate="2116.68,2189.47,2193.62,2167.43" sx="M,M,M,F"/><TAIKYOKU oya="0"/><INIT seed="0,0,0,3,2,78" ten="250,250,250,250" oya="0" hai0="23,34,65,32,61,64,80,12,95,57,98,73,71" hai1="60,119,87,99,1,44,55,22,120,131,77,31,94" hai2="69,16,28,112,134,125,100,127,62,13,38,67,133" hai3="50,56,58,40,121,96,130,2,75,7,10,81,118"/><T129/><D129/><U53/><E119/><V101/><F112/><W70/><G118/><T29/><D71/><U76/><E131/><V45/><F28/><W104/><G130/><T97/><D65/><U107/><E107/><V59/><F59/><W109/><G70/><T117/><D98/><U83/><E1/><V5/><F5/><W0/><G0/><T43/><D43/><U66/><E120/><V27/><F27/><W91/><G58/><T26/><D12/><U54/><E76/><V36/><F100/><W79/><G121/><T11/><D11/><U19/><E31/><V86/><F101/><W126/><G50/><T18/><D18/><U20/><E44/><V90/><F45/><W123/><G56/><T21/><D21/><U8/><E8/><N who="2" m="6183" /><F36/><W110/><G123/><T92/><D117/><U108/><E108/><V74/><F74/><W68/><G68/><T48/><D48/><U115/><E115/><V89/><F38/><W14/><G14/><T3/><D3/><U17/><E66/><V88/><F86/><W124/><G40/><T39/><D39/><U102/><E60/><V106/><F106/><W42/><G42/><T49/><D49/><U84/><E84/><V37/><F37/><W30/><G30/><T9/><D9/><U111/><E111/><N who="3" m="42506" /><G104/><T132/><D64/><U105/><E105/><V103/><F103/><W52/><G52/><T6/><D61/><U15/><E54/><V46/><F46/><W82/><G96/><T116/><D57/><U25/><AGARI ba="0,0" hai="15,17,19,20,22,25,53,55,77,83,87,94,99,102" machi="25" ten="20,5200,0" yaku="0,1,7,1,8,1,52,1" doraHai="78" who="1" fromWho="1" sc="250,-26,250,52,250,-13,250,-13" /><INIT seed="1,0,0,0,1,119" ten="224,302,237,237" oya="1" hai0="36,109,41,134,85,83,118,1,121,31,106,127,93" hai1="69,21,84,123,113,42,56,26,75,81,39,0,22" hai2="132,32,110,80,98,50,91,58,53,63,44,122,2" hai3="15,116,104,73,11,87,70,108,23,45,20,17,71"/><U115/><E69/><V78/><F110/><W54/><G73/><T6/><D31/><U10/><E75/><V103/><F2/><W52/><G108/><T117/><D41/><U96/><E21/><V40/><F132/><W47/><G104/><T29/><D6/><U12/><E0/><V74/><F32/><W9/><G87/><T62/><D62/><U34/><E34/><V13/><F91/><W55/><G116/><N who="0" m="44651" /><D29/><U38/><E96/><V3/><F3/><W72/><G72/><T130/><D1/><U77/><E56/><V100/><F122/><W49/><G20/><T28/><D28/><U79/><E123/><V92/><F103/><W48/><REACH who="3" step="1"/><G55/><REACH who="3" ten="224,302,237,227" step="2"/><T25/><D106/><U131/><E115/><V135/><F135/><W94/><G94/><T114/><D109/><U97/><E113/><V90/><F100/><W89/><G89/><T46/><D93/><U126/><E97/><V124/><F124/><W82/><G82/><T18/><D127/><U19/><E126/><V4/><F4/><W16/><G16/><T128/><D134/><U68/><E79/><V43/><REACH who="2" step="1"/><F13/><REACH who="2" ten="224,302,227,227" step="2"/><W65/><G65/><AGARI ba="0,2" hai="40,43,44,50,53,58,63,65,74,78,80,90,92,98" machi="65" ten="30,3900,0" yaku="1,1,2,1,7,1,53,0" doraHai="119" doraHaiUra="67" who="2" fromWho="3" sc="224,0,302,0,227,59,227,-39" /><INIT seed="2,0,0,0,2,109" ten="224,302,286,188" oya="2" hai0="135,12,48,74,41,52,131,119,2,34,127,10,110" hai1="95,37,65,11,24,84,63,82,15,106,59,89,19" hai2="47,102,18,5,50,43,45,107,32,100,68,124,125" hai3="60,39,70,31,111,46,116,55,25,14,80,44,75"/><V16/><F68/><W6/><G111/><T105/><RYUUKYOKU type="yao9" ba="0,0" sc="224,0,302,0,286,0,188,0" hai0="2,10,12,34,41,48,52,74,105,110,119,127,131,135" /><INIT seed="2,1,0,5,3,64" ten="224,302,286,188" oya="2" hai0="22,25,11,56,93,129,110,107,61,98,71,102,46" hai1="7,4,18,54,76,94,75,109,99,96,49,84,1" hai2="77,72,62,74,135,35,30,68,13,89,16,5,124" hai3="65,122,101,127,0,53,47,73,118,27,112,88,51"/><V128/><F128/><W86/><G122/><T115/><D110/><U126/><E109/><V15/><F5/><W40/><G118/><T69/><D129/><U85/><E126/><V83/><F124/><W17/><G127/><T42/><D107/><U57/><E75/><V58/><F74/><W103/><G73/><T105/><D105/><U133/><E133/><V21/><F135/><W50/><G0/><T37/><D11/><U12/><E1/><V48/><F89/><W38/><G38/><T28/><REACH who="0" step="1"/><D115/><REACH who="0" ten="214,302,286,188" step="2"/><U33/><E33/><V81/><F81/><N who="3" m="49231" /><G112/><T114/><D114/><U121/><E121/><V80/><F80/><W3/><G3/><T44/><D44/><U6/><E76/><V39/><F39/><W41/><G65/><AGARI ba="1,1" hai="22,25,28,37,42,46,56,61,65,69,71,93,98,102" machi="65" ten="30,12000,2" yaku="1,1,7,1,25,2,52,2,53,0" doraHai="64" doraHaiUra="113" who="0" fromWho="3" sc="214,133,302,0,286,0,188,-123" /><INIT seed="3,0,0,1,3,84" ten="347,302,286,65" oya="3" hai0="21,91,50,19,118,125,116,8,93,5,39,53,42" hai1="107,48,109,114,37,100,110,98,73,6,133,83,46" hai2="72,17,112,62,30,87,47,54,36,65,32,75,40" hai3="0,105,102,104,28,99,69,115,130,126,61,60,81"/><W3/><G115/><T89/><D125/><U12/><E114/><V58/><F112/><W68/><G126/><T63/><D39/><U20/><E133/><V101/><F101/><W26/><G130/><T4/><D42/><U96/><E37/><V13/><F32/><W52/><G105/><T34/><D34/><U27/><E98/><V78/><F30/><W111/><G111/><T64/><D116/><U41/><E73/><V44/><F78/><W29/><G29/><T55/><D118/><U18/><E6/><N who="0" m="2665" /><D8/><U129/><E129/><V23/><F87/><W16/><G81/><T15/><D93/><U80/><REACH who="1" step="1"/><E27/><REACH who="1" ten="347,292,286,65" step="2"/><V74/><REACH who="2" step="1"/><F47/><REACH who="2" ten="347,292,276,65" step="2"/><W82/><G104/><T2/><D2/><U90/><E90/><V121/><F121/><W43/><G3/><T67/><D91/><U135/><E135/><V14/><F14/><W88/><G0/><T131/><D89/><U10/><E10/><V1/><F1/><W120/><G88/><T70/><D131/><U11/><E11/><V122/><F122/><W7/><G120/><T134/><D134/><U33/><E33/><V22/><F22/><W132/><G132/><T123/><D123/><U128/><E128/><V95/><F95/><W119/><G119/><T66/><D21/><U31/><E31/><V25/><F25/><W85/><G28/><T79/><D15/><U106/><E106/><V71/><F71/><W103/><G26/><T24/><D24/><U86/><E86/><V127/><F127/><W97/><G97/><T108/><D70/><U56/><E56/><V92/><F92/><W38/><G99/><RYUUKYOKU ba="0,2" sc="347,-15,292,15,276,15,65,-15" hai1="12,18,20,41,46,48,80,83,96,100,107,109,110" hai2="13,17,23,36,40,44,54,58,62,65,72,74,75" /><INIT seed="4,1,2,3,3,95" ten="332,307,291,50" oya="0" hai0="47,6,56,10,40,31,124,115,96,15,89,111,68" hai1="22,46,39,116,27,131,112,55,26,70,92,62,93" hai2="121,86,1,35,44,133,90,84,88,117,80,85,78" hai3="108,2,16,54,129,75,14,48,38,83,60,99,81"/><T36/><D115/><U100/><E116/><V43/><F121/><W98/><G108/><T82/><D111/><U66/><E112/><V128/><F35/><W114/><G38/><T73/><D124/><U53/><E131/><V32/><F32/><W105/><G2/><T91/><D68/><U45/><E39/><V76/><F1/><W118/><G114/><T126/><D126/><U3/><E3/><V130/><F117/><W97/><G118/><T71/><D71/><U28/><E93/><V119/><F119/><W20/><G105/><T120/><D120/><U94/><E94/><V107/><F107/><W5/><G75/><T63/><D31/><U101/><E101/><V72/><F133/><W134/><G129/><N who="2" m="49769" /><F78/><W64/><G5/><T57/><D96/><U77/><E77/><V9/><F9/><W123/><G123/><T7/><D7/><U8/><E8/><V122/><F122/><W4/><G4/><T17/><D57/><N who="1" m="37199" /><E26/><V113/><F113/><W61/><G134/><T18/><D73/><U103/><E103/><V51/><AGARI ba="1,2" hai="43,44,51,72,76,80,84,85,86,88,90" m="49769" machi="51" ten="30,2000,0" yaku="19,1,54,1" doraHai="95" who="2" fromWho="2" sc="332,-11,307,-6,291,43,50,-6" /><INIT seed="5,0,0,3,4,10" ten="321,301,334,44" oya="1" hai0="123,78,89,0,131,18,23,134,49,72,129,5,11" hai1="88,90,126,124,77,93,31,46,34,38,22,35,102" hai2="12,130,20,99,33,66,92,4,68,120,1,57,42" hai3="75,82,32,14,73,70,104,122,127,76,37,15,52"/><U69/><E69/><V85/><F120/><W64/><G122/><T51/><D123/><U115/><E77/><V63/><F33/><W48/><G127/><N who="1" m="48682" /><E115/><V19/><F130/><N who="0" m="49674" /><D134/><U114/><E114/><V50/><F85/><W94/><G104/><T67/><D67/><U54/><E102/><V79/><F79/><W96/><G75/><T61/><D61/><U97/><E90/><V43/><F1/><W45/><G32/><T74/><D89/><U80/><E80/><V28/><F4/><W24/><G24/><N who="0" m="14455" /><D78/><U133/><E133/><V9/><F28/><W132/><G132/><T107/><D107/><U121/><E121/><V135/><F9/><W119/><G119/><T16/><D16/><U62/><E62/><V3/><F3/><W125/><G125/><T39/><D39/><U101/><E101/><V36/><F36/><W29/><G29/><T2/><D2/><U83/><E83/><V118/><F118/><W27/><G27/><T47/><D51/><N who="1" m="29047" /><E38/><V65/><F135/><W56/><G70/><T13/><D0/><U41/><E41/><AGARI ba="0,0" hai="5,11,13,41,47,49,72,74" m="14455,49674" machi="41" ten="30,2000,0" yaku="19,1,52,1" doraHai="10" who="0" fromWho="1" sc="321,20,301,-20,334,0,44,0" /><INIT seed="6,0,0,2,2,1" ten="341,281,334,44" oya="2" hai0="102,10,95,105,42,12,61,32,68,11,55,0,14" hai1="26,76,9,59,39,22,50,128,56,13,74,130,97" hai2="77,4,70,88,117,46,103,35,51,49,115,38,44" hai3="92,66,134,123,84,52,121,67,99,8,109,127,27"/><V106/><F117/><W135/><G84/><T2/><D32/><U28/><E39/><V5/><F35/><W79/><G79/><T16/><D105/><U64/><E97/><V82/><F70/><W81/><G81/><T30/><D30/><U6/><E64/><V124/><F38/><W75/><G75/><T112/><D112/><U94/><E94/><V24/><F115/><W58/><G27/><T125/><D125/><U91/><E91/><V41/><F124/><W15/><G127/><T72/><D72/><U107/><E107/><V89/><F24/><W63/><G109/><T122/><D42/><U43/><E43/><N who="2" m="24735" /><F103/><W31/><G31/><T47/><D122/><U65/><E65/><V133/><F133/><N who="3" m="50699" /><G123/><T71/><D0/><U69/><E69/><V29/><F106/><W17/><G121/><T114/><D2/><U21/><E21/><V101/><F101/><AGARI ba="0,0" hai="8,15,17,52,58,63,66,67,92,99,101" m="50699" machi="101" ten="30,2000,0" yaku="20,1,54,1" doraHai="1" who="3" fromWho="2" sc="341,0,281,0,334,-20,44,20" /><INIT seed="7,0,0,3,3,76" ten="341,281,314,64" oya="3" hai0="1,132,65,38,6,89,106,109,79,11,129,12,69" hai1="29,4,74,30,97,15,80,102,41,98,100,82,111" hai2="60,91,92,116,75,52,114,22,17,27,127,78,124" hai3="43,68,86,77,42,81,128,85,49,25,64,5,93"/><W135/><G135/><T55/><D109/><U61/><E74/><V51/><F116/><W58/><G128/><T44/><D106/><U119/><E111/><V3/><F3/><W122/><G122/><T48/><D79/><U32/><E119/><V134/><F134/><W19/><G68/><T20/><D132/><U130/><E32/><V107/><F107/><W126/><G126/><N who="2" m="48169" /><F114/><W110/><G110/><T99/><D129/><U24/><E130/><V26/><F26/><W96/><G5/><T123/><D123/><U37/><E61/><V83/><F60/><W46/><G43/><T67/><D69/><U133/><E133/><V57/><F91/><W103/><G64/><T40/><D1/><U84/><E84/><V112/><F92/><W104/><G58/><T95/><D20/><U28/><E24/><V8/><F112/><W63/><G63/><T7/><D7/><U36/><E4/><V66/><F8/><W72/><REACH who="3" step="1"/><G104/><REACH who="3" ten="341,281,314,54" step="2"/><T73/><D67/><AGARI ba="0,1" hai="17,22,27,51,52,57,66,67,75,78,83" m="48169" machi="67" ten="30,3900,0" yaku="18,1,52,1,54,1" doraHai="76" who="2" fromWho="0" sc="341,-39,281,0,314,49,54,0" owari="302,10.0,281,-12.0,363,47.0,54,-45.0" /></mjloggm>