<mjloggm ver="2.3"><GO type="169" lobby="0"/><UN n0="%E4%B9%BE%E5%9D%A4%E5%8D%81%E4%BA%94%E6%93%B2" n1="%74%65%6E%6B%65%79%33" n2="%E8%8A%B1%E6%A1%9C%E9%87%8C" n3="%E4%B9%9D%E4%B8%88%E8%8A%B1%E9%9F%B3" dan="16,16,16,16" rate="2137.85,2079.15,2094.99,2176.91" sx="M,M,M,F"/><TAIKYOKU oya="0"/><INIT seed="0,0,0,2,2,52" ten="250,250,250,250" oya="0" hai0="13,91,8,4,124,42,111,108,94,9,70,53,98" hai1="49,96,92,103,47,80,125,44,99,66,51,10,5" hai2="43,83,134,61,109,14,129,131,135,102,74,29,6" hai3="40,123,105,97,77,78,79,0,130,11,72,36,22"/><T71/><D124/><U24/><E125/><V56/><F109/><N who="0" m="42058" /><D42/><U115/><E115/><V34/><F102/><W73/><G130/><N who="2" m="49673" /><F43/><W82/><G73/><T127/><D127/><U87/><E24/><N who="2" m="18727" /><F14/><W33/><G33/><T31/><D31/><U19/><E19/><V59/><F6/><W38/><G22/><T27/><D27/><U1/><E96/><V63/><F83/><W37/><G79/><T54/><D9/><U85/><E66/><N who="2" m="39207" /><F74/><W39/><G78/><T104/><D104/><U20/><E20/><V122/><F122/><W132/><G123/><T57/><D54/><AGARI ba="0,0" hai="54,59,63,134,135" m="39207,18727,49673" machi="54" ten="30,3900,0" yaku="19,1,52,2" doraHai="52" who="2" fromWho="0" sc="250,-39,250,0,250,39,250,0" /><INIT seed="1,0,0,1,1,91" ten="211,250,289,250" oya="1" hai0="79,92,21,118,125,3,89,88,13,39,23,51,31" hai1="81,127,85,49,60,5,53,12,40,29,126,135,27" hai2="48,17,50,110,115,106,72,36,47,54,105,42,38" hai3="95,93,28,111,18,96,70,130,33,52,75,22,112"/><U11/><E135/><V94/><F72/><W1/><G112/><T123/><D118/><U114/><E114/><V19/><F115/><W44/><G75/><T46/><D39/><U116/><E116/><V0/><F0/><W122/><G122/><T90/><D3/><U78/><E60/><V16/><F110/><W80/><G111/><T15/><D125/><U113/><E113/><V35/><F35/><W101/><G70/><T120/><D79/><U69/><E69/><V124/><F124/><W66/><G1/><T77/><D77/><U2/><E2/><V99/><F38/><W14/><G130/><T43/><D123/><U20/><REACH who="1" step="1"/><E53/><REACH who="1" ten="211,240,289,250" step="2"/><V74/><F74/><W102/><G66/><T26/><D120/><U107/><E107/><V132/><F132/><W108/><G108/><T56/><D56/><U68/><E68/><V63/><F106/><W76/><G52/><T24/><REACH who="0" step="1"/><D92/><REACH who="0" ten="201,240,289,250" step="2"/><U83/><E83/><V133/><F105/><W58/><G58/><T121/><D121/><U65/><E65/><V104/><F104/><W128/><G95/><T32/><D32/><U117/><E117/><V55/><F133/><W30/><G33/><T45/><D45/><AGARI ba="0,2" hai="5,11,12,20,27,29,40,45,49,78,81,85,126,127" machi="45" ten="40,7700,0" yaku="1,1,25,2,53,0" doraHai="91" doraHaiUra="57" who="1" fromWho="0" sc="201,-77,240,97,289,0,250,0" /><INIT seed="1,1,0,5,4,19" ten="124,337,289,250" oya="1" hai0="22,91,1,92,82,118,98,79,96,120,126,2,10" hai1="41,65,17,51,25,39,40,29,121,108,84,71,14" hai2="68,90,123,24,86,111,54,104,20,116,60,21,33" hai3="99,97,119,58,44,0,5,37,89,107,6,85,35"/><U81/><E121/><V50/><F123/><W76/><G35/><T133/><D120/><U105/><E105/><V72/><F104/><W100/><G119/><T28/><D118/><U134/><E39/><V112/><F72/><W83/><G0/><T101/><D126/><U52/><E134/><V53/><F111/><W103/><G58/><T122/><D133/><U67/><E108/><V93/><F112/><W31/><G31/><T43/><D122/><U11/><E41/><V4/><F4/><W27/><G27/><T48/><D10/><U73/><E40/><V49/><F68/><W38/><G44/><T16/><D28/><U130/><E73/><V34/><F60/><W128/><G128/><T32/><D32/><U115/><E115/><V30/><F34/><W77/><G6/><T88/><D91/><U18/><E18/><V42/><F42/><W36/><REACH who="3" step="1"/><G5/><REACH who="3" ten="124,337,289,240" step="2"/><T132/><D132/><U23/><E130/><V64/><F116/><W106/><AGARI ba="1,1" hai="36,37,38,76,77,83,85,89,97,99,100,103,106,107" machi="106" ten="30,12000,2" yaku="1,1,2,1,0,1,9,1,53,2" doraHai="19" doraHaiUra="102" who="3" fromWho="3" sc="124,-31,337,-61,289,-31,240,133" /><INIT seed="2,0,0,3,4,112" ten="93,276,258,373" oya="2" hai0="55,11,111,75,49,105,66,25,3,45,113,118,107" hai1="101,127,119,53,122,114,19,28,13,46,125,103,56" hai2="110,92,30,18,36,0,134,68,83,104,61,1,34" hai3="109,9,115,74,79,84,54,8,16,60,59,82,128"/><V22/><F104/><W90/><G115/><T81/><D113/><U7/><E114/><V130/><F36/><W44/><G109/><T39/><D111/><U133/><E122/><V47/><F68/><W67/><G128/><T98/><D66/><U58/><E133/><V108/><F34/><W120/><G120/><T6/><D39/><U132/><E132/><V23/><F0/><W100/><G100/><T95/><D25/><U70/><E70/><V15/><F1/><W123/><G123/><T29/><D29/><U63/><E28/><V12/><F130/><W31/><G31/><T87/><D118/><U116/><E7/><V85/><F134/><W117/><G117/><N who="1" m="45130" /><E46/><V38/><F38/><W37/><G16/><T51/><D51/><U88/><E88/><V2/><F2/><W73/><G73/><T72/><D72/><U24/><E58/><V27/><F110/><W102/><G102/><T124/><D75/><U43/><E43/><V77/><F108/><W50/><G37/><T126/><D126/><N who="1" m="48139" /><E24/><V91/><F47/><W69/><G69/><T62/><D124/><U86/><E86/><V10/><F61/><W21/><G44/><T20/><D62/><U40/><E40/><V106/><F30/><W65/><G60/><T4/><D4/><U52/><E53/><V14/><F27/><W33/><G54/><T48/><D55/><U76/><E76/><V99/><F10/><AGARI ba="0,0" hai="10,13,19,52,56,63,101,103" m="48139,45130" machi="10" ten="30,8000,1" yaku="18,1,52,3,54,1" doraHai="112" who="1" fromWho="2" sc="93,0,276,80,258,-80,373,0" /><INIT seed="3,0,0,1,4,127" ten="93,356,178,373" oya="3" hai0="111,30,67,87,43,124,98,12,131,114,37,40,39" hai1="92,18,78,49,51,41,8,17,68,63,22,52,73" hai2="60,107,56,84,34,75,26,115,74,86,119,2,33" hai3="101,61,47,32,93,91,103,55,81,130,11,105,94"/><W88/><G32/><T7/><D30/><U85/><E73/><V29/><F119/><W118/><G118/><T20/><D98/><U83/><E92/><V46/><F115/><W16/><G105/><T1/><D1/><U79/><E8/><V44/><F2/><W125/><G125/><T90/><D124/><U65/><E79/><V116/><F107/><W5/><G5/><T95/><D114/><U106/><E106/><V24/><F116/><W117/><G130/><T45/><D111/><U121/><E121/><V53/><F75/><W38/><G38/><T80/><D67/><U6/><E6/><V48/><F44/><W25/><G81/><T76/><D20/><U19/><E49/><V21/><F74/><W62/><G47/><T77/><D77/><U109/><E41/><V89/><F89/><W59/><G62/><T97/><D43/><U133/><E133/><V28/><REACH who="2" step="1"/><F21/><REACH who="2" ten="93,356,168,373" step="2"/><N who="3" m="13479" /><G117/><T100/><D90/><N who="3" m="34345" /><G11/><N who="0" m="4223" /><D131/><U70/><E22/><V64/><AGARI ba="0,1" hai="24,26,28,29,33,34,46,48,53,56,60,64,84,86" machi="64" ten="20,5200,0" yaku="1,1,0,1,7,1,9,1,53,0" doraHai="127" doraHaiUra="71" who="2" fromWho="2" sc="93,-13,356,-13,168,62,373,-26" /><INIT seed="4,0,0,1,5,44" ten="80,343,230,347" oya="0" hai0="79,129,81,36,84,59,115,131,31,107,135,100,60" hai1="95,38,49,90,69,132,52,75,9,120,99,39,83" hai2="20,126,87,97,24,61,17,108,16,114,41,72,117" hai3="53,89,101,0,55,25,19,28,70,76,27,64,54"/><T86/><D36/><U106/><E120/><V5/><F72/><W40/><G0/><T2/><D2/><U91/><E69/><V50/><F108/><W73/><G101/><T125/><D31/><U67/><E67/><V93/><F114/><W8/><G40/><T22/><D22/><U13/><E106/><V6/><F126/><W63/><G89/><T80/><D115/><U26/><E26/><V29/><F61/><W42/><G42/><T37/><D37/><U78/><E91/><V128/><F87/><W98/><G98/><N who="0" m="61847" /><D59/><U77/><E77/><V130/><F117/><W56/><G70/><T23/><D23/><U134/><E134/><V66/><F66/><W34/><G8/><T119/><D60/><U3/><E3/><V118/><F118/><W62/><G19/><T121/><D119/><U110/><E110/><V35/><F17/><W92/><G25/><T21/><D21/><U96/><E96/><V14/><F130/><N who="0" m="49674" /><D135/><U88/><E132/><V133/><F133/><W11/><G11/><T82/><D121/><U111/><E111/><V127/><F127/><W112/><G112/><T15/><D15/><U33/><E33/><V85/><F85/><N who="0" m="32874" /><D125/><U1/><E1/><V68/><F68/><W74/><G63/><T46/><D46/><U30/><E30/><V45/><F128/><W124/><G124/><T65/><D65/><U123/><E123/><V43/><F43/><W71/><G71/><T57/><D57/><U116/><E116/><V122/><F122/><W94/><G64/><T18/><D18/><U113/><E113/><V51/><F51/><RYUUKYOKU ba="0,0" sc="80,15,343,-15,230,15,347,-15" hai0="79,80,81,82" hai2="5,6,14,16,20,24,29,35,41,45,50,93,97" /><INIT seed="4,1,0,2,0,52" ten="95,328,245,332" oya="0" hai0="113,102,104,0,50,5,118,49,134,22,14,130,114" hai1="135,19,95,127,23,97,75,39,7,43,10,59,64" hai2="8,73,41,81,17,26,83,47,38,78,12,68,48" hai3="105,128,25,123,60,110,66,61,109,77,27,87,6"/><T4/><D118/><U2/><E127/><V20/><F83/><W55/><G105/><T96/><D134/><U120/><E135/><V119/><F68/><W129/><G6/><T93/><D130/><N who="3" m="50281" /><G123/><T29/><D0/><U94/><E120/><V115/><F115/><N who="0" m="44042" /><D104/><U51/><E75/><V131/><F119/><W9/><G9/><N who="0" m="4391" /><D5/><U31/><E31/><V108/><F108/><W90/><G77/><T63/><D63/><N who="3" m="24137" /><G55/><T76/><D76/><U62/><E39/><V121/><F121/><W37/><G66/><T1/><D1/><U116/><E116/><V46/><F131/><W57/><G37/><T125/><D125/><U21/><E21/><V13/><F8/><W53/><G25/><AGARI ba="1,0" hai="22,25,29,49,50,93,96,102" m="4391,44042" machi="25" ten="30,1500,0" yaku="15,1" doraHai="52" who="0" fromWho="3" sc="95,18,328,0,245,0,332,-18" /><INIT seed="4,2,0,4,2,21" ten="113,328,245,314" oya="0" hai0="114,100,90,112,87,78,85,81,0,30,41,18,77" hai1="46,5,109,129,8,24,118,119,121,62,19,36,122" hai2="134,107,61,59,1,15,93,17,37,127,131,72,11" hai3="50,70,65,40,12,42,106,27,94,96,68,26,125"/><T74/><D0/><U3/><E36/><V104/><F131/><W95/><G106/><T86/><D30/><U130/><E62/><V10/><F134/><W16/><G125/><T101/><D18/><U22/><E46/><V117/><F127/><W80/><G68/><T53/><D53/><U113/><E109/><V9/><F72/><W124/><G124/><T45/><D45/><U111/><E111/><V66/><F37/><W73/><G70/><T25/><D25/><N who="3" m="9225" /><G73/><T97/><D41/><N who="3" m="15977" /><G65/><T32/><D32/><U7/><E7/><V60/><F117/><N who="1" m="44553" /><E113/><N who="0" m="43625" /><D78/><U14/><E3/><V105/><F1/><W99/><G50/><T102/><D90/><U28/><E28/><V51/><F51/><W92/><G80/><T120/><D120/><AGARI ba="2,0" hai="5,8,14,19,22,24,120,121,122,129,130" m="44553" machi="120" ten="30,3900,0" yaku="34,2,52,1" doraHai="21" who="1" fromWho="0" sc="113,-45,328,45,245,0,314,0" /><INIT seed="5,0,0,4,2,33" ten="68,373,245,314" oya="1" hai0="95,48,110,27,6,116,32,94,126,50,89,107,46" hai1="78,70,81,28,105,98,101,124,35,68,133,121,41" hai2="39,87,100,51,88,5,55,37,65,16,12,125,135" hai3="58,22,47,114,74,2,84,90,60,66,86,10,73"/><U31/><E121/><V112/><F135/><W56/><G114/><T85/><D110/><U18/><E133/><V79/><F125/><W42/><G22/><T8/><D126/><U40/><E124/><V132/><F112/><W7/><G58/><T69/><D69/><U128/><E128/><V19/><F37/><W9/><G9/><T123/><D123/><U14/><E68/><V113/><F39/><W54/><G54/><T44/><D107/><U130/><E70/><V62/><F79/><W91/><G86/><T96/><D116/><U97/><E97/><V108/><F100/><W119/><G119/><T82/><D32/><U83/><E130/><V104/><F104/><W21/><G21/><T29/><D29/><U64/><E64/><V15/><F108/><W134/><G90/><T20/><D20/><U59/><E59/><N who="2" m="37087" /><F132/><W30/><G30/><T11/><D27/><U102/><E102/><V106/><F106/><W49/><REACH who="3" step="1"/><G134/><REACH who="3" ten="68,373,245,304" step="2"/><T75/><D75/><U122/><E28/><V26/><F113/><W1/><G1/><T17/><D17/><N who="2" m="6730" /><F26/><W111/><G111/><T43/><D11/><U117/><E117/><V115/><F115/><W61/><G61/><T13/><REACH who="0" step="1"/><D96/><REACH who="0" ten="58,373,245,304" step="2"/><U25/><E98/><V103/><F103/><W34/><G34/><T72/><D72/><U118/><E35/><V67/><F67/><W52/><G52/><AGARI ba="0,2" hai="6,8,13,43,44,46,48,50,52,82,85,89,94,95" machi="52" ten="30,7700,0" yaku="1,1,7,1,8,1,54,1,53,0" doraHai="33" doraHaiUra="53" who="0" fromWho="3" sc="58,97,373,0,245,0,304,-77" /><INIT seed="6,0,0,3,1,120" ten="155,373,245,227" oya="2" hai0="89,65,31,114,99,94,38,84,41,129,73,12,102" hai1="125,32,115,4,67,90,88,118,21,26,8,13,97" hai2="55,78,133,108,0,131,82,104,19,124,3,71,93" hai3="23,25,16,64,58,100,85,66,127,126,17,72,44"/><V79/><F55/><W5/><G72/><T106/><D65/><U92/><E118/><V81/><F19/><W49/><G5/><T15/><D129/><U24/><E115/><V57/><F57/><W76/><G100/><T91/><D114/><U34/><E125/><N who="3" m="47626" /><G17/><T22/><D38/><U47/><E67/><V134/><F124/><W37/><G37/><T110/><D41/><U27/><E21/><V54/><F54/><N who="3" m="29991" /><G58/><T80/><D110/><U11/><E47/><V40/><F40/><W1/><G1/><T83/><D31/><U2/><E90/><V14/><F104/><W56/><G56/><T6/><D6/><U70/><E70/><V62/><F71/><W96/><G96/><T128/><D128/><U50/><E50/><V48/><F48/><W107/><G107/><T109/><D109/><U117/><E117/><V63/><F131/><W75/><G75/><T36/><D36/><U9/><E2/><V53/><F53/><W95/><G95/><T60/><D60/><U7/><E7/><V122/><F93/><W61/><G61/><T74/><D22/><U132/><E4/><V45/><F45/><W86/><G86/><N who="0" m="52599" /><D15/><U130/><E13/><V52/><F14/><W59/><G59/><T123/><D12/><U101/><E130/><V111/><F52/><W135/><G135/><T20/><D20/><U87/><E132/><V112/><F112/><W51/><G51/><T113/><D113/><U69/><E69/><V29/><F29/><W42/><G42/><T30/><D30/><U121/><E121/><AGARI ba="0,0" hai="0,3,62,63,78,79,81,82,108,111,121,122,133,134" machi="121" ten="25,9600,0" yaku="22,2,52,2" doraHai="120" who="2" fromWho="1" sc="155,0,373,-96,245,96,227,0" /><INIT seed="6,1,0,0,1,91" ten="155,277,341,227" oya="2" hai0="67,56,46,84,99,29,44,51,93,131,87,48,88" hai1="5,49,65,63,75,33,41,15,125,71,42,62,38" hai2="116,18,110,32,57,73,122,60,128,132,120,127,101" hai3="118,117,36,39,14,95,31,7,4,53,89,104,133"/><V22/><F73/><W25/><G104/><T23/><D131/><U90/><E33/><V78/><F32/><W26/><G14/><T11/><D11/><U45/><E75/><V13/><F116/><W21/><G133/><T135/><D135/><U50/><E5/><V107/><F132/><W82/><G82/><T12/><D67/><U55/><E15/><V69/><F69/><W43/><G53/><T10/><D29/><U92/><E125/><V27/><F107/><W30/><G89/><T74/><D74/><U34/><E34/><V108/><F127/><W76/><G21/><T52/><D23/><U17/><E17/><V64/><F128/><W129/><G129/><T20/><D20/><U2/><E2/><V96/><F27/><W83/><G83/><T68/><D68/><U19/><E19/><V77/><F77/><W59/><G59/><T72/><D72/><U105/><E105/><V97/><F78/><W70/><G76/><T6/><D56/><U111/><E111/><N who="2" m="42539" /><F101/><W114/><G70/><T8/><D8/><U134/><E134/><V80/><F80/><W126/><G126/><T85/><D99/><AGARI ba="1,0" hai="13,18,22,57,60,64,96,97,99,120,122" m="42539" machi="99" ten="30,1500,0" yaku="10,1" doraHai="91" who="2" fromWho="0" sc="155,-18,277,0,341,18,227,0" /><INIT seed="6,2,0,3,3,92" ten="137,277,359,227" oya="2" hai0="6,27,135,69,3,59,49,89,97,25,134,22,76" hai1="20,88,71,116,114,14,98,34,100,105,106,119,28" hai2="90,85,132,94,130,38,33,31,79,78,63,75,67" hai3="4,1,108,131,12,66,18,61,51,128,19,65,37"/><V81/><F38/><W123/><G108/><T104/><D69/><U102/><E114/><V53/><F130/><W48/><G12/><T43/><D76/><U16/><E71/><V23/><F33/><W42/><G4/><T99/><D3/><U68/><E68/><V35/><F35/><W111/><G1/><T58/><D6/><U101/><E101/><V36/><F36/><W52/><G37/><T29/><D104/><U50/><E50/><V70/><F78/><W62/><G111/><T0/><D0/><U122/><E122/><V73/><F53/><W21/><G21/><T83/><D83/><U113/><E113/><V80/><F80/><W118/><G118/><T74/><D74/><U84/><E28/><V47/><F47/><W109/><G109/><T26/><D89/><U24/><E34/><V2/><F2/><W39/><G39/><T133/><D43/><U7/><E24/><N who="0" m="9321" /><D49/><U55/><E55/><V11/><F11/><W91/><G52/><T93/><D93/><U13/><E7/><V117/><F117/><W32/><G91/><T44/><D44/><U9/><E9/><V57/><F70/><W45/><G32/><T30/><D30/><U125/><E119/><V72/><F132/><N who="0" m="33794" /><T87/><DORA hai="124" /><D87/><U129/><E84/><V64/><F64/><W8/><G45/><T77/><D77/><U40/><E116/><V17/><F31/><W86/><G86/><T103/><D103/><U5/><E102/><V56/><F56/><AGARI ba="2,0" hai="22,27,29,56,58,59,97,99" m="33794,9321" machi="56" ten="40,5200,0" yaku="20,1,52,2" doraHai="92,124" who="0" fromWho="2" sc="137,58,277,0,359,-58,227,0" /><INIT seed="7,0,0,3,3,4" ten="195,277,301,227" oya="3" hai0="14,124,6,71,122,102,84,20,29,1,3,112,116" hai1="54,131,76,16,56,7,85,96,72,95,15,74,19" hai2="12,49,30,26,79,32,99,24,0,2,37,67,65" hai3="39,129,33,10,68,44,119,58,23,53,48,93,109"/><W59/><G119/><T8/><D71/><U50/><E131/><V43/><F37/><W69/><G33/><T90/><D116/><U91/><E7/><V92/><F79/><W35/><G35/><T87/><D122/><U117/><E117/><V18/><F24/><W9/><G129/><T77/><D102/><U88/><E76/><V22/><F0/><W118/><G118/><T113/><D124/><U64/><E64/><V5/><F49/><W130/><G39/><T81/><D29/><U94/><E19/><V51/><F51/><W114/><G69/><T25/><D25/><U83/><E83/><V42/><F67/><W97/><G68/><T108/><D108/><U40/><E40/><V75/><F65/><W61/><G109/><T104/><D104/><U126/><E126/><V101/><F75/><W107/><G107/><T127/><D127/><U134/><E134/><V98/><F98/><W34/><G34/><T62/><D62/><U132/><E132/><V135/><F135/><W52/><G130/><T103/><D103/><U13/><E13/><V89/><F101/><N who="3" m="60591" /><G114/><N who="0" m="44139" /><D20/><AGARI ba="0,0" hai="15,16,20,50,54,56,72,74,85,88,91,94,95,96" machi="20" ten="30,8000,1" yaku="7,1,25,2,54,2" doraHai="4" who="1" fromWho="0" sc="195,-80,277,80,301,0,227,0" owari="115,-38.0,357,45.0,301,10.0,227,-17.0" /></mjloggm>