<mjloggm ver="2.3"><GO type="169" lobby="0"/><UN n0="%E3%81%88%E3%82%93%E3%81%BA%E3%82%89%E3%83%BC" n1="%E9%B4%A8%E8%91%B1%E5%A4%AA%E9%83%8E" n2="%E5%B0%8F%E6%B1%A0%E7%BE%8E%E6%B3%A2%E2%8A%BF" n3="%E3%81%BF%E3%81%A3%E3%81%8D%E3%83%BC" dan="16,17,16,17" rate="2131.55,2177.04,2101.33,2211.30" sx="M,M,F,M"/><TAIKYOKU oya="0"/><INIT seed="0,0,0,3,0,40" ten="250,250,250,250" oya="0" hai0="121,62,88,52,73,123,99,0,70,16,15,51,19" hai1="28,31,12,86,47,57,120,77,58,69,54,65,22" hai2="34,35,98,25,36,10,94,23,72,126,11,2,103" hai3="67,80,45,20,114,128,93,104,102,6,134,78,79"/><T91/><D0/><U59/><E120/><V85/><F72/><W17/><G114/><T75/><D70/><U3/><E3/><V68/><F68/><W13/><G134/><T90/><D62/><U56/><E69/><V108/><F126/><W7/><G104/><T60/><D60/><U83/><E65/><V38/><F85/><N who="3" m="48279" /><G79/><T111/><D75/><U130/><E130/><V63/><F63/><W39/><G39/><T115/><D73/><U116/><E116/><V55/><F55/><W43/><G67/><T44/><D115/><U135/><E135/><V24/><F11/><W64/><G64/><T66/><D66/><U49/><N who="1" m="14336" /><DORA hai="74" /><U84/><E86/><V82/><F82/><W92/><G102/><T107/><D111/><U71/><E71/><V8/><F103/><W131/><G92/><T97/><D19/><AGARI ba="0,0" hai="12,19,22,28,31,47,49,54,77,83,84" m="14336" machi="19" ten="50,6400,0" yaku="8,1,52,2" doraHai="40,74" who="1" fromWho="0" sc="250,-64,250,64,250,0,250,0" /><INIT seed="1,0,0,2,5,6" ten="186,314,250,250" oya="1" hai0="67,89,94,12,14,82,25,111,79,13,0,134,86" hai1="24,7,120,22,115,81,61,124,101,126,87,55,39" hai2="132,33,85,66,41,90,57,78,88,56,116,109,51" hai3="63,4,75,15,18,100,38,110,121,23,30,125,122"/><U68/><E39/><V47/><F116/><W69/><G75/><T117/><D111/><U8/><E120/><V40/><F33/><W104/><G38/><T103/><D0/><U98/><E115/><V73/><F109/><W44/><G110/><T119/><D134/><U129/><E129/><V9/><F73/><W46/><G125/><T45/><D67/><U50/><E61/><V37/><F132/><W72/><G72/><T130/><D130/><U83/><E68/><V127/><F127/><N who="1" m="48681" /><E87/><V52/><F37/><W29/><G4/><T95/><D45/><N who="1" m="28111" /><E22/><V11/><F78/><W108/><G108/><T131/><D131/><U65/><E65/><V60/><F90/><W106/><G63/><T118/><D103/><U70/><E24/><V2/><F2/><W74/><G74/><T36/><D36/><U84/><E84/><V19/><F19/><W10/><G69/><T97/><D95/><N who="1" m="58591" /><E70/><V93/><F47/><N who="3" m="17963" /><G106/><T77/><D77/><U20/><E20/><V26/><F26/><N who="3" m="14711" /><G104/><T133/><D133/><U59/><E59/><V58/><F57/><W123/><G100/><T107/><D107/><U76/><E76/><V43/><AGARI ba="0,0" hai="9,11,40,41,43,51,52,56,58,60,66,85,88,93" machi="43" ten="30,12000,2" yaku="0,1,8,1,52,2,54,2" doraHai="6" who="2" fromWho="2" sc="186,-30,314,-60,250,120,250,-30" /><INIT seed="2,0,0,4,3,51" ten="156,254,370,220" oya="2" hai0="44,62,16,18,25,129,96,12,105,21,74,42,13" hai1="101,40,68,17,14,112,76,73,122,65,92,103,23" hai2="79,10,52,87,47,78,135,118,15,81,125,8,111" hai3="1,119,57,99,28,43,77,36,6,86,100,91,19"/><V26/><F118/><W54/><G119/><T108/><D108/><U24/><E112/><V93/><F111/><W32/><G77/><T11/><D129/><U72/><E40/><V46/><F135/><W27/><G6/><T89/><D74/><U66/><E122/><V31/><F125/><W33/><G1/><T90/><D25/><U56/><E68/><V83/><F93/><W88/><G33/><T127/><D127/><U115/><E115/><V22/><F46/><W126/><G126/><T134/><D134/><U113/><E113/><V116/><F116/><W95/><G19/><T106/><D62/><U97/><E101/><V29/><F29/><W117/><G117/><T53/><D53/><U20/><E76/><V120/><F15/><W82/><G43/><T131/><D131/><U114/><E114/><V98/><F98/><W133/><G36/><T104/><REACH who="0" step="1"/><D96/><REACH who="0" ten="146,254,370,220" step="2"/><U64/><E73/><V84/><F120/><W3/><G133/><T4/><D4/><U94/><E72/><V80/><F80/><W34/><G34/><T50/><AGARI ba="0,1" hai="11,12,13,16,18,21,42,44,50,89,90,104,105,106" machi="50" ten="30,7900,0" yaku="1,1,0,1,54,1,53,1" doraHai="51" doraHaiUra="45" who="0" fromWho="0" sc="146,89,254,-20,370,-39,220,-20" /><INIT seed="3,0,0,4,0,67" ten="235,234,331,200" oya="3" hai0="128,11,103,79,17,55,105,68,113,28,131,54,24" hai1="16,76,121,116,77,58,82,1,32,53,94,59,36" hai2="111,88,78,75,61,124,74,31,37,26,44,0,46" hai3="15,4,87,6,89,130,84,117,100,29,110,101,65"/><W56/><G117/><T127/><D79/><U93/><E36/><V5/><F5/><W119/><G119/><T10/><D103/><N who="3" m="39497" /><G29/><T8/><D105/><U85/><E1/><V13/><F0/><W96/><G130/><T104/><D104/><U57/><E77/><V132/><F13/><W45/><G45/><T90/><D90/><U43/><E43/><V48/><F46/><W3/><G3/><T50/><D55/><U112/><E32/><V95/><F44/><W66/><G96/><T62/><D54/><U71/><E71/><V19/><F26/><W114/><G114/><T70/><D62/><U9/><E112/><V34/><F19/><W120/><G120/><T47/><D113/><U41/><E41/><V107/><F31/><W72/><G72/><T27/><D17/><U92/><E121/><V73/><F75/><W23/><G87/><T69/><D28/><U126/><E126/><V52/><F74/><W38/><G38/><T108/><D127/><U133/><E133/><V39/><F124/><W81/><G65/><T118/><D118/><U30/><E30/><V12/><F73/><W64/><G64/><T7/><D7/><N who="3" m="2601" /><G110/><T21/><D108/><U134/><E134/><V123/><F39/><W115/><G115/><T40/><D21/><U91/><E116/><V106/><F37/><W135/><G135/><T49/><D49/><N who="1" m="30895" /><E76/><V2/><F132/><W14/><G23/><T25/><AGARI ba="0,0" hai="8,10,11,24,25,27,40,47,50,68,69,70,128,131" machi="25" ten="40,12000,2" yaku="0,1,29,2,52,3" doraHai="67" who="0" fromWho="0" sc="235,120,234,-30,331,-30,200,-60" /><INIT seed="4,0,0,0,5,37" ten="355,204,301,140" oya="0" hai0="65,90,19,12,18,49,103,50,5,89,40,96,120" hai1="108,87,34,55,47,0,99,54,20,69,61,26,115" hai2="57,86,135,63,114,7,88,93,113,3,95,52,39" hai3="80,33,15,32,1,84,105,11,66,58,123,16,22"/><T127/><D120/><U71/><E34/><V132/><F39/><W98/><G123/><T124/><D5/><U67/><E0/><V53/><F3/><W21/><G105/><T59/><D65/><U27/><E108/><V109/><F7/><W119/><G98/><T60/><D60/><U133/><E69/><V73/><F73/><W10/><G119/><T83/><D59/><U14/><E27/><V101/><F53/><W97/><G97/><T130/><D130/><U31/><E133/><N who="2" m="51275" /><F109/><W78/><G21/><T74/><D96/><AGARI ba="0,0" hai="52,57,63,86,88,93,95,96,101,113,114" m="51275" machi="96" ten="30,3900,0" yaku="20,1,54,2" doraHai="37" who="2" fromWho="0" sc="355,-39,204,0,301,39,140,0" /><INIT seed="5,0,0,5,4,51" ten="316,204,340,140" oya="1" hai0="53,116,39,88,47,24,29,22,117,128,115,135,69" hai1="1,106,5,107,99,112,130,73,102,121,0,46,28" hai2="50,6,38,35,60,21,17,25,40,44,134,87,108" hai3="55,54,129,63,52,62,41,127,133,89,30,103,26"/><U4/><E121/><V9/><F108/><W31/><G127/><T83/><D69/><U76/><E130/><V45/><F134/><W85/><G129/><T75/><D128/><U79/><E28/><N who="3" m="10794" /><G133/><T15/><D135/><U80/><E79/><V67/><F87/><W101/><G41/><T93/><D115/><U43/><E112/><V36/><F35/><W81/><G26/><T19/><D75/><U3/><REACH who="1" step="1"/><E106/><REACH who="1" ten="316,194,340,140" step="2"/><V11/><F38/><AGARI ba="0,1" hai="0,1,3,4,5,38,43,46,73,76,80,99,102,107" machi="38" ten="40,3900,0" yaku="1,1,2,1,53,0" doraHai="51" doraHaiUra="64" who="1" fromWho="2" sc="316,0,194,49,340,-39,140,0" /><INIT seed="5,1,0,3,1,11" ten="316,243,301,140" oya="1" hai0="8,2,15,130,24,92,73,64,37,85,65,127,124" hai1="5,61,43,81,22,108,23,78,97,96,16,77,14" hai2="3,59,106,13,125,29,134,53,76,62,70,10,128" hai3="72,45,123,79,20,129,74,87,25,111,1,90,51"/><U100/><E108/><V71/><F106/><W102/><G123/><T80/><D2/><U60/><E43/><V113/><F3/><W50/><G111/><T126/><D37/><U52/><E5/><V57/><F128/><W68/><G68/><T48/><D130/><U109/><E109/><V27/><F134/><W132/><G132/><T86/><D73/><U118/><E118/><V133/><F133/><W84/><G1/><T107/><D107/><U122/><E122/><V83/><F59/><W38/><G38/><T69/><D69/><U47/><E23/><V99/><F99/><N who="1" m="37961" /><E100/><V103/><F125/><W112/><G102/><T110/><D110/><U34/><E34/><V9/><F9/><W91/><G129/><T28/><D92/><U82/><E81/><V121/><F103/><W115/><G20/><N who="0" m="15367" /><D48/><N who="1" m="28703" /><E82/><V88/><F121/><W32/><G32/><T4/><D86/><U66/><E66/><V94/><F94/><W18/><G72/><T120/><D120/><U117/><E117/><V7/><F71/><W116/><G74/><T36/><D36/><U93/><E93/><V19/><F83/><W49/><G84/><T12/><D85/><U30/><E30/><V95/><F29/><W104/><G116/><T135/><D80/><U31/><E31/><V41/><F95/><W26/><G104/><T44/><D135/><U35/><E35/><V98/><F98/><W63/><G87/><T89/><D89/><U56/><E56/><V114/><F57/><W58/><G90/><T40/><D65/><U0/><E0/><N who="2" m="359" /><F70/><W101/><G91/><T105/><D127/><RYUUKYOKU ba="1,0" sc="316,-10,243,30,301,-10,140,-10" hai1="14,16,22,60,61,77,78" /><INIT seed="5,2,0,3,5,118" ten="306,273,291,130" oya="1" hai0="45,81,32,132,11,63,31,23,96,55,135,58,68" hai1="39,134,76,15,117,84,60,73,129,108,59,8,100" hai2="51,95,104,27,105,57,71,82,20,80,46,61,97" hai3="75,85,40,107,42,65,52,88,43,16,29,62,89"/><U133/><E117/><V6/><F71/><W124/><G75/><T113/><D32/><U2/><E2/><V70/><F70/><W38/><G38/><T86/><D68/><U10/><E39/><V112/><F6/><W114/><G107/><T130/><D113/><U94/><E73/><V24/><F105/><W131/><G114/><T26/><D130/><U25/><E129/><V17/><F104/><W30/><G124/><T53/><D96/><U127/><E25/><V109/><F109/><W120/><G65/><T3/><D45/><U37/><E37/><V128/><F27/><W64/><G64/><T125/><D55/><U41/><E41/><V116/><F116/><W1/><G1/><T103/><D103/><U92/><E108/><V19/><F19/><W5/><G120/><T35/><D35/><U54/><E10/><V87/><F87/><W12/><G5/><T36/><D36/><U102/><E127/><V0/><F0/><W98/><G98/><T47/><D47/><U9/><E8/><V28/><F28/><N who="3" m="10859" /><G85/><T122/><D122/><U22/><E102/><N who="2" m="60735" /><F128/><W7/><G7/><N who="0" m="1535" /><D125/><U18/><E100/><V106/><F106/><W126/><G131/><T48/><D48/><U111/><E9/><V13/><F24/><W14/><G126/><T69/><D69/><U123/><E123/><V72/><F72/><W93/><G12/><T21/><D21/><U115/><E115/><V44/><F112/><W56/><G93/><N who="1" m="35946" /><E111/><V91/><F51/><W33/><G33/><T79/><D31/><U49/><E49/><V121/><F121/><W110/><G110/><RYUUKYOKU ba="2,0" sc="306,10,273,10,291,-30,130,10" hai0="23,26,53,58,63,79,81,86,132,135" hai1="15,18,22,54,59,60,76,84,133,134" hai3="14,16,40,42,43,52,56,62,88,89" /><INIT seed="5,3,0,3,2,122" ten="316,283,261,140" oya="1" hai0="112,9,70,99,10,6,30,40,66,19,119,36,43" hai1="61,107,37,62,128,52,18,65,114,63,1,121,34" hai2="104,31,29,55,32,124,87,45,0,51,91,73,93" hai3="80,94,25,97,103,53,81,69,85,89,116,125,27"/><U83/><E1/><V57/><F104/><W68/><G116/><T8/><D119/><U78/><E37/><V12/><F73/><W76/><G125/><T102/><D6/><U95/><E107/><V109/><F0/><W72/><G53/><T47/><D43/><U49/><E34/><V115/><F32/><W131/><G131/><T127/><D30/><U56/><E121/><V90/><F124/><W100/><G25/><T64/><D127/><U5/><E5/><V92/><F109/><W120/><G27/><T129/><D70/><U38/><E38/><V26/><F26/><W101/><G68/><T59/><D129/><U110/><E110/><V46/><F12/><W14/><G14/><T4/><D4/><U16/><E114/><V123/><F115/><W7/><G69/><T67/><D112/><U44/><E95/><V132/><F132/><W28/><G28/><N who="2" m="10825" /><F123/><W118/><G7/><T33/><D33/><U50/><E128/><V15/><F15/><W35/><G35/><T58/><REACH who="0" step="1"/><D19/><REACH who="0" ten="306,283,261,140" step="2"/><U71/><E71/><V84/><AGARI ba="3,1" hai="45,46,51,55,57,84,87,90,91,92,93" m="10825" machi="84" ten="30,1100,0" yaku="8,1" doraHai="122" who="2" fromWho="2" sc="306,-6,283,-8,261,30,140,-6" /><INIT seed="6,0,0,4,3,90" ten="300,275,291,134" oya="2" hai0="60,37,82,87,30,119,12,132,17,111,59,53,130" hai1="48,104,38,18,57,122,26,28,0,74,23,94,8" hai2="67,40,29,36,97,32,55,39,61,65,121,31,88" hai3="101,20,80,77,70,86,133,124,41,50,35,128,10"/><V13/><F121/><W103/><G35/><T19/><D111/><U113/><E104/><V110/><F110/><W58/><G124/><T43/><D132/><U78/><E38/><V79/><F79/><W83/><G70/><T112/><D112/><U7/><E113/><V89/><F13/><W75/><G133/><T2/><D2/><U21/><E74/><V76/><F76/><W14/><G128/><T52/><D30/><U9/><E78/><V85/><F39/><W126/><G80/><T47/><D130/><U34/><E94/><N who="2" m="56527" /><F40/><W62/><G20/><T15/><D119/><U102/><E102/><V69/><F36/><W22/><G22/><N who="1" m="8202" /><E57/><N who="2" m="35007" /><F69/><W108/><G126/><T16/><REACH who="0" step="1"/><D53/><REACH who="0" ten="290,275,291,134" step="2"/><U118/><E118/><V24/><F24/><W33/><G108/><T51/><D51/><U46/><E48/><V56/><F32/><W105/><G75/><T93/><D93/><U96/><E122/><V68/><F68/><W98/><G33/><T4/><D4/><U1/><E1/><V135/><F135/><W91/><G105/><T5/><D5/><U11/><E0/><V107/><F107/><W114/><G114/><T49/><D49/><U73/><E7/><V95/><F67/><N who="3" m="39383" /><G50/><T127/><D127/><U64/><E46/><V45/><F45/><W100/><G41/><T27/><D27/><U117/><E26/><V120/><F120/><W6/><G77/><AGARI ba="0,1" hai="12,15,16,17,19,37,43,47,52,59,60,77,82,87" machi="77" ten="40,8000,1" yaku="1,1,54,2,53,1" doraHai="90" doraHaiUra="72" who="0" fromWho="3" sc="290,90,275,0,291,0,134,-80" /><INIT seed="7,0,0,2,4,50" ten="380,275,291,54" oya="3" hai0="41,3,105,103,111,23,107,81,8,4,65,52,39" hai1="1,110,16,82,58,9,84,127,69,70,0,101,37" hai2="102,72,68,122,25,104,27,95,90,115,108,47,80" hai3="10,86,33,11,62,18,21,114,26,2,73,126,135"/><W13/><G73/><T20/><D111/><U134/><E37/><V74/><F108/><W32/><G114/><T15/><D23/><U55/><E110/><V38/><F74/><W40/><G40/><T71/><D52/><U94/><E127/><V42/><F68/><W131/><G62/><T129/><D103/><U78/><E134/><V112/><F122/><W67/><G67/><T79/><D20/><U64/><E64/><V89/><F89/><W60/><G60/><T109/><D15/><N who="1" m="7279" /><E1/><V87/><F25/><W99/><G126/><T45/><D129/><U125/><E0/><V24/><F24/><W17/><G131/><T34/><D34/><N who="3" m="13417" /><G86/><T35/><D35/><U124/><E70/><V30/><F30/><N who="3" m="17743" /><G99/><T113/><D109/><U28/><E28/><V121/><F27/><W85/><G85/><T5/><D113/><N who="2" m="43594" /><F121/><W77/><G77/><T36/><D36/><U61/><E69/><V88/><F72/><W91/><G91/><T132/><D65/><U22/><E125/><V133/><F104/><N who="0" m="40010" /><D71/><U97/><E124/><V92/><F102/><W44/><G135/><T117/><D132/><U116/><E116/><V49/><F133/><W100/><G100/><T63/><D117/><U106/><E106/><V12/><F38/><W29/><G29/><T59/><D79/><U130/><E130/><V93/><F90/><W43/><G2/><N who="0" m="23" /><D81/><U128/><E128/><V119/><F119/><W31/><G31/><T57/><D63/><U120/><E120/><V6/><F80/><W123/><G123/><T54/><D54/><U75/><E84/><V96/><F87/><RYUUKYOKU ba="0,0" sc="380,10,275,10,291,10,54,-30" hai0="3,5,39,41,45,57,59" hai1="22,55,58,61,75,78,82,94,97,101" hai2="6,12,42,47,49,88,92,93,95,96" owari="390,49.0,285,-11.0,301,10.0,24,-48.0" /></mjloggm>