<mjloggm ver="2.3"><GO type="185" lobby="0"/><UN n0="%4B%69%64%6F%37%35%30%30" n1="%E3%83%9D%E3%82%B8%E3%83%BC%EF%BC%92" n2="%E4%BD%8D%E9%B3%B3%E5%A4%A9" n3="" dan="16,18,17,0" rate="2109.65,2294.38,2173.06,1500.00" sx="M,M,M,C"/><TAIKYOKU oya="0"/><INIT seed="0,0,0,2,5,101" ten="350,350,350,0" oya="0" hai0="122,126,96,2,73,41,112,64,59,58,61,109,131" hai1="115,3,99,62,1,133,121,82,55,56,107,85,66" hai2="57,50,40,72,104,77,39,120,78,46,93,114,88" hai3=""/><T54/><N who="0" m="31264" /><T87/><D2/><U102/><N who="1" m="31008" /><U106/><E133/><V34/><N who="2" m="30752" /><V113/><F104/><T80/><D112/><N who="2" m="43114" /><F34/><T65/><D73/><U95/><E115/><V91/><F91/><T110/><D131/><U79/><E55/><V0/><F0/><T67/><D96/><U103/><E95/><V89/><F72/><T48/><D126/><U105/><E107/><V125/><F125/><T130/><D130/><U45/><E45/><V52/><F89/><T117/><D117/><U124/><E124/><V68/><F68/><T116/><D116/><U32/><E32/><V74/><F74/><T38/><D87/><U83/><E82/><V108/><F108/><N who="0" m="41578" /><D80/><U44/><E44/><AGARI ba="0,0" hai="38,41,44,48,54,58,59,61,64,65,67" m="41578,31264" machi="44" ten="30,12000,1" yaku="14,1,10,1,34,2,52,1" doraHai="101" who="0" fromWho="1" sc="350,120,350,-120,350,0,0,0" /><INIT seed="0,1,0,4,0,43" ten="470,230,350,0" oya="0" hai0="102,104,39,36,95,50,88,126,134,82,117,92,33" hai1="48,73,64,84,119,118,123,1,116,130,65,54,131" hai2="77,111,44,129,113,85,83,75,109,103,79,122,35" hai3=""/><T114/><D117/><U49/><N who="1" m="31520" /><U105/><E73/><V133/><N who="2" m="31264" /><V38/><F35/><T74/><D114/><U61/><E1/><V90/><F113/><T69/><D69/><U70/><E105/><V46/><F133/><T107/><D134/><U125/><E125/><V47/><F129/><T62/><D33/><U93/><E65/><V66/><F103/><T80/><D62/><U41/><E41/><V45/><F66/><T110/><D50/><U78/><E48/><V55/><F79/><T97/><D39/><U0/><E0/><V100/><F100/><T63/><D63/><U98/><E84/><V87/><F85/><T101/><D36/><U2/><E78/><V135/><F135/><T34/><D34/><U60/><E60/><V128/><F128/><T108/><D126/><U127/><E127/><V115/><F115/><T56/><D56/><U91/><REACH who="1" step="1"/><E2/><REACH who="1" ten="470,220,350,0" step="2"/><V76/><F76/><T120/><N who="0" m="30752" /><T51/><D51/><U94/><E94/><V52/><F38/><T86/><D74/><U42/><E42/><V53/><N who="2" m="11264" /><DORA hai="121" /><V40/><REACH who="2" step="1"/><F40/><REACH who="2" ten="470,220,340,0" step="2"/><T37/><D37/><U132/><E132/><V99/><F99/><T59/><D107/><U81/><E81/><AGARI ba="1,2" hai="52,53,55,75,77,81,83,87,90,109,111" m="11264,31264" machi="81" ten="60,16000,3" yaku="1,1,52,7,54,1,53,0" doraHai="43,121" doraHaiUra="58,112" who="2" fromWho="1" sc="470,0,220,-162,340,182,0,0" /><INIT seed="1,0,0,4,0,50" ten="470,58,522,0" oya="1" hai0="118,59,55,75,123,87,40,127,122,53,135,105,115" hai1="91,60,107,64,131,69,47,96,98,124,1,51,0" hai2="49,37,111,52,100,126,83,89,73,74,133,48,116" hai3=""/><U95/><E124/><V86/><F116/><T33/><N who="0" m="31264" /><T130/><N who="0" m="31520" /><T128/><D105/><U79/><E131/><N who="0" m="50217" /><D75/><U120/><N who="1" m="30752" /><U39/><E39/><V119/><F37/><T54/><D33/><U90/><E79/><V110/><F119/><T58/><D118/><U35/><E35/><V46/><F126/><T3/><D3/><U45/><E45/><V71/><F71/><T129/><D127/><U94/><REACH who="1" step="1"/><E107/><REACH who="1" ten="470,48,522,0" step="2"/><V109/><F133/><T44/><D129/><U82/><E82/><V121/><N who="2" m="31008" /><V42/><F100/><T103/><D103/><U92/><E92/><V84/><F84/><T43/><D135/><U61/><E61/><V72/><F72/><T77/><D115/><U125/><E125/><V88/><F89/><T113/><D113/><U108/><E108/><V38/><F38/><T93/><D44/><AGARI ba="0,1" hai="42,44,46,48,49,52,73,74,83,86,88,109,110,111" m="31008" machi="44" ten="40,8000,1" yaku="14,1,52,2,54,2" doraHai="50" who="2" fromWho="0" sc="470,-80,48,0,522,90,0,0" /><INIT seed="2,0,0,2,5,72" ten="390,48,612,0" oya="2" hai0="90,70,35,135,85,131,33,106,76,97,133,47,54" hai1="44,69,95,81,127,0,118,94,79,83,128,87,45" hai2="75,51,91,78,122,113,134,98,41,63,92,104,77" hai3=""/><V61/><N who="2" m="31264" /><V82/><F113/><T130/><D70/><U52/><E0/><V123/><N who="2" m="31520" /><V124/><F124/><T125/><D106/><U108/><E127/><V120/><N who="2" m="30752" /><V71/><F134/><N who="0" m="51210" /><D125/><U119/><E108/><V68/><F104/><T114/><D97/><U101/><E128/><N who="0" m="49193" /><D114/><U34/><E34/><V43/><F51/><T59/><D47/><U117/><E69/><V39/><F71/><T132/><N who="0" m="51218" /><T121/><N who="0" m="31008" /><DORA hai="100" /><T86/><D90/><U48/><E101/><V84/><F68/><T3/><D3/><U36/><E83/><V110/><F110/><T67/><D67/><U96/><E96/><V103/><F77/><T89/><D89/><U99/><E99/><V53/><F91/><T105/><D105/><U32/><E32/><N who="0" m="12361" /><D76/><U93/><E36/><V2/><F39/><T38/><D38/><U80/><E80/><V107/><F2/><T57/><D57/><AGARI ba="0,0" hai="44,45,48,52,57,79,81,87,93,94,95,117,118,119" machi="57" ten="50,6400,0" yaku="12,1,52,1,54,1" doraHai="72,100" who="1" fromWho="0" sc="390,-64,48,64,612,0,0,0" /><INIT seed="4,0,0,3,3,52" ten="326,112,612,0" oya="0" hai0="119,99,106,123,68,131,35,60,71,2,126,75,70" hai1="44,74,118,1,76,117,64,37,133,73,102,49,98" hai2="85,97,105,110,88,114,86,132,53,0,96,128,89" hai3=""/><T115/><RYUUKYOKU type="yao9" ba="0,0" sc="326,0,112,0,612,0,0,0" hai0="2,35,60,68,70,71,75,99,106,115,119,123,126,131" /><INIT seed="4,1,0,0,1,113" ten="326,112,612,0" oya="0" hai0="99,108,101,68,94,77,124,2,104,102,56,66,86" hai1="116,100,53,87,64,110,129,90,69,44,103,112,55" hai2="51,46,120,54,91,96,60,49,75,0,107,58,57" hai3=""/><T74/><D2/><U98/><E112/><V85/><N who="2" m="30752" /><V81/><F0/><T83/><D124/><U117/><E110/><V78/><F107/><T127/><D127/><U125/><E125/><V79/><F96/><T106/><D68/><U32/><E32/><V126/><F126/><T45/><D45/><U134/><E134/><V119/><F119/><T59/><D66/><U118/><E129/><V42/><F75/><T3/><D3/><U131/><E131/><V67/><AGARI ba="1,0" hai="42,46,49,51,54,57,58,60,67,78,79,81,85,91" m="30752" machi="67" ten="20,3900,0" yaku="0,1,7,1,8,1,52,1" doraHai="113" who="2" fromWho="2" sc="326,-27,112,-14,612,41,0,0" /><INIT seed="5,0,0,2,5,75" ten="299,98,653,0" oya="1" hai0="97,60,2,119,3,47,65,83,61,84,48,108,52" hai1="39,76,103,123,59,74,55,63,94,93,36,54,35" hai2="78,128,110,57,112,113,105,42,131,87,115,37,69" hai3=""/><U51/><N who="1" m="31520" /><U124/><E35/><V67/><F110/><T121/><N who="0" m="31008" /><T134/><D119/><U40/><E124/><V34/><F105/><T129/><D134/><U32/><E32/><V98/><F34/><T1/><D129/><U111/><E111/><V73/><F73/><T66/><D108/><U68/><E40/><V114/><F69/><T126/><D97/><U101/><E103/><V0/><F0/><T91/><D126/><U118/><E118/><V46/><F98/><T58/><D3/><U99/><E94/><V41/><F41/><T80/><D80/><U50/><E68/><AGARI ba="0,0" hai="1,2,47,48,52,58,60,61,65,66,68,83,84,91" m="31008" machi="68" ten="30,3900,0" yaku="7,1,52,1,54,1" doraHai="75" who="0" fromWho="1" sc="299,39,98,-39,653,0,0,0" /><INIT seed="6,0,0,1,3,76" ten="338,59,653,0" oya="2" hai0="65,34,135,53,122,48,93,127,2,41,83,36,69" hai1="45,35,38,124,58,84,106,3,1,115,94,100,129" hai2="0,57,133,64,59,128,111,33,37,125,132,82,87" hai3=""/><V32/><F0/><T67/><N who="0" m="31264" /><T68/><D83/><U62/><E58/><V77/><F37/><T61/><D93/><U97/><E45/><V39/><F39/><T46/><D34/><U126/><E62/><V91/><F111/><T43/><D2/><U60/><E60/><V54/><F125/><T74/><D74/><U104/><E94/><V101/><F101/><T92/><D92/><U79/><E100/><V56/><F128/><T49/><D135/><N who="2" m="51786" /><F64/><T116/><D127/><U86/><E79/><V110/><F110/><T70/><D116/><U117/><E97/><V44/><F91/><T121/><N who="0" m="31008" /><T90/><D90/><U123/><E86/><V52/><F44/><T96/><D96/><U63/><E63/><V119/><F119/><T85/><D85/><U78/><E84/><V102/><F102/><T131/><D131/><U89/><E89/><V105/><F105/><T50/><D43/><U51/><E51/><V108/><F108/><T120/><N who="0" m="30752" /><T81/><D81/><U80/><E80/><V103/><F103/><T114/><D114/><U112/><N who="1" m="31520" /><U118/><E78/><V71/><F77/><T75/><D67/><U95/><E95/><V107/><F82/><T130/><D46/><RYUUKYOKU ba="0,0" sc="338,0,59,0,653,0,0,0" owari="338,-6.0,59,-54.0,653,60.0,0,0.0" /></mjloggm>