<mjloggm ver="2.3"><GO type="169" lobby="0"/><UN n0="%E3%83%81%E3%83%83%E3%83%97%E3%82%B3%E3%83%AC%E3%82%AF%E3%82%BF%E3%83%BC" n1="%E9%89%84%E7%A8%9A%E9%AD%9A%E3%82%AB%E3%83%A2%E9%A4%8A%E5%88%86" n2="%E6%9D%BE%E5%B1%8B%E3%81%8A%E3%81%98%E3%81%95%E3%82%93" n3="%4E%4F%2E%E2%85%A0" dan="16,18,19,16" rate="2154.35,2200.58,2270.49,2185.43" sx="M,F,M,M"/><TAIKYOKU oya="0"/><INIT seed="0,0,0,0,2,22" ten="250,250,250,250" oya="0" hai0="110,33,79,38,90,114,109,58,92,23,108,95,102" hai1="36,59,105,45,86,96,61,69,117,121,7,30,3" hai2="19,5,54,100,119,46,29,41,85,99,78,135,111" hai3="43,75,35,28,130,84,128,134,15,44,16,25,53"/><T37/><D33/><U127/><E117/><V11/><F111/><W65/><G75/><T20/><D114/><U115/><E121/><V120/><F120/><W24/><G134/><T13/><D79/><U131/><E131/><N who="3" m="50218" /><G65/><T89/><D58/><U112/><E127/><V18/><F135/><W83/><G53/><T27/><D13/><U118/><E118/><V81/><F54/><W70/><G70/><T62/><D62/><U47/><E69/><V50/><F29/><W116/><G116/><T88/><D102/><U6/><E30/><V2/><REACH who="2" step="1"/><F119/><REACH who="2" ten="250,250,240,250" step="2"/><W74/><G28/><N who="0" m="17511" /><D23/><U17/><E115/><V26/><F26/><W129/><G129/><T21/><D21/><U94/><E112/><V113/><F113/><W91/><G35/><T124/><D124/><U126/><E126/><V104/><AGARI ba="0,1" hai="2,5,11,18,19,41,46,50,78,81,85,99,100,104" machi="104" ten="20,5200,0" yaku="1,1,0,1,7,1,53,1" doraHai="22" doraHaiUra="98" who="2" fromWho="2" sc="250,-26,250,-13,240,62,250,-13" /><INIT seed="1,0,0,2,2,31" ten="224,237,302,237" oya="1" hai0="70,99,72,106,124,17,34,7,6,71,64,60,54" hai1="53,103,55,33,110,68,108,4,26,42,130,121,97" hai2="21,85,66,57,86,79,14,1,37,44,88,32,133" hai3="15,129,36,20,77,9,43,78,93,61,116,83,84"/><U126/><E121/><V122/><F1/><W113/><G129/><T132/><D132/><U58/><E68/><V5/><F122/><W40/><G113/><T104/><D71/><U80/><E130/><V89/><F32/><W48/><G36/><T62/><D124/><U59/><E126/><V3/><F79/><W19/><G116/><T16/><D72/><U90/><E42/><V13/><F37/><W135/><G135/><T107/><D99/><U11/><E80/><V98/><F98/><W8/><G77/><T39/><D39/><U115/><E90/><V131/><F44/><W114/><G114/><T38/><D38/><U109/><E115/><V112/><F112/><W52/><G61/><T27/><D60/><U12/><E59/><V10/><F133/><W0/><G93/><T41/><D54/><U101/><E101/><V25/><F131/><W67/><G67/><T24/><D41/><N who="3" m="15945" /><G0/><T29/><REACH who="0" step="1"/><D27/><REACH who="0" ten="214,237,302,237" step="2"/><U49/><E55/><V76/><F25/><W56/><AGARI ba="0,1" hai="8,9,15,19,20,48,52,56,78,83,84" m="15945" machi="56" ten="30,2000,0" yaku="8,1,54,1" doraHai="31" who="3" fromWho="3" sc="214,-5,237,-10,302,-5,237,30" /><INIT seed="2,0,0,1,5,17" ten="209,227,297,267" oya="2" hai0="31,85,47,59,90,3,24,37,29,135,94,118,81" hai1="55,114,116,126,1,61,30,131,0,99,106,32,12" hai2="64,20,11,58,97,57,107,42,16,87,132,71,40" hai3="82,111,54,130,13,75,5,39,46,76,112,121,51"/><V98/><F71/><W120/><G111/><T95/><D118/><U45/><E114/><V26/><F132/><W110/><G110/><T14/><D3/><U6/><E116/><V84/><F107/><W104/><G130/><T44/><D135/><U109/><E109/><V134/><F134/><W23/><G112/><T78/><D59/><N who="2" m="22538" /><F64/><W100/><G39/><T63/><D63/><U127/><E131/><V124/><F124/><W15/><G15/><T70/><D70/><U80/><E61/><V2/><F2/><W56/><G100/><T49/><D37/><U115/><E115/><V105/><F105/><W122/><G104/><T93/><D14/><U27/><E80/><V10/><F97/><W22/><REACH who="3" step="1"/><G56/><REACH who="3" ten="209,227,297,257" step="2"/><T43/><D29/><U36/><E0/><V50/><F10/><AGARI ba="0,1" hai="5,10,13,22,23,46,51,54,75,76,82,120,121,122" machi="10" ten="40,8000,1" yaku="1,1,2,1,52,2,53,0" doraHai="17" doraHaiUra="103" who="3" fromWho="2" sc="209,0,227,0,297,-80,257,90" /><INIT seed="3,0,0,2,4,28" ten="209,227,217,347" oya="3" hai0="40,116,5,1,25,42,84,103,123,54,63,10,93" hai1="131,77,38,74,27,4,2,110,33,92,46,80,13" hai2="130,97,50,134,22,21,3,53,67,95,15,34,78" hai3="16,87,14,76,29,56,52,111,64,49,102,45,60"/><W26/><G102/><T0/><D123/><U31/><E110/><V79/><F3/><W57/><G111/><T128/><D116/><U98/><E131/><V12/><F34/><W6/><G6/><T101/><D128/><U83/><E13/><N who="2" m="5195" /><F67/><W11/><G76/><N who="2" m="29225" /><F134/><W8/><G87/><T73/><D73/><U68/><E83/><V18/><F18/><W105/><G105/><T129/><D129/><U133/><E133/><V89/><F130/><W124/><G124/><T119/><D119/><U48/><E68/><V62/><F62/><W30/><G8/><T75/><D75/><U7/><E38/><V132/><F132/><W61/><REACH who="3" step="1"/><G26/><REACH who="3" ten="209,227,217,337" step="2"/><T118/><D25/><U99/><E99/><V135/><F135/><W65/><AGARI ba="0,1" hai="11,14,16,29,30,45,49,52,56,57,60,61,64,65" machi="65" ten="20,24000,3" yaku="1,1,2,1,0,1,7,1,9,1,8,1,54,2,53,0" doraHai="28" doraHaiUra="20" who="3" fromWho="3" sc="209,-80,227,-80,217,-80,337,250" /><INIT seed="3,1,0,3,4,9" ten="129,147,137,587" oya="3" hai0="78,7,92,30,66,33,57,108,38,34,11,79,5" hai1="35,36,128,10,124,69,126,26,40,129,3,99,105" hai2="8,91,95,77,80,55,89,106,63,90,27,119,83" hai3="130,16,70,60,96,97,122,39,2,133,25,52,132"/><W18/><G122/><T29/><D38/><U81/><E69/><V6/><F106/><W85/><G130/><N who="1" m="50282" /><E81/><V134/><F134/><N who="3" m="51819" /><G2/><T75/><D108/><U98/><E40/><V127/><F127/><N who="1" m="48681" /><E36/><V100/><F119/><W12/><G39/><T71/><D92/><U1/><E105/><V43/><F43/><W117/><G117/><T4/><D57/><U31/><E99/><N who="3" m="37962" /><G25/><T93/><D93/><U102/><E98/><N who="2" m="59487" /><F27/><W62/><G85/><T14/><D66/><U28/><E102/><V22/><F83/><W37/><G37/><T103/><D103/><U86/><E86/><V0/><F80/><W112/><G112/><T42/><D42/><U47/><E47/><V17/><F55/><W82/><G82/><T56/><D75/><U88/><E88/><V48/><F89/><W53/><G18/><T58/><D71/><U123/><E123/><V45/><F90/><W87/><G87/><T101/><D101/><U51/><E31/><V32/><F91/><W20/><G70/><T121/><D121/><U109/><E109/><V114/><F77/><W44/><G53/><T68/><D68/><U46/><E46/><V118/><F45/><W125/><G125/><T94/><D79/><U135/><E135/><V64/><F118/><W59/><G44/><T111/><D78/><U74/><E74/><V23/><F64/><W84/><G84/><T73/><D111/><U13/><E51/><AGARI ba="1,0" hai="12,16,20,51,52,59,60,62" m="37962,51819" machi="51" ten="30,11600,0" yaku="20,1,52,1,54,2" doraHai="9" who="3" fromWho="1" sc="129,0,147,-119,137,0,587,119" /><INIT seed="3,2,0,2,4,30" ten="129,28,137,706" oya="3" hai0="107,41,25,3,55,131,21,17,73,24,69,125,127" hai1="11,94,110,119,120,14,9,60,68,33,36,95,134" hai2="53,112,80,106,42,83,105,6,102,35,65,123,5" hai3="12,114,90,20,92,76,31,13,50,52,96,93,7"/><W45/><G114/><T115/><D115/><U103/><E120/><V67/><F112/><W86/><G7/><T87/><D73/><U66/><E36/><V62/><F62/><W56/><G45/><T129/><D107/><U43/><E43/><V64/><F53/><W40/><G40/><T111/><D69/><U104/><E110/><V49/><F42/><W46/><G46/><T97/><D97/><U74/><E74/><V116/><F49/><W124/><G124/><N who="0" m="47691" /><D41/><U82/><E134/><V34/><F67/><W91/><REACH who="3" step="1"/><G76/><REACH who="3" ten="129,28,137,696" step="2"/><T47/><D47/><U81/><E119/><V88/><F6/><W130/><G130/><T44/><D44/><U117/><E117/><V2/><F5/><W100/><G100/><T18/><D131/><U63/><E104/><V37/><F102/><W28/><G28/><T135/><D129/><U8/><E14/><V70/><F116/><W99/><G99/><T77/><D77/><U32/><E103/><V57/><F105/><W128/><G128/><T61/><D3/><U15/><E15/><V108/><F2/><W121/><G121/><T78/><D78/><U101/><E101/><V26/><F106/><W1/><G1/><T48/><D24/><AGARI ba="2,1" hai="12,13,20,24,31,50,52,56,86,90,91,92,93,96" machi="24" ten="40,12000,1" yaku="1,1,8,1,54,1,53,1" doraHai="30" doraHaiUra="54" who="3" fromWho="0" sc="129,-126,28,0,137,0,696,136" /><INIT seed="3,3,0,2,5,87" ten="3,28,137,832" oya="3" hai0="68,60,80,40,128,93,41,59,37,32,22,34,55" hai1="76,26,49,85,92,31,11,28,124,24,89,129,101" hai2="14,88,103,133,106,57,30,48,70,78,51,100,116" hai3="79,90,99,115,102,1,72,122,97,125,91,56,43"/><W6/><G125/><T135/><D135/><U119/><E124/><V2/><F2/><W67/><G122/><T27/><D128/><U86/><E129/><V20/><F70/><W42/><G115/><T47/><D68/><U112/><E112/><V61/><F78/><W108/><G108/><T69/><D40/><N who="3" m="15401" /><G72/><T127/><D127/><U58/><E101/><V131/><F51/><W52/><G1/><T17/><D69/><U75/><E75/><V25/><F14/><W134/><G134/><T39/><D39/><U74/><E74/><V110/><F100/><W82/><G67/><T16/><D17/><U71/><E71/><V19/><F19/><W12/><G79/><T33/><D33/><U94/><E119/><V126/><F20/><W130/><G82/><T77/><D93/><U121/><E121/><V38/><F57/><W64/><G64/><T29/><D29/><N who="1" m="11339" /><E11/><V120/><F38/><W123/><G123/><T105/><D105/><U81/><E94/><V83/><F106/><W45/><G45/><T63/><D63/><U23/><E23/><V62/><F62/><N who="3" m="36103" /><G130/><T65/><D65/><U98/><E76/><V118/><F131/><W132/><G132/><T95/><D95/><U18/><E92/><V104/><F133/><W5/><G12/><T10/><D10/><U109/><E109/><V111/><F111/><W117/><G117/><T0/><D0/><U66/><E66/><V73/><F110/><W3/><G3/><T54/><D54/><U84/><E81/><V21/><F116/><W15/><G102/><T7/><D7/><N who="3" m="2569" /><G15/><T9/><D9/><RYUUKYOKU ba="3,0" sc="3,15,28,-15,137,-15,832,15" hai0="16,22,27,32,34,37,41,47,55,59,60,77,80" hai3="90,91,97,99" /><INIT seed="3,4,0,1,2,95" ten="18,13,122,847" oya="3" hai0="106,17,40,72,67,73,96,91,35,49,84,76,55" hai1="18,10,81,79,100,103,9,44,128,109,90,25,11" hai2="87,115,112,110,52,131,119,31,122,69,120,132,34" hai3="2,134,116,24,19,53,70,0,66,121,36,42,6"/><W86/><G134/><T12/><D35/><U94/><E109/><V93/><F69/><W15/><G121/><N who="2" m="46697" /><F31/><W48/><G116/><T26/><D26/><U8/><E128/><V113/><F34/><W71/><G24/><T85/><D67/><U129/><E129/><V4/><F131/><W21/><G6/><T43/><D76/><U46/><E103/><V101/><F4/><W80/><G42/><N who="0" m="15915" /><D106/><U123/><E100/><V57/><F119/><W30/><G36/><T83/><D73/><U56/><E56/><V99/><F87/><W1/><G30/><T33/><D33/><U102/><E102/><V88/><F110/><W7/><G7/><T68/><D68/><U63/><E63/><N who="2" m="36263" /><F101/><W37/><G37/><T104/><D85/><N who="1" m="48319" /><E123/><V27/><F27/><W29/><G29/><T20/><D104/><U130/><E130/><V61/><F132/><W23/><G66/><T41/><N who="0" m="15923" /><T74/><DORA hai="117" /><D74/><U5/><E5/><V3/><F3/><W118/><G118/><T82/><D72/><U28/><E28/><V111/><F111/><W45/><G71/><T75/><D75/><U38/><E38/><V98/><F98/><W22/><G70/><T77/><D96/><N who="1" m="57431" /><E25/><V14/><F61/><W126/><G0/><T51/><D55/><U62/><E62/><V135/><F135/><W108/><G108/><T65/><D65/><U97/><E97/><V58/><F58/><W59/><G1/><T89/><D77/><U127/><E127/><V54/><F54/><N who="3" m="29967" /><G2/><T32/><D32/><U50/><E50/><V78/><F78/><N who="3" m="46359" /><G126/><T114/><D114/><RYUUKYOKU ba="4,0" sc="18,0,13,0,122,0,847,0" hai0="12,17,20,49,51,82,83,84,89,91" hai1="8,9,10,11,18,44,46" hai2="14,88,93,99,112,113,115" hai3="15,19,21,22,23,53,59" /><INIT seed="3,5,0,5,1,42" ten="18,13,122,847" oya="3" hai0="65,132,112,62,86,36,126,70,93,120,29,10,84" hai1="64,73,115,45,37,129,30,12,134,63,79,124,125" hai2="90,9,13,133,59,53,119,40,100,83,135,102,39" hai3="0,49,88,77,1,22,76,98,3,58,4,55,95"/><W110/><G110/><T101/><D120/><U31/><E115/><V21/><F119/><W60/><G4/><T107/><D107/><U43/><E129/><V87/><F21/><W11/><G11/><T71/><D112/><U33/><E134/><N who="2" m="51211" /><F40/><W19/><REACH who="3" step="1"/><G49/><REACH who="3" ten="18,13,122,837" step="2"/><T56/><D36/><U25/><E31/><V44/><F39/><W130/><G130/><T41/><D10/><U94/><E12/><AGARI ba="5,1" hai="0,1,3,12,19,22,55,58,60,76,77,88,95,98" machi="12" ten="40,3900,0" yaku="1,1,54,1,53,0" doraHai="42" doraHaiUra="28" who="3" fromWho="1" sc="18,0,13,-54,122,0,837,64" owari="18,-38.0,-41,-54.0,122,-8.0,901,100.0" /></mjloggm>