<mjloggm ver="2.3"><GO type="225" lobby="0"/><UN n0="%E5%B7%A5%E8%97%A4%E6%96%B0%E4%B8%80" n1="%67%61%79%75%6E%79" n2="%E9%9F%93%E8%A1%9B%E9%9D%92" n3="%56%65%6E%75%73%53%61%79" dan="16,16,16,16" rate="2137.30,2131.58,2182.85,2162.19" sx="M,M,F,M"/><TAIKYOKU oya="0"/><INIT seed="0,0,0,2,1,51" ten="250,250,250,250" oya="0" hai0="73,115,42,129,31,134,57,58,22,123,36,131,45" hai1="87,69,124,79,10,11,127,67,135,74,60,64,29" hai2="104,95,50,15,1,26,114,119,72,52,53,130,78" hai3="75,44,4,6,90,125,12,100,25,7,112,68,105"/><T48/><D73/><U30/><E74/><V63/><F114/><W76/><G112/><T33/><D22/><U103/><E103/><V101/><F1/><W85/><G125/><N who="1" m="48202" /><E135/><V62/><F104/><W88/><G68/><T106/><D106/><U35/><E67/><V2/><F2/><W9/><G25/><T118/><D31/><N who="1" m="11787" /><E35/><V23/><F72/><W61/><G61/><N who="2" m="23049" /><F130/><N who="0" m="49674" /><D33/><U93/><E93/><V40/><F78/><W47/><G75/><T19/><D19/><U77/><E77/><V128/><F119/><W3/><G3/><T82/><D82/><AGARI ba="0,0" hai="10,11,60,64,69,79,82,87" m="11787,48202" machi="82" ten="30,1000,0" yaku="18,1" doraHai="51" who="1" fromWho="0" sc="250,-10,250,10,250,0,250,0" /><INIT seed="1,0,0,1,2,83" ten="240,260,250,250" oya="1" hai0="79,106,128,91,63,80,48,16,45,60,15,123,54" hai1="111,102,68,46,112,103,67,30,77,32,78,69,35" hai2="62,38,39,55,59,113,116,10,132,70,96,44,131" hai3="92,13,66,107,97,1,4,12,21,125,108,9,47"/><U64/><E46/><V52/><F10/><W31/><G108/><T87/><D128/><U56/><E56/><N who="2" m="35079" /><F96/><W89/><G125/><T129/><D129/><U19/><E19/><V117/><F131/><W82/><G107/><T133/><D133/><U84/><E30/><V8/><F8/><W27/><G66/><T7/><D123/><U110/><REACH who="1" step="1"/><E112/><REACH who="1" ten="240,250,250,250" step="2"/><V121/><F113/><W93/><G47/><T40/><D7/><U101/><E101/><V11/><F121/><W36/><G36/><N who="2" m="13865" /><F70/><W23/><G23/><N who="0" m="11679" /><D106/><U81/><E81/><V2/><F11/><W88/><REACH who="3" step="1"/><G82/><REACH who="3" ten="240,250,250,240" step="2"/><N who="0" m="49655" /><D40/><U24/><E24/><V109/><F109/><W76/><G76/><T86/><AGARI ba="0,2" hai="45,48,54,60,63,79,80,86" m="49655,11679" machi="86" ten="30,7900,0" yaku="8,1,52,2,54,1" doraHai="83" who="0" fromWho="0" sc="240,99,250,-39,250,-20,240,-20" /><INIT seed="2,0,0,0,5,77" ten="339,211,230,220" oya="2" hai0="122,75,61,66,135,81,124,130,126,133,119,86,20" hai1="125,0,32,100,28,101,108,67,103,18,60,93,9" hai2="90,78,131,50,106,64,87,71,118,34,8,123,30" hai3="117,58,11,73,1,109,19,12,63,47,39,76,74"/><V85/><F118/><W57/><G117/><T113/><D20/><U82/><E125/><N who="0" m="48233" /><D119/><U83/><E108/><V26/><F106/><W56/><G109/><T72/><D113/><U127/><E127/><V36/><F123/><W17/><G1/><T7/><D7/><U21/><E93/><V97/><F36/><W52/><G19/><T69/><D130/><U96/><E96/><V111/><F111/><W35/><G35/><T95/><D122/><U115/><E115/><V79/><F97/><W88/><G88/><N who="0" m="51279" /><D95/><U62/><E28/><V15/><F87/><W99/><G99/><T120/><D120/><U104/><E32/><V33/><F33/><W110/><G110/><T14/><D14/><U43/><E104/><V27/><F27/><W114/><G114/><T80/><D80/><N who="1" m="30763" /><E0/><V98/><F98/><W55/><G76/><T51/><D51/><U5/><E5/><V13/><F50/><W94/><G94/><T65/><D65/><U107/><E107/><V45/><F131/><W23/><G23/><T105/><D105/><U16/><E67/><V41/><F64/><W70/><G39/><T91/><D91/><U92/><E92/><N who="2" m="54351" /><F78/><W121/><G121/><T10/><D10/><U6/><E6/><V44/><F79/><W3/><G3/><T42/><D42/><U31/><E43/><V53/><F8/><W22/><G11/><T132/><AGARI ba="0,0" hai="61,66,69,72,75,132,133,135" m="51279,48233" machi="132" ten="40,8000,1" yaku="20,1,18,1,52,1,54,1" doraHai="77" who="0" fromWho="0" sc="339,80,211,-20,230,-40,220,-20" /><INIT seed="3,0,0,5,3,6" ten="419,191,190,200" oya="3" hai0="70,112,117,126,82,1,46,22,81,21,128,15,58" hai1="120,84,119,131,43,97,61,24,26,36,54,105,34" hai2="68,4,102,106,39,76,33,77,18,16,125,27,57" hai3="111,32,96,37,60,95,98,3,56,92,91,14,109"/><W80/><G3/><T90/><D128/><U83/><E120/><V72/><F39/><W66/><G37/><T104/><D126/><U103/><E131/><V74/><F68/><W93/><G32/><T124/><D124/><U2/><E2/><V38/><F38/><W63/><G14/><T49/><D117/><U94/><E119/><V113/><F113/><W78/><G60/><T135/><D135/><U114/><E114/><V79/><F125/><W71/><G71/><T30/><D70/><U20/><E34/><V13/><F57/><W69/><G69/><T87/><D1/><U118/><E118/><V115/><F115/><W130/><G130/><T122/><D122/><U110/><E105/><V50/><F50/><W23/><G23/><T133/><D133/><U127/><E127/><V132/><F132/><W85/><REACH who="3" step="1"/><G95/><REACH who="3" ten="419,191,190,190" step="2"/><T0/><D21/><U86/><E20/><V65/><F33/><W123/><G123/><T99/><D0/><U67/><E36/><V12/><F12/><W51/><G51/><T45/><D15/><U10/><E61/><V62/><F62/><W31/><G31/><T116/><D22/><U55/><E94/><V107/><F13/><W48/><G48/><T64/><D30/><U8/><E67/><V89/><F65/><W35/><G35/><T41/><D64/><U7/><E10/><V100/><F107/><W28/><G28/><T47/><D104/><U53/><E8/><V75/><F106/><W42/><G42/><T11/><D116/><U59/><E43/><V5/><F5/><W40/><G40/><T108/><D41/><RYUUKYOKU ba="0,1" sc="419,-10,191,-10,190,-10,190,30" hai3="56,63,66,78,80,85,91,92,93,96,98,109,111" /><INIT seed="3,1,1,4,3,3" ten="409,181,180,220" oya="3" hai0="32,0,66,15,69,117,99,44,55,90,41,46,71" hai1="109,31,14,7,52,6,35,18,132,81,48,24,84" hai2="72,30,87,56,47,88,76,106,83,8,120,64,45" hai3="34,92,40,131,16,70,25,91,98,77,114,95,116"/><W97/><G116/><T73/><D117/><U85/><E132/><V93/><F120/><W36/><G114/><T105/><D0/><U11/><E109/><V96/><F30/><W107/><G131/><T17/><D32/><U2/><E2/><V129/><F129/><W111/><G111/><T125/><D125/><U53/><E53/><V28/><F28/><W51/><G70/><T33/><D33/><U122/><E85/><V62/><F8/><W128/><G107/><T21/><D73/><U78/><E122/><V10/><F10/><W121/><G36/><T86/><D66/><U60/><E60/><V67/><F67/><W113/><G34/><T27/><D27/><U134/><E134/><V61/><F61/><W38/><G38/><T133/><D133/><U82/><E82/><V102/><AGARI ba="1,1" hai="45,47,56,62,64,72,76,83,87,88,93,96,102,106" machi="102" ten="30,7900,0" yaku="0,1,24,2,54,1" doraHai="3" who="2" fromWho="2" sc="409,-21,181,-21,180,92,220,-40" owari="388,49.0,160,-34.0,272,7.0,180,-22.0" /></mjloggm>