<mjloggm ver="2.3"><GO type="225" lobby="0"/><UN n0="%E3%81%BF%E3%81%BF%E3%81%9A" n1="%E8%A5%BF%E5%B2%A1%E8%82%B2%E6%9C%AA%E2%99%AA" n2="%63%61%74%6D%65%56%47%43" n3="%E9%BA%BB%E9%9B%80%E3%81%9F%E3%81%AE%E3%81%97" dan="16,16,16,16" rate="2140.98,2116.81,2182.53,2139.65" sx="M,F,M,F"/><TAIKYOKU oya="0"/><INIT seed="0,0,0,3,0,71" ten="250,250,250,250" oya="0" hai0="60,26,110,38,12,100,40,41,57,96,16,50,120" hai1="123,99,30,63,49,91,76,10,103,33,133,114,34" hai2="72,95,27,111,61,105,14,51,129,47,127,24,124" hai3="54,74,82,7,121,65,31,79,8,17,113,80,104"/><T29/><D120/><U45/><E123/><V130/><F105/><W106/><G113/><T84/><D110/><U48/><E114/><V131/><F72/><W20/><G121/><T56/><D38/><U117/><E76/><V85/><F111/><W44/><G31/><T108/><D108/><U89/><E30/><V68/><F14/><W81/><G65/><N who="0" m="39047" /><D26/><N who="2" m="9770" /><F68/><W73/><G104/><T18/><D29/><U37/><E37/><V6/><F6/><W36/><G106/><T92/><D84/><U126/><E63/><V90/><F61/><W93/><G93/><T112/><D112/><U5/><E49/><V9/><F9/><W13/><G73/><T59/><D18/><U116/><E116/><V39/><F39/><W21/><G21/><N who="0" m="11399" /><D59/><U109/><E117/><V28/><F28/><W97/><G97/><T19/><D19/><U23/><E23/><V83/><F95/><W67/><G67/><T64/><D64/><U118/><E34/><V135/><F135/><W22/><G22/><T119/><D119/><U87/><E133/><V69/><F69/><W66/><G66/><T2/><D2/><N who="1" m="311" /><E33/><V1/><F1/><N who="3" m="111" /><G54/><AGARI ba="0,0" hai="40,41,50,54,57,92,96,100" m="11399,39047" machi="54" ten="30,2900,0" yaku="8,1,54,1" doraHai="71" who="0" fromWho="3" sc="250,29,250,0,250,0,250,-29" /><AGARI ba="0,0" hai="47,51,54,83,85,90,124,127,129,130,131" m="9770" machi="54" ten="40,1300,0" yaku="19,1" doraHai="71" who="2" fromWho="3" sc="279,0,250,0,250,13,221,-13" /><INIT seed="0,1,0,5,0,100" ten="279,250,263,208" oya="0" hai0="36,71,73,17,110,54,41,10,79,117,116,14,102" hai1="101,29,129,96,57,53,55,69,35,115,119,89,16" hai2="95,31,7,127,68,18,39,56,15,85,50,0,72" hai3="9,65,19,86,47,45,98,51,4,82,134,130,62"/><T87/><D73/><U131/><E69/><V93/><F39/><W33/><G33/><T135/><D71/><U97/><E119/><V113/><F113/><W58/><G134/><T3/><D135/><U11/><E115/><V107/><F72/><W84/><G130/><N who="1" m="49674" /><E29/><V126/><F68/><W64/><G64/><T32/><D32/><U70/><E35/><V25/><F107/><W26/><G98/><T114/><D114/><U83/><E70/><V125/><F85/><W123/><G123/><T28/><D28/><U6/><E57/><V66/><F7/><W60/><G60/><T91/><D79/><U44/><E44/><V94/><F0/><W118/><G118/><T23/><D110/><U2/><E16/><V8/><F50/><W52/><G45/><T38/><D116/><U103/><E103/><V46/><F46/><W21/><G82/><T133/><D117/><U104/><E83/><V111/><F111/><W1/><AGARI ba="1,0" hai="1,4,9,19,21,26,47,51,52,58,62,65,84,86" machi="1" ten="20,2700,0" yaku="0,1,7,1,54,1" doraHai="100" who="3" fromWho="3" sc="279,-14,250,-8,263,-8,208,30" /><INIT seed="1,0,0,0,4,119" ten="265,242,255,238" oya="1" hai0="28,54,83,40,101,27,38,107,112,50,120,51,88" hai1="134,6,19,35,2,49,115,58,12,23,64,110,15" hai2="94,42,75,126,121,11,131,97,9,93,103,118,70" hai3="24,1,37,114,62,124,135,123,4,34,55,3,46"/><U65/><E115/><V10/><F118/><W60/><G114/><T73/><D112/><U89/><E35/><V8/><F70/><W91/><G123/><T86/><D120/><U44/><E2/><V79/><F121/><W85/><G135/><T26/><D38/><U87/><E134/><V77/><F126/><W76/><G124/><T41/><D26/><U43/><E110/><V108/><F131/><W17/><G76/><N who="2" m="29257" /><F75/><W14/><G3/><T98/><D73/><U71/><E71/><V7/><F108/><W127/><G4/><T84/><D86/><U36/><E36/><V132/><F132/><W18/><G1/><T32/><REACH who="0" step="1"/><D50/><REACH who="0" ten="255,242,255,238" step="2"/><U90/><E58/><AGARI ba="0,1" hai="27,28,32,40,41,51,54,58,83,84,88,98,101,107" machi="58" ten="30,8000,1" yaku="1,1,2,1,7,1,54,1,53,1" doraHai="119" doraHaiUra="78" who="0" fromWho="1" sc="255,90,242,-80,255,0,238,0" /><INIT seed="2,0,0,2,3,66" ten="345,162,255,238" oya="2" hai0="57,133,56,124,26,110,49,3,89,104,54,74,60" hai1="135,80,81,50,12,106,62,13,45,1,96,115,87" hai2="129,39,53,59,107,90,78,23,51,117,46,47,91" hai3="24,134,73,27,5,101,61,102,72,128,35,8,18"/><V22/><F117/><W7/><G134/><T0/><D133/><U123/><E1/><V70/><F107/><W131/><G61/><T40/><D110/><U25/><E135/><V11/><F129/><N who="3" m="49739" /><G18/><T17/><D124/><U30/><E115/><V28/><F78/><W109/><G8/><T65/><D104/><U112/><E112/><V118/><F118/><W31/><G109/><T84/><D74/><N who="3" m="28777" /><G31/><T14/><D26/><N who="3" m="9769" /><G35/><T120/><D120/><U125/><E125/><V108/><F11/><W132/><G132/><T10/><D40/><U111/><E111/><V77/><F77/><W93/><G93/><AGARI ba="0,0" hai="0,3,10,14,17,49,54,56,57,60,65,84,89,93" machi="93" ten="30,1000,0" yaku="7,1" doraHai="66" who="0" fromWho="3" sc="345,10,162,0,255,0,238,-10" /><INIT seed="3,0,0,5,1,46" ten="355,162,255,228" oya="3" hai0="126,78,52,28,17,15,57,59,51,54,27,100,8" hai1="49,116,104,13,94,11,0,98,18,103,62,12,97" hai2="134,33,61,89,90,108,130,102,9,22,83,93,55" hai3="21,128,50,121,118,135,4,65,110,30,99,95,26"/><W88/><G118/><T101/><D126/><U16/><E116/><V92/><F33/><W105/><G121/><T53/><D78/><U63/><E0/><V23/><F108/><W43/><G135/><T38/><D38/><U66/><E66/><V81/><F9/><W85/><G128/><T67/><D67/><U56/><E56/><N who="2" m="34975" /><F102/><W64/><G110/><T120/><D120/><U129/><E129/><V34/><F34/><W96/><G4/><T41/><D41/><U119/><E119/><V122/><F134/><W37/><G37/><T29/><D54/><U5/><E5/><V106/><F106/><W40/><G105/><T107/><D107/><U111/><E111/><V1/><F1/><W58/><G43/><T10/><D10/><U20/><REACH who="1" step="1"/><E49/><REACH who="1" ten="355,152,255,228" step="2"/><V131/><F131/><W109/><G109/><T7/><D7/><U115/><E115/><V42/><F130/><W79/><G64/><T124/><D124/><U80/><E80/><V32/><F83/><W48/><G65/><T45/><D59/><U125/><E125/><V73/><F81/><N who="3" m="47295" /><G58/><T123/><D123/><U112/><E112/><V14/><F122/><W70/><G70/><T36/><D36/><U91/><AGARI ba="0,1" hai="11,12,13,16,18,20,62,63,91,94,97,98,103,104" machi="91" ten="20,5200,0" yaku="1,1,0,1,7,1,54,1,53,0" doraHai="46" doraHaiUra="2" who="1" fromWho="1" sc="355,-13,152,62,255,-13,228,-26" owari="342,45.0,214,-19.0,242,4.0,202,-30.0" /></mjloggm>