<mjloggm ver="2.3"><GO type="169" lobby="0"/><UN n0="%4E%41%4B%41%48%41%52%41" n1="%E5%A4%A9%E7%A5%9E%E9%B3%B3%E4%BD%8D" n2="%E3%81%96%E3%82%8A%E3%81%8C%E3%81%AB%E3%81%8F%E3%82%93" n3="%E3%81%B4%E3%81%AE%E3%81%93" dan="16,16,17,17" rate="2101.85,2098.59,2229.77,2225.92" sx="M,M,M,M"/><TAIKYOKU oya="0"/><INIT seed="0,0,0,3,3,16" ten="250,250,250,250" oya="0" hai0="126,54,17,118,94,13,50,11,7,58,128,20,47" hai1="100,129,15,41,135,130,6,63,19,90,66,4,57" hai2="105,111,26,62,117,102,93,38,84,8,1,85,119" hai3="75,80,132,98,116,18,42,52,113,81,14,78,112"/><T29/><D126/><U73/><E73/><V48/><F38/><W82/><G116/><N who="2" m="44617" /><F105/><W70/><G132/><T0/><D128/><N who="1" m="49259" /><E135/><V134/><F111/><W109/><G109/><T46/><D118/><U107/><E41/><V77/><F77/><W2/><G2/><T120/><D120/><U22/><E90/><V55/><F62/><W32/><G32/><T5/><D5/><U36/><E36/><V34/><F134/><W122/><G70/><T99/><REACH who="0" step="1"/><D29/><REACH who="0" ten="240,250,250,250" step="2"/><U27/><E4/><V69/><F1/><W104/><G122/><T106/><D106/><U72/><E6/><V12/><F69/><W88/><G104/><T65/><D65/><U67/><E66/><V89/><F102/><AGARI ba="0,1" hai="0,7,11,13,17,20,46,47,50,54,58,94,99,102" machi="102" ten="30,5800,0" yaku="1,1,7,1,52,1,53,0" doraHai="16" doraHaiUra="24" who="0" fromWho="2" sc="240,68,250,0,250,-58,250,0" /><INIT seed="0,1,0,5,1,41" ten="308,250,192,250" oya="0" hai0="45,124,118,109,31,46,72,27,44,56,98,122,2" hai1="69,96,17,108,86,57,7,126,43,36,114,15,87" hai2="115,62,22,134,92,89,97,59,61,111,107,47,76" hai3="30,40,81,24,110,5,23,42,79,53,116,85,19"/><T101/><D118/><U4/><E69/><V100/><F111/><W78/><G110/><T130/><D122/><U18/><E108/><V10/><F134/><W121/><G116/><T32/><D109/><U93/><E126/><V3/><F115/><W49/><G121/><T1/><D124/><U60/><E114/><V82/><F22/><W77/><G5/><T65/><D72/><U94/><E43/><V83/><F3/><W71/><G71/><T50/><D130/><U68/><E68/><V128/><F128/><W39/><G39/><T55/><REACH who="0" step="1"/><D65/><REACH who="0" ten="298,250,192,250" step="2"/><U104/><E86/><V14/><F97/><W88/><REACH who="3" step="1"/><G30/><REACH who="3" ten="298,250,192,240" step="2"/><T0/><D0/><U80/><E87/><V48/><F107/><AGARI ba="1,2" hai="1,2,27,31,32,44,45,46,50,55,56,98,101,107" machi="107" ten="40,12000,1" yaku="1,1,52,3,53,0" doraHai="41" doraHaiUra="12" who="0" fromWho="2" sc="298,143,250,0,192,-123,240,0" /><INIT seed="0,2,0,2,3,5" ten="441,250,69,240" oya="0" hai0="131,133,101,41,62,11,66,129,86,0,109,9,13" hai1="67,34,20,76,134,68,104,54,43,120,79,46,108" hai2="112,53,2,125,38,24,37,42,58,123,118,77,128" hai3="132,75,81,84,127,44,7,31,60,8,97,90,119"/><T23/><D133/><U35/><E120/><V80/><F123/><W25/><G119/><T92/><D41/><U99/><E134/><V110/><F112/><W107/><G127/><T4/><D23/><U63/><E108/><V94/><F110/><W85/><G132/><T19/><D109/><U12/><E54/><V124/><F128/><W122/><G44/><T130/><D86/><U65/><E65/><V116/><F94/><W102/><G84/><T59/><D92/><U32/><E99/><V6/><F24/><W21/><G60/><T135/><D135/><U56/><E104/><V50/><F6/><W57/><G57/><T61/><D61/><U100/><E100/><AGARI ba="2,0" hai="0,4,9,11,13,19,59,62,66,100,101,129,130,131" machi="100" ten="40,7700,0" yaku="19,1,52,2" doraHai="5" who="0" fromWho="1" sc="441,83,250,-83,69,0,240,0" /><INIT seed="0,3,0,0,0,63" ten="524,167,69,240" oya="0" hai0="61,60,25,123,80,38,44,99,92,52,70,120,72" hai1="62,64,109,102,39,0,75,88,135,14,108,76,15" hai2="5,128,84,89,85,17,69,78,50,34,118,82,130" hai3="87,81,53,18,20,95,103,131,115,127,56,46,12"/><T114/><D114/><U125/><E39/><V21/><F118/><W59/><G127/><T11/><D38/><U101/><E0/><V48/><F34/><W33/><G131/><T31/><D11/><U91/><E125/><V27/><F69/><W42/><G33/><T45/><D80/><U67/><E62/><V49/><REACH who="2" step="1"/><F5/><REACH who="2" ten="524,167,59,240" step="2"/><W3/><G115/><T90/><D70/><U112/><E112/><V107/><F107/><W8/><G59/><T106/><D106/><U26/><E135/><V51/><N who="2" m="12288" /><DORA hai="55" /><V100/><F100/><W104/><G56/><T23/><D120/><U22/><E102/><V96/><F96/><W134/><G103/><T29/><D123/><U129/><E101/><V119/><F119/><W58/><G58/><T19/><D99/><U9/><E129/><V32/><F32/><W121/><G104/><T105/><D105/><U116/><E116/><V16/><F16/><W40/><G18/><T133/><D19/><U111/><E9/><V83/><AGARI ba="3,1" hai="17,21,27,78,82,83,84,85,89,128,130" m="12288" machi="83" ten="50,6400,0" yaku="1,1,0,1,53,1" doraHai="63,55" doraHaiUra="7,86" who="2" fromWho="2" sc="524,-35,167,-19,59,83,240,-19" /><INIT seed="1,0,0,0,3,47" ten="489,148,142,221" oya="1" hai0="22,58,72,96,100,79,87,134,36,117,98,121,75" hai1="28,69,113,71,93,115,37,120,105,30,31,57,73" hai2="86,24,82,41,94,8,48,124,6,55,122,50,60" hai3="90,70,130,78,63,119,23,17,116,85,13,114,21"/><U125/><E120/><V32/><F122/><W108/><G114/><T40/><D117/><U27/><E105/><V25/><F124/><W109/><G78/><T45/><D134/><U34/><E125/><V64/><F94/><W9/><G63/><T52/><D96/><U129/><E73/><V49/><F41/><W80/><G70/><T102/><D100/><U107/><E107/><V53/><F32/><W68/><G68/><T128/><D128/><U61/><E129/><V33/><F33/><W5/><G130/><T103/><D103/><U54/><E37/><V7/><F64/><W97/><G97/><T59/><D59/><U133/><E133/><V38/><F38/><W12/><REACH who="3" step="1"/><G23/><REACH who="3" ten="489,148,142,211" step="2"/><T127/><D22/><U0/><E71/><V88/><F60/><W126/><G126/><T15/><D127/><U123/><E69/><V10/><F10/><W62/><G62/><T92/><D121/><U95/><E123/><V4/><REACH who="2" step="1"/><F8/><REACH who="2" ten="489,148,132,211" step="2"/><W101/><G101/><T51/><D102/><U112/><E34/><V89/><F89/><W56/><G56/><T84/><D58/><U83/><E112/><V65/><F65/><W20/><G20/><T118/><D98/><U111/><E113/><V44/><F44/><W99/><G99/><T14/><D45/><U3/><E115/><V46/><F46/><W135/><G135/><T19/><D79/><U29/><E57/><V1/><F1/><W66/><G66/><T42/><D36/><U110/><E3/><V2/><F2/><W43/><G43/><T132/><D40/><U16/><N who="1" m="7168" /><DORA hai="77" /><U76/><E0/><RYUUKYOKU ba="0,2" sc="489,-15,148,-15,132,15,211,15" hai2="4,6,7,24,25,48,49,50,53,55,82,86,88" hai3="5,9,12,13,17,21,80,85,90,108,109,116,119" /><INIT seed="2,1,2,5,1,44" ten="474,133,147,226" oya="2" hai0="98,95,22,37,56,134,122,20,3,75,53,74,101" hai1="10,57,12,55,114,47,67,30,80,24,15,129,31" hai2="62,34,97,72,131,9,111,92,14,66,130,86,28" hai3="103,36,100,112,123,102,18,85,105,39,116,21,88"/><V26/><F72/><W7/><G123/><T127/><D122/><U124/><E114/><V125/><F86/><W107/><G116/><T48/><D3/><U70/><E129/><V82/><F82/><W106/><G112/><T13/><D37/><U81/><E124/><V87/><F87/><W118/><G118/><T46/><D127/><U17/><E47/><V49/><F125/><W113/><G7/><T40/><D134/><U115/><E115/><V1/><F1/><W52/><G113/><T133/><D133/><U84/><E15/><V54/><F111/><W51/><G18/><T79/><D79/><U8/><E8/><V64/><F14/><W25/><G21/><T4/><D75/><U65/><E70/><V132/><F9/><W32/><G32/><T109/><D74/><U117/><E117/><V77/><F77/><W135/><G25/><T41/><D109/><U59/><E59/><N who="2" m="33231" /><F62/><W91/><G135/><T76/><D76/><N who="1" m="46087" /><E81/><V42/><F42/><W119/><G119/><T121/><D40/><U2/><E2/><V45/><F45/><W50/><G85/><T104/><D104/><U78/><E78/><V38/><F38/><W126/><G126/><T27/><D121/><U63/><E24/><V60/><F132/><W83/><G83/><T96/><D27/><U29/><AGARI ba="1,2" hai="10,12,17,29,30,31,55,57,63,65,67" m="46087" machi="29" ten="30,1100,0" yaku="8,1" doraHai="44" who="1" fromWho="1" sc="474,-4,133,34,147,-6,226,-4" /><INIT seed="3,0,0,3,5,106" ten="470,167,141,222" oya="3" hai0="89,120,133,85,25,72,116,92,20,93,90,53,6" hai1="75,91,98,103,67,118,55,23,59,51,97,58,79" hai2="99,110,50,43,48,114,81,22,0,60,70,32,19" hai3="24,31,111,30,76,9,127,18,66,109,38,108,82"/><W135/><G38/><T49/><D116/><U61/><E118/><V95/><F114/><W96/><G127/><T47/><D120/><U86/><E103/><V21/><F110/><W1/><G135/><T131/><D133/><U56/><E56/><V29/><F0/><W87/><G66/><T40/><D72/><U112/><E112/><V35/><F81/><W44/><G44/><T39/><D6/><U2/><E2/><V68/><F22/><N who="3" m="13399" /><G96/><T54/><D39/><U117/><E117/><V27/><F35/><W71/><G71/><T65/><D65/><U105/><E105/><V16/><F19/><W63/><G63/><T115/><D131/><U125/><E125/><V13/><F60/><W15/><G1/><T84/><REACH who="0" step="1"/><D115/><REACH who="0" ten="460,167,141,222" step="2"/><U123/><E123/><V8/><F32/><W104/><G104/><T132/><D132/><U126/><E75/><V52/><F43/><W69/><G69/><T134/><D134/><U74/><E74/><V124/><F124/><W62/><G111/><T12/><D12/><U57/><E126/><V122/><F122/><W83/><G109/><T119/><D119/><U4/><E4/><V100/><REACH who="2" step="1"/><F50/><REACH who="2" ten="460,167,131,222" step="2"/><W128/><G108/><T26/><D26/><U129/><E51/><V88/><F88/><N who="3" m="51319" /><G128/><T33/><D33/><U17/><E129/><V101/><F101/><W37/><G37/><T11/><D11/><U107/><E91/><V130/><F130/><W10/><G62/><T34/><D34/><U5/><E61/><V64/><F64/><W36/><G36/><T7/><D7/><U45/><E5/><V73/><F73/><RYUUKYOKU ba="0,2" sc="460,15,167,-15,131,15,222,-15" hai0="20,25,40,47,49,53,54,84,85,89,90,92,93" hai2="8,13,16,21,27,29,48,52,68,70,95,99,100" /><INIT seed="4,1,2,2,1,23" ten="475,152,146,207" oya="0" hai0="90,3,86,118,132,121,134,112,88,26,39,14,68" hai1="52,70,133,111,98,16,38,9,108,66,87,89,22" hai2="35,92,63,127,102,131,113,42,6,28,43,105,17" hai3="82,15,81,11,27,76,49,59,31,51,19,64,135"/><T2/><D118/><U71/><E38/><V96/><F113/><W129/><G129/><T74/><D121/><U85/><E133/><N who="0" m="51305" /><D74/><U5/><E108/><V57/><F131/><W106/><G106/><T8/><D39/><U84/><E111/><V69/><F127/><W79/><G135/><T116/><D68/><U29/><E29/><V1/><F69/><W58/><G82/><N who="0" m="49239" /><D116/><U125/><E125/><V37/><F37/><W12/><G12/><T67/><D67/><U56/><E66/><V41/><F6/><W119/><G119/><T93/><D26/><N who="1" m="14663" /><E70/><V115/><F1/><W109/><G109/><T73/><D73/><U10/><E71/><V46/><F115/><W77/><G81/><T45/><D45/><U61/><E5/><V34/><F46/><W55/><G64/><T122/><D112/><U54/><E54/><V20/><F28/><W83/><G83/><T75/><D75/><U80/><E80/><V128/><F105/><W48/><REACH who="3" step="1"/><G55/><REACH who="3" ten="475,152,146,197" step="2"/><T95/><D2/><U99/><E89/><V60/><F128/><W126/><G126/><T110/><D3/><U120/><E120/><V7/><F7/><W18/><G18/><N who="0" m="8519" /><D110/><U21/><E21/><AGARI ba="1,3" hai="11,15,19,21,27,31,48,49,51,58,59,76,77,79" machi="21" ten="40,5200,0" yaku="1,1,8,1,52,1,53,0" doraHai="23" doraHaiUra="103" who="3" fromWho="1" sc="475,0,152,-55,146,0,197,85" /><INIT seed="5,0,0,5,2,47" ten="475,97,146,282" oya="1" hai0="48,87,104,97,46,32,101,126,123,53,94,44,0" hai1="119,133,95,26,55,28,8,56,52,31,36,43,21" hai2="27,111,66,39,72,112,41,62,103,134,130,70,117" hai3="120,121,83,60,19,96,93,6,109,115,34,118,33"/><U3/><E119/><V81/><F111/><W113/><G109/><T15/><D0/><U58/><E133/><V16/><F117/><W86/><G6/><T17/><D32/><U45/><E95/><V20/><F130/><W135/><G60/><T61/><D126/><U68/><E68/><V82/><F134/><W23/><G118/><T7/><D7/><U125/><E125/><V29/><F112/><W75/><G75/><T71/><D123/><N who="3" m="47177" /><G96/><T106/><D87/><U92/><E92/><V79/><F103/><W35/><G93/><T64/><REACH who="0" step="1"/><D44/><REACH who="0" ten="465,97,146,282" step="2"/><U102/><E102/><V30/><F82/><W69/><G86/><T25/><D25/><U100/><E100/><V110/><F110/><W131/><G83/><T13/><D13/><U80/><E80/><V122/><F122/><W24/><G135/><T49/><D49/><N who="1" m="26815" /><E3/><V99/><F99/><W107/><G131/><T12/><D12/><U63/><E36/><V57/><F39/><W1/><G1/><T65/><D65/><U88/><E8/><AGARI ba="0,1" hai="8,15,17,46,48,53,61,64,71,94,97,101,104,106" machi="8" ten="30,3900,0" yaku="1,1,7,1,52,1,53,0" doraHai="47" doraHaiUra="127" who="0" fromWho="1" sc="465,49,97,-39,146,0,282,0" /><INIT seed="6,0,0,3,0,64" ten="514,58,146,282" oya="2" hai0="77,111,115,135,4,134,9,108,57,86,105,73,85" hai1="51,80,61,59,78,34,12,70,3,112,106,24,52" hai2="118,114,26,79,36,41,81,99,13,96,75,130,90" hai3="72,67,7,19,43,101,55,50,122,116,95,133,103"/><V38/><F118/><W68/><G116/><T94/><D105/><U74/><E112/><V124/><F124/><W107/><G122/><T45/><D73/><U125/><E125/><V87/><F130/><W42/><G72/><T121/><D121/><U60/><E106/><V98/><F114/><W17/><G68/><T126/><D126/><U131/><E131/><V8/><F26/><W53/><G67/><T110/><D115/><U62/><E3/><V56/><F56/><W37/><G7/><T16/><D16/><N who="3" m="6217" /><G37/><T88/><D57/><U113/><E113/><V129/><F129/><W5/><G5/><T102/><D102/><N who="3" m="38921" /><G133/><N who="0" m="50699" /><D4/><U76/><E12/><V49/><F13/><W2/><G2/><T23/><D9/><U117/><E117/><V40/><F8/><W47/><G107/><T119/><D119/><U127/><E127/><V97/><N who="2" m="24576" /><DORA hai="22" /><V132/><F132/><W104/><G95/><T63/><D94/><U18/><E76/><V71/><F71/><W25/><G104/><T100/><D77/><U21/><REACH who="1" step="1"/><E34/><REACH who="1" ten="514,48,146,282" step="2"/><V39/><REACH who="2" step="1"/><F49/><REACH who="2" ten="514,48,136,282" step="2"/><W128/><G128/><T30/><D100/><U120/><E120/><V33/><F33/><W83/><G50/><T10/><D110/><U65/><AGARI ba="0,2" hai="18,21,24,51,52,59,60,61,62,65,70,74,78,80" machi="65" ten="30,8000,1" yaku="1,1,0,1,52,2,54,1,53,0" doraHai="64,22" doraHaiUra="93,27" who="1" fromWho="1" sc="514,-20,48,100,136,-40,282,-20" /><INIT seed="7,0,0,2,5,49" ten="494,148,96,262" oya="3" hai0="46,75,60,68,35,115,3,10,40,88,54,22,108" hai1="95,122,31,110,117,50,63,67,19,11,99,76,7" hai2="81,124,128,4,92,104,79,43,134,23,47,16,69" hai3="100,2,66,112,86,103,114,135,130,48,125,1,9"/><W33/><G33/><T61/><D35/><U105/><E110/><V55/><F134/><W72/><G72/><T85/><D75/><U0/><E122/><V96/><F128/><W36/><G36/><T109/><D68/><U53/><E76/><V82/><F124/><W78/><G66/><T77/><D77/><U39/><E39/><V102/><F69/><W15/><G86/><T83/><D54/><U91/><E31/><V64/><F64/><W62/><G62/><T58/><D58/><U17/><E105/><V13/><F4/><W97/><G78/><T89/><D22/><U74/><E74/><V106/><F82/><W44/><G125/><T45/><D45/><U107/><E107/><V28/><F28/><W94/><G103/><T21/><D21/><U126/><E117/><V101/><F101/><W80/><G80/><T119/><D115/><N who="3" m="44073" /><G135/><T57/><D119/><U14/><E0/><V73/><REACH who="2" step="1"/><F55/><REACH who="2" ten="494,148,86,262" step="2"/><N who="3" m="30087" /><G130/><T70/><D60/><U59/><E126/><V123/><F123/><W27/><G27/><T113/><D46/><AGARI ba="0,1" hai="7,11,14,17,19,46,50,53,59,63,67,91,95,99" machi="46" ten="30,3900,0" yaku="7,1,8,1,52,1" doraHai="49" who="1" fromWho="0" sc="494,-39,148,49,86,0,262,0" owari="455,55.0,197,-20.0,86,-41.0,262,6.0" /></mjloggm>