<mjloggm ver="2.3"><GO type="169" lobby="0"/><UN n0="%E6%9D%A5%E9%80%B1%E3%81%AE%E7%B3%B8%E4%BA%95" n1="%E3%81%A4%E3%82%80%E3%81%90" n2="%E9%87%8E%E4%B8%AD%E6%99%B4" n3="%E3%81%94%E3%81%AB%E3%82%87" dan="16,16,16,17" rate="2151.13,2051.84,2072.91,2186.49" sx="M,M,F,M"/><TAIKYOKU oya="0"/><INIT seed="0,0,0,0,1,92" ten="250,250,250,250" oya="0" hai0="45,30,76,33,126,13,100,102,20,52,32,9,25" hai1="34,60,50,31,24,56,89,46,59,116,62,21,11" hai2="51,53,40,17,54,128,107,36,121,1,131,69,114" hai3="130,39,93,35,66,49,7,109,88,48,58,41,85"/><T6/><D126/><U78/><E116/><V84/><F1/><W38/><G35/><T37/><D76/><U123/><E123/><V99/><F121/><W97/><G130/><N who="2" m="49705" /><F114/><W23/><G109/><T63/><D37/><U43/><E78/><V94/><F69/><W118/><G118/><T122/><D122/><U101/><E34/><V10/><F36/><W71/><G7/><T132/><D132/><U79/><E79/><V82/><F107/><W98/><G48/><T133/><D133/><U111/><E111/><V57/><F40/><W64/><G64/><T103/><REACH who="0" step="1"/><D63/><REACH who="0" ten="240,250,250,250" step="2"/><U70/><E62/><V47/><F10/><W3/><G38/><T135/><D135/><U16/><E60/><V115/><F115/><W77/><G39/><T2/><D2/><U26/><E11/><V67/><F67/><W22/><G3/><T42/><D42/><U86/><E43/><V65/><F65/><W61/><G71/><T18/><D18/><U87/><E70/><V106/><F17/><W19/><G19/><T5/><D5/><U117/><E117/><V72/><F54/><W68/><G77/><T113/><D113/><U12/><E21/><N who="3" m="7690" /><G68/><T8/><D8/><U96/><E16/><V0/><F0/><W104/><G66/><T44/><D44/><U83/><E46/><V75/><F47/><N who="3" m="25839" /><G61/><T29/><D29/><U74/><E31/><V134/><F134/><W129/><G129/><T125/><D125/><U14/><E59/><V80/><F57/><W105/><G58/><T90/><D90/><U127/><E127/><V112/><F112/><W55/><G55/><RYUUKYOKU ba="0,1" sc="240,15,250,-15,250,-15,250,15" hai0="6,9,13,20,25,30,32,33,45,52,100,102,103" hai3="85,88,93,97,98,104,105" /><INIT seed="0,1,1,4,1,63" ten="255,235,235,265" oya="0" hai0="129,102,0,60,9,116,114,23,10,56,7,75,48" hai1="84,40,82,106,101,74,6,117,71,38,115,77,133" hai2="34,130,124,61,5,69,68,91,120,47,36,24,65" hai3="16,89,70,15,72,107,58,4,30,131,111,66,121"/><T67/><D114/><U54/><E54/><V3/><F120/><W46/><G111/><T52/><D116/><U44/><E117/><V132/><F132/><W27/><G131/><T79/><D129/><U96/><E133/><V90/><F130/><W83/><G70/><T135/><D135/><U51/><E115/><V35/><F124/><W76/><G107/><T112/><D112/><U95/><E71/><V62/><F5/><W2/><G121/><T39/><D39/><U22/><E22/><V20/><F3/><W14/><G14/><T118/><D118/><U108/><E108/><V32/><F47/><W31/><G89/><T45/><D102/><U134/><E134/><V1/><F1/><W92/><G92/><T53/><D10/><U11/><E51/><V109/><F36/><W86/><G72/><T123/><D123/><U37/><E37/><V25/><F109/><W93/><G93/><T21/><REACH who="0" step="1"/><D53/><REACH who="0" ten="245,235,235,265" step="2"/><U105/><REACH who="1" step="1"/><E84/><REACH who="1" ten="245,225,235,265" step="2"/><V122/><F122/><W26/><G86/><T128/><D128/><U29/><E29/><V81/><F81/><AGARI ba="1,3" hai="0,7,9,21,23,45,48,52,56,60,67,75,79,81" machi="81" ten="40,7700,0" yaku="1,1,52,1,54,1,53,0" doraHai="63" doraHaiUra="12" who="0" fromWho="2" sc="245,110,225,0,235,-80,265,0" /><INIT seed="0,2,0,0,0,114" ten="355,225,155,265" oya="0" hai0="83,15,40,41,3,128,35,28,59,108,44,81,17" hai1="13,74,73,119,127,43,106,51,82,87,107,99,42" hai2="64,72,54,34,48,116,75,109,25,69,65,5,96" hai3="118,120,85,124,23,55,91,6,134,111,46,21,86"/><T78/><D3/><U58/><E13/><V84/><F109/><W102/><G111/><T115/><D108/><U33/><E33/><V12/><F84/><W105/><G124/><T49/><D115/><U9/><E9/><V7/><F96/><W36/><G134/><T70/><D70/><U39/><E39/><V103/><F103/><W52/><G120/><T104/><D104/><U45/><E43/><V4/><F12/><W117/><G36/><T20/><D128/><U94/><E107/><V89/><F89/><W1/><G91/><T16/><D41/><U61/><E106/><V22/><F34/><W97/><G105/><T38/><D17/><U62/><E62/><V133/><F133/><W77/><G46/><T60/><D38/><U37/><E37/><V131/><F131/><W125/><G97/><T56/><D60/><U50/><E50/><V0/><F0/><W110/><G110/><T98/><D98/><U95/><E127/><V79/><F69/><W30/><G30/><T8/><D35/><U11/><E11/><V123/><F123/><W135/><G1/><T129/><D129/><U68/><E68/><V71/><F71/><W10/><G135/><T112/><D112/><U27/><E27/><V67/><F79/><W19/><G125/><T101/><D101/><U88/><E119/><V31/><REACH who="2" step="1"/><F116/><REACH who="2" ten="355,225,145,265" step="2"/><W66/><G117/><T76/><D78/><U130/><E130/><V57/><AGARI ba="2,1" hai="4,5,7,22,25,31,48,54,57,64,65,67,72,75" machi="57" ten="30,4000,0" yaku="1,1,2,1,0,1,53,0" doraHai="114" doraHaiUra="122" who="2" fromWho="2" sc="355,-22,225,-12,145,56,265,-12" /><INIT seed="1,0,0,3,1,6" ten="333,213,201,253" oya="1" hai0="47,20,67,96,133,21,33,50,9,84,125,110,87" hai1="14,135,39,92,29,10,97,131,28,60,27,57,101" hai2="103,61,17,116,112,86,120,16,90,95,99,121,62" hai3="93,53,65,134,81,0,48,91,80,52,12,129,115"/><U59/><E39/><V42/><F116/><W75/><G115/><T32/><D110/><U126/><E126/><V64/><F112/><W58/><G0/><T43/><D125/><U18/><E131/><V114/><F114/><W23/><G134/><T26/><D133/><U25/><E135/><V117/><F117/><W36/><G36/><T113/><D113/><U45/><E45/><V83/><F42/><W123/><G123/><T109/><D109/><U69/><E69/><V4/><F4/><W40/><G40/><T132/><D132/><U111/><E111/><V5/><F5/><W37/><G37/><T68/><D96/><U79/><E79/><V13/><F17/><N who="3" m="10663" /><G75/><T41/><D21/><U49/><E49/><V107/><F107/><W122/><G65/><T1/><D43/><U63/><E63/><V76/><F76/><W38/><G38/><T34/><D1/><U66/><REACH who="1" step="1"/><E59/><REACH who="1" ten="333,203,201,253" step="2"/><V56/><REACH who="2" step="1"/><F62/><REACH who="2" ten="333,203,191,253" step="2"/><N who="3" m="36167" /><G122/><T44/><D41/><U73/><E73/><V31/><F31/><AGARI ba="0,2" hai="10,14,18,25,27,28,29,31,57,60,66,92,97,101" machi="31" ten="40,7700,0" yaku="1,1,8,1,52,1,53,0" doraHai="6" doraHaiUra="70" who="1" fromWho="2" sc="333,0,203,97,191,-77,253,0" /><INIT seed="1,1,0,5,2,63" ten="333,300,114,253" oya="1" hai0="55,128,126,3,103,27,106,64,60,70,20,61,96" hai1="69,94,35,118,81,47,100,76,116,44,2,89,4" hai2="105,29,18,32,17,78,46,0,57,51,131,117,108" hai3="110,21,67,66,121,79,56,22,71,37,101,109,135"/><U125/><E35/><V40/><F117/><W90/><G121/><T8/><D126/><U134/><E69/><V84/><F105/><W49/><G37/><T98/><D128/><U99/><E125/><V83/><F131/><W120/><G120/><T43/><D43/><U42/><E134/><V15/><F108/><N who="3" m="41579" /><G135/><T114/><D114/><U130/><E130/><V38/><F0/><W93/><G101/><T11/><D3/><U28/><E28/><V5/><F38/><W82/><G71/><T19/><REACH who="0" step="1"/><D98/><REACH who="0" ten="323,300,114,253" step="2"/><U113/><E113/><V10/><REACH who="2" step="1"/><F57/><AGARI ba="1,1" hai="8,11,19,20,27,55,57,60,61,64,70,96,103,106" machi="57" ten="40,5200,0" yaku="1,1,2,1,52,1,53,0" doraHai="63" doraHaiUra="26" who="0" fromWho="2" sc="323,65,300,0,114,-55,253,0" /><INIT seed="2,0,0,4,2,104" ten="388,300,59,253" oya="2" hai0="8,19,78,37,135,60,79,4,11,87,42,55,102" hai1="91,62,116,53,75,69,110,130,132,126,85,10,64" hai2="54,86,133,5,99,128,34,12,114,81,38,9,46" hai3="48,131,33,58,1,88,122,74,117,7,127,112,72"/><V96/><F114/><W41/><G117/><T120/><D120/><U67/><E67/><V28/><F133/><W40/><G122/><T2/><D135/><U59/><E132/><V83/><F128/><W95/><G33/><T76/><D102/><U84/><E84/><V125/><F125/><W115/><G127/><T26/><D42/><N who="3" m="16489" /><G131/><T23/><D37/><U100/><E126/><V121/><F121/><W47/><G58/><T39/><D39/><U103/><E130/><V107/><F38/><W51/><G7/><T129/><D129/><U61/><E116/><V22/><F34/><W105/><G105/><T94/><D11/><U63/><E63/><V30/><F107/><W13/><G13/><N who="0" m="5255" /><D94/><U27/><E110/><V68/><F68/><W66/><G66/><T134/><D2/><U106/><E106/><V44/><F83/><W98/><G48/><T119/><D119/><U52/><E53/><V71/><F71/><W92/><G95/><T15/><D15/><U43/><E43/><V17/><F44/><W45/><G1/><T77/><D134/><U108/><E108/><V113/><F113/><N who="3" m="43595" /><G51/><T109/><D109/><U57/><E69/><V89/><F54/><W70/><G70/><T90/><D55/><U101/><E27/><N who="2" m="14799" /><F46/><AGARI ba="0,0" hai="45,46,47,72,74,88,92,98" m="43595,16489" machi="46" ten="30,7700,0" yaku="11,1,52,2,54,1" doraHai="104" who="3" fromWho="2" sc="388,0,300,0,59,-77,253,77" owari="388,49.0,300,-10.0,-18,-52.0,330,13.0" /></mjloggm>