<mjloggm ver="2.3"><GO type="185" lobby="0"/><UN n0="%E3%81%BF%E3%83%BC%E3%82%8F" n1="%E7%81%AB%E6%98%9F%E3%81%AE%E7%8A%AC" n2="%41%2E%4B%39%6D%65%63" n3="" dan="17,16,18,0" rate="2249.53,2189.61,2352.99,1500.00" sx="M,M,M,C"/><TAIKYOKU oya="0"/><INIT seed="0,0,0,2,4,34" ten="350,350,350,0" oya="0" hai0="115,106,85,104,132,99,62,93,117,33,57,72,43" hai1="96,109,44,51,116,42,63,94,47,61,78,67,89" hai2="49,64,134,130,129,77,53,107,80,0,125,38,60" hai3=""/><T46/><D115/><U48/><E116/><V97/><F38/><T52/><D117/><U95/><E109/><V127/><F0/><T121/><N who="0" m="31008" /><T88/><D72/><U69/><E63/><V45/><F107/><T113/><D113/><U2/><E78/><V68/><F97/><T84/><D132/><U131/><E131/><N who="2" m="50187" /><F134/><T111/><D111/><U102/><E47/><V135/><F135/><T71/><D71/><U124/><E124/><V41/><F41/><T100/><D84/><AGARI ba="0,0" hai="45,49,53,60,64,68,77,80,84,125,127" m="50187" machi="84" ten="30,1000,0" yaku="19,1" doraHai="34" who="2" fromWho="0" sc="350,-10,350,0,350,10,0,0" /><INIT seed="1,0,0,3,4,119" ten="340,350,360,0" oya="1" hai0="134,83,133,111,46,93,60,125,68,52,86,48,32" hai1="108,131,127,49,53,99,88,58,85,123,77,90,102" hai2="104,116,63,95,89,100,56,2,129,122,61,91,117" hai3=""/><U81/><N who="1" m="31520" /><U92/><E131/><V98/><N who="2" m="31264" /><V41/><F2/><T70/><D32/><U101/><E127/><V55/><F129/><T103/><D125/><U74/><E108/><V71/><F41/><T38/><D111/><U39/><E39/><V84/><REACH who="2" step="1"/><F91/><REACH who="2" ten="340,350,350,0" step="2"/><T96/><D133/><U121/><N who="1" m="31008" /><U65/><REACH who="1" step="1"/><E65/><AGARI ba="0,1" hai="55,56,61,63,65,71,84,89,95,98,100,104,116,117" m="31264" machi="65" ten="40,8000,1" yaku="1,1,52,2,53,1" doraHai="119" doraHaiUra="82" who="2" fromWho="1" sc="340,0,350,-80,350,90,0,0" /><INIT seed="2,0,0,3,4,95" ten="340,270,440,0" oya="2" hai0="59,116,75,119,96,56,54,100,73,76,39,98,40" hai1="131,80,78,68,114,41,111,32,50,70,84,46,37" hai2="134,61,89,52,45,106,126,38,3,42,43,72,110" hai3=""/><V86/><F3/><T1/><D1/><U99/><E32/><V105/><F134/><T104/><D59/><U133/><E114/><V71/><F72/><T51/><D75/><U74/><E133/><V62/><F126/><T44/><REACH who="0" step="1"/><D96/><REACH who="0" ten="330,270,440,0" step="2"/><U135/><E135/><V125/><F125/><T69/><D69/><U35/><E70/><V34/><F34/><T123/><N who="0" m="31520" /><T127/><D127/><U57/><E68/><V83/><F110/><T36/><D36/><U77/><E37/><V120/><N who="2" m="30752" /><V122/><N who="2" m="31264" /><V48/><F43/><T130/><D130/><U128/><E111/><V79/><F79/><T88/><D88/><U81/><E35/><V93/><F93/><T121/><N who="0" m="31008" /><T82/><AGARI ba="0,1" hai="39,40,44,51,54,56,73,76,82,98,100,104,116,119" m="31008,31520" machi="82" ten="30,9000,2" yaku="1,1,4,1,0,1,52,3,53,0" doraHai="95" doraHaiUra="67" who="0" fromWho="0" sc="330,100,270,-30,440,-60,0,0" /><INIT seed="4,0,0,1,2,42" ten="430,240,380,0" oya="0" hai0="49,118,68,91,35,133,36,32,85,92,108,89,107" hai1="33,97,77,90,62,84,46,119,132,78,105,79,72" hai2="109,127,131,54,3,39,122,44,99,34,38,47,87" hai3=""/><T106/><D118/><U95/><E33/><V94/><N who="2" m="31264" /><V50/><F34/><T120/><N who="0" m="30752" /><T58/><D36/><U45/><E119/><V60/><F3/><T100/><D68/><U102/><E132/><V59/><F109/><T98/><D133/><U125/><E125/><V57/><F127/><T73/><D108/><U56/><REACH who="1" step="1"/><E72/><REACH who="1" ten="430,230,380,0" step="2"/><V43/><F131/><T1/><D73/><U135/><E135/><V86/><F39/><T81/><D35/><U128/><E128/><V101/><REACH who="2" step="1"/><F59/><REACH who="2" ten="430,230,370,0" step="2"/><T103/><D32/><U75/><E75/><V123/><N who="2" m="31520" /><V82/><F82/><T63/><D81/><U80/><E80/><V124/><F124/><T40/><D58/><U70/><E70/><V115/><F115/><T52/><D1/><U74/><E74/><V37/><F37/><T88/><D107/><U113/><E113/><V126/><F126/><T134/><D106/><U121/><N who="1" m="31008" /><U67/><AGARI ba="0,2" hai="45,46,56,62,67,77,78,79,84,90,95,97,102,105" m="31008" machi="67" ten="30,9000,2" yaku="1,1,4,1,0,1,52,3,53,1" doraHai="42" doraHaiUra="53" who="1" fromWho="1" sc="430,-60,230,110,370,-30,0,0" /><INIT seed="5,0,0,5,4,104" ten="370,340,340,0" oya="1" hai0="49,102,128,86,73,75,1,76,45,87,53,65,133" hai1="69,123,3,135,79,134,71,51,33,74,72,113,2" hai2="106,112,61,59,39,57,119,54,58,80,116,122,60" hai3=""/><U78/><N who="1" m="31520" /><U41/><E33/><V105/><N who="2" m="31264" /><V90/><F39/><T117/><D1/><U67/><E67/><V92/><F80/><T38/><D133/><N who="1" m="50699" /><E113/><V132/><F132/><T66/><D128/><U84/><E84/><V0/><F0/><N who="1" m="41" /><E51/><V50/><F112/><T42/><D117/><U35/><E41/><V37/><F37/><T110/><D86/><U82/><E35/><V108/><F108/><T124/><D110/><U83/><AGARI ba="0,0" hai="69,71,72,74,78,79,82,83" m="41,50699,31520" machi="83" ten="40,8000,1" yaku="20,1,23,1,52,3" doraHai="104" who="1" fromWho="1" sc="370,-40,340,80,340,-40,0,0" /><INIT seed="5,1,0,0,2,46" ten="330,420,300,0" oya="1" hai0="84,48,96,41,85,80,64,123,72,42,51,135,2" hai1="103,62,97,36,128,40,111,93,34,55,99,50,59" hai2="118,91,60,83,45,75,76,124,126,105,95,33,134" hai3=""/><U89/><E128/><V131/><F33/><T92/><N who="0" m="31520" /><T81/><D2/><U112/><E112/><V3/><F3/><T68/><D135/><U125/><E125/><N who="2" m="48235" /><F105/><T94/><D68/><U79/><E111/><V61/><F118/><T100/><D64/><U38/><E34/><V56/><F134/><T52/><D72/><U106/><E79/><V49/><F56/><T133/><D133/><U86/><E99/><V37/><F37/><T130/><D130/><U110/><E110/><V57/><F57/><T117/><D117/><U39/><E39/><V44/><F44/><T69/><D69/><U32/><E32/><V54/><F131/><T127/><D127/><U113/><E113/><V90/><F90/><T87/><D94/><U35/><E35/><V1/><F1/><T82/><D48/><U47/><AGARI ba="1,0" hai="36,38,40,47,50,55,59,62,86,89,93,97,103,106" machi="47" ten="30,2000,0" yaku="0,1,52,1" doraHai="46" who="1" fromWho="1" sc="330,-11,420,22,300,-11,0,0" /><INIT seed="5,2,0,0,2,41" ten="319,442,289,0" oya="1" hai0="39,120,34,78,87,1,86,132,122,33,82,64,105" hai1="125,60,72,40,123,66,121,103,58,48,32,59,53" hai2="50,49,71,93,115,0,114,75,102,68,96,135,109" hai3=""/><U126/><N who="1" m="31008" /><U38/><N who="1" m="31520" /><U119/><E72/><V84/><F109/><T94/><N who="0" m="30752" /><T80/><N who="0" m="31264" /><T108/><D108/><U51/><E32/><V42/><F75/><T85/><D1/><U76/><E76/><V110/><F110/><T131/><D105/><U90/><E103/><V65/><F0/><T70/><D39/><U129/><E90/><V56/><F135/><T104/><D132/><U95/><E95/><V107/><F84/><T37/><D104/><U46/><E119/><V113/><F107/><T35/><D37/><U61/><E129/><V130/><F130/><T54/><D131/><U98/><E98/><V111/><F111/><T44/><D94/><U97/><E97/><V55/><F65/><T43/><D54/><U118/><E118/><V99/><F99/><T92/><D92/><U88/><E88/><V52/><F42/><T77/><D86/><U73/><E73/><V116/><REACH who="2" step="1"/><F116/><REACH who="2" ten="319,442,279,0" step="2"/><T81/><D87/><U2/><E2/><V128/><F128/><T91/><D85/><U3/><E3/><V45/><AGARI ba="2,1" hai="45,49,50,52,55,56,68,71,93,96,102,113,114,115" machi="45" ten="30,12000,3" yaku="1,1,0,1,15,1,11,1,52,1,54,1,53,2" doraHai="41" doraHaiUra="67" who="2" fromWho="2" sc="319,-42,442,-82,279,134,0,0" /><INIT seed="6,0,0,2,5,101" ten="277,360,413,0" oya="2" hai0="93,95,122,53,49,90,43,57,109,71,80,134,106" hai1="78,86,105,34,100,76,81,52,0,82,44,55,130" hai2="88,62,50,97,42,127,77,39,104,129,45,72,1" hai3=""/><V113/><F1/><T60/><N who="0" m="31264" /><T40/><D109/><U110/><E0/><V116/><F116/><T112/><D134/><U92/><E130/><V48/><F129/><T63/><D112/><U108/><E34/><V70/><F113/><T124/><D124/><U103/><E44/><V121/><N who="2" m="31008" /><V58/><F70/><T37/><D106/><U125/><E92/><V75/><F127/><T85/><D63/><U111/><E125/><V79/><F88/><T3/><D3/><U33/><E33/><V38/><F50/><T94/><REACH who="0" step="1"/><D37/><REACH who="0" ten="267,360,413,0" step="2"/><U102/><E105/><V83/><F104/><T96/><D96/><U133/><E133/><V87/><F97/><T123/><N who="0" m="31520" /><T35/><D35/><U89/><E111/><V41/><F39/><T68/><D68/><U132/><E132/><V98/><F98/><T67/><AGARI ba="0,1" hai="40,43,49,53,57,60,67,71,80,85,90,93,94,95" m="31520,31264" machi="67" ten="30,5900,0" yaku="1,1,0,1,52,2,53,0" doraHai="101" doraHaiUra="32" who="0" fromWho="0" sc="267,69,360,-20,413,-39,0,0" /><INIT seed="8,0,0,0,3,65" ten="336,340,374,0" oya="0" hai0="59,52,122,75,43,40,98,116,66,76,78,70,74" hai1="56,129,72,47,128,35,123,58,131,119,134,99,73" hai2="87,101,1,62,132,48,94,60,115,77,112,79,68" hai3=""/><T38/><N who="0" m="31264" /><T91/><D116/><U32/><N who="1" m="31520" /><U39/><E119/><V55/><F1/><T0/><D0/><U96/><E134/><V46/><F132/><T126/><D126/><U64/><E64/><V88/><F101/><T93/><D75/><N who="1" m="28747" /><E47/><V37/><F37/><T34/><D34/><N who="1" m="12843" /><E39/><V83/><F79/><T130/><D130/><U135/><E135/><V118/><F118/><T42/><D38/><U117/><E117/><V133/><F133/><T57/><D74/><U44/><E44/><V103/><F103/><T97/><D97/><AGARI ba="0,0" hai="56,58,96,97,99,128,129,131" m="12843,28747,31520" machi="97" ten="40,8000,1" yaku="28,2,19,1,52,1" doraHai="65" who="1" fromWho="0" sc="336,-80,340,80,374,0,0,0" owari="256,-34.0,420,37.0,374,-3.0,0,0.0" /></mjloggm>