<mjloggm ver="2.3"><GO type="169" lobby="0"/><UN n0="%E5%A4%A7%E5%92%8C%E7%94%B0%E9%A0%AD%E5%8F%96" n1="%54%4C%6B%65%79" n2="%72%52%66%44%79%55%66" n3="%E2%80%A0%E7%99%BD%E5%85%8E%E2%80%A0" dan="18,16,16,16" rate="2231.78,2159.16,2136.40,2157.72" sx="M,M,M,M"/><TAIKYOKU oya="0"/><INIT seed="0,0,0,4,1,39" ten="250,250,250,250" oya="0" hai0="81,11,80,23,124,94,62,108,36,85,98,32,10" hai1="6,66,69,75,15,2,57,112,59,130,56,77,91" hai2="92,33,110,65,13,73,87,20,70,43,3,50,117" hai3="47,51,60,86,128,55,90,67,135,49,40,16,133"/><T22/><D32/><U21/><E2/><V106/><F110/><W97/><G97/><T99/><D124/><U121/><E121/><V45/><F73/><W0/><G0/><T100/><D108/><U30/><E6/><V37/><F3/><W111/><G111/><T31/><D36/><U4/><E4/><V93/><F106/><W17/><G128/><T34/><D34/><U116/><E116/><V119/><F33/><W9/><G9/><T107/><D62/><U18/><E130/><V122/><F122/><W35/><G35/><T71/><D71/><U28/><E75/><V127/><F127/><W7/><G7/><T101/><D80/><U44/><E77/><V63/><F37/><W74/><G74/><T41/><D41/><U78/><E78/><V68/><F68/><W79/><G79/><T72/><D72/><U19/><E44/><V14/><F20/><W115/><G115/><T89/><REACH who="0" step="1"/><D22/><REACH who="0" ten="240,250,250,250" step="2"/><U129/><E129/><V24/><F117/><W52/><G60/><T95/><D95/><U109/><E109/><V82/><F119/><W123/><G123/><T8/><D8/><U48/><E69/><V64/><F93/><N who="3" m="54487" /><G67/><T26/><AGARI ba="0,1" hai="10,11,23,26,31,81,85,89,94,98,99,100,101,107" machi="26" ten="30,3000,0" yaku="1,1,0,1,53,0" doraHai="39" doraHaiUra="53" who="0" fromWho="0" sc="240,40,250,-10,250,-10,250,-10" /><INIT seed="0,1,0,1,4,0" ten="280,240,240,240" oya="0" hai0="52,47,26,89,1,9,75,62,101,59,27,76,109" hai1="69,124,18,29,110,30,107,21,72,130,56,64,15" hai2="128,48,14,127,131,100,55,99,96,32,51,49,10" hai3="80,66,3,88,78,111,13,34,61,16,36,43,24"/><T19/><D109/><U4/><E107/><V113/><F113/><W70/><G111/><T93/><D101/><U41/><E72/><V83/><F32/><W82/><G3/><T22/><D75/><U123/><E69/><V90/><F127/><W119/><G119/><T35/><D76/><U134/><E110/><V67/><F67/><W37/><G43/><T7/><D47/><U84/><E123/><V132/><F132/><W53/><G53/><T2/><D2/><U125/><E41/><V81/><F55/><W45/><G45/><T94/><REACH who="0" step="1"/><D89/><REACH who="0" ten="270,240,240,240" step="2"/><U40/><E124/><V122/><F90/><W42/><G88/><T120/><D120/><U112/><E125/><V87/><F122/><W6/><G78/><T108/><D108/><U8/><E134/><V12/><F100/><W68/><G37/><T33/><D33/><U104/><E104/><V46/><F46/><W117/><G34/><T74/><D74/><U73/><E73/><V71/><F128/><W79/><G79/><T121/><D121/><U31/><E130/><V116/><F131/><W133/><G36/><T114/><D114/><U129/><E129/><V135/><F116/><W60/><G133/><T86/><D86/><U103/><E112/><V63/><F135/><W17/><G117/><T91/><D91/><U95/><E84/><V85/><F87/><W105/><G105/><T58/><D58/><U126/><E126/><V50/><F85/><W39/><G39/><T77/><D77/><U44/><E103/><V11/><F71/><W92/><G70/><T20/><D20/><U102/><E21/><RYUUKYOKU ba="1,1" sc="270,30,240,-10,240,-10,240,-10" hai0="1,7,9,19,22,26,27,35,52,59,62,93,94" /><INIT seed="0,2,1,0,5,7" ten="300,230,230,230" oya="0" hai0="81,55,5,46,66,107,19,26,20,129,43,76,63" hai1="123,94,4,77,117,62,104,16,64,17,52,42,1" hai2="119,9,54,73,108,30,18,74,12,127,35,53,61" hai3="25,126,45,39,71,131,91,128,97,32,112,2,75"/><T13/><D129/><U86/><E123/><V51/><F108/><W68/><G112/><T37/><D107/><U49/><E117/><V115/><F115/><W72/><G2/><T98/><D98/><U111/><E111/><V48/><F127/><W40/><G126/><T38/><D55/><U28/><E42/><V99/><F119/><W110/><G110/><T132/><D132/><U33/><E33/><V79/><F61/><W87/><G97/><T78/><D37/><U109/><E28/><V121/><F121/><W82/><G25/><T67/><D76/><U23/><E104/><V80/><F99/><W135/><G32/><T65/><D5/><U44/><E109/><V22/><F35/><W47/><G47/><T130/><D130/><N who="3" m="49705" /><G135/><T50/><D38/><U113/><E113/><V122/><F122/><W70/><AGARI ba="2,1" hai="39,40,45,68,70,71,72,75,82,87,91" m="49705" machi="70" ten="40,1500,0" yaku="19,1" doraHai="7" who="3" fromWho="3" sc="300,-9,230,-6,230,-6,230,31" /><INIT seed="1,0,0,4,2,26" ten="291,224,224,261" oya="1" hai0="79,36,67,9,129,24,10,121,3,134,60,13,125" hai1="78,88,42,61,92,103,50,72,6,91,99,115,102" hai2="127,112,47,14,130,19,76,107,38,104,0,109,89" hai3="63,1,44,116,45,27,124,49,11,95,100,35,5"/><U105/><E115/><V122/><F109/><W132/><G124/><T81/><D125/><U31/><E6/><V17/><F127/><W12/><G132/><T131/><D36/><U101/><E61/><V16/><F122/><W39/><G116/><T97/><D134/><U118/><E118/><V48/><F0/><W66/><G39/><T34/><D97/><N who="1" m="61679" /><E31/><V4/><F38/><W8/><G95/><T120/><D3/><U30/><E30/><V15/><F130/><N who="0" m="49674" /><D24/><U108/><E50/><V29/><F112/><W93/><G27/><T64/><D34/><U18/><E18/><V53/><F76/><W58/><G35/><T83/><D67/><U68/><E42/><V37/><F37/><W86/><G49/><T74/><D83/><N who="1" m="45511" /><E68/><V55/><F29/><W69/><G69/><N who="0" m="42119" /><D9/><U128/><E108/><V32/><F32/><W22/><G11/><T51/><D51/><U90/><E128/><V54/><F4/><AGARI ba="0,0" hai="4,10,13,74,79,81,120,121" m="42119,49674" machi="4" ten="30,1000,0" yaku="19,1" doraHai="26" who="0" fromWho="2" sc="291,10,224,0,224,-10,261,0" /><INIT seed="2,0,0,0,4,127" ten="301,224,214,261" oya="2" hai0="56,12,1,85,17,15,50,51,106,29,100,40,117" hai1="126,14,8,9,79,120,87,28,88,66,47,97,74" hai2="64,101,83,43,81,90,84,49,26,25,2,131,4" hai3="34,19,70,125,135,18,129,54,98,94,75,112,104"/><V69/><F101/><W119/><RYUUKYOKU type="yao9" ba="0,0" sc="301,0,224,0,214,0,261,0" hai3="18,19,34,54,70,75,94,98,104,112,119,125,129,135" /><INIT seed="2,1,0,3,2,44" ten="301,224,214,261" oya="2" hai0="121,7,46,132,28,87,74,85,26,114,91,43,92" hai1="65,77,12,58,130,94,37,73,81,129,93,103,131" hai2="135,122,112,19,110,106,60,107,24,126,79,99,97" hai3="21,56,116,133,14,49,123,38,80,4,113,18,101"/><V115/><F60/><W63/><G116/><T95/><D121/><U2/><E2/><V16/><F24/><W104/><G38/><T68/><D74/><U35/><E37/><V62/><F62/><W0/><G123/><T6/><D114/><N who="2" m="43562" /><F122/><W134/><G113/><T67/><D132/><U59/><E35/><V84/><F84/><W25/><G25/><T52/><D67/><U89/><E103/><V90/><F90/><W86/><G63/><T124/><D68/><U39/><E39/><V20/><F20/><W119/><G101/><T17/><D87/><N who="1" m="52415" /><E65/><V29/><F29/><W9/><G134/><T75/><D28/><U98/><E12/><V109/><F79/><W54/><G133/><T34/><D26/><U50/><E50/><V61/><F126/><W120/><G120/><T102/><D124/><U66/><E66/><V55/><F55/><W82/><G86/><T42/><D85/><U117/><E58/><V31/><F31/><W64/><G64/><T96/><D46/><U40/><E40/><V128/><F128/><W69/><G56/><T125/><D43/><U105/><E59/><V45/><F45/><W70/><G54/><T1/><D52/><U127/><E127/><V22/><F61/><W47/><G47/><T13/><D125/><U83/><E83/><V108/><F135/><W51/><G82/><T78/><D42/><U118/><E105/><N who="2" m="39947" /><F22/><W3/><G80/><T23/><D23/><U48/><E130/><V76/><F76/><W36/><G21/><T57/><D78/><U11/><E131/><V32/><F32/><W71/><G69/><RYUUKYOKU ba="1,0" sc="301,-10,224,-10,214,30,261,-10" hai2="16,19,97,99,108,109,110" /><INIT seed="2,2,0,5,0,54" ten="291,214,244,251" oya="2" hai0="90,26,39,8,17,77,83,64,19,43,25,112,75" hai1="105,134,15,125,9,6,46,111,0,74,42,129,94" hai2="98,18,124,44,119,126,5,128,97,91,100,115,69" hai3="85,3,104,47,16,60,89,114,121,45,87,67,80"/><V58/><F115/><W132/><G121/><T50/><D112/><U31/><E105/><V101/><F119/><W55/><G114/><T61/><D50/><U34/><E134/><V20/><F69/><W78/><G3/><T56/><D90/><U36/><E129/><V29/><F29/><W96/><G132/><T12/><REACH who="0" step="1"/><D19/><REACH who="0" ten="281,214,244,251" step="2"/><U127/><E125/><V33/><F91/><W2/><G16/><T103/><D103/><U27/><E127/><V135/><F18/><W106/><G89/><T122/><D122/><U71/><E36/><V81/><F101/><W133/><G133/><T21/><D21/><U131/><E131/><V86/><F20/><W68/><G78/><T53/><D53/><U49/><E49/><V62/><F100/><W30/><G55/><T35/><D35/><U93/><E34/><V40/><F33/><W23/><G23/><T118/><D118/><U113/><E113/><V117/><F117/><W41/><G41/><T130/><D130/><U7/><E42/><V37/><F128/><W76/><G76/><T10/><D10/><U59/><E9/><V107/><F135/><W88/><G88/><T28/><D28/><U24/><E31/><V108/><F124/><W22/><G30/><T52/><D52/><U84/><E46/><AGARI ba="2,1" hai="8,12,17,25,26,39,43,46,56,61,64,75,77,83" machi="46" ten="40,2600,0" yaku="1,1,52,1,53,0" doraHai="54" doraHaiUra="123" who="0" fromWho="1" sc="281,42,214,-32,244,0,251,0" /><INIT seed="3,0,0,4,3,111" ten="323,182,244,251" oya="3" hai0="13,69,23,22,74,88,110,122,45,12,53,113,127" hai1="76,105,61,97,104,60,21,43,130,4,9,126,41" hai2="66,49,46,85,1,38,5,84,87,59,123,121,124" hai3="32,90,82,63,128,40,70,68,78,132,6,133,107"/><W31/><G107/><T114/><D122/><N who="2" m="46602" /><F38/><W54/><G6/><T83/><D69/><U134/><E130/><V44/><F124/><W29/><G90/><T92/><D110/><U125/><E134/><N who="3" m="51818" /><G40/><N who="1" m="15434" /><E76/><V64/><F59/><N who="3" m="35319" /><G128/><T106/><D106/><N who="1" m="41067" /><E21/><V71/><F71/><N who="3" m="27179" /><G32/><T27/><D88/><U11/><E97/><V65/><F49/><W94/><G94/><T77/><D92/><U135/><E135/><V115/><F5/><W30/><G30/><T108/><D108/><U119/><E119/><V3/><F1/><W16/><G16/><N who="0" m="12775" /><D22/><U75/><E75/><AGARI ba="0,0" hai="29,31,75,78,82" m="27179,35319,51818" machi="75" ten="30,1500,0" yaku="20,1" doraHai="111" who="3" fromWho="1" sc="323,0,182,-15,244,0,251,15" /><INIT seed="3,1,0,5,5,40" ten="323,167,244,266" oya="3" hai0="125,104,35,111,71,79,126,123,124,88,134,61,2" hai1="32,70,100,113,19,6,101,18,84,9,74,29,30" hai2="64,93,133,69,15,109,56,118,119,83,81,3,24" hai3="66,121,68,87,14,78,58,39,76,102,50,59,55"/><W11/><G121/><T45/><D123/><U127/><E74/><V41/><F109/><W12/><G39/><T25/><D111/><U95/><E113/><V112/><F3/><W53/><G102/><T17/><D134/><U20/><E70/><V77/><F112/><W129/><G129/><T73/><D104/><U49/><E127/><V47/><F133/><W22/><G66/><N who="0" m="41423" /><D2/><U48/><E32/><V63/><F93/><W36/><G36/><T33/><D88/><U27/><E6/><V86/><F24/><W1/><G68/><T85/><D85/><U115/><E115/><V105/><F105/><W91/><G22/><N who="0" m="13519" /><D45/><U103/><E84/><V52/><F15/><W10/><G1/><T26/><D26/><U122/><E95/><V46/><F83/><AGARI ba="1,0" hai="33,35,73,79,83,124,125,126" m="13519,41423" machi="83" ten="30,1000,0" yaku="18,1" doraHai="40" who="0" fromWho="2" sc="323,13,167,0,244,-13,266,0" /><INIT seed="4,0,0,2,2,24" ten="336,167,231,266" oya="0" hai0="70,114,62,23,110,8,47,35,98,72,123,28,106" hai1="16,67,91,17,102,75,57,49,83,111,36,101,80" hai2="127,79,103,96,119,3,134,118,66,14,108,59,2" hai3="88,113,122,0,86,93,5,92,63,51,34,77,68"/><T115/><D123/><U4/><E111/><V132/><F108/><W61/><G113/><T44/><D110/><U58/><E36/><V26/><F79/><W41/><G122/><T131/><D72/><U82/><E75/><V10/><F26/><W71/><G34/><T128/><D8/><U133/><E4/><V73/><F73/><W13/><G0/><N who="2" m="41" /><F66/><W112/><G112/><T48/><D23/><U30/><E133/><N who="2" m="51307" /><F59/><W105/><G77/><T25/><D114/><U99/><E91/><V69/><F69/><W42/><G71/><T54/><D115/><U85/><E85/><V53/><F53/><W39/><G68/><T135/><D47/><U21/><E67/><V7/><F127/><W22/><G63/><T31/><D31/><U78/><E78/><V9/><F9/><W89/><G61/><T117/><D135/><U109/><E109/><V45/><F45/><W20/><G39/><T11/><D11/><U104/><E30/><V56/><F56/><W46/><G42/><T130/><D62/><U43/><E57/><V84/><F84/><N who="3" m="52231" /><G105/><AGARI ba="0,0" hai="7,10,14,96,103,105,118,119" m="51307,41" machi="105" ten="30,1000,0" yaku="20,1" doraHai="24" who="2" fromWho="3" sc="336,0,167,0,231,10,266,-10" /><INIT seed="5,0,0,4,3,22" ten="336,167,241,256" oya="1" hai0="133,73,33,59,131,4,128,87,75,80,111,6,72" hai1="15,94,88,89,42,125,92,98,99,123,114,81,127" hai2="50,44,100,134,97,20,70,1,5,96,29,2,54" hai3="53,35,64,36,13,0,82,45,43,129,10,78,126"/><U93/><E123/><V106/><F134/><W107/><G129/><N who="0" m="49739" /><D111/><U25/><E114/><V108/><F108/><W60/><G35/><T57/><D33/><U91/><E42/><V83/><F70/><W121/><G107/><T21/><D21/><U18/><E81/><V65/><F65/><W119/><G53/><T38/><D38/><U66/><E66/><V7/><F97/><W11/><G0/><T116/><D116/><U104/><E25/><V46/><F46/><W23/><G45/><T51/><D51/><U27/><E27/><V115/><F115/><W61/><G61/><T77/><D133/><U95/><E104/><V9/><F83/><W85/><G82/><T69/><D69/><U19/><N who="1" m="23552" /><DORA hai="101" /><U109/><E109/><V84/><F84/><W122/><G85/><T48/><D48/><U90/><N who="1" m="22528" /><DORA hai="30" /><U12/><E99/><V17/><F29/><W68/><G43/><T71/><D71/><U34/><E34/><V124/><F124/><N who="1" m="47689" /><E98/><V110/><F110/><W31/><G122/><T120/><D120/><U52/><E52/><V74/><F96/><W49/><G121/><T103/><D80/><U58/><E58/><V132/><F54/><W40/><G40/><T105/><D57/><U130/><E130/><V86/><F106/><W28/><G126/><T55/><D105/><U63/><E63/><V26/><F26/><W14/><G60/><T62/><D62/><U41/><E41/><V16/><F132/><W67/><G67/><T47/><D55/><U24/><E24/><V102/><F102/><W37/><G64/><T3/><D103/><RYUUKYOKU ba="0,0" sc="336,-10,167,30,241,-10,256,-10" hai1="12,15,18,19" /><INIT seed="5,1,0,3,4,2" ten="326,197,231,246" oya="1" hai0="103,35,85,62,66,59,10,32,113,8,44,75,14" hai1="28,77,76,111,134,127,63,42,130,94,109,58,16" hai2="19,40,133,24,30,57,0,112,121,46,56,31,4" hai3="118,115,20,69,61,25,53,38,83,91,81,108,96"/><U90/><E130/><V6/><F121/><W43/><G108/><N who="1" m="41546" /><E127/><V87/><F0/><W34/><G115/><T39/><D75/><U92/><E134/><V13/><F133/><W126/><G34/><T71/><D71/><U125/><E42/><V47/><F112/><W37/><G118/><T52/><D113/><U124/><E28/><N who="2" m="10795" /><F24/><W22/><G43/><T131/><D131/><U1/><E1/><V55/><F87/><W95/><G126/><N who="1" m="48746" /><E16/><V86/><F86/><W106/><G37/><T7/><D39/><U117/><E117/><V116/><F116/><W11/><G38/><T36/><D36/><U79/><E90/><V49/><F47/><W3/><G91/><T102/><D44/><U33/><E33/><V98/><F98/><W5/><G22/><T29/><D35/><U41/><E41/><V88/><F88/><W100/><G20/><T110/><D110/><U26/><E26/><V84/><F84/><W45/><G25/><T50/><D32/><U97/><E97/><V74/><F74/><W70/><G3/><T51/><D29/><U73/><E73/><V132/><F132/><W101/><G96/><T78/><D85/><U12/><E12/><V82/><F82/><W104/><G83/><T93/><D14/><U67/><AGARI ba="1,0" hai="58,63,67,76,77,79,92,94" m="48746,41546" machi="67" ten="40,3900,0" yaku="10,1,18,1" doraHai="2" who="1" fromWho="1" sc="326,-14,197,42,231,-14,246,-14" /><INIT seed="5,2,0,0,3,34" ten="312,239,217,232" oya="1" hai0="14,29,8,84,10,19,17,86,110,113,23,33,66" hai1="51,24,0,60,125,6,119,78,44,121,4,103,64" hai2="115,16,102,70,52,20,89,68,79,75,85,108,124" hai3="82,47,26,62,97,3,77,40,48,116,88,32,39"/><U21/><E121/><V55/><F108/><W87/><G116/><T7/><D110/><U112/><E119/><V130/><F124/><W18/><G3/><T83/><D113/><U127/><E112/><V56/><F115/><W58/><G39/><T129/><D129/><U45/><E78/><V15/><F130/><W107/><G107/><T49/><D66/><U126/><E103/><V31/><F31/><W63/><G32/><T27/><D49/><U101/><E101/><V100/><F100/><W42/><G42/><T71/><D71/><U104/><E104/><V114/><F114/><W13/><G26/><T95/><D95/><U57/><E0/><V92/><F102/><W81/><G58/><T37/><D37/><U80/><E80/><N who="2" m="45183" /><F55/><W93/><REACH who="3" step="1"/><G81/><REACH who="3" ten="312,239,217,222" step="2"/><T67/><D83/><U123/><E123/><V98/><F98/><W61/><G61/><T72/><D27/><U43/><REACH who="1" step="1"/><E45/><REACH who="1" ten="312,229,217,222" step="2"/><V28/><F28/><AGARI ba="2,2" hai="4,6,21,24,28,43,44,51,57,60,64,125,126,127" machi="28" ten="40,12000,1" yaku="1,1,2,1,18,1,53,1" doraHai="34" doraHaiUra="59" who="1" fromWho="2" sc="312,0,229,146,217,-126,222,0" /><INIT seed="5,3,0,5,3,127" ten="312,375,91,222" oya="1" hai0="134,122,97,56,81,87,88,124,117,4,5,85,13" hai1="58,16,104,77,130,129,61,90,83,98,123,95,111" hai2="9,47,119,55,109,74,2,33,30,84,121,91,29" hai3="93,78,32,105,24,11,23,66,59,0,10,135,76"/><U45/><E123/><V94/><F109/><W6/><G105/><T68/><D68/><U49/><E111/><V73/><F119/><W128/><G32/><T37/><D117/><U26/><E104/><V65/><F121/><W42/><G135/><T53/><D37/><U115/><E115/><V43/><F65/><W132/><G42/><T125/><D122/><U79/><E26/><V107/><F107/><W118/><G132/><T27/><D134/><U102/><E16/><V108/><F108/><W63/><G128/><N who="1" m="49258" /><E102/><V131/><F55/><W112/><G112/><T46/><D27/><U3/><E3/><V67/><F2/><W31/><G118/><T71/><D125/><U38/><E38/><V103/><F30/><W22/><G22/><T50/><D124/><U116/><E116/><V35/><F103/><W72/><G23/><T82/><D13/><U57/><E61/><V114/><F114/><W14/><G24/><T34/><D34/><U96/><E98/><V62/><F62/><W80/><G63/><T54/><D97/><U120/><E120/><V48/><F35/><W12/><G0/><T89/><D71/><U21/><E21/><V126/><F126/><W15/><G15/><T41/><D4/><U36/><E36/><V70/><F131/><W113/><G14/><T19/><D5/><U8/><E8/><V18/><F9/><W69/><G11/><T133/><D19/><U99/><E99/><V7/><F18/><W20/><G10/><T44/><D133/><U100/><E100/><V60/><F7/><W28/><G113/><T64/><D50/><RYUUKYOKU ba="3,0" sc="312,-10,375,-10,91,30,222,-10" hai2="29,33,43,47,48,60,67,70,73,74,84,91,94" /><INIT seed="6,4,0,0,0,131" ten="302,365,121,212" oya="2" hai0="104,36,93,107,59,1,13,30,65,99,16,64,124" hai1="105,106,101,6,34,10,117,72,88,114,56,80,15" hai2="129,2,83,73,54,51,31,63,123,22,113,4,29" hai3="44,58,103,115,128,89,39,46,82,111,8,77,49"/><V21/><F123/><W23/><G111/><T40/><D1/><U14/><E117/><V18/><F129/><W91/><G128/><T108/><D108/><U17/><E34/><V47/><F113/><W69/><G69/><T79/><D30/><U112/><E101/><V110/><F110/><W3/><G103/><T75/><D75/><U71/><E71/><V42/><F22/><W24/><G58/><T109/><D79/><U9/><E56/><V67/><F42/><N who="3" m="22623" /><G46/><T121/><D124/><U98/><E72/><V5/><F73/><N who="3" m="43311" /><G49/><T62/><D65/><U53/><E53/><V135/><F83/><W55/><G55/><T28/><D121/><U19/><E19/><V84/><F84/><W102/><G102/><T52/><D64/><U97/><E97/><V35/><F35/><W86/><G86/><T68/><D68/><U92/><E80/><V33/><F33/><W96/><G96/><T133/><D28/><N who="2" m="10826" /><F135/><W20/><G115/><AGARI ba="4,0" hai="6,9,10,14,15,17,88,92,98,105,106,112,114,115" machi="115" ten="40,2600,0" yaku="15,1,54,1" doraHai="131" who="1" fromWho="3" sc="302,0,365,38,121,0,212,-38" /><INIT seed="7,0,0,3,2,31" ten="302,403,121,174" oya="3" hai0="86,132,105,91,34,110,106,85,90,25,13,4,127" hai1="117,6,22,35,79,113,43,72,53,93,65,103,87" hai2="116,26,77,126,33,51,111,46,92,119,3,135,54" hai3="109,32,125,83,98,0,129,1,8,47,58,7,128"/><W94/><G125/><T52/><D110/><U71/><E113/><V49/><F111/><W84/><G109/><T60/><D132/><U73/><E43/><V42/><F126/><W95/><G1/><T130/><D130/><U101/><E35/><V88/><F135/><W38/><G58/><T37/><D37/><U61/><E6/><V59/><F3/><W12/><G0/><T40/><D40/><U123/><E123/><V55/><F77/><W107/><G107/><T5/><D13/><U81/><E117/><V27/><F42/><N who="3" m="22999" /><G98/><T76/><D105/><U68/><E68/><V30/><REACH who="2" step="1"/><F26/><REACH who="2" ten="302,403,111,174" step="2"/><W100/><G129/><T121/><D25/><U80/><E79/><V29/><F29/><W56/><G128/><T45/><D76/><U63/><E73/><V17/><F17/><W114/><G7/><T78/><D4/><U99/><E72/><V133/><F133/><W20/><G114/><T2/><D5/><U124/><E124/><V134/><F134/><W97/><G12/><T44/><D78/><U89/><E22/><V122/><F122/><W21/><G20/><T66/><D2/><U39/><E39/><V36/><F36/><W19/><G21/><T69/><D121/><U9/><E81/><V48/><F48/><W118/><G83/><T120/><D120/><U74/><E80/><V10/><F10/><W41/><G19/><T112/><D127/><U62/><E74/><V15/><F15/><W67/><G8/><T115/><D115/><U16/><E16/><V96/><AGARI ba="0,1" hai="27,30,33,46,49,51,54,55,59,88,92,96,116,119" machi="96" ten="20,8000,1" yaku="1,1,0,1,7,1,52,1,54,1,53,0" doraHai="31" doraHaiUra="14" who="2" fromWho="2" sc="302,-20,403,-20,111,90,174,-40" owari="282,8.0,383,49.0,201,-20.0,134,-37.0" /></mjloggm>