<mjloggm ver="2.3"><GO type="225" lobby="0"/><UN n0="%5C%E3%81%AF%E3%81%A1%E3%81%8D%E3%82%87%E3%81%86%2F" n1="%E3%81%AF%E3%82%88%E3%81%8A%E3%81%98%E3%81%95%E3%82%93" n2="%E3%81%95%E3%81%8B%E3%81%95%E3%81%BE%E3%82%A8%E3%83%9E%E3%83%8E%E3%83%B3" n3="%E3%81%93%E3%81%84%E3%82%8F%E3%81%84%E3%82%88%E3%81%A4%E3%81%B0" dan="16,17,16,18" rate="2096.59,2138.78,2063.32,2238.60" sx="M,M,F,M"/><TAIKYOKU oya="0"/><INIT seed="0,0,0,3,4,30" ten="250,250,250,250" oya="0" hai0="59,93,116,24,27,1,107,9,47,83,103,60,56" hai1="109,97,86,123,51,54,69,129,74,135,91,67,35" hai2="41,82,96,7,17,72,125,89,110,0,53,99,111" hai3="81,108,29,64,11,131,36,130,114,8,124,77,6"/><T25/><D107/><U38/><E123/><V10/><F125/><W128/><G114/><T122/><D116/><U102/><E74/><V42/><F53/><W120/><G36/><T39/><D122/><U55/><E38/><V15/><F96/><W94/><G120/><T78/><D103/><U126/><E126/><V40/><F99/><W5/><G124/><T58/><D93/><U75/><E75/><V80/><F89/><W113/><G113/><T23/><D23/><U88/><E69/><V118/><F118/><W22/><G64/><T104/><D104/><U46/><E67/><V52/><F52/><W50/><G50/><T20/><D20/><U3/><E3/><V117/><F117/><W65/><G65/><T121/><D121/><U31/><E55/><V95/><F95/><W62/><G62/><T13/><D1/><U4/><E4/><N who="3" m="1642" /><G94/><T85/><D39/><U68/><E68/><V100/><F100/><W87/><G108/><N who="2" m="41513" /><F72/><W43/><G43/><T48/><D60/><U127/><E127/><V92/><F92/><W73/><G73/><T132/><D132/><U115/><E135/><V134/><F134/><W49/><G49/><T16/><D58/><U98/><E97/><V21/><AGARI ba="0,0" hai="0,7,10,15,17,21,40,41,42,80,82" m="41513" machi="21" ten="30,1100,0" yaku="14,1" doraHai="30" who="2" fromWho="2" sc="250,-5,250,-3,250,11,250,-3" /><INIT seed="1,0,0,0,4,21" ten="245,247,261,247" oya="1" hai0="132,80,44,88,73,23,115,36,64,24,45,37,94" hai1="41,130,107,129,0,34,59,101,122,22,8,84,56" hai2="102,48,75,82,105,49,96,113,50,104,106,57,131" hai3="9,90,38,51,68,12,65,17,1,99,7,97,109"/><U28/><E122/><V127/><F127/><W128/><G38/><T85/><D115/><U100/><E34/><V5/><F113/><W40/><G109/><T13/><D132/><U42/><E84/><V76/><F131/><N who="1" m="50185" /><E8/><V125/><F125/><W47/><G128/><T2/><D2/><U118/><E0/><V86/><F5/><W78/><G78/><T32/><D32/><U120/><E120/><V16/><F57/><N who="1" m="22089" /><E118/><V11/><REACH who="2" step="1"/><F75/><REACH who="2" ten="245,247,251,247" step="2"/><W116/><G7/><T103/><D73/><U114/><E114/><V33/><F33/><W92/><G116/><T25/><D37/><U126/><E126/><V46/><F46/><W108/><G108/><T39/><D39/><U6/><E6/><V69/><F69/><W35/><G35/><T52/><D36/><U18/><E28/><V77/><F77/><W66/><G68/><T133/><D133/><U111/><E111/><V19/><F19/><W14/><G1/><T43/><D45/><U3/><E3/><V60/><F60/><W20/><G17/><T55/><D44/><U124/><E124/><V72/><F72/><W27/><G47/><T110/><D110/><U63/><E63/><V31/><F31/><W67/><G40/><T54/><D43/><U61/><E61/><V98/><F98/><W117/><G99/><N who="0" m="59895" /><D64/><U62/><E62/><V91/><F91/><W29/><G117/><T112/><D112/><U79/><E79/><V123/><F123/><W81/><G67/><T70/><D70/><U26/><E101/><V30/><F30/><W83/><G66/><T10/><D88/><U89/><E89/><RYUUKYOKU ba="0,1" sc="245,-15,247,15,251,15,247,-15" hai1="18,22,26,41,42,100,107" hai2="11,16,48,49,50,76,82,86,96,102,104,105,106" /><INIT seed="1,1,1,4,0,133" ten="230,262,266,232" oya="1" hai0="37,62,26,10,52,27,29,122,80,14,107,91,61" hai1="116,129,48,51,16,83,32,30,96,101,97,46,78" hai2="113,93,50,75,33,40,34,65,7,25,87,28,77" hai3="81,112,132,2,47,119,21,35,67,103,17,134,41"/><U56/><E116/><V88/><F113/><W110/><G112/><T39/><D107/><U19/><E129/><V3/><F34/><W13/><G2/><T42/><D122/><U86/><E30/><V130/><F130/><W68/><G35/><T69/><D69/><U90/><E32/><V11/><F65/><W8/><G110/><T58/><D61/><U123/><E123/><V71/><F71/><W59/><G68/><T1/><D1/><U111/><E111/><V72/><REACH who="2" step="1"/><F77/><REACH who="2" ten="230,262,256,232" step="2"/><W100/><G132/><T45/><D39/><U43/><E78/><V74/><F74/><W0/><G67/><T63/><D63/><U106/><E96/><V131/><F131/><W20/><G134/><T117/><D117/><U118/><REACH who="1" step="1"/><E118/><REACH who="1" ten="230,252,256,232" step="2"/><V55/><F55/><AGARI ba="1,3" hai="16,19,43,46,48,51,55,56,83,86,90,97,101,106" machi="55" ten="40,7700,0" yaku="1,1,2,1,54,1,53,0" doraHai="133" doraHaiUra="115" who="1" fromWho="2" sc="230,0,252,110,256,-80,232,0" /><INIT seed="1,2,0,0,0,39" ten="230,362,176,232" oya="1" hai0="43,58,108,8,18,130,46,51,73,95,103,71,69" hai1="97,127,59,52,42,21,133,54,44,28,17,25,93" hai2="107,23,5,89,65,85,29,20,66,68,12,49,0" hai3="131,116,53,84,40,14,1,7,119,83,99,128,74"/><U91/><E127/><V124/><F107/><W77/><G1/><T132/><D108/><U129/><E129/><N who="3" m="49738" /><G53/><T115/><D130/><U75/><E133/><V105/><F105/><W35/><G35/><T109/><D109/><U33/><E75/><V117/><F117/><N who="3" m="45131" /><G99/><T50/><D115/><U19/><E59/><V125/><F0/><W9/><G40/><T56/><D73/><AGARI ba="2,0" hai="7,9,14,73,74,77,83,84" m="45131,49738" machi="73" ten="30,2000,0" yaku="19,1,12,1" doraHai="39" who="3" fromWho="0" sc="230,-26,362,0,176,0,232,26" /><INIT seed="2,0,0,5,1,80" ten="204,362,176,258" oya="2" hai0="42,56,119,38,83,68,93,41,95,123,65,90,21" hai1="110,63,71,44,7,61,74,122,98,106,66,35,10" hai2="128,62,96,52,45,124,75,53,64,84,100,46,77" hai3="6,34,113,78,81,88,89,82,87,114,14,20,131"/><V112/><F112/><N who="3" m="43115" /><G34/><T22/><D123/><U118/><E118/><V67/><F75/><N who="3" m="43231" /><G131/><T102/><D68/><U39/><E35/><V134/><F128/><W11/><G20/><N who="0" m="7787" /><D38/><U33/><E33/><V86/><F124/><W126/><G89/><T101/><D119/><U117/><E39/><V18/><F134/><W50/><G50/><T30/><D30/><U85/><E63/><V107/><F18/><W105/><G105/><T1/><D1/><U104/><E61/><V25/><F25/><W127/><AGARI ba="0,0" hai="6,11,14,82,87,88,126,127" m="43231,43115" machi="127" ten="30,4000,0" yaku="11,1,52,1,54,1" doraHai="80" who="3" fromWho="3" sc="204,-10,362,-10,176,-20,258,40" /><INIT seed="3,0,0,3,5,98" ten="194,352,156,298" oya="3" hai0="25,59,69,2,82,127,33,38,10,29,39,132,123" hai1="104,80,15,63,122,134,42,26,84,20,57,126,86" hai2="16,94,78,27,101,53,52,93,133,50,99,23,77" hai3="83,109,58,90,73,4,43,31,51,24,75,68,111"/><W34/><G68/><T117/><D59/><U47/><E104/><V95/><F133/><W66/><G4/><N who="0" m="1303" /><D132/><U60/><E122/><V8/><F8/><W9/><G9/><T124/><D117/><U131/><E126/><N who="0" m="48169" /><D123/><U1/><E1/><V49/><F49/><W100/><G66/><T28/><D69/><U118/><E131/><V0/><F0/><W106/><G90/><T12/><D29/><U32/><E32/><V108/><F108/><N who="3" m="41547" /><G83/><T36/><D12/><U85/><E15/><V18/><F18/><W115/><G115/><T17/><D17/><U61/><E118/><V76/><F53/><N who="3" m="32063" /><G43/><T3/><D3/><U7/><E7/><V97/><F97/><AGARI ba="0,0" hai="24,31,34,73,75,97,100,106" m="32063,41547" machi="97" ten="30,5800,0" yaku="14,1,10,1,52,1" doraHai="98" who="3" fromWho="2" sc="194,0,352,0,156,-58,298,58" owari="194,-21.0,352,15.0,98,-40.0,356,46.0" /></mjloggm>