<mjloggm ver="2.3"><GO type="169" lobby="0"/><UN n0="%E3%81%BF%E3%81%8B%E3%82%82%E3%82%81" n1="%E3%81%BF%E3%81%91%E3%81%AD%E3%81%93%E3%80%82" n2="%E3%83%99%E3%82%B8%E2%80%95%E3%82%BF" n3="%6D%69%7A%75%79%6F%75" dan="17,17,16,16" rate="2199.49,2178.85,2143.54,2187.36" sx="M,M,M,M"/><TAIKYOKU oya="0"/><INIT seed="0,0,0,0,0,91" ten="250,250,250,250" oya="0" hai0="124,50,133,68,125,87,89,56,75,128,63,69,26" hai1="2,112,121,55,109,92,9,105,88,106,41,111,70" hai2="11,44,114,12,90,58,65,38,49,25,0,47,123" hai3="96,29,127,100,93,66,53,54,17,76,40,134,22"/><T101/><D75/><U37/><E70/><V8/><F114/><W14/><G134/><T115/><D115/><U113/><E121/><V97/><F123/><W81/><G127/><N who="0" m="48715" /><D101/><U45/><E55/><V43/><F0/><W119/><G119/><T99/><D99/><N who="1" m="57735" /><E112/><V30/><F65/><W78/><G40/><T95/><D133/><U59/><E113/><V118/><F58/><W34/><G76/><T122/><D122/><U83/><E59/><V46/><F118/><W126/><G66/><N who="0" m="39271" /><D128/><U129/><E129/><V3/><F3/><W74/><REACH who="3" step="1"/><G126/><REACH who="3" ten="250,250,250,240" step="2"/><T57/><D26/><AGARI ba="0,1" hai="14,17,22,26,29,34,53,54,74,78,81,93,96,100" machi="26" ten="40,5200,0" yaku="1,1,2,1,52,1,53,0" doraHai="91" doraHaiUra="103" who="3" fromWho="0" sc="250,-52,250,0,250,0,240,62" /><INIT seed="1,0,0,5,0,59" ten="198,250,250,302" oya="1" hai0="26,70,134,17,64,86,16,68,18,88,132,97,37" hai1="62,118,113,24,22,128,85,61,121,15,112,74,71" hai2="92,130,19,50,73,124,127,33,0,34,7,45,29" hai3="40,36,82,14,69,23,5,105,125,96,129,11,6"/><U115/><E74/><V101/><F73/><W31/><G129/><T9/><D37/><U8/><E71/><V122/><F122/><W72/><G125/><N who="2" m="48201" /><F130/><W89/><G5/><T57/><D97/><U28/><E118/><V114/><F114/><W103/><G69/><T53/><D26/><U106/><E121/><V94/><F19/><W51/><G36/><T58/><D9/><U133/><E106/><V47/><F47/><W44/><G31/><T52/><D64/><U81/><E128/><V41/><F29/><W84/><G23/><T60/><D70/><U102/><E102/><V91/><F101/><W20/><G20/><T42/><D42/><U30/><E30/><V98/><F94/><W66/><G66/><T99/><D99/><U43/><E43/><V108/><F108/><W135/><REACH who="3" step="1"/><G72/><REACH who="3" ten="198,250,250,292" step="2"/><T49/><REACH who="0" step="1"/><D68/><REACH who="0" ten="188,250,250,292" step="2"/><U32/><E32/><V131/><F131/><W12/><G12/><T117/><D117/><U120/><E120/><V78/><F34/><W87/><G87/><T119/><D119/><U4/><REACH who="1" step="1"/><E133/><AGARI ba="0,2" hai="6,11,14,40,44,51,82,84,89,96,103,105,133,135" machi="133" ten="40,1300,0" yaku="1,1,53,0" doraHai="59" doraHaiUra="63" who="3" fromWho="1" sc="188,0,250,-13,250,0,292,33" /><INIT seed="2,0,0,0,4,66" ten="188,237,250,325" oya="2" hai0="61,104,23,48,35,37,80,116,95,26,119,132,133" hai1="24,93,10,19,39,1,53,82,65,58,63,68,86" hai2="70,78,121,31,71,45,4,21,33,38,43,102,30" hai3="49,52,41,122,55,73,46,110,15,130,77,90,54"/><V28/><F121/><W44/><G122/><T3/><D37/><U91/><E39/><V51/><F33/><W76/><G110/><T87/><D104/><U134/><E134/><N who="0" m="51817" /><D3/><U126/><E126/><V111/><F111/><W59/><G130/><T107/><D107/><U8/><E1/><V96/><F78/><W97/><G73/><T81/><D35/><U75/><E19/><V16/><F4/><W120/><G120/><T128/><D48/><U135/><E135/><V127/><F127/><W114/><G114/><T18/><D61/><U84/><E24/><V56/><F56/><W99/><G59/><T29/><D18/><U14/><E75/><V62/><F62/><W92/><G46/><T42/><D42/><U74/><E74/><V7/><F7/><W12/><G99/><T0/><D0/><U17/><E10/><V69/><F38/><W64/><G64/><T27/><D27/><U118/><E118/><N who="0" m="45097" /><D128/><U11/><E11/><V13/><REACH who="2" step="1"/><F31/><REACH who="2" ten="188,237,240,325" step="2"/><W85/><G76/><T89/><AGARI ba="0,1" hai="23,26,29,80,81,87,89,95" m="45097,51817" machi="89" ten="40,2700,0" yaku="20,1,12,1" doraHai="66" who="0" fromWho="0" sc="188,37,237,-7,240,-13,325,-7" /><INIT seed="3,0,0,1,0,75" ten="225,230,227,318" oya="3" hai0="134,50,61,28,4,52,91,19,7,93,11,73,32" hai1="55,135,104,90,48,29,114,77,115,120,45,25,18" hai2="27,39,10,51,57,125,109,113,74,81,127,96,99" hai3="24,22,86,132,21,31,124,80,97,43,71,12,133"/><W67/><G124/><N who="2" m="47689" /><F109/><W42/><G97/><T112/><D134/><N who="3" m="51817" /><G67/><T119/><D119/><U106/><E120/><V126/><F39/><W70/><G12/><T46/><D73/><U59/><E135/><V84/><F74/><W76/><G21/><T2/><D112/><U72/><E18/><V89/><F126/><W8/><G8/><T122/><D122/><U92/><E104/><V131/><F131/><W78/><G78/><T129/><D129/><U0/><E106/><V123/><F123/><W103/><G103/><T110/><D110/><U128/><E128/><V64/><F113/><W16/><G31/><T3/><D61/><U111/><E111/><V65/><F27/><W85/><G85/><T56/><D32/><U58/><E0/><V107/><F10/><W95/><G95/><T35/><D35/><U9/><E9/><V33/><F33/><W130/><G130/><T60/><D28/><U5/><E77/><V68/><F68/><AGARI ba="0,0" hai="16,22,24,42,43,68,70,71,76,80,86" m="51817" machi="68" ten="30,5800,0" yaku="20,1,52,1,54,1" doraHai="75" who="3" fromWho="2" sc="225,0,230,0,227,-58,318,58" /><INIT seed="3,1,0,4,5,55" ten="225,230,169,376" oya="3" hai0="60,53,62,9,84,37,51,16,97,71,93,33,111" hai1="88,6,103,35,39,22,123,92,8,21,34,57,44" hai2="134,4,12,73,30,102,20,107,91,26,58,3,80" hai3="124,86,98,28,104,118,13,90,79,46,126,76,89"/><W122/><G28/><T99/><D111/><U24/><E123/><V2/><F134/><W38/><G122/><T96/><D37/><U50/><E103/><V40/><F40/><W109/><G118/><T59/><D33/><U77/><E77/><V69/><F69/><W110/><G13/><N who="0" m="7215" /><D71/><U41/><E22/><V17/><F102/><N who="3" m="62551" /><G38/><T0/><D0/><U43/><E43/><V68/><F68/><W128/><G46/><T114/><D114/><U94/><E94/><V72/><F107/><W36/><G90/><AGARI ba="1,0" hai="51,53,59,60,62,84,90,93,96,97,99" m="7215" machi="90" ten="30,3900,0" yaku="8,1,52,1,54,1" doraHai="55" who="0" fromWho="3" sc="225,42,230,0,169,0,376,-42" /><INIT seed="4,0,0,1,5,135" ten="267,230,169,334" oya="0" hai0="95,110,6,96,93,47,94,83,65,133,104,51,73" hai1="3,37,13,120,109,49,40,89,124,18,98,43,108" hai2="32,35,27,8,70,44,115,59,78,54,61,42,2" hai3="69,10,127,26,48,88,111,132,64,72,36,122,19"/><T103/><D133/><U31/><E120/><V0/><F115/><W45/><G36/><T39/><D39/><U22/><E37/><V86/><F70/><W52/><G72/><T34/><D34/><U66/><E3/><V7/><F0/><W29/><G132/><T99/><D6/><U12/><E124/><V106/><F106/><W131/><G127/><T68/><D110/><U4/><E31/><V71/><F71/><W9/><G111/><T90/><D65/><U38/><E38/><V116/><F116/><W113/><G113/><T28/><D28/><U16/><E4/><V82/><F27/><W85/><G131/><T81/><D68/><U97/><E66/><V130/><F130/><W76/><G76/><N who="0" m="44175" /><D51/><AGARI ba="0,0" hai="2,7,8,32,35,42,44,51,54,59,61,78,82,86" machi="51" ten="30,1000,0" yaku="7,1" doraHai="135" who="2" fromWho="0" sc="267,-10,230,0,169,10,334,0" /><INIT seed="5,0,0,2,2,102" ten="257,230,179,334" oya="1" hai0="37,10,130,117,88,67,42,86,9,78,30,68,19" hai1="110,70,74,7,20,76,82,79,97,131,14,72,40" hai2="65,34,83,52,112,118,35,64,93,101,84,132,29" hai3="49,133,124,58,106,126,113,81,135,107,43,15,53"/><U104/><E70/><V55/><F118/><W134/><G113/><T92/><D117/><U54/><E40/><V85/><F112/><W91/><G15/><T98/><D130/><U71/><E71/><V47/><F132/><W23/><G23/><T77/><D30/><U94/><E131/><V28/><F101/><W128/><G43/><T32/><D32/><U44/><E110/><V38/><F93/><W22/><G22/><T111/><D111/><U51/><E104/><N who="3" m="39978" /><G128/><T60/><D98/><U125/><E125/><N who="3" m="48234" /><G91/><T63/><D63/><U11/><E20/><V17/><F17/><W95/><G95/><T24/><D42/><U18/><E79/><V73/><F38/><W129/><G129/><T3/><D37/><U31/><E31/><V2/><F2/><W75/><G81/><T100/><D3/><U5/><E74/><AGARI ba="0,0" hai="49,53,58,74,75,133,134,135" m="48234,39978" machi="74" ten="40,8000,1" yaku="20,1,18,1,52,3" doraHai="102" who="3" fromWho="1" sc="257,0,230,-80,179,0,334,80" /><INIT seed="6,0,0,2,2,35" ten="257,150,179,414" oya="2" hai0="135,64,90,3,109,73,60,10,115,4,119,94,101" hai1="41,16,74,124,56,17,48,24,0,11,130,133,88" hai2="20,5,112,7,23,30,8,62,28,22,120,121,87" hai3="113,29,106,25,54,104,9,12,68,49,66,105,80"/><V21/><F62/><W103/><G113/><T51/><D109/><U44/><E74/><V1/><F87/><W37/><G37/><T81/><D115/><U110/><E110/><V97/><F97/><W126/><G126/><T61/><D101/><U32/><E124/><V91/><F91/><W96/><G80/><T77/><D135/><U40/><E133/><V100/><F100/><W6/><G66/><T114/><D114/><U26/><E130/><V75/><F75/><W59/><G68/><T70/><D119/><U123/><E123/><N who="2" m="47179" /><F112/><W85/><G85/><T79/><D79/><U65/><E32/><AGARI ba="0,0" hai="6,9,12,25,29,32,49,54,59,96,103,104,105,106" machi="32" ten="30,1000,0" yaku="7,1" doraHai="35" who="3" fromWho="1" sc="257,0,150,-10,179,0,414,10" /><INIT seed="7,0,0,4,4,121" ten="257,140,179,424" oya="3" hai0="95,107,1,71,85,110,119,106,123,35,84,134,18" hai1="86,58,20,11,114,55,65,51,50,15,128,132,12" hai2="28,101,22,40,16,105,74,70,87,32,73,42,68" hai3="13,127,46,39,130,7,9,113,29,125,89,115,24"/><W129/><G89/><T8/><D18/><U27/><E114/><N who="3" m="43530" /><G46/><T38/><D8/><U36/><E132/><V126/><F87/><W52/><G52/><T117/><D85/><U88/><E128/><N who="3" m="49258" /><G39/><T33/><D84/><U78/><E36/><V112/><F74/><W56/><G56/><T111/><D95/><U47/><E78/><V59/><F73/><W69/><G69/><T108/><D1/><U19/><E11/><V10/><F10/><W30/><G30/><T2/><D2/><U97/><E97/><BYE who="1" /><V44/><F28/><W92/><G92/><T109/><D38/><U34/><E34/><AGARI ba="0,0" hai="7,9,13,24,29,34,125,127" m="49258,43530" machi="34" ten="30,11600,0" yaku="15,1,19,1,34,2" doraHai="121" who="3" fromWho="1" sc="257,0,140,-116,179,0,424,116" owari="257,6.0,24,-48.0,179,-22.0,540,64.0" /></mjloggm>