<mjloggm ver="2.3"><GO type="185" lobby="0"/><UN n0="%E3%81%BF%E3%83%BC%E3%82%8F" n1="%E3%83%86%E3%82%A4%E3%83%A9%E3%83%BC%E3%83%92%E3%83%AB" n2="%44%75%73%6B" n3="" dan="17,16,16,0" rate="2243.61,2197.27,2159.04,1500.00" sx="M,F,M,C"/><TAIKYOKU oya="0"/><INIT seed="0,0,0,2,3,109" ten="350,350,350,0" oya="0" hai0="80,64,113,119,128,48,63,79,65,92,94,32,46" hai1="99,118,36,72,89,125,75,103,101,90,56,81,50" hai2="121,93,95,61,111,69,37,110,55,78,96,33,74" hai3=""/><T3/><D113/><U132/><E36/><V124/><N who="2" m="31008" /><V127/><F37/><T105/><D119/><U123/><N who="1" m="31520" /><U120/><N who="1" m="30752" /><U38/><E38/><V73/><F33/><T49/><D128/><U86/><E118/><V41/><F41/><T52/><D105/><U39/><E39/><V76/><F55/><T42/><D32/><U44/><E125/><V116/><F61/><T59/><D65/><U131/><E131/><V91/><F69/><T54/><D54/><U108/><E108/><N who="2" m="41515" /><F116/><T84/><REACH who="0" step="1"/><D3/><REACH who="0" ten="340,350,350,0" step="2"/><U134/><E134/><V88/><F124/><T135/><D135/><U114/><E114/><V71/><F127/><T98/><D98/><U58/><E132/><V51/><F71/><AGARI ba="0,1" hai="42,46,48,49,52,59,63,64,71,79,80,84,92,94" machi="71" ten="30,5800,0" yaku="1,1,7,1,54,1,53,0" doraHai="109" doraHaiUra="104" who="0" fromWho="2" sc="340,68,350,0,350,-58,0,0" /><INIT seed="0,1,0,5,1,2" ten="408,350,292,0" oya="0" hai0="102,40,97,89,134,106,96,55,103,93,70,62,117" hai1="120,1,79,48,80,61,88,90,127,43,56,105,37" hai2="118,123,94,69,76,59,71,74,114,130,3,47,53" hai3=""/><T129/><D117/><U100/><N who="1" m="30752" /><U72/><E1/><V135/><N who="2" m="31520" /><V92/><F114/><T91/><D129/><U58/><E37/><V51/><F3/><T82/><D134/><U133/><E133/><V83/><F130/><T81/><D40/><U64/><E127/><V110/><F110/><T63/><D55/><U65/><E100/><V126/><F126/><T78/><D62/><U42/><E105/><V107/><F107/><T119/><D119/><U122/><N who="1" m="31264" /><U73/><E48/><V32/><F32/><T66/><REACH who="0" step="1"/><D82/><REACH who="0" ten="398,350,292,0" step="2"/><U57/><E42/><V121/><N who="2" m="31008" /><V104/><F118/><T41/><D41/><U77/><E43/><V33/><F135/><T49/><D49/><U52/><BYE who="0" /><E52/><UN n0="%E3%81%BF%E3%83%BC%E3%82%8F" /><V0/><BYE who="0" /><F0/><UN n0="%E3%81%BF%E3%83%BC%E3%82%8F" /><T111/><D111/><U34/><E34/><V38/><F33/><T109/><D109/><U39/><E39/><V54/><F38/><T101/><D101/><U128/><E128/><V113/><F113/><T45/><D45/><U50/><E50/><V99/><F71/><T125/><D125/><U86/><E61/><V87/><F69/><T108/><D108/><U95/><E64/><V116/><F116/><T60/><D60/><U67/><E65/><V115/><F115/><RYUUKYOKU type="nm" ba="1,1" sc="398,-40,350,-20,292,60,0,0" hai0="63,66,70,78,81,89,91,93,96,97,102,103,106" /><INIT seed="0,2,1,1,0,97" ten="358,330,352,0" oya="0" hai0="36,123,110,81,62,58,46,82,90,88,109,94,68" hai1="33,76,86,72,133,57,115,42,124,3,107,69,85" hai2="125,129,43,83,37,128,104,102,112,50,118,74,55" hai3=""/><T71/><D71/><U65/><BYE who="0" /><E69/><V79/><F112/><T130/><D130/><N who="2" m="50282" /><F125/><T56/><D56/><U127/><E115/><UN n0="%E3%81%BF%E3%83%BC%E3%82%8F" /><V92/><F118/><T52/><N who="0" m="31520" /><T100/><D68/><U64/><E107/><V34/><F34/><T54/><D100/><U60/><E133/><V78/><F78/><T61/><D90/><U53/><E3/><V1/><F1/><T106/><D106/><U96/><E42/><V84/><F43/><T126/><D126/><N who="1" m="48171" /><E96/><V119/><F119/><T48/><D36/><U45/><E33/><V44/><F37/><T135/><D135/><U99/><E99/><V120/><N who="2" m="30752" /><V111/><F111/><N who="0" m="42506" /><D62/><U114/><E114/><V113/><F113/><T51/><D61/><U131/><E131/><V98/><F104/><T117/><D117/><U105/><E105/><V70/><F70/><T121/><N who="0" m="31008" /><T77/><D77/><U80/><E45/><V134/><F134/><T87/><AGARI ba="2,1" hai="46,48,51,52,54,58,81,82,87,88,94" m="31008,42506,31520" machi="87" ten="30,12000,2" yaku="14,1,10,1,52,2,54,2" doraHai="97" who="0" fromWho="0" sc="358,134,330,-62,352,-62,0,0" /><INIT seed="0,3,0,2,0,72" ten="492,268,290,0" oya="0" hai0="86,49,84,79,80,97,32,70,48,102,113,65,130" hai1="90,60,126,120,82,134,68,101,125,132,56,36,75" hai2="111,77,67,69,53,63,128,87,100,45,47,58,122" hai3=""/><T105/><D113/><U91/><N who="1" m="30752" /><U109/><E36/><V116/><N who="2" m="31264" /><V57/><F111/><T129/><D32/><U61/><E68/><V44/><F128/><N who="0" m="49258" /><D70/><U43/><E43/><V127/><F127/><N who="1" m="48649" /><E109/><V96/><F116/><T64/><D86/><U106/><E101/><V118/><F118/><T123/><N who="0" m="31520" /><T94/><D105/><U99/><E99/><V78/><F87/><T62/><D62/><N who="1" m="24171" /><E56/><V83/><F83/><T76/><D76/><U52/><E52/><V81/><F81/><T51/><AGARI ba="3,0" hai="48,49,51,64,65,79,80,84,94,97,102" m="31520,49258" machi="51" ten="30,4000,0" yaku="19,1,52,2" doraHai="72" who="0" fromWho="0" sc="492,46,268,-23,290,-23,0,0" /><INIT seed="0,4,0,1,5,114" ten="538,245,267,0" oya="0" hai0="46,92,118,54,112,60,84,38,113,94,123,110,45" hai1="108,36,39,89,61,127,43,134,58,42,76,119,107" hai2="135,68,64,51,34,40,128,72,50,130,109,131,96" hai3=""/><T37/><N who="0" m="31520" /><T67/><D110/><U57/><E107/><V132/><F72/><T41/><D118/><U0/><E0/><V104/><F34/><T52/><D84/><U59/><E108/><V70/><F104/><T126/><D126/><U74/><E127/><V44/><F96/><T100/><D100/><U3/><E3/><V111/><F64/><T81/><D81/><U1/><E1/><V63/><F63/><T82/><D82/><U91/><E134/><N who="2" m="51243" /><F51/><T62/><D67/><U77/><E58/><V95/><F95/><T83/><D83/><U75/><REACH who="1" step="1"/><E61/><REACH who="1" ten="538,235,267,0" step="2"/><V90/><F90/><T33/><D33/><U116/><AGARI ba="4,1" hai="36,39,42,43,57,59,74,75,76,77,89,91,116,119" machi="116" ten="25,9000,2" yaku="1,1,2,1,0,1,22,2,52,2,53,0" doraHai="114" doraHaiUra="65" who="1" fromWho="1" sc="538,-64,235,108,267,-34,0,0" /><INIT seed="1,0,0,2,5,93" ten="474,343,233,0" oya="1" hai0="68,111,3,64,132,82,55,101,105,45,77,92,65" hai1="83,121,112,57,87,43,133,84,127,60,116,118,100" hai2="49,36,51,91,81,114,98,109,41,129,119,47,42" hai3=""/><U1/><N who="1" m="31008" /><U39/><E1/><V72/><F119/><T74/><D3/><U125/><E112/><V53/><F109/><T99/><D111/><U59/><E133/><V58/><F129/><T96/><D132/><U88/><E100/><V46/><F114/><T75/><D74/><U113/><E113/><V63/><F72/><T0/><D0/><U80/><E43/><V35/><F35/><T110/><D110/><U44/><E44/><V135/><F135/><T128/><D128/><U94/><E94/><V95/><REACH who="2" step="1"/><F81/><REACH who="2" ten="474,343,223,0" step="2"/><T89/><REACH who="0" step="1"/><D68/><REACH who="0" ten="464,343,223,0" step="2"/><U66/><E116/><V56/><F56/><T117/><D117/><U97/><E118/><V79/><F79/><T115/><D115/><U32/><E57/><V120/><N who="2" m="30752" /><V108/><F108/><T134/><D134/><U40/><E32/><V54/><F54/><T71/><D71/><U34/><E34/><V67/><F67/><T106/><D106/><U86/><E59/><V50/><AGARI ba="0,2" hai="36,41,42,46,47,49,50,51,53,58,63,91,95,98" m="30752" machi="50" ten="20,6000,1" yaku="1,1,0,1,7,1,52,2,53,0" doraHai="93" doraHaiUra="107" who="2" fromWho="2" sc="464,-20,343,-40,223,80,0,0" /><INIT seed="2,0,0,4,4,92" ten="444,303,303,0" oya="2" hai0="125,0,116,38,63,114,119,93,130,115,86,91,90" hai1="85,58,98,43,97,101,109,105,55,42,33,54,2" hai2="76,73,78,134,51,113,83,131,124,103,118,68,66" hai3=""/><V53/><F118/><N who="0" m="45098" /><D38/><U106/><E2/><V110/><F113/><N who="0" m="43018" /><D0/><U133/><E109/><V40/><F131/><T80/><D63/><U87/><E33/><V57/><F134/><T67/><D67/><U65/><E65/><V61/><F124/><T112/><N who="0" m="43026" /><T50/><DORA hai="35" /><D50/><U129/><E129/><V72/><F110/><T64/><D64/><U135/><E101/><V108/><F108/><T96/><D130/><U99/><E99/><V41/><F103/><T3/><D3/><U60/><E60/><V75/><REACH who="2" step="1"/><F76/><REACH who="2" ten="444,303,293,0" step="2"/><T45/><D45/><U32/><E32/><V62/><F62/><T44/><D44/><U121/><E58/><V39/><F39/><T82/><D125/><U37/><E37/><V127/><F127/><T79/><D79/><U69/><E69/><V70/><F70/><T47/><D47/><U84/><E133/><V52/><F52/><T59/><D59/><U77/><E135/><V100/><F100/><T34/><D34/><U123/><E77/><V128/><F128/><T122/><N who="0" m="31264" /><T102/><D102/><U111/><E111/><V81/><F81/><AGARI ba="0,1" hai="80,81,82,86,90,91,93,96" m="31264,43026,45098" machi="81" ten="50,8000,1" yaku="11,1,34,2,52,2" doraHai="92,35" who="0" fromWho="2" sc="444,90,303,0,293,-80,0,0" /><INIT seed="4,0,0,5,1,64" ten="534,303,213,0" oya="0" hai0="49,52,108,128,69,134,0,133,32,98,34,105,71" hai1="59,53,89,95,120,87,62,50,118,58,97,70,41" hai2="86,76,42,74,51,45,33,84,96,82,79,106,110" hai3=""/><T107/><D0/><U130/><N who="1" m="30752" /><U60/><E118/><V48/><F110/><T63/><D108/><U112/><E130/><V57/><F33/><N who="0" m="12906" /><D128/><U78/><E112/><V77/><F74/><T113/><D113/><U119/><E119/><V103/><F84/><T88/><D88/><U56/><E70/><N who="0" m="26633" /><D63/><U109/><E109/><V73/><F73/><T102/><D98/><U43/><E78/><V67/><F67/><T121/><N who="0" m="31008" /><T65/><D102/><U46/><E97/><V72/><REACH who="2" step="1"/><F86/><REACH who="2" ten="534,303,203,0" step="2"/><T35/><D65/><U111/><E111/><V127/><F127/><T68/><D35/><U91/><E62/><V37/><F37/><T126/><D126/><U54/><E60/><V93/><F93/><T124/><D124/><U100/><E87/><V83/><F83/><T55/><D107/><U66/><E66/><V104/><F104/><T2/><D105/><U125/><E125/><V115/><F115/><T131/><D131/><U92/><E92/><V81/><F81/><T61/><D61/><U132/><E95/><V80/><F80/><T1/><D68/><U85/><E85/><V39/><F39/><T129/><D129/><U117/><E117/><V75/><F75/><T99/><D1/><U44/><E50/><RYUUKYOKU ba="0,1" sc="534,-10,303,-10,203,20,0,0" hai2="42,45,48,51,57,72,76,77,79,82,96,103,106" /><INIT seed="5,1,1,2,4,131" ten="524,293,223,0" oya="1" hai0="105,81,64,84,78,98,116,71,67,121,34,128,101" hai1="46,111,118,63,113,50,103,120,129,122,79,66,133" hai2="96,112,117,0,100,126,104,55,124,94,38,89,47" hai3=""/><U119/><N who="1" m="30752" /><U65/><N who="1" m="31264" /><U77/><E129/><V123/><N who="2" m="31520" /><V110/><F117/><T88/><N who="0" m="31008" /><T45/><D128/><U99/><E111/><V76/><F110/><T107/><D34/><U75/><E113/><V32/><F76/><T127/><D127/><N who="2" m="48682" /><F32/><T3/><D3/><U37/><E37/><V90/><F112/><T106/><D116/><U69/><E66/><V52/><F0/><T2/><D2/><U44/><E44/><V70/><F70/><T49/><D78/><U132/><E75/><V40/><F90/><T74/><D74/><U60/><E118/><V56/><F56/><T135/><D135/><N who="1" m="51787" /><E119/><V97/><AGARI ba="1,1" hai="38,40,47,52,55,89,94,96,97,100,104" m="48682,31520" machi="97" ten="30,3000,0" yaku="18,1,52,1,54,1" doraHai="131" who="2" fromWho="2" sc="524,-11,293,-21,223,42,0,0" /><INIT seed="6,0,0,0,3,80" ten="513,272,265,0" oya="2" hai0="135,39,109,56,93,105,89,117,55,64,57,116,81" hai1="67,0,102,119,110,86,126,41,48,103,58,40,69" hai2="90,65,132,45,60,53,123,1,112,96,51,101,99" hai3=""/><V42/><N who="2" m="31520" /><V33/><F132/><T49/><D109/><U100/><E69/><V85/><F112/><T125/><D105/><U134/><E0/><V72/><F72/><T133/><D39/><U75/><E75/><V52/><F33/><T91/><D125/><U124/><E110/><V107/><F96/><T82/><D64/><U130/><E119/><V77/><F77/><T76/><D76/><U79/><E134/><N who="0" m="51209" /><D57/><U34/><E67/><V78/><F78/><T44/><D56/><U87/><E58/><V61/><F1/><T127/><D127/><U114/><E79/><V66/><F65/><T43/><D91/><U38/><E38/><V111/><F111/><T108/><D43/><U3/><E40/><V2/><F2/><T71/><D108/><U70/><E3/><V37/><F37/><T46/><D117/><U54/><E41/><V63/><REACH who="2" step="1"/><F66/><REACH who="2" ten="513,272,255,0" step="2"/><T47/><D116/><U36/><E36/><V74/><F74/><T73/><D73/><U122/><E124/><V98/><F98/><T131/><D71/><U32/><E70/><V59/><F59/><T62/><D44/><U50/><E126/><V104/><F104/><T97/><D46/><U113/><E113/><V128/><F128/><T115/><D47/><RYUUKYOKU ba="0,1" sc="513,-10,272,-10,255,20,0,0" hai2="42,45,51,52,53,60,61,63,85,90,99,101,107" /><INIT seed="6,1,1,1,3,40" ten="503,262,275,0" oya="2" hai0="80,88,54,110,51,73,48,113,76,111,104,45,135" hai1="130,132,131,123,69,65,98,125,44,91,71,32,97" hai2="107,100,108,124,33,89,115,59,2,68,56,42,72" hai3=""/><V85/><F115/><T116/><D116/><U134/><N who="1" m="31520" /><U94/><E32/><V1/><F33/><T36/><D36/><U121/><N who="1" m="31008" /><U58/><E125/><V55/><F72/><T39/><D39/><U47/><E58/><V3/><F68/><N who="1" m="26185" /><E65/><V49/><F124/><T129/><D113/><U119/><E119/><V74/><F74/><T60/><D135/><N who="1" m="51755" /><E97/><V114/><F114/><T34/><D104/><U90/><E91/><V52/><F42/><T103/><D80/><U117/><E117/><V82/><F108/><T96/><D73/><U43/><E44/><V122/><N who="2" m="31264" /><V77/><F89/><T93/><D54/><U106/><E106/><V50/><REACH who="2" step="1"/><F2/><REACH who="2" ten="503,262,265,0" step="2"/><T46/><D34/><U133/><E133/><V128/><F128/><T118/><D129/><U109/><E109/><V61/><F61/><T127/><D60/><U41/><E41/><V105/><F105/><T126/><D126/><U86/><E98/><AGARI ba="1,2" hai="1,3,49,50,52,55,56,59,77,82,85,98,100,107" m="31264" machi="98" ten="40,12000,1" yaku="1,1,9,1,52,1,54,1,53,0" doraHai="40" doraHaiUra="63" who="2" fromWho="1" sc="503,0,262,-122,265,142,0,0" /><INIT seed="6,2,0,2,2,92" ten="503,140,407,0" oya="2" hai0="33,72,53,52,1,108,124,107,103,69,49,59,46" hai1="47,100,116,35,102,128,79,39,104,127,119,70,115" hai2="82,62,89,133,2,101,120,84,131,63,38,81,113" hai3=""/><V64/><N who="2" m="30752" /><V121/><N who="2" m="31008" /><V80/><F2/><T111/><D1/><U3/><E79/><V40/><F113/><T117/><D33/><U99/><E47/><V125/><F131/><T132/><D117/><U0/><E99/><V83/><F133/><T42/><D72/><U134/><E100/><V77/><F125/><T50/><D132/><U56/><E56/><V58/><F38/><T73/><D73/><U68/><E102/><V37/><F37/><T129/><D69/><U112/><E68/><V32/><F32/><T93/><D93/><U130/><E112/><V43/><F101/><T114/><D114/><U78/><E78/><V44/><F44/><T48/><D103/><U98/><E98/><V74/><REACH who="2" step="1"/><F62/><REACH who="2" ten="503,140,397,0" step="2"/><T91/><D46/><U123/><E116/><V55/><F55/><T122/><D52/><U76/><E128/><V34/><F34/><T61/><D129/><U75/><E76/><V41/><AGARI ba="2,1" hai="40,41,43,58,63,64,74,77,80,81,82,83,84,89" m="31008,30752" machi="41" ten="30,12000,2" yaku="1,1,0,1,52,2,53,2" doraHai="92" doraHaiUra="118" who="2" fromWho="2" sc="503,-62,140,-62,397,134,0,0" owari="441,4.0,78,-52.0,531,48.0,0,0.0" /></mjloggm>