<mjloggm ver="2.3"><GO type="169" lobby="0"/><UN n0="%E3%82%82%E3%82%8A%E3%81%96%E3%81%AD" n1="%E7%95%99%E3%83%81%E3%83%A7%E3%83%AD" n2="%6D%61%74%6F%30%36%30%33" n3="%52%45%49%4E%E6%A3%AE%E4%B9%85%E4%BF%9D%50" dan="16,17,18,16" rate="2142.50,2142.76,2264.09,2136.44" sx="M,M,M,M"/><TAIKYOKU oya="0"/><INIT seed="0,0,0,1,2,61" ten="250,250,250,250" oya="0" hai0="38,118,94,126,121,125,98,30,120,66,5,115,16" hai1="23,42,106,14,31,76,3,45,62,80,39,9,12" hai2="110,89,40,15,79,26,65,81,82,32,135,84,86" hai3="44,87,68,2,71,134,102,112,124,107,113,114,17"/><T54/><D38/><U50/><E106/><V105/><F105/><W109/><G2/><T73/><D73/><U41/><E3/><V59/><F110/><W25/><G109/><T34/><D115/><U75/><E42/><V108/><F108/><W21/><G134/><T77/><D77/><U70/><E39/><V90/><F135/><W10/><G124/><N who="0" m="47723" /><D5/><U117/><E117/><V127/><F127/><W47/><G87/><T97/><D54/><U35/><E35/><V85/><F40/><W72/><G72/><T60/><D118/><U130/><E130/><V48/><F15/><W103/><G10/><T37/><D37/><U128/><E128/><V33/><F26/><W93/><G93/><T63/><D63/><U56/><E70/><V57/><F86/><W119/><G119/><T53/><D53/><U18/><E31/><V7/><F48/><W129/><G129/><T95/><D16/><U20/><REACH who="1" step="1"/><E12/><REACH who="1" ten="250,240,250,250" step="2"/><V88/><F79/><W132/><G107/><T55/><D121/><U22/><E22/><V29/><F29/><W83/><G132/><T8/><D120/><U116/><E116/><V0/><F0/><W100/><REACH who="3" step="1"/><G83/><REACH who="3" ten="250,240,250,240" step="2"/><T92/><D92/><U28/><E28/><V123/><F123/><W111/><G111/><T74/><D94/><U11/><E11/><V49/><F81/><W13/><G13/><T4/><D95/><U69/><E69/><AGARI ba="0,2" hai="17,21,25,44,47,68,69,71,100,102,103,112,113,114" machi="69" ten="50,8000,1" yaku="1,1,53,3" doraHai="61" doraHaiUra="64" who="3" fromWho="1" sc="250,0,240,-80,250,0,240,100" /><INIT seed="1,0,0,3,2,107" ten="250,160,250,340" oya="1" hai0="47,43,128,124,56,66,0,104,23,30,125,8,50" hai1="91,42,28,10,132,14,121,78,108,37,63,68,26" hai2="57,52,82,133,61,35,3,41,65,76,112,46,12" hai3="79,97,84,53,54,6,67,27,80,71,72,62,19"/><U34/><E121/><V109/><F3/><W101/><G6/><T40/><D104/><U135/><E91/><V75/><F35/><W116/><G116/><T83/><D128/><U113/><E113/><V16/><F112/><W4/><G4/><T105/><D105/><U21/><E78/><V95/><F109/><W17/><G84/><T123/><D123/><U126/><E126/><V55/><F133/><N who="1" m="51273" /><E108/><V110/><F95/><W96/><G96/><T36/><D83/><U31/><E37/><V60/><F60/><W58/><G27/><T2/><D36/><U122/><E42/><V20/><REACH who="2" step="1"/><F110/><REACH who="2" ten="250,160,240,340" step="2"/><W39/><G39/><AGARI ba="0,1" hai="12,16,20,39,41,46,52,55,57,61,65,75,76,82" machi="39" ten="30,12000,2" yaku="1,1,2,1,7,1,52,1,54,2,53,0" doraHai="107" doraHaiUra="7" who="2" fromWho="3" sc="250,0,160,0,240,130,340,-120" /><INIT seed="2,0,0,3,3,18" ten="250,160,370,220" oya="2" hai0="43,14,34,70,3,41,89,76,20,8,17,123,118" hai1="114,121,87,110,106,91,116,23,79,103,120,46,21" hai2="10,37,55,85,54,58,26,39,44,135,38,131,35" hai3="63,102,6,101,77,51,115,86,92,2,4,113,96"/><V109/><F131/><W61/><G101/><T129/><D123/><N who="1" m="47179" /><E114/><N who="3" m="43530" /><G51/><T33/><D129/><U62/><E116/><V93/><F135/><W111/><G111/><T132/><D70/><U94/><E110/><V50/><F109/><W27/><G27/><T29/><D132/><U28/><E79/><V45/><F10/><N who="3" m="2327" /><G6/><T64/><D118/><U72/><E72/><V71/><F35/><W12/><G12/><T49/><D33/><U40/><E28/><V36/><F93/><W53/><G53/><T90/><D49/><N who="1" m="26823" /><E62/><N who="3" m="23562" /><G86/><T133/><D133/><U98/><AGARI ba="0,0" hai="21,23,87,91,94,98,103,106" m="26823,47179" machi="98" ten="30,4000,0" yaku="13,1,52,2" doraHai="18" who="1" fromWho="1" sc="250,-10,160,40,370,-20,220,-10" /><INIT seed="3,0,0,4,5,65" ten="240,200,350,210" oya="3" hai0="25,53,76,98,27,29,41,4,22,23,36,107,9" hai1="90,99,54,57,75,44,82,51,111,68,109,96,17" hai2="66,120,105,62,6,15,11,78,118,93,38,113,5" hai3="14,40,88,83,61,122,124,59,39,92,58,131,10"/><W72/><G122/><T89/><D76/><U60/><E17/><V81/><F105/><W46/><G131/><T69/><D36/><U84/><E75/><V130/><F113/><W77/><G124/><T37/><D37/><U48/><E48/><V52/><F118/><W135/><G135/><T70/><D41/><U0/><E0/><V3/><F38/><W31/><G31/><T13/><D53/><U115/><E115/><V34/><F34/><W101/><G101/><T87/><D98/><U20/><E20/><V121/><F130/><W104/><G104/><T94/><D107/><U127/><E127/><V1/><F93/><W117/><G61/><T7/><D7/><U30/><E30/><AGARI ba="0,0" hai="4,9,13,22,23,25,27,29,30,69,70,87,89,94" machi="30" ten="30,7700,0" yaku="7,1,9,1,52,2" doraHai="65" who="0" fromWho="1" sc="240,77,200,-77,350,0,210,0" /><INIT seed="4,0,0,2,1,78" ten="317,123,350,210" oya="0" hai0="26,47,122,116,103,119,49,95,20,120,10,113,31" hai1="21,105,39,60,8,50,86,14,33,43,35,81,7" hai2="53,66,80,121,106,99,40,107,75,13,69,77,41" hai3="115,114,129,79,102,87,19,91,131,73,54,125,104"/><T133/><D113/><N who="3" m="43017" /><G19/><T48/><D133/><U127/><E39/><V3/><F3/><W83/><G54/><T56/><D120/><U123/><E105/><V59/><F121/><W58/><G58/><T63/><D122/><U23/><E123/><V135/><F135/><W1/><G1/><T88/><D103/><U52/><E127/><V112/><F112/><W85/><G125/><T92/><D92/><U4/><E4/><V64/><F13/><W84/><G91/><T96/><D10/><U68/><E35/><V94/><F40/><W126/><G126/><T2/><D2/><U71/><E33/><V90/><F41/><W46/><G46/><T18/><D31/><U24/><E43/><V30/><F30/><W25/><G25/><T134/><D134/><U38/><E38/><V5/><F5/><W118/><G118/><T29/><D29/><U117/><E117/><N who="0" m="45129" /><D47/><U34/><E34/><V108/><F66/><W76/><G76/><T16/><D18/><U128/><E68/><V130/><F69/><W36/><G36/><T51/><D51/><U42/><E71/><V37/><F37/><W89/><G89/><T45/><D45/><N who="1" m="25911" /><E24/><V124/><F124/><W97/><AGARI ba="0,0" hai="73,79,83,84,85,87,97,102,104,129,131" m="43017" machi="97" ten="40,8000,1" yaku="15,1,34,2,52,1" doraHai="78" who="3" fromWho="3" sc="317,-40,123,-20,350,-20,210,80" /><INIT seed="5,0,0,5,4,83" ten="277,103,330,290" oya="1" hai0="72,59,78,8,6,0,37,25,117,54,38,41,18" hai1="2,34,65,123,86,60,70,67,47,36,114,63,125" hai2="51,11,93,110,75,30,48,26,4,118,113,100,92" hai3="56,91,1,134,120,84,50,129,121,96,109,102,73"/><U132/><E123/><V23/><F110/><W105/><G1/><T89/><D117/><U66/><E34/><V103/><F75/><W101/><G109/><T107/><D107/><U29/><E29/><V42/><F118/><W33/><G33/><T64/><D64/><U62/><E2/><V61/><F113/><W53/><G129/><T13/><D41/><U112/><E86/><V127/><F61/><N who="1" m="23657" /><E132/><V104/><F104/><W52/><G102/><N who="2" m="38953" /><F127/><W21/><G73/><T76/><D72/><U85/><E85/><V19/><F4/><W95/><G134/><T17/><D6/><U94/><E94/><N who="2" m="36459" /><F42/><W15/><G53/><T98/><D0/><U10/><E125/><V20/><F11/><W31/><G31/><T46/><D8/><U58/><E10/><V133/><F133/><W24/><G24/><AGARI ba="0,0" hai="19,20,23,24,26,30,48,51" m="36459,38953" machi="24" ten="30,1000,0" yaku="8,1" doraHai="83" who="2" fromWho="3" sc="277,0,103,0,330,10,290,-10" /><INIT seed="6,0,0,2,5,49" ten="277,103,340,280" oya="2" hai0="32,8,22,92,79,51,95,105,66,56,96,81,44" hai1="35,93,72,87,86,11,12,135,83,71,65,100,85" hai2="47,6,38,117,57,107,114,55,23,98,118,64,115" hai3="42,106,15,54,17,53,26,131,133,45,110,20,18"/><V39/><F6/><W48/><G106/><T2/><D32/><U4/><E135/><V21/><F107/><W125/><G110/><T132/><D132/><U120/><E120/><V88/><F64/><W101/><G101/><T14/><D2/><U82/><E35/><V61/><F21/><W67/><G131/><T129/><D129/><U108/><E108/><V46/><F23/><N who="3" m="13687" /><G125/><T41/><D22/><U121/><E121/><V73/><F73/><W126/><G126/><T109/><D109/><U10/><E72/><V9/><F9/><W97/><G133/><T112/><D112/><N who="2" m="43050" /><F88/><W74/><G74/><T31/><D31/><U63/><E71/><V122/><F98/><W69/><G69/><T134/><D134/><U3/><E65/><V29/><F29/><W34/><G34/><T94/><D105/><U124/><E3/><V52/><F122/><W104/><G104/><T102/><D81/><U60/><E124/><V19/><F19/><W130/><G130/><T62/><REACH who="0" step="1"/><D79/><REACH who="0" ten="267,103,340,280" step="2"/><U70/><E82/><V36/><F118/><W5/><G5/><AGARI ba="0,1" hai="5,8,14,41,44,51,56,62,66,92,94,95,96,102" machi="5" ten="30,7700,0" yaku="1,1,2,1,7,1,8,1,53,0" doraHai="49" doraHaiUra="123" who="0" fromWho="3" sc="267,87,103,0,340,0,280,-77" /><INIT seed="7,0,0,1,2,33" ten="354,103,340,203" oya="3" hai0="82,44,104,85,131,135,79,106,111,80,110,123,41" hai1="95,50,7,9,37,54,133,97,57,126,23,84,39" hai2="98,19,5,124,68,73,129,96,62,86,120,2,99" hai3="3,59,6,17,13,132,42,90,20,130,76,18,47"/><W112/><G112/><T114/><D123/><U105/><E133/><V94/><F73/><W0/><G132/><T24/><D135/><U87/><E126/><V67/><F124/><W27/><G130/><T113/><D24/><U55/><E105/><N who="0" m="40553" /><D131/><U58/><E39/><V107/><F129/><W53/><G6/><T127/><D127/><U36/><E36/><V45/><F120/><W116/><G76/><N who="0" m="46215" /><D44/><U100/><E37/><V48/><F107/><W43/><G90/><T46/><D46/><U92/><E23/><V38/><F38/><W1/><G47/><T15/><D15/><U89/><E84/><V77/><F19/><W134/><G116/><T49/><D49/><U8/><REACH who="1" step="1"/><E7/><REACH who="1" ten="354,93,340,203" step="2"/><V56/><F86/><W118/><G118/><T11/><D11/><U25/><E25/><V12/><F5/><W91/><G134/><T115/><D41/><U61/><AGARI ba="0,1" hai="8,9,50,54,55,57,58,61,87,89,92,95,97,100" machi="61" ten="20,5200,0" yaku="1,1,0,1,7,1,8,1,53,0" doraHai="33" doraHaiUra="103" who="1" fromWho="1" sc="354,-13,93,62,340,-13,203,-26" owari="341,43.0,155,-34.0,327,13.0,177,-22.0" /></mjloggm>