<mjloggm ver="2.3"><GO type="169" lobby="0"/><UN n0="%E4%BD%8E%E3%82%81%E3%82%B9%E3%83%A9%E3%82%A4%E3%83%80%E3%83%BC" n1="%E3%81%B2%E3%81%AA%E3%81%B3%E3%81%9F%E3%82%AD%E3%83%8E%E3%82%B3" n2="%E6%9D%A5%E9%80%B1%E3%81%AE%E7%B3%B8%E4%BA%95" n3="%E3%83%99%E3%82%B8%E2%80%95%E3%82%BF" dan="16,16,16,16" rate="2131.04,2078.19,2149.24,2145.63" sx="F,M,M,M"/><TAIKYOKU oya="0"/><INIT seed="0,0,0,5,0,123" ten="250,250,250,250" oya="0" hai0="43,61,24,59,95,33,99,120,62,104,96,100,73" hai1="101,10,25,135,35,125,71,110,14,6,94,1,56" hai2="70,34,7,66,82,46,97,83,68,11,20,134,87" hai3="40,77,121,45,8,86,112,126,4,53,58,3,80"/><T118/><D118/><U60/><E71/><V54/><F34/><W91/><G121/><T38/><D120/><U124/><E135/><V106/><F134/><W114/><G126/><N who="1" m="48746" /><E101/><V81/><F87/><W55/><G55/><T107/><D73/><U115/><E94/><V92/><F106/><W26/><G26/><T108/><D62/><U119/><E119/><V63/><F20/><W21/><G21/><T5/><D5/><U29/><E56/><V67/><F54/><W28/><G28/><T12/><D12/><U103/><E103/><V69/><F46/><W39/><REACH who="3" step="1"/><G77/><REACH who="3" ten="250,250,250,240" step="2"/><T18/><D107/><U44/><E44/><V42/><F42/><W76/><G76/><T23/><D43/><U9/><E60/><AGARI ba="0,1" hai="3,4,8,39,40,45,53,58,60,80,86,91,112,114" machi="60" ten="30,2000,0" yaku="1,1,7,1,53,0" doraHai="123" doraHaiUra="133" who="3" fromWho="1" sc="250,0,250,-20,250,0,240,30" /><INIT seed="1,0,0,1,5,90" ten="250,230,250,270" oya="1" hai0="95,12,116,135,70,93,77,124,99,63,123,61,3" hai1="16,112,65,56,31,126,45,118,130,102,34,40,92" hai2="100,8,127,54,44,11,7,69,42,81,84,80,4" hai3="120,113,48,38,71,86,25,26,91,51,52,6,88"/><U110/><E118/><V64/><F127/><W131/><G38/><T109/><D116/><U10/><E126/><V53/><F100/><W87/><G113/><T98/><D124/><U79/><E112/><V0/><F64/><W22/><G71/><T29/><D3/><U1/><E130/><V117/><F69/><W119/><G120/><T5/><D135/><U57/><E79/><V62/><F117/><W115/><G119/><T111/><D77/><U72/><E72/><V68/><F68/><W33/><G115/><T85/><D85/><U17/><E110/><N who="0" m="41993" /><D29/><U122/><E122/><V132/><F132/><W15/><G131/><T39/><D39/><U133/><E31/><V89/><F81/><N who="3" m="49231" /><G33/><T37/><D37/><U2/><E34/><V73/><F62/><N who="0" m="23562" /><D70/><U75/><E65/><V24/><F24/><W46/><G48/><T58/><D58/><U94/><E57/><V55/><F73/><W121/><G121/><T27/><D27/><U105/><E56/><V114/><F114/><W9/><G22/><T83/><D83/><AGARI ba="0,0" hai="6,9,15,25,26,46,51,52,83,87,91" m="49231" machi="83" ten="30,3900,0" yaku="8,1,54,2" doraHai="90" who="3" fromWho="0" sc="250,-39,230,0,250,0,270,39" /><INIT seed="2,0,0,2,3,16" ten="211,230,250,309" oya="2" hai0="91,55,28,127,38,0,49,33,71,80,61,66,97" hai1="90,18,40,32,22,129,78,62,123,83,73,70,131" hai2="134,124,63,106,54,45,98,19,69,56,35,1,135" hai3="36,26,14,102,34,9,76,117,57,99,65,128,100"/><V64/><F1/><W96/><G117/><T42/><D0/><U58/><E123/><V92/><F106/><W107/><G36/><T3/><D3/><U101/><E32/><V27/><F45/><W113/><G76/><T85/><D127/><U82/><E101/><V120/><F120/><W8/><G128/><T114/><D114/><U24/><E40/><V89/><F124/><W4/><G113/><T112/><D112/><U116/><E70/><V133/><F35/><W75/><G75/><T52/><D97/><U118/><E90/><V105/><F105/><W125/><G125/><T77/><D55/><U46/><E83/><V103/><F103/><W48/><G8/><T122/><D122/><U95/><E95/><V115/><F115/><W53/><G65/><T12/><D12/><U104/><E46/><V37/><F37/><W20/><G34/><T74/><D28/><U44/><E44/><V93/><F93/><W50/><G50/><T87/><D33/><U51/><E51/><V31/><F31/><W41/><G41/><T79/><D42/><U7/><E7/><V126/><F126/><W10/><G10/><T13/><D38/><U130/><REACH who="1" step="1"/><E104/><REACH who="1" ten="211,220,250,309" step="2"/><V88/><F89/><W2/><G107/><T108/><D91/><U23/><E23/><N who="2" m="13823" /><F69/><W121/><G121/><T67/><D71/><U109/><E109/><V132/><N who="2" m="33792" /><DORA hai="39" /><V60/><F60/><W43/><G102/><T119/><D61/><U81/><E81/><V25/><F25/><W94/><G26/><T84/><D80/><U11/><E11/><V15/><F88/><W72/><G100/><RYUUKYOKU ba="0,1" sc="211,-10,220,30,250,-10,309,-10" hai1="18,22,24,58,62,73,78,82,116,118,129,130,131" /><INIT seed="3,1,1,4,3,3" ten="201,250,240,299" oya="3" hai0="21,88,117,99,54,49,121,56,5,53,32,47,71" hai1="102,91,16,112,70,126,10,57,133,85,110,116,38" hai2="40,81,23,35,90,103,15,87,124,78,41,96,77" hai3="95,82,79,55,111,129,64,65,13,105,109,62,24"/><W93/><G105/><T58/><D121/><U89/><E112/><V83/><F35/><W34/><G129/><T118/><D32/><U2/><E70/><V42/><F124/><W22/><G34/><T107/><D71/><U125/><E110/><N who="3" m="41994" /><G55/><T92/><D107/><U66/><E133/><V86/><F90/><W128/><G13/><T6/><D47/><U36/><E102/><V80/><F83/><W72/><G128/><T20/><D118/><U39/><E116/><V106/><F23/><N who="0" m="8778" /><D117/><U18/><E91/><V48/><REACH who="2" step="1"/><F15/><REACH who="2" ten="201,250,230,299" step="2"/><W19/><G65/><T1/><D1/><U132/><E126/><V114/><F114/><W43/><G43/><T50/><AGARI ba="1,2" hai="5,6,49,50,53,54,56,58,88,92,99" m="8778" machi="50" ten="30,7900,0" yaku="8,1,52,2,54,1" doraHai="3" who="0" fromWho="0" sc="201,102,250,-21,230,-21,299,-40" /><INIT seed="4,0,0,1,5,122" ten="303,229,209,259" oya="0" hai0="12,11,42,71,89,97,130,34,62,23,110,16,113" hai1="74,20,119,5,32,61,103,38,18,88,91,69,55" hai2="99,15,82,96,135,109,87,41,81,36,100,73,90" hai3="70,132,33,54,45,112,121,75,116,43,7,58,129"/><T53/><D113/><U48/><E119/><V13/><F135/><W39/><RYUUKYOKU type="yao9" ba="0,0" sc="303,0,229,0,209,0,259,0" hai3="7,33,39,43,45,54,58,70,75,112,116,121,129,132" /><INIT seed="4,1,0,3,5,122" ten="303,229,209,259" oya="0" hai0="19,56,91,42,80,76,51,36,6,134,53,2,90" hai1="87,105,116,30,59,57,12,38,94,17,99,26,64" hai2="15,44,72,112,103,41,85,69,68,86,28,75,89" hai3="84,70,9,50,102,115,34,43,117,55,4,18,93"/><T92/><D134/><U47/><E116/><V61/><F112/><W114/><G70/><T127/><D127/><U58/><E105/><V0/><F0/><W119/><G34/><T24/><D36/><U5/><E5/><V129/><F129/><W95/><G43/><T20/><D42/><U11/><E87/><V22/><F103/><W107/><G18/><T63/><D2/><U48/><E38/><V60/><F28/><W37/><G37/><T98/><D6/><U133/><E133/><V71/><F22/><W8/><G107/><T83/><D76/><U45/><E48/><V27/><F27/><W21/><G21/><T109/><D109/><U10/><E10/><N who="3" m="4202" /><G4/><T3/><D3/><U52/><E64/><V62/><F15/><W120/><G120/><T54/><D91/><U96/><E52/><V131/><F131/><W128/><G128/><T77/><D77/><U49/><E49/><N who="2" m="26767" /><F89/><N who="3" m="53415" /><G95/><T65/><REACH who="0" step="1"/><D54/><REACH who="0" ten="293,229,209,259" step="2"/><U101/><REACH who="1" step="1"/><E96/><REACH who="1" ten="293,219,209,259" step="2"/><V135/><F135/><W14/><G119/><T110/><D110/><U25/><E25/><V82/><F82/><W121/><G117/><T106/><D106/><U100/><E100/><V1/><F1/><W32/><G55/><T88/><D88/><U73/><E73/><V123/><F123/><W113/><G102/><T74/><D74/><U132/><E132/><V16/><F75/><W130/><G121/><T111/><D111/><U31/><E31/><V23/><F72/><W13/><G130/><T46/><AGARI ba="1,2" hai="19,20,24,46,51,53,56,63,65,80,83,90,92,98" machi="46" ten="20,7800,0" yaku="1,1,0,1,7,1,8,1,53,0" doraHai="122" doraHaiUra="125" who="0" fromWho="0" sc="293,101,219,-27,209,-27,259,-27" /><INIT seed="4,2,0,0,5,106" ten="394,192,182,232" oya="0" hai0="82,33,57,76,115,19,22,50,66,113,45,12,78" hai1="120,129,3,87,27,130,26,96,31,14,83,81,111" hai2="105,15,4,103,101,63,41,0,65,16,54,123,53" hai3="77,13,1,67,62,44,64,112,17,71,135,94,49"/><T35/><D57/><U88/><E120/><V2/><F123/><W127/><G1/><T9/><D22/><U104/><E111/><V93/><F105/><W34/><G34/><T126/><D66/><U40/><E3/><V85/><F41/><W8/><G112/><N who="0" m="43083" /><D126/><U48/><E14/><V91/><F2/><W42/><G127/><T10/><D10/><U52/><E40/><V128/><F128/><N who="1" m="49257" /><E83/><V36/><F36/><W6/><G135/><T134/><D134/><U90/><E90/><V100/><F4/><W46/><G77/><N who="0" m="29803" /><D82/><U92/><E104/><V28/><F28/><W69/><G94/><T98/><D98/><U116/><E116/><V133/><F0/><W80/><G80/><T84/><D84/><U43/><E43/><AGARI ba="2,0" hai="9,12,19,33,35,43,45,50" m="29803,43083" machi="43" ten="30,1500,0" yaku="15,1" doraHai="106" who="0" fromWho="1" sc="394,21,192,-21,182,0,232,0" /><INIT seed="4,3,0,3,0,32" ten="415,171,182,232" oya="0" hai0="131,80,36,45,34,44,95,82,128,29,114,93,4" hai1="37,98,67,100,28,133,109,3,64,48,84,50,19" hai2="108,110,69,99,43,1,7,63,2,112,113,59,21" hai3="79,124,41,46,10,35,96,135,5,6,24,47,75"/><T126/><D4/><U116/><E109/><V89/><F69/><W76/><G124/><T123/><D34/><U74/><E116/><V70/><F70/><W121/><G135/><T118/><D29/><U11/><E74/><V12/><F43/><W71/><G71/><T33/><D33/><U65/><E37/><V62/><F89/><W92/><G121/><T52/><D123/><U125/><E133/><V87/><F87/><W55/><G55/><T18/><D18/><U58/><E125/><V54/><F99/><W8/><G35/><T9/><D126/><U42/><E28/><V85/><F85/><W102/><G24/><T49/><D9/><U78/><E42/><V25/><F63/><W17/><G17/><T94/><D114/><N who="2" m="44138" /><F12/><W101/><G101/><T106/><D106/><U115/><E115/><V61/><F61/><W117/><G117/><T119/><D118/><U56/><E84/><V122/><F122/><W13/><G75/><T81/><D119/><U97/><E78/><V120/><F120/><W107/><G107/><T22/><D22/><U30/><E98/><V77/><F77/><W14/><REACH who="3" step="1"/><G47/><REACH who="3" ten="415,171,182,222" step="2"/><T15/><D45/><U26/><E67/><V68/><F68/><W91/><G91/><T23/><D44/><U104/><E65/><V88/><F88/><W127/><G127/><T16/><D52/><U129/><E64/><V60/><F54/><W38/><AGARI ba="3,1" hai="5,6,8,10,13,14,38,41,46,76,79,92,96,102" machi="38" ten="20,5200,0" yaku="1,1,0,1,7,1,9,1,53,0" doraHai="32" doraHaiUra="103" who="3" fromWho="3" sc="415,-29,171,-16,182,-16,222,71" /><INIT seed="5,0,0,5,5,84" ten="386,155,166,293" oya="1" hai0="75,110,91,40,76,112,47,130,109,15,111,101,6" hai1="92,116,71,5,105,50,48,118,94,23,100,61,10" hai2="12,59,58,31,132,30,73,125,77,79,18,85,16" hai3="36,129,70,62,46,33,21,97,43,67,121,90,35"/><U14/><E105/><V0/><F0/><W11/><G121/><T41/><D101/><U55/><E23/><N who="2" m="11655" /><F73/><W103/><G129/><T99/><D112/><U34/><E34/><V42/><F132/><W22/><G11/><T133/><D133/><U38/><E38/><V74/><F74/><W53/><G22/><T29/><D29/><N who="2" m="10762" /><F125/><W96/><G21/><T104/><D130/><U83/><E118/><V64/><F42/><W126/><G126/><T66/><D104/><U120/><E116/><V81/><F18/><W69/><G69/><T8/><D75/><U119/><E119/><V65/><F79/><W135/><G135/><T51/><D76/><U114/><E120/><V88/><F77/><W45/><G33/><T32/><D32/><U24/><E24/><V93/><F81/><W106/><G35/><T60/><D41/><U86/><E114/><V4/><F4/><W134/><G134/><T57/><D111/><U56/><E71/><V95/><F93/><N who="1" m="35945" /><E100/><V37/><F37/><W117/><G117/><T89/><D110/><U72/><E72/><V3/><F3/><W128/><G128/><T108/><D108/><U17/><E5/><V1/><F1/><W122/><G122/><T39/><D109/><U28/><E28/><V52/><F59/><W27/><G27/><T115/><D115/><U9/><E9/><V19/><F19/><W131/><G131/><T80/><D39/><U127/><E127/><V54/><F54/><W107/><G107/><T7/><D6/><U2/><E2/><V44/><F44/><W63/><G45/><T78/><D47/><RYUUKYOKU ba="0,0" sc="386,-15,155,15,166,15,293,-15" hai1="10,14,17,48,50,55,56,61,83,86" hai2="52,58,64,65,85,88,95" /><INIT seed="5,1,0,2,5,85" ten="371,170,181,278" oya="1" hai0="25,95,53,11,23,116,68,120,14,32,54,126,57" hai1="82,60,93,117,39,1,18,86,5,16,88,77,128" hai2="102,79,61,108,112,26,92,131,10,103,96,51,114" hai3="3,123,72,12,129,7,28,40,20,34,17,41,59"/><U33/><E117/><V119/><F108/><W115/><G72/><T135/><D116/><U6/><E39/><V27/><F119/><W63/><G123/><T42/><D32/><U45/><E33/><V49/><F131/><W106/><G106/><T64/><D120/><U80/><E128/><V13/><F79/><W44/><G115/><N who="2" m="44073" /><F103/><W133/><G133/><T37/><D135/><U2/><E2/><V67/><F27/><N who="3" m="18719" /><G44/><T56/><D68/><U121/><E121/><V52/><F26/><W35/><G35/><T94/><D64/><U101/><E45/><N who="2" m="27695" /><F51/><W104/><G104/><T78/><D78/><U46/><E46/><V21/><F21/><W4/><G129/><T19/><D37/><U98/><E60/><V38/><F38/><W127/><G127/><T36/><D126/><U105/><E1/><V73/><F73/><W87/><G20/><T43/><D36/><U71/><E71/><N who="2" m="42479" /><F13/><W122/><G12/><T132/><D132/><U100/><E100/><V84/><F84/><W75/><G87/><T48/><D43/><U8/><E8/><AGARI ba="1,0" hai="8,10,92,96,102" m="42479,27695,44073" machi="8" ten="30,3900,0" yaku="15,1,11,1,54,1" doraHai="85" who="2" fromWho="1" sc="371,0,170,-42,181,42,278,0" /><INIT seed="6,0,0,4,4,109" ten="371,128,223,278" oya="2" hai0="4,0,121,133,47,53,126,116,13,16,128,24,115" hai1="76,41,118,15,26,20,66,93,77,96,81,87,50" hai2="83,134,107,73,130,132,42,57,123,114,8,19,44" hai3="28,46,59,78,105,34,31,65,79,10,61,69,33"/><V22/><F123/><W45/><G105/><T97/><D121/><U117/><E76/><N who="3" m="29226" /><G69/><T135/><D116/><U51/><E66/><V56/><F107/><W35/><G35/><T88/><D128/><U58/><E15/><V7/><F73/><W14/><G34/><T90/><D126/><U5/><E5/><V36/><F83/><W52/><G33/><T1/><D24/><U49/><E117/><V91/><F91/><N who="0" m="34858" /><D97/><U11/><E11/><V71/><F71/><W27/><G27/><T101/><D101/><U9/><E9/><V119/><F119/><W48/><G45/><T89/><D89/><U6/><E6/><AGARI ba="0,0" hai="6,10,14,28,31,46,48,52,59,61,65" m="29226" machi="6" ten="30,2000,0" yaku="8,1,54,1" doraHai="109" who="3" fromWho="1" sc="371,0,128,-20,223,0,278,20" /><INIT seed="7,0,0,4,1,71" ten="371,108,223,298" oya="3" hai0="52,122,123,37,96,81,105,72,54,6,82,92,64" hai1="103,85,95,22,56,73,38,1,27,112,107,57,47" hai2="25,40,86,21,50,20,24,100,35,99,65,79,9" hai3="31,121,115,2,17,129,91,10,130,46,26,33,83"/><W44/><G121/><T76/><D37/><U58/><E73/><V15/><F35/><W19/><G115/><T133/><D105/><U11/><E112/><V80/><F65/><W127/><G127/><T7/><D133/><U113/><E113/><V106/><F25/><W39/><G46/><T87/><D64/><U119/><E119/><V66/><F66/><W110/><G110/><T70/><D70/><U69/><E69/><V101/><F101/><W59/><G59/><T62/><D123/><U93/><E107/><V88/><F24/><W3/><G83/><T128/><D122/><U94/><E103/><V116/><F116/><W30/><G91/><T28/><D28/><U74/><E74/><V111/><F111/><W67/><G67/><T32/><D32/><U120/><E85/><V13/><F13/><N who="3" m="7351" /><G31/><T55/><D62/><U98/><E120/><V53/><F40/><N who="3" m="22559" /><G19/><T45/><D45/><U5/><E98/><V18/><REACH who="2" step="1"/><F79/><REACH who="2" ten="371,108,213,298" step="2"/><W0/><G0/><T41/><D41/><U43/><REACH who="1" step="1"/><E57/><AGARI ba="0,1" hai="9,15,18,20,21,50,53,57,80,86,88,99,100,106" machi="57" ten="30,7700,0" yaku="1,1,2,1,7,1,54,1,53,0" doraHai="71" doraHaiUra="36" who="2" fromWho="1" sc="371,0,108,-77,213,87,298,0" owari="371,47.0,31,-47.0,300,10.0,298,-10.0" /></mjloggm>