<mjloggm ver="2.3"><GO type="185" lobby="0"/><UN n0="%E3%83%86%E3%82%A4%E3%83%A9%E3%83%BC%E3%83%92%E3%83%AB" n1="%68%69%72%6F%6E%6E%32%30" n2="%E3%81%BF%E3%83%BC%E3%82%8F" n3="" dan="16,17,17,0" rate="2191.29,2235.08,2243.40,1500.00" sx="F,M,M,C"/><TAIKYOKU oya="0"/><INIT seed="0,0,0,0,4,128" ten="350,350,350,0" oya="0" hai0="2,38,108,134,87,79,112,109,82,73,46,63,53" hai1="131,65,124,35,70,52,84,114,41,106,3,47,0" hai2="55,51,50,81,130,110,117,1,48,36,45,126,69" hai3=""/><T101/><D2/><U59/><E35/><V135/><F1/><T121/><N who="0" m="31008" /><T42/><D112/><U111/><E106/><V94/><F130/><T96/><D87/><U85/><E131/><V68/><F94/><T77/><D77/><U127/><E114/><V90/><F90/><T54/><D134/><U92/><E111/><N who="0" m="42569" /><D63/><U119/><E119/><V44/><F135/><T97/><D97/><U129/><E129/><V95/><F110/><T98/><D98/><U40/><E92/><AGARI ba="0,0" hai="38,42,46,53,54,73,79,82,92,96,101" m="42569,31008" machi="92" ten="30,5800,0" yaku="14,1,10,1,52,1" doraHai="128" who="0" fromWho="1" sc="350,58,350,-58,350,0,0,0" /><INIT seed="0,1,0,0,4,76" ten="408,292,350,0" oya="0" hai0="63,37,91,72,120,94,41,52,67,84,105,95,59" hai1="53,134,36,78,124,109,3,47,58,45,80,88,49" hai2="99,122,133,104,79,51,114,121,113,131,135,34,43" hai3=""/><T1/><N who="0" m="30752" /><T89/><D1/><U92/><E109/><V96/><N who="2" m="31008" /><V40/><N who="2" m="31264" /><V54/><F34/><T110/><D72/><U39/><E134/><N who="2" m="51211" /><F79/><T77/><D77/><U64/><E124/><V93/><F131/><T100/><D110/><U132/><E3/><V73/><F73/><T126/><D126/><U115/><E115/><N who="2" m="44043" /><F104/><T81/><D105/><U102/><E102/><V60/><F60/><T111/><D111/><U46/><E64/><V50/><F51/><T101/><D101/><U87/><REACH who="1" step="1"/><E132/><REACH who="1" ten="408,282,350,0" step="2"/><V75/><F75/><AGARI ba="1,1" hai="36,39,45,46,47,49,53,58,75,78,80,87,88,92" machi="75" ten="40,8000,1" yaku="1,1,2,1,52,1,54,1,53,0" doraHai="76" doraHaiUra="129" who="1" fromWho="2" sc="408,0,282,92,350,-82,0,0" /><INIT seed="1,0,0,1,0,89" ten="408,374,268,0" oya="1" hai0="41,32,47,82,73,57,49,56,132,110,122,53,102" hai1="112,104,71,91,51,133,72,44,2,115,97,135,3" hai2="1,50,37,39,35,129,116,33,125,59,34,121,74" hai3=""/><U54/><E71/><V123/><N who="2" m="31008" /><V113/><N who="2" m="31520" /><V119/><F1/><T93/><N who="0" m="31264" /><T36/><D32/><U108/><E72/><V67/><F74/><T68/><D132/><N who="1" m="50763" /><E104/><V84/><F125/><T69/><D110/><U111/><E3/><V79/><F129/><T83/><D56/><U109/><E2/><V55/><F113/><T64/><D69/><U98/><E91/><V38/><REACH who="2" step="1"/><F67/><REACH who="2" ten="408,374,258,0" step="2"/><T85/><D73/><U75/><E75/><V76/><F76/><T65/><D65/><U105/><E105/><V77/><F77/><T88/><REACH who="0" step="1"/><D102/><REACH who="0" ten="398,374,258,0" step="2"/><U80/><E115/><V124/><F124/><T95/><D95/><U114/><E114/><V134/><F134/><T100/><D100/><U43/><E112/><V90/><F90/><T128/><D128/><U42/><E80/><AGARI ba="0,2" hai="33,34,35,37,38,39,50,55,59,79,80,84,116,119" m="31520,31008" machi="80" ten="50,6400,0" yaku="1,1,52,2,53,0" doraHai="89" doraHaiUra="96" who="2" fromWho="1" sc="398,0,374,-64,258,84,0,0" /><INIT seed="2,0,0,0,2,115" ten="398,310,342,0" oya="2" hai0="133,94,123,105,111,86,88,100,71,99,121,101,75" hai1="48,46,90,42,73,128,50,69,109,47,80,106,62" hai2="39,103,45,36,55,76,59,77,2,49,41,92,84" hai3=""/><V130/><F2/><T38/><N who="0" m="31008" /><T78/><N who="0" m="31520" /><T40/><D71/><U79/><E109/><V3/><F3/><T98/><D38/><U68/><E106/><V110/><F130/><T63/><D40/><U132/><E128/><V114/><F114/><T65/><D111/><U134/><E90/><V83/><F110/><T67/><D133/><N who="1" m="51307" /><E62/><V95/><F77/><T87/><D63/><U60/><E60/><V113/><F113/><T122/><N who="0" m="31264" /><T34/><D34/><U131/><E131/><V85/><F36/><T97/><D65/><U66/><E66/><V124/><F124/><T1/><D67/><U119/><E119/><V107/><REACH who="2" step="1"/><F84/><REACH who="2" ten="398,310,332,0" step="2"/><T81/><REACH who="0" step="1"/><D1/><REACH who="0" ten="388,310,332,0" step="2"/><U91/><E69/><V64/><F64/><T129/><D129/><U54/><E68/><V43/><F43/><T82/><D82/><U72/><E42/><V61/><F61/><T0/><D0/><U118/><E54/><V57/><F57/><T96/><D96/><AGARI ba="0,2" hai="39,41,45,49,55,59,76,83,85,92,95,96,103,107" machi="96" ten="40,3900,0" yaku="1,1,53,1" doraHai="115" doraHaiUra="44" who="2" fromWho="0" sc="388,-39,310,0,332,59,0,0" /><INIT seed="2,1,0,0,0,116" ten="349,310,391,0" oya="2" hai0="131,120,72,101,68,42,57,63,115,34,113,100,99" hai1="52,83,132,3,103,128,87,50,125,95,129,124,135" hai2="75,58,112,0,111,133,114,118,69,1,41,40,104" hai3=""/><V51/><F51/><T97/><N who="0" m="30752" /><T66/><D34/><U36/><E3/><V105/><F58/><T126/><D126/><N who="1" m="48747" /><E36/><V109/><F69/><T85/><D72/><U44/><E103/><V39/><F75/><T73/><D73/><U33/><E95/><V64/><F64/><T45/><D85/><U93/><E93/><V102/><F102/><T62/><D131/><N who="1" m="50251" /><E33/><V47/><F47/><T79/><D79/><AGARI ba="1,0" hai="44,50,52,79,83,87,132,135" m="50251,48747" machi="79" ten="30,8000,1" yaku="30,2,18,1,19,1,54,1" doraHai="116" who="1" fromWho="0" sc="349,-82,310,82,391,0,0,0" /><INIT seed="4,0,0,5,2,56" ten="267,392,391,0" oya="0" hai0="87,77,58,101,125,126,46,37,43,85,90,3,52" hai1="75,48,112,134,50,36,44,74,69,100,91,122,120" hai2="118,116,117,34,83,107,32,62,41,93,2,64,33" hai3=""/><T96/><D3/><U66/><N who="1" m="30752" /><U72/><N who="1" m="31264" /><U71/><E134/><V130/><F2/><T129/><D77/><U39/><E100/><V45/><F107/><T132/><D132/><U47/><E91/><V82/><F93/><T76/><D76/><U80/><E66/><V55/><F55/><T115/><D115/><U68/><E80/><V92/><F92/><T94/><D129/><U88/><E88/><V70/><REACH who="2" step="1"/><F130/><REACH who="2" ten="267,392,381,0" step="2"/><T63/><REACH who="0" step="1"/><D85/><REACH who="0" ten="257,392,381,0" step="2"/><U113/><E113/><V97/><F97/><T73/><D73/><U106/><E112/><V111/><F111/><T99/><D99/><U135/><E135/><V127/><F127/><T51/><D51/><AGARI ba="0,2" hai="32,33,34,41,45,51,62,64,70,82,83,116,117,118" machi="51" ten="50,8000,1" yaku="1,1,12,1,52,1,53,1" doraHai="56" doraHaiUra="60" who="2" fromWho="0" sc="257,-80,392,0,381,100,0,0" /><INIT seed="5,0,0,4,5,58" ten="177,392,481,0" oya="1" hai0="135,48,103,45,38,100,55,67,117,40,82,108,119" hai1="46,47,78,114,88,105,104,121,50,80,86,91,129" hai2="72,112,73,36,51,120,128,43,130,81,122,95,115" hai3=""/><U111/><N who="1" m="31008" /><U90/><E114/><N who="2" m="43563" /><F36/><T69/><D108/><U60/><E111/><V57/><N who="2" m="30752" /><V92/><N who="2" m="31264" /><V133/><F133/><T96/><D135/><U62/><E129/><N who="2" m="49771" /><F43/><T113/><D113/><U0/><E0/><V56/><F51/><T85/><D67/><U134/><E134/><V76/><F73/><T83/><D69/><U101/><E101/><V89/><F95/><T52/><D100/><U44/><REACH who="1" step="1"/><E50/><REACH who="1" ten="177,382,481,0" step="2"/><V3/><F3/><T126/><D126/><U41/><E41/><V93/><F92/><T66/><D48/><U32/><E32/><V107/><F107/><AGARI ba="0,1" hai="44,46,47,60,62,78,80,86,88,90,91,104,105,107" m="31008" machi="107" ten="50,12000,1" yaku="1,1,52,3,54,1,53,0" doraHai="58" doraHaiUra="2" who="1" fromWho="2" sc="177,0,382,130,481,-120,0,0" /><INIT seed="5,1,0,5,4,97" ten="177,512,361,0" oya="1" hai0="43,128,107,102,104,84,98,54,108,51,80,56,110" hai1="66,83,60,47,40,131,44,111,68,3,77,53,73" hai2="52,115,112,2,85,37,90,123,116,64,69,127,133" hai3=""/><U135/><E131/><V94/><N who="2" m="31520" /><V87/><F116/><T88/><D128/><U74/><E135/><V78/><F2/><T120/><N who="0" m="30752" /><T118/><D118/><U65/><E111/><V126/><F133/><T32/><D32/><U79/><E66/><V55/><F37/><T82/><D107/><U70/><E53/><N who="2" m="20555" /><F64/><T93/><REACH who="0" step="1"/><D43/><REACH who="0" ten="167,512,361,0" step="2"/><U132/><E132/><V130/><F130/><T50/><D50/><U103/><E3/><V63/><F63/><T75/><D75/><U106/><E40/><V0/><F0/><T109/><AGARI ba="1,1" hai="51,54,56,80,82,84,88,93,98,102,104,108,109,110" m="30752" machi="109" ten="30,6000,1" yaku="1,1,0,1,52,2,54,1,53,0" doraHai="97" doraHaiUra="71" who="0" fromWho="0" sc="167,72,512,-41,361,-21,0,0" /><INIT seed="6,0,0,2,5,95" ten="239,471,340,0" oya="2" hai0="82,78,121,47,50,73,98,132,56,59,108,128,70" hai1="118,131,97,107,102,53,94,55,103,92,129,65,134" hai2="116,72,119,85,62,110,3,91,66,101,0,117,105" hai3=""/><V93/><F72/><T81/><N who="0" m="31008" /><T54/><D70/><U126/><E118/><V120/><N who="2" m="30752" /><V87/><F110/><T42/><D108/><U90/><E134/><V61/><F62/><T74/><D132/><U52/><E126/><V45/><F45/><T33/><D33/><U133/><E133/><V86/><F101/><T106/><D128/><N who="1" m="49227" /><E103/><V122/><N who="2" m="31264" /><V64/><F105/><T104/><D59/><U36/><E36/><V68/><REACH who="2" step="1"/><F66/><REACH who="2" ten="239,471,330,0" step="2"/><T89/><D73/><U43/><E65/><V112/><F112/><T32/><D32/><U58/><E107/><V44/><F44/><T51/><REACH who="0" step="1"/><D81/><REACH who="0" ten="229,471,330,0" step="2"/><U37/><E58/><V109/><F109/><T71/><D71/><U83/><E83/><V76/><F76/><T38/><D38/><U1/><E37/><V88/><F88/><T77/><D77/><U34/><E34/><V127/><F127/><T39/><D39/><U84/><E102/><V60/><F60/><T125/><D125/><U35/><E35/><V79/><F79/><T123/><N who="0" m="31520" /><T100/><D100/><U41/><E90/><V124/><F124/><T99/><D99/><AGARI ba="0,2" hai="0,3,61,64,68,85,86,87,91,93,99,116,117,119" m="31264,30752" machi="99" ten="50,12000,1" yaku="1,1,52,3,53,0" doraHai="95" doraHaiUra="40" who="2" fromWho="0" sc="229,-120,471,0,330,140,0,0" /><INIT seed="6,1,0,0,3,79" ten="109,471,470,0" oya="2" hai0="39,133,127,102,120,116,108,94,74,84,83,99,58" hai1="47,65,61,44,81,95,54,123,41,36,117,33,80" hai2="135,93,96,109,124,56,62,112,53,122,78,115,3" hai3=""/><V87/><N who="2" m="31264" /><V48/><F3/><T90/><D39/><U91/><N who="1" m="31520" /><U34/><E117/><V76/><F109/><T60/><D58/><U67/><E67/><V40/><F135/><T128/><D60/><U71/><E33/><V105/><F124/><T132/><N who="0" m="30752" /><T126/><D108/><U37/><E34/><V103/><F105/><T113/><D116/><U2/><E2/><V88/><F40/><T89/><D113/><N who="2" m="43594" /><F62/><T46/><D46/><U100/><E100/><V98/><F98/><T92/><D128/><U70/><E70/><V111/><F111/><T45/><D45/><U97/><E54/><V51/><F48/><T130/><D130/><U72/><E72/><V73/><F73/><T106/><D92/><U131/><E131/><V69/><F69/><T82/><D90/><U110/><E110/><V66/><F66/><T64/><D64/><U1/><E1/><V50/><F51/><T129/><D129/><U75/><E75/><V35/><F35/><T107/><D107/><U38/><E38/><V0/><F0/><T32/><D32/><U43/><AGARI ba="1,0" hai="36,37,41,43,44,47,61,65,71,80,81,91,95,97" m="31520" machi="43" ten="30,6000,1" yaku="0,1,9,1,52,3" doraHai="79" who="1" fromWho="1" sc="109,-21,471,62,470,-41,0,0" owari="88,-51.0,533,48.0,429,3.0,0,0.0" /></mjloggm>