<mjloggm ver="2.3"><GO type="185" lobby="0"/><UN n0="%E7%81%AB%E6%98%9F%E3%81%AE%E7%8A%AC" n1="%E6%B5%B7%E8%83%86%E3%83%88%E3%83%AD%E7%83%8F%E8%B3%8A" n2="%E3%81%82%E3%81%B9%E3%81%97%E3%81%A3%E3%81%A3" n3="" dan="16,18,16,0" rate="2201.84,2375.78,2219.37,1500.00" sx="M,M,M,C"/><TAIKYOKU oya="0"/><INIT seed="0,0,0,5,1,86" ten="350,350,350,0" oya="0" hai0="105,109,73,123,125,92,51,34,64,87,46,85,72" hai1="110,57,96,52,117,75,91,62,45,63,1,126,118" hai2="121,98,115,58,68,37,116,74,103,100,112,71,107" hai3=""/><T42/><N who="0" m="31520" /><T97/><D34/><U69/><E1/><V124/><N who="2" m="31008" /><V32/><F74/><T133/><D125/><U47/><E75/><V67/><F37/><T99/><D133/><U122/><N who="1" m="31264" /><U38/><E126/><V59/><F124/><T104/><D64/><U2/><E2/><V36/><F36/><T119/><D119/><U95/><E110/><V120/><N who="2" m="30752" /><V48/><F116/><T50/><D109/><U56/><E69/><V132/><F107/><T94/><D46/><U54/><E47/><V43/><F98/><T65/><D65/><U130/><E130/><V127/><F67/><T135/><D135/><U106/><REACH who="1" step="1"/><E106/><REACH who="1" ten="350,340,350,0" step="2"/><V77/><F127/><T80/><D105/><U78/><E78/><V84/><F77/><T128/><D104/><U131/><E131/><V70/><F70/><T35/><D128/><U90/><E90/><V49/><F132/><T111/><D111/><U40/><AGARI ba="0,1" hai="38,40,45,52,54,56,57,62,63,91,95,96,117,118" m="31264" machi="40" ten="30,9000,2" yaku="1,1,0,1,9,1,52,2,54,1,53,0" doraHai="86" doraHaiUra="129" who="1" fromWho="1" sc="350,-60,340,100,350,-30,0,0" /><INIT seed="1,0,0,4,3,82" ten="290,440,320,0" oya="1" hai0="100,134,135,48,46,50,1,96,119,35,42,127,111" hai1="67,37,76,33,43,116,0,59,39,58,44,80,41" hai2="64,99,72,120,52,129,125,57,110,34,81,55,112" hai3=""/><U78/><E0/><V106/><N who="2" m="30752" /><V95/><F34/><T86/><D1/><U51/><E33/><V91/><F110/><T130/><D35/><U87/><E116/><V85/><F125/><T133/><D119/><U2/><E2/><V88/><F129/><T36/><D111/><U84/><E67/><V65/><F112/><T49/><D130/><U66/><E66/><V101/><F55/><T45/><D127/><U73/><E76/><V90/><F72/><T71/><D71/><U104/><E104/><V114/><F114/><T131/><D131/><U105/><E105/><V53/><F53/><T47/><REACH who="0" step="1"/><D86/><REACH who="0" ten="280,440,320,0" step="2"/><U32/><E32/><V108/><F108/><T126/><D126/><U61/><E59/><V98/><REACH who="2" step="1"/><F91/><REACH who="2" ten="280,440,310,0" step="2"/><T107/><AGARI ba="0,2" hai="36,42,45,46,47,48,49,50,96,100,107,133,134,135" machi="107" ten="40,3900,0" yaku="1,1,0,1,20,1,53,0" doraHai="82" doraHaiUra="56" who="0" fromWho="0" sc="280,59,440,-26,310,-13,0,0" /><INIT seed="2,0,0,2,0,98" ten="339,414,297,0" oya="2" hai0="32,36,66,2,84,114,116,121,135,126,75,34,86" hai1="81,50,125,112,67,129,38,48,88,105,119,79,43" hai2="3,128,45,118,47,127,117,120,58,115,102,100,56" hai3=""/><V107/><N who="2" m="30752" /><V94/><F3/><T78/><D78/><U103/><E112/><V123/><N who="2" m="31520" /><V134/><F94/><T57/><D57/><U76/><E129/><V72/><F72/><T90/><D90/><U113/><E113/><V71/><F71/><T53/><D66/><U82/><E125/><V97/><F115/><T55/><D2/><U46/><E119/><V0/><F0/><T124/><N who="0" m="31008" /><T111/><D114/><U51/><E67/><V92/><F127/><T42/><D75/><U104/><E88/><V41/><F128/><T83/><D116/><U63/><E63/><V133/><F92/><T49/><D126/><U68/><E68/><V93/><F93/><T77/><D124/><U60/><E60/><V132/><F132/><T74/><D135/><U33/><E33/><V122/><N who="2" m="31264" /><V73/><F73/><T69/><D74/><U80/><E103/><V40/><F97/><T89/><D69/><U1/><E1/><V39/><F39/><T54/><D36/><U109/><E109/><V99/><F99/><T96/><D96/><U131/><E131/><V65/><F65/><T95/><D111/><U101/><E104/><AGARI ba="0,0" hai="40,41,45,47,56,58,100,102,104,107,117,118,133,134" m="31264,31520,30752" machi="104" ten="25,18000,2" yaku="22,2,52,5" doraHai="98" who="2" fromWho="1" sc="339,0,414,-180,297,180,0,0" /><INIT seed="2,1,0,2,4,130" ten="339,234,477,0" oya="2" hai0="3,43,57,89,123,48,0,117,97,110,101,53,52" hai1="90,119,109,83,95,94,73,114,107,58,1,59,54" hai2="33,60,127,126,132,39,61,86,51,84,68,40,108" hai3=""/><V129/><F33/><T125/><N who="0" m="31520" /><T70/><D117/><U32/><E32/><V81/><F39/><T63/><D110/><U75/><E1/><V121/><N who="2" m="31008" /><V76/><F129/><T77/><D125/><U112/><E107/><V120/><N who="2" m="30752" /><V102/><F108/><T88/><D77/><U116/><E83/><V124/><F68/><T44/><D70/><U104/><E104/><V47/><F132/><T34/><D34/><U128/><E128/><V115/><F115/><T45/><D3/><U100/><E109/><V92/><F86/><T122/><N who="0" m="31264" /><T105/><D0/><U111/><E111/><V46/><REACH who="2" step="1"/><F47/><REACH who="2" ten="339,234,467,0" step="2"/><T38/><AGARI ba="1,1" hai="38,43,44,45,48,52,53,57,63,88,89,97,101,105" m="31264,31520" machi="38" ten="20,9000,2" yaku="0,1,7,1,52,2,54,2" doraHai="130" who="0" fromWho="0" sc="339,102,234,-31,467,-61,0,0" /><INIT seed="4,0,0,1,1,107" ten="441,203,406,0" oya="0" hai0="85,36,96,77,58,65,98,113,106,88,71,73,127" hai1="125,42,120,124,112,134,2,110,133,57,44,83,128" hai2="130,114,49,135,54,79,121,63,62,126,33,40,56" hai3=""/><T68/><D36/><U104/><N who="1" m="30752" /><U55/><E2/><V97/><N who="2" m="31008" /><V1/><F1/><T82/><D127/><N who="1" m="48715" /><E104/><V119/><F33/><T72/><D113/><U74/><E110/><V66/><F114/><T3/><D3/><U69/><E69/><V118/><F79/><T47/><D47/><U109/><E109/><V86/><F86/><T93/><D71/><U59/><E112/><V76/><F76/><T89/><D68/><U41/><E83/><V53/><F126/><T102/><D58/><N who="1" m="22027" /><E74/><N who="0" m="28777" /><D65/><U84/><E84/><V101/><F66/><T100/><AGARI ba="0,0" hai="77,82,85,88,89,93,96,98,100,102,106" m="28777" machi="100" ten="30,16000,3" yaku="35,5,52,3,54,1" doraHai="107" who="0" fromWho="0" sc="441,160,203,-80,406,-80,0,0" /><INIT seed="4,1,0,1,0,34" ten="601,123,326,0" oya="0" hai0="44,104,3,131,63,52,60,87,122,64,106,46,118" hai1="71,129,119,127,89,81,92,56,57,74,99,73,98" hai2="134,95,43,124,70,55,109,80,45,105,72,35,48" hai3=""/><T116/><N who="0" m="31264" /><T38/><D3/><U53/><E71/><V128/><F105/><T42/><D131/><U113/><E129/><V65/><F35/><T117/><D60/><U120/><N who="1" m="30752" /><U2/><E119/><V1/><F95/><T39/><D87/><U114/><E127/><V62/><F1/><T123/><N who="0" m="31520" /><T85/><D85/><U108/><E108/><V69/><F109/><T33/><D33/><U133/><E133/><V59/><F134/><T36/><D106/><U132/><E132/><V41/><F124/><T49/><D104/><U61/><E2/><V101/><F101/><T58/><AGARI ba="1,0" hai="36,38,39,42,44,46,49,52,58,63,64,116,117,118" m="31520,31264" machi="58" ten="30,12000,2" yaku="0,1,34,3,52,2,54,1" doraHai="34" who="0" fromWho="0" sc="601,122,123,-61,326,-61,0,0" /><INIT seed="4,2,0,0,0,44" ten="723,62,265,0" oya="0" hai0="50,112,43,79,42,120,36,82,99,72,93,62,53" hai1="91,125,73,41,123,60,71,66,33,61,37,1,3" hai2="88,83,113,40,128,117,114,58,124,70,119,86,57" hai3=""/><T102/><N who="0" m="30752" /><T92/><D112/><N who="2" m="43114" /><F70/><T96/><D36/><U63/><N who="1" m="31520" /><U39/><E33/><V129/><F40/><T132/><D62/><U47/><E125/><V2/><F2/><T45/><REACH who="0" step="1"/><D132/><REACH who="0" ten="713,62,265,0" step="2"/><U134/><E134/><V85/><F124/><T108/><D108/><U104/><E37/><V107/><F119/><T105/><D105/><U110/><E110/><V76/><F107/><T46/><D46/><U131/><E104/><V77/><F117/><T121/><N who="0" m="31008" /><T54/><D54/><U97/><E61/><V115/><F115/><T32/><D32/><U103/><E63/><V127/><F127/><T59/><D59/><U68/><E39/><V116/><F116/><T100/><AGARI ba="2,1" hai="42,43,45,50,53,72,79,82,92,93,96,99,100,102" m="31008,30752" machi="100" ten="20,16000,3" yaku="1,1,0,1,7,1,9,1,52,3,53,1" doraHai="44" doraHaiUra="75" who="0" fromWho="0" sc="713,174,62,-82,265,-82,0,0" owari="887,84.0,-20,-62.0,183,-22.0,0,0.0" /></mjloggm>