<mjloggm ver="2.3"><GO type="169" lobby="0"/><UN n0="%52%45%49%4E%E6%A3%AE%E4%B9%85%E4%BF%9D%50" n1="%61%6E%6C%75%6E" n2="%53%61%6B%69%E2%98%86" n3="%E5%BC%B7%E6%89%93%E6%84%9B%E5%A5%BD%E5%AE%B6" dan="16,16,17,16" rate="2133.40,2113.56,2178.71,2126.94" sx="M,M,F,M"/><TAIKYOKU oya="0"/><INIT seed="0,0,0,1,0,97" ten="250,250,250,250" oya="0" hai0="111,22,114,30,120,112,44,70,41,62,95,83,121" hai1="93,78,1,89,90,76,125,63,82,12,123,109,126" hai2="43,116,34,79,24,32,86,64,53,113,51,73,71" hai3="14,48,106,67,75,11,52,66,31,56,15,49,118"/><T103/><D22/><U81/><E1/><V104/><F113/><N who="0" m="43626" /><D30/><U46/><E46/><V9/><F73/><W100/><G75/><T40/><D95/><U10/><E63/><V26/><F43/><N who="0" m="16458" /><D103/><U107/><E107/><V28/><F104/><W23/><G118/><T72/><D83/><U42/><E42/><V128/><F128/><W2/><G2/><T131/><D72/><U124/><E123/><N who="0" m="47177" /><D44/><U36/><E10/><V50/><F9/><W110/><G100/><T108/><D131/><U65/><E12/><V92/><F79/><W61/><G106/><T45/><D45/><U5/><E5/><V21/><F28/><W77/><G23/><T88/><D88/><U80/><E36/><V29/><F21/><W13/><G77/><T16/><D16/><U98/><E89/><V55/><F29/><W127/><G13/><T58/><D70/><U117/><E78/><V101/><F71/><W35/><G14/><T115/><N who="0" m="43634" /><T102/><DORA hai="135" /><D102/><U19/><E76/><V54/><F101/><W91/><G15/><T57/><D62/><U33/><E19/><V0/><F92/><W84/><G61/><T105/><D105/><U129/><E129/><V47/><F0/><W8/><G31/><T39/><D39/><U18/><E18/><V25/><F86/><W85/><G85/><T96/><D96/><U37/><E37/><V68/><F68/><W119/><G8/><T59/><AGARI ba="0,0" hai="57,58,59,108,111" m="47177,16458,43634" machi="59" ten="60,12000,1" yaku="28,2,34,2" doraHai="97,135" who="0" fromWho="0" sc="250,120,250,-40,250,-40,250,-40" /><INIT seed="0,1,0,1,4,74" ten="370,210,210,210" oya="0" hai0="97,98,89,80,129,77,115,65,131,28,120,50,114" hai1="36,72,19,134,25,61,66,37,54,56,73,18,70" hai2="49,101,118,121,88,5,27,86,59,39,133,14,135" hai3="91,103,113,127,33,31,22,105,76,26,99,62,4"/><T108/><D50/><U71/><E134/><N who="2" m="51211" /><F121/><W40/><G113/><N who="0" m="43019" /><D28/><U78/><E73/><V6/><F39/><W17/><G127/><T52/><D52/><U7/><E7/><V8/><F101/><W92/><G40/><T47/><D47/><U13/><E70/><V32/><F118/><W35/><G4/><T95/><D65/><U125/><E125/><V130/><F130/><N who="0" m="49674" /><D120/><U84/><E72/><V15/><F32/><W104/><G35/><T9/><D9/><U112/><E112/><V42/><F27/><W106/><G62/><T110/><D98/><U29/><E37/><V85/><F85/><AGARI ba="1,0" hai="77,80,85,89,95,97,108,110" m="49674,43019" machi="85" ten="40,12000,1" yaku="19,1,34,2,52,1" doraHai="74" who="0" fromWho="2" sc="370,123,210,0,210,-123,210,0" /><INIT seed="0,2,0,5,0,53" ten="493,210,87,210" oya="0" hai0="54,31,88,133,86,4,93,40,29,3,55,17,70" hai1="78,125,95,69,90,38,131,14,122,80,81,100,32" hai2="59,60,87,124,10,121,98,127,1,107,9,105,128" hai3="101,62,13,45,36,56,16,89,39,120,109,112,114"/><T43/><D70/><U41/><E32/><V94/><F121/><W104/><G120/><T83/><D133/><U58/><E69/><V5/><F128/><W129/><G129/><T85/><D4/><U99/><E131/><V26/><F26/><W72/><G72/><T76/><D3/><U52/><E122/><V28/><F28/><N who="0" m="10826" /><D17/><U20/><E38/><V132/><F10/><W130/><G130/><T110/><D110/><U6/><E41/><AGARI ba="2,0" hai="40,41,43,54,55,76,83,85,86,88,93" m="10826" machi="41" ten="30,2900,0" yaku="8,1,54,1" doraHai="53" who="0" fromWho="1" sc="493,35,210,-35,87,0,210,0" /><INIT seed="0,3,0,5,4,125" ten="528,175,87,210" oya="0" hai0="91,117,40,33,113,1,98,54,115,108,34,9,85" hai1="7,18,55,134,57,11,103,31,80,133,15,45,82" hai2="69,51,92,111,17,118,24,62,13,67,123,46,30" hai3="37,106,96,68,74,89,110,12,127,52,35,56,66"/><T27/><D117/><U95/><E31/><V121/><F118/><W10/><G74/><T105/><D40/><U76/><E45/><V53/><F111/><W32/><G37/><T107/><D108/><U71/><E71/><V50/><F50/><W5/><G110/><T128/><D54/><U44/><E44/><V122/><F92/><W63/><G127/><T49/><D49/><U26/><E103/><V19/><REACH who="2" step="1"/><F13/><REACH who="2" ten="528,175,77,210" step="2"/><W93/><G106/><T84/><D105/><U21/><E95/><V104/><F104/><W73/><G73/><T81/><D107/><U58/><E134/><V64/><F64/><W28/><G28/><T100/><D113/><U25/><E133/><V101/><F101/><W60/><AGARI ba="3,1" hai="5,10,12,32,35,52,56,60,63,66,68,89,93,96" machi="60" ten="20,2700,0" yaku="0,1,7,1,54,1" doraHai="125" who="3" fromWho="3" sc="528,-16,175,-10,77,-10,210,46" /><INIT seed="1,0,0,5,2,23" ten="512,165,67,256" oya="1" hai0="52,22,87,41,3,5,26,123,116,10,12,97,102" hai1="29,114,84,20,91,135,67,124,11,122,17,109,60" hai2="115,85,88,55,94,37,132,64,7,113,86,82,76" hai3="28,100,19,103,44,111,56,13,32,70,79,73,63"/><U131/><E114/><N who="2" m="43531" /><F64/><W14/><G70/><T40/><D116/><U96/><E122/><V75/><F37/><W35/><G111/><T36/><D36/><U93/><E124/><V33/><F33/><W119/><G119/><T50/><D87/><U43/><E109/><V121/><F7/><W80/><G44/><T18/><D3/><U89/><E135/><V42/><F42/><W110/><G110/><T74/><D74/><U90/><E131/><V98/><F55/><W104/><G13/><T112/><D123/><U25/><E43/><V65/><F65/><W47/><G47/><T101/><D112/><U129/><E129/><V127/><F121/><W59/><G59/><T57/><D102/><U128/><E128/><V120/><F120/><W62/><G62/><T92/><AGARI ba="0,0" hai="5,10,12,18,22,26,40,41,50,52,57,92,97,101" machi="92" ten="20,8000,1" yaku="0,1,7,1,8,1,52,1,54,1" doraHai="23" who="0" fromWho="0" sc="512,80,165,-40,67,-20,256,-20" /><INIT seed="2,0,0,1,2,77" ten="592,125,47,236" oya="2" hai0="64,135,110,95,19,79,109,34,66,86,39,28,74" hai1="108,63,33,32,9,127,116,75,26,29,13,91,47" hai2="0,73,131,129,55,98,53,71,72,103,97,5,54" hai3="25,119,31,22,60,68,3,104,92,41,125,49,57"/><V134/><F71/><W133/><G104/><T102/><D39/><U126/><E116/><V114/><F114/><W84/><G3/><T43/><D43/><U36/><E75/><N who="2" m="28747" /><F0/><W30/><G119/><T59/><D102/><U111/><E63/><V70/><F5/><W35/><G35/><T76/><D95/><U112/><E112/><V113/><F70/><W101/><G30/><T15/><D86/><U65/><E65/><V52/><F113/><W88/><G68/><T69/><D74/><U85/><E33/><V105/><N who="2" m="13312" /><DORA hai="18" /><V124/><F124/><N who="1" m="47657" /><E36/><V118/><F118/><W38/><G38/><T82/><D69/><U12/><E47/><V4/><F4/><W8/><G60/><T130/><D64/><U106/><E106/><V89/><F134/><W100/><G133/><T99/><D66/><U81/><E9/><V107/><F89/><N who="3" m="53287" /><G125/><T1/><D76/><U2/><E2/><V120/><F120/><W94/><G8/><T78/><D79/><U7/><E7/><V61/><F61/><W27/><G57/><T42/><D78/><U24/><E24/><V17/><F17/><W117/><G27/><T132/><D19/><U40/><E40/><V58/><F58/><W128/><G117/><T93/><D59/><U48/><E48/><V67/><F67/><W87/><G49/><T122/><D1/><U51/><E51/><V50/><F50/><W123/><G41/><T121/><D122/><U56/><E56/><V21/><F21/><W16/><G123/><T44/><D121/><U62/><E62/><V83/><F83/><W37/><G37/><RYUUKYOKU ba="0,0" sc="592,-15,125,15,47,15,236,-15" hai1="12,13,26,29,32,81,85,91,108,111" hai2="97,98,103,105,107,129,131" /><INIT seed="2,1,0,0,1,14" ten="577,140,62,221" oya="2" hai0="54,125,64,109,47,88,117,21,31,51,53,2,66" hai1="95,134,18,75,114,131,94,98,135,79,99,33,132" hai2="65,124,93,58,37,74,3,59,5,126,112,104,127" hai3="91,72,48,68,8,97,106,13,82,89,60,111,103"/><V36/><F104/><W129/><G111/><T83/><D2/><U105/><E33/><V85/><F74/><W86/><G129/><T115/><D115/><U67/><E114/><V10/><F112/><W100/><G72/><T4/><D109/><U15/><E67/><N who="0" m="25641" /><D4/><U7/><E7/><V128/><F128/><W1/><G1/><T81/><D125/><U118/><E131/><V38/><F65/><W57/><G60/><T41/><D117/><U123/><E118/><V56/><F85/><W73/><G73/><T45/><D88/><N who="1" m="55623" /><E105/><V49/><REACH who="2" step="1"/><F93/><REACH who="2" ten="577,140,52,221" step="2"/><N who="3" m="56495" /><G106/><T102/><D83/><N who="1" m="45567" /><E123/><V119/><F119/><W25/><G86/><T55/><D81/><U63/><E95/><V43/><F43/><W61/><G82/><T22/><D102/><U39/><E99/><V80/><F80/><W107/><G103/><T69/><D69/><U44/><E135/><V87/><F87/><W23/><G107/><T6/><D41/><U71/><E134/><V11/><F11/><W120/><G100/><T29/><D55/><AGARI ba="1,1" hai="3,5,10,36,37,38,49,55,56,58,59,124,126,127" machi="55" ten="50,4800,0" yaku="1,1,18,1,53,0" doraHai="14" doraHaiUra="30" who="2" fromWho="0" sc="577,-51,140,0,52,61,221,0" /><INIT seed="2,2,0,2,2,77" ten="526,140,113,221" oya="2" hai0="33,3,116,95,1,17,121,110,127,98,134,107,55" hai1="13,117,42,131,67,38,10,104,122,65,115,89,94" hai2="14,51,11,68,58,101,23,5,86,81,80,15,87" hai3="21,93,43,126,78,112,97,103,40,123,24,19,12"/><V16/><F68/><W91/><G123/><T118/><D55/><U85/><E115/><V129/><F129/><W53/><G112/><T50/><D95/><U36/><E117/><V64/><F101/><W66/><G66/><T130/><D17/><U79/><E122/><V8/><F87/><W111/><G111/><T63/><D50/><U0/><E0/><V72/><F72/><W54/><G126/><T61/><D98/><U69/><E131/><V88/><F80/><W105/><G78/><T90/><D90/><U18/><E104/><V56/><F51/><W96/><G54/><T39/><D63/><U71/><E38/><V9/><F64/><W4/><G4/><T2/><D61/><U132/><E132/><V41/><F41/><W34/><G34/><T128/><D1/><U30/><E71/><V59/><AGARI ba="2,0" hai="5,8,9,11,14,15,16,23,56,58,59,81,86,88" machi="59" ten="30,12000,1" yaku="0,1,8,1,52,1,54,2" doraHai="77" who="2" fromWho="2" sc="526,-42,140,-42,113,126,221,-42" /><INIT seed="2,3,0,2,0,84" ten="484,98,239,179" oya="2" hai0="93,132,18,1,109,29,112,107,98,85,14,0,19" hai1="48,79,28,36,135,131,32,76,110,25,59,11,83" hai2="33,73,104,72,44,37,70,57,90,118,81,102,80" hai3="133,114,134,23,66,30,96,55,10,100,108,99,46"/><V130/><F70/><W87/><G108/><T65/><D109/><U125/><E110/><V89/><F33/><W45/><G66/><T120/><D120/><U24/><E36/><V31/><F31/><W56/><G10/><T39/><D39/><U103/><E125/><V74/><F57/><W41/><G114/><T7/><D65/><U94/><E131/><V88/><F37/><W119/><G119/><T49/><D49/><U77/><E135/><N who="3" m="51722" /><G87/><T86/><D107/><U126/><E126/><V71/><F71/><W21/><G96/><T97/><D132/><U13/><E25/><V78/><F44/><N who="3" m="17003" /><G41/><T58/><D58/><U60/><E48/><V92/><F118/><W117/><G30/><T52/><D93/><U54/><E94/><V12/><F12/><W75/><G75/><N who="2" m="28745" /><F130/><W51/><G117/><T127/><D127/><U22/><E103/><V38/><F38/><W40/><G40/><T27/><D29/><U111/><E111/><V113/><F113/><W43/><G43/><T123/><D14/><U128/><E128/><V8/><F8/><W4/><G4/><T42/><D42/><U34/><REACH who="1" step="1"/><E83/><REACH who="1" ten="484,88,239,179" step="2"/><N who="2" m="45527" /><F104/><AGARI ba="3,1" hai="21,23,51,55,56,99,100,104" m="17003,51722" machi="104" ten="30,1000,0" yaku="20,1" doraHai="84" who="3" fromWho="2" sc="484,0,88,0,239,-19,179,29" /><INIT seed="3,0,0,2,2,78" ten="484,88,220,208" oya="3" hai0="50,72,119,19,27,90,131,93,66,85,65,7,44" hai1="55,133,14,31,38,51,61,92,67,126,40,83,43" hai2="80,79,107,20,73,84,37,32,56,52,5,128,4" hai3="9,94,22,11,130,68,101,82,13,81,18,0,103"/><W15/><G68/><T29/><D72/><U16/><E126/><V110/><F37/><W88/><G130/><T87/><D119/><U8/><E133/><V49/><F32/><W35/><G0/><T96/><D7/><U24/><E92/><V30/><F128/><W64/><G64/><T12/><D131/><U74/><E38/><V53/><F110/><W116/><G35/><T45/><D45/><U132/><E132/><V10/><F107/><W100/><G116/><T122/><D122/><U33/><E74/><V58/><F73/><W6/><G9/><T114/><D114/><U17/><E17/><V60/><F10/><W42/><G42/><T97/><D97/><AGARI ba="0,0" hai="6,11,13,15,18,22,81,82,88,94,97,100,101,103" machi="97" ten="40,12000,1" yaku="8,1,52,2,54,1" doraHai="78" who="3" fromWho="0" sc="484,-120,88,0,220,0,208,120" /><INIT seed="3,1,0,3,0,19" ten="364,88,220,328" oya="3" hai0="57,28,132,45,32,95,124,13,1,37,3,20,85" hai1="22,33,127,97,92,130,104,91,135,56,2,123,94" hai2="29,105,108,83,4,58,31,48,50,27,113,74,88" hai3="23,86,78,34,60,67,122,119,129,82,68,66,102"/><W79/><G122/><T52/><D124/><U118/><E123/><V64/><F113/><W98/><G129/><T103/><D132/><U39/><E33/><V62/><F105/><W40/><G119/><T24/><D37/><U110/><E104/><V125/><F125/><W7/><G66/><T12/><D45/><U38/><E127/><V30/><F108/><W16/><G34/><T107/><D107/><U69/><E69/><V55/><F4/><W101/><G7/><T15/><D32/><U61/><E2/><V35/><F74/><W17/><G40/><T54/><D54/><U46/><E130/><V6/><F6/><W43/><G43/><T116/><D116/><U100/><E118/><V109/><F109/><W115/><G17/><T120/><D120/><U112/><E112/><V76/><F76/><W65/><G65/><T53/><D53/><U134/><E110/><V133/><F50/><W21/><G21/><T0/><D103/><U73/><E73/><V44/><F133/><W5/><G5/><T84/><REACH who="0" step="1"/><D95/><REACH who="0" ten="354,88,220,328" step="2"/><U75/><E39/><V106/><F106/><N who="3" m="63799" /><G102/><T14/><N who="0" m="3072" /><DORA hai="36" /><T51/><AGARI ba="1,1" hai="0,1,3,20,24,28,51,52,57,84,85" m="3072" machi="51" ten="50,8000,1" yaku="1,1,4,1,0,1,52,1,54,1,53,0" doraHai="19,36" doraHaiUra="72,117" who="0" fromWho="0" sc="354,93,88,-21,220,-21,328,-41" /><INIT seed="4,0,0,5,4,74" ten="447,67,199,287" oya="0" hai0="49,60,87,22,20,31,32,43,111,97,55,98,77" hai1="86,119,84,2,23,113,104,120,94,40,125,3,82" hai2="92,52,51,107,72,66,50,96,64,11,16,14,108" hai3="75,129,88,59,19,128,71,130,36,133,47,122,99"/><T61/><D111/><U35/><E119/><V1/><F107/><W121/><G71/><T45/><D32/><U117/><E117/><V78/><F108/><W26/><G133/><T13/><D31/><U37/><E104/><V42/><F1/><W57/><G75/><T105/><D105/><U8/><E35/><V76/><F72/><W30/><G19/><N who="0" m="10351" /><D22/><U28/><E120/><N who="3" m="46186" /><G47/><T114/><D114/><U95/><E125/><V69/><F69/><W90/><G36/><T18/><D18/><U91/><E113/><V38/><F50/><W10/><G10/><T102/><D102/><U101/><E8/><V46/><F38/><W124/><G124/><T93/><D43/><U9/><E9/><V15/><F42/><W131/><G131/><T12/><D12/><U4/><E4/><V81/><F15/><W126/><G126/><T25/><D25/><N who="1" m="16447" /><E40/><V54/><F54/><W83/><G26/><T39/><D39/><U6/><E37/><V48/><F48/><W89/><G30/><T73/><D73/><U100/><E6/><V68/><F68/><W135/><G135/><T17/><D17/><U127/><E127/><V79/><F81/><W7/><G7/><T118/><D118/><U103/><E3/><V62/><F62/><N who="0" m="24170" /><D93/><N who="1" m="35339" /><E2/><V123/><F123/><W24/><G24/><T106/><D106/><U80/><E103/><AGARI ba="0,0" hai="11,14,16,46,51,52,64,66,76,78,79,92,96,103" machi="103" ten="40,12000,2" yaku="8,1,52,3,54,2" doraHai="74" who="2" fromWho="1" sc="447,0,67,-120,199,120,287,0" owari="447,54.0,-53,-55.0,319,12.0,287,-11.0" /></mjloggm>