<mjloggm ver="2.3"><GO type="225" lobby="0"/><UN n0="%E9%81%85%E5%88%BB%E3%81%AE%E3%83%97%E3%83%AA%E3%83%B3%E3%82%B9%E2%99%AA" n1="%E8%A8%88%E7%AE%97%E6%A9%9F%E8%87%AA%E7%84%B6" n2="%E9%AE%92%E3%81%AE%E8%83%83%E8%A2%8B" n3="%73%75%7A%75%6D%65%33" dan="16,17,17,17" rate="2138.54,2277.05,2204.67,2215.86" sx="F,M,M,M"/><TAIKYOKU oya="0"/><INIT seed="0,0,0,4,1,48" ten="250,250,250,250" oya="0" hai0="112,21,32,40,19,2,128,44,108,13,53,82,120" hai1="52,61,27,10,23,41,67,77,17,91,29,99,69" hai2="79,87,38,7,15,104,75,131,73,51,60,93,25" hai3="107,135,50,42,102,74,133,22,16,111,47,113,35"/><T24/><D120/><U83/><E41/><V118/><F38/><W46/><G35/><T33/><D112/><U18/><E10/><V59/><F104/><W121/><G113/><T115/><D115/><U56/><E99/><V28/><F51/><W12/><G74/><T85/><D2/><U6/><E6/><V114/><F114/><W122/><G111/><T97/><D108/><U124/><E124/><V95/><F131/><W78/><G78/><T8/><D128/><U72/><REACH who="1" step="1"/><E91/><REACH who="1" ten="250,240,250,250" step="2"/><V20/><F7/><W86/><G122/><T84/><D97/><U134/><E134/><V55/><F118/><W116/><G121/><T1/><D40/><U39/><E39/><V106/><F106/><W45/><G116/><T101/><D1/><U98/><E98/><V70/><F73/><W127/><G127/><T14/><D85/><U0/><E0/><V90/><F75/><W94/><G107/><T68/><D101/><U119/><E119/><V62/><F90/><N who="3" m="53591" /><G102/><T109/><D109/><U63/><AGARI ba="0,1" hai="17,18,23,27,29,52,56,61,63,67,69,72,77,83" machi="63" ten="20,8000,1" yaku="1,1,0,1,7,1,52,1,54,1,53,0" doraHai="48" doraHaiUra="71" who="1" fromWho="1" sc="250,-40,240,90,250,-20,250,-20" /><INIT seed="1,0,0,2,5,91" ten="210,330,230,230" oya="1" hai0="72,116,7,122,130,27,127,76,114,133,50,21,37" hai1="30,125,69,60,16,36,42,18,24,90,134,51,94" hai2="22,12,118,79,70,43,109,55,10,103,23,47,54" hai3="115,104,8,63,53,41,52,101,32,117,129,66,1"/><U61/><E36/><V80/><F118/><W73/><G73/><T81/><D116/><U0/><E0/><V9/><F70/><W88/><G117/><T132/><D114/><U33/><E134/><N who="0" m="51817" /><D37/><U20/><E125/><V98/><F109/><W49/><G115/><T13/><D127/><U35/><E35/><V86/><F22/><W110/><G32/><T96/><D130/><U89/><E89/><V112/><F23/><W102/><G129/><T17/><D122/><U100/><E100/><N who="3" m="38506" /><G104/><T128/><D128/><U25/><E69/><V111/><F111/><W57/><G1/><T2/><D2/><U5/><E5/><N who="2" m="3119" /><F10/><W131/><G8/><N who="0" m="4255" /><D72/><U64/><E64/><V15/><F15/><W44/><G131/><T75/><D50/><U46/><REACH who="1" step="1"/><E18/><REACH who="1" ten="210,320,230,230" step="2"/><V119/><F112/><W95/><G110/><T14/><D96/><AGARI ba="0,1" hai="16,20,24,25,30,33,42,46,51,60,61,90,94,96" machi="96" ten="30,18000,2" yaku="1,1,2,1,7,1,52,1,54,1,53,2" doraHai="91" doraHaiUra="58" who="1" fromWho="0" sc="210,-180,320,190,230,0,230,0" /><AGARI ba="0,0" hai="41,44,49,52,53,57,63,66,88,95,96" m="38506" machi="96" ten="30,7700,0" yaku="8,1,52,1,54,2" doraHai="91" who="3" fromWho="0" sc="30,-77,510,0,230,0,230,77" owari="-47,-55.0,510,61.0,230,-17.0,307,11.0" /></mjloggm>