<mjloggm ver="2.3"><GO type="225" lobby="0"/><UN n0="%73%75%7A%75%6D%65%33" n1="%E8%A8%88%E7%AE%97%E6%A9%9F%E8%87%AA%E7%84%B6" n2="%E9%AE%92%E3%81%AE%E8%83%83%E8%A2%8B" n3="%E8%8B%A5%E5%AE%AE%E6%98%8E%E6%97%A5%E9%A6%99" dan="17,17,17,17" rate="2217.83,2282.71,2202.70,2202.92" sx="M,M,M,F"/><TAIKYOKU oya="0"/><INIT seed="0,0,0,3,0,101" ten="250,250,250,250" oya="0" hai0="95,40,64,3,132,4,48,87,81,9,129,134,57" hai1="56,20,79,69,13,66,10,23,34,28,46,127,89" hai2="47,21,105,19,7,25,11,73,39,91,90,22,114" hai3="96,84,116,104,124,98,16,17,110,113,123,35,5"/><T43/><D129/><U44/><E69/><V54/><F114/><W131/><G113/><T99/><D64/><U82/><E34/><V76/><F105/><W107/><G116/><T49/><D49/><U75/><E127/><V77/><F22/><W18/><G35/><T59/><D40/><U88/><E20/><V128/><F128/><W67/><G131/><T121/><D121/><U61/><E23/><V36/><F36/><W118/><G118/><T109/><D109/><U29/><E44/><V32/><F32/><W63/><G5/><T14/><D3/><U6/><REACH who="1" step="1"/><E46/><REACH who="1" ten="250,240,250,250" step="2"/><V85/><F21/><W100/><G124/><T42/><D134/><U45/><E45/><V33/><F47/><W8/><G123/><T103/><D132/><U122/><E122/><V38/><F33/><W130/><G130/><T51/><D43/><U117/><E117/><V108/><F108/><W111/><G110/><T68/><D68/><U0/><E0/><V115/><F115/><W83/><G111/><T72/><D42/><U60/><E60/><V50/><F50/><N who="0" m="18986" /><D72/><U53/><E53/><V31/><F54/><W37/><G37/><T102/><D102/><U86/><E86/><V93/><F73/><W92/><G8/><T133/><D133/><U80/><E80/><V112/><F112/><W135/><G135/><T125/><D125/><U58/><E58/><V94/><F38/><W1/><G1/><T27/><D27/><U12/><E12/><N who="2" m="5247" /><F39/><W24/><G24/><T2/><D2/><U15/><E15/><V126/><F126/><W71/><G96/><T26/><D26/><RYUUKYOKU ba="0,1" sc="250,10,240,10,250,-30,250,10" hai0="4,9,14,57,59,81,87,95,99,103" hai1="6,10,13,28,29,56,61,66,75,79,82,88,89" hai3="16,17,18,63,67,71,83,84,92,98,100,104,107" /><INIT seed="0,1,1,1,3,133" ten="260,250,220,260" oya="0" hai0="60,101,31,121,125,7,78,56,131,84,83,102,73" hai1="46,95,106,20,18,19,6,50,42,12,98,107,44" hai2="134,24,38,41,21,0,122,110,67,11,17,92,89" hai3="10,30,15,126,28,105,88,100,90,45,23,79,119"/><T43/><D121/><U82/><E6/><V4/><F122/><W58/><G119/><T51/><D131/><U114/><E114/><V64/><F134/><W52/><G79/><T91/><D7/><U116/><E116/><V87/><REACH who="2" step="1"/><F110/><REACH who="2" ten="260,250,210,260" step="2"/><W9/><G105/><T104/><D104/><U75/><E107/><V115/><F115/><W118/><G118/><T74/><D125/><U129/><E106/><V72/><F72/><W32/><G126/><T123/><D123/><U55/><E129/><V113/><F113/><W8/><G32/><T71/><D74/><U117/><E117/><V57/><F57/><W76/><G45/><AGARI ba="1,2" hai="0,4,11,17,21,24,38,41,45,64,67,87,89,92" machi="45" ten="40,2600,0" yaku="1,1,53,1" doraHai="133" doraHaiUra="69" who="2" fromWho="3" sc="260,0,250,0,210,49,260,-29" /><INIT seed="1,0,0,2,2,128" ten="260,250,259,231" oya="1" hai0="116,40,66,126,77,5,67,44,39,73,37,129,105" hai1="50,119,20,124,15,83,30,133,0,102,17,84,24" hai2="55,64,13,130,26,125,98,38,62,76,32,8,132" hai3="52,9,131,97,95,14,123,79,91,135,100,110,48"/><U23/><E119/><V1/><F38/><W28/><G123/><T12/><D116/><U104/><E0/><V120/><F120/><W51/><G131/><T118/><D118/><U31/><E124/><V7/><F130/><W43/><G110/><T6/><D129/><U74/><E74/><V46/><F125/><W117/><G117/><T49/><D105/><U29/><E104/><V112/><F112/><W47/><G28/><T80/><D126/><U16/><E102/><V99/><F76/><W93/><G79/><T89/><D89/><U58/><E133/><V63/><F1/><W134/><G48/><T75/><D75/><U92/><E92/><V21/><F32/><W34/><G34/><T121/><D121/><U2/><E2/><V78/><F78/><W94/><G43/><T35/><D35/><U45/><E58/><N who="2" m="36951" /><F132/><N who="3" m="50731" /><G100/><T3/><D49/><U33/><E33/><V59/><F46/><W70/><G70/><T56/><D37/><U41/><REACH who="1" step="1"/><E84/><REACH who="1" ten="260,240,259,231" step="2"/><V81/><F81/><AGARI ba="0,1" hai="15,16,17,20,23,24,29,30,31,41,45,50,81,83" machi="81" ten="40,12000,1" yaku="1,1,2,1,8,1,54,1,53,1" doraHai="128" doraHaiUra="22" who="1" fromWho="2" sc="260,0,240,130,259,-120,231,0" /><INIT seed="1,1,0,2,5,4" ten="260,370,139,231" oya="1" hai0="48,118,53,54,106,81,108,26,21,32,70,38,114" hai1="82,58,105,130,41,0,62,14,11,15,122,111,6" hai2="18,34,51,87,69,127,120,47,67,61,74,91,113" hai3="39,64,36,5,101,117,104,133,102,37,59,45,27"/><U84/><E122/><V28/><F120/><W92/><G104/><T7/><D38/><U35/><E105/><V63/><F74/><W16/><G5/><T13/><D106/><U29/><E41/><V9/><F127/><W131/><G45/><T97/><D70/><U60/><E130/><V23/><F113/><W103/><G131/><T49/><D32/><U33/><E62/><V40/><F63/><W95/><G133/><T123/><D123/><U46/><E46/><V31/><F34/><W80/><G117/><T129/><D129/><U50/><E50/><V86/><F86/><W52/><G80/><T83/><D97/><U44/><E44/><V98/><F98/><W77/><G77/><T1/><D1/><U90/><E111/><V126/><F126/><W19/><G64/><T55/><D108/><U43/><E43/><V57/><F69/><W124/><G124/><T72/><D118/><U79/><E33/><V10/><F31/><W121/><G121/><T119/><D114/><U71/><E71/><V65/><F28/><W116/><G116/><T134/><D134/><U75/><E29/><V73/><F73/><W94/><REACH who="3" step="1"/><G27/><REACH who="3" ten="260,370,139,221" step="2"/><T30/><D119/><U76/><E76/><V68/><F67/><W107/><G107/><T88/><D72/><U110/><E110/><V3/><F68/><W89/><G89/><T8/><D88/><U96/><E75/><V17/><F3/><W132/><G132/><T100/><D100/><U99/><E0/><V12/><F17/><W128/><G128/><T25/><D25/><U135/><E135/><V22/><F22/><RYUUKYOKU ba="1,1" sc="260,10,370,-30,139,10,221,10" hai0="7,8,13,21,26,30,48,49,53,54,55,81,83" hai2="9,10,12,18,23,40,47,51,57,61,65,87,91" hai3="16,19,36,37,39,52,59,92,94,95,101,102,103" /><INIT seed="2,2,1,3,1,105" ten="270,340,149,231" oya="2" hai0="92,55,19,74,17,104,106,89,66,23,13,97,11" hai1="93,8,67,73,75,16,18,22,113,99,12,135,39" hai2="0,21,129,29,58,123,101,126,70,41,120,40,90" hai3="109,42,65,95,71,94,46,117,50,127,107,48,38"/><V45/><F70/><W133/><G107/><T31/><D66/><U3/><E113/><V36/><F0/><W62/><G117/><T77/><D31/><U103/><E39/><V24/><F101/><W116/><G116/><T85/><D74/><U122/><E135/><V110/><F129/><W91/><G133/><T79/><D55/><U14/><E122/><V32/><F126/><W87/><G127/><T26/><D106/><U131/><E131/><V111/><F41/><W88/><REACH who="3" step="1"/><G109/><REACH who="3" ten="270,340,149,221" step="2"/><N who="2" m="41481" /><F90/><W72/><G72/><T35/><D35/><U9/><REACH who="1" step="1"/><E67/><REACH who="1" ten="270,330,149,221" step="2"/><V86/><F86/><AGARI ba="2,3" hai="38,42,46,48,50,62,65,71,86,87,88,91,94,95" machi="86" ten="30,7700,0" yaku="1,1,7,1,9,1,54,1,53,0" doraHai="105" doraHaiUra="53" who="3" fromWho="2" sc="270,0,330,0,149,-83,221,113" /><INIT seed="3,0,0,5,2,22" ten="270,330,66,334" oya="3" hai0="69,31,67,94,8,71,10,127,70,135,44,120,28" hai1="108,129,85,14,77,61,15,45,65,113,115,64,41" hai2="88,90,99,60,0,5,123,119,20,95,104,80,76" hai3="59,66,49,72,92,55,124,100,54,18,58,68,23"/><W36/><G36/><T82/><D120/><U9/><E108/><V73/><F60/><N who="3" m="35967" /><G72/><T16/><D67/><U79/><E129/><V17/><F5/><W33/><G33/><T132/><D44/><U6/><E14/><V117/><F0/><W30/><G30/><N who="0" m="11307" /><D94/><U121/><E121/><V52/><F123/><W126/><G68/><N who="0" m="17411" /><T38/><DORA hai="39" /><D38/><U4/><E4/><V122/><F122/><W83/><G83/><T56/><D56/><N who="1" m="36903" /><E77/><V86/><F52/><W103/><G66/><T106/><D106/><U93/><E93/><V98/><F98/><W128/><G92/><T131/><D82/><N who="1" m="47327" /><E65/><V89/><F89/><W51/><G51/><AGARI ba="0,0" hai="6,9,15,41,45,51,113,115" m="47327,36903" machi="51" ten="30,2000,0" yaku="25,1,52,1" doraHai="22,39" who="1" fromWho="3" sc="270,0,330,20,66,0,334,-20" owari="270,-13.0,350,45.0,66,-43.0,314,11.0" /></mjloggm>