<mjloggm ver="2.3"><GO type="169" lobby="0"/><UN n0="%61%6E%6C%75%6E" n1="%E9%97%98%E5%A3%AB%E2%98%86%E6%B8%8B%E5%B7%9D%E8%80%81" n2="%52%45%49%4E%E6%A3%AE%E4%B9%85%E4%BF%9D%50" n3="%E3%81%98%E3%81%98%E3%81%84%E3%81%8C%E5%91%BC%E3%82%93%E3%81%A0" dan="16,18,16,16" rate="2107.69,2129.64,2139.43,2084.68" sx="M,M,M,M"/><TAIKYOKU oya="0"/><INIT seed="0,0,0,0,0,74" ten="250,250,250,250" oya="0" hai0="11,61,13,81,113,17,124,69,46,59,121,105,38" hai1="25,82,12,73,104,123,118,36,95,31,19,47,51" hai2="71,86,7,106,98,50,62,34,6,49,53,115,29" hai3="76,15,43,9,77,96,94,56,18,68,79,100,119"/><T0/><D113/><U8/><E104/><V32/><F115/><W39/><G68/><T23/><D121/><U103/><E118/><V92/><F50/><W55/><G119/><T1/><D69/><U26/><E36/><V117/><F117/><W112/><G112/><T16/><D105/><U45/><E45/><V97/><F97/><W135/><G135/><T102/><D102/><U84/><E73/><V107/><F107/><W132/><G132/><T30/><D30/><U10/><E10/><V90/><F32/><W42/><G39/><T120/><D120/><U110/><E110/><V99/><F99/><W116/><G116/><T44/><D124/><U24/><E95/><V3/><F3/><W88/><G100/><T22/><D1/><U60/><E60/><AGARI ba="0,0" hai="9,15,18,42,43,55,56,60,76,77,79,88,94,96" machi="60" ten="40,8000,1" yaku="8,1,52,3,54,1" doraHai="74" who="3" fromWho="1" sc="250,0,250,-80,250,0,250,80" /><INIT seed="1,0,0,0,0,23" ten="250,170,250,330" oya="1" hai0="33,28,14,45,62,100,36,65,115,73,105,90,95" hai1="11,76,78,120,132,128,48,112,27,111,37,57,31" hai2="88,104,83,30,85,107,17,135,4,20,35,38,131" hai3="134,51,39,127,16,46,40,110,25,43,68,41,53"/><U13/><E112/><V69/><F38/><W44/><G110/><T125/><D115/><U3/><E120/><V64/><F4/><W66/><G127/><T93/><D125/><U124/><E37/><V34/><F135/><W72/><G72/><T126/><D126/><U122/><E122/><V82/><F131/><W75/><G75/><T84/><D73/><U119/><E119/><V9/><F9/><W81/><G81/><T0/><D0/><U56/><E124/><V97/><F30/><W79/><G79/><N who="1" m="30250" /><E3/><V47/><F47/><W98/><G98/><T50/><D36/><U8/><E132/><V74/><F74/><W87/><G87/><T42/><D105/><U102/><E102/><V24/><F82/><W2/><G2/><T91/><D100/><U63/><E128/><V92/><F107/><W130/><G130/><T123/><D123/><U118/><E118/><V94/><F104/><W61/><REACH who="3" step="1"/><G134/><REACH who="3" ten="250,170,250,320" step="2"/><T106/><D106/><U109/><E111/><V49/><F97/><W54/><G54/><T121/><D121/><U86/><E86/><V116/><F116/><W18/><G18/><T67/><D28/><U113/><E109/><V52/><F83/><W1/><G1/><T19/><D67/><N who="1" m="39399" /><E113/><V55/><F55/><W5/><G5/><T32/><D93/><U71/><E71/><V103/><F94/><W129/><G129/><T21/><D91/><U59/><E13/><V26/><F103/><W89/><G89/><T70/><AGARI ba="0,1" hai="14,19,21,32,33,42,45,50,62,65,70,84,90,95" machi="70" ten="20,1500,0" yaku="0,1,7,1" doraHai="23" who="0" fromWho="0" sc="250,25,170,-7,250,-4,320,-4" /><INIT seed="2,0,0,4,0,70" ten="275,163,246,316" oya="2" hai0="130,85,67,126,99,81,79,66,35,101,118,111,47" hai1="133,84,73,91,38,92,60,0,1,4,29,103,95" hai2="100,43,25,77,109,34,112,80,119,94,134,2,65" hai3="55,97,58,33,71,10,16,19,87,54,74,8,86"/><V41/><F112/><W83/><G71/><T63/><D35/><U104/><E133/><V64/><F2/><W110/><G110/><T23/><D111/><U27/><E73/><V122/><F134/><W106/><G33/><T114/><D114/><U36/><E104/><V113/><F113/><W37/><G37/><T9/><D126/><U127/><E127/><V28/><F109/><W5/><G74/><T22/><D130/><U18/><E18/><V90/><F119/><W89/><G55/><T30/><D118/><U82/><E60/><V68/><F100/><W117/><G117/><T42/><D9/><U116/><E4/><V121/><F122/><W88/><G97/><T26/><D23/><U123/><E123/><V15/><F15/><N who="3" m="5519" /><G106/><T78/><D63/><U128/><E128/><V96/><F121/><W72/><G72/><T115/><D115/><U7/><E7/><V44/><F68/><W75/><G75/><T131/><D79/><U6/><E6/><V46/><F46/><W12/><G19/><T124/><D131/><U135/><E135/><V14/><F43/><W3/><G3/><N who="1" m="1098" /><E103/><V108/><F14/><W53/><G58/><T56/><D56/><U98/><E116/><V76/><F108/><W40/><G40/><T105/><REACH who="0" step="1"/><D124/><REACH who="0" ten="265,163,246,316" step="2"/><U39/><E29/><V52/><F77/><W11/><G10/><T62/><D62/><U93/><E27/><V49/><F41/><W69/><G69/><T57/><D57/><U102/><E102/><V17/><F17/><W59/><G59/><T32/><D32/><U120/><E120/><V125/><F125/><RYUUKYOKU ba="0,1" sc="265,0,163,0,246,0,316,0" hai0="22,26,30,42,47,66,67,78,81,85,99,101,105" hai1="36,38,39,82,84,91,92,93,95,98" hai2="25,28,34,44,49,52,64,65,76,80,90,94,96" hai3="11,12,16,53,54,83,86,87,88,89" /><INIT seed="2,1,1,4,1,135" ten="265,163,246,316" oya="2" hai0="18,71,89,72,45,125,87,41,25,80,10,100,36" hai1="7,118,123,88,60,91,124,27,119,106,48,35,24" hai2="61,14,32,107,103,116,75,30,23,12,29,74,110" hai3="13,22,4,94,95,8,66,128,113,16,2,46,83"/><V98/><F116/><W105/><G128/><T109/><D71/><U56/><E106/><V99/><F110/><W19/><G113/><T54/><D109/><U9/><E123/><V85/><F85/><W115/><G115/><T101/><D72/><U114/><E114/><V108/><F108/><W132/><G132/><T37/><D37/><U31/><E124/><V90/><F61/><W84/><G66/><T15/><D125/><U11/><E48/><V40/><F40/><W39/><G105/><T6/><D54/><U38/><E38/><V50/><F50/><W34/><G34/><T20/><AGARI ba="1,1" hai="6,10,15,18,20,25,36,41,45,80,87,89,100,101" machi="20" ten="30,1100,0" yaku="0,1" doraHai="135" who="0" fromWho="0" sc="265,24,163,-4,246,-6,316,-4" /><INIT seed="3,0,0,2,3,102" ten="289,159,240,312" oya="3" hai0="98,79,114,0,75,30,105,103,17,80,77,23,90" hai1="36,52,96,94,13,22,26,32,24,93,71,50,43" hai2="21,117,44,16,92,45,119,76,129,18,40,118,125" hai3="134,113,63,82,65,97,87,112,107,15,72,81,122"/><W78/><G122/><T66/><D0/><U70/><E36/><V54/><F129/><W83/><G134/><T120/><D120/><U49/><E32/><V56/><F76/><N who="3" m="44167" /><G15/><T130/><D130/><U101/><E13/><V53/><F125/><W127/><G63/><T7/><D7/><U34/><E94/><V126/><F126/><W20/><G65/><T132/><D79/><U131/><E131/><V19/><F21/><W9/><G9/><T133/><D114/><U48/><E43/><V108/><F108/><W4/><G20/><T128/><D128/><U28/><E71/><V14/><F14/><W68/><G68/><T88/><D66/><U73/><E73/><V95/><F56/><W110/><G4/><T31/><D31/><U135/><E70/><V5/><F40/><W84/><G127/><T104/><D30/><U3/><E3/><V123/><F5/><W60/><G60/><T12/><D105/><U47/><REACH who="1" step="1"/><E135/><AGARI ba="0,0" hai="12,17,23,75,77,80,88,90,98,103,104,132,133,135" machi="135" ten="40,5200,0" yaku="20,1,52,1,54,1" doraHai="102" who="0" fromWho="1" sc="289,52,159,-52,240,0,312,0" /><INIT seed="4,0,0,0,0,106" ten="341,107,240,312" oya="0" hai0="40,5,50,8,99,39,53,56,59,22,100,57,70" hai1="47,82,30,35,29,98,16,81,113,126,15,41,112" hai2="87,93,79,10,77,94,67,7,121,133,95,48,23" hai3="78,115,44,134,21,12,26,27,107,86,61,102,32"/><T19/><D70/><U24/><E30/><V43/><F121/><W73/><G115/><N who="1" m="44106" /><E98/><V18/><F133/><W109/><G109/><T114/><D114/><U90/><E90/><V103/><F67/><W68/><G134/><T88/><D40/><U38/><E126/><V36/><F36/><W105/><G86/><T45/><D39/><U84/><E84/><V37/><F37/><W130/><G44/><T111/><D111/><U97/><E97/><V33/><F33/><W64/><G12/><N who="0" m="5135" /><D100/><U125/><E125/><V131/><F103/><W85/><G85/><T66/><D66/><U51/><E38/><V123/><F131/><W42/><G42/><T119/><D119/><U91/><E91/><V132/><F123/><W60/><G102/><T120/><D120/><U25/><E25/><V76/><F132/><W52/><G130/><T17/><D22/><AGARI ba="0,0" hai="15,16,22,24,29,35,41,47,51,81,82" m="44106" machi="22" ten="30,3900,0" yaku="15,1,11,1,54,1" doraHai="106" who="1" fromWho="0" sc="341,-39,107,39,240,0,312,0" /><INIT seed="5,0,0,5,1,57" ten="302,146,240,312" oya="1" hai0="20,68,87,53,75,16,86,72,101,102,109,56,21" hai1="13,54,112,62,124,58,103,3,65,22,96,10,76" hai2="111,45,25,97,78,28,40,27,125,24,5,32,26" hai3="11,114,105,9,46,98,118,131,49,116,42,63,81"/><U115/><E3/><V74/><F111/><W122/><G122/><T73/><D68/><U43/><E76/><V44/><F125/><W66/><G114/><N who="1" m="43562" /><E43/><V90/><F5/><W7/><G131/><T15/><D109/><U100/><E124/><V60/><F78/><W130/><G81/><T34/><D34/><U132/><E132/><V121/><F74/><W113/><G113/><T126/><D126/><U19/><E10/><V18/><F121/><W119/><G130/><T84/><REACH who="0" step="1"/><D21/><REACH who="0" ten="292,146,240,312" step="2"/><U52/><E100/><V80/><F32/><W38/><G119/><T85/><N who="0" m="22016" /><DORA hai="89" /><T61/><AGARI ba="0,1" hai="15,16,20,53,56,61,72,73,75,101,102" m="22016" machi="61" ten="50,8000,1" yaku="1,1,4,1,0,1,52,1,54,1,53,0" doraHai="57,89" doraHaiUra="1,67" who="0" fromWho="0" sc="292,90,146,-40,240,-20,312,-20" /><INIT seed="6,0,0,0,5,73" ten="382,106,220,292" oya="2" hai0="99,91,103,37,57,84,56,35,89,51,113,32,8" hai1="33,82,39,135,38,58,111,60,109,118,44,129,20" hai2="108,23,54,43,15,13,72,114,70,47,22,71,6" hai3="76,67,41,25,97,74,3,75,126,104,134,92,2"/><V30/><F72/><W102/><G126/><T45/><D37/><U121/><E33/><V34/><F114/><W85/><G134/><T87/><D113/><U107/><E107/><V106/><F106/><W79/><G41/><T9/><D51/><U63/><E20/><V64/><F108/><N who="1" m="41545" /><E82/><V116/><F116/><W117/><G67/><T55/><D55/><U95/><E95/><V88/><F54/><W12/><G117/><T123/><D123/><U93/><E93/><V105/><F105/><W131/><G131/><T86/><D45/><U17/><E17/><V31/><F47/><W59/><G59/><T53/><D53/><U1/><E1/><V81/><F43/><W101/><G25/><T49/><D49/><U19/><E19/><V24/><F64/><W132/><G12/><T127/><D87/><U46/><E118/><V128/><F128/><W96/><G132/><T18/><D18/><U83/><E83/><V130/><F130/><W98/><G2/><T11/><D11/><U69/><E129/><V120/><F120/><W80/><G3/><T28/><D28/><U52/><E135/><V78/><F6/><W29/><G29/><T90/><D90/><U48/><E121/><V115/><F115/><W125/><G125/><T26/><D26/><U16/><E16/><V124/><F124/><W61/><G61/><N who="1" m="23626" /><E69/><V65/><F71/><W100/><G79/><T0/><D127/><U7/><E7/><V10/><F70/><W122/><G122/><T94/><D0/><U5/><E5/><V27/><F34/><W68/><G68/><T14/><D35/><RYUUKYOKU ba="0,0" sc="382,-15,106,15,220,-15,292,15" hai1="38,39,44,46,48,52,58" hai3="74,75,76,80,85,92,96,97,98,100,101,102,104" /><INIT seed="7,1,0,3,1,101" ten="367,121,205,307" oya="3" hai0="32,109,36,4,79,24,31,53,100,13,33,102,37" hai1="116,111,47,10,7,99,90,70,76,60,67,21,69" hai2="106,78,91,74,25,17,95,114,63,34,1,27,121" hai3="9,122,104,97,86,18,44,128,108,46,20,77,66"/><W6/><G122/><T113/><D109/><U45/><E111/><V15/><F1/><W112/><G108/><T38/><D33/><U51/><E116/><V89/><F121/><W61/><G112/><T3/><D79/><U107/><E70/><V49/><F114/><W82/><G128/><T2/><D113/><U129/><E129/><V22/><F106/><W125/><G125/><T57/><D3/><U28/><E76/><V71/><F74/><W16/><G104/><T73/><D73/><U64/><E64/><V0/><F78/><W19/><G20/><T12/><D2/><U126/><E126/><V39/><F0/><W124/><G124/><T26/><D26/><U130/><E130/><V52/><F39/><W118/><G118/><T68/><D68/><U134/><E134/><V56/><F89/><W30/><G30/><T23/><D13/><U133/><E133/><V55/><F34/><W72/><G72/><T120/><D120/><U110/><E110/><V40/><F71/><W115/><G115/><T29/><D29/><U65/><E65/><V54/><F40/><W85/><G97/><T117/><D117/><U48/><E10/><V14/><F54/><W35/><G35/><T98/><D98/><U103/><E7/><V127/><F127/><W5/><G86/><T43/><D43/><U80/><E21/><V83/><F83/><W59/><G9/><N who="0" m="4135" /><D32/><U88/><E28/><V11/><F11/><W41/><G41/><T42/><D42/><N who="1" m="24631" /><E80/><V58/><F14/><W119/><G119/><T94/><D94/><U8/><E8/><V96/><AGARI ba="1,0" hai="15,17,22,25,27,49,52,55,56,58,63,91,95,96" machi="96" ten="20,8000,1" yaku="5,1,0,1,7,1,8,1,54,1" doraHai="101" who="2" fromWho="2" sc="367,-21,121,-21,205,83,307,-41" owari="346,44.0,100,-40.0,288,9.0,266,-13.0" /></mjloggm>