<mjloggm ver="2.3"><GO type="185" lobby="0"/><UN n0="%E8%8A%B1%E9%AD%81" n1="%E3%81%82%E3%81%9F%E3%82%89%E3%81%AA%E3%81%84%E3%81%A7%EF%BC%81" n2="%77%61%6B%75%74%69%6E" n3="" dan="16,17,17,0" rate="2298.54,2196.21,2225.72,1500.00" sx="F,M,F,C"/><TAIKYOKU oya="0"/><INIT seed="0,0,0,0,1,1" ten="350,350,350,0" oya="0" hai0="49,43,58,53,127,131,105,82,99,79,71,92,81" hai1="86,36,89,0,97,110,37,119,35,52,101,88,126" hai2="33,60,55,95,34,44,94,66,106,93,85,78,80" hai3=""/><T121/><N who="0" m="31008" /><T63/><D127/><U75/><E0/><V130/><F106/><T32/><D131/><U57/><E119/><V65/><F130/><T3/><D3/><U72/><E126/><V50/><REACH who="2" step="1"/><F66/><REACH who="2" ten="350,350,340,0" step="2"/><T115/><D105/><U2/><E2/><V129/><F129/><T102/><D115/><U98/><E110/><V59/><AGARI ba="0,1" hai="33,34,44,50,55,59,60,65,78,80,85,93,94,95" machi="59" ten="30,6000,1" yaku="1,1,0,1,52,2,53,1" doraHai="1" doraHaiUra="42" who="2" fromWho="2" sc="350,-40,350,-20,340,70,0,0" /><INIT seed="1,0,0,2,3,77" ten="310,330,410,0" oya="1" hai0="86,34,127,115,94,128,57,83,1,113,117,48,78" hai1="53,131,33,84,114,32,111,121,93,130,50,92,133" hai2="107,47,135,112,41,64,110,44,42,67,63,100,0" hai3=""/><U56/><N who="1" m="31008" /><U49/><E114/><V89/><F0/><T43/><D1/><U73/><E73/><V79/><F107/><T95/><D34/><U45/><E133/><V85/><F100/><T97/><D127/><U132/><E132/><V103/><F103/><T55/><D128/><N who="1" m="49195" /><E111/><V2/><F135/><T88/><D117/><U72/><E72/><V80/><F2/><T81/><D95/><N who="1" m="36427" /><E84/><V124/><F110/><T109/><D109/><U59/><E59/><V40/><F124/><T90/><REACH who="0" step="1"/><D43/><AGARI ba="0,0" hai="32,33,43,45,49,50,53,56" m="36427,49195,31008" machi="43" ten="30,2900,0" yaku="19,1,52,1" doraHai="77" who="1" fromWho="0" sc="310,-29,330,29,410,0,0,0" /><INIT seed="1,1,0,1,3,87" ten="281,359,410,0" oya="1" hai0="32,71,100,129,3,35,105,56,52,67,94,126,117" hai1="101,131,112,130,93,70,53,66,128,48,125,76,132" hai2="84,97,68,118,103,65,83,116,49,109,1,37,122" hai3=""/><U73/><E112/><V57/><N who="2" m="31264" /><V45/><F1/><T41/><D3/><U69/><E125/><V127/><F127/><T47/><D126/><U46/><E132/><V55/><F109/><T120/><N who="0" m="30752" /><T89/><D129/><U81/><E66/><V44/><F44/><T2/><D2/><U34/><E34/><V59/><F59/><T58/><D117/><U106/><E106/><V51/><F37/><T62/><D100/><U50/><E50/><V95/><F68/><T96/><D105/><U61/><E61/><V77/><REACH who="2" step="1"/><F65/><REACH who="2" ten="281,359,400,0" step="2"/><T42/><D58/><U121/><N who="1" m="31008" /><U0/><E0/><V135/><F135/><T85/><D32/><U134/><E134/><V74/><F74/><T75/><D75/><U60/><E60/><V82/><F82/><T86/><D35/><U33/><E33/><V36/><F36/><T72/><D72/><U108/><E108/><V80/><F80/><T92/><D47/><U90/><REACH who="1" step="1"/><E101/><REACH who="1" ten="281,349,400,0" step="2"/><V124/><F124/><T88/><REACH who="0" step="1"/><D96/><AGARI ba="1,2" hai="46,48,53,69,70,73,76,81,90,93,96,128,130,131" m="31008" machi="96" ten="40,12000,1" yaku="1,1,2,1,19,1,52,2,53,0" doraHai="87" doraHaiUra="133" who="1" fromWho="0" sc="281,-122,349,142,400,0,0,0" /><INIT seed="1,2,0,1,1,38" ten="159,491,400,0" oya="1" hai0="102,94,33,98,0,43,95,90,37,89,70,44,74" hai1="56,1,113,134,67,91,118,63,92,64,40,105,62" hai2="35,71,59,66,50,120,85,122,100,97,117,88,54" hai3=""/><U41/><E1/><V87/><N who="2" m="30752" /><V126/><N who="2" m="31264" /><V45/><F35/><T127/><D33/><U109/><E118/><V77/><F117/><T72/><D0/><U106/><E113/><V65/><F126/><T108/><D127/><U123/><N who="1" m="31520" /><U80/><E80/><V49/><F71/><T76/><D108/><U48/><E134/><V58/><F77/><T93/><D70/><U107/><E48/><V112/><F112/><T110/><D110/><U55/><E109/><V34/><F34/><T119/><D119/><U32/><E32/><V68/><F68/><T101/><D76/><U36/><E36/><V83/><F85/><T99/><REACH who="0" step="1"/><D95/><REACH who="0" ten="149,491,400,0" step="2"/><U75/><E75/><AGARI ba="2,1" hai="37,43,44,72,74,75,89,90,93,94,98,99,101,102" machi="75" ten="40,8000,1" yaku="1,1,2,1,9,1,52,1,53,1" doraHai="38" doraHaiUra="39" who="0" fromWho="1" sc="149,94,491,-84,400,0,0,0" /><INIT seed="2,0,0,2,2,98" ten="243,407,400,0" oya="2" hai0="118,33,38,114,82,67,40,111,94,46,124,110,62" hai1="113,123,65,63,84,44,95,96,88,130,68,47,97" hai2="66,90,71,60,32,76,89,59,70,92,131,37,58" hai3=""/><V50/><F32/><T73/><D33/><U61/><N who="1" m="31520" /><U57/><E130/><V109/><F131/><T102/><D118/><U87/><E113/><V107/><F37/><T83/><D124/><U134/><E134/><V119/><F119/><T78/><D114/><U86/><REACH who="1" step="1"/><E97/><REACH who="1" ten="243,397,400,0" step="2"/><V43/><F109/><T117/><D117/><U127/><E127/><V72/><F107/><T120/><N who="0" m="30752" /><T103/><D83/><U85/><N who="1" m="21504" /><DORA hai="99" /><U75/><E75/><V74/><F74/><T2/><D2/><U104/><E104/><V51/><F72/><T56/><REACH who="0" step="1"/><D94/><REACH who="0" ten="233,397,400,0" step="2"/><U48/><E48/><V121/><N who="2" m="31008" /><V116/><F51/><T35/><D35/><U101/><E101/><AGARI ba="0,2" hai="38,40,46,56,62,67,73,78,82,101,102,103,110,111" m="30752" machi="101" ten="40,16000,3" yaku="1,1,52,7,53,0" doraHai="98,99" doraHaiUra="115,80" who="0" fromWho="1" sc="233,180,397,-160,400,0,0,0" /><INIT seed="4,0,0,1,4,132" ten="413,237,400,0" oya="0" hai0="86,59,1,45,122,101,73,46,104,70,133,130,118" hai1="54,97,100,84,87,55,112,79,124,129,2,85,131" hai2="114,48,56,90,82,88,53,127,74,111,80,121,35" hai3=""/><T96/><N who="0" m="31264" /><T42/><D118/><U106/><E2/><V98/><N who="2" m="31008" /><V75/><F111/><T52/><D1/><U94/><E112/><V93/><F35/><T105/><D133/><U123/><N who="1" m="31520" /><U39/><E39/><V44/><F114/><T135/><D135/><U61/><E61/><V92/><F127/><T58/><D73/><U117/><E117/><V89/><F89/><T49/><D130/><U120/><N who="1" m="30752" /><U33/><E33/><V38/><F75/><T51/><D70/><U50/><E79/><V113/><F113/><T125/><D125/><U57/><E124/><V47/><F74/><T76/><REACH who="0" step="1"/><D104/><REACH who="0" ten="403,237,400,0" step="2"/><U72/><E72/><V34/><F34/><T99/><D99/><U81/><E81/><AGARI ba="0,1" hai="42,45,46,49,51,52,58,59,76,81,86,96,101,105" m="31264" machi="81" ten="40,7700,0" yaku="1,1,52,1,54,1,53,0" doraHai="132" doraHaiUra="128" who="0" fromWho="1" sc="403,87,237,-77,400,0,0,0" /><INIT seed="4,1,0,3,2,98" ten="490,160,400,0" oya="0" hai0="133,83,75,55,46,118,95,84,96,59,37,77,35" hai1="115,52,112,81,135,134,38,40,58,2,1,76,126" hai2="33,51,41,82,0,92,47,106,107,91,90,72,63" hai3=""/><T78/><D118/><U57/><E126/><V65/><F0/><N who="1" m="105" /><E40/><V70/><F33/><T80/><D35/><U49/><E38/><V125/><F125/><T108/><D133/><N who="1" m="50699" /><E58/><V128/><F128/><T122/><N who="0" m="31264" /><T68/><D68/><U32/><E32/><V66/><F66/><T116/><D116/><U39/><E39/><V48/><F48/><T105/><D105/><U101/><E101/><V113/><F113/><N who="1" m="43593" /><E81/><V85/><REACH who="2" step="1"/><F72/><REACH who="2" ten="490,160,390,0" step="2"/><T100/><D37/><U97/><E97/><AGARI ba="1,1" hai="41,47,51,63,65,70,82,85,90,91,92,97,106,107" machi="97" ten="30,7700,0" yaku="1,1,2,1,7,1,53,1" doraHai="98" doraHaiUra="62" who="2" fromWho="1" sc="490,0,160,-79,390,89,0,0" /><INIT seed="5,0,0,0,3,44" ten="490,81,479,0" oya="1" hai0="63,86,43,98,67,91,75,66,88,85,38,96,60" hai1="123,89,79,125,106,101,74,93,104,56,112,132,107" hai2="84,111,59,65,61,70,39,80,133,51,40,35,127" hai3=""/><U126/><N who="1" m="31520" /><U110/><E56/><V69/><F111/><T68/><D75/><U71/><E71/><V115/><F35/><T90/><D43/><U122/><N who="1" m="31264" /><U135/><E110/><V121/><N who="2" m="31008" /><V46/><F133/><N who="1" m="51273" /><E112/><V0/><F0/><T32/><D38/><U119/><E119/><V87/><F115/><T99/><REACH who="0" step="1"/><D32/><REACH who="0" ten="480,81,479,0" step="2"/><U108/><E108/><V47/><F127/><N who="1" m="48649" /><E101/><V134/><F134/><T50/><D50/><U55/><E55/><V118/><F118/><T64/><D64/><U102/><E102/><V114/><F114/><T41/><D41/><U120/><N who="1" m="30752" /><U82/><E107/><V72/><F40/><T62/><D62/><U58/><E58/><AGARI ba="0,1" hai="58,60,63,66,67,68,85,86,88,90,91,96,98,99" machi="58" ten="40,2600,0" yaku="1,1,54,1,53,0" doraHai="44" doraHaiUra="109" who="0" fromWho="1" sc="480,36,81,-26,479,0,0,0" /><INIT seed="6,0,0,2,2,85" ten="516,55,479,0" oya="2" hai0="0,91,80,2,44,90,94,99,116,68,123,64,35" hai1="78,127,77,36,122,109,107,74,33,61,42,86,97" hai2="45,82,119,70,81,56,52,87,40,51,76,46,100" hai3=""/><V75/><F119/><T113/><N who="0" m="31520" /><T73/><D116/><U39/><E61/><V66/><F100/><T131/><D35/><U121/><E42/><V108/><F108/><T55/><D131/><U3/><E39/><V41/><F70/><T71/><D113/><U93/><E36/><V104/><F104/><T114/><D114/><U83/><E33/><V72/><F72/><T117/><D117/><U110/><E3/><V63/><REACH who="2" step="1"/><F46/><REACH who="2" ten="516,55,469,0" step="2"/><T1/><D64/><U130/><E130/><V98/><F98/><T65/><D65/><U135/><E110/><V62/><F62/><T32/><D32/><U50/><E109/><V49/><F49/><T118/><D118/><U132/><E50/><V79/><AGARI ba="0,1" hai="40,41,45,51,52,56,63,66,75,76,79,81,82,87" machi="79" ten="20,8000,1" yaku="1,1,0,1,7,1,54,1,53,1" doraHai="85" doraHaiUra="105" who="2" fromWho="2" sc="516,-40,55,-40,469,90,0,0" owari="476,8.0,15,-58.0,559,50.0,0,0.0" /></mjloggm>