<mjloggm ver="2.3"><GO type="185" lobby="0"/><UN n0="%77%61%6B%75%74%69%6E" n1="%E3%81%82%E3%81%9F%E3%82%89%E3%81%AA%E3%81%84%E3%81%A7%EF%BC%81" n2="%E3%83%B4%E3%82%A3%E3%83%AF%E3%82%B3%E3%82%B0%E3%83%8B" n3="" dan="17,17,18,0" rate="2225.63,2202.00,2303.12,1500.00" sx="F,M,M,C"/><TAIKYOKU oya="0"/><INIT seed="0,0,0,4,0,35" ten="350,350,350,0" oya="0" hai0="105,32,92,106,115,108,86,68,91,70,49,40,58" hai1="55,81,130,39,82,73,43,42,72,83,75,47,98" hai2="64,50,0,61,124,77,54,76,1,38,37,79,74" hai3=""/><T121/><N who="0" m="31008" /><T101/><D32/><U133/><E130/><V48/><F74/><T119/><D115/><U41/><E133/><V126/><F61/><T131/><D119/><U57/><E98/><V134/><F54/><T66/><D131/><U62/><AGARI ba="0,0" hai="39,41,42,43,47,55,57,62,72,73,75,81,82,83" machi="62" ten="40,1100,0" yaku="0,1" doraHai="35" who="1" fromWho="1" sc="350,-7,350,11,350,-4,0,0" /><INIT seed="1,0,0,4,5,44" ten="343,361,346,0" oya="1" hai0="130,135,93,32,81,33,84,88,104,63,59,61,116" hai1="65,129,42,122,48,41,56,76,92,118,3,133,36" hai2="115,40,128,103,68,99,106,100,123,94,47,83,1" hai3=""/><U60/><N who="1" m="31264" /><U117/><E3/><V50/><N who="2" m="31520" /><V108/><F1/><T89/><D104/><U75/><E129/><V101/><F108/><T54/><D130/><U77/><E133/><V78/><F128/><T114/><D135/><U91/><E36/><V35/><F35/><T110/><D114/><U69/><E69/><V131/><F131/><T74/><D110/><U111/><E111/><V71/><F115/><T113/><D113/><U95/><E95/><V55/><F55/><T132/><D132/><U87/><E75/><V37/><F37/><T39/><D116/><U52/><E117/><V66/><F66/><T121/><N who="0" m="31008" /><T38/><D38/><U34/><E34/><V43/><F43/><T107/><D107/><U109/><E109/><V112/><F112/><T72/><D39/><U90/><E90/><V96/><REACH who="2" step="1"/><F101/><REACH who="2" ten="343,361,336,0" step="2"/><T125/><D32/><U134/><E134/><V86/><AGARI ba="0,1" hai="40,47,50,68,71,78,83,86,94,96,99,100,103,106" m="31520" machi="86" ten="20,9000,2" yaku="1,1,2,1,0,1,7,1,52,2,53,1" doraHai="44" doraHaiUra="46" who="2" fromWho="2" sc="343,-30,361,-60,336,100,0,0" /><INIT seed="2,0,0,0,1,40" ten="313,301,436,0" oya="2" hai0="115,36,92,42,60,123,46,110,119,39,52,47,35" hai1="96,108,32,99,58,51,56,105,97,80,111,44,50" hai2="128,114,49,102,87,94,43,113,98,84,103,62,101" hai3=""/><V106/><F62/><T33/><N who="0" m="31520" /><T112/><D119/><U53/><E32/><V126/><F43/><T61/><D92/><U116/><E116/><V71/><F71/><T82/><D82/><U95/><E105/><V69/><F69/><T0/><D42/><U76/><E95/><V34/><F49/><T66/><D110/><N who="1" m="42027" /><E51/><V132/><F34/><T124/><D124/><U135/><E135/><V75/><F126/><T54/><D66/><U74/><AGARI ba="0,0" hai="44,50,53,56,58,74,76,80,96,97,99" m="42027" machi="74" ten="30,1500,0" yaku="14,1,52,1" doraHai="40" who="1" fromWho="1" sc="313,-5,301,15,436,-10,0,0" /><INIT seed="4,0,0,3,2,128" ten="308,316,426,0" oya="0" hai0="62,37,45,108,135,127,2,66,83,94,90,59,129" hai1="104,102,97,98,75,124,34,63,105,55,67,51,103" hai2="122,131,99,114,60,96,79,87,106,54,69,126,71" hai3=""/><T65/><D2/><U132/><E34/><V3/><N who="2" m="31264" /><V121/><N who="2" m="31008" /><V52/><F3/><T36/><D129/><U125/><E75/><V72/><F131/><T86/><D127/><U53/><E132/><V112/><F72/><T111/><D135/><U110/><E110/><N who="0" m="42025" /><D66/><U41/><E41/><V88/><F79/><T43/><D94/><U107/><E107/><V78/><F78/><T76/><D76/><U130/><E130/><V1/><F1/><T40/><D40/><U49/><E63/><V113/><F126/><T39/><AGARI ba="0,0" hai="36,37,39,43,45,59,62,65,83,86,90" m="42025" machi="39" ten="30,1000,0" yaku="10,1" doraHai="128" who="0" fromWho="0" sc="308,10,316,-5,426,-5,0,0" /><INIT seed="4,1,0,4,3,108" ten="318,311,421,0" oya="0" hai0="87,120,89,1,3,76,36,73,119,63,126,134,106" hai1="92,91,129,93,51,70,79,88,83,71,105,59,132" hai2="75,103,117,37,102,53,95,78,131,65,58,124,72" hai3=""/><T123/><N who="0" m="30752" /><T44/><N who="0" m="31520" /><T113/><D119/><U112/><E105/><V69/><F117/><T2/><D126/><U42/><E129/><V116/><F116/><T33/><D33/><U80/><E132/><V133/><F133/><T98/><D134/><U49/><E59/><V114/><F131/><T32/><D32/><U85/><E42/><V46/><F124/><T122/><N who="0" m="31264" /><T135/><D135/><U64/><E64/><V50/><F114/><T55/><D113/><U97/><E112/><V66/><F78/><T57/><D73/><U84/><E97/><V39/><F39/><T128/><D128/><U67/><E67/><V0/><F0/><T52/><D106/><U115/><E115/><V60/><F66/><T47/><D36/><U41/><E41/><V77/><F77/><AGARI ba="1,0" hai="49,51,70,71,77,79,80,83,84,85,88,91,92,93" machi="77" ten="25,3200,0" yaku="22,2,54,1" doraHai="108" who="1" fromWho="2" sc="318,0,311,34,421,-34,0,0" /><INIT seed="5,0,0,1,0,114" ten="318,345,387,0" oya="1" hai0="1,54,58,76,78,2,35,112,116,133,134,81,115" hai1="71,37,111,44,49,46,72,66,106,89,36,119,69" hai2="48,80,120,75,45,56,125,123,99,42,104,55,127" hai3=""/><U39/><E106/><V96/><N who="2" m="30752" /><V131/><N who="2" m="31520" /><V132/><F131/><T83/><D35/><U103/><E103/><V130/><F130/><T52/><REACH who="0" step="1"/><D58/><REACH who="0" ten="308,345,387,0" step="2"/><U59/><E111/><V62/><F132/><T63/><D63/><U87/><E59/><V95/><F104/><T129/><D129/><U101/><E69/><V33/><F33/><T61/><D61/><U34/><E34/><V60/><F60/><T86/><D86/><U79/><E71/><V84/><F75/><T73/><D73/><U110/><E72/><V50/><F62/><T100/><D100/><U98/><E110/><V124/><F95/><T65/><D65/><U90/><E66/><V88/><AGARI ba="0,1" hai="42,45,48,50,55,56,80,84,88,96,99,124,125,127" m="31520,30752" machi="88" ten="30,6000,1" yaku="0,1,18,1,52,2,54,1" doraHai="114" who="2" fromWho="2" sc="308,-20,345,-40,387,70,0,0" /><INIT seed="6,0,0,4,2,100" ten="288,305,457,0" oya="2" hai0="112,122,76,110,45,77,126,67,56,97,83,127,108" hai1="123,58,117,84,102,3,70,99,130,78,101,52,54" hai2="79,74,109,133,81,95,53,39,107,113,55,96,48" hai3=""/><V98/><F113/><T37/><N who="0" m="31264" /><T47/><D112/><U88/><N who="1" m="31520" /><U51/><E3/><V91/><F39/><T132/><D132/><U128/><E117/><V72/><F109/><N who="0" m="42090" /><D97/><U125/><E125/><N who="0" m="47625" /><D37/><U124/><E124/><V90/><F74/><T129/><D129/><N who="1" m="49771" /><E70/><V85/><F133/><T2/><D2/><U50/><E78/><N who="0" m="30313" /><D83/><U34/><E34/><V35/><F35/><T40/><D40/><U134/><E134/><V93/><F81/><T59/><D67/><U36/><E36/><V86/><F79/><T38/><D38/><U68/><E99/><V69/><F96/><T0/><D0/><U32/><E32/><V44/><F98/><T135/><D135/><U49/><E54/><V63/><F55/><T89/><D89/><U71/><E101/><V106/><F72/><T115/><D115/><U114/><E102/><V61/><F53/><T92/><D92/><U57/><E114/><V33/><F33/><T60/><D60/><U42/><E42/><V131/><F63/><T116/><D116/><U41/><E41/><V73/><F61/><T1/><D1/><U46/><E52/><V87/><F131/><T75/><D75/><U62/><E62/><V103/><F73/><T82/><D82/><RYUUKYOKU ba="0,0" sc="288,20,305,-10,457,-10,0,0" hai0="45,47,56,59" owari="308,-9.0,295,-30.0,447,39.0,0,0.0" /></mjloggm>