<mjloggm ver="2.3"><GO type="185" lobby="0"/><UN n0="%E9%95%B7%E5%85%89%E9%BA%BB%E5%A4%9C" n1="%E8%8A%B1%E9%AD%81" n2="%E6%B5%81%E7%9F%B3%E4%B8%80%E6%97%8F" n3="" dan="16,16,16,0" rate="2247.45,2307.86,2163.83,1500.00" sx="M,F,F,C"/><TAIKYOKU oya="0"/><INIT seed="0,0,0,5,0,86" ten="350,350,350,0" oya="0" hai0="59,102,68,120,101,114,115,82,135,2,113,93,33" hai1="123,83,103,99,41,43,106,64,34,74,110,55,112" hai2="46,80,70,85,50,37,79,134,130,121,116,57,45" hai3=""/><T109/><N who="0" m="30752" /><T81/><D33/><U122/><N who="1" m="31264" /><U111/><N who="1" m="31520" /><U36/><E34/><V84/><N who="2" m="31008" /><V132/><F70/><T39/><D39/><U95/><E112/><V108/><F116/><T133/><D68/><U65/><E55/><V63/><F130/><T58/><D2/><U72/><E106/><V38/><F108/><N who="1" m="41513" /><E83/><N who="0" m="31753" /><D109/><U117/><E117/><V67/><F85/><T0/><D0/><U107/><E107/><V126/><F45/><T60/><D60/><U98/><E99/><V42/><REACH who="2" step="1"/><F126/><REACH who="2" ten="350,350,340,0" step="2"/><T48/><D59/><U92/><E36/><AGARI ba="0,1" hai="36,37,38,42,46,50,57,63,67,79,80,84,132,134" m="31008" machi="36" ten="40,8000,1" yaku="1,1,2,1,52,1,53,1" doraHai="86" doraHaiUra="44" who="2" fromWho="1" sc="350,0,350,-80,340,90,0,0" /><INIT seed="1,0,0,2,3,34" ten="350,270,430,0" oya="1" hai0="3,72,74,89,131,123,133,78,83,135,60,1,94" hai1="52,125,57,92,75,126,128,86,35,76,46,32,62" hai2="51,108,50,118,44,61,97,101,37,56,68,65,95" hai3=""/><U40/><E128/><V112/><F118/><T73/><N who="0" m="31520" /><T58/><D131/><U59/><E75/><V36/><F108/><T0/><D83/><U105/><E105/><V45/><F112/><T120/><N who="0" m="30752" /><T47/><D47/><U41/><E76/><V82/><F82/><T49/><D49/><U66/><E32/><V43/><F68/><T127/><D127/><N who="1" m="48651" /><E35/><V98/><F97/><T69/><D69/><U129/><E129/><V33/><F33/><T107/><D107/><U121/><N who="1" m="31008" /><U116/><E116/><V87/><F87/><T114/><D114/><U119/><E119/><V90/><F101/><T63/><D78/><U109/><E109/><V55/><AGARI ba="0,0" hai="36,37,43,44,45,50,51,55,56,61,65,90,95,98" machi="55" ten="20,1100,0" yaku="0,1,7,1" doraHai="34" who="2" fromWho="2" sc="350,-4,270,-7,430,11,0,0" /><INIT seed="2,0,0,4,2,120" ten="346,263,441,0" oya="2" hai0="65,90,78,84,127,58,59,63,33,112,88,62,115" hai1="126,104,45,36,97,35,70,93,91,110,56,121,99" hai2="51,82,129,43,87,77,76,108,96,68,71,40,55" hai3=""/><V73/><F129/><T72/><D33/><U66/><N who="1" m="31008" /><U0/><E35/><V119/><F119/><T85/><D127/><U81/><E0/><V106/><F77/><T61/><D72/><U94/><E126/><V2/><F73/><T3/><D3/><U46/><E104/><V134/><F68/><T54/><D78/><U101/><E70/><V69/><F69/><T103/><D103/><U49/><E36/><V132/><F71/><T64/><D62/><U118/><E118/><V128/><F2/><T1/><D1/><U83/><E110/><V37/><F108/><T39/><D54/><U117/><E117/><V109/><F109/><T95/><REACH who="0" step="1"/><D39/><REACH who="0" ten="336,263,441,0" step="2"/><U34/><E34/><V100/><F37/><T133/><D133/><U89/><E101/><V44/><F128/><T116/><D116/><U123/><N who="1" m="31520" /><U131/><E131/><V38/><F38/><T130/><D130/><U114/><E49/><V125/><F125/><T105/><D105/><U50/><E50/><V86/><F132/><T107/><D107/><U98/><E66/><V53/><F134/><T75/><D75/><U41/><E89/><V122/><N who="2" m="31264" /><V52/><F51/><T32/><D32/><U57/><E91/><V102/><F100/><RYUUKYOKU ba="0,1" sc="336,20,263,-10,441,-10,0,0" hai0="58,59,61,63,64,65,84,85,88,90,95,112,115" /><INIT seed="4,1,1,3,3,61" ten="356,253,431,0" oya="0" hai0="125,100,43,2,110,34,96,92,65,91,80,82,131" hai1="122,58,109,40,84,121,49,97,56,48,38,134,45" hai2="73,36,52,41,114,0,113,102,116,63,90,132,66" hai3=""/><T104/><D34/><U79/><N who="1" m="31008" /><U86/><N who="1" m="31264" /><U1/><E1/><V120/><N who="2" m="30752" /><V129/><F0/><T70/><D2/><U64/><E109/><V112/><F129/><T81/><D125/><U101/><E134/><V85/><F132/><T126/><D126/><U39/><E38/><V117/><F73/><T93/><D131/><U128/><E128/><V89/><F102/><T53/><D53/><U108/><E108/><V59/><F41/><T83/><D43/><U55/><E79/><V94/><F90/><T115/><D115/><U74/><E74/><V118/><F36/><T124/><D124/><U99/><E99/><V68/><F114/><T42/><D42/><U103/><E103/><V133/><F133/><T98/><D110/><U119/><E119/><V88/><F89/><T51/><D51/><AGARI ba="1,1" hai="51,52,59,63,66,68,85,88,94,112,113,116,117,118" m="30752" machi="51" ten="40,8000,1" yaku="12,1,52,2,54,2" doraHai="61" who="2" fromWho="0" sc="356,-82,253,0,431,92,0,0" /><INIT seed="5,0,0,0,2,37" ten="274,253,523,0" oya="1" hai0="33,112,98,60,93,83,68,3,59,134,2,61,100" hai1="1,51,42,89,64,130,135,101,76,118,119,92,57" hai2="85,38,87,66,127,74,78,107,43,84,32,49,113" hai3=""/><U123/><N who="1" m="31520" /><U109/><E1/><V128/><F32/><T108/><D33/><U129/><E135/><V106/><F38/><T96/><D108/><U34/><E34/><V111/><F66/><T95/><D134/><U71/><E109/><V46/><F111/><T114/><D83/><U0/><E0/><V70/><F70/><T99/><D68/><U50/><E101/><V47/><F47/><T91/><D99/><U69/><E76/><V40/><F40/><T90/><D59/><U62/><E69/><V122/><N who="2" m="31264" /><V94/><F94/><T80/><REACH who="0" step="1"/><D80/><REACH who="0" ten="264,253,523,0" step="2"/><U115/><E71/><V126/><F46/><T65/><D65/><U79/><E115/><V45/><F113/><T125/><D125/><U104/><E64/><V48/><F45/><T72/><D72/><U53/><E57/><V124/><F74/><T121/><N who="0" m="31008" /><T75/><D75/><U44/><E44/><V105/><F124/><T120/><N who="0" m="30752" /><T88/><D88/><U102/><E89/><V97/><F126/><T116/><D116/><U73/><E73/><V133/><F127/><T86/><D86/><U58/><E118/><V39/><F133/><T56/><D56/><U110/><E110/><V131/><F84/><T54/><D54/><RYUUKYOKU ba="0,1" sc="264,20,253,-10,523,-10,0,0" hai0="2,3,60,61,90,91,93,95,96,98,100,112,114" /><INIT seed="6,1,1,0,4,122" ten="284,243,513,0" oya="2" hai0="126,128,77,84,76,66,129,41,117,2,112,123,80" hai1="56,65,72,107,124,49,62,131,120,50,48,135,44" hai2="51,1,74,85,103,63,93,81,100,52,90,78,42" hai3=""/><V64/><F42/><T110/><N who="0" m="31520" /><T79/><D2/><U106/><N who="1" m="30752" /><U111/><E72/><V43/><F43/><T91/><D110/><U119/><E111/><V108/><F1/><T114/><D117/><U38/><E119/><V95/><F95/><T101/><D126/><U71/><E124/><V109/><F109/><T97/><D66/><U54/><E131/><N who="0" m="50249" /><D41/><U67/><E135/><V125/><F125/><T115/><D77/><U94/><E94/><AGARI ba="1,1" hai="76,79,80,84,91,94,97,101,112,114,115" m="50249,31520" machi="94" ten="40,12000,2" yaku="15,1,11,1,19,1,34,2,52,1" doraHai="122" who="0" fromWho="1" sc="284,132,243,-122,513,0,0,0" owari="416,2.0,121,-48.0,513,46.0,0,0.0" /></mjloggm>