<mjloggm ver="2.3"><GO type="225" lobby="0"/><UN n0="%E8%A8%88%E7%AE%97%E6%A9%9F%E8%87%AA%E7%84%B6" n1="%E9%81%85%E5%88%BB%E3%81%AE%E3%83%97%E3%83%AA%E3%83%B3%E3%82%B9%E2%99%AA" n2="%E9%AE%92%E3%81%AE%E8%83%83%E8%A2%8B" n3="%E8%8B%A5%E5%AE%AE%E6%98%8E%E6%97%A5%E9%A6%99" dan="17,16,17,17" rate="2283.43,2136.19,2206.67,2196.87" sx="M,F,M,F"/><TAIKYOKU oya="0"/><INIT seed="0,0,0,4,3,53" ten="250,250,250,250" oya="0" hai0="116,39,104,20,71,6,23,126,43,44,115,131,82" hai1="97,72,21,77,74,134,110,55,47,80,62,24,99" hai2="16,81,107,125,133,89,92,90,42,17,28,94,64" hai3="79,35,59,58,91,3,10,87,22,93,30,37,34"/><T19/><D115/><U31/><E74/><V36/><F107/><W122/><G37/><T129/><D116/><U27/><E110/><V14/><F133/><W98/><G122/><T61/><D104/><U108/><E108/><V8/><F125/><W7/><G22/><T45/><D126/><U105/><E134/><V50/><F36/><W67/><G30/><T25/><D45/><U12/><E105/><V48/><F28/><W40/><G40/><T5/><D82/><U96/><E12/><N who="2" m="7175" /><F64/><W57/><REACH who="3" step="1"/><G67/><REACH who="3" ten="250,250,250,240" step="2"/><N who="0" m="41455" /><D23/><U51/><E27/><V121/><F121/><W46/><G46/><T60/><D60/><U66/><REACH who="1" step="1"/><E99/><REACH who="1" ten="250,240,250,240" step="2"/><V95/><F42/><W13/><G13/><T109/><D109/><U112/><E112/><V132/><F132/><W128/><G128/><AGARI ba="0,2" hai="5,6,19,20,25,39,43,44,128,129,131" m="41455" machi="128" ten="30,1500,0" yaku="19,1" doraHai="53" who="0" fromWho="3" sc="250,35,240,0,250,0,240,-15" /><INIT seed="0,1,0,2,5,23" ten="285,240,250,225" oya="0" hai0="37,0,93,90,122,14,47,68,4,107,49,121,24" hai1="128,30,130,77,7,10,96,105,112,44,88,124,117" hai2="134,2,25,29,21,17,106,135,32,42,84,73,81" hai3="91,36,127,46,62,20,55,35,118,123,98,33,53"/><T15/><D107/><U38/><E117/><V125/><F106/><W74/><G118/><T120/><D68/><U72/><E124/><V41/><F73/><W40/><G74/><T12/><D37/><U11/><E112/><V132/><F2/><W75/><G75/><T95/><D0/><U67/><E67/><V79/><REACH who="2" step="1"/><F125/><REACH who="2" ten="285,240,240,225" step="2"/><W97/><G127/><T78/><D4/><U102/><E105/><V114/><F114/><W69/><G123/><T56/><D121/><U54/><E7/><V13/><AGARI ba="1,1" hai="13,17,21,25,29,32,41,42,79,81,84,132,134,135" machi="13" ten="30,7900,0" yaku="1,1,0,1,20,1,52,1,53,0" doraHai="23" doraHaiUra="52" who="2" fromWho="2" sc="285,-40,240,-21,240,92,225,-21" /><INIT seed="1,0,0,1,4,31" ten="245,219,332,204" oya="1" hai0="126,22,119,15,26,68,52,44,128,124,75,69,41" hai1="21,27,106,43,40,23,70,77,135,94,60,85,74" hai2="37,78,116,99,20,62,103,0,64,81,112,6,86" hai3="65,93,66,51,111,110,14,96,19,102,91,45,30"/><U104/><E135/><V9/><F112/><W13/><G30/><N who="0" m="17751" /><D119/><U90/><E23/><V118/><F37/><W49/><G49/><N who="0" m="28711" /><D75/><U42/><E77/><V105/><REACH who="2" step="1"/><F20/><REACH who="2" ten="245,219,322,204" step="2"/><W82/><G111/><T80/><D126/><U97/><E21/><V88/><F88/><W61/><G110/><T58/><D124/><U115/><E115/><V11/><F11/><N who="3" m="6591" /><G14/><T131/><D15/><U71/><E27/><V121/><F121/><W5/><G5/><T25/><D25/><U16/><E90/><V98/><F98/><W113/><G113/><T87/><D131/><U38/><E97/><V132/><F132/><W24/><G24/><T1/><D128/><U4/><E38/><V101/><F101/><W100/><G102/><T117/><D117/><U120/><E120/><V39/><F39/><W2/><G2/><T34/><D1/><U125/><E125/><V72/><F72/><W129/><G129/><T10/><D10/><U36/><E74/><V130/><F130/><W32/><G32/><T123/><D34/><U76/><E36/><V8/><F8/><W79/><G100/><T50/><D123/><U122/><E122/><V48/><F48/><W33/><G33/><T7/><D50/><U67/><E76/><V35/><F35/><W29/><G29/><T46/><D87/><U89/><E85/><V83/><F83/><W55/><G61/><T109/><D80/><U108/><E108/><V12/><F12/><W3/><G3/><T57/><D109/><U54/><E60/><V107/><F107/><W18/><G18/><T47/><D7/><U17/><E4/><RYUUKYOKU ba="0,1" sc="245,-15,219,-15,322,15,204,15" hai2="0,6,9,62,64,78,81,86,99,103,105,116,118" hai3="45,51,55,65,66,79,82,91,93,96" /><INIT seed="2,1,1,4,3,69" ten="230,204,337,219" oya="2" hai0="48,56,32,90,116,6,128,60,126,84,102,42,117" hai1="61,79,27,85,39,77,21,96,95,68,4,40,91" hai2="24,97,34,72,74,64,26,29,93,122,58,71,9" hai3="16,54,124,11,83,63,12,81,92,123,17,127,115"/><V18/><F71/><W109/><G123/><T101/><D32/><U31/><E4/><V76/><F122/><W133/><G109/><T43/><D6/><U45/><REACH who="1" step="1"/><E96/><REACH who="1" ten="230,194,337,219" step="2"/><V112/><F97/><W25/><G115/><T111/><D111/><U30/><E30/><V80/><F29/><W14/><G133/><T66/><D117/><U37/><E37/><V36/><F36/><W1/><G1/><T62/><D116/><U100/><E100/><V86/><F112/><W49/><G127/><T44/><D126/><U125/><E125/><V118/><F118/><W94/><G124/><T22/><D102/><U2/><E2/><V41/><F18/><W23/><G12/><T98/><D98/><U119/><E119/><V50/><F24/><W103/><G103/><T105/><D101/><U73/><E73/><V108/><F74/><W33/><G33/><T51/><D105/><U113/><E113/><V10/><F26/><W89/><G94/><T70/><D128/><U20/><E20/><V78/><F93/><W53/><G92/><T87/><D22/><U131/><E131/><V15/><F15/><W82/><G89/><T129/><D129/><U47/><E47/><V130/><F34/><W0/><G0/><T134/><D134/><U19/><E19/><V135/><F135/><W46/><G83/><T121/><D121/><U67/><AGARI ba="1,2" hai="21,27,31,39,40,45,61,67,68,77,79,85,91,95" machi="67" ten="30,7900,0" yaku="1,1,0,1,52,1,53,1" doraHai="69" doraHaiUra="59" who="1" fromWho="1" sc="230,-21,194,102,337,-40,219,-21" /><INIT seed="3,0,0,3,3,10" ten="209,296,297,198" oya="3" hai0="9,66,81,22,80,36,23,18,38,33,112,13,129" hai1="17,119,59,74,45,61,67,89,96,39,128,117,29" hai2="1,104,101,63,4,84,79,71,58,103,57,8,32" hai3="20,135,56,76,6,52,60,65,108,28,124,97,0"/><W87/><G0/><T44/><D33/><U78/><E128/><V55/><F32/><W24/><G135/><T64/><D129/><U91/><E29/><V85/><F71/><W131/><G131/><T54/><D112/><U25/><E96/><V133/><F133/><W42/><G124/><T120/><D120/><U105/><E105/><V100/><F104/><W92/><G42/><T68/><D68/><U115/><E115/><V72/><F72/><W15/><G108/><T95/><D36/><U132/><E132/><V110/><F110/><W125/><G125/><T50/><D38/><U113/><E113/><V90/><F79/><W14/><G6/><N who="0" m="3255" /><D95/><U3/><E3/><V31/><F31/><W127/><G65/><N who="0" m="25195" /><D23/><N who="1" m="13551" /><E45/><V35/><F35/><W19/><G28/><T111/><D111/><U88/><E39/><V107/><F107/><W126/><G126/><T130/><D130/><U5/><E5/><V34/><F34/><W83/><REACH who="3" step="1"/><G127/><REACH who="3" ten="209,296,297,188" step="2"/><T48/><D48/><U134/><E134/><V69/><F4/><W62/><G62/><T53/><D53/><U41/><E41/><V98/><F1/><W114/><G114/><T70/><D70/><U37/><E37/><V122/><F69/><W73/><G73/><T86/><D86/><U118/><E74/><V94/><F85/><W43/><G43/><T106/><D106/><U102/><E67/><V21/><F84/><W47/><G47/><T7/><D7/><U49/><E49/><V51/><F51/><W2/><G2/><T116/><D116/><U99/><E61/><V77/><F63/><W46/><G46/><RYUUKYOKU ba="0,1" sc="209,15,296,-15,297,-15,188,15" hai0="18,22,44,50,54,80,81" hai3="14,15,19,20,24,52,56,60,76,83,87,92,97" /><INIT seed="3,1,1,2,4,107" ten="224,281,282,203" oya="3" hai0="109,118,9,6,106,31,30,39,126,17,110,25,134" hai1="74,37,19,124,51,41,111,23,129,65,54,28,133" hai2="113,1,83,32,71,22,49,8,63,105,20,46,70" hai3="90,72,47,3,119,99,24,93,122,89,91,62,117"/><W115/><G115/><T55/><D106/><U78/><E111/><N who="0" m="42505" /><D39/><U40/><E37/><V76/><F113/><W45/><G122/><T94/><D118/><U97/><E28/><N who="0" m="10793" /><D94/><U87/><E87/><V11/><F32/><W5/><G24/><T57/><D134/><U81/><E133/><V92/><F92/><W80/><G62/><N who="0" m="36159" /><D126/><U75/><E124/><V82/><F105/><W96/><G96/><T53/><D53/><U4/><E65/><V132/><F132/><W43/><G47/><T15/><D25/><U64/><E64/><V2/><F46/><W95/><G95/><T127/><D127/><U112/><E112/><V29/><F63/><W69/><G69/><T58/><D58/><U16/><E97/><V67/><F67/><W34/><G34/><T131/><D131/><U73/><E129/><V42/><F49/><W56/><G56/><T108/><N who="0" m="42513" /><T88/><DORA hai="102" /><D88/><U104/><E104/><V98/><F70/><W13/><G119/><T7/><AGARI ba="1,1" hai="6,7,9,15,17" m="36159,10793,42513" machi="7" ten="50,1600,0" yaku="14,1" doraHai="107,102" who="0" fromWho="0" sc="224,29,281,-5,282,-5,203,-9" /><INIT seed="4,0,0,0,4,1" ten="253,276,277,194" oya="0" hai0="84,26,124,74,78,59,23,117,35,90,133,103,85" hai1="101,42,19,96,63,72,75,91,129,100,131,102,57" hai2="44,37,41,112,0,99,3,115,93,43,107,10,15" hai3="119,132,65,5,21,58,110,89,50,53,48,30,32"/><T12/><D117/><U49/><E19/><V31/><F107/><W56/><G110/><T94/><D133/><U18/><E18/><V109/><F109/><W27/><G119/><T47/><D124/><U46/><E91/><V81/><F43/><W7/><G132/><T113/><D113/><N who="2" m="43594" /><F31/><W62/><G32/><T79/><D74/><U135/><E96/><V67/><F67/><W9/><G9/><T54/><D35/><U13/><E13/><V33/><F33/><W52/><G89/><N who="0" m="53543" /><D47/><AGARI ba="0,0" hai="5,7,21,27,30,47,48,50,52,53,56,58,62,65" machi="47" ten="30,8000,1" yaku="7,1,8,1,52,2,54,1" doraHai="1" who="3" fromWho="0" sc="253,-80,276,0,277,0,194,80" /><INIT seed="5,0,0,2,2,70" ten="173,276,277,274" oya="1" hai0="85,118,35,133,62,112,61,86,65,92,78,33,97" hai1="77,75,24,121,66,127,49,58,64,107,19,132,56" hai2="52,22,96,37,94,3,32,102,54,126,84,95,82" hai3="103,18,99,71,51,2,29,10,83,90,28,111,25"/><U104/><E121/><V117/><F32/><W93/><G71/><T60/><D118/><U50/><E127/><V41/><F117/><W109/><G28/><T9/><D112/><U11/><E132/><V38/><F3/><W110/><G83/><T39/><D133/><U128/><E128/><V1/><F1/><W129/><G129/><T26/><D65/><U17/><E11/><V57/><F126/><W81/><G81/><T55/><D9/><U47/><E47/><V119/><F119/><W91/><G51/><T15/><D15/><U21/><E21/><V30/><F41/><W108/><N who="3" m="27648" /><DORA hai="6" /><W16/><G18/><T36/><D55/><U67/><E24/><V48/><F95/><W7/><REACH who="3" step="1"/><G16/><REACH who="3" ten="173,276,277,264" step="2"/><N who="1" m="6218" /><E77/><V68/><F68/><W131/><G131/><T42/><D78/><U73/><E50/><V123/><F30/><W120/><G120/><T98/><D42/><U8/><E49/><V63/><F123/><W76/><G76/><T0/><D0/><U4/><E4/><V100/><F22/><AGARI ba="0,1" hai="2,7,10,22,25,29,90,91,93,99,103" m="27648" machi="22" ten="70,8000,1" yaku="1,1,52,1,53,1" doraHai="70,6" doraHaiUra="13,88" who="3" fromWho="2" sc="173,0,276,0,277,-80,264,90" owari="173,-33.0,276,8.0,197,-20.0,354,45.0" /></mjloggm>