<mjloggm ver="2.3"><GO type="169" lobby="0"/><UN n0="%E3%82%B7%E3%83%A9%E3%80%82" n1="%E5%8D%83%E7%BE%BD%E9%B4%89" n2="%E3%81%98%E3%81%98%E3%81%84%E3%81%8C%E5%91%BC%E3%82%93%E3%81%A0" n3="%73%75%7A%75%6D%65%33" dan="17,17,16,17" rate="2157.97,2235.82,2090.25,2218.07" sx="M,F,M,M"/><TAIKYOKU oya="0"/><INIT seed="0,0,0,4,4,96" ten="250,250,250,250" oya="0" hai0="111,11,66,78,45,81,102,57,47,35,91,126,14" hai1="32,87,59,33,116,75,49,119,108,23,95,124,37" hai2="90,115,79,107,82,62,16,30,41,2,12,29,114" hai3="132,133,64,130,89,135,6,105,77,22,58,9,128"/><T67/><D126/><U36/><E75/><V118/><F2/><W44/><G77/><T26/><D111/><U8/><E108/><V50/><F118/><W74/><G74/><T65/><D91/><U63/><E124/><V110/><F110/><W71/><G89/><T72/><D57/><U24/><E33/><V21/><F107/><W31/><G105/><T40/><D40/><U106/><E32/><V15/><F90/><W7/><G71/><T109/><D109/><U43/><E106/><V86/><F62/><N who="3" m="37975" /><G44/><T94/><D26/><U85/><E36/><V4/><F115/><W46/><G46/><T104/><D35/><U18/><E37/><V117/><F114/><W10/><G22/><T129/><D129/><N who="3" m="49769" /><G31/><T17/><REACH who="0" step="1"/><D104/><REACH who="0" ten="240,250,250,250" step="2"/><U28/><E43/><V68/><F68/><W54/><G54/><T134/><D134/><U122/><E59/><V70/><F70/><W97/><G97/><AGARI ba="0,1" hai="11,14,17,45,47,65,66,67,72,78,81,94,97,102" machi="97" ten="40,7700,0" yaku="1,1,52,1,53,1" doraHai="96" doraHaiUra="88" who="0" fromWho="3" sc="240,87,250,0,250,0,250,-77" /><INIT seed="0,1,0,0,1,103" ten="327,250,250,173" oya="0" hai0="59,29,79,76,53,90,126,105,95,23,55,72,31" hai1="17,82,7,21,92,94,118,0,99,81,124,71,39" hai2="117,56,80,35,3,75,122,45,37,97,48,52,110" hai3="100,54,121,77,60,63,66,120,20,62,67,129,25"/><T132/><D132/><U12/><E118/><V98/><F122/><N who="3" m="47211" /><G100/><T89/><D126/><U58/><E71/><V109/><F117/><W115/><G77/><T130/><D130/><U91/><E39/><V86/><F75/><W18/><G115/><T84/><D105/><U46/><E124/><V27/><F3/><W85/><G85/><N who="0" m="52655" /><D72/><U88/><E46/><V64/><F35/><W14/><G129/><T41/><D41/><U133/><E133/><V119/><F27/><W30/><G54/><N who="0" m="20491" /><D59/><U47/><E47/><V57/><F119/><W104/><G104/><T28/><D23/><AGARI ba="1,0" hai="14,18,20,23,25,30,60,62,63,66,67" m="47211" machi="23" ten="30,1000,0" yaku="13,1" doraHai="103" who="3" fromWho="0" sc="327,-13,250,0,250,0,173,13" /><INIT seed="1,0,0,5,5,62" ten="314,250,250,186" oya="1" hai0="55,69,86,108,22,39,105,35,52,129,118,7,76" hai1="48,57,26,43,88,16,46,87,25,27,92,66,78" hai2="99,70,123,90,104,31,74,10,47,114,133,24,75" hai3="120,41,40,58,131,71,32,85,79,18,28,19,67"/><U103/><E78/><V2/><F123/><W6/><G71/><T77/><D105/><U107/><E107/><V45/><F133/><W15/><G120/><T5/><D35/><U134/><E134/><V83/><F114/><W59/><G131/><T38/><D22/><N who="1" m="13511" /><E103/><V82/><F70/><W0/><G0/><T37/><D69/><U126/><E126/><V95/><F104/><W91/><G79/><N who="0" m="30283" /><D86/><U128/><E128/><V115/><F115/><W60/><G32/><T42/><D129/><U100/><E100/><V23/><F75/><W130/><G28/><T33/><D42/><N who="3" m="16489" /><G130/><T11/><D11/><U102/><E102/><V73/><F73/><W1/><G1/><T53/><D33/><U106/><E106/><V21/><F74/><W49/><G6/><N who="0" m="2059" /><D108/><U36/><E36/><V125/><F2/><W34/><G34/><T110/><D110/><U113/><E113/><V111/><F111/><W64/><G15/><T84/><D84/><U44/><E44/><N who="2" m="16971" /><F125/><W135/><G135/><T96/><D96/><U8/><E8/><V94/><F10/><W3/><G3/><T132/><D132/><U81/><E81/><N who="2" m="30731" /><F21/><W127/><G127/><T122/><D122/><U63/><AGARI ba="0,0" hai="26,27,43,46,48,57,63,66,87,88,92" m="13511" machi="63" ten="30,11700,0" yaku="8,1,52,1,54,2" doraHai="62" who="1" fromWho="1" sc="314,-39,250,117,250,-39,186,-39" /><INIT seed="1,1,0,5,3,96" ten="275,367,211,147" oya="1" hai0="79,33,115,132,84,88,21,35,37,93,65,76,16" hai1="31,49,1,126,102,75,44,46,129,42,87,89,15" hai2="28,133,4,11,80,27,23,0,113,7,101,131,2" hai3="6,20,52,90,47,26,68,43,107,116,70,39,64"/><U74/><E1/><V111/><F111/><W109/><G109/><T29/><D115/><U112/><E112/><V135/><F113/><W17/><G116/><T48/><D132/><N who="2" m="50762" /><F80/><W108/><G108/><T125/><D125/><U69/><E126/><V91/><F91/><W99/><G6/><T123/><D123/><U51/><E129/><V56/><F56/><W25/><G64/><T122/><D122/><U73/><E69/><V97/><F131/><W63/><G25/><T9/><D37/><U128/><E128/><V103/><F97/><W36/><G36/><T24/><D9/><AGARI ba="1,0" hai="0,2,4,7,9,11,23,27,28,101,103" m="50762" machi="9" ten="30,3900,0" yaku="20,1,52,2" doraHai="96" who="2" fromWho="0" sc="275,-42,367,0,211,42,147,0" /><INIT seed="2,0,0,4,1,16" ten="233,367,253,147" oya="2" hai0="119,49,105,122,23,106,130,103,107,59,127,41,135" hai1="102,13,19,10,46,18,54,117,73,64,115,50,39" hai2="118,111,52,47,45,83,37,33,4,5,17,91,68" hai3="86,120,40,108,25,101,53,26,116,89,134,60,14"/><V63/><F118/><W81/><G116/><T65/><D119/><U55/><E115/><V69/><F33/><W100/><G120/><T42/><D122/><U77/><E117/><V80/><F111/><W129/><G108/><T35/><D135/><U98/><E39/><V27/><F37/><W57/><G134/><T36/><D130/><U0/><E0/><V15/><F27/><W32/><G129/><T133/><D133/><U34/><E34/><V93/><F68/><W79/><G40/><T104/><D127/><U70/><E73/><V9/><F69/><W38/><G38/><T84/><D35/><U82/><E70/><V8/><F47/><W29/><G26/><T114/><D114/><U72/><E64/><V7/><F9/><W125/><G125/><T88/><D36/><U28/><E28/><V71/><F71/><W126/><G126/><T96/><D23/><U12/><E54/><V131/><F131/><W109/><G109/><T31/><D31/><U85/><E72/><V62/><F62/><W94/><REACH who="3" step="1"/><G14/><REACH who="3" ten="233,367,253,137" step="2"/><T1/><D1/><U20/><E13/><V51/><REACH who="2" step="1"/><F63/><REACH who="2" ten="233,367,243,137" step="2"/><W44/><G44/><T2/><D2/><U61/><E61/><V128/><F128/><W78/><G78/><T58/><D41/><U90/><E77/><V113/><F113/><W21/><G21/><T95/><D42/><U75/><E20/><V22/><F22/><W97/><AGARI ba="0,2" hai="25,29,32,53,57,60,79,81,86,89,94,97,100,101" machi="97" ten="20,5200,0" yaku="1,1,0,1,7,1,53,1" doraHai="16" doraHaiUra="87" who="3" fromWho="3" sc="233,-13,367,-13,243,-26,137,72" /><INIT seed="3,0,0,1,4,111" ten="220,354,217,209" oya="3" hai0="24,70,95,101,21,38,22,42,57,65,80,108,114" hai1="26,3,77,29,124,59,125,75,128,17,20,127,87" hai2="31,118,9,67,126,18,25,49,109,106,112,10,83" hai3="8,92,107,43,12,110,102,56,115,104,94,66,7"/><W41/><G110/><T63/><D108/><U1/><E75/><V6/><F109/><W4/><G115/><T52/><D114/><U16/><E59/><V119/><F106/><W11/><G56/><T45/><D80/><N who="1" m="47503" /><E128/><V35/><F112/><W69/><G66/><T121/><D121/><U123/><E123/><V0/><F67/><W99/><G69/><T130/><D130/><U133/><E133/><V93/><F126/><W54/><G54/><T134/><D134/><U28/><E17/><V34/><F49/><W84/><G107/><T81/><D81/><U23/><E28/><N who="2" m="19727" /><F93/><W46/><G84/><T13/><D13/><AGARI ba="0,0" hai="1,3,13,16,20,23,26,29,124,125,127" m="47503" machi="13" ten="30,2000,0" yaku="18,1,54,1" doraHai="111" who="1" fromWho="0" sc="220,-20,354,20,217,0,209,0" /><INIT seed="4,0,0,4,3,29" ten="200,374,217,209" oya="0" hai0="31,50,10,20,119,19,92,51,70,28,132,88,104" hai1="47,39,135,97,38,22,61,83,87,84,14,74,118" hai2="125,131,124,116,134,27,76,37,40,44,117,68,120" hai3="127,48,133,13,98,109,25,99,42,73,57,59,35"/><T77/><D119/><N who="2" m="45642" /><F120/><W30/><G73/><T129/><D129/><U82/><E97/><V1/><F1/><W95/><G109/><T89/><D132/><U81/><E61/><V86/><F68/><W3/><G3/><T17/><D104/><U46/><E74/><V106/><F106/><W11/><G133/><T107/><D107/><U103/><E103/><V93/><F134/><W123/><G123/><T112/><D112/><U90/><E135/><V110/><F110/><W62/><G127/><T54/><D70/><U108/><E90/><N who="2" m="53463" /><F131/><W32/><G99/><N who="0" m="57735" /><D89/><U75/><E75/><V55/><F76/><W115/><G115/><T85/><D85/><U69/><E69/><V6/><F6/><W114/><G114/><T64/><D51/><U105/><E39/><V21/><F55/><W65/><G42/><T41/><D64/><U52/><E105/><V53/><F53/><W101/><G48/><T18/><D77/><U2/><E52/><V24/><F24/><W72/><G72/><T45/><D41/><U15/><E118/><V8/><F8/><W49/><G49/><T56/><D45/><U26/><E38/><V9/><F9/><W0/><G0/><T66/><D66/><U122/><E2/><V4/><F4/><N who="3" m="3303" /><G57/><T126/><D126/><U111/><E122/><V7/><F7/><W128/><G128/><T94/><D10/><U100/><E111/><V67/><F125/><W71/><G71/><T23/><D94/><U96/><E108/><V78/><F124/><W80/><G80/><T43/><D43/><U12/><E82/><V36/><F36/><RYUUKYOKU ba="0,0" sc="200,15,374,-15,217,-15,209,15" hai0="17,18,19,20,23,28,31,50,54,56" hai3="25,30,32,35,59,62,65,95,98,101" /><INIT seed="4,1,0,1,1,98" ten="215,359,202,224" oya="0" hai0="8,38,31,124,75,39,60,74,78,10,113,15,111" hai1="52,83,128,87,94,54,27,91,55,37,107,33,131" hai2="0,20,82,80,49,34,42,88,119,133,81,123,86" hai3="105,95,25,40,30,120,117,22,125,115,45,41,108"/><T11/><D113/><U65/><E107/><V100/><F123/><W4/><G105/><T76/><D124/><U16/><E37/><N who="0" m="13833" /><D15/><U93/><E65/><V62/><F133/><W102/><G120/><T63/><D31/><N who="1" m="19711" /><E16/><V59/><F119/><W36/><G117/><T24/><D24/><U89/><E89/><V7/><F34/><W134/><G125/><T84/><D84/><U97/><E97/><V6/><F100/><W21/><G115/><T19/><D19/><U71/><E71/><V50/><F20/><W118/><G118/><T121/><D121/><U32/><E32/><V1/><F1/><W73/><G134/><T79/><D111/><U127/><E127/><V47/><F50/><W132/><G132/><T77/><N who="0" m="19456" /><DORA hai="43" /><T17/><D17/><U92/><E92/><N who="2" m="54295" /><F0/><W99/><G108/><T130/><D130/><N who="1" m="49707" /><E94/><V46/><F46/><W114/><G45/><T3/><D3/><U9/><E93/><V61/><F61/><AGARI ba="1,0" hai="8,10,11,60,61,63,74,75" m="19456,13833" machi="61" ten="50,4800,0" yaku="28,2" doraHai="98,43" who="0" fromWho="2" sc="215,51,359,0,202,-51,224,0" /><INIT seed="4,2,0,0,1,109" ten="266,359,151,224" oya="0" hai0="58,66,15,22,34,43,30,32,47,115,73,65,103" hai1="21,79,64,29,24,128,1,19,100,59,131,70,127" hai2="46,56,108,2,125,135,119,121,45,111,37,77,9" hai3="17,134,44,67,112,28,72,14,53,63,95,92,20"/><T81/><D103/><U99/><E1/><V90/><F121/><W105/><G72/><T5/><D5/><U33/><E79/><V129/><F125/><W101/><G134/><T61/><D66/><U82/><E82/><V80/><F135/><W113/><G28/><T133/><D133/><U52/><E64/><V40/><F129/><N who="1" m="49737" /><E70/><V54/><F119/><W68/><G105/><T25/><D115/><N who="3" m="44105" /><G101/><T41/><D41/><U76/><E76/><V36/><F90/><W117/><G117/><T11/><D81/><U69/><E69/><V57/><F111/><W102/><G102/><T114/><D73/><U62/><E127/><V94/><F94/><W116/><G116/><T130/><D130/><U38/><E38/><V110/><F110/><W104/><G104/><T3/><D3/><U16/><E33/><V83/><F83/><W86/><G86/><T12/><D12/><U88/><E88/><V124/><F124/><W7/><G7/><T39/><REACH who="0" step="1"/><D114/><REACH who="0" ten="256,359,151,224" step="2"/><U98/><E100/><V89/><F108/><W35/><G35/><T60/><D60/><U18/><AGARI ba="2,1" hai="16,18,19,21,24,29,52,59,62,98,99" m="49737" machi="18" ten="30,4000,0" yaku="19,1,54,2" doraHai="109" who="1" fromWho="1" sc="256,-22,359,56,151,-12,224,-12" /><INIT seed="5,0,0,0,2,131" ten="234,415,139,212" oya="1" hai0="69,92,40,73,89,80,23,8,115,120,100,91,98" hai1="84,47,95,43,111,119,130,133,72,125,77,37,54" hai2="36,71,6,83,61,19,116,13,50,7,67,118,85" hai3="24,20,51,112,18,87,58,96,42,59,123,134,45"/><U70/><E77/><V63/><F36/><W76/><G123/><T12/><D69/><U90/><E72/><V108/><F108/><W82/><G112/><T103/><D115/><U124/><E130/><V114/><F114/><W53/><G134/><T102/><D120/><U22/><E119/><V30/><F30/><W107/><G107/><T34/><D34/><U16/><E70/><V78/><F61/><W110/><G110/><T94/><D40/><U0/><E0/><V4/><REACH who="2" step="1"/><F50/><REACH who="2" ten="234,415,129,212" step="2"/><W2/><G2/><T14/><D103/><U29/><E111/><V97/><F97/><W57/><REACH who="3" step="1"/><G96/><REACH who="3" ten="234,415,129,202" step="2"/><T101/><D98/><U32/><E124/><V38/><F38/><AGARI ba="0,2" hai="18,20,24,38,42,45,51,53,57,58,59,76,82,87" machi="38" ten="30,7700,0" yaku="1,1,2,1,7,1,53,1" doraHai="131" doraHaiUra="17" who="3" fromWho="2" sc="234,0,415,0,129,-77,202,97" /><INIT seed="6,0,0,1,0,11" ten="234,415,52,299" oya="2" hai0="52,3,94,12,134,33,58,109,72,70,66,71,63" hai1="38,43,54,64,95,131,83,9,28,119,5,103,122" hai2="51,132,135,15,13,32,99,113,2,87,36,30,62" hai3="111,117,88,90,29,26,123,118,107,20,1,37,110"/><V57/><F2/><W115/><G1/><T108/><D134/><N who="2" m="51242" /><F36/><W0/><G0/><T133/><D133/><U78/><E28/><V79/><F113/><W42/><G107/><T21/><D3/><U69/><E54/><V65/><F99/><W4/><G4/><T112/><D112/><U93/><E43/><V50/><F79/><W85/><G115/><T18/><D72/><U60/><E38/><V92/><F87/><W129/><G123/><T34/><D94/><U91/><E131/><V68/><F92/><W16/><G129/><T75/><D75/><U114/><E114/><V31/><F31/><W120/><G120/><T48/><REACH who="0" step="1"/><D71/><REACH who="0" ten="224,415,52,299" step="2"/><U96/><E93/><V25/><F68/><W39/><G111/><AGARI ba="0,1" hai="12,18,21,33,34,48,52,58,63,66,70,108,109,111" machi="111" ten="40,8000,1" yaku="1,1,2,1,52,1,54,1,53,0" doraHai="11" doraHaiUra="104" who="0" fromWho="3" sc="224,90,415,0,52,0,299,-80" /><INIT seed="7,0,0,3,0,51" ten="314,415,52,219" oya="3" hai0="123,25,45,107,63,78,1,100,44,55,30,27,11" hai1="50,106,67,75,39,131,52,91,127,71,68,48,16" hai2="61,14,90,3,74,34,4,24,56,82,105,41,129" hai3="77,22,9,7,31,72,12,73,117,126,119,135,10"/><W98/><G135/><T58/><D123/><U36/><E91/><V111/><F111/><W85/><G126/><T114/><D114/><U19/><E75/><V128/><F90/><W80/><G98/><T121/><D121/><U40/><E106/><V89/><F89/><W54/><G72/><T35/><D78/><U116/><E19/><V115/><F115/><W83/><G9/><T18/><D27/><U20/><E48/><V110/><F110/><W42/><G42/><T81/><D81/><U47/><E131/><V66/><F66/><W33/><BYE who="2" /><G33/><T29/><D29/><U13/><E116/><V113/><F113/><W62/><G119/><T28/><D28/><U102/><E102/><V120/><F120/><W76/><G117/><T94/><D107/><U69/><E127/><V134/><F134/><W112/><G112/><T59/><D59/><N who="1" m="33175" /><E39/><V97/><F97/><W101/><G101/><T118/><D118/><U92/><E92/><V64/><F64/><W125/><G125/><T5/><D18/><U60/><AGARI ba="0,0" hai="13,16,20,36,40,47,60,67,68,69,71" m="33175" machi="60" ten="30,7900,0" yaku="24,1,52,1,54,2" doraHai="51" who="1" fromWho="1" sc="314,-20,415,79,52,-20,219,-39" owari="294,9.0,494,60.0,32,-47.0,180,-22.0" /></mjloggm>