<mjloggm ver="2.3"><GO type="169" lobby="0"/><UN n0="%E5%8D%83%E7%BE%BD%E9%B4%89" n1="%E5%A4%A9%E7%A5%9E%E9%B3%B3%E4%BD%8D" n2="%E3%83%8F%E3%82%BF%E3%83%A2%E3%83%88%E3%83%92%E3%83%AD" n3="%58%E7%8C%AB" dan="17,16,17,16" rate="2241.52,2107.01,2138.90,2094.22" sx="F,M,M,M"/><TAIKYOKU oya="0"/><INIT seed="0,0,0,2,2,129" ten="250,250,250,250" oya="0" hai0="81,44,112,103,9,2,109,24,7,31,29,51,106" hai1="39,35,79,102,47,97,56,111,122,41,46,119,48" hai2="57,89,83,52,53,38,99,61,70,95,59,93,64" hai3="91,130,116,96,18,94,17,26,114,19,127,88,14"/><T5/><D112/><U13/><E119/><V30/><F38/><W82/><G114/><T135/><D106/><U85/><E122/><V71/><F83/><W131/><G116/><T67/><D103/><U74/><E111/><V77/><F77/><W23/><G127/><T58/><D109/><U49/><E74/><V37/><F37/><W87/><REACH who="3" step="1"/><G14/><REACH who="3" ten="250,250,250,240" step="2"/><T42/><D2/><U60/><E13/><V12/><F12/><W62/><G62/><T100/><D51/><U15/><E15/><V80/><F64/><W132/><G132/><T105/><D135/><U10/><E48/><V113/><F113/><W11/><G11/><T55/><D67/><U28/><E10/><V121/><F121/><W78/><G78/><T75/><D9/><U86/><E79/><V120/><F120/><W133/><G133/><T1/><D1/><U124/><E124/><V36/><F61/><W33/><G33/><T117/><D117/><U25/><E49/><V43/><F36/><W45/><G45/><T21/><D44/><U107/><E47/><V128/><F128/><AGARI ba="0,1" hai="17,18,19,23,26,82,87,88,91,94,96,128,130,131" machi="128" ten="40,5200,0" yaku="1,1,19,1,54,1,53,0" doraHai="129" doraHaiUra="69" who="3" fromWho="2" sc="250,0,250,0,250,-52,240,62" /><INIT seed="1,0,0,2,2,30" ten="250,250,198,302" oya="1" hai0="116,121,130,94,16,6,92,62,111,107,49,5,113" hai1="89,118,2,8,90,83,47,20,132,122,93,33,72" hai2="9,135,103,86,69,112,22,114,36,117,70,55,18" hai3="74,12,85,129,15,19,81,42,41,1,46,124,84"/><U96/><E118/><V58/><F117/><W109/><G1/><T7/><D116/><U120/><E132/><V3/><F135/><W0/><G0/><T98/><D113/><N who="2" m="43626" /><F36/><W87/><G74/><T35/><D107/><U4/><E33/><V71/><F103/><W45/><G109/><T65/><D35/><U77/><E89/><V73/><F73/><W50/><G124/><T14/><D130/><U64/><E64/><V88/><F9/><W24/><G129/><T101/><D49/><U59/><E59/><V105/><F105/><W60/><G60/><T23/><D111/><U32/><E32/><V43/><F43/><W75/><G75/><T108/><D108/><U48/><REACH who="1" step="1"/><E20/><REACH who="1" ten="250,240,198,302" step="2"/><V131/><F131/><W104/><G81/><T128/><D128/><U54/><AGARI ba="0,1" hai="2,4,8,47,48,54,72,77,83,90,93,96,120,122" machi="54" ten="20,7800,0" yaku="1,1,2,1,0,1,7,1,53,0" doraHai="30" doraHaiUra="13" who="1" fromWho="1" sc="250,-26,240,88,198,-26,302,-26" /><INIT seed="1,1,0,0,5,132" ten="224,328,172,276" oya="1" hai0="26,120,109,76,130,23,128,58,116,110,60,133,126" hai1="41,123,72,118,21,129,27,103,91,90,71,9,117" hai2="0,31,127,7,95,119,78,11,87,134,74,19,8" hai3="73,81,15,45,84,4,86,115,63,88,131,113,125"/><U12/><E123/><V99/><F119/><W122/><G122/><T98/><D120/><U6/><E129/><N who="0" m="49769" /><D116/><U32/><E32/><V30/><F134/><W56/><G125/><T28/><D133/><U20/><E72/><V10/><F74/><W36/><G73/><T85/><D98/><U93/><E71/><V112/><F112/><W114/><G131/><T44/><D44/><U105/><E41/><V39/><F39/><W61/><G61/><T100/><D100/><U64/><E64/><V22/><F31/><W94/><G45/><T77/><D85/><U52/><E103/><V55/><F30/><W38/><G15/><T108/><D126/><U102/><E102/><V121/><F121/><W14/><G14/><T107/><D107/><U49/><E105/><V79/><F127/><W18/><G4/><T101/><D101/><U106/><E106/><V59/><F87/><W24/><G24/><T42/><D42/><U124/><E124/><V69/><F69/><W70/><G18/><T40/><D40/><U92/><E117/><V89/><F7/><W82/><G70/><T33/><D33/><U29/><E118/><V50/><REACH who="2" step="1"/><F0/><REACH who="2" ten="224,328,162,276" step="2"/><W54/><REACH who="3" step="1"/><G94/><REACH who="3" ten="224,328,162,266" step="2"/><N who="1" m="36458" /><E21/><V65/><F65/><AGARI ba="1,2" hai="23,26,28,58,60,65,76,77,108,109,110" m="49769" machi="65" ten="40,2600,0" yaku="14,1,19,1" doraHai="132" who="0" fromWho="2" sc="224,49,328,0,162,-29,266,0" /><INIT seed="2,0,0,5,1,76" ten="273,328,133,266" oya="2" hai0="113,35,125,36,24,135,9,111,81,66,117,101,121" hai1="84,2,100,71,22,0,38,62,4,127,70,8,74" hai2="6,3,72,17,133,28,56,134,112,61,15,73,78" hai3="12,1,45,85,108,43,80,126,25,59,90,119,130"/><V131/><F112/><W118/><G1/><T11/><D66/><U83/><E127/><V124/><F124/><W94/><G126/><T129/><D101/><U69/><E38/><V52/><F131/><W120/><G120/><T33/><D81/><U87/><E100/><V77/><F28/><W105/><G105/><T13/><D13/><U54/><E2/><V21/><F78/><W102/><G108/><T123/><D24/><U97/><E97/><V93/><F93/><W99/><G130/><T51/><D51/><U58/><E22/><V95/><F95/><W18/><G25/><T32/><D36/><U122/><E122/><N who="0" m="46601" /><D125/><U29/><E29/><V64/><F64/><W106/><G59/><T79/><D79/><U68/><E74/><V34/><F34/><W30/><G30/><T65/><D65/><U27/><E27/><V107/><F107/><W16/><G106/><T114/><D129/><U10/><E10/><N who="0" m="3593" /><D111/><U42/><E69/><V96/><F96/><W103/><G103/><T50/><D50/><U92/><E92/><V104/><F104/><W109/><G109/><T115/><D117/><U39/><E83/><N who="2" m="45479" /><F73/><W20/><REACH who="3" step="1"/><G18/><REACH who="3" ten="273,328,133,256" step="2"/><T63/><D63/><U86/><E70/><V116/><F116/><W26/><G26/><T49/><D49/><AGARI ba="0,1" hai="12,16,20,43,45,49,80,85,90,94,99,102,118,119" machi="49" ten="30,7700,0" yaku="1,1,7,1,52,1,54,1,53,0" doraHai="76" doraHaiUra="7" who="3" fromWho="0" sc="273,-77,328,0,133,0,256,87" /><INIT seed="3,0,0,4,3,81" ten="196,328,133,343" oya="3" hai0="84,91,22,112,10,30,24,7,13,41,20,63,65" hai1="119,116,120,68,49,32,110,134,46,83,37,135,12" hai2="42,102,76,61,9,85,104,38,90,92,6,17,23" hai3="25,27,125,82,2,4,62,111,107,71,127,78,99"/><W18/><G111/><T115/><D41/><N who="1" m="22831" /><E12/><V128/><F128/><W34/><G18/><T114/><D22/><U101/><E32/><V64/><F38/><W105/><G4/><T47/><D47/><U59/><E83/><V131/><F42/><W16/><G2/><T0/><D0/><U132/><E101/><V58/><F131/><W44/><G44/><T48/><D48/><U51/><E110/><V89/><F104/><W122/><G122/><T109/><D109/><U43/><E120/><V103/><F76/><W77/><G77/><T66/><REACH who="0" step="1"/><D63/><REACH who="0" ten="186,328,133,343" step="2"/><U56/><E43/><V5/><F9/><W93/><G62/><T3/><D3/><U39/><E39/><V96/><F6/><W26/><G34/><T100/><D100/><U67/><E51/><V60/><F5/><W106/><G16/><T28/><D28/><U53/><E68/><V14/><REACH who="2" step="1"/><F60/><AGARI ba="0,1" hai="49,53,56,59,60,67,116,119,132,134,135" m="22831" machi="60" ten="40,5200,0" yaku="20,1,34,2" doraHai="81" who="1" fromWho="2" sc="186,0,328,62,133,-52,343,0" /><INIT seed="4,0,0,4,5,72" ten="186,390,81,343" oya="0" hai0="115,14,19,128,31,48,42,90,83,10,13,80,103" hai1="66,65,111,34,61,24,100,96,122,132,40,21,131" hai2="57,118,5,22,85,9,89,92,58,43,135,29,39" hai3="130,87,82,134,112,67,1,98,23,94,41,74,79"/><T27/><D115/><U109/><E122/><V59/><F135/><W28/><G112/><T12/><D128/><U0/><E132/><V93/><F118/><W108/><G108/><T64/><D103/><U4/><E131/><V15/><F39/><W127/><G1/><T30/><D64/><U2/><E40/><V77/><F43/><W120/><G134/><T95/><D10/><U124/><E124/><V121/><F121/><W102/><G130/><T7/><D7/><U6/><E34/><V60/><F93/><W119/><G119/><T110/><D19/><U133/><E133/><V70/><F70/><W32/><G32/><T78/><D110/><U88/><E66/><V17/><F29/><W106/><G120/><T68/><D68/><U76/><E100/><V75/><F75/><W104/><G41/><T69/><D69/><U123/><E4/><V84/><F60/><W52/><G67/><T97/><D80/><U8/><E2/><V99/><REACH who="2" step="1"/><F77/><REACH who="2" ten="186,390,71,343" step="2"/><W55/><G106/><T101/><D31/><U18/><E76/><V105/><F105/><W125/><G104/><T71/><D71/><N who="1" m="42415" /><E123/><V113/><F113/><W47/><G74/><T129/><D129/><U44/><E111/><V3/><AGARI ba="0,1" hai="3,5,9,15,17,22,57,58,59,84,85,89,92,99" machi="3" ten="30,2000,0" yaku="1,1,0,1,53,0" doraHai="72" doraHaiUra="114" who="2" fromWho="2" sc="186,-10,390,-5,71,30,343,-5" /><INIT seed="5,0,0,3,5,40" ten="176,385,101,338" oya="1" hai0="92,62,76,115,135,126,42,11,4,111,70,69,91" hai1="50,22,113,81,47,119,6,1,134,105,82,28,103" hai2="100,130,41,13,116,43,44,93,68,17,46,128,80" hai3="49,7,109,122,73,83,64,24,132,104,61,56,38"/><U108/><E119/><V85/><F116/><W124/><G109/><T58/><D111/><U117/><E108/><V57/><F68/><W52/><G122/><T32/><D32/><U39/><E117/><V79/><F57/><W10/><G104/><T48/><D76/><U0/><E39/><V33/><F33/><W120/><G120/><T25/><D25/><U88/><E113/><V98/><F43/><W37/><G124/><T90/><D135/><U127/><E81/><V95/><F93/><W112/><G112/><T67/><D126/><U31/><E134/><V75/><F75/><W121/><G121/><T54/><D42/><U78/><E78/><V26/><F26/><W14/><G132/><T30/><D30/><U131/><E131/><V101/><F101/><W2/><G2/><T107/><D107/><U12/><E1/><V27/><F27/><W106/><G106/><T3/><D115/><U59/><E59/><V86/><F85/><W60/><G61/><T34/><D34/><U72/><E72/><V118/><F118/><W21/><G83/><T99/><D70/><U65/><E0/><V18/><F41/><W71/><REACH who="3" step="1"/><G73/><REACH who="3" ten="176,385,101,328" step="2"/><T8/><D3/><U114/><E105/><V96/><F130/><W15/><G15/><T63/><D63/><U5/><E12/><V23/><F128/><W102/><G102/><T84/><D62/><U110/><E103/><V53/><F13/><W129/><G129/><T66/><D48/><U16/><E114/><V55/><F100/><W97/><G97/><T36/><D99/><U35/><E110/><V89/><F98/><RYUUKYOKU ba="0,1" sc="176,-10,385,-10,101,-10,328,30" hai3="7,10,14,21,24,37,38,49,52,56,60,64,71" /><INIT seed="6,1,1,1,0,42" ten="166,375,91,358" oya="2" hai0="99,34,87,2,48,103,100,64,124,118,84,77,26" hai1="128,13,92,8,19,102,39,12,116,134,74,59,132" hai2="68,37,22,46,27,108,52,78,29,14,75,123,110" hai3="119,97,30,41,95,51,50,57,109,9,93,72,130"/><V4/><F123/><W11/><G109/><N who="2" m="42089" /><F68/><W106/><G119/><T105/><D2/><U5/><E116/><V120/><F120/><W67/><G72/><T53/><D118/><U38/><E74/><V1/><F1/><W54/><G130/><T23/><D124/><U21/><E128/><V127/><F127/><W28/><G106/><T135/><D135/><N who="1" m="51755" /><E59/><V69/><F69/><W7/><G67/><T114/><D53/><U104/><E104/><V107/><F107/><W111/><G111/><T112/><D48/><U94/><E102/><V60/><F4/><W129/><G129/><T121/><D87/><U33/><E33/><V133/><F14/><N who="3" m="5439" /><G11/><T83/><D26/><U73/><E73/><V113/><F113/><W15/><G15/><T80/><D23/><U16/><E5/><V96/><F133/><W18/><G18/><T6/><D6/><U56/><E56/><N who="2" m="34823" /><F75/><W62/><G62/><T66/><D114/><U63/><E63/><V91/><F78/><W125/><G125/><T86/><D112/><U82/><E82/><N who="0" m="31273" /><D77/><U58/><E58/><V61/><F61/><W76/><G76/><T44/><D66/><U17/><E17/><V90/><F96/><W98/><G97/><T45/><D64/><U126/><E126/><V131/><F131/><W117/><G117/><T122/><D121/><U40/><E19/><V81/><F81/><W20/><G98/><N who="0" m="61591" /><D122/><U31/><E16/><V35/><F35/><W89/><G20/><T101/><D34/><U3/><E21/><V25/><F25/><W70/><G70/><T10/><D99/><U0/><E3/><RYUUKYOKU ba="1,1" sc="166,-10,375,-10,91,30,358,-10" hai2="22,27,29,37,46,90,91" /><INIT seed="6,2,1,3,2,39" ten="156,365,121,348" oya="2" hai0="32,22,61,105,56,64,1,44,104,2,85,91,124" hai1="30,131,109,50,71,46,0,84,88,23,10,120,62" hai2="132,122,53,101,116,96,35,15,38,12,90,123,36" hai3="93,48,114,128,60,87,119,83,13,59,65,95,29"/><V103/><F90/><W8/><G119/><T113/><D32/><U81/><E109/><V118/><F96/><W73/><G73/><T4/><D105/><U89/><E131/><V6/><F53/><W51/><G128/><T94/><D104/><U5/><E120/><V20/><F20/><W70/><G29/><T121/><D121/><U66/><E89/><V80/><F35/><W76/><G114/><T77/><D113/><U78/><E78/><V126/><F6/><N who="3" m="3223" /><G70/><T17/><D124/><U31/><E23/><V3/><F80/><W26/><G26/><T58/><D77/><U27/><E27/><V79/><F79/><W72/><G72/><T40/><D56/><U52/><AGARI ba="2,1" hai="0,5,10,30,31,46,50,52,62,66,71,81,84,88" machi="52" ten="20,5200,0" yaku="0,1,7,1,54,2" doraHai="39" who="1" fromWho="1" sc="156,-15,365,68,121,-28,348,-15" /><INIT seed="7,0,0,4,4,41" ten="141,433,93,333" oya="3" hai0="83,51,39,38,40,107,110,24,131,56,118,81,126" hai1="48,89,92,21,32,23,99,63,29,127,91,78,128" hai2="69,96,49,58,84,100,117,123,132,50,34,1,5" hai3="125,90,31,104,102,14,116,108,30,19,94,62,135"/><W73/><G116/><T65/><D107/><U95/><E128/><V88/><F117/><W76/><G135/><T26/><D118/><U6/><E127/><V103/><F69/><W71/><G125/><T54/><D126/><U46/><E78/><V4/><F34/><W115/><G115/><T15/><D110/><U36/><E36/><V106/><F103/><W20/><G104/><T42/><D39/><U74/><E74/><V37/><F37/><W101/><G108/><T13/><D38/><U12/><E63/><V67/><F132/><W111/><G111/><T68/><D68/><U121/><E121/><V9/><F123/><W2/><G2/><T25/><D65/><U43/><E29/><V133/><F133/><W97/><G73/><T85/><D83/><U0/><E32/><V98/><F98/><W134/><G134/><T47/><D131/><U11/><E0/><V80/><REACH who="2" step="1"/><F5/><REACH who="2" ten="141,433,83,333" step="2"/><W75/><G101/><T53/><D42/><U28/><E28/><V17/><F17/><W35/><G102/><T57/><D40/><U45/><E43/><V27/><F27/><W109/><G109/><T130/><D130/><U3/><E99/><V93/><F93/><W129/><G129/><T105/><D105/><U59/><E92/><V22/><F22/><W87/><G35/><T114/><D26/><U77/><E95/><V7/><F7/><W8/><G20/><T70/><D70/><U61/><E21/><V82/><F82/><N who="3" m="45343" /><G97/><T122/><D122/><U64/><E3/><V124/><F124/><W10/><G10/><T52/><D81/><U60/><E11/><RYUUKYOKU ba="0,1" sc="141,-15,433,-15,83,15,333,15" hai2="1,4,9,49,50,58,67,80,84,88,96,100,106" hai3="8,14,19,30,31,62,71,87,90,94" /><INIT seed="7,1,1,3,4,19" ten="126,418,98,348" oya="3" hai0="108,49,77,67,45,89,69,22,83,132,110,135,102" hai1="7,9,72,126,32,4,122,134,120,123,113,86,131" hai2="91,2,118,23,6,30,96,0,60,107,129,71,13" hai3="43,52,105,18,40,64,133,75,100,37,121,39,38"/><W119/><G121/><T24/><D102/><U12/><E72/><V55/><F118/><W47/><G119/><T10/><D89/><U42/><E131/><V16/><F129/><W31/><G75/><N who="0" m="43455" /><D10/><U50/><E134/><N who="0" m="51241" /><D67/><U88/><E126/><V74/><F74/><W15/><G133/><T125/><D69/><U85/><E113/><V3/><F30/><W116/><G116/><T20/><D125/><U98/><E32/><V63/><F6/><W93/><G105/><T78/><D78/><U76/><E76/><V58/><F71/><W48/><G31/><N who="0" m="17799" /><D22/><U33/><E50/><V28/><F28/><W29/><G29/><T104/><D104/><U70/><E42/><AGARI ba="1,1" hai="42,45,49,108,110" m="17799,51241,43455" machi="42" ten="30,2000,0" yaku="20,1,52,1" doraHai="19" who="0" fromWho="1" sc="126,33,418,-23,98,0,348,0" owari="159,-24.0,395,49.0,98,-40.0,348,15.0" /></mjloggm>