<mjloggm ver="2.3"><GO type="185" lobby="0"/><UN n0="%E5%BF%AB%E9%81%A9" n1="%E4%BC%8F%E5%B1%8B" n2="%E3%81%9F%E3%82%93%E3%82%86%E3%81%86" n3="" dan="17,16,16,0" rate="2280.86,2164.68,2232.80,1500.00" sx="M,M,F,C"/><TAIKYOKU oya="0"/><INIT seed="0,0,0,3,5,52" ten="350,350,350,0" oya="0" hai0="61,97,115,57,2,105,117,100,107,124,113,58,53" hai1="126,121,67,129,55,49,133,87,56,35,116,131,84" hai2="102,68,47,48,62,114,44,127,70,125,106,39,33" hai3=""/><T51/><D117/><U59/><N who="1" m="31008" /><U110/><E35/><V38/><F33/><T109/><D2/><U50/><E116/><V94/><F106/><T79/><D107/><U43/><E110/><V130/><F102/><T32/><D32/><U42/><E126/><N who="2" m="48139" /><F94/><T85/><D124/><U88/><E133/><V103/><F103/><T99/><D99/><U60/><E84/><V118/><F118/><T63/><D109/><U41/><REACH who="1" step="1"/><E49/><REACH who="1" ten="350,340,350,0" step="2"/><V101/><F114/><T64/><REACH who="0" step="1"/><D51/><REACH who="0" ten="340,340,350,0" step="2"/><U108/><E108/><V74/><F48/><T46/><D46/><U77/><E77/><V83/><F47/><T71/><D71/><U89/><E89/><V135/><F44/><T69/><D69/><U1/><E1/><V82/><F70/><T128/><D128/><U122/><N who="1" m="31264" /><U91/><E91/><V36/><F130/><T72/><D72/><U123/><N who="1" m="31520" /><U96/><E96/><V98/><F74/><T134/><D134/><U65/><E65/><V93/><F135/><T112/><D112/><U73/><E73/><V66/><AGARI ba="0,2" hai="36,38,39,62,66,68,82,83,93,98,101" m="48139" machi="66" ten="40,1100,0" yaku="18,1" doraHai="52" who="2" fromWho="2" sc="340,-7,340,-4,350,31,0,0" /><INIT seed="1,0,0,2,3,35" ten="333,336,381,0" oya="1" hai0="107,128,132,112,45,108,110,69,106,126,1,36,41" hai1="103,51,92,90,98,77,104,113,114,56,2,37,65" hai2="61,117,0,64,131,66,125,40,79,38,87,50,85" hai3=""/><U96/><E2/><V57/><F0/><T43/><RYUUKYOKU type="yao9" ba="0,0" sc="333,0,336,0,381,0,0,0" hai0="1,36,41,43,45,69,106,107,108,110,112,126,128,132" /><INIT seed="1,1,0,2,0,73" ten="333,336,381,0" oya="1" hai0="134,39,92,74,123,130,46,125,47,99,88,35,95" hai1="71,81,61,85,52,57,1,100,56,107,41,44,66" hai2="76,110,132,50,105,115,116,83,69,103,2,128,54" hai3=""/><U48/><E1/><V120/><RYUUKYOKU type="yao9" ba="1,0" sc="333,0,336,0,381,0,0,0" hai2="2,50,54,69,76,83,103,105,110,115,116,120,128,132" /><INIT seed="1,2,0,2,5,99" ten="333,336,381,0" oya="1" hai0="94,102,56,93,34,50,88,47,33,73,114,62,35" hai1="106,135,79,65,105,46,125,110,53,48,71,42,112" hai2="104,57,101,119,97,67,100,58,63,107,96,69,74" hai3=""/><U118/><E112/><V98/><F119/><T51/><D114/><U121/><N who="1" m="31008" /><U76/><E118/><V113/><F113/><T84/><D73/><U132/><E125/><V124/><F124/><T52/><D94/><U82/><E79/><V116/><F116/><T45/><D102/><U38/><E110/><V59/><F74/><T40/><REACH who="0" step="1"/><D33/><REACH who="0" ten="323,336,381,0" step="2"/><U90/><E90/><V86/><REACH who="2" step="1"/><F86/><REACH who="2" ten="323,336,371,0" step="2"/><T108/><D108/><U111/><E111/><V3/><F3/><T81/><D81/><U75/><E106/><AGARI ba="2,2" hai="57,58,59,63,67,69,96,97,98,100,101,104,106,107" machi="106" ten="50,6400,0" yaku="1,1,52,2,53,0" doraHai="99" doraHaiUra="127" who="2" fromWho="1" sc="323,0,336,-68,371,88,0,0" /><INIT seed="2,0,0,0,5,65" ten="323,268,459,0" oya="2" hai0="38,123,87,44,77,32,73,34,80,129,67,57,91" hai1="41,64,37,45,62,52,74,105,49,51,122,46,95" hai2="130,85,125,54,84,81,103,78,76,0,83,61,131" hai3=""/><V68/><F0/><T36/><N who="0" m="31520" /><T101/><D129/><N who="2" m="49162" /><F125/><T72/><D101/><U110/><N who="1" m="31264" /><U120/><N who="1" m="30752" /><U88/><E74/><V99/><F54/><T75/><D77/><U102/><E110/><V50/><F50/><T2/><D2/><U104/><E102/><V128/><N who="2" m="49170" /><V59/><DORA hai="109" /><F59/><T89/><D89/><U58/><REACH who="1" step="1"/><E37/><REACH who="1" ten="323,258,459,0" step="2"/><V40/><F40/><T124/><D124/><U66/><E66/><V107/><F61/><T126/><D126/><U43/><E43/><V47/><F47/><T56/><D44/><U86/><AGARI ba="0,1" hai="41,45,46,49,51,52,58,62,64,86,88,95,104,105" m="30752,31264" machi="86" ten="20,12000,3" yaku="1,1,0,1,7,1,52,2,54,2,53,3" doraHai="65,109" doraHaiUra="118,55" who="1" fromWho="1" sc="323,-40,258,130,459,-80,0,0" /><INIT seed="4,0,0,4,0,1" ten="283,388,379,0" oya="0" hai0="126,107,99,82,100,116,50,89,85,117,57,66,111" hai1="110,123,91,62,128,97,37,104,39,2,65,94,45" hai2="73,3,54,102,130,32,78,46,72,103,98,87,127" hai3=""/><T63/><D126/><U52/><N who="1" m="31520" /><U42/><E2/><V81/><F3/><T48/><REACH who="0" step="1"/><D111/><REACH who="0" ten="273,388,379,0" step="2"/><U47/><E110/><V95/><F127/><T125/><D125/><U67/><E104/><V80/><F130/><T119/><AGARI ba="0,1" hai="48,50,57,63,66,82,85,89,99,100,107,116,117,119" machi="119" ten="30,4000,0" yaku="1,1,0,1,53,1" doraHai="1" doraHaiUra="101" who="0" fromWho="0" sc="273,50,388,-20,379,-20,0,0" /><INIT seed="4,1,0,2,2,67" ten="323,368,359,0" oya="0" hai0="78,105,49,37,74,61,84,1,83,48,133,123,46" hai1="99,63,94,106,124,135,114,81,98,62,2,117,130" hai2="131,52,97,70,112,109,96,134,65,38,76,110,128" hai3=""/><T36/><N who="0" m="31520" /><T64/><D1/><U115/><E117/><V35/><F35/><T34/><D34/><U95/><E2/><V85/><F38/><T101/><D133/><U107/><E135/><V108/><F134/><T93/><D105/><U104/><E81/><V120/><N who="2" m="30752" /><V72/><F72/><T0/><D0/><U88/><E124/><V91/><F76/><T68/><D48/><U118/><E118/><V86/><F112/><N who="1" m="43049" /><E130/><N who="2" m="49707" /><F52/><T53/><REACH who="0" step="1"/><D84/><REACH who="0" ten="313,368,359,0" step="2"/><N who="2" m="32362" /><F91/><AGARI ba="1,1" hai="62,63,88,91,94,95,98,99,104,106,107" m="43049" machi="91" ten="40,5200,0" yaku="15,1,11,1,54,1" doraHai="67" who="1" fromWho="2" sc="313,0,368,64,359,-54,0,0" /><INIT seed="5,0,0,1,1,112" ten="313,432,305,0" oya="1" hai0="110,127,64,92,94,88,82,108,114,55,56,54,90" hai1="115,33,65,125,52,81,38,74,89,72,132,70,69" hai2="68,44,48,116,2,3,78,85,135,93,62,57,79" hai3=""/><U111/><E115/><V80/><F68/><T76/><D114/><U49/><E33/><V45/><F135/><T109/><D127/><U107/><E132/><V98/><F78/><T95/><D64/><U61/><E107/><V117/><F3/><T66/><D66/><U46/><E125/><V106/><F2/><T101/><D101/><U119/><E70/><V133/><F106/><T97/><D97/><U134/><E111/><V100/><F133/><T35/><D35/><U121/><N who="1" m="31008" /><U122/><N who="1" m="31264" /><U59/><E134/><V43/><REACH who="2" step="1"/><F45/><REACH who="2" ten="313,432,295,0" step="2"/><T120/><N who="0" m="30752" /><T39/><D39/><U50/><E50/><V126/><F126/><T124/><D124/><U99/><E38/><V36/><F36/><T41/><D41/><U84/><E69/><V53/><AGARI ba="0,1" hai="43,44,48,53,57,62,79,80,85,93,98,100,116,117" machi="53" ten="20,9000,2" yaku="1,1,0,1,7,1,52,2,53,1" doraHai="112" doraHaiUra="73" who="2" fromWho="2" sc="313,-30,432,-60,295,100,0,0" /><INIT seed="6,0,0,2,1,120" ten="283,372,395,0" oya="2" hai0="114,53,52,98,81,106,131,126,35,59,95,112,134" hai1="66,83,117,55,87,132,76,48,36,33,45,84,63" hai2="56,69,99,61,62,71,133,115,57,37,135,108,54" hai3=""/><V39/><F99/><T46/><D35/><U2/><E33/><V100/><F100/><T105/><D134/><N who="2" m="51210" /><F115/><N who="0" m="44074" /><D131/><U94/><E132/><V40/><F108/><T113/><N who="0" m="44082" /><T122/><N who="0" m="31264" /><DORA hai="101" /><T118/><D118/><U90/><E117/><V64/><F40/><T1/><D1/><U80/><E2/><V103/><F103/><T42/><D81/><U124/><E124/><V67/><F71/><T93/><D126/><U116/><E116/><V97/><F97/><T74/><D74/><U111/><E36/><V119/><F119/><T3/><D3/><U73/><E73/><V51/><AGARI ba="0,0" hai="37,39,51,54,56,57,61,62,64,67,69" m="51210" machi="51" ten="30,4000,0" yaku="20,1,34,2" doraHai="120,101" who="2" fromWho="2" sc="283,-20,372,-20,395,40,0,0" owari="263,-34.0,352,-5.0,435,39.0,0,0.0" /></mjloggm>