<mjloggm ver="2.3"><GO type="169" lobby="0"/><UN n0="%54%4C%6B%65%79" n1="%E3%81%BF%E3%81%8B%E3%82%93%E5%A4%AA" n2="%E7%B6%BE%E7%80%AC%E5%B8%82%E6%B0%91" n3="%E2%80%A0%E6%B0%B4%E9%8A%80%E7%87%88%E2%80%A0" dan="16,17,17,16" rate="2164.78,2182.34,2133.15,2158.50" sx="M,M,M,F"/><TAIKYOKU oya="0"/><INIT seed="0,0,0,1,4,16" ten="250,250,250,250" oya="0" hai0="83,74,19,37,134,75,6,18,84,123,92,124,29" hai1="26,120,108,5,85,72,132,116,55,127,23,76,98" hai2="126,41,59,97,52,129,131,135,88,48,71,82,32" hai3="30,133,53,25,104,79,31,17,64,87,68,57,47"/><T93/><D123/><U42/><E72/><V45/><F126/><W27/><G104/><T111/><D124/><U118/><E108/><V4/><F135/><W94/><G133/><T50/><D37/><U1/><E120/><V58/><F71/><W20/><G68/><T99/><D134/><U81/><E127/><V86/><F32/><W14/><G64/><T80/><D29/><N who="3" m="10761" /><G47/><T69/><D69/><U65/><E65/><V66/><F4/><W103/><G103/><T130/><D130/><N who="2" m="49674" /><F66/><W73/><G73/><T56/><D6/><U113/><E113/><V33/><F33/><W102/><G102/><T115/><D111/><U106/><E42/><V119/><F119/><W100/><G100/><T12/><D75/><U28/><E106/><V95/><F41/><W128/><G128/><T107/><D107/><U22/><E98/><V44/><F44/><W114/><G114/><T7/><D74/><U96/><E96/><V13/><F13/><W101/><G101/><AGARI ba="0,0" hai="45,48,52,58,59,82,86,88,95,97,101" m="49674" machi="101" ten="30,3900,0" yaku="19,1,54,2" doraHai="16" who="2" fromWho="3" sc="250,0,250,0,250,39,250,-39" /><INIT seed="1,0,0,1,3,48" ten="250,250,289,211" oya="1" hai0="32,30,90,26,15,126,65,86,25,97,45,94,121" hai1="98,74,110,37,73,114,100,21,24,127,27,0,43" hai2="29,55,47,58,75,5,82,35,101,51,7,18,9" hai3="50,54,57,81,78,31,20,84,60,19,61,1,104"/><U14/><E114/><V42/><F101/><W106/><G1/><T85/><D126/><U119/><E119/><V123/><F123/><W125/><G125/><T113/><D113/><U133/><E0/><V89/><F35/><W3/><G3/><T39/><D121/><U132/><E127/><V28/><F18/><W12/><REACH who="3" step="1"/><G31/><REACH who="3" ten="250,250,289,201" step="2"/><T64/><D30/><U93/><E110/><V80/><F28/><W62/><AGARI ba="0,1" hai="12,19,20,50,54,57,60,61,62,78,81,84,104,106" machi="62" ten="30,8000,1" yaku="1,1,2,1,0,1,52,1,53,1" doraHai="48" doraHaiUra="10" who="3" fromWho="3" sc="250,-20,250,-40,289,-20,201,90" /><INIT seed="2,0,0,1,4,38" ten="230,210,269,291" oya="2" hai0="116,121,22,5,70,59,71,128,69,72,15,66,54" hai1="45,18,57,12,130,99,0,7,51,8,75,131,16" hai2="62,28,109,118,67,32,56,58,68,25,117,111,103" hai3="96,77,124,60,90,89,127,55,52,106,79,1,122"/><V50/><F103/><W23/><G1/><T64/><D72/><U98/><E75/><V80/><F80/><W74/><G122/><T20/><D121/><U94/><E57/><V47/><F25/><W108/><G108/><N who="2" m="41545" /><F32/><W17/><G106/><T31/><D128/><U84/><E84/><V39/><F39/><W49/><G60/><T120/><D116/><N who="2" m="44650" /><F28/><W19/><G74/><T21/><D120/><U123/><E123/><V100/><F100/><W63/><G77/><T95/><D31/><U40/><E99/><V112/><F112/><W91/><G79/><T9/><D95/><U114/><E114/><V61/><F61/><W35/><G35/><T6/><D5/><U97/><E97/><V104/><F104/><W33/><G33/><T37/><D37/><U119/><E119/><V46/><F46/><W134/><G96/><T34/><D34/><U78/><E78/><V105/><F105/><W14/><G63/><T87/><D87/><U2/><E2/><V93/><F93/><W133/><G49/><T73/><D73/><U44/><E44/><V11/><F11/><W36/><G36/><T88/><D88/><N who="1" m="55623" /><E0/><V65/><F67/><W3/><G3/><T41/><D66/><U129/><AGARI ba="0,0" hai="7,8,12,16,18,40,45,51,129,130,131" m="55623" machi="129" ten="30,7900,0" yaku="19,1,52,1,54,2" doraHai="38" who="1" fromWho="1" sc="230,-20,210,79,269,-39,291,-20" /><INIT seed="3,0,0,3,5,48" ten="210,289,230,271" oya="3" hai0="89,43,58,11,77,111,112,91,107,36,47,96,127" hai1="80,59,76,61,84,94,45,14,13,132,44,74,130" hai2="102,31,34,60,7,118,30,131,126,105,113,133,101" hai3="109,78,54,4,32,93,17,87,42,16,2,117,63"/><W69/><G117/><T29/><D127/><U108/><E108/><V72/><F118/><W3/><G32/><T20/><D112/><U115/><E130/><V24/><F113/><W52/><G42/><T128/><D111/><U25/><E132/><V49/><F72/><W95/><G109/><T92/><D128/><U62/><E25/><V0/><F133/><W40/><G40/><T106/><D77/><U129/><E129/><V64/><F126/><W55/><G78/><T110/><D110/><U86/><E74/><V51/><F31/><W46/><G46/><T99/><D11/><U120/><E120/><V124/><F131/><W122/><G122/><T6/><D6/><U71/><E71/><V53/><F124/><W15/><G4/><T65/><D29/><U26/><E26/><V135/><F135/><W81/><G81/><T116/><D20/><U9/><E62/><V35/><F35/><W97/><G87/><T27/><D27/><U22/><E22/><V114/><F114/><W66/><G93/><T104/><D116/><U41/><E115/><V5/><F105/><W12/><G12/><T134/><D134/><U121/><E121/><V10/><F7/><W83/><G83/><T70/><D70/><U67/><E41/><V123/><F123/><W39/><G39/><T98/><D91/><N who="1" m="53623" /><E14/><V18/><F18/><AGARI ba="0,0" hai="9,13,18,44,45,59,61,67,76,80,84" m="53623" machi="18" ten="30,1000,0" yaku="8,1" doraHai="48" who="1" fromWho="2" sc="210,0,289,10,230,-10,271,0" /><INIT seed="4,0,0,0,1,7" ten="210,299,220,271" oya="0" hai0="5,84,128,107,6,73,96,16,77,61,133,129,71" hai1="109,111,62,99,32,47,48,89,127,116,132,81,49" hai2="59,8,39,78,79,92,60,86,119,55,13,41,83" hai3="43,17,57,113,64,70,46,42,14,1,87,126,94"/><T58/><D71/><U15/><E116/><V124/><F124/><W35/><G1/><T103/><D133/><U33/><E127/><V65/><F119/><W80/><G126/><T52/><D73/><U51/><E132/><V28/><F28/><W53/><G35/><T125/><D125/><U36/><E32/><V117/><F117/><W131/><G113/><T120/><D120/><U95/><E33/><V102/><F39/><W97/><G70/><T54/><D54/><U56/><E81/><V104/><F104/><W101/><G64/><T45/><D45/><U75/><E75/><V91/><F41/><W66/><G66/><T115/><D115/><U20/><E36/><V74/><F74/><W34/><G46/><T100/><D100/><U106/><E106/><V123/><F123/><W82/><G34/><T25/><D84/><U134/><E134/><V130/><F130/><N who="0" m="50282" /><D77/><U11/><E20/><AGARI ba="0,0" hai="5,6,16,20,25,52,58,61,96,103,107" m="50282" machi="20" ten="30,5800,0" yaku="19,1,54,2" doraHai="7" who="0" fromWho="1" sc="210,58,299,-58,220,0,271,0" /><INIT seed="4,1,0,3,2,73" ten="268,241,220,271" oya="0" hai0="97,106,62,92,111,58,34,70,59,10,102,109,126" hai1="23,88,123,80,76,19,90,83,118,87,30,8,84" hai2="68,85,113,46,132,50,49,78,5,7,107,91,104" hai3="81,121,56,125,74,15,122,45,36,63,103,2,77"/><T133/><D126/><U131/><E118/><V119/><F113/><W0/><G125/><T4/><D133/><U110/><E110/><N who="0" m="41993" /><D34/><U27/><E123/><N who="3" m="47114" /><G103/><T67/><D92/><U57/><E131/><V40/><F132/><W134/><G134/><T33/><D33/><U41/><E41/><V120/><F120/><W99/><G99/><T21/><D21/><U100/><E100/><V127/><F127/><W124/><G124/><T18/><D18/><U26/><E57/><V98/><F68/><W53/><G15/><AGARI ba="1,0" hai="4,10,15,58,59,62,67,70,97,102,106" m="41993" machi="15" ten="30,1500,0" yaku="10,1" doraHai="73" who="0" fromWho="3" sc="268,18,241,0,220,0,271,-18" /><INIT seed="4,2,0,3,5,117" ten="286,241,220,253" oya="0" hai0="122,36,2,28,71,70,61,83,9,0,52,75,98" hai1="134,110,123,26,54,112,125,46,97,85,49,120,116" hai2="50,22,94,29,90,6,107,41,95,79,11,126,113" hai3="37,20,78,10,4,119,80,42,108,34,45,60,16"/><T114/><D122/><N who="1" m="46635" /><E26/><V129/><F113/><W27/><G108/><T82/><D114/><U58/><E85/><V66/><F107/><W55/><G119/><T14/><D28/><U24/><E24/><V106/><F106/><W109/><G109/><T72/><D98/><U47/><E97/><V43/><F66/><W53/><G60/><T62/><D14/><U63/><E110/><V102/><F79/><W132/><G34/><T35/><D9/><U92/><E92/><V67/><F67/><W73/><REACH who="3" step="1"/><G132/><REACH who="3" ten="286,241,220,243" step="2"/><T32/><D36/><U69/><E112/><V111/><F111/><W118/><G118/><T124/><REACH who="0" step="1"/><D52/><REACH who="0" ten="276,241,220,243" step="2"/><N who="1" m="34247" /><E116/><V13/><F43/><W87/><G87/><T127/><AGARI ba="2,2" hai="0,2,32,35,61,62,70,71,72,75,82,83,124,127" machi="127" ten="25,9600,0" yaku="1,1,0,1,22,2,53,0" doraHai="117" doraHaiUra="88" who="0" fromWho="0" sc="276,122,241,-34,220,-34,243,-34" /><INIT seed="4,3,0,0,3,111" ten="398,207,186,209" oya="0" hai0="105,15,46,63,69,45,80,113,127,133,75,117,34" hai1="82,135,125,20,13,30,107,98,33,73,58,67,79" hai2="120,64,108,72,94,38,115,31,57,84,86,50,78" hai3="83,40,10,55,132,54,110,124,59,53,42,61,87"/><T91/><D117/><U93/><E107/><V47/><F108/><W44/><G110/><T130/><D105/><U32/><E125/><V52/><F120/><W134/><G124/><T12/><D34/><U35/><E135/><N who="3" m="51754" /><G10/><T23/><D69/><U5/><E5/><V43/><F72/><W116/><G116/><T14/><D133/><U77/><E77/><V92/><F115/><W36/><G42/><T103/><D113/><U65/><E58/><V49/><F38/><W39/><G39/><T119/><D119/><U97/><E97/><V129/><F129/><W126/><G126/><T9/><D103/><U99/><E99/><V56/><F31/><W112/><G112/><T37/><D37/><U123/><E123/><V66/><F78/><AGARI ba="3,0" hai="36,40,44,53,54,55,59,61,78,83,87" m="51754" machi="78" ten="30,1000,0" yaku="20,1" doraHai="111" who="3" fromWho="2" sc="398,0,207,0,186,-19,209,19" /><INIT seed="5,0,0,1,1,121" ten="398,207,167,228" oya="1" hai0="82,46,81,15,64,34,53,49,75,110,106,11,114" hai1="86,70,26,124,38,123,19,16,72,85,7,59,80" hai2="65,71,40,14,102,30,107,96,9,29,17,74,117" hai3="51,23,63,109,112,77,10,2,31,115,127,50,125"/><U6/><E70/><V12/><F117/><W1/><G77/><T73/><D34/><U133/><E123/><V56/><F74/><W48/><G63/><T90/><D106/><U3/><E124/><N who="3" m="47690" /><G10/><T122/><D114/><N who="3" m="43561" /><G109/><T69/><D110/><U37/><E133/><V8/><F71/><W43/><G43/><T47/><D75/><U97/><E72/><V100/><F40/><W44/><G44/><T105/><D47/><U54/><E97/><V84/><F84/><W0/><G23/><T116/><D46/><U13/><E3/><V55/><F65/><W62/><G62/><T128/><D11/><N who="1" m="6207" /><E37/><V4/><REACH who="2" step="1"/><F102/><REACH who="2" ten="398,207,157,228" step="2"/><W113/><G113/><T28/><D69/><U52/><E86/><V101/><F101/><W88/><G31/><T35/><D28/><U92/><E38/><V95/><F95/><W39/><G39/><T135/><D73/><U132/><E92/><V22/><F22/><W120/><G120/><T130/><D64/><U18/><E132/><V126/><F126/><W129/><G129/><T103/><D135/><U79/><E54/><V134/><F134/><W20/><G20/><T58/><D122/><U27/><E27/><V24/><F24/><W91/><AGARI ba="0,1" hai="0,1,2,48,50,51,88,91" m="43561,47690" machi="91" ten="50,8000,1" yaku="28,2,18,1,15,1,54,1" doraHai="121" who="3" fromWho="3" sc="398,-20,207,-40,157,-20,228,90" /><INIT seed="6,0,0,5,4,49" ten="378,167,137,318" oya="2" hai0="47,25,50,52,43,53,35,122,84,102,31,55,125" hai1="127,75,63,71,45,91,93,119,4,81,40,106,0" hai2="83,41,85,6,61,1,23,38,33,21,46,5,131" hai3="27,134,9,17,39,118,115,95,42,105,48,103,108"/><V104/><F131/><W132/><G108/><T96/><D122/><U28/><E119/><V72/><F33/><W15/><G118/><T10/><D125/><U114/><E106/><V66/><F104/><W116/><G116/><T78/><D10/><U32/><E114/><V124/><F124/><W98/><G39/><T59/><D84/><U121/><E121/><V110/><F110/><W73/><G73/><T37/><D78/><U97/><E28/><V92/><F92/><AGARI ba="0,0" hai="25,31,35,37,43,47,50,52,53,55,59,92,96,102" machi="92" ten="30,8000,1" yaku="7,1,52,3,54,1" doraHai="49" who="0" fromWho="2" sc="378,80,167,0,137,-80,318,0" /><INIT seed="7,0,0,4,0,122" ten="458,167,57,318" oya="3" hai0="84,76,77,114,61,21,78,107,108,18,125,28,102" hai1="53,63,25,127,35,19,92,111,110,135,17,52,81" hai2="85,1,36,66,47,132,87,90,55,46,60,116,5" hai3="115,30,39,40,134,96,121,120,27,16,62,24,94"/><W0/><G0/><T118/><D118/><U11/><E127/><V98/><F116/><W32/><G134/><T79/><D79/><U123/><E123/><V29/><F132/><W130/><G130/><T2/><D28/><U109/><E135/><V13/><F1/><W70/><G115/><T15/><D2/><U83/><E92/><V72/><F72/><W69/><G40/><T26/><D114/><U128/><E128/><V67/><F29/><W106/><G39/><T112/><D125/><U58/><E53/><V97/><F36/><W3/><G3/><T37/><D37/><U88/><E35/><V57/><F57/><W75/><G75/><T101/><D107/><U129/><E129/><V68/><F13/><W59/><G106/><T33/><D84/><U64/><E64/><V89/><F60/><W20/><G120/><T4/><D112/><U56/><E11/><V99/><F99/><W44/><G44/><T105/><D61/><U7/><E7/><V119/><F119/><W6/><G6/><T42/><D42/><U22/><E58/><V49/><F49/><W14/><G14/><T31/><D4/><U54/><E54/><V95/><F55/><W104/><G104/><T10/><D105/><U8/><E8/><V65/><F65/><N who="3" m="39135" /><G121/><T80/><D33/><U23/><REACH who="1" step="1"/><E88/><REACH who="1" ten="458,157,57,318" step="2"/><V91/><F90/><N who="3" m="55383" /><G70/><T43/><D15/><AGARI ba="0,1" hai="15,17,19,22,23,25,52,56,63,81,83,109,110,111" machi="15" ten="40,12000,2" yaku="1,1,52,3,54,1,53,2" doraHai="122" doraHaiUra="12" who="1" fromWho="0" sc="458,-120,157,130,57,0,318,0" owari="338,43.0,287,-11.0,57,-44.0,318,12.0" /></mjloggm>