<mjloggm ver="2.3"><GO type="169" lobby="0"/><UN n0="%E5%BD%BC%E5%A5%B3%E6%AC%B2%E3%81%97%E3%81%84%E3%82%88" n1="%72%52%66%44%79%55%66" n2="%E8%B5%A4%E5%9F%8E%E3%81%BF%E3%82%8A%E3%81%82" n3="%E3%82%B9%E3%83%86%E3%82%A3%E3%82%A2" dan="16,16,16,18" rate="2145.53,2119.43,2119.80,2212.75" sx="M,M,F,M"/><TAIKYOKU oya="0"/><INIT seed="0,0,0,0,0,119" ten="250,250,250,250" oya="0" hai0="117,27,13,68,12,90,58,14,26,67,111,35,20" hai1="80,17,59,77,70,135,15,3,106,39,100,32,25" hai2="87,49,7,29,109,113,47,123,1,91,75,40,81" hai3="74,34,84,127,9,131,79,63,11,130,16,61,4"/><T108/><D68/><U43/><E135/><V10/><F113/><W105/><G74/><T36/><D36/><U50/><E70/><V93/><F109/><N who="0" m="42058" /><D90/><U38/><E3/><V24/><F75/><W42/><G105/><T76/><D76/><U65/><E100/><V82/><REACH who="2" step="1"/><F123/><REACH who="2" ten="250,250,240,250" step="2"/><W56/><G130/><T45/><D117/><U126/><E39/><V95/><F95/><W97/><G131/><T104/><D104/><U99/><E38/><V78/><F78/><W31/><G79/><T8/><D45/><U98/><E77/><V2/><F2/><W52/><G127/><T55/><D67/><U118/><E65/><V5/><F5/><W51/><G4/><N who="0" m="3079" /><D35/><AGARI ba="0,1" hai="1,7,10,24,29,35,40,47,49,81,82,87,91,93" machi="35" ten="30,2000,0" yaku="1,1,7,1,53,0" doraHai="119" doraHaiUra="124" who="2" fromWho="0" sc="250,-20,250,0,240,30,250,0" /><INIT seed="1,0,0,3,2,93" ten="230,250,270,250" oya="1" hai0="133,131,130,40,56,79,0,24,61,18,1,104,113" hai1="35,111,46,27,100,25,9,39,108,135,72,8,5" hai2="59,82,132,32,4,37,52,87,33,50,26,63,13" hai3="119,22,44,17,58,88,51,71,90,66,86,19,117"/><U67/><E135/><V70/><F37/><W55/><G71/><T74/><D113/><U85/><E72/><V30/><F132/><W122/><G122/><T91/><D133/><U116/><E116/><V34/><F4/><W125/><G125/><T110/><D110/><N who="1" m="42027" /><E67/><V99/><F13/><W127/><G127/><T78/><D104/><U120/><E120/><V21/><F70/><W121/><G121/><T12/><D24/><N who="1" m="9291" /><E35/><V118/><F118/><N who="3" m="45067" /><G22/><T128/><D40/><N who="1" m="22815" /><E5/><V129/><F129/><W109/><G109/><T36/><D74/><U75/><E75/><V11/><F33/><W94/><G66/><T134/><D134/><U6/><E6/><V97/><F34/><W31/><G31/><T48/><D131/><U81/><E100/><V57/><F32/><W54/><G90/><AGARI ba="0,0" hai="8,9,81,85,90" m="22815,9291,42027" machi="90" ten="30,2900,0" yaku="14,1,10,1" doraHai="93" who="1" fromWho="3" sc="230,0,250,29,270,0,250,-29" /><INIT seed="1,1,0,3,2,47" ten="230,279,270,221" oya="1" hai0="91,8,5,108,134,105,30,80,27,19,37,117,51" hai1="21,2,111,112,124,11,3,133,24,69,83,77,71" hai2="67,14,98,75,93,72,92,87,84,65,89,96,9" hai3="22,106,29,73,64,125,126,62,107,6,43,49,86"/><U128/><E112/><V58/><F58/><W53/><G73/><T100/><D117/><U119/><E119/><V18/><F75/><W4/><G43/><T20/><D108/><U41/><E124/><N who="3" m="47722" /><G86/><N who="2" m="32809" /><F72/><W109/><G109/><T70/><D134/><U116/><E116/><V35/><F35/><W60/><G29/><T79/><D37/><U39/><E111/><V50/><F50/><W46/><G22/><T81/><D70/><U1/><E133/><V28/><F28/><W113/><G113/><T88/><D105/><N who="3" m="39945" /><G62/><T54/><D100/><AGARI ba="1,0" hai="9,14,18,65,67,89,92,93,96,98,100" m="32809" machi="100" ten="30,1000,0" yaku="8,1" doraHai="47" who="2" fromWho="0" sc="230,-13,279,0,270,13,221,0" /><INIT seed="2,0,0,5,4,51" ten="217,279,283,221" oya="2" hai0="13,25,26,2,112,6,7,46,93,53,72,109,130" hai1="85,67,71,77,58,55,95,36,66,135,22,19,87" hai2="129,124,29,35,14,5,20,91,94,4,39,120,127" hai3="122,42,10,63,60,96,8,86,102,134,83,45,59"/><V80/><F120/><W105/><G134/><T1/><D72/><U74/><E135/><V81/><F39/><W89/><G122/><T48/><D112/><U119/><E119/><V107/><F107/><W43/><G63/><T65/><D109/><U49/><E36/><V0/><F129/><W21/><G21/><T15/><D130/><U104/><E104/><V92/><F35/><W118/><G118/><T23/><D65/><N who="1" m="24587" /><E71/><V16/><F29/><W12/><G10/><T61/><D61/><U54/><E74/><V108/><F108/><W64/><REACH who="3" step="1"/><G45/><REACH who="3" ten="217,279,283,211" step="2"/><T38/><D46/><N who="1" m="27959" /><E77/><V33/><F33/><W32/><G32/><T62/><D62/><N who="1" m="36191" /><E95/><V128/><F94/><W133/><G133/><T100/><D93/><U82/><E82/><V34/><F34/><W37/><G37/><T131/><D38/><U3/><E3/><V98/><F0/><W17/><AGARI ba="0,1" hai="8,12,17,42,43,59,60,64,83,86,89,96,102,105" machi="17" ten="20,2700,0" yaku="1,1,0,1,7,1,53,0" doraHai="51" doraHaiUra="117" who="3" fromWho="3" sc="217,-7,279,-7,283,-13,211,37" /><INIT seed="3,0,0,2,1,38" ten="210,272,270,248" oya="3" hai0="69,86,50,26,37,5,116,0,54,87,49,121,6" hai1="60,31,61,132,131,89,35,83,4,104,67,12,68" hai2="117,118,42,110,25,124,101,3,82,90,76,92,91" hai3="77,63,125,122,51,114,98,21,39,105,113,78,99"/><W17/><G122/><T81/><D116/><U59/><E131/><V48/><F3/><W75/><G39/><T62/><D121/><U135/><E104/><V119/><F110/><W55/><G125/><T94/><D37/><U30/><E35/><V40/><F124/><W80/><G63/><T1/><D69/><U28/><E4/><V123/><F123/><W66/><G66/><T127/><D127/><U8/><E89/><V24/><F101/><W44/><G78/><T11/><D26/><U20/><E20/><V85/><F90/><W16/><G17/><T43/><D94/><U18/><REACH who="1" step="1"/><E83/><REACH who="1" ten="210,262,270,248" step="2"/><V111/><F111/><W7/><G7/><T32/><D32/><U9/><E9/><V126/><F126/><W34/><G34/><T115/><D81/><U41/><E41/><V79/><F79/><W108/><G108/><T19/><D11/><U97/><E97/><V58/><F42/><W33/><G33/><T120/><D43/><U100/><E100/><V134/><F40/><W22/><G22/><T107/><D107/><U47/><E47/><V72/><F82/><W130/><G130/><T106/><D106/><U15/><E15/><V112/><F76/><W95/><G105/><T73/><D6/><U23/><E23/><V129/><F129/><W71/><G99/><T10/><D5/><U53/><AGARI ba="0,1" hai="8,12,18,28,30,31,53,59,60,61,67,68,132,135" machi="53" ten="30,2000,0" yaku="1,1,0,1,53,0" doraHai="38" doraHaiUra="103" who="1" fromWho="1" sc="210,-5,262,30,270,-5,248,-10" /><INIT seed="4,0,0,2,3,72" ten="205,292,265,238" oya="0" hai0="123,47,117,12,80,50,68,10,13,74,60,41,112" hai1="40,131,25,88,128,92,124,65,71,6,96,1,118" hai2="110,108,90,61,2,52,0,101,119,38,9,73,86" hai3="7,130,59,99,91,8,15,42,36,22,5,107,105"/><T84/><D117/><U83/><E118/><V56/><F119/><W104/><G130/><N who="1" m="49706" /><E124/><V17/><F73/><W32/><G32/><T34/><D123/><U30/><E40/><V14/><F38/><W133/><G133/><T93/><D112/><U39/><E39/><V23/><F101/><W3/><G42/><T29/><D74/><U44/><E44/><V53/><F53/><W82/><G36/><T111/><D111/><U31/><E83/><V67/><F67/><W21/><G59/><T78/><D93/><U49/><E49/><V120/><F120/><W54/><G54/><T127/><D127/><U4/><E1/><V89/><F89/><W63/><G63/><T77/><D34/><N who="1" m="20815" /><E31/><V18/><F0/><W57/><G3/><T46/><D29/><U33/><E33/><V43/><F43/><W94/><G82/><T98/><D98/><U85/><E96/><V95/><REACH who="2" step="1"/><F2/><REACH who="2" ten="205,292,255,238" step="2"/><W19/><G57/><T27/><D47/><U121/><E121/><V109/><F109/><W24/><REACH who="3" step="1"/><G22/><REACH who="3" ten="205,292,255,228" step="2"/><T114/><D46/><U37/><E37/><V11/><F11/><W16/><AGARI ba="0,2" hai="5,7,8,15,16,19,21,24,91,94,99,104,105,107" machi="16" ten="30,7900,0" yaku="1,1,2,1,0,1,54,1,53,0" doraHai="72" doraHaiUra="126" who="3" fromWho="3" sc="205,-39,292,-20,255,-20,228,99" /><INIT seed="5,0,0,5,4,30" ten="166,272,235,327" oya="1" hai0="95,125,93,80,132,63,100,103,1,36,79,9,59" hai1="41,6,102,20,110,81,66,23,130,70,51,88,35" hai2="86,124,101,17,128,12,107,0,16,13,134,40,11" hai3="49,117,97,33,131,67,87,21,114,76,127,68,84"/><U57/><E70/><V26/><F0/><W75/><G114/><T18/><D132/><U7/><E35/><V112/><F134/><W85/><G21/><N who="1" m="8266" /><E130/><V10/><F128/><W8/><G8/><T72/><D125/><U46/><E102/><V37/><F124/><W126/><G49/><T48/><D36/><U61/><E110/><V94/><F112/><W43/><G43/><T115/><D115/><U31/><E31/><V50/><F37/><W2/><G2/><T4/><D48/><U118/><E118/><V54/><F40/><W90/><G67/><T14/><D103/><U32/><E32/><V133/><F133/><W25/><G68/><T56/><D100/><U27/><E27/><V135/><F135/><W89/><G25/><T22/><REACH who="0" step="1"/><D56/><REACH who="0" ten="156,272,235,327" step="2"/><U122/><E122/><V65/><F101/><W129/><G126/><T34/><D34/><U24/><E24/><V105/><F26/><W64/><G33/><T38/><D38/><U55/><E41/><V113/><F113/><W53/><G127/><T83/><D83/><U99/><E81/><V98/><F107/><W116/><G129/><T71/><D71/><U78/><E78/><V91/><F105/><W111/><G131/><T45/><D45/><U47/><E46/><V96/><F50/><W92/><G76/><T60/><D60/><U29/><E29/><V58/><F58/><W109/><G116/><T52/><AGARI ba="0,1" hai="1,4,9,14,18,22,52,59,63,72,79,80,93,95" machi="52" ten="20,5200,0" yaku="1,1,0,1,7,1,54,1,53,0" doraHai="30" doraHaiUra="121" who="0" fromWho="0" sc="156,62,272,-26,235,-13,327,-13" /><INIT seed="6,0,0,3,0,39" ten="218,246,222,314" oya="2" hai0="34,73,89,3,43,9,120,21,26,11,121,110,37" hai1="126,79,47,54,38,2,88,112,32,25,114,10,76" hai2="70,15,0,5,100,131,113,58,85,81,24,124,22" hai3="104,12,99,87,13,23,63,8,101,116,132,107,45"/><V117/><F117/><W1/><G132/><T42/><D110/><U90/><E126/><V69/><F0/><W111/><G111/><T74/><D34/><U83/><E32/><V48/><F124/><W33/><G33/><T65/><D65/><U67/><E67/><V46/><F113/><N who="1" m="43625" /><E25/><V52/><F131/><W68/><G1/><T108/><D108/><U62/><E62/><V128/><F128/><W115/><G115/><T6/><D11/><U102/><E102/><V82/><F100/><W64/><G116/><T134/><D134/><U66/><E66/><V31/><F58/><W77/><G45/><T135/><D135/><U49/><E38/><V29/><F29/><W86/><G104/><T80/><D73/><N who="1" m="43407" /><E79/><V56/><F56/><W127/><G77/><T35/><D35/><U119/><E119/><V71/><BYE who="3" /><REACH who="2" step="1"/><F85/><REACH who="2" ten="218,246,212,314" step="2"/><UN n3="%E3%82%B9%E3%83%86%E3%82%A3%E3%82%A2" /><W105/><G105/><T72/><D72/><U36/><E2/><V55/><F55/><W51/><G127/><T41/><D74/><U7/><E54/><V109/><F109/><W61/><G101/><T118/><D118/><U91/><E47/><V123/><F123/><W19/><G107/><T129/><D129/><U50/><E36/><V96/><F96/><W59/><G99/><T84/><REACH who="0" step="1"/><D37/><REACH who="0" ten="208,246,212,314" step="2"/><U60/><E60/><V97/><F97/><W28/><G61/><T122/><D122/><U57/><E57/><V4/><F4/><W94/><G59/><T30/><AGARI ba="0,2" hai="3,6,9,21,26,30,41,42,43,80,84,89,120,121" machi="30" ten="30,8000,1" yaku="1,1,0,1,52,3,53,0" doraHai="39" doraHaiUra="103" who="0" fromWho="0" sc="208,100,246,-20,212,-40,314,-20" /><INIT seed="7,0,0,4,0,42" ten="308,226,172,294" oya="3" hai0="18,21,6,134,78,58,66,118,0,77,92,10,37" hai1="26,45,53,12,80,94,8,14,88,122,116,34,120" hai2="125,29,70,23,132,55,87,75,104,98,114,95,51" hai3="90,123,101,83,52,129,99,128,85,109,38,96,82"/><W121/><G38/><T22/><D118/><U60/><E116/><V56/><F70/><W107/><G109/><T11/><D37/><U5/><E14/><V44/><F75/><W1/><G1/><T19/><D134/><U97/><E80/><V91/><F114/><W89/><G52/><T39/><D39/><U25/><E60/><V100/><F132/><W9/><G9/><N who="0" m="3083" /><D92/><U41/><E53/><V61/><F125/><W7/><G7/><T74/><D74/><U62/><E62/><V59/><REACH who="2" step="1"/><F61/><REACH who="2" ten="308,226,162,294" step="2"/><W130/><G121/><T31/><D78/><U73/><E73/><V86/><F86/><N who="3" m="50391" /><G123/><T119/><D77/><U112/><E112/><V68/><F68/><W126/><G126/><T28/><D119/><U30/><REACH who="1" step="1"/><E26/><AGARI ba="0,1" hai="23,26,29,44,51,55,56,59,87,91,95,98,100,104" machi="26" ten="40,5200,0" yaku="1,1,52,1,53,1" doraHai="42" doraHaiUra="40" who="2" fromWho="1" sc="308,0,226,-52,162,62,294,0" owari="308,42.0,174,-33.0,224,-18.0,294,9.0" /></mjloggm>