<mjloggm ver="2.3"><GO type="169" lobby="0"/><UN n0="%E7%88%86%E5%BC%BE%E4%BA%94%E9%83%8E%EF%BC%92" n1="%E5%B0%8F%E6%B1%A0%E7%BE%8E%E6%B3%A2%E2%8A%BF" n2="%E3%81%88%E3%81%8C%E3%82%8F%E3%82%8A%E3%81%8A" n3="%E8%8C%B6%E8%89%B2%E3%81%AE%E3%82%A2%E3%83%AC" dan="16,16,16,17" rate="2096.80,2087.35,2073.65,2185.80" sx="M,F,M,M"/><TAIKYOKU oya="0"/><INIT seed="0,0,0,0,4,50" ten="250,250,250,250" oya="0" hai0="91,57,77,101,132,2,105,11,10,128,135,7,61" hai1="12,124,22,126,131,55,16,83,60,59,29,79,44" hai2="5,69,89,112,4,23,120,114,39,27,53,98,99" hai3="73,81,15,67,0,65,24,95,117,9,74,82,34"/><T58/><D77/><U14/><E131/><V8/><F120/><W26/><G117/><T45/><D101/><U70/><E70/><V116/><F116/><W90/><G0/><T64/><D105/><U31/><E44/><V30/><F39/><W121/><G73/><T63/><D45/><U100/><E12/><V66/><F4/><W51/><G74/><T19/><D91/><U38/><E38/><V40/><F40/><W78/><G34/><T75/><D75/><U13/><E13/><V1/><F98/><W6/><G78/><T72/><D72/><N who="1" m="43495" /><E100/><V85/><F99/><N who="3" m="57847" /><G51/><T110/><D128/><U113/><E113/><V80/><REACH who="2" step="1"/><F53/><REACH who="2" ten="250,250,240,250" step="2"/><W108/><G121/><T96/><D96/><U127/><AGARI ba="0,1" hai="14,16,22,29,31,55,59,60,124,126,127" m="43495" machi="127" ten="30,4000,0" yaku="18,1,52,1,54,1" doraHai="50" who="1" fromWho="1" sc="250,-20,250,50,240,-10,250,-10" /><INIT seed="1,0,0,2,1,0" ten="230,300,230,240" oya="1" hai0="126,95,85,131,89,27,82,100,67,36,134,132,18" hai1="56,32,52,98,8,38,119,75,26,74,122,129,68" hai2="69,76,115,62,35,114,4,66,19,90,92,80,42" hai3="50,30,109,128,96,15,61,3,23,6,135,101,31"/><U118/><E68/><V10/><F35/><W120/><G120/><T64/><D36/><U94/><E122/><V107/><F107/><W130/><G3/><T65/><D131/><N who="3" m="50217" /><G61/><T91/><D100/><U111/><E129/><V86/><F19/><W97/><G109/><T83/><D126/><U20/><E32/><V25/><F25/><W112/><G112/><T48/><D48/><U72/><E8/><V17/><F17/><W5/><G135/><N who="0" m="51755" /><D91/><U7/><E7/><N who="3" m="2570" /><G50/><T37/><D37/><U34/><E38/><V104/><F114/><W124/><G124/><T113/><D113/><U59/><E111/><V123/><F115/><W2/><G2/><T49/><D49/><U45/><E119/><V41/><F123/><W121/><G121/><T9/><D27/><U1/><E26/><V108/><F108/><W16/><G96/><T99/><D99/><U78/><E98/><V40/><F62/><W39/><G39/><T84/><D65/><U106/><E1/><V51/><F66/><W33/><G33/><T47/><D67/><U24/><E34/><V103/><F51/><W14/><G15/><N who="0" m="7535" /><D64/><U60/><E60/><V11/><F69/><W12/><G12/><T127/><D127/><U93/><E118/><V88/><F4/><W87/><G87/><N who="0" m="52671" /><D47/><U79/><E45/><V44/><F44/><W13/><G13/><T81/><AGARI ba="0,0" hai="81,82,83,84,85" m="52671,7535,51755" machi="81" ten="30,1100,0" yaku="20,1" doraHai="0" who="0" fromWho="0" sc="230,11,300,-5,230,-3,240,-3" /><INIT seed="2,0,0,2,4,110" ten="241,295,227,237" oya="2" hai0="122,23,20,28,53,68,129,82,95,98,9,69,63" hai1="4,81,46,133,101,109,37,19,58,16,65,30,13" hai2="103,102,54,96,56,34,57,112,45,121,32,90,64" hai3="51,10,126,26,127,87,60,73,29,39,84,70,33"/><V21/><F121/><W94/><G39/><T77/><D122/><U7/><E109/><V132/><F132/><W135/><G73/><T61/><D61/><U124/><E101/><V99/><F45/><W1/><G135/><T130/><D9/><U55/><E124/><N who="3" m="47658" /><G51/><T15/><D23/><U131/><E131/><N who="0" m="50185" /><D15/><U117/><E30/><V115/><F90/><W118/><G118/><T49/><D63/><U14/><E81/><V83/><F83/><W106/><G106/><T11/><D11/><U72/><E72/><V3/><F64/><N who="3" m="41223" /><G94/><T125/><D125/><U108/><E108/><V62/><F3/><W22/><G33/><T97/><D95/><U35/><E35/><V116/><F62/><W89/><G89/><T76/><D76/><U5/><E65/><V50/><F50/><W6/><AGARI ba="0,0" hai="1,6,10,22,26,29,84,87" m="41223,47658" machi="6" ten="30,1100,0" yaku="18,1" doraHai="110" who="3" fromWho="3" sc="241,-3,295,-3,227,-5,237,11" /><INIT seed="3,0,0,4,2,46" ten="238,292,222,248" oya="3" hai0="135,39,123,113,109,45,122,127,61,83,105,128,47" hai1="53,38,48,57,62,49,52,81,126,5,12,35,101" hai2="110,44,15,65,24,27,28,37,96,14,75,50,107" hai3="56,31,63,43,106,41,89,125,25,1,84,64,118"/><W6/><G118/><T115/><D83/><U79/><E38/><V4/><F37/><W55/><G125/><T68/><D47/><N who="1" m="27839" /><E35/><V131/><F75/><W78/><G78/><T19/><D105/><U93/><E126/><V120/><F110/><W94/><G106/><T134/><D109/><U97/><E62/><V100/><F131/><W95/><G1/><T32/><D128/><U92/><E92/><V76/><F120/><N who="0" m="46122" /><D32/><U74/><E74/><V70/><F76/><W73/><G6/><T0/><D0/><U112/><E112/><N who="0" m="43081" /><D19/><U117/><E117/><V3/><F24/><W88/><G64/><N who="0" m="40975" /><D127/><U85/><E12/><V121/><F121/><W69/><G69/><T23/><D23/><U42/><E42/><AGARI ba="0,0" hai="39,42,45,134,135" m="40975,43081,46122" machi="42" ten="40,8000,1" yaku="11,1,23,1,34,2" doraHai="46" who="0" fromWho="1" sc="238,80,292,-80,222,0,248,0" /><INIT seed="4,0,0,3,0,63" ten="318,212,222,248" oya="0" hai0="127,120,2,57,46,112,25,97,101,10,41,84,33" hai1="82,117,78,111,95,26,3,31,83,60,116,89,85" hai2="80,29,17,107,128,30,131,18,72,121,99,49,133" hai3="53,94,92,34,115,102,56,105,68,109,119,106,100"/><T15/><D2/><U16/><E3/><V55/><F121/><W21/><G109/><T65/><D120/><U40/><E111/><V59/><F133/><W126/><G119/><T39/><D127/><U44/><E82/><V51/><F80/><W22/><G34/><T69/><D84/><U24/><E24/><V74/><F99/><W64/><G126/><T14/><D57/><U48/><E60/><V73/><F107/><W114/><G56/><T47/><D47/><U42/><E42/><V7/><F7/><W23/><G53/><T124/><D112/><N who="3" m="43049" /><G64/><T91/><D91/><U54/><E54/><V87/><F87/><W108/><G68/><T104/><D10/><U9/><E9/><V81/><F81/><W6/><G6/><T76/><D76/><U4/><E4/><V96/><F96/><W134/><G134/><T132/><D124/><U50/><E50/><N who="2" m="18955" /><F55/><W12/><G12/><T123/><D123/><U70/><E16/><N who="2" m="6251" /><F59/><W1/><G1/><T66/><D132/><U19/><E19/><V86/><F86/><W58/><G58/><T20/><D33/><U13/><E13/><V122/><F122/><W75/><G108/><T52/><D52/><U71/><E117/><V135/><F135/><W0/><G0/><T125/><D125/><U8/><E8/><V93/><F93/><N who="3" m="35947" /><G75/><T43/><D43/><U37/><E116/><V79/><F79/><W88/><G88/><T129/><D41/><U118/><E118/><V103/><F103/><AGARI ba="0,0" hai="21,22,23,100,102,103,105,106" m="35947,43049" machi="103" ten="40,5200,0" yaku="28,2,15,1" doraHai="63" who="3" fromWho="2" sc="318,0,212,0,222,-52,248,52" /><INIT seed="5,0,0,5,0,25" ten="318,212,170,300" oya="1" hai0="45,52,28,117,46,56,58,53,23,13,67,120,109" hai1="49,11,51,89,102,73,35,3,57,21,86,103,4" hai2="134,0,59,63,94,48,19,115,62,61,79,118,71" hai3="12,65,44,93,80,9,85,38,100,130,72,69,10"/><U90/><E73/><V123/><F118/><W7/><G130/><T42/><D117/><U30/><E35/><V106/><F123/><W17/><G69/><T39/><D13/><U8/><E8/><V98/><F106/><W97/><G65/><T2/><D2/><U125/><E125/><V133/><F0/><W40/><G72/><T116/><D116/><U14/><E90/><V119/><F119/><W74/><G74/><T22/><D109/><U91/><E91/><V110/><F110/><W108/><G108/><T113/><D67/><U78/><E78/><V124/><F124/><W104/><G104/><T36/><D42/><U32/><E32/><V34/><F34/><W1/><G10/><T122/><D28/><U132/><E132/><V43/><F79/><W83/><G85/><T41/><REACH who="0" step="1"/><D41/><REACH who="0" ten="308,212,170,300" step="2"/><U18/><E30/><V114/><F19/><W68/><G1/><T84/><D84/><U50/><REACH who="1" step="1"/><E57/><REACH who="1" ten="308,202,170,300" step="2"/><V126/><F126/><W88/><G68/><T29/><D29/><U75/><E75/><V129/><F71/><W99/><G100/><T6/><D6/><U95/><AGARI ba="0,2" hai="3,4,11,14,18,21,49,50,51,86,89,95,102,103" machi="95" ten="30,6000,0" yaku="1,1,0,1,53,1" doraHai="25" doraHaiUra="15" who="1" fromWho="1" sc="308,-20,202,80,170,-20,300,-20" /><INIT seed="5,1,0,0,1,61" ten="288,282,150,280" oya="1" hai0="12,37,94,80,67,24,86,25,63,18,91,3,110" hai1="132,113,83,87,26,103,21,95,99,90,72,81,69" hai2="30,15,36,102,119,131,100,47,60,35,133,2,51" hai3="46,17,66,104,38,65,10,97,57,0,124,129,45"/><U82/><E69/><V29/><F119/><W1/><G38/><T13/><D37/><U117/><E117/><V115/><F2/><W4/><G0/><T135/><D3/><U32/><E32/><V125/><F133/><W112/><G112/><T59/><D135/><U33/><E132/><V43/><F125/><W55/><G124/><T107/><D107/><N who="1" m="63999" /><E33/><V93/><F131/><W64/><G129/><T121/><D121/><U44/><E44/><V54/><F115/><W41/><G17/><T22/><D110/><U78/><E113/><V74/><F74/><W111/><G111/><T70/><D70/><U122/><E122/><V105/><F105/><W71/><G71/><T108/><D108/><U50/><E50/><V77/><F77/><W5/><G5/><T27/><D12/><U28/><AGARI ba="1,0" hai="21,26,28,72,78,81,82,83,87,90,95" m="63999" machi="28" ten="30,1500,0" yaku="24,1" doraHai="61" who="1" fromWho="1" sc="288,-6,282,18,150,-6,280,-6" /><INIT seed="5,2,0,2,0,60" ten="282,300,144,274" oya="1" hai0="9,135,94,10,130,114,93,68,49,24,125,83,26" hai1="59,43,35,85,113,76,118,29,98,80,11,4,134" hai2="117,86,71,99,1,77,128,131,123,106,101,82,66" hai3="75,127,21,109,90,8,121,30,12,45,5,0,79"/><U42/><E118/><V129/><F117/><W89/><G121/><T58/><D68/><U104/><E113/><V92/><F1/><W87/><G109/><T52/><D114/><U44/><E134/><V126/><F71/><W88/><G127/><T38/><D125/><U7/><E43/><V69/><F69/><W100/><G100/><T27/><D38/><U48/><E59/><V63/><F126/><W62/><G45/><T95/><D135/><U51/><E51/><V84/><F123/><W78/><G78/><T124/><D124/><U120/><E120/><V15/><F15/><W105/><G105/><T40/><D40/><U36/><E36/><V56/><REACH who="2" step="1"/><F106/><REACH who="2" ten="282,300,134,274" step="2"/><W119/><G119/><T55/><D130/><U47/><E104/><V132/><F132/><W64/><G0/><T41/><D9/><U103/><E11/><V57/><F57/><W61/><G8/><T107/><D10/><U116/><E47/><V70/><F70/><W32/><G12/><T91/><D107/><U16/><E116/><V17/><F17/><W34/><G5/><T20/><D58/><U96/><E4/><V33/><F33/><W37/><G32/><T31/><D20/><U108/><E7/><V25/><F25/><W72/><G34/><T3/><D3/><U102/><E16/><V19/><F19/><W74/><G21/><T14/><D14/><U18/><E18/><V73/><AGARI ba="2,1" hai="56,63,66,73,77,82,84,86,92,99,101,128,129,131" machi="73" ten="30,7900,0" yaku="1,1,0,1,19,1,52,1,53,0" doraHai="60" doraHaiUra="65" who="2" fromWho="2" sc="282,-22,300,-41,134,95,274,-22" /><INIT seed="6,0,0,1,3,30" ten="260,259,229,252" oya="2" hai0="129,111,31,13,35,49,43,25,135,85,88,15,100" hai1="114,3,78,130,87,46,117,107,102,97,67,18,42" hai2="47,51,83,40,76,110,34,58,61,10,68,57,56" hai3="7,121,106,27,75,70,12,26,113,52,115,122,133"/><V32/><F110/><W22/><G70/><T6/><D100/><U71/><E117/><V65/><REACH who="2" step="1"/><F10/><REACH who="2" ten="260,259,219,252" step="2"/><N who="3" m="4191" /><G122/><T124/><D111/><U62/><E130/><V128/><F128/><W95/><G121/><T14/><D129/><U5/><E114/><N who="3" m="43530" /><G133/><T64/><D135/><U126/><E126/><V84/><AGARI ba="0,1" hai="32,34,40,47,51,56,57,58,61,65,68,76,83,84" machi="84" ten="30,18000,2" yaku="1,1,0,1,52,2,53,3" doraHai="30" doraHaiUra="55" who="2" fromWho="2" sc="260,-60,259,-60,219,190,252,-60" /><INIT seed="6,1,0,2,4,16" ten="200,199,409,192" oya="2" hai0="116,49,126,37,106,33,42,28,80,44,88,78,24" hai1="27,63,77,40,100,17,130,4,93,55,14,15,75" hai2="91,110,64,62,76,86,97,8,123,73,85,103,135" hai3="98,5,109,11,124,74,13,54,23,96,35,128,65"/><V112/><F123/><W39/><G109/><T118/><D106/><U102/><E130/><V43/><F110/><W111/><G111/><T132/><D126/><U59/><E40/><V50/><F112/><W68/><G35/><T90/><D37/><U36/><E36/><V30/><F135/><W94/><G39/><T25/><D24/><U46/><E46/><V2/><F73/><W41/><G41/><T101/><D101/><U108/><E108/><V117/><F76/><W115/><G74/><T81/><D132/><U67/><E27/><V51/><F30/><W92/><G124/><T107/><D107/><U119/><E119/><N who="0" m="45609" /><D80/><U21/><E75/><AGARI ba="1,0" hai="25,28,33,42,44,49,75,78,81,88,90" m="45609" machi="75" ten="30,2000,0" yaku="12,1,54,1" doraHai="16" who="0" fromWho="1" sc="200,23,199,-23,409,0,192,0" /><INIT seed="7,0,0,0,0,48" ten="223,176,409,192" oya="3" hai0="67,63,54,8,20,19,113,103,56,100,112,15,89" hai1="74,31,90,80,38,44,1,16,92,118,81,50,96" hai2="98,60,84,73,130,3,68,131,51,36,47,71,106" hai3="30,107,18,7,119,95,49,13,17,125,27,133,104"/><W97/><G119/><T40/><D40/><U86/><E1/><V28/><F73/><W124/><G133/><T83/><D89/><U117/><E38/><V55/><F3/><W77/><G77/><T102/><D83/><N who="1" m="31819" /><E74/><V53/><F84/><W105/><G7/><T121/><D121/><U101/><E31/><V72/><F72/><W135/><G135/><T21/><D67/><U2/><E2/><V35/><F98/><W115/><G115/><AGARI ba="0,0" hai="8,15,19,20,21,54,56,63,100,102,103,112,113,115" machi="115" ten="40,5200,0" yaku="15,1,11,1,52,1" doraHai="48" who="0" fromWho="3" sc="223,52,176,0,409,0,192,-52" owari="275,8.0,176,-22.0,409,50.0,140,-36.0" /></mjloggm>