<mjloggm ver="2.3"><GO type="169" lobby="0"/><UN n0="%E3%81%A8%E3%82%89%E3%81%84%E3%81%A1" n1="%E5%90%89%E6%BE%A4%E2%98%86%E7%91%A0%E5%81%89" n2="%E3%81%8F%E3%81%86%E3%81%9F%E3%82%8D" n3="%E6%81%A9%E7%94%B0%E5%B8%8C" dan="16,16,17,16" rate="2070.23,2101.01,2155.40,2103.07" sx="M,M,M,F"/><TAIKYOKU oya="0"/><INIT seed="0,0,0,4,3,27" ten="250,250,250,250" oya="0" hai0="105,69,97,57,17,44,120,85,15,122,88,38,0" hai1="64,47,19,99,123,20,26,16,107,24,28,98,113" hai2="135,131,40,12,78,68,81,33,87,109,42,72,125" hai3="59,51,14,13,86,52,10,121,60,77,117,80,8"/><T37/><D69/><U103/><E123/><V84/><F109/><W91/><G117/><T116/><D116/><U100/><E113/><V79/><F68/><W39/><G39/><T108/><D0/><U61/><E47/><V7/><F125/><W104/><G104/><T111/><D57/><U66/><E26/><V49/><F131/><W25/><G121/><N who="0" m="46699" /><D97/><U11/><E11/><N who="3" m="4138" /><G25/><T23/><D44/><U94/><REACH who="1" step="1"/><E66/><REACH who="1" ten="250,240,250,250" step="2"/><V29/><F40/><W56/><G77/><T18/><D38/><U3/><E3/><V43/><F78/><W133/><G133/><T41/><D37/><U83/><E83/><V96/><F81/><W95/><G80/><N who="0" m="49191" /><D41/><U112/><E112/><V36/><F43/><W71/><G71/><AGARI ba="0,1" hai="16,19,20,24,28,61,64,71,94,98,99,100,103,107" machi="71" ten="30,7700,0" yaku="1,1,7,1,52,1,54,1,53,0" doraHai="27" doraHaiUra="82" who="1" fromWho="3" sc="250,0,240,87,250,0,250,-77" /><INIT seed="1,0,0,4,4,13" ten="250,327,250,173" oya="1" hai0="90,94,43,67,29,128,126,82,63,4,33,6,41" hai1="131,52,81,54,44,32,66,73,74,11,23,83,92" hai2="0,117,3,2,61,124,48,72,22,134,65,89,58" hai3="38,7,55,109,78,76,17,122,18,104,40,70,42"/><U77/><E32/><V119/><F72/><W86/><G122/><T93/><D128/><U87/><E131/><V112/><F124/><W85/><G104/><T39/><D126/><U35/><E35/><V135/><F112/><W56/><G70/><T28/><D82/><U59/><E92/><V45/><F89/><W127/><G7/><T125/><D125/><U132/><E132/><N who="2" m="50731" /><F22/><W36/><G127/><T62/><D90/><U91/><E11/><V14/><F14/><W24/><G24/><T121/><D33/><U105/><E105/><V8/><F8/><W106/><G106/><T64/><REACH who="0" step="1"/><D39/><REACH who="0" ten="240,327,250,173" step="2"/><U15/><E74/><V68/><F68/><W21/><G38/><T111/><D111/><U120/><E120/><AGARI ba="0,1" hai="4,6,28,29,41,43,62,63,64,67,93,94,120,121" machi="120" ten="25,3200,0" yaku="1,1,22,2,53,0" doraHai="13" doraHaiUra="47" who="0" fromWho="1" sc="240,42,327,-32,250,0,173,0" /><INIT seed="2,0,0,2,3,33" ten="282,295,250,173" oya="2" hai0="3,25,90,50,85,19,84,70,34,77,45,78,73" hai1="60,43,12,21,83,105,72,56,48,79,104,121,112" hai2="132,74,123,101,4,80,95,36,17,71,108,28,27" hai3="42,57,39,44,133,89,35,134,54,16,120,13,23"/><V75/><F123/><W11/><G35/><T24/><D70/><U49/><E112/><V65/><F36/><W67/><G67/><T15/><D73/><U20/><E121/><V119/><F119/><W68/><G68/><T93/><D3/><U130/><E130/><V8/><F17/><W99/><G120/><T98/><D98/><U92/><E92/><V58/><F71/><W55/><G11/><N who="0" m="6655" /><D34/><U91/><E91/><V82/><F132/><W86/><G99/><T128/><D128/><U1/><E1/><N who="2" m="15" /><F75/><W46/><G46/><T118/><D118/><U53/><E49/><V10/><F10/><W87/><G87/><T22/><D85/><U6/><E21/><N who="2" m="15471" /><F74/><W103/><G103/><T14/><D14/><U109/><E6/><V9/><F9/><W37/><G37/><T2/><D2/><U62/><E104/><V135/><F135/><N who="3" m="51723" /><G57/><T97/><D97/><U29/><E105/><V30/><F30/><W106/><G106/><T41/><D24/><U51/><E29/><AGARI ba="0,0" hai="22,25,29,41,45,50,77,78,84,90,93" m="6655" machi="29" ten="30,1000,0" yaku="8,1" doraHai="33" who="0" fromWho="1" sc="282,10,295,-10,250,0,173,0" /><INIT seed="3,0,0,4,3,73" ten="292,285,250,173" oya="3" hai0="51,50,129,102,62,22,94,96,91,99,98,79,35" hai1="127,61,111,112,64,47,42,67,131,84,8,21,36" hai2="63,59,77,7,3,134,53,126,74,109,15,20,97" hai3="106,13,34,12,9,86,66,0,17,133,55,100,26"/><W6/><G133/><T19/><D35/><U130/><E112/><V40/><F109/><W107/><G66/><T75/><D129/><U37/><E8/><V81/><F134/><W46/><G12/><T45/><D62/><U114/><E21/><V57/><F40/><W58/><G46/><T132/><D132/><U87/><E114/><V54/><F126/><W11/><G100/><T29/><D29/><U92/><E67/><V124/><F124/><W65/><G65/><T105/><D98/><U48/><E111/><V30/><F97/><W117/><G117/><T93/><D105/><U85/><E92/><V83/><F83/><W39/><G39/><T135/><D135/><U41/><E127/><V14/><F7/><W76/><G26/><T2/><D2/><U120/><E120/><V4/><F4/><W116/><G34/><T5/><D5/><U103/><E103/><V24/><REACH who="2" step="1"/><F3/><REACH who="2" ten="292,285,240,173" step="2"/><W90/><G116/><T110/><D110/><U60/><E42/><V70/><F70/><W104/><G90/><T18/><D91/><U69/><E61/><AGARI ba="0,1" hai="14,15,20,24,30,53,54,57,59,61,63,74,77,81" machi="61" ten="30,7700,0" yaku="1,1,7,1,9,1,52,1,53,0" doraHai="73" doraHaiUra="123" who="2" fromWho="1" sc="292,0,285,-77,240,87,173,0" /><INIT seed="4,0,0,0,2,77" ten="292,208,327,173" oya="0" hai0="102,100,132,81,125,56,94,71,117,135,73,47,5" hai1="17,29,0,70,72,66,58,118,38,129,93,13,97" hai2="84,109,8,74,82,3,55,96,116,120,25,98,69" hai3="75,126,54,31,15,1,113,46,53,18,37,122,106"/><T48/><D117/><U67/><E0/><V43/><F109/><W50/><G106/><T60/><D71/><U115/><E72/><V91/><F120/><W86/><G1/><T133/><D125/><U22/><E38/><V41/><F69/><W28/><G75/><T39/><D39/><U112/><E118/><V111/><F111/><W4/><G4/><T114/><D5/><U83/><E70/><V20/><F116/><W23/><G126/><T24/><D24/><U121/><E121/><V85/><F74/><W27/><G37/><T95/><D114/><N who="1" m="43563" /><E129/><V124/><F8/><W68/><G113/><T99/><D100/><N who="1" m="60463" /><E83/><N who="2" m="49567" /><F55/><W51/><G122/><T108/><D108/><U7/><E7/><V44/><F3/><W92/><G27/><T26/><D26/><N who="1" m="16599" /><E58/><V33/><F33/><W103/><G68/><T12/><D12/><U40/><E40/><N who="2" m="15435" /><F44/><W45/><REACH who="3" step="1"/><G86/><REACH who="3" ten="292,208,327,163" step="2"/><T32/><D73/><U107/><E107/><V35/><F124/><W76/><G76/><T101/><D133/><U61/><E61/><V11/><F85/><W52/><G52/><N who="0" m="29727" /><D132/><U130/><E130/><V36/><F36/><W90/><G90/><T105/><D135/><U21/><AGARI ba="0,1" hai="13,17,21,66,67" m="16599,60463,43563" machi="21" ten="30,2000,0" yaku="15,1,11,1" doraHai="77" who="1" fromWho="1" sc="292,-10,208,30,327,-5,163,-5" /><INIT seed="5,0,0,5,1,124" ten="282,238,322,158" oya="1" hai0="87,20,56,73,76,5,49,28,67,134,39,125,35" hai1="85,120,113,13,89,94,57,54,92,80,96,46,131" hai2="43,86,107,108,0,135,27,40,25,102,47,118,18" hai3="70,14,100,95,69,36,121,4,32,126,130,132,77"/><U61/><E120/><V7/><F108/><W59/><G121/><T88/><D39/><U101/><E113/><V127/><F118/><W53/><G32/><T63/><D125/><U115/><E115/><V38/><F40/><W52/><G36/><T116/><D116/><U119/><E119/><V17/><F135/><W65/><G132/><T12/><D134/><U37/><E37/><V31/><F102/><W26/><G77/><T122/><D122/><U22/><E46/><V62/><F107/><W51/><G26/><N who="0" m="16455" /><D73/><U6/><E131/><V16/><F127/><W112/><G65/><T105/><D35/><U78/><E22/><V111/><F111/><W30/><G30/><T2/><D2/><U1/><E1/><V11/><F31/><W82/><G82/><T90/><D49/><U34/><E34/><V99/><F99/><W45/><G130/><T21/><D105/><U33/><E33/><V75/><F86/><W55/><G112/><T114/><D21/><U42/><E42/><V24/><F62/><W48/><G53/><T44/><D44/><U97/><E13/><V109/><F109/><W128/><G128/><T64/><D64/><U98/><E6/><V60/><F60/><W72/><G72/><AGARI ba="0,0" hai="54,57,61,72,78,80,85,89,92,94,96,97,98,101" machi="72" ten="30,1500,0" yaku="7,1" doraHai="124" who="1" fromWho="3" sc="282,0,238,15,322,0,158,-15" /><INIT seed="5,1,0,3,1,57" ten="282,253,322,143" oya="1" hai0="66,73,97,74,119,109,87,131,51,19,34,120,48" hai1="78,5,110,132,30,126,82,89,115,29,129,18,23" hai2="43,8,116,113,111,105,11,90,50,75,9,37,121" hai3="133,79,122,31,125,35,94,15,49,98,95,61,92"/><U13/><E115/><V55/><F111/><W58/><G122/><T3/><D109/><U33/><E110/><V0/><F116/><W40/><G133/><T80/><D119/><U60/><E132/><V65/><F105/><W81/><G125/><T63/><D3/><U128/><E126/><V38/><F121/><W14/><G35/><T77/><D120/><U135/><E135/><V103/><F103/><W27/><G98/><T83/><D34/><U36/><E36/><V69/><F75/><W114/><G114/><T91/><D131/><U41/><E41/><V124/><F90/><W102/><G102/><T85/><D19/><U99/><E5/><V68/><F68/><W130/><G49/><T59/><D97/><U32/><E32/><V16/><F0/><W7/><G40/><T70/><D48/><U46/><E46/><V22/><F43/><W72/><G7/><T123/><D123/><U100/><E89/><V2/><F2/><W1/><G1/><T64/><D64/><U62/><E33/><V93/><F113/><W86/><G72/><T6/><D6/><U4/><E4/><V28/><F124/><W54/><REACH who="3" step="1"/><G130/><REACH who="3" ten="282,253,322,133" step="2"/><N who="1" m="50282" /><E99/><V108/><F108/><W88/><G88/><T24/><D91/><U53/><E100/><V10/><F38/><W112/><G112/><T42/><D42/><U96/><E96/><V106/><F37/><W21/><AGARI ba="1,1" hai="14,15,21,27,31,54,58,61,79,81,86,92,94,95" machi="21" ten="30,7900,0" yaku="1,1,0,1,8,1,52,1,53,0" doraHai="57" doraHaiUra="45" who="3" fromWho="3" sc="282,-21,253,-40,322,-21,133,92" /><INIT seed="6,0,0,1,0,7" ten="261,213,301,225" oya="2" hai0="57,129,127,4,97,67,115,25,24,46,21,108,131" hai1="79,14,28,38,70,0,87,89,50,128,17,72,47" hai2="15,85,104,16,31,99,71,39,3,23,20,55,121" hai3="103,26,124,133,88,132,84,76,37,66,134,75,68"/><V135/><F121/><W58/><G68/><T33/><D108/><U77/><E38/><V63/><F39/><W22/><G37/><T78/><D115/><U92/><E70/><V11/><F135/><W41/><G41/><T107/><D78/><U113/><E0/><V94/><F104/><W102/><G124/><T1/><D33/><U61/><E113/><V51/><F3/><W44/><G44/><T13/><D46/><U98/><E72/><V112/><F112/><W42/><G42/><T34/><D127/><U35/><E61/><V65/><F85/><W93/><G58/><T6/><D6/><U91/><E128/><V109/><F31/><N who="3" m="17879" /><G66/><T125/><D125/><U5/><E5/><V53/><F109/><W73/><G73/><T120/><D120/><U74/><E74/><V12/><F12/><W105/><G105/><T62/><D97/><U8/><E28/><V118/><F118/><W83/><AGARI ba="0,0" hai="75,76,83,84,88,93,102,103,132,133,134" m="17879" machi="83" ten="40,2700,0" yaku="20,1,54,1" doraHai="7" who="3" fromWho="3" sc="261,-7,213,-7,301,-13,225,27" /><INIT seed="7,0,0,2,2,129" ten="254,206,288,252" oya="3" hai0="51,116,109,25,56,29,7,27,55,98,6,1,10" hai1="68,70,62,121,43,24,99,114,115,12,73,124,40" hai2="91,80,111,36,81,122,30,93,19,123,5,41,53" hai3="33,125,2,100,48,110,57,31,65,23,78,88,108"/><W46/><G125/><T69/><D116/><U118/><E121/><N who="2" m="46091" /><F111/><N who="3" m="42539" /><G2/><T82/><D69/><N who="1" m="26731" /><E73/><V45/><F5/><W127/><G127/><T134/><D7/><U105/><E124/><V126/><F126/><W75/><G33/><T49/><D49/><U103/><E118/><V101/><F30/><W92/><G100/><T102/><D82/><U54/><E24/><V16/><F53/><N who="3" m="29847" /><G78/><T9/><D9/><U120/><E120/><V96/><F80/><W18/><G31/><T90/><D90/><U21/><E62/><V133/><F133/><W117/><G117/><T8/><D8/><U74/><E54/><V79/><F101/><W107/><G107/><T20/><D27/><U50/><E50/><V77/><F77/><W63/><G75/><AGARI ba="0,0" hai="16,19,36,41,45,75,79,81,91,93,96" m="46091" machi="75" ten="30,2000,0" yaku="13,1,54,1" doraHai="129" who="2" fromWho="3" sc="254,0,206,0,288,20,252,-20" owari="254,5.0,206,-29.0,308,41.0,232,-17.0" /></mjloggm>