<mjloggm ver="2.3"><GO type="185" lobby="0"/><UN n0="%E3%81%82%E3%81%9F%E3%82%89%E3%81%AA%E3%81%84%E3%81%A7%EF%BC%81" n1="%E6%A8%BD%E3%81%AA%E3%81%AE%E5%A3%8A%E3%81%95%E3%81%AA%E3%81%84%E3%81%A7" n2="%E6%A2%B6%E9%9A%86%E8%87%A3" n3="" dan="17,16,17,0" rate="2202.28,2186.61,2266.31,1500.00" sx="M,M,M,C"/><TAIKYOKU oya="0"/><INIT seed="0,0,0,1,3,60" ten="350,350,350,0" oya="0" hai0="39,85,127,109,87,58,120,123,77,50,101,73,128" hai1="118,132,53,129,52,108,126,95,55,121,40,51,100" hai2="131,106,96,91,135,105,1,63,99,47,124,3,68" hai3=""/><T117/><N who="0" m="30752" /><T42/><N who="0" m="31520" /><T75/><D117/><U64/><N who="1" m="31008" /><U76/><E118/><V98/><F124/><T79/><D127/><U41/><E126/><V83/><F131/><T71/><D71/><U62/><E129/><V59/><F68/><T54/><D128/><U110/><E76/><V134/><F47/><T48/><D39/><U38/><E132/><N who="2" m="50731" /><F83/><T0/><D0/><N who="2" m="74" /><F91/><T69/><D69/><U112/><E112/><V36/><F36/><T114/><D114/><U122/><N who="1" m="31264" /><U103/><E38/><V56/><F56/><T86/><D101/><N who="1" m="38987" /><E95/><V133/><N who="2" m="50739" /><V34/><DORA hai="46" /><F34/><T104/><D104/><U44/><E44/><V102/><F102/><T113/><D113/><U35/><E35/><V65/><AGARI ba="0,0" hai="59,63,65,96,98,99,105,106" m="74,50739" machi="65" ten="50,2400,0" yaku="20,1,52,1" doraHai="60,46" who="2" fromWho="2" sc="350,-16,350,-8,350,24,0,0" /><INIT seed="1,0,0,5,0,32" ten="334,342,374,0" oya="1" hai0="132,1,101,90,98,77,124,123,100,69,95,34,118" hai1="52,125,104,113,47,82,57,121,3,106,130,53,119" hai2="133,51,126,2,64,68,84,38,78,122,86,72,42" hai3=""/><U112/><E119/><V70/><N who="2" m="31264" /><V81/><F126/><T97/><N who="0" m="31520" /><T85/><D34/><U66/><N who="1" m="31008" /><U43/><E125/><V40/><F133/><T60/><D124/><U83/><E66/><V111/><F111/><T91/><D132/><U120/><N who="1" m="30752" /><U92/><E130/><V108/><F108/><T35/><D35/><U33/><E33/><V134/><F134/><T50/><D118/><U49/><E3/><V96/><F38/><T80/><D50/><U63/><E92/><V75/><F96/><T128/><D1/><U135/><E135/><V94/><F94/><T71/><D128/><U79/><E43/><V93/><F93/><T54/><D69/><U88/><E88/><V61/><F64/><T58/><D71/><U115/><REACH who="1" step="1"/><E82/><REACH who="1" ten="334,332,374,0" step="2"/><V107/><F81/><T39/><D91/><U59/><E59/><V114/><F68/><T37/><D90/><U55/><E55/><V0/><F70/><T99/><REACH who="0" step="1"/><D95/><REACH who="0" ten="324,332,374,0" step="2"/><U45/><E45/><V46/><F46/><T102/><AGARI ba="0,2" hai="37,39,54,58,60,77,80,85,97,98,99,100,101,102" m="31520" machi="102" ten="30,6000,1" yaku="1,1,2,1,0,1,52,1,53,1" doraHai="32" doraHaiUra="74" who="0" fromWho="0" sc="324,80,332,-40,374,-20,0,0" /><INIT seed="2,0,0,4,4,45" ten="404,292,354,0" oya="2" hai0="115,109,73,104,79,87,61,130,100,48,103,125,71" hai1="88,118,63,36,56,32,64,49,59,94,132,124,127" hai2="62,69,93,41,128,78,99,0,77,106,116,81,65" hai3=""/><V131/><F116/><T134/><D109/><U126/><E32/><V67/><F0/><T120/><N who="0" m="30752" /><T102/><D130/><N who="2" m="49706" /><F106/><T96/><D125/><U107/><E118/><V112/><F112/><T92/><D115/><U2/><E2/><V101/><F67/><T85/><D134/><U110/><E132/><V98/><F99/><T52/><D73/><U119/><E119/><V84/><F41/><T55/><D104/><U123/><N who="1" m="31520" /><U40/><E107/><V113/><F113/><T75/><D75/><U86/><E110/><V51/><F51/><T58/><D71/><U66/><E36/><V105/><F105/><T39/><D39/><U44/><E66/><V3/><F3/><T1/><D1/><U46/><E46/><V76/><AGARI ba="0,0" hai="62,65,69,76,77,78,81,84,93,98,101" m="49706" machi="76" ten="30,1000,0" yaku="19,1" doraHai="45" who="2" fromWho="2" sc="404,-5,292,-5,354,10,0,0" /><INIT seed="2,1,0,3,3,126" ten="399,287,364,0" oya="2" hai0="41,63,125,122,71,91,40,80,134,61,85,46,52" hai1="102,68,44,35,76,98,79,81,109,83,58,72,73" hai2="66,135,90,101,37,110,67,127,2,103,118,50,114" hai3=""/><V133/><F37/><T94/><N who="0" m="31264" /><T36/><D125/><U120/><N who="1" m="30752" /><U38/><E109/><V87/><F127/><T115/><D134/><N who="2" m="51210" /><F114/><T55/><D115/><U75/><E35/><V56/><F118/><T128/><D128/><U45/><E68/><V86/><F2/><T130/><D130/><U49/><E38/><V113/><F113/><T60/><D71/><U47/><E58/><V88/><F110/><T69/><D69/><U105/><REACH who="1" step="1"/><E75/><REACH who="1" ten="399,277,364,0" step="2"/><V57/><F57/><T0/><D0/><U65/><E65/><N who="2" m="24587" /><F50/><AGARI ba="1,1" hai="44,45,47,49,50,72,73,76,79,81,83,98,102,105" m="30752" machi="50" ten="40,8000,1" yaku="1,1,9,1,52,1,53,1" doraHai="126" doraHaiUra="96" who="1" fromWho="2" sc="399,0,277,92,364,-82,0,0" /><INIT seed="4,0,0,3,0,127" ten="399,369,282,0" oya="0" hai0="92,131,128,96,101,115,105,82,56,114,34,133,38" hai1="119,76,60,40,61,70,123,113,81,74,69,110,43" hai2="64,126,33,89,39,130,55,32,116,125,132,112,63" hai3=""/><T129/><D34/><U79/><N who="1" m="31520" /><U122/><N who="1" m="31264" /><U59/><E119/><V78/><F112/><N who="0" m="43050" /><D38/><U50/><E113/><V65/><F116/><T37/><D37/><U135/><E135/><V103/><F39/><T87/><D56/><U72/><E110/><V0/><F132/><T106/><D133/><U117/><E117/><V104/><F89/><AGARI ba="0,0" hai="82,87,89,92,96,101,105,106,128,129,131" m="43050" machi="89" ten="40,18000,2" yaku="19,1,15,1,34,2,52,3" doraHai="127" who="0" fromWho="2" sc="399,180,369,0,282,-180,0,0" /><INIT seed="4,1,0,5,5,46" ten="579,369,102,0" oya="0" hai0="114,0,132,74,101,130,45,135,110,1,126,41,42" hai1="118,62,128,105,67,37,86,35,69,77,54,32,96" hai2="91,108,93,82,43,129,51,33,40,104,113,89,131" hai3=""/><T59/><D74/><U39/><E118/><V85/><F104/><T72/><D72/><U36/><E128/><N who="2" m="49227" /><F108/><T58/><D130/><U70/><E70/><V97/><F33/><T134/><D110/><U63/><E77/><V65/><F65/><T2/><D126/><U111/><E86/><V38/><F38/><T71/><D71/><U76/><E76/><V115/><F51/><T84/><D114/><AGARI ba="1,0" hai="40,43,82,85,89,91,93,97,113,114,115" m="49227" machi="114" ten="30,2000,0" yaku="15,1,19,1" doraHai="46" who="2" fromWho="0" sc="579,-22,369,0,102,22,0,0" /><INIT seed="5,0,0,5,3,3" ten="557,369,124,0" oya="1" hai0="42,78,92,83,53,106,89,2,39,0,50,76,101" hai1="97,58,82,112,45,44,56,128,122,74,49,64,129" hai2="84,117,85,100,118,70,111,77,132,61,130,48,81" hai3=""/><U131/><N who="1" m="31264" /><U41/><E112/><V68/><F111/><T104/><D42/><U98/><E45/><V119/><F130/><T124/><D39/><U105/><E64/><V126/><F132/><T72/><D78/><U108/><E108/><V63/><F126/><T121/><N who="0" m="31008" /><T94/><D94/><U40/><E40/><V37/><F37/><T135/><D135/><U73/><E82/><V113/><F113/><T47/><D124/><U95/><E105/><V34/><F68/><T75/><D75/><N who="1" m="28683" /><E98/><V52/><F70/><T71/><D71/><U86/><E86/><V125/><F125/><T120/><N who="0" m="30752" /><T96/><D106/><U134/><E134/><V133/><F133/><T110/><D110/><U57/><E57/><V107/><F107/><T43/><D43/><U33/><E33/><V88/><F34/><T80/><D83/><U123/><N who="1" m="31520" /><U51/><E51/><V62/><F117/><T65/><D65/><U38/><E38/><V91/><F118/><T32/><D32/><U127/><E127/><V67/><F119/><T114/><D114/><U66/><E66/><V87/><F67/><T36/><D36/><U54/><E41/><V79/><F81/><T102/><D104/><U59/><E129/><RYUUKYOKU ba="0,0" sc="557,10,369,10,124,-20,0,0" hai0="0,2,47,50,53,72,76,80,89,92,96,101,102" hai1="44,49,54,56,58,59,95,97,128,131" /><INIT seed="5,1,0,4,1,113" ten="567,379,104,0" oya="1" hai0="94,83,114,74,55,132,120,100,43,115,54,44,130" hai1="33,87,80,104,66,121,57,71,77,2,72,103,133" hai2="128,45,56,36,96,93,68,67,39,0,86,109,40" hai3=""/><U106/><N who="1" m="31008" /><U127/><E33/><V116/><F0/><T47/><N who="0" m="30752" /><T108/><D108/><U110/><E2/><V73/><F73/><T82/><D94/><U105/><E110/><V34/><F36/><T75/><D100/><U134/><E71/><V124/><F128/><T95/><D95/><U64/><E127/><V107/><F124/><T81/><D132/><N who="1" m="50795" /><E72/><N who="0" m="27689" /><D130/><U125/><E125/><V1/><F68/><T58/><D58/><U48/><E103/><V79/><F39/><T32/><D32/><U49/><E57/><V85/><F1/><T119/><D119/><U102/><E102/><V41/><F116/><T69/><D69/><U135/><E135/><V53/><F34/><T52/><D43/><U63/><E63/><V88/><F41/><T99/><D99/><U91/><E91/><V97/><F40/><T37/><D37/><U101/><E101/><V131/><F109/><T89/><D89/><U51/><AGARI ba="1,0" hai="48,49,51,64,66,77,80,87,104,105,106" m="50795,31008" machi="51" ten="40,2600,0" yaku="20,1,52,1" doraHai="113" who="1" fromWho="1" sc="567,-14,379,28,104,-14,0,0" /><INIT seed="5,2,0,2,1,93" ten="553,407,90,0" oya="1" hai0="109,34,133,123,54,49,131,2,101,44,72,1,108" hai1="120,45,55,88,83,119,70,57,62,60,87,66,50" hai2="35,52,40,112,51,125,37,59,111,102,126,84,91" hai3=""/><U56/><N who="1" m="30752" /><U41/><E119/><V135/><F111/><T64/><N who="0" m="31520" /><T78/><D34/><U95/><E70/><V113/><F35/><T105/><D109/><U36/><E36/><V68/><F102/><T132/><D108/><U104/><E104/><V122/><N who="2" m="31264" /><V90/><F68/><T58/><D131/><U99/><E83/><V121/><N who="2" m="31008" /><V81/><F91/><T46/><D72/><U106/><E106/><V43/><F135/><T134/><D78/><U96/><AGARI ba="2,0" hai="41,45,50,55,56,57,60,62,66,87,88,95,96,99" m="30752" machi="96" ten="30,12000,2" yaku="0,1,8,1,52,3,54,1" doraHai="93" who="1" fromWho="1" sc="553,-62,407,124,90,-62,0,0" /><INIT seed="5,3,0,0,0,53" ten="491,531,28,0" oya="1" hai0="127,72,47,93,46,3,34,71,63,56,73,99,52" hai1="35,68,67,134,132,83,117,36,38,64,109,88,104" hai2="43,92,131,123,32,57,81,106,97,42,69,129,2" hai3=""/><U100/><E35/><V95/><N who="2" m="31520" /><V37/><F69/><T61/><D34/><U55/><E117/><V59/><F32/><T80/><D3/><U135/><E109/><V91/><F106/><T76/><D72/><U110/><E110/><V120/><N who="2" m="30752" /><V115/><F81/><T125/><D71/><U86/><E55/><V44/><F43/><T108/><D108/><U33/><E33/><V79/><F79/><T74/><D73/><U121/><N who="1" m="31008" /><U103/><E104/><V1/><F92/><T0/><D63/><U107/><E107/><V49/><F37/><N who="1" m="14441" /><E67/><V39/><F115/><T65/><D65/><U75/><E75/><V98/><F97/><T122/><N who="0" m="31264" /><T66/><D66/><U50/><E50/><V118/><F39/><T102/><REACH who="0" step="1"/><D0/><REACH who="0" ten="481,531,28,0" step="2"/><N who="2" m="106" /><F118/><T96/><D96/><U90/><E90/><V82/><F98/><T114/><D114/><U87/><E87/><V94/><F91/><T41/><D41/><U124/><E124/><AGARI ba="3,1" hai="46,47,52,56,61,74,76,80,93,99,102,124,125,127" m="31264" machi="124" ten="40,8000,1" yaku="1,1,18,1,52,2,54,1,53,0" doraHai="53" doraHaiUra="84" who="0" fromWho="1" sc="481,96,531,-86,28,0,0,0" /><INIT seed="6,0,0,5,1,98" ten="577,445,28,0" oya="2" hai0="89,104,43,36,119,79,48,97,1,108,77,61,127" hai1="106,83,95,70,99,59,37,85,105,64,46,126,76" hai2="123,135,68,115,55,116,0,69,100,133,124,41,51" hai3=""/><V84/><N who="2" m="31520" /><V94/><F0/><T132/><D108/><U103/><E70/><V45/><F116/><T38/><D119/><U120/><N who="1" m="30752" /><U73/><E126/><V121/><N who="2" m="31008" /><V34/><F34/><T113/><D1/><U111/><E111/><V87/><F124/><T130/><D127/><U44/><E37/><V3/><F3/><T66/><D48/><U72/><E106/><V52/><F115/><T88/><D113/><U32/><E32/><V131/><F131/><T101/><D130/><U35/><E35/><V82/><F68/><T60/><D60/><U71/><E71/><V114/><F69/><T91/><D36/><U62/><E73/><V2/><F114/><T109/><D109/><U63/><E63/><V53/><F2/><T122/><N who="0" m="31264" /><T92/><D61/><U58/><E58/><V74/><F74/><T129/><D129/><U110/><E110/><V56/><F56/><T49/><D38/><U81/><E81/><V90/><REACH who="2" step="1"/><F100/><REACH who="2" ten="577,445,18,0" step="2"/><T96/><D101/><U128/><E128/><V47/><F47/><T42/><D66/><U125/><E125/><V65/><F65/><T80/><D132/><U40/><E46/><V33/><F33/><T75/><D75/><U86/><E72/><RYUUKYOKU ba="0,1" sc="577,-10,445,-10,18,20,0,0" hai2="41,45,51,52,53,55,82,84,87,90,94,133,135" /><INIT seed="6,1,1,2,5,125" ten="567,435,38,0" oya="2" hai0="44,116,33,65,119,79,86,135,96,122,102,51,121" hai1="110,114,76,127,77,46,115,81,83,88,93,95,113" hai2="39,103,53,126,108,60,109,59,66,134,78,58,34" hai3=""/><V92/><F126/><T128/><N who="0" m="31008" /><T87/><N who="0" m="31264" /><T38/><D33/><U64/><E64/><V47/><F34/><T73/><D38/><U71/><E71/><V70/><F78/><N who="1" m="30313" /><E46/><V75/><F75/><T132/><D65/><U91/><E110/><N who="2" m="42603" /><F134/><N who="0" m="51242" /><D73/><U0/><E0/><V69/><F92/><N who="1" m="35401" /><E127/><V97/><F97/><T41/><D79/><U72/><E72/><V45/><F103/><T49/><D49/><U2/><E2/><V35/><F35/><T67/><D67/><U80/><AGARI ba="1,1" hai="80,81,83,88,91,113,114,115" m="35401,30313" machi="80" ten="40,9000,2" yaku="28,2,15,1,34,2,54,1" doraHai="125" who="1" fromWho="1" sc="567,-31,435,102,38,-61,0,0" owari="536,14.0,537,48.0,-23,-62.0,0,0.0" /></mjloggm>