<mjloggm ver="2.3"><GO type="185" lobby="0"/><UN n0="%E5%93%AD%E3%81%8B%E3%81%AA%E3%81%84%E3%81%AE%E6%BB%9D%E3%80%82" n1="%E3%81%82%E3%81%9F%E3%82%89%E3%81%AA%E3%81%84%E3%81%A7%EF%BC%81" n2="%E5%BF%AB%E9%81%A9" n3="" dan="18,17,17,0" rate="2315.35,2208.42,2274.59,1500.00" sx="M,M,M,C"/><TAIKYOKU oya="0"/><INIT seed="0,0,0,2,1,72" ten="350,350,350,0" oya="0" hai0="127,61,45,108,51,83,52,69,99,93,106,42,121" hai1="89,115,71,41,86,32,134,43,112,101,48,104,132" hai2="116,35,34,82,33,81,68,39,109,135,62,107,131" hai3=""/><T56/><N who="0" m="31008" /><T2/><D2/><U97/><E71/><V79/><F39/><T76/><D127/><U67/><E67/><V46/><F131/><T88/><D108/><U111/><E32/><V36/><F109/><T37/><D106/><U66/><E66/><V59/><F68/><T75/><REACH who="0" step="1"/><D69/><REACH who="0" ten="340,350,350,0" step="2"/><U0/><E0/><V3/><F107/><T94/><D94/><U130/><E111/><V54/><F3/><T73/><D73/><U58/><E104/><V102/><F34/><T38/><AGARI ba="0,1" hai="37,38,42,45,51,52,56,61,75,76,83,88,93,99" m="31008" machi="38" ten="30,12000,2" yaku="1,1,0,1,52,2,54,2,53,1" doraHai="72" doraHaiUra="92" who="0" fromWho="0" sc="340,130,350,-60,350,-60,0,0" /><INIT seed="0,1,0,5,3,92" ten="470,290,290,0" oya="0" hai0="79,132,99,53,112,119,73,71,115,69,62,118,105" hai1="33,106,43,63,83,55,75,61,38,41,93,67,111" hai2="70,78,95,109,124,81,103,102,65,52,58,74,131" hai3=""/><T127/><D132/><U123/><N who="1" m="31520" /><U89/><E106/><V59/><F109/><T86/><D73/><U120/><N who="1" m="30752" /><U129/><E33/><V57/><F124/><T51/><D127/><U66/><E111/><V117/><F131/><T98/><D105/><U110/><E110/><V77/><F77/><T36/><D36/><U1/><E1/><V46/><F117/><T133/><D133/><U49/><E129/><V85/><F70/><T100/><D100/><U44/><E83/><V54/><F65/><T50/><D86/><U82/><E82/><V42/><F102/><T135/><D135/><U128/><E75/><V96/><REACH who="2" step="1"/><F74/><REACH who="2" ten="470,290,280,0" step="2"/><T76/><D53/><U37/><E128/><V107/><F107/><T116/><D119/><U84/><E41/><V32/><F32/><T60/><AGARI ba="1,1" hai="50,51,60,62,69,71,76,79,98,99,112,115,116,118" machi="60" ten="25,8000,1" yaku="0,1,22,2,52,2" doraHai="92" who="0" fromWho="0" sc="470,92,290,-41,280,-41,0,0" /><INIT seed="0,2,0,2,0,35" ten="562,249,239,0" oya="0" hai0="87,74,122,99,53,118,121,62,51,117,71,38,119" hai1="42,104,40,83,95,0,129,32,113,120,57,45,130" hai2="88,3,92,2,107,76,41,86,126,109,116,96,80" hai3=""/><T124/><N who="0" m="31008" /><T34/><N who="0" m="31264" /><T114/><D34/><U55/><N who="1" m="30752" /><U123/><N who="1" m="31520" /><U135/><E32/><V108/><F126/><T106/><D74/><U93/><E113/><V47/><F116/><T82/><D114/><U133/><E104/><V49/><REACH who="2" step="1"/><F107/><REACH who="2" ten="562,249,229,0" step="2"/><T59/><D124/><U90/><E130/><V63/><F63/><T84/><D38/><U66/><E129/><V72/><F72/><T112/><D112/><U91/><E135/><V85/><F85/><T33/><D33/><U77/><E133/><V54/><F54/><T48/><D87/><U68/><E55/><V70/><F70/><T115/><D115/><U43/><E68/><V98/><F98/><T105/><D71/><U67/><E67/><V37/><F37/><T89/><REACH who="0" step="1"/><D106/><REACH who="0" ten="552,249,229,0" step="2"/><U36/><E36/><V61/><F61/><T50/><D50/><U127/><E127/><V58/><F58/><T134/><D134/><U44/><E57/><V128/><F128/><T125/><D125/><U81/><E45/><V94/><F94/><T110/><D110/><AGARI ba="2,2" hai="2,3,41,47,49,76,80,86,88,92,96,108,109,110" machi="110" ten="40,8000,1" yaku="1,1,14,1,52,2,54,1,53,0" doraHai="35" doraHaiUra="69" who="2" fromWho="0" sc="552,-84,249,0,229,104,0,0" /><INIT seed="1,0,0,5,4,74" ten="468,249,333,0" oya="1" hai0="44,47,133,71,53,77,42,58,100,106,88,1,75" hai1="65,99,97,72,84,63,61,35,36,69,48,104,60" hai2="120,50,122,126,91,33,40,123,118,32,68,34,93" hai3=""/><U92/><E36/><V94/><N who="2" m="30752" /><V105/><N who="2" m="31264" /><V109/><N who="2" m="31520" /><V114/><F118/><T67/><D1/><U121/><N who="1" m="31008" /><U0/><E0/><V119/><F119/><T54/><D133/><U78/><E35/><V132/><F105/><T51/><D106/><U56/><E72/><V37/><F132/><T117/><D100/><U110/><E110/><V87/><F109/><T113/><D113/><U2/><E2/><V127/><F68/><T76/><D75/><U59/><E69/><V89/><F37/><T125/><D125/><N who="2" m="47626" /><F114/><T83/><D71/><U43/><E104/><V82/><F91/><T98/><D117/><U101/><E65/><V112/><F112/><T52/><D67/><U57/><E43/><V62/><F62/><T85/><D42/><U49/><REACH who="1" step="1"/><E99/><REACH who="1" ten="468,239,333,0" step="2"/><V96/><F96/><T45/><D98/><U46/><E46/><AGARI ba="0,1" hai="32,33,34,40,46,50,82,87,89,93,94" m="47626,31520,31264,30752" machi="46" ten="40,8000,1" yaku="18,1,52,3" doraHai="74" who="2" fromWho="1" sc="468,0,239,-80,333,90,0,0" /><INIT seed="2,0,0,1,5,114" ten="468,159,423,0" oya="2" hai0="68,83,54,120,102,73,0,131,128,107,56,100,118" hai1="1,39,123,55,69,122,91,135,64,111,126,65,105" hai2="35,70,53,75,127,125,74,129,77,133,58,124,84" hai3=""/><V67/><F35/><T51/><N who="0" m="30752" /><T87/><D0/><U61/><N who="1" m="31264" /><U116/><N who="1" m="31520" /><U89/><E1/><V92/><F70/><T62/><D73/><U42/><E111/><V36/><F36/><T134/><D134/><U76/><E135/><V46/><F133/><T113/><D113/><U117/><E105/><V99/><F67/><T104/><D68/><U60/><E126/><V94/><F46/><T106/><D62/><U38/><E55/><V78/><F129/><N who="0" m="49738" /><D118/><N who="1" m="45675" /><E76/><AGARI ba="0,0" hai="51,54,56,76,83,87,100,102,104,106,107" m="49738,30752" machi="76" ten="40,2600,0" yaku="19,1,52,1" doraHai="114" who="0" fromWho="1" sc="468,26,159,-26,423,0,0,0" /><INIT seed="4,0,0,4,3,58" ten="494,133,423,0" oya="0" hai0="83,74,59,34,69,77,45,78,85,117,55,84,50" hai1="3,0,68,86,125,54,99,122,56,71,113,76,92" hai2="107,53,91,48,93,112,114,110,126,128,115,120,98" hai3=""/><T39/><D34/><U123/><N who="1" m="31264" /><U94/><N who="1" m="31520" /><U38/><E38/><V52/><N who="2" m="30752" /><V97/><F110/><T65/><D117/><U132/><E125/><V129/><F126/><T2/><D2/><U95/><E132/><V109/><F109/><T89/><D74/><U127/><E127/><V43/><F43/><T87/><D87/><U46/><E46/><V36/><F36/><T41/><D85/><U111/><E111/><V81/><F81/><T57/><D57/><U51/><E113/><V82/><F82/><T119/><D119/><U37/><E37/><V131/><F48/><T60/><AGARI ba="0,0" hai="39,41,45,50,55,59,60,65,69,77,78,83,84,89" machi="60" ten="30,7800,0" yaku="0,1,24,2,52,1" doraHai="58" who="0" fromWho="0" sc="494,78,133,-39,423,-39,0,0" /><INIT seed="4,1,0,4,5,63" ten="572,94,384,0" oya="0" hai0="89,124,101,38,46,131,77,114,57,105,86,72,69" hai1="98,107,66,64,34,110,132,3,79,0,97,88,103" hai2="67,42,71,135,74,93,39,113,128,108,91,62,87" hai3=""/><T106/><D69/><U84/><E110/><V48/><F108/><T115/><D124/><U117/><E117/><V116/><F116/><T92/><D131/><U118/><E118/><V35/><F35/><T121/><N who="0" m="31008" /><T33/><D33/><U133/><E34/><V76/><F135/><N who="1" m="51785" /><E98/><V126/><F126/><T102/><D57/><U82/><E79/><V96/><F39/><T81/><D46/><U99/><E99/><V65/><F96/><T36/><D36/><U104/><E104/><N who="0" m="40041" /><D38/><U112/><E112/><AGARI ba="1,0" hai="72,77,81,86,89,92,101,102,112,114,115" m="40041,31008" machi="112" ten="30,11600,0" yaku="15,1,34,2,52,1" doraHai="63" who="0" fromWho="1" sc="572,118,94,-118,384,0,0,0" owari="690,64.0,-24,-62.0,384,-2.0,0,0.0" /></mjloggm>