<mjloggm ver="2.3"><GO type="169" lobby="0"/><UN n0="%6F%75%74%E7%A5%AD%E3%82%8A" n1="%E3%83%94%E3%83%A8%E3%81%A3%E3%81%99" n2="%E7%83%8F%E8%B3%8A%E4%B9%8B%E8%BC%94" n3="%E3%81%82%E3%81%8A%E3%81%8D%E3%82%93%E3%81%90" dan="17,17,17,16" rate="2210.23,2161.68,2233.93,2110.63" sx="M,M,M,M"/><TAIKYOKU oya="0"/><INIT seed="0,0,0,3,4,42" ten="250,250,250,250" oya="0" hai0="20,34,89,30,96,132,78,85,4,111,50,135,43" hai1="90,91,64,120,12,62,5,41,52,71,103,28,27" hai2="49,80,72,48,18,58,116,15,23,86,77,24,65" hai3="66,127,106,114,70,17,129,88,53,44,113,75,46"/><T33/><D4/><U11/><E120/><V31/><F116/><W69/><G106/><T81/><D111/><U134/><E134/><N who="0" m="51241" /><D20/><U29/><E41/><V92/><F72/><W54/><G75/><T35/><D30/><U130/><E130/><V93/><F49/><W2/><G129/><T74/><D96/><U47/><E103/><V21/><REACH who="2" step="1"/><F65/><REACH who="2" ten="250,250,240,250" step="2"/><W68/><G66/><T133/><D133/><U104/><E104/><V51/><F51/><W56/><G114/><T36/><D36/><U13/><E64/><V0/><F0/><W38/><G2/><T6/><D6/><U60/><E5/><V55/><AGARI ba="0,1" hai="15,18,21,23,24,31,48,55,58,77,80,86,92,93" machi="55" ten="30,4000,0" yaku="1,1,0,1,8,1,53,0" doraHai="42" doraHaiUra="98" who="2" fromWho="2" sc="250,-20,250,-10,240,50,250,-10" /><INIT seed="1,0,0,1,4,88" ten="230,240,290,240" oya="1" hai0="86,130,106,58,41,40,23,122,124,21,120,135,110" hai1="87,64,46,67,19,129,50,112,39,127,20,16,84" hai2="63,37,9,81,131,94,89,114,62,10,32,121,78" hai3="123,115,11,113,59,45,27,65,98,100,55,14,93"/><U108/><E112/><V15/><F121/><N who="0" m="46698" /><D106/><U54/><E127/><V42/><F32/><W92/><G123/><T72/><D72/><U102/><E129/><V126/><F126/><W8/><G65/><N who="1" m="25162" /><E39/><V133/><F131/><W60/><G45/><T52/><D130/><U82/><E108/><V6/><F114/><W80/><G80/><T5/><D124/><U132/><E132/><V79/><F133/><W99/><G27/><T18/><D135/><U48/><E102/><V24/><F24/><W4/><G11/><T96/><D5/><U134/><E19/><V85/><F79/><W35/><G35/><T0/><D0/><U44/><E82/><V109/><F109/><W75/><G75/><T68/><D68/><U66/><N who="1" m="25170" /><U97/><DORA hai="125" /><E97/><V74/><F42/><N who="0" m="16490" /><D96/><U101/><E101/><AGARI ba="0,0" hai="4,8,14,55,59,60,92,93,98,99,100,101,113,115" machi="101" ten="30,7700,0" yaku="7,1,9,1,52,2" doraHai="88,125" who="3" fromWho="1" sc="230,0,240,-77,290,0,240,77" /><INIT seed="2,0,0,0,5,21" ten="230,163,290,317" oya="2" hai0="56,73,99,92,46,45,128,58,15,109,106,68,47" hai1="107,132,49,124,125,110,70,60,100,127,54,74,102" hai2="66,26,14,7,13,75,11,79,25,3,23,113,78" hai3="118,134,24,80,52,112,76,37,50,72,12,101,51"/><V20/><F75/><W77/><G118/><T91/><D68/><U82/><E110/><V1/><F66/><W114/><G37/><T105/><D73/><U43/><E132/><V16/><F113/><W93/><G134/><T6/><D109/><U38/><E107/><V89/><F89/><W87/><G51/><T42/><D42/><U31/><E31/><N who="2" m="17831" /><F78/><W126/><G12/><N who="2" m="4713" /><F79/><W97/><G126/><T39/><D39/><U41/><E74/><V95/><F95/><W64/><G64/><T121/><D121/><U120/><E82/><V103/><F103/><N who="1" m="39465" /><E38/><V4/><F4/><W85/><G72/><T133/><D133/><U32/><E120/><V65/><F65/><W129/><G93/><T63/><D106/><U69/><E69/><V30/><F30/><W123/><G80/><T111/><D105/><U96/><E70/><V119/><F119/><W94/><G94/><T34/><D111/><U0/><E124/><V36/><F36/><W83/><G83/><T67/><D91/><U117/><E117/><V61/><F61/><W35/><G123/><T116/><D63/><U59/><E60/><V98/><F98/><W9/><G97/><T62/><D99/><U44/><E96/><V19/><F19/><W53/><G101/><T104/><D92/><U8/><E127/><V122/><F122/><W40/><G77/><T131/><D116/><U57/><E125/><V28/><F28/><N who="3" m="19847" /><G76/><T55/><D104/><U71/><E71/><V18/><F18/><W81/><G112/><T27/><D67/><U108/><E108/><V17/><F17/><W86/><G114/><RYUUKYOKU ba="0,0" sc="230,-10,163,-10,290,30,317,-10" hai2="1,3,7,11,16,23,26" /><INIT seed="2,1,0,0,4,89" ten="220,153,320,307" oya="2" hai0="127,94,95,111,117,81,125,31,86,76,75,64,100" hai1="73,41,92,110,112,15,103,3,52,120,10,104,78" hai2="129,12,132,9,58,85,42,29,34,122,61,44,126" hai3="51,77,36,128,21,17,65,24,91,97,96,74,57"/><V107/><F122/><W116/><G36/><T79/><D64/><U106/><E112/><V82/><F107/><W33/><G116/><T23/><D117/><U59/><E3/><V84/><F126/><N who="0" m="48138" /><D111/><U5/><E110/><V83/><F132/><W60/><G128/><T22/><D100/><U20/><E120/><V18/><F129/><W37/><G37/><T40/><D40/><U6/><E41/><V87/><F29/><W113/><G113/><T30/><D76/><U7/><E20/><N who="0" m="7721" /><D75/><U39/><E39/><V72/><F72/><W49/><G77/><T38/><D38/><U48/><E78/><V109/><F34/><W35/><G74/><T98/><D98/><U46/><E73/><V8/><F8/><W124/><G97/><T135/><D135/><U62/><E106/><V55/><F109/><W56/><G96/><T123/><D123/><U19/><E104/><V80/><F42/><W32/><G65/><T71/><D71/><U0/><E103/><V28/><F28/><AGARI ba="1,0" hai="28,30,31,79,81,86,94,95" m="7721,48138" machi="28" ten="30,3900,0" yaku="18,1,52,2" doraHai="89" who="0" fromWho="2" sc="220,42,153,0,320,-42,307,0" /><INIT seed="3,0,0,0,0,64" ten="262,153,278,307" oya="3" hai0="109,79,42,102,7,105,61,75,88,80,98,68,59" hai1="33,72,47,51,90,92,118,63,113,89,101,86,12" hai2="114,77,81,84,13,131,30,26,18,2,5,52,134" hai3="35,50,15,48,70,83,24,85,65,45,34,4,32"/><W135/><G135/><T3/><D109/><U9/><E113/><V43/><F114/><W17/><G4/><T0/><D42/><U46/><E72/><V37/><F134/><W127/><G127/><T73/><D73/><U82/><E118/><V53/><F131/><W54/><G50/><T112/><D112/><U58/><E33/><V38/><F5/><W11/><G24/><T20/><D7/><U55/><E101/><V31/><F2/><W87/><REACH who="3" step="1"/><G83/><REACH who="3" ten="262,153,278,297" step="2"/><T130/><D80/><U21/><E51/><V16/><F38/><W121/><G121/><T71/><D0/><U100/><E100/><V23/><F37/><W133/><G133/><T122/><D3/><U126/><E126/><V44/><F43/><W19/><G19/><T69/><D102/><U124/><E124/><V62/><F44/><W95/><G95/><T120/><D120/><U123/><E123/><V14/><F62/><AGARI ba="0,1" hai="11,15,17,32,34,35,45,48,54,62,65,70,85,87" machi="62" ten="40,3900,0" yaku="1,1,52,1,53,0" doraHai="64" doraHaiUra="27" who="3" fromWho="2" sc="262,0,153,0,278,-39,297,49" /><INIT seed="3,1,0,5,5,38" ten="262,153,239,346" oya="3" hai0="135,121,58,36,65,86,117,30,93,92,77,73,128" hai1="97,2,35,103,20,8,85,115,125,95,37,98,52" hai2="12,116,101,66,40,107,75,44,104,83,4,70,133" hai3="129,108,106,9,49,10,18,79,112,46,78,17,13"/><W47/><G112/><T7/><D117/><U81/><E35/><V31/><F116/><W59/><G106/><T41/><D121/><U69/><E115/><V53/><F133/><W42/><G129/><T26/><D128/><U23/><E125/><V57/><F31/><W76/><G108/><T91/><D7/><U48/><E69/><V111/><F111/><W5/><G10/><T25/><D135/><U34/><E34/><V126/><F126/><W110/><G110/><T130/><D130/><U14/><E37/><V54/><F54/><W124/><G124/><T119/><D119/><U89/><E98/><V21/><F101/><W3/><G3/><T84/><D73/><U94/><E94/><V82/><F66/><W114/><G114/><T50/><D36/><U28/><E28/><V74/><F70/><W71/><G71/><T1/><D1/><U127/><E2/><V72/><F104/><W122/><G122/><T16/><D30/><U43/><E43/><V33/><F33/><W0/><G0/><T55/><D41/><U131/><E131/><V19/><F4/><W134/><G134/><T64/><D26/><U80/><E80/><V11/><F11/><W99/><G99/><T32/><D32/><U88/><E103/><V61/><REACH who="2" step="1"/><F107/><REACH who="2" ten="262,153,229,346" step="2"/><W27/><G9/><T87/><D77/><U29/><E29/><V120/><F120/><W102/><G78/><T113/><D113/><U62/><E127/><V105/><F105/><W109/><G79/><T6/><D6/><N who="1" m="3351" /><E62/><V67/><F67/><N who="0" m="25674" /><D93/><U45/><AGARI ba="1,1" hai="20,23,45,48,52,81,85,88,89,95,97" m="3351" machi="45" ten="30,4000,0" yaku="8,1,54,2" doraHai="38" who="1" fromWho="1" sc="262,-11,153,53,229,-11,346,-21" /><INIT seed="4,0,0,4,2,131" ten="251,206,218,325" oya="0" hai0="116,17,93,64,115,43,22,81,50,135,120,20,103" hai1="85,98,0,73,92,1,47,21,49,5,68,32,90" hai2="102,15,132,101,52,23,36,38,95,24,12,58,61" hai3="110,63,109,134,27,91,127,7,44,59,29,108,133"/><T117/><D120/><U89/><E32/><V96/><F102/><W2/><G127/><T111/><D115/><U76/><E68/><V42/><F132/><N who="3" m="50795" /><G44/><T40/><D64/><U48/><E73/><V126/><F126/><W55/><G91/><T114/><D103/><U129/><E90/><V54/><F54/><W3/><G7/><T13/><D114/><U30/><E89/><V119/><F119/><W67/><G67/><T25/><D43/><U84/><E5/><V107/><F107/><W53/><G55/><T39/><D40/><U6/><E6/><V97/><F97/><W57/><G57/><T70/><D70/><U124/><E98/><V74/><F74/><W72/><G72/><T113/><D113/><U8/><E47/><V37/><REACH who="2" step="1"/><F42/><REACH who="2" ten="251,206,208,325" step="2"/><W35/><AGARI ba="0,1" hai="2,3,27,29,35,53,59,63,108,109,110" m="50795" machi="35" ten="40,8000,1" yaku="20,1,52,3" doraHai="131" who="3" fromWho="3" sc="251,-40,206,-20,208,-20,325,90" /><INIT seed="5,0,0,2,5,91" ten="211,186,188,415" oya="1" hai0="49,7,114,120,88,2,85,125,87,100,28,76,45" hai1="54,62,10,68,123,124,27,40,39,108,42,36,74" hai2="104,32,0,122,31,111,135,82,35,18,1,43,134" hai3="48,73,110,127,24,94,58,17,60,19,71,96,81"/><U64/><E74/><V117/><F104/><W95/><G110/><T57/><D114/><U126/><E10/><V3/><F43/><N who="1" m="16425" /><E27/><V92/><F82/><W67/><G127/><N who="1" m="48682" /><E123/><V9/><F111/><W80/><G73/><T118/><D76/><U26/><E26/><V116/><F122/><W75/><G75/><T112/><D118/><N who="2" m="45674" /><F92/><W44/><G95/><T105/><D112/><U107/><E107/><V77/><F77/><W115/><G115/><T98/><D2/><U61/><E108/><V47/><F47/><W55/><G44/><T14/><D45/><U93/><E93/><V89/><F89/><W30/><G81/><T84/><D88/><U41/><N who="1" m="16433" /><U23/><DORA hai="16" /><E23/><V121/><F121/><W63/><G80/><T132/><D120/><U66/><E54/><V21/><F9/><W109/><G55/><T78/><D105/><U102/><E102/><V50/><F31/><W133/><G94/><T72/><D28/><U46/><E46/><V86/><F86/><W33/><G30/><T22/><D85/><U79/><E79/><V13/><F35/><W128/><G33/><T38/><D87/><U12/><E12/><V52/><F32/><W53/><G109/><T4/><D84/><U15/><E15/><V25/><F13/><W11/><G11/><T101/><D78/><U83/><E83/><V106/><F106/><W29/><G29/><T99/><D72/><U8/><E8/><V5/><F5/><W130/><G24/><T59/><D14/><U37/><E37/><V65/><F25/><W34/><G34/><T113/><D125/><RYUUKYOKU ba="0,0" sc="211,-10,186,30,188,-10,415,-10" hai1="36,39,61,62,64,66,68" /><INIT seed="5,1,0,4,2,67" ten="201,216,178,405" oya="1" hai0="48,4,105,8,111,19,73,0,40,103,100,9,3" hai1="101,75,88,64,121,132,82,10,63,20,114,126,127" hai2="83,15,124,122,36,60,66,44,22,62,45,33,118" hai3="13,72,110,34,77,23,50,74,35,112,18,12,71"/><U37/><E121/><V84/><F122/><W91/><G71/><T117/><D111/><U98/><E37/><V55/><F33/><W69/><G69/><T116/><D73/><U125/><E114/><V47/><F118/><W53/><G110/><T2/><D48/><U97/><E132/><V32/><F32/><W96/><G112/><T102/><D40/><U43/><E43/><V1/><F1/><W107/><G107/><T120/><D120/><U81/><E20/><V6/><F124/><W27/><G13/><T25/><D105/><N who="1" m="63663" /><E10/><V52/><F36/><W89/><G50/><T31/><D19/><U86/><E98/><V56/><F62/><W135/><G18/><T133/><D133/><U14/><E14/><V21/><F6/><W57/><G12/><T106/><D106/><U24/><E24/><V41/><F41/><W104/><G96/><T76/><D4/><U78/><E64/><V58/><F15/><W131/><G27/><T68/><D25/><U80/><E63/><N who="2" m="36231" /><F66/><W28/><G34/><T54/><D0/><U39/><E39/><V29/><F29/><W119/><G28/><T129/><D31/><U61/><E61/><V128/><F128/><W42/><G131/><T108/><D129/><U99/><E99/><V113/><F113/><W51/><G35/><T46/><D108/><U11/><E11/><V85/><F85/><W26/><G42/><T70/><D2/><U95/><AGARI ba="1,0" hai="75,78,80,81,82,86,88,95,125,126,127" m="63663" machi="95" ten="30,12000,1" yaku="24,1,18,1,34,2,54,1" doraHai="67" who="1" fromWho="1" sc="201,-41,216,123,178,-41,405,-41" /><INIT seed="5,2,0,2,1,62" ten="160,339,137,364" oya="1" hai0="76,59,81,80,93,57,13,127,51,15,39,108,89" hai1="8,134,65,107,43,26,101,22,11,123,56,104,47" hai2="54,64,17,29,122,40,10,49,99,21,24,50,84" hai3="106,124,114,45,16,4,121,117,38,25,63,113,79"/><U96/><E123/><V112/><F122/><W42/><G121/><T88/><D39/><U111/><E107/><V3/><F112/><W133/><G124/><T92/><D108/><U115/><E115/><V20/><F99/><W69/><G133/><T48/><REACH who="0" step="1"/><D127/><REACH who="0" ten="150,339,137,364" step="2"/><U116/><E111/><V32/><F40/><W98/><G38/><T82/><D82/><U74/><E43/><V94/><F32/><W73/><G42/><T61/><D61/><U41/><E41/><V100/><F50/><W130/><G63/><T70/><D70/><U23/><E134/><V31/><F49/><W30/><G69/><T55/><D55/><U135/><E135/><V46/><F54/><W28/><G113/><T77/><AGARI ba="2,1" hai="13,15,48,51,57,59,76,77,80,81,88,89,92,93" machi="77" ten="25,12000,2" yaku="1,1,0,1,22,2,8,1,54,1,53,0" doraHai="62" doraHaiUra="126" who="0" fromWho="0" sc="150,136,339,-62,137,-32,364,-32" /><INIT seed="6,0,0,1,3,36" ten="286,277,105,332" oya="2" hai0="131,120,1,114,123,52,107,126,15,71,16,85,73" hai1="53,8,50,43,115,13,25,78,5,98,3,57,19" hai2="22,74,133,14,104,91,103,121,79,92,88,41,119" hai3="113,4,76,67,33,125,32,87,127,56,68,10,17"/><V129/><F119/><W135/><G68/><T34/><RYUUKYOKU type="yao9" ba="0,0" sc="286,0,277,0,105,0,332,0" hai0="1,15,16,34,52,71,73,85,107,114,120,123,126,131" /><INIT seed="6,1,0,3,4,7" ten="286,277,105,332" oya="2" hai0="86,20,67,89,110,52,27,118,55,26,58,129,79" hai1="49,29,50,103,64,80,37,112,62,19,75,43,57" hai2="14,97,84,102,18,72,8,11,33,70,104,122,99" hai3="39,15,100,78,35,69,87,107,25,123,51,117,91"/><V60/><F72/><W76/><G39/><T17/><D110/><U66/><E29/><V115/><F122/><W48/><G69/><T98/><D129/><U28/><E28/><V63/><F33/><W90/><G123/><T132/><D132/><U3/><E3/><V22/><F115/><W108/><G117/><T127/><D118/><U85/><E103/><V68/><F68/><W10/><G91/><T46/><D127/><U95/><E75/><V5/><F70/><W74/><G74/><T53/><D79/><U128/><E95/><V96/><F104/><W116/><G51/><T94/><D46/><U65/><E19/><V1/><F102/><W105/><G48/><N who="1" m="18538" /><E85/><V124/><F124/><W119/><G87/><T71/><D71/><U111/><E80/><V134/><F134/><W77/><G77/><T113/><D113/><U40/><E112/><V125/><F125/><W130/><G76/><T9/><D86/><U81/><E81/><V6/><REACH who="2" step="1"/><F84/><REACH who="2" ten="286,277,95,332" step="2"/><W4/><G35/><T38/><D98/><U135/><E135/><V106/><F106/><W21/><G107/><T24/><D58/><U101/><E57/><V73/><F73/><W44/><G105/><T41/><D41/><U0/><E43/><V59/><F59/><W131/><G116/><T12/><D67/><U61/><E40/><V36/><F36/><W82/><G119/><T34/><D38/><U54/><E37/><V31/><F31/><W30/><G30/><N who="0" m="17671" /><D34/><U2/><E66/><V56/><F56/><W13/><G78/><T93/><D93/><U47/><E65/><V120/><F120/><RYUUKYOKU ba="1,1" sc="286,15,277,-15,95,15,332,-15" hai0="9,12,17,26,27,52,53,55,89,94" hai2="1,5,6,8,11,14,18,22,60,63,96,97,99" /><INIT seed="6,2,1,2,1,91" ten="301,262,110,317" oya="2" hai0="51,108,71,130,18,114,16,67,59,30,99,94,15" hai1="63,41,106,110,111,81,5,93,80,1,48,100,107" hai2="127,115,73,20,46,25,61,85,121,24,21,120,17" hai3="117,125,52,37,103,43,75,19,104,33,79,13,45"/><V29/><F73/><W76/><G33/><T82/><D108/><U49/><E63/><V11/><F115/><W65/><G117/><T47/><D71/><U116/><E5/><V56/><F127/><W10/><G125/><T39/><D114/><U96/><E1/><V109/><F109/><N who="1" m="41481" /><E49/><V6/><F85/><W66/><G103/><T44/><D39/><U9/><E48/><V132/><F46/><W134/><G104/><N who="1" m="39978" /><E9/><V4/><F132/><W50/><G134/><T74/><D30/><U27/><E27/><V23/><F23/><W14/><G14/><T2/><D2/><U98/><E41/><V92/><F92/><W42/><G42/><T77/><D18/><U28/><E28/><V133/><F133/><W54/><G54/><T95/><D95/><N who="1" m="58399" /><E116/><V88/><F88/><AGARI ba="2,1" hai="80,81,88,93,98" m="58399,39978,41481" machi="88" ten="30,8000,1" yaku="34,2,52,2,54,1" doraHai="91" who="1" fromWho="2" sc="301,0,262,96,110,-86,317,0" /><INIT seed="7,0,0,4,4,21" ten="301,358,24,317" oya="3" hai0="123,95,37,29,24,74,90,129,58,133,103,69,47" hai1="27,45,132,59,107,99,88,2,60,44,36,11,42" hai2="126,66,87,92,56,131,68,84,26,25,65,82,7" hai3="134,78,86,89,97,91,117,124,109,79,9,12,19"/><W85/><G124/><T128/><D69/><U15/><E2/><V105/><F68/><W75/><G134/><T130/><D123/><U48/><E132/><V57/><F105/><W71/><G117/><T73/><D133/><U121/><E121/><V35/><F35/><W32/><G75/><T111/><D111/><U52/><E27/><V30/><F92/><W101/><G71/><T96/><D58/><U70/><E70/><V116/><F7/><W16/><G32/><T13/><D13/><U67/><E107/><V50/><F50/><W43/><G43/><N who="0" m="23023" /><D90/><N who="3" m="34313" /><G109/><T49/><D49/><U120/><E120/><V118/><F82/><W8/><G8/><T31/><D31/><U14/><REACH who="1" step="1"/><E11/><REACH who="1" ten="301,348,24,317" step="2"/><V80/><F80/><W4/><G79/><T46/><D46/><U113/><E113/><V100/><F100/><W1/><G1/><T6/><D6/><U39/><E39/><V81/><F81/><N who="3" m="47287" /><G86/><T77/><D77/><U40/><E40/><V104/><F104/><W102/><G97/><T62/><D62/><U10/><E10/><V28/><REACH who="2" step="1"/><F126/><REACH who="2" ten="301,348,14,317" step="2"/><W64/><G102/><T23/><AGARI ba="0,2" hai="23,24,29,73,74,95,96,103,128,129,130" m="23023" machi="23" ten="30,2000,0" yaku="19,1,52,1" doraHai="21" who="0" fromWho="0" sc="301,40,348,-5,14,-5,317,-10" owari="341,14.0,343,44.0,9,-49.0,307,-9.0" /></mjloggm>