<mjloggm ver="2.3"><GO type="185" lobby="0"/><UN n0="%E6%A8%BD%E3%81%AA%E3%81%AE%E5%A3%8A%E3%81%95%E3%81%AA%E3%81%84%E3%81%A7" n1="%E3%81%82%E3%81%9F%E3%82%89%E3%81%AA%E3%81%84%E3%81%A7%EF%BC%81" n2="%E3%81%BF%E3%83%BC%E3%82%8F" n3="" dan="16,17,17,0" rate="2192.77,2202.37,2238.42,1500.00" sx="M,M,M,C"/><TAIKYOKU oya="0"/><INIT seed="0,0,0,1,1,49" ten="350,350,350,0" oya="0" hai0="98,3,102,132,68,103,55,58,74,129,40,100,33" hai1="127,86,76,48,62,131,135,97,82,109,72,115,64" hai2="119,99,133,51,34,32,88,125,38,94,89,46,59" hai3=""/><T53/><D3/><U123/><N who="1" m="31520" /><U87/><E109/><V114/><F114/><T78/><D33/><U113/><E131/><V120/><N who="2" m="30752" /><V57/><F125/><T56/><D129/><U69/><E127/><V61/><F133/><T90/><D68/><U104/><E135/><V41/><F119/><T35/><D35/><U50/><E87/><V91/><F38/><T42/><D132/><U126/><E126/><V121/><N who="2" m="31008" /><V101/><REACH who="2" step="1"/><F59/><REACH who="2" ten="350,350,340,0" step="2"/><T70/><D70/><U106/><E113/><V81/><F81/><T83/><D58/><U92/><E115/><V45/><F45/><T71/><D71/><U134/><E134/><V39/><F39/><T44/><D56/><U67/><E67/><AGARI ba="0,1" hai="32,34,41,46,51,57,61,67,88,89,91,94,99,101" m="31008,30752" machi="67" ten="40,8000,1" yaku="1,1,52,2,54,1,53,1" doraHai="49" doraHaiUra="47" who="2" fromWho="1" sc="350,0,350,-80,340,90,0,0" /><INIT seed="1,0,0,3,1,73" ten="350,270,430,0" oya="1" hai0="0,96,122,81,69,80,87,114,45,57,55,34,40" hai1="62,112,102,44,131,120,88,63,47,103,56,107,61" hai2="98,135,60,37,32,125,72,33,66,83,133,65,53" hai3=""/><U3/><N who="1" m="30752" /><U76/><E3/><V94/><F37/><T52/><N who="0" m="31264" /><T101/><D0/><U59/><E112/><V97/><F125/><T48/><D34/><U51/><E131/><V46/><F65/><T100/><D69/><U118/><E118/><V123/><N who="2" m="31520" /><V50/><F83/><T119/><D119/><U93/><E76/><V1/><F72/><T82/><D114/><U127/><E127/><V39/><F39/><T109/><D109/><U89/><E107/><V54/><F53/><T64/><D87/><U85/><E89/><V129/><F129/><T36/><D101/><N who="1" m="38411" /><E44/><V2/><F1/><T70/><D70/><U86/><E85/><V99/><F2/><T124/><D124/><U104/><E104/><V42/><F32/><T126/><D126/><U71/><E71/><V134/><F33/><T74/><D74/><U108/><E108/><V105/><F105/><T113/><D113/><U43/><AGARI ba="0,0" hai="43,47,51,56,59,61,62,63,86,88,93" m="38411,30752" machi="43" ten="30,4000,0" yaku="8,1,52,1,54,1" doraHai="73" who="1" fromWho="1" sc="350,-20,270,40,430,-20,0,0" /><INIT seed="1,1,0,0,3,51" ten="330,310,410,0" oya="1" hai0="121,58,66,50,79,74,124,40,131,134,33,113,35" hai1="123,32,106,126,119,94,37,3,55,104,129,46,117" hai2="91,118,34,81,125,132,49,52,96,111,78,38,116" hai3=""/><U39/><N who="1" m="31520" /><U130/><E3/><V135/><F34/><T128/><N who="0" m="31008" /><T83/><D113/><U80/><E32/><V54/><F38/><T2/><D2/><U88/><E80/><V89/><F111/><T95/><D134/><N who="2" m="51242" /><F125/><T36/><D124/><U102/><E126/><V110/><F110/><T1/><D1/><U47/><E102/><V133/><F133/><T68/><D33/><U0/><E0/><V48/><F48/><T92/><D35/><U109/><E109/><V53/><F49/><T72/><D72/><U107/><E37/><V76/><F76/><T57/><D36/><U41/><E46/><V127/><F127/><T87/><D74/><U99/><REACH who="1" step="1"/><E55/><REACH who="1" ten="330,300,410,0" step="2"/><V105/><F81/><T64/><D40/><U42/><E42/><V75/><F75/><T93/><D83/><U71/><E71/><V69/><F69/><T45/><D68/><U63/><E63/><V70/><F70/><T120/><D45/><U108/><E108/><V101/><F78/><T85/><D79/><U73/><E73/><V44/><F44/><T65/><N who="0" m="30752" /><T67/><D50/><U115/><E115/><V98/><F101/><T56/><N who="0" m="16384" /><DORA hai="82" /><T61/><D61/><U60/><E60/><V122/><F122/><RYUUKYOKU ba="1,1" sc="330,10,300,10,410,-20,0,0" hai0="56,57,58,85,87,92,93,95,128,131" hai1="39,41,47,88,94,99,104,106,107,117,119,129,130" /><INIT seed="1,2,1,4,2,126" ten="340,310,390,0" oya="1" hai0="96,107,111,43,73,3,104,85,127,32,79,133,93" hai1="86,51,38,91,122,101,65,92,45,115,105,61,81" hai2="63,112,97,119,56,99,74,129,57,100,46,70,1" hai3=""/><U131/><N who="1" m="31264" /><U33/><E33/><V68/><F119/><T120/><N who="0" m="30752" /><T54/><D32/><U50/><E115/><V102/><F1/><T2/><D127/><U109/><E105/><V49/><F74/><T64/><D133/><U89/><E101/><V118/><F118/><T44/><D54/><U132/><E132/><V80/><F80/><T94/><D64/><U60/><E109/><V117/><F117/><T88/><D111/><U124/><E124/><V84/><F84/><T48/><D107/><U62/><E131/><V121/><N who="2" m="31008" /><V75/><F75/><T40/><D40/><U82/><E82/><V58/><F129/><T130/><D130/><U37/><E65/><V72/><F72/><T53/><D104/><U42/><REACH who="1" step="1"/><E38/><REACH who="1" ten="340,300,390,0" step="2"/><V113/><F113/><T106/><D106/><U90/><E90/><V108/><F108/><T87/><D3/><U78/><E78/><V135/><F135/><T98/><D2/><U39/><E39/><V47/><F112/><T41/><D79/><U35/><E35/><V36/><F102/><T69/><D88/><U128/><E128/><V0/><F100/><T55/><D94/><U34/><E34/><V76/><F0/><T134/><D134/><U59/><E59/><RYUUKYOKU ba="2,2" sc="340,-10,300,20,390,-10,0,0" hai1="37,42,45,50,51,60,61,62,81,86,89,91,92" /><INIT seed="1,3,2,2,3,61" ten="330,320,380,0" oya="1" hai0="58,110,109,39,100,116,97,53,62,77,49,66,72" hai1="94,131,44,84,55,42,1,133,125,118,57,101,113" hai2="128,98,40,132,120,38,52,111,129,64,59,80,78" hai3=""/><U76/><E118/><V89/><N who="2" m="30752" /><V2/><F2/><T48/><D39/><U88/><E1/><V68/><F111/><N who="0" m="42506" /><D116/><U112/><E131/><N who="2" m="50251" /><F132/><T130/><D130/><U96/><E125/><V99/><F40/><T117/><D117/><U87/><E76/><V43/><F43/><T63/><D72/><U107/><E84/><V33/><F38/><T93/><D77/><U124/><E133/><V81/><F33/><T69/><AGARI ba="3,2" hai="48,49,53,58,62,63,66,69,93,97,100" m="42506" machi="69" ten="30,1500,0" yaku="14,1,52,1" doraHai="61" who="0" fromWho="0" sc="330,41,320,-13,380,-8,0,0" /><INIT seed="2,0,0,3,1,124" ten="371,307,372,0" oya="2" hai0="54,57,79,122,88,72,99,114,87,100,80,74,65" hai1="69,118,126,0,81,105,2,86,91,66,96,73,41" hai2="59,115,49,116,102,38,71,135,132,108,92,44,36" hai3=""/><V63/><F115/><T97/><N who="0" m="31264" /><T104/><D65/><U123/><N who="1" m="31520" /><U50/><E126/><V106/><F106/><T107/><D114/><U68/><E118/><V85/><F116/><T125/><D125/><U64/><E73/><N who="0" m="28265" /><D54/><U76/><E66/><V67/><F102/><T119/><D57/><U129/><E64/><V3/><F92/><T83/><D119/><U131/><E0/><V113/><F85/><T75/><D99/><U1/><E1/><V62/><F113/><T84/><N who="0" m="28273" /><T111/><DORA hai="101" /><D111/><U133/><E2/><V89/><F108/><T52/><D52/><U117/><E117/><V32/><F3/><T134/><D134/><N who="2" m="51242" /><F32/><T90/><D107/><U61/><E133/><V77/><F62/><T128/><D128/><U45/><E105/><V60/><F63/><T46/><D46/><U82/><E61/><V78/><F71/><T56/><D56/><U95/><E82/><V93/><F49/><T121/><N who="0" m="31008" /><T103/><D104/><U130/><AGARI ba="0,0" hai="41,45,50,68,69,76,81,86,91,95,96,129,130,131" m="31520" machi="130" ten="30,9000,2" yaku="0,1,19,1,52,4" doraHai="124,101" who="1" fromWho="1" sc="371,-30,307,90,372,-60,0,0" /><INIT seed="4,0,0,0,1,81" ten="341,397,312,0" oya="0" hai0="39,58,35,60,79,134,87,100,61,49,97,132,96" hai1="109,69,45,44,3,82,89,63,57,41,77,37,52" hai2="73,83,85,90,56,47,113,62,46,123,40,131,55" hai3=""/><T125/><D35/><U70/><E3/><V68/><N who="2" m="31520" /><V43/><F113/><T42/><D125/><U120/><N who="1" m="30752" /><U127/><E127/><V54/><F131/><T75/><D75/><U117/><E117/><V2/><F2/><T133/><D39/><U99/><E109/><V80/><F68/><T112/><D112/><U108/><E108/><V111/><F111/><T50/><D42/><U34/><E34/><V95/><F55/><T88/><D79/><U104/><E45/><N who="2" m="16907" /><F73/><T124/><D124/><U53/><E53/><V76/><F76/><T1/><D1/><U0/><E0/><V78/><F78/><T64/><D61/><U115/><E115/><V110/><F110/><T86/><D49/><U91/><E69/><V36/><F36/><T116/><D50/><U66/><E70/><V105/><F105/><T33/><D116/><U94/><E104/><V126/><F126/><T32/><D33/><U129/><E129/><V122/><N who="2" m="31264" /><V84/><F84/><T72/><D32/><U106/><E106/><V119/><F119/><T74/><D74/><U93/><E77/><V101/><F101/><T51/><D72/><U114/><E114/><V128/><F128/><T102/><D133/><U121/><E121/><RYUUKYOKU ba="0,0" sc="341,-10,397,-10,312,20,0,0" hai2="40,43,54,56,62,80,83,85,90,95" /><INIT seed="5,1,0,2,3,66" ten="331,387,332,0" oya="1" hai0="44,76,47,46,96,39,94,134,49,36,110,61,116" hai1="119,108,126,95,104,118,99,40,41,100,114,135,60" hai2="124,45,123,58,56,127,128,98,48,51,43,112,82" hai3=""/><U105/><E108/><V129/><N who="2" m="31520" /><V55/><F98/><T93/><D110/><U83/><E114/><V0/><F82/><T69/><D116/><U3/><E3/><V92/><F92/><T50/><D134/><U73/><E126/><N who="2" m="48171" /><F0/><T77/><D96/><U120/><N who="1" m="30752" /><U97/><E135/><V65/><F112/><T74/><D74/><U54/><E105/><V75/><F75/><T90/><D90/><U70/><E119/><V133/><F133/><T106/><D106/><U53/><E118/><V88/><F88/><T131/><D94/><U81/><E73/><V111/><F111/><T35/><D93/><U103/><E81/><V63/><AGARI ba="1,0" hai="43,45,48,51,55,56,58,63,65,128,129" m="48171,31520" machi="63" ten="30,5900,0" yaku="18,1,34,2,52,1" doraHai="66" who="2" fromWho="2" sc="331,-21,387,-40,332,61,0,0" /><INIT seed="6,0,0,1,3,119" ten="310,347,393,0" oya="2" hai0="114,49,94,47,89,132,66,0,112,57,2,100,81" hai1="55,45,130,110,108,90,128,91,88,95,64,69,72" hai2="32,77,38,92,113,98,37,46,33,116,48,103,117" hai3=""/><V35/><F113/><N who="0" m="43626" /><D132/><U71/><E72/><V67/><F67/><T83/><D66/><U56/><E45/><V65/><F65/><T82/><D57/><U104/><E104/><V97/><F77/><T106/><D100/><U102/><E95/><V61/><F61/><T44/><D106/><U36/><E36/><V115/><F115/><T118/><D118/><U86/><E86/><V131/><F131/><N who="1" m="50217" /><E102/><V52/><F117/><T109/><D109/><N who="1" m="42091" /><E64/><V63/><F116/><T80/><N who="0" m="20480" /><DORA hai="85" /><T122/><N who="0" m="31264" /><T3/><D49/><AGARI ba="0,0" hai="49,55,56,69,71,88,90,91" m="42091,50217" machi="49" ten="40,8000,1" yaku="19,1,52,3,54,1" doraHai="119,85" who="1" fromWho="0" sc="310,-80,347,80,393,0,0,0" owari="230,-37.0,427,38.0,393,-1.0,0,0.0" /></mjloggm>