<mjloggm ver="2.3"><GO type="169" lobby="0"/><UN n0="%E3%82%A4%E3%83%B3%E3%83%87%E3%82%A3%E3%82%B4%E3%83%96%E3%83%AB%E3%83%BC" n1="%E8%88%9E%E8%8C%B8" n2="%31%74%61" n3="%73%69%72%75%6E%65%6B%6F" dan="16,18,17,16" rate="2150.92,2195.51,2168.48,2106.33" sx="M,M,M,M"/><TAIKYOKU oya="0"/><INIT seed="0,0,0,1,5,83" ten="250,250,250,250" oya="0" hai0="76,63,86,21,50,22,54,89,42,106,1,56,8" hai1="6,77,41,27,44,29,69,128,67,61,38,59,19" hai2="102,115,95,36,112,47,80,20,49,53,40,23,126" hai3="48,5,82,98,113,18,105,125,114,15,17,88,7"/><T62/><D106/><U78/><E128/><V91/><F126/><W52/><G125/><T93/><D76/><U124/><E124/><V70/><F70/><W68/><G68/><T133/><D133/><U116/><E116/><V75/><F102/><W31/><G31/><T118/><D118/><U58/><E6/><V97/><F75/><W119/><G119/><T107/><D107/><U13/><E59/><V34/><F34/><W94/><G105/><T35/><D35/><U4/><E4/><V66/><F66/><W57/><G18/><T55/><D8/><U60/><E13/><V12/><F80/><W72/><G114/><T14/><D1/><U33/><REACH who="1" step="1"/><E19/><REACH who="1" ten="250,240,250,250" step="2"/><V120/><F120/><W121/><G121/><T10/><D14/><U26/><E26/><V39/><F12/><W131/><G131/><T0/><D0/><U127/><E127/><V92/><F115/><W28/><G113/><T30/><D10/><U110/><E110/><V99/><F112/><W111/><G111/><T104/><D30/><U51/><E51/><V108/><F108/><W134/><G28/><T24/><D24/><U43/><E43/><V46/><F36/><W130/><G130/><T109/><D109/><U96/><E96/><V64/><F64/><AGARI ba="0,1" hai="27,29,33,38,41,44,58,60,61,64,67,69,77,78" machi="64" ten="30,2000,0" yaku="1,1,7,1,53,0" doraHai="83" doraHaiUra="123" who="1" fromWho="2" sc="250,0,240,30,250,-20,250,0" /><INIT seed="1,0,0,0,4,131" ten="250,270,230,250" oya="1" hai0="43,85,15,25,55,100,23,91,57,59,99,107,12" hai1="58,68,133,94,3,14,69,51,87,35,112,118,36" hai2="60,44,66,122,88,13,42,119,82,24,105,120,123" hai3="32,76,129,7,39,67,17,62,102,19,56,63,53"/><U75/><E112/><V127/><F119/><W22/><G32/><T31/><D57/><U70/><E118/><V101/><F127/><W134/><G129/><T5/><D43/><U61/><E3/><V83/><F13/><W21/><G39/><T41/><D41/><U10/><E75/><V74/><F24/><W109/><G109/><T20/><D5/><U89/><E35/><V95/><F74/><W92/><G76/><T104/><D104/><U38/><E51/><V11/><F11/><W110/><G110/><T65/><D65/><U2/><E2/><V46/><F101/><W48/><G7/><T135/><D135/><U34/><E34/><V49/><F44/><W124/><G134/><T90/><D90/><U27/><E27/><V9/><F9/><W1/><G1/><T54/><D54/><U98/><E98/><V93/><F93/><W106/><G106/><T111/><D23/><N who="3" m="8713" /><G124/><T29/><D29/><U6/><REACH who="1" step="1"/><E133/><REACH who="1" ten="250,260,230,250" step="2"/><V79/><F105/><W103/><G48/><T8/><D111/><U37/><E37/><V113/><F113/><W33/><G33/><T4/><D15/><U16/><E16/><V121/><F121/><W132/><G132/><T108/><D108/><U96/><E96/><V115/><F115/><W114/><G17/><T116/><D116/><U18/><E18/><V64/><F123/><W45/><G114/><T125/><D125/><U30/><E30/><V40/><F122/><W80/><G19/><T72/><D72/><U47/><E47/><V73/><F73/><W50/><G45/><T97/><D31/><U78/><E78/><RYUUKYOKU ba="0,1" sc="250,-10,260,30,230,-10,250,-10" hai1="6,10,14,36,38,58,61,68,69,70,87,89,94" /><INIT seed="1,1,1,5,5,111" ten="240,290,220,240" oya="1" hai0="103,81,3,14,82,56,123,91,24,20,59,39,0" hai1="1,68,35,15,118,51,113,2,26,5,27,53,124" hai2="98,114,74,21,112,86,40,104,10,54,50,121,11" hai3="4,128,38,45,23,31,66,46,63,65,97,57,83"/><U8/><E118/><V89/><F74/><W119/><G119/><T125/><D39/><U34/><E68/><V127/><F121/><W61/><G128/><T25/><D125/><U36/><E36/><V19/><F40/><W49/><G4/><T93/><D123/><U55/><E124/><V131/><F131/><W28/><G83/><N who="0" m="31755" /><D3/><U95/><E95/><N who="2" m="54711" /><F127/><W115/><G97/><N who="0" m="57535" /><D103/><U9/><E51/><V64/><F64/><W108/><G23/><T109/><D109/><U90/><E90/><V42/><F42/><N who="3" m="22743" /><G28/><T6/><D0/><U76/><E76/><V110/><F110/><W134/><G31/><N who="0" m="17799" /><D25/><U116/><E116/><V101/><F21/><W43/><G108/><T77/><D77/><U100/><E100/><V102/><F101/><W72/><G72/><T22/><D22/><U32/><E32/><V58/><F19/><W70/><G134/><T132/><D132/><U37/><E37/><V99/><F99/><W30/><G30/><T107/><D107/><U67/><E34/><V16/><F16/><W69/><G115/><AGARI ba="1,1" hai="10,11,50,54,58,98,102,104,112,114,115" m="54711" machi="115" ten="30,7700,0" yaku="11,1,52,3" doraHai="111" who="2" fromWho="3" sc="240,0,290,0,220,90,240,-80" /><INIT seed="2,0,0,3,5,98" ten="240,290,310,160" oya="2" hai0="76,2,28,79,83,47,61,80,43,26,95,71,39" hai1="37,3,132,62,58,107,22,24,23,57,88,128,25" hai2="66,92,89,45,52,129,51,11,56,81,90,9,96" hai3="0,101,36,15,110,41,27,120,111,127,113,108,12"/><V33/><F33/><W42/><G120/><T116/><D116/><U78/><E128/><V30/><F129/><W64/><G0/><T124/><D124/><U38/><E132/><V102/><F30/><W103/><G127/><T18/><D18/><U135/><E3/><V126/><F126/><W69/><G113/><T117/><D117/><U60/><E78/><V5/><F81/><W130/><G130/><T63/><D71/><U133/><E107/><V55/><F66/><W19/><G27/><T40/><D40/><N who="3" m="15465" /><G36/><T94/><D2/><U21/><E21/><V14/><F9/><W1/><G1/><T123/><D94/><U122/><E122/><V99/><F99/><W65/><G12/><T6/><D95/><U50/><E50/><AGARI ba="0,0" hai="5,11,14,45,50,51,52,55,56,89,90,92,96,102" machi="50" ten="30,11600,0" yaku="7,1,8,1,52,1,54,1" doraHai="98" who="2" fromWho="1" sc="240,0,290,-116,310,116,160,0" /><INIT seed="2,1,0,5,5,28" ten="240,174,426,160" oya="2" hai0="92,69,103,109,79,23,97,50,86,88,2,55,17" hai1="77,30,27,22,132,84,121,41,54,33,59,93,62" hai2="135,73,112,133,119,74,8,76,104,58,108,38,61" hai3="117,7,107,56,106,42,81,99,118,120,10,100,20"/><V95/><F112/><W123/><G42/><T52/><D109/><U9/><E132/><N who="2" m="50763" /><F119/><W102/><G20/><T0/><D55/><U131/><E131/><V122/><F38/><W111/><G56/><T134/><D79/><U46/><E121/><N who="3" m="46666" /><G10/><T116/><D116/><N who="3" m="44649" /><G7/><T26/><D69/><U127/><E127/><V5/><F122/><W83/><G111/><T101/><D101/><N who="3" m="39017" /><G99/><T87/><D134/><U98/><E9/><V18/><F18/><W1/><G1/><T80/><REACH who="0" step="1"/><D86/><REACH who="0" ten="230,174,426,160" step="2"/><U25/><E84/><V75/><F108/><W110/><G110/><T128/><D128/><U31/><E41/><V13/><F73/><W16/><G16/><T44/><AGARI ba="1,1" hai="0,2,17,23,26,44,50,52,80,87,88,92,97,103" machi="44" ten="20,8000,1" yaku="1,1,0,1,7,1,54,2,53,0" doraHai="28" doraHaiUra="4" who="0" fromWho="0" sc="230,93,174,-21,426,-41,160,-21" /><INIT seed="3,0,0,2,3,102" ten="323,153,385,139" oya="3" hai0="78,12,9,20,110,84,117,61,85,126,81,8,107" hai1="7,123,42,44,111,124,29,57,119,98,101,51,68" hai2="128,38,113,94,135,104,66,36,122,31,27,88,39" hai3="67,130,93,24,52,21,54,41,92,121,43,87,37"/><W100/><G121/><T15/><D110/><U118/><E123/><V77/><F122/><W63/><G130/><T73/><D117/><N who="1" m="44555" /><E111/><V49/><F113/><W19/><G92/><T131/><D126/><U3/><E124/><V99/><F128/><W127/><G127/><T71/><D131/><U34/><E68/><V46/><F66/><W53/><G37/><T26/><D107/><U14/><E57/><V72/><F104/><W86/><G86/><T0/><D0/><U59/><E59/><V6/><F6/><W62/><G87/><T30/><D61/><N who="3" m="23049" /><G67/><T16/><REACH who="0" step="1"/><D71/><REACH who="0" ten="313,153,385,139" step="2"/><U120/><E3/><V64/><F135/><W82/><G82/><T33/><D33/><U56/><E34/><V23/><F64/><W106/><G106/><T32/><D32/><U5/><E120/><V1/><F1/><W2/><G2/><T48/><D48/><U134/><E51/><V55/><F72/><W65/><G65/><T103/><D103/><U35/><E101/><V129/><F129/><W22/><G22/><T116/><D116/><U132/><E35/><V112/><F112/><W47/><G47/><T125/><D125/><U96/><E44/><V90/><F77/><W25/><G100/><T115/><D115/><U79/><E79/><V10/><F90/><W114/><G114/><T50/><D50/><U75/><E132/><V80/><F36/><W105/><G105/><T28/><D28/><U45/><E29/><V11/><F39/><W69/><G69/><T83/><D83/><U109/><E134/><V60/><F38/><W58/><G93/><T17/><AGARI ba="0,1" hai="8,9,12,15,16,17,20,26,30,73,78,81,84,85" machi="17" ten="20,12000,2" yaku="1,1,5,1,0,1,7,1,9,1,54,1,53,1" doraHai="102" doraHaiUra="74" who="0" fromWho="0" sc="313,130,153,-30,385,-30,139,-60" /><INIT seed="4,0,0,2,1,88" ten="443,123,355,79" oya="0" hai0="30,63,10,4,129,40,54,23,84,131,50,90,24" hai1="117,81,76,114,132,58,32,95,15,109,123,71,85" hai2="87,110,1,107,20,14,56,16,13,62,34,121,19" hai3="77,64,6,113,108,89,55,2,82,104,5,116,35"/><T80/><D63/><U26/><E123/><V101/><F110/><W18/><G108/><T135/><D40/><U37/><E71/><V46/><F121/><W79/><G116/><T125/><D125/><U124/><E109/><V119/><F119/><W78/><G104/><T73/><D73/><U93/><E32/><V45/><F34/><W86/><G35/><T47/><REACH who="0" step="1"/><D135/><REACH who="0" ten="433,123,355,79" step="2"/><U60/><E132/><V115/><F115/><W39/><G113/><T130/><D130/><U94/><E124/><V48/><F1/><AGARI ba="0,1" hai="1,4,10,23,24,30,47,50,54,80,84,90,129,131" machi="1" ten="40,2000,0" yaku="1,1,53,0" doraHai="88" doraHaiUra="52" who="0" fromWho="2" sc="433,30,123,0,355,-20,79,0" /><INIT seed="4,1,0,0,5,3" ten="463,123,335,79" oya="0" hai0="71,4,113,112,9,94,46,115,0,80,39,106,75" hai1="57,49,37,23,69,111,121,103,2,122,34,64,82" hai2="101,42,86,21,88,76,13,90,120,73,19,74,25" hai3="117,116,107,129,108,126,31,40,14,70,36,24,105"/><T16/><D94/><U38/><E34/><V58/><F120/><W7/><G108/><T32/><D32/><U114/><E2/><V78/><F101/><W95/><G70/><T135/><D16/><U87/><E103/><V54/><F42/><W47/><G129/><T124/><D124/><U85/><E85/><V6/><F74/><W68/><G68/><T128/><D71/><U79/><E111/><V33/><F73/><W45/><G126/><T91/><D91/><N who="2" m="34858" /><F33/><W61/><G95/><T8/><D8/><U20/><E114/><V100/><F100/><W93/><G93/><T92/><D92/><U118/><E118/><V66/><F66/><W12/><G40/><N who="0" m="22815" /><D128/><U10/><E10/><N who="2" m="4311" /><F86/><W110/><G110/><T134/><D106/><U89/><E69/><V29/><F19/><W83/><G117/><T119/><D119/><U72/><E38/><V52/><F54/><W5/><G116/><T131/><D131/><U22/><E37/><V35/><F35/><W102/><G36/><T98/><D98/><U41/><E64/><V123/><F123/><W133/><G102/><T51/><D51/><AGARI ba="1,0" hai="21,25,29,51,52,58,76,78" m="4311,34858" machi="51" ten="30,7700,0" yaku="8,1,52,1,54,2" doraHai="3" who="2" fromWho="0" sc="463,-80,123,0,335,80,79,0" /><INIT seed="5,0,0,5,3,22" ten="383,123,415,79" oya="1" hai0="35,63,72,44,101,86,10,78,36,51,98,15,80" hai1="9,32,105,96,52,132,122,106,100,130,8,99,79" hai2="17,45,81,12,89,70,114,127,18,11,13,94,77" hai3="57,3,115,34,111,40,91,33,46,85,97,6,126"/><U71/><E122/><V1/><F70/><W73/><G111/><T55/><D35/><U30/><E130/><V14/><F127/><W39/><G126/><T48/><D36/><U24/><E132/><V135/><F135/><W90/><G115/><T133/><D133/><U88/><E79/><V49/><F1/><W37/><G73/><T60/><D72/><U54/><E71/><V87/><F114/><W83/><G37/><T123/><D48/><U117/><E117/><V64/><F64/><W129/><G129/><T25/><D25/><U61/><E61/><V0/><F0/><W120/><G120/><T69/><D69/><U104/><E88/><V41/><REACH who="2" step="1"/><F11/><REACH who="2" ten="383,123,405,79" step="2"/><W75/><G3/><T131/><D131/><U4/><E9/><V107/><F107/><W82/><G34/><T53/><D123/><U62/><E105/><V102/><F102/><W128/><G33/><T42/><D60/><U29/><E62/><V65/><F65/><W125/><G125/><T134/><D63/><U50/><E104/><V113/><F113/><W109/><G128/><T7/><D134/><U93/><E106/><AGARI ba="0,1" hai="7,10,15,42,44,51,53,55,78,80,86,98,101,106" machi="106" ten="30,3900,0" yaku="7,1,25,2" doraHai="22" who="0" fromWho="1" sc="383,49,123,-39,405,0,79,0" /><INIT seed="6,0,0,2,3,49" ten="432,84,405,79" oya="2" hai0="114,55,64,51,17,32,135,131,59,66,81,106,117" hai1="93,128,11,18,104,27,67,91,10,34,120,57,97" hai2="126,8,111,95,102,78,122,130,28,63,77,69,38" hai3="47,116,99,115,61,31,68,48,127,108,23,44,109"/><V45/><F122/><W33/><G116/><T72/><D114/><U119/><E119/><V20/><F126/><W7/><G127/><T79/><D117/><U54/><E128/><V26/><F130/><W90/><G33/><T88/><D106/><U15/><E120/><V21/><F111/><W85/><G115/><T19/><D32/><U98/><E67/><V14/><F21/><W4/><G108/><T2/><D2/><U56/><E56/><V103/><F69/><W100/><G109/><T12/><D19/><U134/><E134/><V0/><F0/><W83/><G68/><T39/><D39/><U92/><E104/><V65/><F65/><W53/><G61/><T94/><D135/><U43/><E43/><V87/><F63/><W25/><REACH who="3" step="1"/><G44/><REACH who="3" ten="432,84,405,69" step="2"/><T40/><D131/><U112/><E112/><V71/><F71/><W73/><G73/><T84/><REACH who="0" step="1"/><D40/><REACH who="0" ten="422,84,405,69" step="2"/><U86/><E34/><V121/><F121/><W74/><G74/><T1/><D1/><U123/><E123/><V125/><F125/><W133/><G133/><T41/><D41/><U30/><E30/><V80/><F38/><W118/><G118/><T129/><D129/><U105/><E105/><AGARI ba="0,2" hai="4,7,23,25,31,47,48,53,83,85,90,99,100,105" machi="105" ten="30,3900,0" yaku="1,1,7,1,52,1,53,0" doraHai="49" doraHaiUra="36" who="3" fromWho="1" sc="422,0,84,-39,405,0,69,59" /><INIT seed="7,0,0,3,3,126" ten="422,45,405,128" oya="3" hai0="32,96,48,69,135,101,16,62,84,12,49,95,34" hai1="106,61,39,38,98,70,130,59,8,82,134,76,67" hai2="74,53,105,22,73,21,88,92,51,78,81,68,33" hai3="55,77,123,52,75,124,25,35,24,13,9,3,58"/><W6/><G123/><T120/><D120/><U47/><E134/><V129/><F33/><W26/><G124/><T63/><D135/><U71/><E71/><V19/><F68/><W54/><G75/><T107/><D34/><U93/><E8/><V114/><F105/><W116/><G116/><T11/><D32/><U132/><E132/><V31/><F129/><W14/><G77/><T109/><D109/><U127/><E127/><V23/><F114/><W30/><G14/><T86/><D107/><U115/><E115/><V131/><F131/><W27/><G3/><T121/><D69/><U1/><E1/><V89/><F74/><W56/><AGARI ba="0,0" hai="6,9,13,24,25,26,27,30,35,52,54,55,56,58" machi="56" ten="40,3900,0" yaku="0,1,54,1" doraHai="126" who="3" fromWho="3" sc="422,-13,45,-13,405,-13,128,39" /><INIT seed="7,1,0,4,3,111" ten="409,32,392,167" oya="3" hai0="41,132,49,115,112,125,119,2,80,30,29,47,103" hai1="37,120,97,6,94,114,62,26,40,39,24,74,0" hai2="79,108,75,87,20,60,107,96,57,45,109,11,76" hai3="4,32,25,135,77,44,128,86,68,102,131,1,83"/><W118/><G118/><T33/><D119/><U54/><E120/><V52/><F75/><W53/><G68/><T27/><D2/><U38/><E74/><V100/><F11/><W22/><G32/><T50/><D132/><U98/><E0/><V19/><F45/><W46/><G135/><T95/><D125/><U72/><E72/><V127/><F127/><W13/><G102/><T134/><D80/><U16/><E6/><V23/><F23/><W12/><G12/><T133/><D30/><U110/><E110/><V36/><F36/><W129/><G53/><T104/><D50/><U34/><E40/><V59/><F59/><W117/><G117/><T7/><D7/><U69/><E69/><V116/><F116/><W106/><G106/><T65/><D104/><U92/><E34/><V124/><F124/><W105/><G105/><T73/><D73/><U81/><E81/><V51/><F60/><W5/><G13/><T82/><D82/><U71/><E71/><V9/><F9/><W31/><G4/><T55/><D65/><U8/><E62/><V14/><F76/><W15/><G15/><T3/><D41/><U70/><E70/><V93/><F79/><W89/><G77/><T63/><D63/><U61/><E61/><V48/><F48/><W126/><G126/><T42/><D42/><U21/><E54/><V123/><F123/><W130/><N who="3" m="32768" /><DORA hai="85" /><W121/><G121/><T67/><D67/><U99/><E8/><AGARI ba="1,0" hai="1,5,8,22,25,31,44,46,83,86,89" m="32768" machi="8" ten="70,6800,0" yaku="19,1,52,1" doraHai="111,85" who="3" fromWho="1" sc="409,0,32,-71,392,0,167,71" owari="409,51.0,-39,-54.0,392,19.0,238,-16.0" /></mjloggm>