<mjloggm ver="2.3"><GO type="169" lobby="0"/><UN n0="%E9%B3%A9%E3%82%8A%E3%82%85%E3%81%86%E3%81%8F%E3%82%93" n1="%E4%BC%8A%E8%97%A4%E4%B8%87%E7%90%86%E8%8F%AF" n2="%E5%A4%A7%E8%B3%A2%E8%89%AF%E5%B8%AB" n3="%67%75%73%68" dan="16,16,16,16" rate="2115.59,2155.08,2069.65,2139.39" sx="M,F,M,M"/><TAIKYOKU oya="0"/><INIT seed="0,0,0,4,5,113" ten="250,250,250,250" oya="0" hai0="134,84,52,110,119,29,75,59,19,130,67,114,135" hai1="49,53,70,63,102,86,131,38,42,129,83,9,96" hai2="68,28,121,82,10,93,124,58,44,112,17,122,91" hai3="24,43,14,12,51,107,73,100,109,16,103,128,105"/><T62/><D114/><U6/><E38/><V36/><F112/><W61/><G73/><T32/><D75/><U15/><E70/><V133/><F68/><W45/><G109/><T81/><D110/><U41/><E63/><V35/><F133/><N who="0" m="50698" /><D130/><U115/><E115/><V76/><F124/><W106/><G128/><T50/><D32/><U79/><E129/><V23/><F35/><W111/><G111/><T20/><D29/><U132/><E132/><V125/><F28/><W72/><G72/><T27/><D119/><U90/><E79/><V48/><F125/><W99/><G61/><T46/><D84/><U47/><REACH who="1" step="1"/><E131/><REACH who="1" ten="250,240,250,250" step="2"/><V2/><F36/><W33/><G33/><T126/><D126/><U71/><E71/><V13/><F76/><W88/><G24/><T101/><D101/><U55/><E55/><V34/><F34/><W120/><G120/><T57/><D81/><U8/><E8/><V22/><F10/><W7/><G12/><T64/><D64/><U31/><E31/><V25/><F82/><W74/><G74/><T95/><D95/><AGARI ba="0,1" hai="6,9,15,41,42,47,49,53,83,86,90,95,96,102" machi="95" ten="30,3900,0" yaku="1,1,7,1,8,1,53,0" doraHai="113" doraHaiUra="30" who="1" fromWho="0" sc="250,-39,240,49,250,0,250,0" /><INIT seed="1,0,0,3,2,106" ten="211,289,250,250" oya="1" hai0="62,95,96,124,29,82,23,89,56,130,14,63,28" hai1="116,118,12,2,3,74,122,88,65,135,133,79,112" hai2="86,121,20,83,45,34,67,30,5,57,92,110,123" hai3="42,61,6,40,131,73,21,75,17,13,44,49,132"/><U1/><E112/><V55/><F34/><W103/><G132/><N who="1" m="50762" /><E122/><V99/><F110/><W19/><G131/><T115/><D130/><U119/><E65/><V48/><F5/><W60/><G6/><T97/><D115/><U41/><E41/><V111/><F111/><W39/><G103/><T22/><D124/><U105/><E12/><V84/><F30/><W134/><G134/><T78/><D97/><U68/><E105/><V109/><F109/><W38/><G49/><T58/><D23/><U53/><E53/><V47/><F20/><W0/><G0/><T91/><D91/><U27/><E27/><V114/><F114/><W120/><G120/><T94/><D94/><U93/><E68/><V4/><F123/><W51/><G51/><T127/><D127/><U76/><E74/><V104/><F104/><W15/><REACH who="3" step="1"/><G21/><REACH who="3" ten="211,289,250,240" step="2"/><T46/><D22/><U36/><E36/><V85/><F121/><W126/><G126/><T125/><D125/><U90/><E90/><V31/><F48/><W69/><G69/><T77/><D89/><U70/><E70/><V50/><F50/><W64/><G64/><T16/><D29/><U100/><E100/><V72/><F67/><W52/><G52/><T37/><D28/><U54/><E54/><V117/><F31/><W9/><G9/><T35/><D37/><U18/><E18/><V43/><F55/><W8/><G8/><T113/><D16/><U59/><E59/><V66/><F57/><W32/><G32/><T25/><D58/><U98/><AGARI ba="0,1" hai="1,2,3,76,79,88,93,98,116,118,119" m="50762" machi="98" ten="50,4800,0" yaku="20,1,54,1" doraHai="106" who="1" fromWho="1" sc="211,-16,289,58,250,-16,240,-16" /><INIT seed="1,1,0,3,0,27" ten="195,347,234,224" oya="1" hai0="109,8,65,72,31,36,88,69,30,9,106,37,40" hai1="133,22,80,83,5,18,4,73,131,79,23,57,74" hai2="15,87,63,112,54,78,101,67,29,21,102,134,32" hai3="60,128,103,92,11,90,132,33,41,108,51,55,122"/><U47/><E131/><V7/><F112/><W95/><G122/><T53/><D106/><U77/><E133/><V28/><F32/><W85/><G128/><T19/><D72/><U105/><E105/><V96/><F134/><W70/><G132/><T123/><D123/><U116/><E116/><V135/><F135/><W97/><G33/><T61/><D53/><U66/><E47/><V120/><F120/><W38/><G108/><T39/><D40/><U127/><E127/><V49/><F78/><W20/><G38/><T0/><D109/><U34/><E34/><V86/><F7/><W50/><G41/><T24/><D0/><U125/><E125/><V48/><F15/><W84/><G11/><T114/><D114/><U126/><E126/><V17/><F17/><W56/><G70/><T81/><D9/><U130/><E130/><V76/><F21/><W111/><G111/><T107/><D107/><U117/><E117/><V124/><F124/><W12/><G85/><N who="2" m="32265" /><F76/><W64/><G55/><T99/><D81/><U98/><E98/><V26/><F26/><W3/><G3/><T91/><D99/><U46/><E23/><V45/><F49/><W58/><G58/><T42/><D42/><U119/><E119/><V10/><F10/><W75/><G75/><T35/><REACH who="0" step="1"/><D31/><REACH who="0" ten="185,347,234,224" step="2"/><N who="2" m="11850" /><F96/><W100/><G103/><T1/><D1/><U93/><E74/><V59/><AGARI ba="1,1" hai="45,48,54,59,63,67,101,102" m="11850,32265" machi="59" ten="30,7900,0" yaku="8,1,52,3" doraHai="27" who="2" fromWho="2" sc="185,-21,347,-40,234,92,224,-21" /><INIT seed="2,0,0,5,1,17" ten="164,307,326,203" oya="2" hai0="40,49,87,34,18,102,36,132,26,12,3,1,5" hai1="103,43,95,42,105,118,25,35,54,133,28,124,99" hai2="37,58,19,75,78,57,104,7,51,53,121,2,33" hai3="130,128,29,21,20,97,107,55,23,88,108,22,6"/><V74/><F121/><W89/><G108/><T119/><D132/><U101/><E118/><V70/><F70/><W126/><G126/><T115/><D115/><U4/><E133/><V65/><F37/><W64/><G6/><T113/><D113/><U125/><E4/><V122/><F122/><W38/><G38/><T13/><D119/><U92/><E54/><V98/><F33/><W45/><G64/><T14/><D36/><U123/><E123/><V120/><F120/><W85/><N who="3" m="5120" /><DORA hai="68" /><W11/><G11/><T111/><D102/><U71/><E71/><V134/><F134/><W86/><G29/><T81/><D111/><U32/><E32/><V15/><F2/><N who="0" m="522" /><D34/><U76/><E76/><V109/><F78/><W94/><G107/><T59/><D26/><U52/><E105/><V73/><F7/><W90/><G85/><T69/><D69/><U60/><E124/><V0/><F0/><W30/><G30/><T8/><D18/><U72/><E72/><V47/><F109/><W91/><G86/><T131/><D131/><N who="3" m="50217" /><G45/><N who="0" m="25767" /><D59/><U48/><E125/><V27/><F27/><W84/><G55/><T96/><D96/><U83/><E99/><V114/><F98/><W61/><G84/><T127/><D127/><U80/><E25/><V62/><F104/><W67/><G91/><T50/><D50/><U110/><E48/><V63/><F114/><W77/><G77/><AGARI ba="0,0" hai="5,8,12,13,14,77,81,87" m="25767,522" machi="77" ten="30,1000,0" yaku="25,1" doraHai="17,68" who="0" fromWho="3" sc="164,10,307,0,326,0,203,-10" /><INIT seed="3,0,0,4,0,34" ten="174,307,326,193" oya="3" hai0="42,79,90,35,0,118,4,109,132,107,108,5,16" hai1="92,38,50,28,113,39,11,70,6,112,44,103,8" hai2="105,99,74,60,100,66,3,2,93,115,23,114,127" hai3="63,129,7,94,27,18,1,57,89,67,71,126,13"/><W36/><G36/><T91/><D118/><U62/><E28/><V133/><F23/><W111/><G129/><T98/><D35/><U12/><E70/><N who="2" m="42311" /><F93/><W40/><G40/><T95/><D132/><U87/><E11/><V14/><F14/><W130/><G130/><T102/><D42/><U104/><E104/><V72/><F133/><W55/><G126/><T76/><D91/><U65/><E112/><N who="2" m="43051" /><F127/><W58/><G111/><N who="0" m="42571" /><D16/><U116/><E113/><V24/><F24/><W81/><G81/><T68/><D68/><U86/><E103/><V82/><F82/><W124/><G27/><T47/><D47/><U52/><E116/><V61/><F61/><W48/><G124/><T131/><D131/><U128/><E128/><V123/><F123/><W45/><G13/><T49/><D5/><U22/><E22/><V20/><F20/><W15/><G15/><T122/><D122/><U33/><E33/><V51/><F51/><W125/><G18/><T46/><D4/><U97/><E6/><V64/><F64/><W117/><G125/><T80/><D80/><U119/><E12/><V134/><F134/><W53/><G117/><T120/><D120/><U10/><E119/><V19/><F19/><W85/><REACH who="3" step="1"/><G55/><REACH who="3" ten="174,307,326,183" step="2"/><T41/><D41/><U75/><E52/><V59/><F59/><W83/><G83/><T106/><D106/><U56/><E56/><V69/><F69/><W73/><G73/><AGARI ba="0,1" hai="2,3,72,73,74,99,100,105" m="43051,42311" machi="73" ten="30,3900,0" yaku="23,1,52,2" doraHai="34" who="2" fromWho="3" sc="174,0,307,0,326,49,183,-39" /><INIT seed="4,0,0,4,2,19" ten="174,307,375,144" oya="0" hai0="135,133,68,97,87,56,70,115,127,45,90,33,73" hai1="13,53,129,12,28,43,91,102,44,40,65,48,121" hai2="78,42,69,38,39,36,83,31,29,109,80,107,119" hai3="67,76,25,123,104,105,1,134,81,99,5,86,0"/><T98/><D73/><U27/><E121/><V79/><F109/><W30/><G134/><N who="0" m="51211" /><D33/><U118/><E118/><V34/><F107/><W26/><G123/><T58/><D45/><U18/><E129/><V96/><F96/><N who="0" m="36970" /><D115/><U88/><E102/><V74/><F119/><W112/><G112/><T101/><D101/><U93/><E65/><V4/><F4/><W131/><G131/><T15/><D15/><U16/><E13/><V128/><F128/><W103/><G105/><T32/><D32/><U21/><E18/><V72/><F69/><N who="0" m="26730" /><D127/><U77/><E77/><V100/><F100/><W82/><G5/><T132/><N who="0" m="51219" /><T64/><DORA hai="35" /><D64/><U60/><E60/><V14/><F14/><W57/><G25/><T10/><D10/><U116/><E116/><V55/><F34/><W24/><G24/><T47/><D47/><U75/><E75/><V122/><F122/><W20/><REACH who="3" step="1"/><G82/><AGARI ba="0,0" hai="56,58,82,87,90" m="26730,36970,51219" machi="82" ten="50,2400,0" yaku="20,1" doraHai="19,35" who="0" fromWho="3" sc="174,24,307,0,375,0,144,-24" /><INIT seed="4,1,0,4,4,17" ten="198,307,375,120" oya="0" hai0="67,71,35,105,129,31,39,98,69,116,76,115,106" hai1="60,56,26,99,42,22,54,117,119,38,48,20,32" hai2="13,30,95,79,132,124,52,94,110,108,1,88,18" hai3="0,23,135,24,50,75,133,62,63,14,7,28,21"/><T36/><D116/><U44/><E32/><V126/><F1/><W2/><G75/><T89/><D89/><U81/><E81/><V46/><F30/><W130/><G130/><T101/><D115/><U11/><E11/><V37/><F79/><W125/><G125/><N who="2" m="48233" /><F132/><N who="3" m="50763" /><G50/><T68/><D129/><U87/><E87/><N who="2" m="52511" /><F95/><W122/><G122/><T45/><D76/><U134/><E134/><V73/><F73/><W5/><G63/><N who="0" m="40063" /><D106/><U3/><E3/><N who="3" m="1066" /><G62/><T6/><D6/><N who="3" m="2057" /><G14/><T27/><D39/><U15/><E99/><V53/><F37/><W120/><G120/><T61/><D61/><U74/><E74/><V77/><F77/><W8/><G8/><T65/><D65/><U33/><E38/><V10/><F46/><W102/><G102/><T16/><D16/><U107/><E107/><V83/><F83/><W57/><G57/><T25/><D25/><U118/><REACH who="1" step="1"/><E15/><REACH who="1" ten="198,297,375,120" step="2"/><V41/><F13/><W72/><G72/><T84/><D84/><U96/><E96/><V4/><F110/><W91/><G91/><T93/><D93/><U92/><E92/><V49/><F108/><W19/><G19/><T123/><D123/><U55/><E55/><V86/><F18/><W40/><G40/><AGARI ba="1,1" hai="27,31,35,36,40,45,69,71,98,101,105" m="40063" machi="40" ten="30,5800,0" yaku="25,1,33,2" doraHai="17" who="0" fromWho="3" sc="198,71,297,0,375,0,120,-61" /><INIT seed="4,2,0,3,1,31" ten="269,297,375,59" oya="0" hai0="22,42,38,15,82,71,131,34,107,101,13,109,5" hai1="63,118,97,106,79,134,117,7,59,73,56,104,83" hai2="19,130,112,69,111,11,116,74,84,9,99,124,81" hai3="54,75,121,129,125,12,80,123,35,53,10,114,55"/><T103/><D71/><U28/><E134/><V45/><F111/><W93/><G114/><T119/><D119/><U88/><E7/><V25/><F112/><W4/><G125/><T30/><D109/><U44/><E28/><V40/><F69/><W102/><G129/><T89/><D107/><U14/><E14/><V135/><F130/><W96/><G75/><T105/><D105/><U98/><E104/><V61/><F74/><W64/><G64/><T128/><D38/><U27/><E27/><V18/><F124/><W50/><G80/><T0/><D42/><U68/><E68/><V132/><F116/><W85/><G85/><N who="0" m="50359" /><D15/><U20/><E106/><V62/><F99/><W122/><REACH who="3" step="1"/><G35/><REACH who="3" ten="269,297,375,49" step="2"/><T92/><D131/><U78/><E73/><V2/><F84/><W86/><G86/><T33/><D34/><U17/><E83/><V41/><F81/><W113/><G113/><T1/><D33/><U26/><E117/><V94/><F135/><W95/><G95/><T23/><D92/><U39/><E118/><V91/><F94/><W110/><G110/><T115/><D115/><U87/><E87/><V48/><F132/><W36/><G36/><T37/><D37/><U43/><E39/><V47/><F91/><W52/><G52/><T67/><D67/><U126/><E126/><V24/><F2/><W6/><G6/><T100/><D1/><U70/><E98/><V77/><F77/><W21/><G21/><N who="0" m="7691" /><D128/><U72/><E72/><V29/><F29/><W58/><AGARI ba="2,1" hai="4,10,12,50,53,54,55,58,93,96,102,121,122,123" machi="58" ten="30,4000,0" yaku="1,1,0,1,13,1,53,0" doraHai="31" doraHaiUra="127" who="3" fromWho="3" sc="269,-22,297,-12,375,-12,49,56" /><INIT seed="5,0,0,1,2,55" ten="247,285,363,105" oya="1" hai0="79,50,129,135,1,116,102,108,51,0,42,30,23" hai1="43,82,98,121,20,104,53,19,130,99,68,126,17" hai2="83,77,56,28,117,89,69,109,97,112,70,44,91" hai3="40,86,15,119,65,120,33,11,32,127,18,10,61"/><U37/><E121/><V94/><F109/><W114/><G120/><T59/><D108/><U6/><E68/><V93/><F117/><W110/><G110/><T48/><D116/><U45/><E126/><V134/><F112/><W125/><G119/><T80/><D135/><U9/><E130/><V49/><F134/><W31/><G114/><T7/><D129/><U73/><E104/><V64/><F28/><W8/><G40/><T96/><D42/><U4/><E4/><V122/><F122/><W92/><G86/><T29/><D29/><U111/><E19/><V24/><F24/><N who="3" m="18535" /><G92/><T47/><D47/><U46/><E111/><V22/><F22/><N who="3" m="11615" /><G61/><T131/><D131/><U34/><E34/><V84/><F64/><W132/><G65/><T60/><D7/><U85/><E46/><V3/><F3/><W27/><G132/><T54/><D23/><U100/><E53/><V26/><F26/><W78/><G78/><T41/><D30/><AGARI ba="0,0" hai="8,10,11,27,30,33,125,127" m="11615,18535" machi="30" ten="30,2000,0" yaku="34,2" doraHai="55" who="3" fromWho="0" sc="247,-20,285,0,363,0,105,20" /><INIT seed="6,0,0,3,4,81" ten="227,285,363,125" oya="2" hai0="9,39,111,119,61,44,88,16,67,38,14,69,58" hai1="126,121,17,62,48,85,93,59,122,47,60,19,10" hai2="131,29,117,55,46,3,20,106,104,75,21,41,51" hai3="64,0,83,134,125,103,2,128,73,129,94,53,32"/><V22/><F117/><W113/><G32/><T72/><D111/><U101/><E126/><V74/><F131/><N who="3" m="50251" /><G125/><T84/><D119/><U123/><E10/><V45/><F3/><N who="3" m="1067" /><G64/><T91/><D72/><U86/><E101/><V96/><F29/><W33/><G33/><T90/><D44/><U133/><E133/><V57/><F46/><W116/><G116/><T49/><D49/><U28/><E28/><V124/><F124/><W132/><G113/><T100/><D100/><U76/><E76/><V77/><F77/><N who="3" m="44463" /><G53/><T12/><D69/><U43/><E62/><V135/><F135/><N who="3" m="51755" /><G94/><N who="0" m="54535" /><D39/><U11/><E93/><V40/><F75/><W42/><G103/><T1/><D38/><U99/><E99/><V65/><F74/><W87/><G42/><T102/><D1/><U27/><E11/><V54/><F65/><W78/><G78/><T15/><D102/><U82/><E82/><V24/><F41/><W7/><G7/><N who="0" m="3135" /><D15/><U80/><E80/><V23/><F40/><W114/><G114/><T5/><D5/><U34/><E34/><V105/><F55/><W110/><G87/><N who="1" m="33290" /><E27/><V26/><N who="2" m="5632" /><DORA hai="13" /><V8/><F8/><AGARI ba="0,0" hai="8,14,16,58,61,67,90,91" m="3135,54535" machi="8" ten="30,8000,1" yaku="8,1,52,2,54,2" doraHai="81,13" who="0" fromWho="2" sc="227,80,285,0,363,-80,125,0" /><INIT seed="7,0,0,2,5,127" ten="307,285,283,125" oya="3" hai0="36,71,123,65,19,105,51,44,60,118,82,12,81" hai1="0,32,83,41,117,43,3,121,13,11,5,85,98" hai2="45,58,7,27,68,106,99,97,108,131,132,89,17" hai3="28,40,63,134,101,50,69,1,104,77,42,64,67"/><W116/><G116/><T31/><D123/><U135/><E121/><V107/><F68/><W76/><G134/><T10/><D118/><U74/><E32/><V80/><F132/><W75/><G1/><T78/><D105/><U120/><E120/><V113/><F108/><W130/><G67/><T62/><D36/><U72/><E135/><V56/><F113/><W38/><G50/><T122/><D122/><U93/><E117/><V84/><F107/><W79/><G75/><T129/><D129/><U53/><E72/><V103/><F7/><W52/><G38/><T114/><D114/><U115/><E74/><V18/><F131/><W34/><G52/><T55/><D78/><U111/><E111/><V92/><F45/><W14/><G14/><T9/><D31/><U22/><E115/><V23/><REACH who="2" step="1"/><F17/><REACH who="2" ten="307,285,273,125" step="2"/><W8/><G130/><T112/><D112/><U16/><E0/><V54/><F54/><W26/><REACH who="3" step="1"/><G8/><REACH who="3" ten="307,285,273,115" step="2"/><T86/><D10/><U110/><E53/><V66/><F66/><W96/><AGARI ba="0,2" hai="26,28,34,40,42,63,64,69,76,77,79,96,101,104" machi="96" ten="30,12000,1" yaku="1,1,2,1,0,1,25,2,53,0" doraHai="127" doraHaiUra="15" who="3" fromWho="3" sc="307,-40,285,-40,273,-40,115,140" /><INIT seed="7,1,0,4,5,84" ten="267,245,233,255" oya="3" hai0="87,119,8,99,122,129,9,4,74,15,11,50,105" hai1="110,37,64,29,56,114,36,112,14,5,28,45,125" hai2="97,126,108,113,95,7,58,51,81,52,101,31,42" hai3="57,104,3,90,26,111,93,54,115,16,109,47,85"/><W88/><G3/><T32/><D122/><U120/><E120/><V21/><F108/><N who="3" m="41547" /><G115/><N who="1" m="44074" /><E110/><V2/><F113/><W89/><G104/><T30/><D119/><U71/><E71/><V69/><F69/><W65/><G65/><T72/><D129/><U25/><E125/><V127/><F42/><W75/><G47/><T27/><D11/><N who="1" m="4463" /><E45/><V33/><F33/><W12/><G26/><T18/><D50/><U76/><E76/><V61/><F81/><W49/><G75/><T124/><D124/><N who="2" m="47658" /><F7/><W35/><G35/><T77/><D77/><U34/><E29/><V20/><F2/><W23/><AGARI ba="1,0" hai="12,16,23,49,54,57,85,88,89,90,93" m="41547" machi="23" ten="30,18000,2" yaku="25,1,10,1,52,3,54,2" doraHai="84" who="3" fromWho="3" sc="267,-61,245,-61,233,-61,255,183" owari="206,1.0,184,-22.0,172,-33.0,438,54.0" /></mjloggm>