<mjloggm ver="2.3"><GO type="185" lobby="0"/><UN n0="%E5%B0%8F%E5%B7%9D%2E%63%6F%6D" n1="%E3%81%9F%E3%82%93%E3%82%86%E3%81%86" n2="%E4%B8%96%E7%9B%B4%E3%81%97%E4%BA%BA" n3="" dan="16,16,17,0" rate="2125.75,2252.69,2247.59,1500.00" sx="M,F,M,C"/><TAIKYOKU oya="0"/><INIT seed="0,0,0,5,1,56" ten="350,350,350,0" oya="0" hai0="60,47,36,114,104,110,62,74,91,93,115,34,99" hai1="35,57,0,63,81,125,92,78,59,120,121,94,109" hai2="1,55,124,112,107,54,51,122,45,106,77,72,66" hai3=""/><T83/><D34/><U118/><N who="1" m="30752" /><U79/><N who="1" m="31008" /><U87/><E35/><V40/><N who="2" m="31264" /><V39/><F112/><T37/><D110/><U85/><E0/><V73/><F1/><T61/><D104/><U97/><E118/><V3/><F3/><T80/><D80/><U117/><E117/><V90/><F124/><T89/><D89/><U76/><E125/><V84/><F66/><T58/><D58/><U113/><E109/><V33/><F33/><T129/><D129/><U53/><E113/><V71/><F71/><T38/><REACH who="0" step="1"/><D47/><REACH who="0" ten="340,350,350,0" step="2"/><U75/><E75/><V132/><F73/><T134/><D134/><U69/><E69/><V131/><F132/><T101/><D101/><U116/><E116/><V41/><F131/><T44/><D44/><U2/><E2/><V48/><F72/><T96/><D96/><U82/><E78/><AGARI ba="0,1" hai="36,37,38,60,61,62,74,78,83,91,93,99,114,115" machi="78" ten="50,12000,1" yaku="1,1,52,3,53,1" doraHai="56" doraHaiUra="95" who="0" fromWho="1" sc="340,130,350,-120,350,0,0,0" /><INIT seed="0,1,0,0,0,105" ten="470,230,350,0" oya="0" hai0="52,88,48,110,1,117,100,120,94,60,99,122,49" hai1="118,33,89,57,59,102,119,112,109,129,40,46,115" hai2="82,90,97,79,62,61,3,44,126,75,123,43,41" hai3=""/><T87/><N who="0" m="30752" /><T53/><N who="0" m="31264" /><T125/><D117/><N who="1" m="44555" /><E33/><V96/><N who="2" m="31520" /><V64/><F3/><T95/><D1/><U55/><E89/><V114/><F114/><N who="1" m="43561" /><E102/><V47/><F126/><T83/><D110/><U35/><E35/><V103/><F90/><T113/><D125/><U63/><E59/><V67/><F103/><T74/><D113/><U2/><E2/><V85/><F85/><T92/><D92/><U107/><E107/><V78/><REACH who="2" step="1"/><F82/><REACH who="2" ten="470,230,340,0" step="2"/><T45/><D83/><U34/><E34/><V121/><N who="2" m="31008" /><V93/><F93/><T116/><D94/><U71/><E109/><V69/><F69/><T135/><D116/><U68/><E129/><V81/><F81/><T111/><D100/><U134/><E134/><V108/><F108/><T101/><D111/><U130/><E130/><V131/><F131/><T39/><D135/><U132/><E132/><V65/><F65/><T32/><D32/><U54/><E71/><V56/><F56/><T0/><D0/><U58/><E68/><V36/><F36/><T91/><D101/><U42/><E58/><V70/><F70/><T77/><D91/><U124/><E124/><V104/><F104/><T84/><D88/><U72/><E57/><V98/><F98/><RYUUKYOKU ba="1,1" sc="470,-10,230,-10,340,20,0,0" hai2="41,43,44,47,61,62,64,67,75,78,79,96,97" /><INIT seed="1,2,1,3,2,54" ten="460,220,360,0" oya="1" hai0="118,56,125,116,59,90,50,81,105,112,88,114,75" hai1="43,77,49,128,87,63,129,130,134,3,35,85,99" hai2="97,124,53,73,71,0,38,47,62,106,135,83,107" hai3=""/><U119/><E3/><V40/><F0/><T91/><D50/><U82/><E35/><V131/><F131/><T32/><D32/><U123/><N who="1" m="31520" /><U94/><E119/><N who="0" m="45609" /><D105/><U121/><N who="1" m="31008" /><U39/><E39/><V44/><F135/><T69/><D69/><U72/><E134/><V103/><F124/><T46/><D46/><U2/><E2/><V110/><F107/><T132/><D125/><U57/><E49/><V70/><F110/><T133/><D132/><U60/><E60/><V55/><F47/><T76/><D133/><U74/><E74/><V108/><F108/><T109/><D109/><U89/><E43/><V42/><F42/><T34/><D34/><U93/><E94/><V101/><F55/><AGARI ba="2,1" hai="55,57,63,72,77,82,85,87,89,93,99,128,129,130" m="31008,31520" machi="55" ten="40,12000,1" yaku="19,1,52,3" doraHai="54" who="1" fromWho="2" sc="460,0,220,134,360,-124,0,0" /><INIT seed="1,3,0,2,0,73" ten="460,354,236,0" oya="1" hai0="57,39,104,34,71,130,3,64,91,101,44,85,53" hai1="129,121,110,68,76,124,33,37,99,42,105,69,119" hai2="46,51,81,106,84,55,102,66,93,126,97,0,88" hai3=""/><U82/><RYUUKYOKU type="yao9" ba="3,0" sc="460,0,354,0,236,0,0,0" hai1="33,37,42,68,69,76,82,99,105,110,119,121,124,129" /><INIT seed="1,4,0,1,4,41" ten="460,354,236,0" oya="1" hai0="112,93,36,42,116,97,62,37,119,115,55,81,117" hai1="53,56,111,70,64,83,108,123,85,80,131,71,91" hai2="104,33,120,54,82,34,66,77,49,63,73,110,1" hai3=""/><U40/><N who="1" m="31520" /><U72/><E131/><V89/><N who="2" m="30752" /><V39/><F1/><T130/><D130/><U88/><E40/><V76/><F39/><T45/><D36/><U106/><E106/><V59/><F104/><T129/><D129/><U90/><E72/><V87/><F110/><N who="1" m="42025" /><E64/><V38/><F38/><T92/><D81/><N who="1" m="31307" /><E85/><V98/><F98/><T99/><D99/><U67/><E67/><V95/><REACH who="2" step="1"/><F77/><REACH who="2" ten="460,354,226,0" step="2"/><T61/><D97/><U101/><E101/><V126/><F126/><T86/><D119/><U35/><E35/><V47/><AGARI ba="4,1" hai="33,34,47,49,54,59,63,66,73,76,82,87,89,95" m="30752" machi="47" ten="20,6000,1" yaku="1,1,0,1,7,1,52,2,53,0" doraHai="41" doraHaiUra="135" who="2" fromWho="2" sc="460,-24,354,-44,226,78,0,0" /><INIT seed="2,0,0,5,2,68" ten="436,310,304,0" oya="2" hai0="50,42,41,115,108,61,78,98,87,39,69,38,51" hai1="97,96,118,81,93,84,70,80,94,46,95,67,63" hai2="76,79,125,129,82,114,34,110,74,99,58,112,128" hai3=""/><V72/><F58/><T36/><D98/><U77/><E118/><V66/><F66/><T86/><D78/><U37/><REACH who="1" step="1"/><E81/><REACH who="1" ten="436,300,304,0" step="2"/><V127/><F34/><T3/><D115/><U134/><E134/><V75/><F99/><T83/><D83/><U116/><E116/><V111/><F75/><T132/><D132/><U104/><E104/><V106/><F82/><T130/><D86/><U45/><E45/><V55/><F55/><T85/><D85/><U56/><E56/><V107/><AGARI ba="0,1" hai="72,74,76,79,106,107,110,111,112,114,125,127,128,129" machi="107" ten="25,12000,2" yaku="0,1,22,2,34,3" doraHai="68" who="2" fromWho="2" sc="436,-60,300,-60,304,130,0,0" /><INIT seed="2,1,0,4,1,70" ten="376,240,434,0" oya="2" hai0="95,79,116,111,64,123,75,55,68,97,65,44,108" hai1="2,83,102,77,51,96,1,98,105,101,74,50,84" hai2="89,129,32,61,82,49,128,43,133,36,38,40,121" hai3=""/><V100/><N who="2" m="31008" /><V134/><F100/><T127/><N who="0" m="31520" /><T53/><D116/><U45/><E50/><V58/><F32/><T130/><D75/><U114/><E114/><V110/><F82/><T69/><D79/><U57/><E57/><V59/><F89/><T52/><D130/><U90/><E51/><V124/><F49/><T120/><N who="0" m="30752" /><T42/><D127/><U39/><E45/><V48/><F48/><T125/><D125/><U73/><E39/><V104/><F104/><T94/><D68/><U72/><E2/><V33/><F33/><T107/><D107/><U113/><E1/><V76/><F76/><T86/><D86/><U47/><E47/><V37/><F38/><T56/><D94/><U85/><E113/><V117/><F124/><T71/><D95/><U46/><E46/><V66/><F110/><N who="0" m="42026" /><D97/><N who="1" m="37483" /><E105/><V63/><REACH who="2" step="1"/><F66/><REACH who="2" ten="376,240,424,0" step="2"/><T81/><D64/><U92/><AGARI ba="1,1" hai="72,73,74,77,83,84,85,90,92,101,102" m="37483" machi="92" ten="40,6000,1" yaku="35,5" doraHai="70" who="1" fromWho="1" sc="376,-21,240,72,424,-41,0,0" /><INIT seed="4,0,0,2,2,102" ten="355,312,383,0" oya="0" hai0="35,47,42,51,52,90,68,129,36,77,112,39,103" hai1="60,111,65,104,113,78,79,53,133,121,95,98,64" hai2="126,58,80,109,87,85,82,50,43,74,59,134,131" hai3=""/><T63/><D35/><U100/><N who="1" m="31008" /><U32/><E32/><V0/><F109/><T125/><D112/><U55/><E111/><V45/><F0/><T122/><N who="0" m="31264" /><T33/><D33/><U89/><E113/><V75/><F131/><T114/><D114/><U93/><E133/><V116/><F134/><T37/><D129/><U96/><E65/><V54/><F126/><T135/><D135/><U105/><E79/><V44/><F116/><T91/><D125/><U107/><REACH who="1" step="1"/><E78/><REACH who="1" ten="355,302,383,0" step="2"/><V72/><F82/><T62/><D77/><U115/><E115/><V38/><REACH who="2" step="1"/><F87/><REACH who="2" ten="355,302,373,0" step="2"/><T92/><D90/><AGARI ba="0,2" hai="38,43,44,45,50,54,58,59,72,74,75,80,85,90" machi="90" ten="40,5200,0" yaku="1,1,2,1,53,1" doraHai="102" doraHaiUra="83" who="2" fromWho="0" sc="355,-52,302,0,373,72,0,0" /><INIT seed="5,0,0,2,4,76" ten="303,302,445,0" oya="1" hai0="59,88,44,36,33,80,89,128,125,64,55,91,62" hai1="1,115,114,58,67,121,111,47,116,40,126,130,86" hai2="78,34,120,93,106,83,109,134,132,105,98,45,84" hai3=""/><U104/><N who="1" m="31008" /><U118/><E104/><V43/><N who="2" m="30752" /><V0/><F0/><T94/><D33/><U87/><E1/><V2/><F2/><T70/><D128/><U73/><E73/><V63/><F34/><T119/><D125/><U107/><E107/><V60/><F106/><T77/><D119/><U52/><E67/><V90/><F109/><T49/><D36/><U39/><E126/><V74/><F63/><T82/><D82/><U123/><N who="1" m="31520" /><U81/><E87/><V57/><F84/><T50/><D94/><U42/><E42/><V37/><REACH who="2" step="1"/><F105/><REACH who="2" ten="303,302,435,0" step="2"/><T122/><N who="0" m="31264" /><T117/><D62/><U41/><E111/><V35/><F35/><T112/><D70/><U124/><E124/><V129/><F129/><T92/><D92/><U75/><E130/><V32/><F32/><T71/><D71/><U102/><E75/><V85/><F85/><T113/><D112/><N who="1" m="43051" /><E102/><V54/><AGARI ba="0,1" hai="37,43,45,54,57,60,74,78,83,90,93,98,132,134" m="30752" machi="54" ten="30,6000,1" yaku="1,1,0,1,52,2,53,1" doraHai="76" doraHaiUra="56" who="2" fromWho="2" sc="303,-20,302,-40,435,70,0,0" /><INIT seed="6,0,0,2,2,93" ten="283,262,505,0" oya="2" hai0="110,62,132,68,128,65,108,49,50,78,115,85,106" hai1="54,0,129,38,123,104,35,82,75,122,95,107,44" hai2="2,80,51,124,37,87,105,53,43,109,77,67,1" hai3=""/><V52/><F105/><T71/><D106/><U56/><N who="1" m="31264" /><U88/><N who="1" m="31520" /><U70/><E70/><V126/><F67/><T131/><D71/><U113/><E0/><V58/><F53/><T134/><D115/><U39/><E35/><V73/><F109/><N who="0" m="42090" /><D85/><U83/><E113/><V79/><F77/><T120/><N who="0" m="30752" /><T61/><D61/><U114/><E114/><V89/><F2/><T36/><D36/><U86/><E129/><N who="0" m="49737" /><D78/><U135/><E135/><AGARI ba="0,0" hai="49,50,62,65,68,132,134,135" m="49737,30752,42090" machi="135" ten="40,8000,1" yaku="20,1,19,1,34,2,52,1" doraHai="93" who="0" fromWho="1" sc="283,80,262,-80,505,0,0,0" owari="363,-4.0,182,-42.0,505,46.0,0,0.0" /></mjloggm>