<mjloggm ver="2.3"><GO type="185" lobby="0"/><UN n0="%E6%B0%B7%E3%81%AE%4B" n1="%70%6F%6E%5F%6B%61%73%75" n2="%E3%81%97%E3%82%85%E3%81%B3%E8%81%B7%E4%BA%BA" n3="" dan="16,16,16,0" rate="2116.22,2179.06,2144.74,1500.00" sx="M,M,M,C"/><TAIKYOKU oya="0"/><INIT seed="0,0,0,1,3,35" ten="350,350,350,0" oya="0" hai0="125,87,77,83,53,49,127,41,48,66,75,44,50" hai1="65,85,95,91,124,97,32,47,108,57,104,132,76" hai2="134,106,112,117,121,55,119,71,107,59,2,93,34" hai3=""/><T79/><D66/><U116/><E32/><V78/><F78/><T102/><D102/><U51/><E116/><V40/><F93/><T133/><D133/><U81/><E132/><V33/><F40/><T94/><D79/><U111/><E124/><N who="0" m="47689" /><D53/><U80/><E104/><V88/><F88/><AGARI ba="0,0" hai="41,44,48,49,50,75,77,83,87,88,94" m="47689" machi="88" ten="30,2900,0" yaku="18,1,54,1" doraHai="35" who="0" fromWho="2" sc="350,29,350,0,350,-29,0,0" /><INIT seed="0,1,0,1,2,133" ten="379,350,321,0" oya="0" hai0="77,59,132,34,106,66,88,46,72,70,41,113,63" hai1="134,94,2,96,95,131,87,116,125,53,74,3,80" hai2="76,48,45,64,110,130,37,55,33,68,102,49,82" hai3=""/><T47/><D34/><U115/><E116/><V127/><F33/><T97/><D113/><U119/><E134/><V99/><F37/><T1/><D1/><U91/><E119/><V67/><F130/><T61/><D132/><U50/><E131/><V86/><F68/><T69/><D106/><U103/><E115/><V104/><F110/><T36/><D47/><U60/><E60/><V81/><F127/><T101/><D101/><U135/><E125/><V89/><REACH who="2" step="1"/><F48/><REACH who="2" ten="379,350,311,0" step="2"/><T128/><D128/><U109/><E109/><V92/><F92/><T129/><D129/><U121/><E135/><V100/><F100/><T83/><REACH who="0" step="1"/><D63/><REACH who="0" ten="369,350,311,0" step="2"/><U0/><N who="1" m="31008" /><U120/><N who="1" m="30752" /><U108/><E108/><V79/><F79/><T114/><D114/><U51/><E51/><V35/><F35/><T122/><N who="0" m="31264" /><T84/><D84/><AGARI ba="1,2" hai="45,49,55,64,67,76,81,82,84,86,89,99,102,104" machi="84" ten="30,3900,0" yaku="1,1,7,1,53,1" doraHai="133" doraHaiUra="85" who="2" fromWho="0" sc="369,-41,350,0,311,61,0,0" /><INIT seed="1,0,0,5,4,111" ten="328,350,372,0" oya="1" hai0="39,45,116,84,53,72,36,58,51,64,37,92,61" hai1="130,78,100,70,110,112,103,38,63,71,135,125,109" hai2="106,56,52,87,75,119,126,57,32,55,82,124,67" hai3=""/><U80/><E112/><V107/><F75/><T117/><D72/><U90/><E38/><V3/><F32/><T97/><REACH who="0" step="1"/><D84/><REACH who="0" ten="318,350,372,0" step="2"/><U115/><E110/><V41/><F87/><T132/><D132/><U101/><E109/><V60/><F3/><T133/><D133/><U81/><E135/><V43/><F119/><T85/><D85/><U105/><E130/><V113/><F82/><T86/><D86/><U98/><E80/><V49/><F124/><T131/><D131/><U42/><E81/><V77/><F126/><T65/><D65/><U54/><E125/><V88/><F67/><T48/><D48/><U108/><E108/><V50/><F50/><T120/><N who="0" m="30752" /><T2/><D2/><U47/><E78/><V104/><F77/><T68/><D68/><U44/><E70/><V129/><F129/><T1/><D1/><U35/><E71/><V96/><F49/><T94/><D94/><U34/><E34/><V123/><F107/><T66/><D66/><U83/><E35/><V69/><F106/><T46/><D46/><U99/><E47/><V79/><F69/><T122/><N who="0" m="31264" /><T118/><D118/><U62/><E44/><V74/><F104/><T128/><D128/><U93/><E105/><V89/><F123/><RYUUKYOKU ba="0,1" sc="318,20,350,-10,372,-10,0,0" hai0="36,37,39,45,51,53,58,61,64,92,97,116,117" /><INIT seed="2,1,1,3,5,42" ten="338,340,362,0" oya="2" hai0="104,133,122,87,65,62,124,56,51,69,118,45,59" hai1="79,72,92,90,54,0,91,95,80,83,131,47,32" hai2="68,94,75,114,89,127,82,102,99,86,105,41,110" hai3=""/><V3/><F68/><T52/><N who="0" m="31264" /><T64/><D118/><U67/><E131/><V50/><F3/><T132/><D104/><U88/><E0/><V101/><F50/><T33/><D33/><U71/><E32/><V78/><F41/><T61/><D124/><U109/><E83/><V97/><F127/><T60/><D87/><U1/><E1/><V108/><F114/><T120/><N who="0" m="30752" /><T70/><D59/><U43/><E54/><AGARI ba="1,1" hai="45,51,52,54,56,60,61,62,64,65,69,70,132,133" m="30752,31264" machi="54" ten="40,16000,3" yaku="9,1,34,3,52,3,54,1" doraHai="42" who="0" fromWho="1" sc="338,172,340,-162,362,0,0,0" /><INIT seed="4,0,0,2,4,82" ten="510,178,362,0" oya="0" hai0="111,118,78,88,37,131,89,98,61,52,113,48,0" hai1="125,119,106,76,109,36,55,120,130,59,114,69,70" hai2="129,73,93,95,71,58,72,121,3,79,77,41,86" hai3=""/><T90/><D0/><U64/><E76/><V92/><N who="2" m="31008" /><V44/><F71/><T2/><D2/><U94/><E94/><V108/><F3/><T75/><D118/><U99/><E99/><V123/><N who="2" m="31520" /><V91/><F108/><T34/><D111/><U128/><E106/><V96/><F58/><T122/><N who="0" m="31264" /><T67/><D34/><U101/><N who="1" m="30752" /><U133/><E101/><V124/><F124/><T104/><D37/><U127/><E109/><V60/><F60/><T116/><D116/><U49/><E119/><V42/><F42/><T68/><D131/><N who="1" m="50219" /><E36/><V103/><F129/><T35/><D35/><U33/><E33/><V100/><F73/><T62/><D113/><U97/><E97/><V56/><F72/><T46/><D104/><U134/><E114/><V81/><F77/><T40/><D75/><U85/><E85/><V132/><F79/><T54/><D78/><U51/><E51/><V66/><F96/><T135/><D135/><N who="1" m="51723" /><E64/><V53/><F66/><T63/><D98/><U39/><E39/><V50/><F132/><T47/><D67/><U105/><E105/><V57/><F100/><T43/><D90/><U117/><E117/><V83/><F103/><T84/><D89/><U102/><E102/><RYUUKYOKU ba="0,0" sc="510,-10,178,20,362,-10,0,0" hai1="49,55,59,69,70,125,127" /><INIT seed="5,1,0,1,5,121" ten="500,198,352,0" oya="1" hai0="47,113,56,77,45,51,116,80,37,64,35,119,38" hai1="70,88,69,68,91,83,40,135,71,41,107,34,53" hai2="85,62,60,120,67,59,90,2,84,94,122,32,130" hai3=""/><U43/><E34/><V111/><N who="2" m="30752" /><V132/><N who="2" m="31264" /><V114/><F32/><T57/><D35/><U33/><E33/><V96/><F2/><T99/><D99/><U104/><N who="1" m="17408" /><DORA hai="52" /><U128/><E135/><V75/><F62/><T66/><D113/><U112/><E112/><V131/><F75/><T49/><D80/><U36/><E36/><V54/><F67/><T95/><D95/><U100/><E128/><V72/><F72/><T42/><D77/><U86/><E100/><V117/><F132/><T115/><D115/><U105/><E53/><V92/><F54/><T109/><D42/><U46/><E46/><V124/><F114/><T101/><D101/><U123/><N who="1" m="31520" /><U3/><REACH who="1" step="1"/><E91/><REACH who="1" ten="500,188,352,0" step="2"/><V127/><F90/><T98/><D98/><U1/><AGARI ba="1,1" hai="1,3,40,41,43,83,86,88,104,105,107" m="31520,17408" machi="1" ten="70,16000,3" yaku="1,1,2,1,0,1,29,2,52,1,54,1,53,1" doraHai="121,52" doraHaiUra="108,87" who="1" fromWho="1" sc="500,-81,188,172,352,-81,0,0" /><INIT seed="5,2,0,3,1,53" ten="419,360,271,0" oya="1" hai0="78,105,71,33,35,66,74,87,99,41,91,59,116" hai1="73,84,104,47,93,122,130,52,75,49,1,51,45" hai2="120,36,108,95,132,100,119,79,129,101,55,113,57" hai3=""/><U86/><N who="1" m="31264" /><U37/><E1/><V63/><N who="2" m="30752" /><V34/><F34/><T65/><D116/><U81/><E104/><V42/><F119/><T112/><D71/><U110/><E37/><V80/><F108/><T46/><D112/><U118/><E118/><V82/><F113/><T126/><D74/><U109/><E130/><V67/><F129/><T54/><D126/><U83/><E93/><V97/><F132/><T77/><D33/><U50/><E50/><V68/><F100/><T88/><D35/><U96/><REACH who="1" step="1"/><E52/><REACH who="1" ten="419,350,271,0" step="2"/><V70/><F80/><T38/><D105/><U135/><E135/><V90/><F55/><T107/><D65/><U2/><E2/><V117/><F117/><T98/><D66/><U44/><E44/><V40/><F36/><T102/><D54/><U111/><E111/><V128/><F128/><T92/><D46/><U72/><E72/><V3/><F3/><T114/><D38/><U85/><E85/><V94/><F70/><T32/><D114/><U39/><E39/><V60/><F68/><T106/><D32/><U48/><E48/><V76/><F67/><T133/><D133/><U121/><N who="1" m="31008" /><U62/><E62/><V123/><N who="2" m="31520" /><V134/><F63/><T127/><D127/><RYUUKYOKU ba="2,1" sc="419,-10,350,20,271,-10,0,0" hai1="45,47,49,51,73,75,81,83,84,86,96,109,110" /><INIT seed="5,3,1,2,2,80" ten="409,370,261,0" oya="1" hai0="124,86,44,68,73,69,75,36,40,93,123,2,120" hai1="128,90,88,95,81,127,83,58,102,72,63,97,108" hai2="101,48,62,61,122,117,71,125,84,54,53,94,98" hai3=""/><U67/><E128/><V59/><N who="2" m="31264" /><V41/><F117/><T70/><N who="0" m="30752" /><T0/><N who="0" m="31520" /><T118/><D118/><U132/><E127/><V46/><F125/><T89/><REACH who="0" step="1"/><D124/><REACH who="0" ten="399,370,261,0" step="2"/><U78/><E108/><V32/><F32/><T121/><N who="0" m="31008" /><T100/><D100/><U92/><E132/><V45/><F101/><T130/><D130/><U105/><E105/><V3/><F3/><AGARI ba="3,2" hai="0,2,3,36,40,44,68,69,70,73,75,86,89,93" m="31008,31520,30752" machi="3" ten="50,8000,1" yaku="1,1,52,4,53,0" doraHai="80" doraHaiUra="109" who="0" fromWho="2" sc="399,106,370,0,261,-86,0,0" /><INIT seed="6,0,0,4,2,97" ten="505,370,175,0" oya="2" hai0="34,54,32,44,41,53,82,101,115,83,123,66,109" hai1="71,126,107,85,39,35,50,89,112,120,132,86,2" hai2="60,108,38,48,43,77,129,131,128,40,102,124,33" hai3=""/><V130/><N who="2" m="32768" /><DORA hai="68" /><V37/><F33/><T103/><N who="0" m="31520" /><T51/><D115/><U116/><E2/><V58/><F77/><T36/><D109/><U46/><E39/><N who="2" m="14859" /><F102/><T100/><D66/><U79/><E35/><V42/><F108/><T75/><D32/><U70/><E112/><V78/><F78/><T76/><D34/><U0/><E0/><V49/><F124/><T111/><D111/><U135/><E126/><V99/><F99/><T87/><D103/><U122/><E79/><V57/><F57/><T64/><D101/><U106/><E106/><V105/><F105/><T69/><D100/><U63/><E107/><V59/><F59/><T61/><D75/><U1/><E1/><V45/><F45/><T133/><D44/><U81/><E46/><V94/><F94/><T74/><D76/><U55/><E71/><V96/><F96/><T92/><D69/><U47/><E70/><V98/><F98/><T67/><D74/><U125/><E47/><V80/><F80/><T127/><D92/><U93/><E125/><V119/><F119/><T134/><D127/><U113/><E116/><V56/><F56/><T84/><D83/><U52/><N who="1" m="30752" /><U73/><N who="1" m="31264" /><U65/><E81/><V121/><F121/><RYUUKYOKU ba="0,0" sc="505,-10,370,-10,175,20,0,0" hai2="40,42,43,48,49,58,60" /><INIT seed="6,1,0,5,5,88" ten="495,360,195,0" oya="2" hai0="58,102,117,104,111,75,46,118,134,103,98,95,42" hai1="91,45,60,109,83,66,44,33,82,135,51,47,48" hai2="122,97,69,1,65,77,86,57,39,128,53,68,107" hai3=""/><V35/><N who="2" m="31264" /><V64/><F35/><T99/><D134/><U87/><E109/><V84/><F1/><T130/><D130/><U43/><E135/><V126/><F39/><T113/><D111/><U92/><E33/><V114/><F128/><T32/><D32/><U81/><REACH who="1" step="1"/><E43/><REACH who="1" ten="495,350,195,0" step="2"/><V40/><F40/><T55/><D118/><U108/><E108/><V70/><F126/><T89/><D117/><U93/><E93/><V38/><F114/><T79/><D113/><U133/><E133/><V119/><F119/><T125/><D125/><U105/><E105/><V116/><F116/><T90/><D104/><U50/><E50/><V106/><F106/><T129/><D129/><U110/><E110/><V76/><F38/><T52/><D95/><U54/><E54/><V49/><F65/><T71/><D55/><U100/><E100/><V124/><F64/><T94/><D103/><U101/><E101/><V41/><F41/><T36/><D102/><U34/><E34/><V85/><F124/><T59/><D42/><U127/><E127/><V123/><N who="2" m="31520" /><V63/><F49/><T131/><D131/><U121/><N who="1" m="31008" /><U62/><E62/><V2/><F2/><T78/><D36/><U74/><E74/><V96/><F107/><RYUUKYOKU ba="1,1" sc="495,-20,350,10,195,10,0,0" hai1="44,45,47,48,51,60,66,81,82,83,87,91,92" hai2="53,57,63,68,69,70,76,77,84,85,86,96,97" /><INIT seed="6,2,1,2,1,113" ten="475,360,205,0" oya="2" hai0="49,65,52,91,111,39,131,95,71,67,114,96,38" hai1="104,58,116,134,35,135,36,56,121,1,115,127,92" hai2="63,69,81,98,84,106,80,61,2,118,133,85,94" hai3=""/><V119/><F2/><T102/><D114/><U54/><RYUUKYOKU type="yao9" ba="2,1" sc="475,0,360,0,205,0,0,0" hai1="1,35,36,54,56,58,92,104,115,116,121,127,134,135" /><INIT seed="6,3,1,3,1,105" ten="475,360,205,0" oya="2" hai0="96,45,77,78,103,132,64,33,95,59,76,49,36" hai1="104,39,125,69,74,115,94,81,65,114,130,41,46" hai2="107,124,42,37,55,128,83,117,134,100,57,122,68" hai3=""/><V67/><N who="2" m="31264" /><V133/><F107/><T53/><D132/><N who="2" m="50794" /><F100/><T123/><N who="0" m="31520" /><T47/><D33/><U51/><E104/><V93/><F83/><T99/><D36/><U43/><E39/><V44/><F93/><T112/><D112/><U80/><E114/><V121/><N who="2" m="31008" /><V60/><F117/><T0/><D0/><U84/><E115/><V58/><F124/><T63/><REACH who="0" step="1"/><D99/><REACH who="0" ten="465,360,205,0" step="2"/><U73/><E125/><V101/><F101/><T34/><D34/><U79/><E81/><V87/><F87/><T92/><D92/><U129/><E84/><V61/><F128/><T106/><D106/><U113/><E79/><V32/><F32/><T85/><D85/><U98/><E80/><V91/><F91/><T52/><D52/><U1/><E1/><V70/><AGARI ba="3,2" hai="37,42,44,55,57,58,60,61,67,68,70" m="31008,50794,31264" machi="70" ten="30,8000,1" yaku="20,1,34,2,52,2" doraHai="105" who="2" fromWho="2" sc="465,-43,360,-43,205,106,0,0" /><INIT seed="6,4,0,3,2,38" ten="422,317,311,0" oya="2" hai0="117,44,80,41,69,83,64,119,85,120,132,89,84" hai1="129,90,40,107,104,65,124,76,97,125,131,122,72" hai2="134,1,108,77,34,95,114,61,67,126,121,66,102" hai3=""/><V79/><N who="2" m="31008" /><V118/><F114/><T87/><N who="0" m="30752" /><T71/><D132/><U92/><N who="1" m="31264" /><U82/><E65/><V0/><F134/><T86/><D83/><U94/><E40/><V39/><F34/><T113/><D113/><U43/><E43/><V115/><F115/><T68/><REACH who="0" step="1"/><D64/><REACH who="0" ten="412,317,311,0" step="2"/><U32/><E32/><V46/><F67/><T48/><AGARI ba="4,1" hai="41,44,48,68,69,71,80,84,85,86,87,89,117,119" m="30752" machi="48" ten="40,6000,1" yaku="1,1,2,1,0,1,52,2,53,0" doraHai="38" doraHaiUra="101" who="0" fromWho="0" sc="412,78,317,-24,311,-44,0,0" owari="490,44.0,293,-11.0,267,-33.0,0,0.0" /></mjloggm>