<mjloggm ver="2.3"><GO type="169" lobby="0"/><UN n0="%E3%81%AF%E3%81%BF%E3%82%82%E3%82%93" n1="%6B%69%79%6F%64%61%69" n2="%64%61%6E%6E%63%68%69" n3="%74%75%63%6B%62%6F%63%6B" dan="18,17,17,17" rate="2159.22,2241.00,2169.18,2108.25" sx="M,M,M,M"/><TAIKYOKU oya="0"/><INIT seed="0,0,0,5,3,127" ten="250,250,250,250" oya="0" hai0="112,76,35,1,38,64,45,133,68,84,115,65,18" hai1="90,116,89,6,121,46,25,108,56,72,28,43,77" hai2="100,7,0,5,102,85,93,58,8,54,61,26,10" hai3="37,135,22,104,124,59,134,49,105,83,32,101,50"/><T66/><D1/><U14/><E116/><V95/><F26/><W73/><G37/><T20/><D35/><U9/><E108/><V99/><F85/><W62/><G32/><T119/><D68/><U15/><E121/><V78/><F78/><N who="3" m="44495" /><G124/><T103/><D119/><U39/><E56/><V110/><F110/><W88/><G22/><T69/><D69/><U128/><E128/><V11/><REACH who="2" step="1"/><F0/><REACH who="2" ten="250,250,240,250" step="2"/><W123/><G123/><T74/><D84/><U47/><E77/><V27/><F27/><W91/><G135/><T125/><D133/><U114/><E72/><V111/><F111/><W126/><G134/><T33/><D125/><U30/><E30/><V3/><F3/><W31/><G126/><T96/><D76/><U34/><E114/><V120/><F120/><W60/><G31/><T40/><D74/><U131/><E25/><V82/><F82/><W118/><G118/><T23/><D33/><U94/><E28/><V92/><F92/><W129/><G105/><T75/><D75/><U57/><E34/><V41/><F41/><W52/><G129/><T4/><D115/><U24/><E131/><V55/><F55/><W86/><G52/><T51/><D112/><U12/><E24/><V130/><F130/><W113/><G113/><T29/><D29/><U13/><E94/><V122/><F122/><W81/><G81/><T21/><D40/><U79/><E79/><V63/><F63/><W98/><G62/><T48/><D65/><U107/><E107/><V97/><AGARI ba="0,1" hai="5,7,8,10,11,54,58,61,93,95,97,99,100,102" machi="97" ten="30,7900,0" yaku="1,1,0,1,9,1,8,1,53,0" doraHai="127" doraHaiUra="132" who="2" fromWho="2" sc="250,-39,250,-20,240,89,250,-20" /><INIT seed="1,0,0,3,3,135" ten="211,230,329,230" oya="1" hai0="95,54,40,13,73,131,31,129,41,100,68,39,18" hai1="106,70,90,83,29,116,82,27,97,35,16,98,4" hai2="105,58,71,99,118,81,87,117,124,53,92,19,63" hai3="21,114,47,48,17,113,127,26,65,14,34,74,32"/><U67/><E116/><V12/><F105/><W89/><G74/><T103/><D68/><U45/><E4/><V37/><F71/><W130/><G65/><T110/><D73/><U128/><E128/><N who="0" m="49225" /><D31/><U2/><E2/><V94/><F37/><W57/><G57/><T122/><D110/><U3/><E3/><V51/><F63/><W46/><G130/><T50/><D122/><U88/><E45/><V111/><F111/><W77/><G77/><T36/><D95/><U108/><E108/><V23/><F124/><W38/><G127/><T91/><D91/><N who="1" m="34859" /><E97/><V49/><F49/><W9/><G38/><N who="0" m="14379" /><D100/><N who="1" m="62743" /><E16/><V0/><F0/><W7/><G47/><N who="0" m="27999" /><D103/><U86/><E86/><V15/><F15/><W20/><G20/><AGARI ba="0,0" hai="13,18,20,40,41" m="27999,14379,49225" machi="20" ten="30,1000,0" yaku="19,1" doraHai="135" who="0" fromWho="3" sc="211,10,230,0,329,0,230,-10" /><INIT seed="2,0,0,5,3,130" ten="221,230,329,220" oya="2" hai0="9,131,122,4,120,123,17,54,107,91,50,52,36" hai1="106,109,113,31,7,48,8,117,59,10,64,100,41" hai2="108,110,119,2,12,88,98,6,125,16,0,32,38" hai3="89,93,114,22,132,13,28,80,111,14,96,60,20"/><V26/><F38/><W81/><G114/><T42/><D131/><U112/><E117/><V127/><F119/><W65/><G111/><N who="2" m="42537" /><F98/><W18/><G132/><T61/><D107/><U74/><E109/><V66/><F66/><W57/><REACH who="3" step="1"/><G28/><REACH who="3" ten="221,230,329,210" step="2"/><T115/><D115/><U92/><E31/><N who="2" m="19575" /><F6/><W27/><G27/><T11/><D4/><U55/><E7/><V45/><F45/><W73/><G73/><T67/><D122/><U15/><E74/><V44/><F44/><W76/><G76/><T35/><D120/><U39/><E113/><V134/><F134/><W47/><G47/><T1/><D123/><U118/><E112/><V53/><F125/><W72/><G72/><T37/><D37/><U40/><E39/><V25/><F25/><W30/><G30/><T94/><D36/><U116/><E118/><V121/><F127/><W29/><G29/><T105/><D35/><U101/><E116/><V49/><F121/><W3/><G3/><T51/><D1/><U5/><E5/><V33/><F33/><W82/><G82/><T99/><D17/><AGARI ba="0,1" hai="13,14,17,18,20,22,57,60,65,80,81,89,93,96" machi="17" ten="40,5200,0" yaku="1,1,9,1,8,1,53,0" doraHai="130" doraHaiUra="128" who="3" fromWho="0" sc="221,-52,230,0,329,0,210,62" /><INIT seed="3,0,0,1,2,91" ten="169,230,329,272" oya="3" hai0="67,70,23,68,124,119,95,61,64,129,4,3,12" hai1="27,11,104,41,19,128,18,55,102,7,125,65,71" hai2="35,69,31,38,59,88,121,46,8,114,131,116,47" hai3="20,135,54,101,106,28,120,57,79,85,115,58,127"/><W66/><G115/><T26/><D119/><U45/><E125/><V29/><F116/><W123/><G127/><T80/><D124/><U105/><E128/><V30/><F69/><W50/><G135/><T94/><D129/><U113/><E113/><V97/><F114/><W96/><G79/><T87/><D3/><U122/><E122/><V15/><F35/><W103/><G101/><T73/><D73/><U130/><E55/><V72/><F72/><W24/><G85/><T110/><D110/><U13/><E65/><V34/><F34/><W83/><G83/><T42/><D42/><U1/><E71/><V111/><F131/><W33/><G33/><T51/><D51/><U25/><E19/><V81/><F38/><W134/><G134/><T90/><D4/><U89/><E89/><V78/><F78/><W98/><G98/><T63/><D12/><U10/><E130/><V48/><F111/><W100/><G100/><T62/><D62/><U126/><E126/><V2/><F2/><W107/><G107/><T117/><D117/><U60/><E60/><V21/><F21/><W77/><G77/><T32/><D32/><U82/><E82/><V17/><F121/><W39/><G39/><T109/><D109/><U5/><E5/><V44/><F59/><W112/><G112/><T99/><D99/><N who="1" m="61535" /><E105/><V43/><F81/><W74/><G74/><T75/><D75/><U108/><E108/><V132/><F132/><W76/><G76/><T118/><D118/><U16/><E18/><AGARI ba="0,0" hai="18,23,26,61,63,64,67,68,70,80,87,90,94,95" machi="18" ten="30,7700,0" yaku="7,1,9,1,52,2" doraHai="91" who="0" fromWho="1" sc="169,77,230,-77,329,0,272,0" /><INIT seed="4,0,0,1,3,116" ten="246,153,329,272" oya="0" hai0="9,114,79,7,15,59,51,128,8,17,67,87,38" hai1="30,75,91,118,90,70,94,76,2,83,120,98,131" hai2="22,122,106,115,113,26,28,101,23,109,88,40,10" hai3="86,99,41,56,62,3,69,49,45,16,85,117,44"/><T50/><D128/><U77/><E70/><V5/><F109/><W93/><G117/><T92/><D38/><U53/><E2/><V21/><F40/><W47/><G3/><T46/><D114/><N who="2" m="43530" /><F122/><W39/><G69/><T111/><D111/><U127/><E118/><V95/><F101/><W104/><G104/><T135/><D135/><U65/><E65/><V1/><F106/><W57/><G56/><T100/><D100/><U19/><E30/><V4/><F4/><W18/><G85/><AGARI ba="0,0" hai="1,5,10,21,22,23,26,28,85,88,95" m="43530" machi="85" ten="30,2000,0" yaku="15,1,54,1" doraHai="116" who="2" fromWho="3" sc="246,0,153,0,329,20,272,-20" /><INIT seed="5,0,0,0,0,98" ten="246,153,349,252" oya="1" hai0="131,34,82,26,49,116,42,89,35,52,47,117,78" hai1="27,76,44,96,91,12,3,31,33,106,72,59,5" hai2="15,46,121,13,84,53,55,123,99,41,88,135,133" hai3="56,9,18,70,134,60,86,48,95,11,73,74,124"/><U127/><E127/><V30/><F30/><W87/><G124/><T79/><D131/><U130/><E130/><V28/><F28/><W69/><G48/><T0/><D0/><U63/><E3/><V92/><F15/><W54/><G134/><N who="2" m="51209" /><F13/><W97/><G18/><T37/><D89/><U119/><E119/><V132/><F132/><W71/><G87/><T62/><D79/><U105/><E44/><V32/><F32/><W58/><G58/><T118/><D62/><U120/><E120/><N who="2" m="46155" /><F84/><W2/><G86/><T83/><D26/><U114/><E114/><V14/><F14/><W100/><G2/><T111/><D111/><U94/><E12/><V77/><F77/><W39/><G39/><AGARI ba="0,0" hai="39,41,46,53,55,88,92,99" m="46155,51209" machi="39" ten="30,2000,0" yaku="20,1,54,1" doraHai="98" who="2" fromWho="3" sc="246,0,153,0,349,20,252,-20" /><INIT seed="6,0,0,5,5,105" ten="246,153,369,232" oya="2" hai0="104,82,117,132,112,68,67,59,1,17,9,48,133" hai1="42,44,70,34,113,121,39,8,111,107,35,18,127" hai2="16,45,94,69,129,37,120,58,60,73,47,135,90" hai3="51,36,15,23,86,89,109,72,31,78,11,71,20"/><V76/><F69/><W61/><G36/><T96/><D112/><U13/><E113/><V114/><F120/><W19/><G109/><T102/><D117/><U100/><E111/><V131/><F114/><W38/><G38/><T119/><D119/><U128/><E127/><V50/><F37/><W98/><G98/><T115/><D115/><U43/><E128/><N who="2" m="49227" /><F135/><W32/><G32/><T22/><D68/><U66/><E43/><V64/><F50/><W110/><G110/><T56/><D67/><U116/><E116/><V77/><F16/><W7/><G51/><T3/><D48/><U28/><E121/><V81/><F77/><W93/><G31/><T54/><D17/><U63/><REACH who="1" step="1"/><E28/><REACH who="1" ten="246,143,369,232" step="2"/><V101/><F101/><W24/><G23/><T25/><D22/><U87/><E87/><AGARI ba="0,1" hai="45,47,58,60,64,73,76,81,87,90,94" m="49227" machi="87" ten="30,2900,0" yaku="19,1,52,1" doraHai="105" who="2" fromWho="1" sc="246,0,143,-29,369,39,232,0" /><INIT seed="6,1,0,3,2,61" ten="246,114,408,232" oya="2" hai0="43,1,104,133,96,9,8,99,71,112,45,2,67" hai1="33,73,53,114,27,98,50,18,29,119,54,83,78" hai2="111,121,117,79,75,13,93,105,3,63,16,19,102" hai3="91,120,35,34,30,123,124,25,116,89,90,126,44"/><V108/><F3/><W125/><G116/><T74/><D112/><U65/><E114/><V49/><F121/><N who="3" m="46667" /><G44/><T41/><D133/><U130/><E130/><V56/><F117/><W7/><G7/><T64/><D71/><U40/><E119/><V135/><F105/><W22/><AGARI ba="1,0" hai="22,25,30,34,35,89,90,91,124,125,126" m="46667" machi="22" ten="40,1500,0" yaku="18,1" doraHai="61" who="3" fromWho="3" sc="246,-5,114,-5,408,-8,232,18" /><INIT seed="7,0,0,1,2,23" ten="241,109,400,250" oya="3" hai0="61,133,109,16,73,114,102,1,53,11,27,118,45" hai1="70,135,75,52,14,9,29,48,71,38,134,72,59" hai2="18,13,119,116,122,99,111,0,37,41,12,82,91" hai3="117,127,84,92,98,89,85,126,79,3,77,125,74"/><W17/><G3/><T90/><D109/><U128/><E38/><V112/><F111/><W68/><G68/><T93/><D118/><U10/><E128/><V100/><F37/><W31/><G17/><T44/><D73/><U2/><E2/><V130/><F41/><W21/><G117/><T40/><D114/><U43/><E43/><V25/><F82/><N who="3" m="45367" /><G31/><T57/><D133/><U42/><E42/><V123/><F112/><W76/><G21/><N who="0" m="13735" /><D102/><U103/><E103/><V26/><F0/><W81/><G79/><T110/><D110/><U46/><E29/><V8/><F18/><W64/><G64/><T87/><D1/><U115/><E115/><V131/><F8/><W108/><G108/><T22/><D11/><U105/><E105/><V35/><F35/><W69/><G69/><T51/><D44/><U15/><E46/><V19/><F19/><W24/><G24/><T55/><D22/><U30/><E30/><V96/><F100/><W63/><G63/><T58/><D58/><U95/><E59/><V97/><F97/><AGARI ba="0,0" hai="76,81,84,85,89,92,97,98,125,126,127" m="45367" machi="97" ten="30,5800,0" yaku="18,1,34,2" doraHai="23" who="3" fromWho="2" sc="241,0,109,0,400,-58,250,58" /><INIT seed="7,1,0,5,0,3" ten="241,109,342,308" oya="3" hai0="15,56,18,82,22,124,24,21,126,54,38,57,109" hai1="125,98,73,87,4,95,90,104,46,108,55,84,132" hai2="62,25,94,20,6,89,107,66,0,135,67,42,91" hai3="45,131,119,129,34,50,69,134,79,39,100,41,116"/><W128/><G34/><T14/><D38/><U1/><E125/><V64/><F107/><W133/><G100/><T35/><D82/><U103/><E132/><N who="3" m="50794" /><G79/><T23/><D54/><U112/><E112/><V78/><F78/><W40/><G69/><T88/><D57/><U83/><E108/><V123/><F123/><W68/><G68/><T51/><D51/><U75/><E55/><V12/><F0/><W27/><G27/><T43/><D43/><U81/><E46/><AGARI ba="1,0" hai="39,40,41,45,46,50,116,119,128,129,131" m="50794" machi="46" ten="40,12000,1" yaku="19,1,20,1,34,2" doraHai="3" who="3" fromWho="1" sc="241,0,109,-123,342,0,308,123" owari="241,-16.0,-14,-51.0,342,14.0,431,53.0" /></mjloggm>