<mjloggm ver="2.3"><GO type="169" lobby="0"/><UN n0="%E3%81%BE%E3%81%8F%E3%81%A9%E3%81%AA%E3%82%8B%E3%81%AA%E3%82%8B%E3%81%A9" n1="%E3%83%8F%E3%82%BF%E3%83%A2%E3%83%88%E3%83%92%E3%83%AD" n2="%73%68%6F%35%35%35%35%35" n3="%E9%8A%80%E8%89%B2%E3%81%84%E3%81%8C%E3%81%90%E3%82%8A" dan="16,17,16,18" rate="2138.92,2143.84,2098.00,2291.20" sx="M,M,M,M"/><TAIKYOKU oya="0"/><INIT seed="0,0,0,0,2,81" ten="250,250,250,250" oya="0" hai0="109,1,52,35,30,77,133,78,88,125,114,47,111" hai1="55,43,130,17,134,41,79,110,128,132,65,22,82" hai2="90,38,89,34,127,59,4,87,5,115,49,117,9" hai3="63,105,60,97,116,83,94,62,24,107,42,126,31"/><T16/><D114/><U106/><E106/><V6/><F38/><W58/><G116/><T8/><D133/><N who="1" m="51307" /><E110/><N who="0" m="41993" /><D125/><U36/><E55/><N who="2" m="32239" /><F34/><W18/><G126/><T11/><D1/><U120/><E120/><V112/><F127/><W104/><G42/><N who="1" m="15882" /><E65/><V124/><F124/><W20/><G83/><T0/><D0/><U73/><E36/><V27/><F115/><W3/><G3/><T56/><D47/><U32/><E32/><V54/><F54/><W23/><G23/><T44/><D44/><U10/><E10/><N who="0" m="3625" /><D16/><U96/><E96/><V61/><F9/><W71/><G71/><T40/><D40/><U19/><E19/><V2/><F2/><W53/><REACH who="3" step="1"/><G31/><REACH who="3" ten="250,250,250,240" step="2"/><T108/><D108/><U29/><E29/><V75/><F112/><W66/><G66/><T119/><D119/><U72/><E72/><V84/><F117/><W100/><AGARI ba="0,1" hai="18,20,24,53,58,60,62,63,94,97,100,104,105,107" machi="100" ten="30,2000,0" yaku="1,1,0,1,53,0" doraHai="81" doraHaiUra="25" who="3" fromWho="3" sc="250,-10,250,-5,250,-5,240,30" /><INIT seed="1,0,0,1,1,8" ten="240,245,245,270" oya="1" hai0="17,132,25,16,46,55,94,28,40,56,66,109,33" hai1="9,21,127,15,35,104,37,117,95,122,78,92,79" hai2="77,123,75,63,27,45,98,39,87,2,42,102,97" hai3="23,30,119,6,83,72,120,7,74,19,126,36,1"/><U48/><E35/><V34/><F123/><W53/><G120/><T124/><D109/><U71/><E104/><V38/><F87/><W67/><G36/><T121/><D121/><U135/><E37/><V68/><F39/><W108/><G108/><T112/><D112/><U4/><E71/><V24/><F98/><W113/><G113/><T90/><D66/><U115/><E117/><V73/><F2/><W43/><G43/><T44/><D124/><U70/><E70/><V114/><F24/><W26/><G67/><T85/><D132/><U59/><E135/><V82/><F114/><W62/><G126/><T49/><REACH who="0" step="1"/><D46/><REACH who="0" ten="230,245,245,270" step="2"/><U29/><E127/><V103/><F45/><W133/><G133/><T14/><D14/><N who="1" m="5415" /><E115/><V107/><F68/><W86/><G119/><T41/><D41/><U32/><E122/><V22/><F42/><W125/><G125/><T128/><D128/><U81/><E32/><V110/><F34/><W130/><G130/><T54/><D54/><N who="1" m="32199" /><E29/><V18/><F110/><W111/><G111/><T47/><D47/><U65/><E65/><V76/><F38/><AGARI ba="0,1" hai="16,17,25,28,33,38,40,44,49,55,56,85,90,94" machi="38" ten="30,7700,0" yaku="1,1,7,1,54,1,53,1" doraHai="8" doraHaiUra="52" who="0" fromWho="2" sc="230,87,245,0,245,-77,270,0" /><INIT seed="2,0,0,2,2,78" ten="317,245,168,270" oya="2" hai0="7,20,86,12,46,73,31,30,117,27,122,127,121" hai1="133,94,22,37,80,17,62,18,101,19,87,85,5" hai2="77,75,10,16,76,52,3,107,51,47,26,124,9" hai3="70,135,33,4,48,41,66,72,60,56,128,134,110"/><V74/><F107/><W108/><G33/><T98/><D73/><U39/><E133/><N who="3" m="50698" /><G4/><T82/><D127/><U38/><E5/><V21/><F124/><W119/><G72/><T132/><D132/><U100/><E62/><V58/><F75/><W42/><G128/><T131/><D131/><U59/><E59/><V64/><F3/><W63/><G119/><T84/><D117/><U102/><E94/><V54/><F64/><N who="3" m="38919" /><G48/><T126/><D126/><U2/><E2/><V43/><F54/><W111/><AGARI ba="0,0" hai="41,42,63,66,70,108,110,111" m="38919,50698" machi="111" ten="40,8000,1" yaku="14,1,20,1,34,2" doraHai="78" who="3" fromWho="3" sc="317,-20,245,-20,168,-40,270,80" /><INIT seed="3,0,0,2,0,60" ten="297,225,128,350" oya="3" hai0="121,47,98,57,111,82,28,41,66,24,25,122,109" hai1="33,94,101,3,54,74,6,42,86,15,75,80,76" hai2="50,44,118,88,36,38,29,99,124,123,59,126,91" hai3="13,64,85,1,93,129,83,107,37,46,117,40,112"/><W19/><G117/><T23/><D98/><U103/><E33/><V128/><F118/><W119/><G112/><T22/><D82/><U67/><E3/><V84/><F123/><N who="0" m="47114" /><D57/><U35/><E35/><V133/><F29/><W52/><G129/><T131/><D47/><U71/><E42/><V68/><F68/><W62/><G1/><T77/><D41/><U70/><E6/><V51/><F128/><W21/><G107/><T20/><D77/><U61/><E15/><V7/><F7/><W106/><G106/><T130/><D66/><U49/><E71/><V108/><F108/><N who="0" m="41546" /><D23/><U4/><E4/><V10/><F99/><W30/><G119/><T97/><D97/><U90/><REACH who="1" step="1"/><E75/><REACH who="1" ten="297,215,128,350" step="2"/><V79/><F36/><W31/><G40/><T12/><D12/><U134/><E134/><V34/><F133/><W58/><G37/><T63/><D63/><U110/><E110/><V132/><F38/><W65/><G13/><T125/><D125/><U5/><E5/><V96/><F132/><W127/><G127/><T56/><D56/><AGARI ba="0,1" hai="49,54,56,61,67,70,74,76,80,86,90,94,101,103" machi="56" ten="30,7700,0" yaku="1,1,7,1,52,1,53,1" doraHai="60" doraHaiUra="78" who="1" fromWho="0" sc="297,-77,215,87,128,0,350,0" /><INIT seed="4,0,0,0,1,55" ten="220,302,128,350" oya="0" hai0="46,69,73,129,65,5,111,14,18,68,108,78,45" hai1="17,2,10,89,133,125,38,25,19,107,58,79,8" hai2="70,85,126,15,42,120,41,77,49,97,57,62,118" hai3="90,95,112,28,94,72,113,36,29,22,124,119,135"/><T0/><D129/><U3/><E107/><V13/><F120/><W96/><G119/><T20/><D78/><U32/><E79/><V52/><F118/><W53/><G135/><T87/><D73/><U7/><E38/><V31/><F126/><W40/><G124/><T104/><D104/><U23/><E125/><V63/><F31/><W99/><G72/><T9/><D87/><U130/><E89/><V33/><F33/><W54/><G40/><N who="2" m="15465" /><F70/><N who="0" m="27242" /><D65/><U84/><E84/><V11/><F97/><W128/><G36/><T88/><D88/><U48/><E133/><V91/><F77/><W35/><G35/><T39/><D39/><U59/><E130/><V114/><F15/><W93/><G128/><T117/><D117/><U74/><E74/><V4/><F114/><N who="3" m="44139" /><G93/><AGARI ba="0,0" hai="4,11,13,49,52,57,62,63,85,91,93" m="15465" machi="93" ten="30,3900,0" yaku="8,1,52,1,54,1" doraHai="55" who="2" fromWho="3" sc="220,0,302,0,128,39,350,-39" /><INIT seed="5,0,0,3,5,3" ten="220,302,167,311" oya="1" hai0="2,92,111,95,134,5,84,66,37,83,132,29,128" hai1="59,131,17,4,118,125,57,24,34,81,15,74,90" hai2="105,93,46,130,75,104,85,65,13,41,97,27,103" hai3="42,69,106,70,115,87,35,121,31,109,20,58,102"/><U11/><E118/><V116/><F65/><W64/><G20/><T0/><D37/><U80/><E125/><V8/><F116/><W53/><G109/><T88/><D111/><U67/><E131/><V16/><F75/><W23/><G23/><T96/><D128/><U25/><E74/><V62/><F130/><W122/><G87/><T89/><D29/><U123/><E123/><V45/><F45/><W9/><G42/><T86/><D66/><U38/><E38/><V6/><F62/><N who="3" m="40087" /><G9/><T71/><D71/><U112/><E112/><V33/><F85/><W114/><G70/><T51/><D51/><U77/><E77/><V32/><F32/><W47/><G47/><T40/><D40/><U126/><E126/><V26/><F33/><W60/><G121/><T1/><REACH who="0" step="1"/><D5/><REACH who="0" ten="210,302,167,311" step="2"/><U28/><E67/><V12/><F105/><W39/><G39/><T129/><D129/><U19/><E19/><V117/><F104/><W119/><G122/><T36/><D36/><U99/><E17/><V68/><F68/><W30/><G119/><T100/><AGARI ba="0,1" hai="0,1,2,83,84,86,88,89,92,95,96,100,132,134" machi="100" ten="40,5200,0" yaku="1,1,0,1,54,1,53,0" doraHai="3" doraHaiUra="108" who="0" fromWho="0" sc="210,62,302,-26,167,-13,311,-13" /><INIT seed="6,0,0,5,2,21" ten="272,276,154,298" oya="2" hai0="57,7,10,65,41,35,8,63,70,60,114,101,116" hai1="50,15,27,25,113,31,123,58,22,109,130,100,96" hai2="62,104,44,115,78,95,12,34,89,9,86,83,81" hai3="129,40,24,53,77,3,38,99,112,119,76,23,48"/><V91/><F104/><W103/><G119/><T28/><D116/><U71/><E71/><V47/><F34/><W64/><G3/><T30/><D41/><U134/><E109/><V54/><F115/><W61/><G112/><T125/><D114/><U105/><E113/><V73/><F62/><W107/><G40/><T45/><D125/><U46/><E134/><V52/><F47/><W90/><G90/><T2/><D35/><U128/><E123/><V16/><REACH who="2" step="1"/><F44/><REACH who="2" ten="272,276,144,298" step="2"/><W85/><G61/><T42/><D63/><U55/><E46/><V69/><F69/><W118/><G107/><T68/><D70/><U106/><E105/><V32/><F32/><W18/><G118/><T11/><D68/><U93/><E106/><V94/><F94/><W59/><G64/><T131/><D60/><U92/><E92/><V29/><F29/><W122/><G122/><T33/><D30/><U80/><E31/><V74/><F74/><W88/><G48/><T111/><D65/><U56/><E56/><V17/><F17/><W43/><G18/><T117/><D117/><U97/><E80/><V82/><F82/><W84/><G59/><T39/><D57/><U36/><E93/><V6/><F6/><W135/><G43/><T79/><D7/><U19/><E58/><V4/><F4/><W0/><G135/><T72/><D42/><U51/><E51/><V124/><F124/><W37/><G53/><T98/><D45/><U133/><E133/><V132/><F132/><W14/><G38/><T110/><D39/><U67/><E36/><V121/><F121/><W20/><G37/><RYUUKYOKU ba="0,1" sc="272,-10,276,-10,144,30,298,-10" hai2="9,12,16,52,54,73,78,81,83,86,89,91,95" /><INIT seed="6,1,1,5,3,34" ten="262,266,174,288" oya="2" hai0="131,101,70,88,132,129,120,2,62,91,3,61,21" hai1="39,82,40,67,95,0,114,109,100,75,10,121,79" hai2="72,31,76,123,110,66,24,65,35,9,86,80,57" hai3="48,16,42,124,23,102,112,105,69,83,64,94,37"/><V98/><F123/><W60/><G105/><T92/><D120/><U51/><E121/><V46/><F110/><W71/><G37/><T28/><D132/><U103/><E114/><V27/><F98/><W126/><G112/><T26/><D101/><U6/><E109/><V74/><F27/><W93/><G71/><T59/><D70/><U33/><E67/><V104/><F104/><W58/><G83/><T115/><D115/><U30/><E51/><V32/><F32/><W133/><G133/><T15/><D15/><U85/><E30/><V36/><F72/><W63/><G48/><T41/><D41/><U14/><E14/><V5/><F57/><W29/><G42/><T84/><D91/><N who="1" m="53743" /><E33/><V89/><F46/><AGARI ba="1,1" hai="0,6,10,39,40,46,75,79,82,100,103" m="53743" machi="46" ten="30,2000,0" yaku="25,1,52,1" doraHai="34" who="1" fromWho="2" sc="262,0,266,33,174,-23,288,0" /><INIT seed="7,0,0,3,1,36" ten="262,299,151,288" oya="3" hai0="120,88,90,18,108,115,74,37,97,21,91,66,39" hai1="0,72,51,31,49,44,60,71,17,62,1,107,83" hai2="22,14,41,8,5,63,23,87,135,46,69,47,54" hai3="56,109,35,121,92,81,32,105,24,126,104,106,9"/><W132/><G121/><T67/><D108/><U48/><E107/><V70/><F135/><W7/><G132/><T103/><D120/><U134/><E134/><V96/><F70/><W57/><G109/><T98/><D74/><U43/><E31/><V116/><F116/><W101/><G81/><T118/><D118/><U75/><E17/><V26/><F23/><W40/><G40/><T6/><D6/><U42/><E83/><V27/><F27/><W112/><G112/><T10/><D10/><U110/><E44/><V30/><F87/><W79/><G79/><T16/><D115/><U58/><E58/><N who="3" m="22634" /><G24/><T34/><D34/><U13/><E13/><V127/><F127/><W128/><G126/><T76/><D76/><U11/><E11/><V129/><F129/><W4/><G4/><T65/><D103/><U102/><E102/><V28/><F69/><W130/><G92/><T84/><D84/><U15/><E15/><V20/><F63/><N who="1" m="24105" /><E71/><V38/><F96/><N who="0" m="36970" /><D21/><U29/><E29/><V80/><F80/><W45/><G101/><T55/><D55/><U119/><E119/><V68/><F68/><W50/><G7/><T111/><D111/><U113/><E113/><V131/><F131/><N who="3" m="50219" /><G9/><T99/><D99/><U95/><E95/><V122/><F122/><W100/><G100/><T59/><D59/><U93/><E93/><V125/><F125/><W85/><G85/><T123/><D123/><U82/><E110/><V117/><F117/><W33/><G33/><T64/><N who="0" m="16384" /><DORA hai="86" /><T73/><D73/><N who="1" m="28235" /><E82/><V89/><F38/><AGARI ba="0,0" hai="16,18,37,38,39,88,90,91" m="16384,36970" machi="38" ten="50,12000,2" yaku="28,2,52,3,54,2" doraHai="36,86" who="0" fromWho="2" sc="262,120,299,0,151,-120,288,0" owari="382,48.0,299,10.0,31,-47.0,288,-11.0" /></mjloggm>