<mjloggm ver="2.3"><GO type="169" lobby="0"/><UN n0="%48%2E%4D%65%74%61%6C" n1="%E3%81%AB%E3%82%83%E3%82%93%E5%90%89" n2="%6B%75%72%6F%35%35%36%36" n3="%E3%82%B7%E3%83%A3%E3%82%AD%E3%82%AA%E3%83%8B" dan="16,16,16,16" rate="2023.44,2091.92,2100.28,2145.53" sx="M,M,M,M"/><TAIKYOKU oya="0"/><INIT seed="0,0,0,5,2,52" ten="250,250,250,250" oya="0" hai0="26,47,133,104,103,122,96,115,24,72,130,13,71" hai1="39,99,125,50,69,97,8,21,10,92,4,75,134" hai2="14,79,89,23,38,15,25,127,36,105,28,106,82" hai3="51,112,59,98,107,78,35,108,102,60,5,2,9"/><T73/><D115/><U31/><E39/><V117/><F38/><W1/><G108/><T93/><D122/><U17/><E75/><V135/><F36/><W120/><G35/><T22/><D71/><U76/><E69/><V131/><F89/><W63/><G112/><T0/><D0/><U128/><E76/><V46/><F46/><W126/><G126/><T67/><D67/><U11/><E125/><V64/><F127/><W110/><G110/><T114/><D114/><U101/><E128/><V84/><F131/><W32/><G32/><T66/><D66/><U94/><E31/><V88/><F135/><W118/><G118/><T42/><D26/><U109/><E109/><V74/><F117/><W18/><G120/><T124/><D13/><U111/><E111/><V55/><F55/><W119/><G1/><T81/><D124/><U53/><E4/><V56/><F106/><W91/><G78/><T83/><D133/><U41/><E41/><V70/><F70/><W16/><G119/><T19/><D104/><U12/><E134/><V34/><F105/><W87/><G51/><T68/><D68/><U3/><E3/><V85/><F74/><N who="0" m="28778" /><D130/><U113/><E113/><V30/><F30/><W40/><G63/><T77/><D77/><U7/><E7/><V61/><REACH who="2" step="1"/><F34/><REACH who="2" ten="250,250,240,250" step="2"/><W48/><G40/><T6/><D42/><U121/><E121/><V65/><F65/><W58/><G91/><T90/><D90/><N who="1" m="55447" /><E21/><V57/><F57/><AGARI ba="0,1" hai="8,10,11,12,17,50,53,57,94,99,101" m="55447" machi="57" ten="30,2000,0" yaku="8,1,52,1" doraHai="52" who="1" fromWho="2" sc="250,0,250,30,240,-20,250,0" /><INIT seed="1,0,0,0,2,11" ten="250,280,220,250" oya="1" hai0="19,13,47,59,108,46,132,15,82,89,30,16,74" hai1="118,56,123,100,111,49,134,50,27,45,119,2,0" hai2="39,73,93,33,88,8,63,109,90,129,31,4,7" hai3="53,17,51,107,79,135,68,99,124,80,69,126,44"/><U35/><E123/><V98/><F39/><W48/><G135/><T10/><D132/><U21/><E134/><V115/><F73/><W101/><G48/><T58/><D108/><U42/><E35/><V24/><F109/><W76/><G76/><T106/><D106/><U40/><E111/><V92/><F129/><W26/><G26/><T110/><D30/><U81/><E100/><V114/><F63/><W128/><G128/><T97/><D74/><U127/><E127/><N who="3" m="48682" /><G17/><T20/><D110/><U94/><E94/><V14/><REACH who="2" step="1"/><F4/><REACH who="2" ten="250,280,210,250" step="2"/><W34/><G34/><T54/><D59/><U91/><E119/><V18/><F18/><W102/><G102/><T71/><D71/><U84/><E118/><V25/><F25/><W32/><G32/><T60/><D97/><AGARI ba="0,1" hai="7,8,14,24,31,33,88,90,92,93,97,98,114,115" machi="97" ten="40,8000,1" yaku="1,1,9,1,52,1,54,1,53,0" doraHai="11" doraHaiUra="96" who="2" fromWho="0" sc="250,-80,280,0,210,90,250,0" /><INIT seed="2,0,0,4,1,81" ten="170,280,300,250" oya="2" hai0="108,125,68,6,59,47,7,119,103,90,57,17,49" hai1="95,46,56,85,21,12,29,109,39,72,86,44,0" hai2="1,110,51,118,111,71,27,124,52,25,38,127,66" hai3="13,3,106,126,102,16,24,43,32,76,77,88,54"/><V67/><F1/><W121/><G121/><T123/><D123/><U4/><E72/><V31/><F38/><W83/><G3/><T115/><D115/><U22/><E0/><V129/><F118/><W87/><G126/><N who="2" m="48169" /><F71/><W64/><G64/><N who="2" m="24617" /><F31/><W5/><G43/><T40/><D40/><U78/><E39/><V70/><F70/><W94/><G106/><T69/><D69/><U10/><E109/><N who="2" m="41483" /><F129/><W63/><G32/><T135/><D68/><U133/><E133/><V62/><F62/><W79/><G102/><T131/><D135/><U97/><E78/><V128/><F128/><W132/><G132/><T84/><D131/><U9/><E29/><V91/><F91/><W82/><G63/><T74/><D90/><N who="1" m="55543" /><E56/><AGARI ba="0,0" hai="25,27,51,52,56" m="41483,24617,48169" machi="56" ten="30,11600,0" yaku="18,1,14,1,10,1,54,1" doraHai="81" who="2" fromWho="1" sc="170,0,280,-116,300,116,250,0" /><INIT seed="2,1,0,0,0,27" ten="170,164,416,250" oya="2" hai0="98,57,91,127,109,49,44,17,1,85,29,52,134" hai1="46,40,118,58,135,111,31,122,72,96,36,90,107" hai2="37,60,132,116,20,115,0,93,4,21,67,15,39" hai3="74,23,12,35,105,45,54,34,126,99,30,32,89"/><V25/><F116/><W8/><G74/><T77/><D1/><U6/><E118/><V83/><F115/><W48/><G126/><T10/><D127/><U133/><E72/><V28/><F132/><N who="1" m="50761" /><E122/><V104/><F104/><W16/><G89/><T103/><D134/><U9/><E111/><V112/><F112/><W123/><G123/><T119/><D119/><U63/><E31/><V69/><F83/><W81/><G81/><T87/><D77/><U50/><E90/><V78/><F78/><W94/><G94/><T80/><D87/><U38/><E96/><V97/><F0/><W47/><G47/><T65/><D29/><U79/><E79/><V129/><F129/><W128/><G128/><T13/><D109/><U68/><E107/><V125/><F125/><W43/><G43/><T66/><D57/><U82/><E82/><V120/><F120/><W62/><G62/><T51/><D51/><U76/><E76/><V56/><F69/><W100/><REACH who="3" step="1"/><G8/><REACH who="3" ten="170,164,416,240" step="2"/><T18/><D18/><U71/><E9/><V26/><F4/><W59/><G59/><T95/><AGARI ba="1,1" hai="10,13,17,44,49,52,65,66,80,85,91,95,98,103" machi="95" ten="20,12000,2" yaku="0,1,7,1,25,2,8,1,54,1" doraHai="27" who="0" fromWho="0" sc="170,133,164,-31,416,-61,240,-31" /><INIT seed="3,0,0,2,3,65" ten="303,133,355,209" oya="3" hai0="106,111,103,56,76,43,11,66,33,93,80,9,115" hai1="6,74,104,34,52,8,77,90,84,95,105,75,67" hai2="48,38,82,14,125,102,23,37,109,42,64,108,46" hai3="114,91,24,79,112,135,132,0,113,130,119,62,21"/><W36/><G36/><T118/><D33/><U124/><E124/><V120/><F102/><W49/><G79/><T15/><D106/><U81/><E34/><V55/><F125/><W5/><G49/><T63/><D118/><U117/><E117/><V4/><F120/><W134/><G119/><T54/><D111/><N who="2" m="42570" /><F64/><W13/><G62/><T89/><D103/><U97/><E67/><V26/><F82/><W10/><G91/><T17/><D43/><U51/><E75/><V47/><F14/><W1/><G130/><T69/><D115/><U98/><E98/><V123/><F4/><W19/><AGARI ba="0,0" hai="0,1,5,10,13,19,21,24,112,113,114,132,134,135" machi="19" ten="40,12000,1" yaku="0,1,20,1,34,3" doraHai="65" who="3" fromWho="3" sc="303,-40,133,-40,355,-40,209,120" /><INIT seed="3,1,0,3,5,116" ten="263,93,315,329" oya="3" hai0="43,104,114,10,88,66,96,125,19,106,41,25,21" hai1="115,3,79,22,59,132,95,13,1,84,118,76,130" hai2="99,92,120,8,131,74,52,102,94,40,35,107,91" hai3="54,33,56,129,73,7,110,30,123,67,80,29,58"/><W72/><G129/><T23/><D125/><U47/><E115/><V113/><F113/><W81/><G7/><T18/><D114/><U6/><E118/><V111/><F35/><W44/><G67/><T112/><D112/><U32/><E130/><V69/><F69/><W60/><G33/><T101/><D10/><U108/><E32/><V135/><F131/><W42/><G60/><T85/><D66/><U127/><E127/><V4/><F40/><W105/><G105/><T26/><REACH who="0" step="1"/><D106/><REACH who="0" ten="253,93,315,329" step="2"/><U77/><E108/><V121/><F111/><W17/><G110/><T98/><D98/><U124/><E124/><V28/><F107/><W2/><G73/><T38/><D38/><U51/><E132/><V61/><F135/><W78/><G72/><T126/><D126/><U62/><E3/><V57/><F74/><W134/><G2/><T90/><D90/><N who="1" m="53703" /><E1/><V15/><REACH who="2" step="1"/><F28/><REACH who="2" ten="253,93,305,329" step="2"/><W70/><G30/><T63/><D63/><U50/><E62/><V83/><F83/><AGARI ba="1,2" hai="18,19,21,23,25,26,41,43,83,85,88,96,101,104" machi="83" ten="30,7700,0" yaku="1,1,7,1,9,1,54,1,53,0" doraHai="116" doraHaiUra="55" who="0" fromWho="2" sc="253,100,93,0,305,-80,329,0" /><INIT seed="4,0,0,3,2,44" ten="353,93,225,329" oya="0" hai0="127,88,93,134,106,53,94,66,120,7,104,5,24" hai1="111,80,82,98,116,99,40,31,6,113,42,129,64" hai2="103,132,114,87,95,1,45,108,52,92,34,69,131" hai3="37,119,13,62,2,133,91,77,121,9,54,90,43"/><T16/><D120/><U58/><E111/><V39/><F114/><W25/><G119/><T51/><D66/><U72/><E116/><V130/><F34/><W107/><G2/><T63/><D134/><U110/><E110/><V89/><F1/><W11/><G107/><T67/><D127/><U74/><E31/><V61/><F108/><W26/><G13/><T49/><D106/><U101/><E64/><V28/><F28/><W115/><G62/><T38/><D38/><U117/><E58/><V126/><F132/><W4/><G4/><N who="0" m="1611" /><D94/><U122/><E6/><V125/><F103/><W20/><G37/><T22/><D104/><U60/><E122/><V41/><F95/><W36/><G36/><T123/><D67/><U85/><E60/><V23/><F23/><W102/><G115/><T19/><D19/><U30/><E117/><V97/><F97/><W75/><G75/><T112/><D112/><U65/><E30/><V83/><F92/><W109/><G109/><T86/><D123/><U35/><E65/><N who="2" m="41135" /><F52/><W100/><G54/><T71/><D71/><U0/><E113/><V46/><F46/><W84/><G121/><T79/><D79/><U17/><E17/><V59/><F59/><AGARI ba="0,0" hai="16,22,24,49,51,53,59,63,86,88,93" m="1611" machi="59" ten="30,12000,1" yaku="8,1,52,2,54,2" doraHai="44" who="0" fromWho="2" sc="353,120,93,0,225,-120,329,0" /><INIT seed="4,1,0,1,4,133" ten="473,93,105,329" oya="0" hai0="130,67,43,106,101,111,57,129,42,132,44,93,123" hai1="13,95,20,97,1,86,109,40,51,47,35,26,71" hai2="61,99,70,127,58,6,46,110,122,56,102,121,98" hai3="134,89,12,104,68,54,77,17,82,74,52,50,36"/><T41/><D123/><U85/><E109/><V75/><F75/><W15/><G134/><T73/><D106/><U118/><E118/><V78/><F110/><W60/><G36/><T48/><D73/><U76/><E1/><V10/><F78/><W131/><G131/><N who="0" m="50187" /><D111/><U124/><E71/><V113/><F113/><W28/><G28/><T18/><D132/><U100/><E35/><V79/><F79/><W30/><G30/><T69/><D69/><U14/><E124/><V112/><F112/><W9/><G104/><T24/><D24/><U38/><E38/><V80/><F80/><W21/><G89/><T72/><D18/><U3/><E3/><V11/><F127/><W117/><G117/><T66/><D72/><U64/><E64/><N who="0" m="24617" /><D57/><U37/><E37/><V87/><F70/><W119/><G119/><T32/><D32/><U59/><E59/><V108/><F108/><W128/><G128/><T115/><D115/><U107/><E107/><V34/><F34/><W0/><G68/><T94/><D101/><U39/><E39/><V116/><F116/><W105/><G105/><T7/><D7/><U22/><E22/><V96/><F102/><W126/><G126/><T114/><D114/><U53/><E40/><AGARI ba="1,0" hai="40,41,42,43,44,48,93,94" m="24617,50187" machi="40" ten="30,1500,0" yaku="19,1" doraHai="133" who="0" fromWho="1" sc="473,18,93,-18,105,0,329,0" /><INIT seed="4,2,0,0,2,57" ten="491,75,105,329" oya="0" hai0="69,131,18,106,135,82,108,60,54,126,119,40,99" hai1="94,3,30,72,48,130,64,101,38,89,104,103,34" hai2="13,11,36,122,110,128,5,73,39,61,27,4,84" hai3="21,63,0,107,32,22,35,66,71,9,92,49,93"/><T88/><D119/><U114/><E38/><V90/><F73/><W31/><G107/><T25/><D131/><U44/><E3/><V80/><F110/><W115/><G115/><T26/><D108/><U67/><E72/><V129/><F122/><W16/><G21/><T42/><D135/><U95/><E114/><V132/><F132/><W12/><G49/><T10/><D126/><U50/><E130/><N who="2" m="50283" /><F27/><N who="3" m="18559" /><G35/><T127/><D106/><U74/><E74/><V52/><F4/><AGARI ba="2,0" hai="0,4,9,12,16,22,63,66,71,92,93" m="18559" machi="4" ten="30,3900,0" yaku="24,1,52,1,54,1" doraHai="57" who="3" fromWho="2" sc="491,0,75,0,105,-45,329,45" /><INIT seed="5,0,0,4,3,90" ten="491,75,60,374" oya="1" hai0="36,46,132,8,122,40,37,56,111,9,18,85,112" hai1="101,130,114,92,81,15,25,121,127,4,105,78,12" hai2="123,10,117,68,52,65,20,131,7,35,24,26,31" hai3="99,6,120,106,110,89,48,67,91,74,97,42,16"/><U3/><E121/><V115/><F68/><W77/><G6/><T80/><D111/><U79/><E105/><V19/><F65/><W1/><G1/><T71/><D71/><U47/><E3/><V113/><F52/><W55/><G110/><T54/><D132/><U94/><E114/><N who="2" m="43531" /><F123/><W29/><G29/><T135/><D122/><U72/><E127/><V2/><F131/><W84/><G67/><T60/><D135/><U104/><E130/><V116/><AGARI ba="0,0" hai="2,7,10,19,20,24,26,31,35,116,117" m="43531" machi="116" ten="30,7900,0" yaku="15,1,11,1,34,2" doraHai="90" who="2" fromWho="2" sc="491,-20,75,-39,60,79,374,-20" /><INIT seed="6,0,0,1,4,90" ten="471,36,139,354" oya="2" hai0="108,50,135,19,116,6,32,81,17,101,61,127,111" hai1="33,84,48,73,65,18,16,83,93,42,52,45,41" hai2="37,40,126,125,114,134,21,77,63,121,24,78,103" hai3="51,85,92,86,57,35,102,118,76,94,131,23,4"/><V34/><F34/><W79/><G35/><T43/><D32/><U31/><E73/><V13/><F121/><W88/><G4/><T97/><D61/><U112/><E112/><V3/><F3/><W87/><G118/><T130/><D81/><U47/><E65/><V113/><F13/><W132/><G132/><T28/><D28/><U95/><E31/><V71/><F40/><N who="1" m="15465" /><E33/><V117/><F37/><W44/><G57/><T120/><D120/><U70/><E47/><V82/><F117/><W96/><G131/><T128/><D6/><U64/><E64/><V22/><F103/><W129/><G129/><T89/><D116/><U30/><E30/><V49/><F49/><W54/><G23/><T67/><D67/><U72/><E72/><V107/><F107/><W99/><AGARI ba="0,0" hai="44,51,54,76,79,85,86,87,88,92,94,96,99,102" machi="99" ten="30,8000,1" yaku="0,1,8,1,52,2,54,1" doraHai="90" who="3" fromWho="3" sc="471,-20,36,-20,139,-40,354,80" /><INIT seed="7,0,0,5,0,17" ten="451,16,99,434" oya="3" hai0="63,59,54,38,56,69,124,30,125,88,34,40,68" hai1="73,93,70,58,78,20,135,53,129,48,36,65,49" hai2="85,132,117,7,126,46,91,32,10,119,21,115,77" hai3="2,118,27,86,127,9,102,6,87,101,112,130,96"/><W133/><G118/><T66/><D34/><U134/><E78/><V104/><F32/><W18/><G112/><T71/><D30/><U37/><E73/><V57/><F104/><W121/><G121/><T123/><D88/><U109/><E109/><V111/><F111/><W67/><G133/><T75/><D75/><U47/><E93/><V3/><F115/><W4/><G130/><T22/><D22/><U29/><E29/><V39/><F132/><N who="1" m="50729" /><E20/><V110/><F110/><W41/><G127/><N who="0" m="48715" /><D123/><U5/><E5/><N who="3" m="2154" /><G2/><T120/><D120/><U99/><E99/><V8/><F126/><W131/><G131/><T80/><D80/><U95/><E95/><V98/><F10/><W113/><G113/><T74/><D74/><U11/><E11/><V94/><F21/><N who="3" m="13751" /><G9/><T84/><D84/><N who="3" m="32297" /><G96/><T35/><D35/><U45/><E129/><V31/><F31/><W64/><G41/><T15/><D15/><U122/><E122/><V60/><F77/><W19/><G19/><T25/><D25/><U24/><E24/><V92/><F119/><W79/><G79/><T44/><D44/><N who="1" m="16971" /><E49/><V114/><F114/><W105/><G105/><T0/><D0/><U72/><E72/><V83/><F117/><W55/><G55/><T106/><D54/><U81/><E81/><V33/><F33/><W100/><AGARI ba="0,0" hai="64,67,100,101,102" m="32297,13751,2154" machi="100" ten="30,3000,0" yaku="8,1,52,1" doraHai="17" who="3" fromWho="3" sc="451,-10,16,-10,99,-10,434,30" owari="441,24.0,6,-49.0,89,-31.0,464,56.0" /></mjloggm>