<mjloggm ver="2.3"><GO type="185" lobby="0"/><UN n0="%EF%BC%AA%EF%BD%95%EF%BD%87%EF%BD%8F" n1="%63%61%6C%63%2E" n2="%E3%81%BE%E3%81%A4%E3%81%AE%E3%81%8F%E3%82%93" n3="" dan="16,19,17,0" rate="2223.05,2406.85,2263.45,1500.00" sx="M,M,M,C"/><TAIKYOKU oya="0"/><INIT seed="0,0,0,0,3,72" ten="350,350,350,0" oya="0" hai0="113,51,40,114,79,99,74,49,59,125,119,103,85" hai1="64,117,109,129,91,41,69,67,108,133,83,93,102" hai2="88,78,118,65,54,44,131,81,73,76,107,63,36" hai3=""/><T89/><D119/><U115/><E117/><V82/><F118/><T130/><D130/><U84/><E129/><V112/><F131/><T2/><D2/><U121/><N who="1" m="31008" /><U34/><E34/><V80/><F112/><T55/><D125/><U100/><E115/><V71/><F107/><T39/><D39/><U70/><E41/><V132/><F132/><T38/><D38/><U123/><N who="1" m="31520" /><U104/><E104/><V135/><F135/><T101/><D101/><U62/><E133/><V48/><F36/><T120/><N who="0" m="30752" /><T3/><D3/><U90/><E67/><V116/><F116/><T94/><D40/><U134/><E70/><V122/><N who="2" m="31264" /><V43/><F43/><T45/><D45/><U53/><E53/><V0/><F0/><T105/><D49/><U98/><E134/><V96/><REACH who="2" step="1"/><F73/><REACH who="2" ten="350,350,340,0" step="2"/><T111/><REACH who="0" step="1"/><D111/><AGARI ba="0,1" hai="62,64,69,83,84,90,91,93,98,100,102,108,109,111" m="31520,31008" machi="111" ten="40,5200,0" yaku="14,1,52,2" doraHai="72" who="1" fromWho="0" sc="350,-52,350,62,340,0,0,0" /><INIT seed="1,0,0,5,2,36" ten="298,412,340,0" oya="1" hai0="111,130,64,133,97,47,106,100,123,81,3,0,57" hai1="91,73,34,72,68,65,53,99,46,38,42,86,2" hai2="61,105,132,89,43,116,112,127,63,109,80,93,135" hai3=""/><U39/><E34/><V134/><F105/><T121/><N who="0" m="31008" /><T52/><N who="0" m="31520" /><T51/><D111/><U1/><E39/><V32/><F32/><T41/><D130/><U126/><E126/><V88/><F116/><T120/><N who="0" m="30752" /><T45/><D133/><U125/><E125/><V56/><F127/><T76/><D64/><U74/><E99/><V98/><F109/><T131/><D47/><U54/><E68/><V107/><F107/><T128/><D128/><U129/><E65/><V119/><F119/><T59/><D59/><U115/><E115/><V55/><F112/><T102/><D102/><U95/><REACH who="1" step="1"/><E129/><REACH who="1" ten="298,402,340,0" step="2"/><V71/><F71/><T101/><D131/><U118/><E118/><V70/><F70/><T103/><D3/><AGARI ba="0,1" hai="1,2,3,38,42,46,53,54,72,73,74,86,91,95" machi="3" ten="50,4800,0" yaku="1,1,52,1,53,0" doraHai="36" doraHaiUra="79" who="1" fromWho="0" sc="298,-48,402,58,340,0,0,0" /><INIT seed="1,1,0,2,4,111" ten="250,460,340,0" oya="1" hai0="88,118,60,134,99,66,107,135,41,61,76,75,0" hai1="59,52,92,89,96,110,51,2,79,117,40,97,54" hai2="93,87,131,71,33,53,57,104,1,67,34,69,133" hai3=""/><U72/><E117/><V91/><F1/><T49/><D0/><U3/><E110/><V32/><F104/><T105/><D118/><U77/><E40/><V112/><F133/><N who="0" m="50698" /><D76/><U64/><E64/><V100/><F100/><T102/><D75/><U83/><E77/><V38/><F38/><T130/><D130/><U109/><E109/><V50/><F131/><T101/><D49/><U113/><E113/><V45/><F112/><T47/><D47/><U55/><E54/><V128/><F128/><T48/><D48/><U35/><E35/><V44/><F44/><T129/><D41/><U90/><E55/><V84/><F84/><T46/><D46/><U114/><E114/><V80/><F80/><T42/><D42/><U126/><E126/><V106/><F106/><N who="0" m="40458" /><D129/><U120/><N who="1" m="30752" /><U125/><E125/><V65/><F45/><T119/><D119/><U115/><E115/><V68/><AGARI ba="1,0" hai="32,33,34,50,53,57,65,67,68,69,71,87,91,93" machi="68" ten="40,1100,0" yaku="0,1" doraHai="111" who="2" fromWho="2" sc="250,-5,460,-8,340,13,0,0" /><INIT seed="2,0,0,2,2,41" ten="245,452,353,0" oya="2" hai0="33,96,105,70,42,113,39,61,91,67,120,119,130" hai1="133,44,125,128,78,88,86,46,123,66,126,124,34" hai2="132,49,93,59,99,98,89,104,112,103,3,73,84" hai3=""/><V63/><F3/><T135/><RYUUKYOKU type="yao9" ba="0,0" sc="245,0,452,0,353,0,0,0" hai0="33,39,42,61,67,70,91,96,105,113,119,120,130,135" /><INIT seed="2,1,0,2,4,109" ten="245,452,353,0" oya="2" hai0="117,135,39,67,115,76,40,114,125,113,101,41,1" hai1="87,120,110,3,103,62,70,72,43,66,61,34,124" hai2="74,78,98,45,94,85,49,95,82,104,48,133,97" hai3=""/><V65/><F133/><T93/><D117/><U121/><N who="1" m="30752" /><U58/><N who="1" m="31008" /><U122/><N who="1" m="31264" /><U116/><E72/><V89/><F65/><T134/><D1/><U88/><E3/><V129/><F129/><T37/><D67/><U96/><E110/><V102/><REACH who="2" step="1"/><F45/><REACH who="2" ten="245,452,343,0" step="2"/><T99/><D125/><U86/><E124/><V119/><F119/><T51/><D76/><U54/><E116/><V56/><F56/><T60/><D60/><U83/><E34/><V77/><F77/><T107/><D107/><U47/><E86/><V91/><AGARI ba="1,1" hai="48,49,74,78,82,85,89,91,94,95,97,98,102,104" machi="91" ten="20,12000,2" yaku="1,1,0,1,7,1,24,2,53,2" doraHai="109" doraHaiUra="46" who="2" fromWho="2" sc="245,-61,452,-61,343,132,0,0" /><INIT seed="2,2,0,4,2,89" ten="184,391,475,0" oya="2" hai0="113,76,62,106,58,117,79,67,55,3,44,88,66" hai1="61,135,134,50,80,42,81,78,73,70,123,120,54" hai2="119,93,101,40,52,46,59,82,95,118,57,75,99" hai3=""/><V47/><F59/><T35/><D35/><U86/><N who="1" m="30752" /><U43/><N who="1" m="31520" /><U133/><E61/><V97/><F82/><T72/><D3/><U69/><E70/><V37/><F47/><T112/><D117/><U49/><E69/><V116/><F75/><T36/><D106/><U87/><E73/><V64/><F64/><T34/><D34/><U74/><E74/><V41/><F41/><N who="1" m="15369" /><E54/><V130/><F130/><T107/><D107/><U71/><E71/><V2/><F2/><T0/><D0/><U100/><E100/><V102/><REACH who="2" step="1"/><F119/><REACH who="2" ten="184,391,465,0" step="2"/><T53/><D72/><U122/><N who="1" m="31264" /><U108/><E108/><V129/><F129/><T131/><D131/><U114/><E114/><V91/><F91/><AGARI ba="2,1" hai="49,50,78,80,81,86,87,91,133,134,135" m="31264,15369,31520,30752" machi="91" ten="30,7700,0" yaku="20,1,52,3" doraHai="89" who="1" fromWho="2" sc="184,0,391,91,465,-81,0,0" /><INIT seed="4,0,0,4,0,93" ten="184,482,384,0" oya="0" hai0="90,0,84,91,1,131,3,127,37,60,46,99,96" hai1="38,81,67,52,122,45,129,54,51,88,75,125,59" hai2="124,64,53,126,121,69,89,100,113,94,79,42,134" hai3=""/><T57/><D131/><U47/><N who="1" m="31264" /><U49/><E129/><V71/><N who="2" m="31008" /><V55/><F113/><T40/><D127/><U72/><E125/><N who="2" m="48235" /><F134/><T2/><N who="0" m="0" /><DORA hai="33" /><T68/><D68/><N who="2" m="26186" /><F64/><T76/><D76/><U103/><E103/><V92/><F42/><T65/><REACH who="0" step="1"/><D91/><REACH who="0" ten="174,482,384,0" step="2"/><U48/><E88/><V39/><F79/><T50/><D50/><U80/><E49/><V86/><F39/><T95/><AGARI ba="0,1" hai="37,40,46,57,60,65,84,90,95,96,99" m="0" machi="95" ten="60,16000,3" yaku="1,1,0,1,52,6,53,0" doraHai="93,33" doraHaiUra="105,128" who="0" fromWho="0" sc="174,170,482,-80,384,-80,0,0" /><INIT seed="4,1,0,0,3,62" ten="344,402,304,0" oya="0" hai0="90,39,55,56,61,91,89,45,76,70,125,64,69" hai1="40,72,134,48,73,36,135,42,84,94,107,103,65" hai2="68,33,83,41,37,104,115,102,78,66,75,106,2" hai3=""/><T121/><N who="0" m="31008" /><T119/><D119/><U98/><E36/><V1/><F33/><T128/><D128/><U93/><E65/><V67/><F115/><T112/><D112/><U132/><E48/><V120/><N who="2" m="30752" /><V108/><F108/><T109/><D109/><U79/><E42/><V57/><F57/><T117/><D117/><U97/><E40/><V118/><F118/><T50/><D125/><U127/><E127/><V105/><F102/><T99/><D39/><U34/><E34/><V101/><F101/><T92/><REACH who="0" step="1"/><D76/><REACH who="0" ten="334,402,304,0" step="2"/><U113/><E113/><V126/><F126/><T63/><D63/><U49/><E49/><V96/><F1/><T43/><D43/><U32/><E32/><V53/><F2/><T60/><D60/><U44/><E79/><V54/><F37/><T122/><N who="0" m="31264" /><T123/><N who="0" m="31520" /><T46/><D46/><U114/><E44/><V0/><F41/><T130/><D130/><U85/><E114/><V59/><F0/><T110/><D110/><U71/><E132/><V82/><F78/><T133/><D133/><U116/><E116/><V77/><F77/><T3/><D3/><U131/><E131/><V87/><F75/><T58/><D58/><U74/><E73/><V86/><F59/><RYUUKYOKU ba="1,1" sc="334,20,402,-10,304,-10,0,0" hai0="45,50,55,56,61,64,69,70,89,90,91,92,99" /><INIT seed="4,2,1,3,3,122" ten="354,392,294,0" oya="0" hai0="47,98,48,97,61,134,121,99,1,68,128,70,94" hai1="49,44,64,35,133,38,91,43,106,80,3,57,87" hai2="104,89,59,83,52,37,60,119,54,129,130,73,33" hai3=""/><T108/><N who="0" m="31008" /><T50/><D1/><U103/><E3/><V66/><F33/><T92/><D128/><N who="2" m="49258" /><F37/><T116/><D116/><U85/><E35/><V126/><F104/><T41/><D134/><U56/><E133/><V67/><F119/><T32/><D32/><U74/><E74/><V77/><F126/><T110/><D61/><U79/><E64/><N who="2" m="24619" /><F89/><T84/><D84/><U90/><E79/><V123/><N who="2" m="31520" /><V127/><F127/><T82/><D82/><U62/><E62/><V58/><F58/><T81/><D81/><U135/><E38/><V46/><F46/><T2/><D2/><U69/><E135/><V105/><F105/><T75/><D75/><U113/><E106/><V0/><F0/><T34/><D34/><U111/><E44/><V88/><F88/><T93/><REACH who="0" step="1"/><D50/><REACH who="0" ten="344,392,294,0" step="2"/><U117/><E49/><V42/><F42/><T53/><D53/><AGARI ba="2,2" hai="52,53,54,59,60,73,77,83" m="31520,24619,49258" machi="53" ten="30,3900,0" yaku="19,1,52,1,54,1" doraHai="122" who="2" fromWho="0" sc="344,-43,392,0,294,63,0,0" /><INIT seed="5,0,0,2,4,72" ten="301,392,357,0" oya="1" hai0="123,94,131,2,113,44,48,117,35,90,70,43,96" hai1="130,1,95,122,79,61,81,105,32,92,110,121,120" hai2="60,82,37,0,125,75,68,58,66,119,104,89,45" hai3=""/><U116/><N who="1" m="30752" /><U107/><N who="1" m="31008" /><U98/><N who="1" m="31264" /><U57/><E116/><V74/><F119/><T109/><N who="0" m="31520" /><T73/><D35/><U62/><E32/><V86/><F0/><T87/><D117/><U3/><E130/><V85/><F104/><T64/><D2/><U67/><E110/><V52/><F125/><T71/><D73/><U99/><E1/><V88/><F45/><T101/><D109/><U91/><E61/><V55/><F37/><T40/><D131/><U84/><E3/><V42/><F42/><T114/><D43/><U80/><E80/><V124/><F55/><T51/><D51/><U106/><REACH who="1" step="1"/><E95/><REACH who="1" ten="301,382,357,0" step="2"/><V59/><F124/><T76/><D76/><U108/><E108/><V47/><F82/><T118/><D118/><U33/><E33/><V133/><F60/><T56/><D114/><U129/><E129/><V134/><F134/><T132/><D113/><U102/><AGARI ba="0,1" hai="57,62,67,79,81,84,91,92,98,99,102,105,106,107" m="31264,31008,30752" machi="102" ten="30,12000,2" yaku="1,1,0,1,52,4,53,0" doraHai="72" doraHaiUra="50" who="1" fromWho="1" sc="301,-60,382,130,357,-60,0,0" /><INIT seed="5,1,0,1,5,48" ten="241,512,297,0" oya="1" hai0="74,62,65,39,56,69,71,100,45,95,42,82,54" hai1="57,72,91,40,105,90,114,115,3,101,80,33,76" hai2="103,130,53,117,98,125,38,109,102,36,124,61,49" hai3=""/><U113/><E33/><V64/><F109/><T110/><D82/><U99/><E3/><V73/><F73/><T129/><D74/><U131/><E40/><V93/><F103/><T135/><D95/><U127/><E131/><V75/><F75/><T86/><D86/><U46/><E46/><V60/><F130/><T66/><D100/><U67/><E127/><N who="2" m="48715" /><F117/><T0/><D0/><U122/><N who="1" m="31264" /><U77/><E77/><V32/><F32/><T41/><D129/><U118/><E118/><V1/><F1/><T50/><D110/><U37/><E37/><N who="2" m="14443" /><F64/><T96/><D96/><U2/><E2/><V58/><AGARI ba="1,0" hai="49,53,58,60,61,93,98,102" m="14443,48715" machi="58" ten="30,1500,0" yaku="18,1,52,1" doraHai="48" who="2" fromWho="2" sc="241,-6,512,-11,297,17,0,0" /><INIT seed="6,0,0,0,1,98" ten="235,501,314,0" oya="2" hai0="65,111,131,1,36,57,41,35,102,60,63,125,127" hai1="84,85,79,129,69,95,42,64,34,103,32,43,56" hai2="132,115,55,59,73,39,62,70,52,100,119,108,33" hai3=""/><V54/><F33/><T107/><D1/><U83/><E69/><V40/><F73/><T3/><D3/><U67/><E129/><V58/><F100/><T99/><D35/><U45/><E32/><V91/><F91/><T38/><D131/><U75/><E34/><V72/><F72/><T117/><D117/><U80/><E75/><V87/><F87/><T61/><D111/><U0/><E0/><V92/><F92/><T68/><D60/><U50/><E43/><V53/><F119/><T46/><REACH who="0" step="1"/><D36/><REACH who="0" ten="225,501,314,0" step="2"/><U126/><E126/><V109/><F109/><T122/><N who="0" m="31264" /><T49/><D49/><U78/><E56/><V82/><F108/><T116/><D116/><U133/><E133/><V47/><F132/><T66/><AGARI ba="0,1" hai="38,41,46,57,61,63,65,66,68,99,102,107,125,127" m="31264" machi="66" ten="30,5900,0" yaku="1,1,0,1,52,2,53,0" doraHai="98" doraHaiUra="88" who="0" fromWho="0" sc="225,69,501,-20,314,-39,0,0" owari="294,-11.0,481,43.0,275,-32.0,0,0.0" /></mjloggm>