<mjloggm ver="2.3"><GO type="225" lobby="0"/><UN n0="%E8%88%B9%E8%A6%8B%E7%B5%90%E8%A1%A3%E3%81%A1%E3%82%83%E3%82%93" n1="%E3%83%95%E3%82%B5%E3%82%A6%E3%83%9F%E3%82%B3%E3%83%83%E3%83%97" n2="%E3%83%96%E3%83%AB%E3%83%BC%E3%83%91%E3%83%B3%E3%83%80" n3="%E8%A8%88%E7%AE%97%E6%A9%9F%E8%87%AA%E7%84%B6" dan="16,17,16,18" rate="2121.14,2244.46,2032.14,2287.52" sx="F,M,F,M"/><TAIKYOKU oya="0"/><INIT seed="0,0,0,5,0,128" ten="250,250,250,250" oya="0" hai0="72,3,86,30,7,32,5,62,47,126,98,108,90" hai1="83,73,53,79,25,116,71,45,121,29,37,39,13" hai2="40,61,75,107,66,44,120,63,54,41,26,27,65" hai3="77,89,33,114,59,131,85,105,88,127,31,123,78"/><T80/><D126/><U134/><E116/><V102/><F75/><W35/><G114/><T12/><D108/><U46/><E71/><V19/><F120/><W125/><G105/><T110/><D110/><U100/><E121/><V14/><F107/><W87/><G123/><T132/><D3/><U109/><E109/><V15/><F102/><W129/><REACH who="3" step="1"/><G59/><REACH who="3" ten="250,250,250,240" step="2"/><T91/><D72/><U24/><E73/><V82/><F82/><W103/><G103/><T51/><D80/><U84/><E100/><V4/><F4/><W99/><G99/><T38/><D98/><U111/><E83/><V81/><F81/><W1/><G1/><T124/><D124/><U104/><E104/><V49/><F49/><W96/><G96/><T43/><D51/><U2/><E2/><V133/><F63/><W68/><G68/><T93/><D62/><U56/><E111/><V28/><F61/><W112/><G112/><T101/><D101/><U69/><E69/><V8/><F66/><W122/><G122/><T97/><D97/><U135/><E39/><V92/><F65/><W58/><G58/><T67/><D38/><U130/><E56/><V106/><F106/><W16/><G16/><T50/><D67/><U6/><E37/><V64/><F19/><W11/><G11/><T10/><D10/><U42/><E6/><V55/><F8/><W18/><G18/><T76/><D5/><U70/><E70/><V95/><F64/><W118/><G118/><T22/><D7/><U17/><E17/><V57/><F57/><W113/><G113/><T94/><D30/><AGARI ba="0,1" hai="30,31,33,35,77,78,85,87,88,89,125,127,129,131" machi="30" ten="25,6400,0" yaku="1,1,22,2,54,1,53,0" doraHai="128" doraHaiUra="48" who="3" fromWho="0" sc="250,-64,250,0,250,0,240,74" /><INIT seed="1,0,0,5,3,65" ten="186,250,250,314" oya="1" hai0="47,50,6,56,46,134,100,22,55,54,119,116,13" hai1="132,32,21,28,81,95,74,49,86,39,18,51,127" hai2="59,62,71,2,98,8,91,124,84,117,97,23,42" hai3="70,94,24,53,66,68,115,52,38,88,113,60,15"/><U122/><E122/><V9/><F117/><W14/><G38/><T58/><D100/><U41/><E132/><V90/><F124/><W16/><G24/><T96/><D96/><U77/><E127/><V0/><F42/><W30/><G30/><T123/><D22/><U128/><E128/><V105/><F105/><W7/><G70/><T107/><D107/><U11/><E32/><V111/><F111/><W43/><G43/><T108/><D13/><U37/><E28/><V118/><F118/><W130/><G130/><T80/><D80/><U57/><E11/><V135/><F135/><W63/><G7/><T110/><D6/><U10/><E10/><V45/><F45/><W12/><G16/><T120/><D134/><U82/><E95/><V72/><F72/><W129/><G129/><T126/><D50/><U85/><E74/><V78/><F23/><W73/><G73/><T109/><D109/><U19/><E41/><V79/><F84/><W25/><G25/><T27/><D27/><U33/><E33/><V26/><F26/><W104/><G104/><T76/><D76/><U103/><E103/><V34/><F34/><W40/><G40/><T89/><D89/><U3/><E21/><V48/><F9/><W5/><G5/><T102/><D102/><U4/><E4/><V93/><F8/><W61/><G94/><T121/><D121/><U101/><E101/><V125/><F93/><W36/><G88/><T67/><D67/><U75/><E75/><V20/><F90/><W114/><G36/><T83/><D83/><U69/><E81/><V112/><F91/><RYUUKYOKU ba="0,0" sc="186,15,250,-15,250,-15,314,15" hai0="46,47,54,55,56,58,108,110,116,119,120,123,126" hai3="12,14,15,52,53,60,61,63,66,68,113,114,115" /><INIT seed="2,1,0,0,5,77" ten="201,235,235,329" oya="2" hai0="56,19,98,84,97,64,117,27,71,24,101,118,123" hai1="41,42,85,103,111,18,96,6,122,2,79,88,109" hai2="31,105,14,46,26,28,92,54,124,21,4,72,25" hai3="48,119,68,44,55,131,120,81,108,1,116,113,73"/><V34/><F105/><W12/><G1/><T133/><D71/><U80/><E122/><V102/><F124/><W45/><G120/><T51/><D123/><U13/><E6/><V0/><F0/><W3/><G3/><T36/><D36/><U75/><E2/><V70/><F70/><W39/><G68/><T91/><D133/><U65/><E65/><V50/><F72/><W99/><G108/><N who="1" m="41546" /><E79/><V115/><F115/><W130/><G113/><T114/><D114/><U47/><E47/><V128/><F128/><N who="3" m="49195" /><G73/><T67/><D67/><U89/><E89/><V57/><F4/><W23/><G81/><T125/><D125/><U29/><E29/><V93/><F14/><W78/><G78/><T87/><D87/><U20/><E75/><V95/><REACH who="2" step="1"/><F46/><REACH who="2" ten="201,235,225,329" step="2"/><W127/><G127/><T83/><D118/><U110/><N who="1" m="41554" /><U22/><DORA hai="100" /><E22/><V76/><F76/><W107/><G12/><T94/><D117/><U106/><AGARI ba="1,1" hai="13,18,20,41,42,80,85,88,96,103,106" m="41554" machi="106" ten="40,8000,1" yaku="14,1,52,2,54,1" doraHai="77,100" who="1" fromWho="1" sc="201,-21,235,93,225,-41,329,-21" /><INIT seed="3,0,0,1,3,65" ten="180,328,184,308" oya="3" hai0="133,74,67,104,27,28,92,131,118,119,43,25,91" hai1="22,38,107,40,41,113,42,134,100,34,75,56,111" hai2="21,132,35,90,4,24,32,5,15,84,9,129,19" hai3="16,122,47,48,30,12,68,95,83,51,89,57,49"/><W121/><G68/><T54/><D74/><U13/><E34/><V115/><F115/><W2/><G2/><T106/><D67/><U46/><E113/><V85/><F132/><W110/><G110/><T117/><D43/><U108/><E75/><V96/><F129/><W37/><G30/><T87/><D133/><U77/><E77/><V6/><F96/><N who="3" m="57455" /><G37/><T126/><D131/><U72/><E72/><V52/><F52/><N who="3" m="29727" /><G122/><T71/><D71/><U101/><E134/><V3/><F85/><W124/><G121/><T53/><D126/><U23/><E56/><V81/><F6/><W99/><G124/><T11/><D11/><U103/><E107/><V123/><F123/><W61/><G99/><T44/><D25/><U1/><E1/><V62/><F5/><W98/><G98/><T31/><D31/><U17/><E23/><V128/><F128/><W59/><G83/><T127/><D127/><U60/><E60/><V63/><F35/><W97/><G97/><T125/><D125/><U29/><E29/><AGARI ba="0,0" hai="3,4,9,15,19,21,24,29,32,62,63,81,84,90" machi="29" ten="40,2600,0" yaku="24,2" doraHai="65" who="2" fromWho="1" sc="180,0,328,-26,184,26,308,0" owari="180,-32.0,302,10.0,210,-19.0,308,41.0" /></mjloggm>