<mjloggm ver="2.3"><GO type="225" lobby="0"/><UN n0="%E8%A8%88%E7%AE%97%E6%A9%9F%E8%87%AA%E7%84%B6" n1="%E3%81%AF%E3%82%88%E3%81%8A%E3%81%98%E3%81%95%E3%82%93" n2="%E3%81%82%E3%82%89%E3%81%8C%E3%81%8D%E3%81%82%E3%82%84%E3%81%9B" n3="%74%72%69%65%74%74%61" dan="18,17,16,16" rate="2292.94,2115.21,2163.56,2109.87" sx="M,M,F,M"/><TAIKYOKU oya="0"/><INIT seed="0,0,0,4,1,58" ten="250,250,250,250" oya="0" hai0="49,11,98,21,123,62,59,7,67,86,50,48,31" hai1="89,93,131,83,94,78,70,2,79,115,4,55,108" hai2="1,38,35,22,20,15,18,66,12,122,73,110,61" hai3="105,60,43,32,9,132,112,127,135,56,125,104,124"/><T118/><D118/><U13/><E2/><V117/><F110/><W23/><G32/><T64/><D123/><U82/><E108/><V111/><F111/><W0/><G112/><T25/><D86/><U129/><E70/><V109/><F109/><W97/><G23/><T75/><D75/><U103/><E55/><V44/><F122/><W106/><G43/><T6/><D11/><U30/><E13/><V16/><F117/><W54/><REACH who="3" step="1"/><G97/><REACH who="3" ten="250,250,250,240" step="2"/><T77/><D77/><U24/><E115/><V88/><F35/><W113/><G113/><T74/><D74/><U10/><E79/><V33/><F33/><W68/><G68/><T92/><REACH who="0" step="1"/><D67/><REACH who="0" ten="240,250,250,240" step="2"/><U100/><E78/><V128/><F73/><W17/><G17/><T3/><D3/><U26/><E10/><V34/><F1/><W36/><G36/><T134/><D134/><U85/><E4/><AGARI ba="0,2" hai="0,4,9,54,56,60,104,105,106,124,125,127,132,135" machi="4" ten="50,6400,0" yaku="1,1,18,1,52,1,53,0" doraHai="58" doraHaiUra="107" who="3" fromWho="1" sc="240,0,250,-64,250,0,240,84" /><INIT seed="1,0,0,0,0,28" ten="240,186,250,324" oya="1" hai0="120,100,99,130,59,36,54,129,29,21,69,15,62" hai1="134,22,90,14,68,71,108,84,95,94,26,76,118" hai2="9,30,128,135,126,72,19,42,96,20,119,116,23" hai3="45,50,34,70,86,121,91,88,63,83,92,37,7"/><U3/><E3/><V44/><F72/><W52/><G121/><T87/><D36/><U127/><E118/><V114/><F135/><W1/><G37/><T98/><D120/><U101/><E134/><V31/><F96/><W132/><G132/><T110/><D110/><U17/><E108/><V18/><F44/><W75/><G7/><T105/><D69/><U47/><E127/><V8/><F42/><W67/><G1/><T65/><D87/><U123/><E123/><V78/><F78/><W109/><G109/><T51/><D99/><U64/><E76/><V27/><F126/><W112/><G112/><T32/><D21/><U89/><E101/><V10/><F114/><W60/><G60/><T85/><D15/><U11/><E64/><V113/><F113/><W49/><G49/><T77/><D85/><U25/><E25/><V41/><F41/><W53/><G34/><T56/><REACH who="0" step="1"/><D77/><REACH who="0" ten="230,186,250,324" step="2"/><U117/><E117/><N who="2" m="45131" /><F128/><W12/><G12/><AGARI ba="0,1" hai="8,9,10,12,18,19,20,23,27,30,31" m="45131" machi="12" ten="30,2000,0" yaku="34,2" doraHai="28" who="2" fromWho="3" sc="230,0,186,0,250,30,324,-20" /><INIT seed="2,0,0,5,3,2" ten="230,186,280,304" oya="2" hai0="7,135,57,14,82,16,39,65,51,70,67,20,29" hai1="66,109,99,123,38,31,91,72,134,122,50,32,78" hai2="69,10,98,60,73,96,71,84,111,64,103,40,105" hai3="131,133,90,47,102,58,80,115,53,52,27,25,117"/><V55/><F73/><W95/><G117/><T108/><D39/><U125/><E38/><V101/><F111/><W36/><G133/><T33/><D108/><U86/><E109/><V110/><F110/><W1/><G1/><T106/><D106/><U48/><E66/><N who="0" m="25097" /><D70/><U132/><E31/><V54/><F71/><W77/><G131/><T76/><D33/><U87/><E32/><V126/><F126/><W34/><G115/><T46/><D135/><N who="1" m="51755" /><E48/><V130/><F130/><W107/><G102/><T56/><D29/><U129/><E50/><V17/><F40/><W128/><G107/><T30/><D30/><U44/><E44/><V74/><F74/><W11/><G128/><T24/><D82/><N who="1" m="45383" /><E129/><V104/><F84/><N who="1" m="32297" /><E125/><V93/><F93/><AGARI ba="0,0" hai="91,93,99,122,123" m="32297,45383,51755" machi="93" ten="30,3900,0" yaku="20,1,34,2" doraHai="2" who="1" fromWho="2" sc="230,0,186,39,280,-39,304,0" /><INIT seed="3,0,0,0,2,75" ten="230,225,241,304" oya="3" hai0="105,24,89,59,86,37,91,57,25,63,17,38,70" hai1="32,46,77,93,81,99,4,114,15,103,83,115,64" hai2="118,20,42,7,129,14,23,52,41,45,34,108,28" hai3="124,88,31,40,130,54,120,74,39,133,5,97,44"/><W126/><G120/><T82/><D105/><U101/><E32/><V121/><F118/><W47/><G130/><T67/><D37/><U19/><E4/><V30/><F129/><W58/><G74/><T18/><D38/><U116/><E116/><V128/><F128/><W113/><G113/><T43/><D43/><N who="2" m="16394" /><F34/><W122/><G122/><T3/><D3/><U84/><E46/><V125/><F121/><W21/><G5/><T48/><D70/><U12/><E12/><V1/><F1/><W66/><G133/><T110/><D110/><U16/><E19/><N who="0" m="7177" /><D91/><U119/><E119/><V6/><F108/><W112/><G112/><T90/><D89/><U135/><E135/><V11/><F125/><N who="3" m="48235" /><G66/><T109/><D109/><U78/><E64/><V107/><F107/><W72/><G72/><T50/><D59/><U95/><E95/><V98/><F98/><W26/><G47/><T69/><D69/><U33/><E33/><V56/><F45/><W117/><G117/><T111/><D111/><U79/><E103/><V49/><F6/><W131/><G131/><T100/><D100/><U104/><E104/><V55/><F55/><W62/><G88/><T53/><D67/><U51/><E51/><AGARI ba="0,0" hai="24,25,48,50,51,53,57,63,82,86,90" m="7177" machi="51" ten="30,1000,0" yaku="8,1" doraHai="75" who="0" fromWho="1" sc="230,10,225,-10,241,0,304,0" owari="240,-16.0,215,-28.0,241,4.0,304,40.0" /></mjloggm>