<mjloggm ver="2.3"><GO type="169" lobby="0"/><UN n0="%E3%82%82%E3%82%8A%E3%81%96%E3%81%AD" n1="%E3%83%9D%E3%83%B3%E3%83%89%E3%83%AB" n2="%E3%82%AD%E3%83%B3%E3%82%B0%E3%81%82%E3%81%A4%E3%81%97" n3="%62%6F%79%61%74%65%74%75" dan="16,16,17,16" rate="2178.61,2039.43,2189.84,2126.46" sx="M,M,M,M"/><TAIKYOKU oya="0"/><INIT seed="0,0,0,5,5,31" ten="250,250,250,250" oya="0" hai0="116,133,48,106,46,87,90,135,84,109,93,76,71" hai1="114,92,134,16,117,32,95,88,23,17,29,65,45" hai2="98,67,85,19,39,43,100,41,6,121,13,123,108" hai3="72,27,52,122,53,131,96,5,59,20,78,2,99"/><T62/><D116/><U110/><E117/><V28/><F108/><W126/><G131/><T102/><D109/><U104/><E104/><V115/><F115/><W42/><G126/><T61/><D106/><U47/><E110/><V69/><F6/><W33/><G42/><T129/><D129/><U83/><E114/><V25/><F85/><W55/><G122/><T58/><D102/><U73/><E134/><N who="0" m="51209" /><D71/><U79/><E65/><V103/><F103/><W36/><G36/><T60/><D76/><U37/><E95/><V80/><F80/><W120/><G120/><T30/><D30/><U81/><E81/><V70/><F121/><W105/><G105/><T14/><D14/><U34/><E29/><V113/><F39/><W12/><G12/><T132/><N who="0" m="51217" /><T124/><DORA hai="0" /><D124/><U74/><E74/><V22/><F113/><W130/><G130/><T118/><D118/><U40/><E47/><V26/><F26/><W68/><G68/><T89/><D89/><U8/><E8/><V119/><F70/><W91/><G91/><T82/><D84/><U94/><E94/><V3/><F119/><W51/><G78/><T64/><D93/><U97/><E17/><V9/><F123/><W4/><G72/><T10/><D10/><U77/><E79/><V101/><F101/><W128/><G128/><T57/><D64/><U111/><E111/><V24/><F67/><W50/><G2/><T127/><D127/><U86/><E73/><V35/><F69/><W15/><G15/><AGARI ba="0,0" hai="15,16,23,32,34,37,40,45,77,83,86,88,92,97" machi="15" ten="30,8000,1" yaku="7,1,52,2,54,2" doraHai="31,0" who="1" fromWho="3" sc="250,0,250,80,250,0,250,-80" /><INIT seed="1,0,0,0,2,131" ten="250,330,250,170" oya="1" hai0="71,57,70,118,68,102,93,1,4,30,31,2,119" hai1="46,123,133,77,21,82,79,85,28,69,91,23,103" hai2="35,54,53,27,72,55,112,111,9,24,98,49,104" hai3="122,90,125,15,7,114,51,50,97,95,87,129,3"/><U43/><E69/><V61/><F72/><W66/><G122/><T135/><D57/><U62/><E123/><V65/><F111/><W76/><G114/><T84/><D84/><U52/><E103/><V73/><F73/><W40/><G3/><T33/><D93/><U89/><E89/><V116/><F116/><W37/><G37/><T100/><D70/><U36/><E21/><V99/><F112/><W47/><G129/><T16/><D4/><U80/><E91/><V106/><F49/><W83/><G125/><T126/><D33/><U107/><E107/><V130/><F130/><W132/><G51/><T117/><D117/><U48/><E62/><V134/><F9/><N who="3" m="4543" /><G66/><T26/><D26/><U115/><E115/><V29/><F27/><W110/><G110/><T127/><REACH who="0" step="1"/><D16/><REACH who="0" ten="240,330,250,170" step="2"/><U60/><E85/><V92/><F104/><W128/><G128/><T11/><D11/><U41/><E80/><V10/><F106/><W67/><G67/><T45/><D45/><U101/><E82/><V56/><F10/><W5/><G5/><T74/><D74/><U20/><E46/><V19/><F19/><W12/><G12/><T81/><D81/><U88/><E20/><V34/><F34/><W18/><G18/><T0/><D0/><U94/><E23/><V96/><REACH who="2" step="1"/><F92/><REACH who="2" ten="240,330,240,170" step="2"/><W42/><G42/><T22/><D22/><U38/><E41/><V59/><F59/><W113/><G113/><T6/><D6/><U32/><E43/><V14/><F14/><W39/><G39/><T63/><D63/><U13/><E94/><V17/><F17/><W120/><G120/><RYUUKYOKU ba="0,2" sc="240,10,330,-30,240,10,170,10" hai0="1,2,30,31,68,71,100,102,118,119,126,127,135" hai2="24,29,35,53,54,55,56,61,65,96,98,99,134" hai3="40,47,50,76,83,87,90,95,97,132" /><INIT seed="2,1,2,3,3,99" ten="250,300,250,180" oya="2" hai0="31,38,5,49,43,80,23,74,133,97,2,88,26" hai1="32,6,64,103,95,108,121,22,87,83,132,120,105" hai2="96,135,67,124,48,114,61,13,107,90,113,68,101" hai3="29,126,123,28,46,25,12,41,71,115,60,93,37"/><V57/><F124/><W112/><G126/><T81/><D133/><U63/><E32/><V129/><F135/><W62/><G123/><N who="1" m="47178" /><E108/><V53/><F129/><W40/><G40/><T66/><D66/><U7/><E132/><V91/><REACH who="2" step="1"/><F13/><REACH who="2" ten="250,300,240,180" step="2"/><W122/><G122/><T21/><D2/><U98/><E105/><V50/><F50/><W82/><G12/><T34/><D49/><U51/><E51/><V15/><F15/><W78/><G115/><AGARI ba="1,3" hai="48,53,57,61,67,68,90,91,96,101,107,113,114,115" machi="115" ten="40,3900,0" yaku="1,1,52,1,53,0" doraHai="99" doraHaiUra="72" who="2" fromWho="3" sc="250,0,300,0,240,72,180,-42" /><INIT seed="2,2,0,5,4,30" ten="250,300,312,138" oya="2" hai0="94,26,89,23,114,64,49,116,9,115,29,130,86" hai1="42,108,45,88,0,39,46,55,74,128,90,21,103" hai2="28,98,92,15,61,129,22,119,82,121,19,5,122" hai3="53,99,132,109,67,4,123,27,95,125,13,85,134"/><V93/><F119/><W7/><G123/><T76/><D116/><U69/><E69/><V47/><F129/><W11/><G125/><T83/><D130/><U37/><E0/><V91/><F5/><W110/><G67/><T96/><D64/><U62/><E74/><V32/><F82/><W8/><G85/><T41/><D41/><U56/><E128/><V81/><F81/><W31/><G53/><T112/><D49/><U18/><E103/><V48/><F61/><W79/><G79/><T6/><REACH who="0" step="1"/><D112/><REACH who="0" ten="240,300,312,138" step="2"/><U40/><REACH who="1" step="1"/><E108/><REACH who="1" ten="240,290,312,138" step="2"/><V68/><F122/><W70/><G110/><T50/><D50/><U78/><E78/><V34/><F121/><W127/><G109/><T66/><D66/><U63/><E63/><V131/><F131/><W51/><G51/><T36/><D36/><U24/><AGARI ba="2,2" hai="18,21,24,37,39,40,42,45,46,55,56,62,88,90" machi="24" ten="20,8000,1" yaku="1,1,0,1,7,1,9,1,54,1,53,0" doraHai="30" doraHaiUra="111" who="1" fromWho="1" sc="240,-22,290,106,312,-42,138,-22" /><INIT seed="3,0,0,5,4,103" ten="218,396,270,116" oya="3" hai0="1,36,132,37,73,68,107,54,33,55,62,120,117" hai1="125,76,46,59,109,17,100,51,124,4,82,6,122" hai2="25,19,50,127,110,45,2,20,92,34,113,101,67" hai3="56,84,65,108,78,52,16,98,41,130,32,116,134"/><W119/><G130/><T128/><D62/><U93/><E122/><V64/><F113/><W89/><G134/><T38/><D38/><U87/><E109/><V106/><F110/><W77/><G108/><T96/><D54/><U97/><E59/><V23/><F2/><W27/><G41/><T21/><D55/><N who="1" m="30199" /><E17/><V22/><F34/><W126/><G126/><AGARI ba="0,0" hai="4,6,76,82,87,93,97,100,124,125,126" m="30199" machi="126" ten="30,1000,0" yaku="18,1" doraHai="103" who="1" fromWho="3" sc="218,0,396,10,270,0,116,-10" /><INIT seed="4,0,0,2,4,35" ten="218,406,270,106" oya="0" hai0="133,125,7,33,104,53,3,121,103,132,71,117,62" hai1="74,76,36,81,72,134,63,111,85,109,39,87,65" hai2="89,122,2,55,58,131,19,120,28,0,10,43,90" hai3="110,98,82,23,44,13,30,42,88,130,100,97,112"/><T57/><D121/><U66/><E134/><N who="0" m="51817" /><D33/><U119/><E63/><V26/><F43/><W27/><G112/><T52/><D117/><U54/><E54/><V94/><F131/><W118/><G118/><T75/><D75/><U38/><E119/><V18/><F90/><W21/><G110/><T79/><D79/><U77/><E38/><V12/><F89/><W99/><G130/><T96/><D71/><U92/><E92/><V45/><F94/><W41/><G100/><T6/><D125/><U51/><E51/><V73/><F45/><W11/><G21/><T70/><D70/><U22/><E22/><N who="2" m="15447" /><F55/><N who="0" m="21066" /><D3/><N who="2" m="1066" /><F58/><W9/><G9/><T5/><D62/><U84/><E84/><V93/><F93/><W48/><G41/><T59/><AGARI ba="0,0" hai="5,6,7,57,59,96,103,104" m="21066,51817" machi="59" ten="40,3900,0" yaku="20,1,54,1" doraHai="35" who="0" fromWho="0" sc="218,39,406,-13,270,-13,106,-13" /><INIT seed="4,1,0,4,1,31" ten="257,393,257,93" oya="0" hai0="60,52,134,76,110,126,96,43,105,127,53,121,61" hai1="25,35,24,3,117,84,4,37,123,100,85,16,34" hai2="15,2,57,7,8,125,118,88,32,41,48,64,75" hai3="9,62,54,87,47,0,1,6,112,83,10,19,98"/><T78/><D96/><U104/><E37/><V128/><F75/><W67/><G112/><T27/><D27/><U108/><E108/><V129/><F125/><N who="0" m="47626" /><D43/><U81/><E123/><V69/><F118/><W93/><G1/><T59/><D121/><U56/><E104/><V58/><F32/><W26/><G26/><T90/><D90/><U17/><E117/><V14/><F69/><W63/><G67/><T13/><D105/><U122/><E100/><V39/><F39/><W33/><G33/><T111/><D13/><N who="2" m="4618" /><F64/><W5/><G5/><T115/><D115/><U71/><E71/><V36/><F36/><W50/><G10/><T86/><D86/><U22/><E122/><V107/><F107/><W73/><G73/><T44/><D134/><U89/><E56/><V103/><F88/><W91/><REACH who="3" step="1"/><G19/><REACH who="3" ten="257,393,257,83" step="2"/><T131/><D131/><U49/><E17/><V132/><F129/><W95/><G95/><T12/><D12/><U135/><E3/><V114/><F128/><W101/><AGARI ba="1,1" hai="0,6,9,47,50,54,62,63,83,87,91,93,98,101" machi="101" ten="20,2700,0" yaku="1,1,0,1,7,1,53,0" doraHai="31" doraHaiUra="65" who="3" fromWho="3" sc="257,-14,393,-8,257,-8,83,40" /><INIT seed="5,0,0,4,1,107" ten="243,385,249,123" oya="1" hai0="44,74,87,132,38,18,42,50,111,6,121,45,118" hai1="36,85,123,125,4,35,27,3,58,115,34,56,135" hai2="119,127,93,14,79,92,98,2,78,88,30,101,99" hai3="105,126,112,65,57,48,9,62,54,80,96,29,22"/><U128/><E36/><V15/><F2/><W103/><G126/><T59/><D111/><U71/><E125/><V63/><F127/><W17/><G112/><T72/><D118/><U26/><E123/><V134/><F119/><W90/><G29/><T28/><D121/><U41/><E71/><V131/><F131/><W113/><G113/><T108/><D108/><U95/><E128/><V5/><F134/><W53/><G9/><T21/><D132/><U43/><E135/><V40/><F40/><W110/><G110/><T46/><D6/><U33/><E115/><V86/><F30/><W12/><G48/><T130/><D130/><U24/><E4/><V84/><F63/><W104/><G104/><T47/><D28/><U37/><E3/><V73/><F5/><W94/><REACH who="3" step="1"/><G80/><REACH who="3" ten="243,385,249,113" step="2"/><T25/><D38/><U89/><E37/><V81/><F73/><W32/><G32/><T76/><REACH who="0" step="1"/><D59/><REACH who="0" ten="233,385,249,113" step="2"/><U1/><E56/><V100/><REACH who="2" step="1"/><F79/><REACH who="2" ten="233,385,239,113" step="2"/><W77/><G77/><T69/><D69/><U52/><E34/><V60/><F60/><W51/><G51/><T16/><D16/><U55/><E35/><V82/><AGARI ba="0,3" hai="14,15,78,81,82,84,86,88,92,93,98,99,100,101" machi="82" ten="20,16000,3" yaku="1,1,0,1,7,1,9,1,8,1,54,1,53,2" doraHai="107" doraHaiUra="11" who="2" fromWho="2" sc="233,-40,385,-80,239,190,113,-40" /><INIT seed="6,0,0,3,1,93" ten="193,305,429,73" oya="2" hai0="124,111,130,67,48,101,53,32,72,7,60,6,108" hai1="16,66,24,63,89,42,90,99,36,121,91,14,22" hai2="85,73,127,114,94,30,8,74,19,115,87,46,125" hai3="65,92,39,113,80,110,44,4,82,29,57,55,15"/><V0/><F30/><W9/><G110/><T28/><D72/><N who="2" m="27754" /><F46/><W49/><G113/><N who="2" m="43017" /><F19/><W27/><G39/><T40/><D40/><U59/><E121/><V70/><F70/><W51/><G65/><T68/><D130/><U41/><E36/><V100/><F8/><W129/><G129/><T97/><D124/><N who="2" m="47690" /><F0/><W64/><G64/><T43/><D43/><N who="1" m="16395" /><E14/><V10/><F10/><W134/><G134/><T81/><D6/><U104/><E16/><V61/><F61/><W128/><G128/><T88/><D7/><U33/><E33/><V5/><F5/><W135/><G135/><T83/><D53/><U20/><E24/><V102/><F94/><W34/><G92/><T38/><D38/><U132/><E22/><V103/><AGARI ba="0,0" hai="85,87,100,102,103" m="47690,43017,27754" machi="103" ten="40,18000,2" yaku="28,2,15,1,18,1,34,2" doraHai="93" who="2" fromWho="2" sc="193,-60,305,-60,429,180,73,-60" /><INIT seed="6,1,0,4,5,78" ten="133,245,609,13" oya="2" hai0="57,123,80,29,46,128,50,21,9,112,81,19,133" hai1="76,0,103,127,114,24,124,67,99,94,77,119,70" hai2="95,34,13,92,116,120,28,11,62,54,98,90,106" hai3="17,73,72,39,96,4,6,100,69,45,55,107,117"/><V84/><F120/><W108/><G117/><T47/><D123/><U89/><E0/><V134/><F116/><W91/><G108/><T110/><D110/><U86/><E67/><V88/><F134/><W102/><G102/><T71/><D71/><U109/><E70/><V2/><F2/><W3/><G17/><T8/><D133/><U18/><E109/><V36/><F36/><W82/><G55/><N who="0" m="31991" /><D112/><U51/><E51/><V132/><F132/><W129/><G129/><T38/><D38/><U75/><E119/><V101/><F34/><W105/><G6/><T74/><D74/><U43/><E77/><V49/><F62/><W31/><G69/><T44/><D128/><U12/><E24/><V64/><F28/><W58/><G58/><T104/><D104/><N who="1" m="63615" /><E43/><V115/><F64/><W10/><G31/><T52/><D52/><U42/><E42/><V87/><F115/><W65/><G65/><T130/><D130/><U16/><E114/><V125/><F49/><W126/><G126/><N who="1" m="48170" /><E12/><V56/><F125/><W32/><G105/><T63/><D63/><U66/><E66/><V122/><F54/><W135/><G135/><T20/><D20/><U41/><E41/><V15/><F56/><W60/><G60/><T93/><D93/><U40/><E40/><V79/><F92/><W131/><G131/><T26/><D8/><U113/><E113/><V25/><F95/><W48/><G32/><T37/><D37/><U111/><E111/><V85/><F11/><W5/><G39/><T33/><D33/><U30/><E30/><V59/><F59/><W61/><G10/><RYUUKYOKU ba="1,0" sc="133,15,245,15,609,-15,13,-15" hai0="9,19,21,26,29,44,46,47,80,81" hai1="16,18,75,76,86,89,94" owari="148,-25.0,260,6.0,594,69.0,-2,-50.0" /></mjloggm>