<mjloggm ver="2.3"><GO type="169" lobby="0"/><UN n0="%6B%75%72%69%6D%75" n1="%E3%81%A6%E3%82%93%E3%81%BD%E3%81%84%E3%82%93%E3%81%A8" n2="%E3%81%A6%E3%82%93%E3%81%A6%E3%81%93%E7%8B%90" n3="%EF%BC%91%EF%BC%90%E9%80%A3%E3%82%AC%E3%83%81%E3%83%A3" dan="18,17,16,16" rate="2245.29,2221.96,2193.37,2095.60" sx="M,F,M,M"/><TAIKYOKU oya="0"/><INIT seed="0,0,0,4,3,7" ten="250,250,250,250" oya="0" hai0="134,120,77,9,66,32,105,133,108,11,34,132,51" hai1="26,37,8,45,5,64,43,4,15,29,131,101,14" hai2="130,12,49,10,65,107,93,22,58,3,96,99,48" hai3="76,59,79,18,23,88,86,41,97,110,28,128,80"/><T115/><D105/><U35/><E131/><V126/><F130/><W71/><G71/><T90/><D115/><U91/><E101/><V116/><F107/><W19/><G41/><T52/><D120/><U95/><E64/><V44/><F126/><W38/><G38/><T55/><D77/><U127/><E127/><V60/><F116/><W1/><G1/><T85/><D66/><U27/><E27/><V30/><F99/><W113/><G113/><T118/><D108/><U74/><E74/><V62/><F62/><W114/><G110/><T39/><D39/><U17/><REACH who="1" step="1"/><E15/><REACH who="1" ten="250,240,250,250" step="2"/><V75/><F3/><W87/><G128/><T33/><D118/><U78/><E78/><V69/><F75/><W135/><G79/><T13/><D13/><U129/><E129/><V124/><F124/><W119/><G114/><T25/><D25/><U53/><E53/><N who="0" m="20553" /><D51/><U83/><E83/><AGARI ba="0,1" hai="9,11,32,33,34,83,85,90,132,133,134" m="20553" machi="83" ten="40,12000,1" yaku="20,1,52,2,54,1" doraHai="7" who="0" fromWho="1" sc="250,130,240,-120,250,0,250,0" /><INIT seed="0,1,0,0,0,7" ten="380,120,250,250" oya="0" hai0="0,111,126,12,47,91,108,19,83,40,113,20,73" hai1="76,87,65,81,56,116,39,98,23,120,121,131,93" hai2="9,71,63,79,50,53,96,10,60,70,89,84,3" hai3="32,43,72,114,21,107,115,80,86,118,124,134,29"/><T104/><D104/><U102/><E39/><V57/><F3/><W103/><G118/><T119/><D119/><U13/><E116/><V30/><F30/><W18/><G72/><T8/><D113/><U1/><E1/><V22/><F22/><W55/><G134/><T5/><D126/><U37/><E37/><V110/><F110/><N who="0" m="42026" /><D91/><U6/><E131/><V26/><F26/><W125/><G29/><T34/><D34/><U14/><E14/><V28/><F28/><W38/><G115/><T69/><D69/><U36/><E36/><V33/><F33/><W62/><G32/><T95/><D95/><U48/><E93/><N who="2" m="56367" /><F71/><W99/><G114/><T112/><D112/><U64/><E120/><V88/><F79/><W78/><G38/><N who="0" m="21911" /><D83/><U123/><E81/><N who="2" m="49167" /><F70/><W133/><G133/><T117/><D117/><U61/><E121/><V68/><F68/><W122/><G122/><T106/><D106/><U105/><E105/><V42/><F42/><W127/><G43/><T41/><D41/><U52/><E76/><V130/><F130/><W109/><G109/><T100/><D73/><U129/><E129/><V11/><AGARI ba="1,0" hai="9,10,11,50,53,57,60,63" m="49167,56367" machi="11" ten="30,8000,1" yaku="8,1,52,3,54,1" doraHai="7" who="2" fromWho="2" sc="380,-41,120,-21,250,83,250,-21" /><INIT seed="1,0,0,3,0,9" ten="339,99,333,229" oya="1" hai0="134,55,98,91,114,107,52,111,8,26,94,124,67" hai1="16,87,75,32,135,58,29,125,7,17,131,66,81" hai2="46,103,57,61,129,77,1,105,20,45,47,108,53" hai3="54,110,95,51,120,118,74,23,68,40,113,4,12"/><U34/><E131/><V100/><F1/><W43/><G110/><T31/><D111/><U42/><E75/><V96/><F108/><W56/><G113/><T28/><D134/><U70/><E70/><V30/><F129/><W88/><G120/><T130/><D124/><U19/><E125/><V65/><F77/><W73/><G68/><T33/><D31/><U35/><E42/><V50/><F103/><W14/><G74/><T126/><D126/><U13/><E135/><V80/><F80/><W84/><G73/><T5/><D114/><U48/><E29/><V93/><F105/><W25/><G118/><T27/><D27/><AGARI ba="0,0" hai="20,27,30,45,46,47,50,53,57,61,65,93,96,100" machi="27" ten="40,5200,0" yaku="25,2,8,1" doraHai="9" who="2" fromWho="0" sc="339,-52,99,0,333,52,229,0" /><INIT seed="2,0,0,1,3,52" ten="287,99,385,229" oya="2" hai0="128,100,95,104,72,99,76,41,40,36,110,20,123" hai1="25,80,134,68,14,16,33,21,120,84,66,67,13" hai2="119,28,49,60,43,38,5,135,107,61,56,27,118" hai3="127,69,62,24,7,23,81,103,39,131,116,58,101"/><V86/><F107/><W97/><G116/><T48/><D110/><U85/><E134/><V74/><F74/><W129/><G39/><T44/><D128/><N who="3" m="49225" /><G69/><T112/><D112/><U105/><E120/><V63/><F5/><W90/><G127/><T31/><D123/><U32/><E105/><V108/><F38/><W117/><G117/><N who="2" m="44553" /><F86/><N who="3" m="50511" /><G97/><T133/><D133/><U10/><E13/><V132/><F27/><W2/><G7/><T11/><D76/><U0/><E0/><V54/><F28/><N who="3" m="17439" /><G2/><T91/><D72/><U45/><E68/><V122/><F122/><W71/><G71/><T4/><D20/><U115/><E115/><V64/><F108/><W57/><G62/><N who="2" m="24169" /><F43/><W73/><G73/><T70/><D70/><AGARI ba="0,0" hai="49,54,56,63,64,70,132,135" m="24169,44553" machi="70" ten="30,5800,0" yaku="34,2,52,1" doraHai="52" who="2" fromWho="0" sc="287,-58,99,0,385,58,229,0" /><INIT seed="2,1,0,3,1,14" ten="229,99,443,229" oya="2" hai0="22,72,58,123,60,78,68,66,20,76,83,25,80" hai1="48,63,1,64,45,89,84,81,131,87,9,105,132" hai2="28,52,126,90,2,30,99,18,134,62,122,79,102" hai3="47,74,108,51,117,71,109,98,125,46,19,114,23"/><V7/><F122/><W118/><G74/><T21/><D123/><U61/><E105/><V103/><F2/><W15/><G125/><T95/><D95/><U53/><E1/><V129/><F7/><W4/><G71/><T111/><D111/><N who="3" m="42569" /><G114/><T27/><D68/><U12/><E131/><V97/><F79/><W55/><G4/><T36/><D36/><U3/><E132/><V67/><F67/><W17/><G98/><N who="2" m="37385" /><F90/><W16/><G47/><T32/><D32/><U94/><E3/><V69/><F69/><W13/><G23/><T113/><D113/><U110/><E64/><V130/><F126/><W59/><G46/><T41/><D41/><U77/><REACH who="1" step="1"/><E110/><REACH who="1" ten="229,89,443,229" step="2"/><V85/><F134/><W124/><G124/><T42/><REACH who="0" step="1"/><D42/><REACH who="0" ten="219,89,443,229" step="2"/><U40/><E40/><V24/><F130/><W75/><G75/><AGARI ba="1,2" hai="20,21,22,25,27,58,60,66,72,75,76,78,80,83" machi="75" ten="40,5200,0" yaku="1,1,2,1,9,1,53,0" doraHai="14" doraHaiUra="6" who="0" fromWho="3" sc="219,75,89,0,443,0,229,-55" /><INIT seed="3,0,0,0,2,97" ten="294,89,443,174" oya="3" hai0="105,78,109,42,108,117,130,37,118,32,51,77,45" hai1="102,22,93,43,35,17,38,39,1,56,7,69,82" hai2="120,71,41,34,54,119,11,52,90,124,29,114,12" hai3="131,13,55,53,40,33,24,106,128,123,2,9,86"/><W84/><G2/><T14/><D32/><U132/><E69/><V65/><F114/><W100/><G40/><T129/><D105/><U59/><E35/><V111/><F119/><W74/><G74/><T76/><D14/><U79/><E132/><V87/><F111/><N who="0" m="42570" /><D51/><U28/><E28/><V89/><F124/><W61/><G24/><T85/><D85/><U88/><E7/><V127/><F127/><W6/><G33/><T134/><D134/><U47/><E39/><V0/><F120/><W18/><G123/><T116/><AGARI ba="0,0" hai="37,42,45,76,77,78,116,117,118,129,130" m="42570" machi="116" ten="40,1500,0" yaku="14,1" doraHai="97" who="0" fromWho="0" sc="294,15,89,-4,443,-4,174,-7" /><INIT seed="4,0,0,2,1,45" ten="309,85,439,167" oya="0" hai0="135,118,31,104,17,127,134,53,106,14,54,12,132" hai1="58,120,88,98,60,37,107,133,86,79,74,119,24" hai2="40,92,9,100,111,26,125,130,41,23,128,131,78" hai3="75,122,42,108,97,115,105,44,85,117,32,47,84"/><T76/><D31/><U51/><E120/><V1/><F111/><W0/><G108/><T91/><D118/><U11/><E37/><V38/><F125/><W109/><G109/><T20/><D76/><U96/><E107/><N who="0" m="41001" /><D127/><U49/><E74/><V87/><F38/><W15/><G32/><T8/><D91/><U5/><E24/><V3/><F100/><W6/><G115/><T110/><D110/><U21/><E21/><V121/><F121/><W69/><G122/><T66/><D66/><N who="1" m="39191" /><E133/><N who="0" m="34049" /><T30/><DORA hai="28" /><D30/><U67/><E67/><V65/><F65/><W29/><G117/><T39/><D39/><U71/><E71/><V114/><F114/><W83/><G69/><T16/><AGARI ba="0,0" hai="8,12,14,16,17,20,53,54" m="34049,41001" machi="16" ten="50,4800,0" yaku="20,1,54,1" doraHai="45,28" who="0" fromWho="0" sc="309,48,85,-16,439,-16,167,-16" /><INIT seed="4,1,0,4,2,45" ten="357,69,423,151" oya="0" hai0="27,22,89,91,36,92,43,17,66,6,111,85,114" hai1="129,118,70,94,101,80,112,64,116,35,60,63,82" hai2="38,55,115,12,44,84,41,39,75,13,23,79,15" hai3="16,31,61,62,131,73,134,30,50,104,37,18,88"/><T86/><D114/><U5/><E35/><V135/><F115/><W46/><G104/><T29/><D111/><U100/><E5/><V77/><F135/><W120/><G73/><T93/><D6/><U49/><E94/><V19/><F75/><W117/><G37/><T107/><D107/><U42/><E64/><V53/><F38/><W72/><G72/><T81/><D66/><U65/><E65/><V21/><F21/><W124/><G117/><T96/><D36/><U76/><E42/><V28/><F28/><N who="3" m="10795" /><G134/><T95/><D43/><U34/><E34/><V108/><F108/><W67/><G124/><T8/><D96/><U133/><E129/><V83/><REACH who="2" step="1"/><F79/><REACH who="2" ten="357,69,413,151" step="2"/><W57/><G131/><T128/><D128/><U59/><E76/><V71/><F71/><W3/><G120/><T14/><AGARI ba="1,1" hai="8,14,17,22,27,29,81,85,86,89,91,92,93,95" machi="14" ten="30,3000,0" yaku="0,1,8,1" doraHai="45" who="0" fromWho="0" sc="357,43,69,-11,413,-11,151,-11" /><INIT seed="4,2,0,1,4,65" ten="400,58,402,140" oya="0" hai0="31,71,6,43,48,14,105,11,116,17,117,69,22" hai1="87,45,34,110,112,35,41,126,64,95,30,85,108" hai2="8,40,27,4,107,1,115,92,63,103,75,10,28" hai3="104,72,84,101,79,52,78,99,109,89,94,20,51"/><T100/><D100/><U9/><E9/><V118/><F115/><W24/><G109/><T58/><D105/><U130/><E64/><V121/><F121/><W88/><G72/><T61/><D31/><U32/><E30/><V54/><F118/><W127/><G127/><T13/><D116/><U38/><E126/><V68/><F75/><W133/><G133/><T26/><D117/><U73/><E73/><V66/><F40/><W0/><G0/><T122/><D122/><U80/><E130/><V56/><F92/><W59/><REACH who="3" step="1"/><G89/><REACH who="3" ten="400,58,402,130" step="2"/><T124/><D124/><U37/><E112/><V23/><F1/><W97/><G97/><T12/><D43/><U25/><E108/><V44/><F4/><W16/><AGARI ba="2,1" hai="16,20,24,51,52,59,78,79,84,88,94,99,101,104" machi="16" ten="20,12000,2" yaku="1,1,0,1,7,1,54,3,53,1" doraHai="65" doraHaiUra="19" who="3" fromWho="3" sc="400,-62,58,-32,402,-32,130,136" /><INIT seed="5,0,0,4,1,118" ten="338,26,370,266" oya="1" hai0="93,21,128,16,90,109,8,2,58,75,27,129,29" hai1="74,32,53,18,110,52,54,84,85,132,95,133,123" hai2="37,0,99,31,67,87,20,46,100,1,135,42,3" hai3="72,49,9,61,40,30,41,107,28,60,55,51,13"/><U106/><E106/><V124/><F135/><N who="1" m="51785" /><E110/><V65/><F124/><W76/><G76/><T82/><D109/><U43/><E32/><V47/><F87/><N who="1" m="33353" /><E74/><V57/><F47/><W7/><G72/><T10/><D82/><U116/><E116/><V69/><F69/><W91/><G91/><T25/><D75/><U97/><E43/><N who="3" m="16458" /><G49/><T103/><D103/><N who="1" m="60863" /><E18/><V63/><F67/><W48/><G48/><T19/><D58/><U126/><E126/><V89/><F89/><W59/><G107/><T88/><D93/><U68/><E68/><V96/><F100/><W11/><G11/><T26/><D88/><U121/><AGARI ba="0,0" hai="52,53,54,121,123" m="60863,33353,51785" machi="121" ten="40,12000,1" yaku="20,1,52,2,54,1" doraHai="118" who="1" fromWho="1" sc="338,-40,26,120,370,-40,266,-40" /><INIT seed="5,1,0,4,5,16" ten="298,146,330,226" oya="1" hai0="77,74,19,33,129,131,17,54,118,87,13,84,52" hai1="51,101,113,57,46,69,31,48,106,70,24,15,103" hai2="127,94,126,7,58,9,71,90,28,133,75,78,91" hai3="99,79,122,110,102,32,40,62,3,42,35,45,41"/><U29/><E113/><V11/><F71/><W44/><G110/><T111/><D33/><U0/><E0/><V49/><F133/><W83/><G3/><T115/><D111/><U8/><E57/><V20/><F75/><W47/><G62/><T43/><D43/><U12/><E8/><V121/><F78/><W120/><G83/><T25/><D115/><U96/><E96/><V10/><F121/><W55/><G55/><T27/><D74/><U6/><E6/><V4/><F90/><W82/><G82/><T5/><D5/><U104/><REACH who="1" step="1"/><E24/><REACH who="1" ten="298,136,330,226" step="2"/><N who="2" m="16391" /><F127/><W134/><G134/><T26/><D27/><U21/><E21/><V65/><F126/><W64/><G120/><T88/><D118/><U68/><E68/><V95/><F4/><W18/><G122/><T73/><D26/><U128/><E128/><V56/><F7/><W80/><G32/><T67/><D25/><U107/><E107/><V114/><F114/><W39/><G35/><T109/><D129/><U123/><E123/><V81/><F58/><W93/><G39/><T59/><D131/><U34/><E34/><V1/><F1/><W130/><G130/><T50/><D59/><U112/><E112/><V30/><F30/><W132/><G132/><T92/><D109/><U135/><E135/><V66/><F66/><W119/><G64/><T61/><D67/><U124/><E124/><V86/><F65/><W38/><G38/><T23/><D23/><U60/><E60/><V89/><F89/><W116/><REACH who="3" step="1"/><G18/><REACH who="3" ten="298,136,330,216" step="2"/><T14/><D61/><U125/><E125/><V105/><F105/><W108/><G108/><RYUUKYOKU ba="1,2" sc="298,-30,136,10,330,10,216,10" hai1="12,15,29,31,46,48,51,69,70,101,103,104,106" hai2="9,10,11,49,56,81,86,91,94,95" hai3="40,41,42,44,45,47,79,80,93,99,102,116,119" /><INIT seed="5,2,2,1,5,17" ten="268,146,340,226" oya="1" hai0="110,89,81,92,18,133,68,78,26,90,22,0,109" hai1="53,21,107,20,9,134,29,94,7,8,95,40,72" hai2="121,71,85,83,37,74,63,61,30,64,46,118,1" hai3="6,11,114,23,96,50,65,101,25,12,52,15,75"/><U59/><E107/><V55/><F118/><W104/><G75/><T27/><D68/><U124/><E72/><V33/><F121/><W49/><G114/><T24/><D0/><U13/><E134/><V4/><F30/><W112/><G112/><T19/><D133/><U117/><E124/><V32/><F63/><W43/><G65/><T93/><D27/><N who="1" m="16615" /><E117/><V2/><F74/><W38/><G49/><T66/><D66/><U86/><E40/><V10/><F1/><W39/><G15/><T129/><D78/><U5/><E86/><V128/><F128/><W62/><G62/><T56/><D81/><U113/><E113/><V76/><F55/><W73/><G73/><T84/><D56/><U122/><E122/><V120/><F120/><W99/><G43/><T135/><D135/><U87/><E87/><V41/><AGARI ba="2,2" hai="2,4,10,32,33,37,41,46,61,64,71,76,83,85" machi="41" ten="30,1100,0" yaku="0,1" doraHai="17" who="2" fromWho="2" sc="268,-5,146,-7,340,37,226,-5" /><INIT seed="6,0,0,0,1,17" ten="263,139,377,221" oya="2" hai0="82,60,114,15,119,134,93,0,16,63,92,61,94" hai1="113,97,133,21,130,39,28,76,52,3,120,85,40" hai2="8,106,124,44,74,7,66,77,99,37,25,79,107" hai3="18,29,23,35,96,68,105,46,56,43,1,58,42"/><V70/><F124/><W45/><G1/><T31/><D0/><U73/><E73/><V104/><F70/><W125/><G125/><T98/><D114/><U14/><E3/><V67/><F99/><W84/><G29/><T6/><D134/><U51/><E39/><V71/><F71/><W62/><G35/><T135/><D135/><U132/><E113/><V55/><F25/><W69/><G69/><T129/><D6/><U9/><E40/><V95/><F95/><W108/><G108/><T13/><D13/><U72/><E72/><V75/><F75/><W116/><G116/><T128/><D31/><U83/><E97/><V20/><F20/><W49/><G68/><T110/><D82/><U38/><E38/><V26/><F26/><W100/><G84/><T2/><D2/><U115/><E115/><V80/><F77/><W54/><G58/><T91/><D110/><U126/><E126/><V36/><F8/><W111/><G111/><T64/><D64/><U118/><E118/><V121/><F7/><W33/><G33/><T81/><D119/><U11/><E120/><V34/><F121/><W102/><G102/><T88/><D81/><U10/><E130/><N who="0" m="50281" /><D98/><U30/><E132/><V89/><F80/><W86/><G86/><T19/><D15/><U90/><E76/><V41/><F79/><W112/><G112/><T22/><D22/><U4/><E133/><V32/><F32/><W53/><G45/><T50/><D50/><U65/><E65/><V101/><F34/><W103/><G103/><T87/><D87/><U48/><E4/><V12/><F74/><RYUUKYOKU ba="0,0" sc="263,15,139,-15,377,-15,221,15" hai0="16,19,60,61,63,88,91,92,93,94" hai3="18,23,42,43,46,49,53,54,56,62,96,100,105" /><INIT seed="7,1,0,2,1,69" ten="278,124,362,236" oya="3" hai0="50,117,7,37,85,102,78,100,101,51,131,110,111" hai1="82,10,53,130,46,41,49,25,6,95,54,71,91" hai2="40,105,27,16,30,122,17,81,104,45,77,97,65" hai3="128,132,13,112,84,35,38,80,79,56,12,86,120"/><W31/><G120/><T133/><D7/><U61/><E130/><V73/><F122/><W93/><G128/><T90/><D131/><U62/><E82/><V126/><F126/><W87/><G112/><T20/><D117/><U96/><E71/><V94/><F65/><W123/><G132/><T42/><D78/><U5/><E25/><V8/><F8/><W83/><G38/><T103/><D20/><U76/><E76/><V58/><F58/><W34/><G56/><T99/><D133/><U68/><E68/><V48/><F105/><W63/><G63/><T39/><D51/><U135/><E135/><V26/><F104/><W60/><G60/><T121/><D121/><U18/><E62/><V15/><F15/><N who="3" m="5707" /><G79/><T0/><D0/><U129/><E129/><V115/><F115/><W125/><G31/><T119/><D119/><U33/><E33/><N who="3" m="12298" /><G93/><T88/><D50/><U24/><E10/><V114/><F114/><W47/><G47/><T70/><D70/><U57/><REACH who="1" step="1"/><E54/><REACH who="1" ten="278,114,362,236" step="2"/><V52/><F52/><W107/><G123/><T89/><D42/><U9/><E9/><V113/><F113/><W32/><G32/><T14/><D14/><U118/><E118/><V1/><F26/><W134/><G134/><T19/><D85/><U127/><E127/><V59/><F27/><W23/><G125/><T74/><D74/><U11/><E11/><V116/><F73/><W21/><G83/><T108/><D19/><U43/><E43/><V29/><F17/><W3/><G80/><T4/><D4/><U66/><E66/><V75/><F40/><W2/><G84/><RYUUKYOKU ba="1,1" sc="278,15,114,15,362,-15,236,-15" hai0="37,39,88,89,90,99,100,101,102,103,108,110,111" hai1="5,6,18,24,41,46,49,53,57,61,91,95,96" owari="293,9.0,129,-37.0,357,46.0,221,-18.0" /></mjloggm>