<mjloggm ver="2.3"><GO type="225" lobby="0"/><UN n0="%E7%AB%8B%E8%8F%AF%E5%A5%8F" n1="%E5%AE%89%E8%97%A4%E3%82%AB%E3%82%B1%E3%83%AB" n2="%72%69%6F%75%63%68%61%6E" n3="%EF%BC%AE%EF%BC%AF%EF%BD%90%EF%BD%90%EF%BC%AF" dan="16,16,17,16" rate="2125.52,2066.09,2094.74,2113.06" sx="F,M,M,M"/><TAIKYOKU oya="0"/><INIT seed="0,0,0,2,1,33" ten="250,250,250,250" oya="0" hai0="127,18,20,75,125,53,6,134,64,25,107,27,48" hai1="54,26,10,91,89,29,131,32,8,116,57,113,93" hai2="67,105,71,50,24,80,72,61,70,133,55,41,94" hai3="16,124,77,114,76,0,103,51,99,73,97,96,43"/><T98/><D75/><U102/><E116/><V15/><F105/><W62/><G114/><T7/><D64/><U3/><E113/><V121/><F121/><W63/><G73/><T132/><D98/><U83/><E131/><V88/><F133/><N who="0" m="51306" /><D107/><U34/><E102/><V2/><F2/><W22/><G0/><T37/><D37/><U52/><E34/><V115/><F115/><W100/><G124/><N who="0" m="47691" /><D25/><U129/><E26/><V82/><F72/><W81/><G103/><T87/><D87/><U108/><E3/><V65/><F41/><W56/><G100/><T95/><D95/><U5/><E93/><V11/><F24/><N who="3" m="14407" /><G81/><T119/><D119/><U46/><E83/><V90/><F67/><N who="3" m="39367" /><G63/><T68/><D68/><U35/><E54/><V78/><F71/><W109/><G109/><T23/><D23/><U38/><E108/><V31/><F31/><W21/><G21/><T126/><N who="0" m="47699" /><T101/><DORA hai="42" /><D101/><U4/><E35/><V59/><F78/><W86/><G86/><T110/><D110/><U14/><E32/><V123/><F123/><W12/><G43/><T104/><D104/><U40/><E40/><V9/><F90/><W44/><G76/><T112/><D112/><U19/><E91/><V120/><F120/><W39/><G77/><T60/><D60/><U49/><E89/><V135/><F135/><W118/><G39/><T36/><D36/><U117/><E38/><V58/><F70/><W47/><G118/><T69/><D69/><U45/><E117/><V130/><F88/><W84/><G84/><T17/><D17/><U66/><E19/><RYUUKYOKU ba="0,0" sc="250,30,250,-10,250,-10,250,-10" hai0="6,7,18,20,27,48,53" /><INIT seed="0,1,0,3,4,52" ten="280,240,240,240" oya="0" hai0="20,91,12,37,45,69,127,9,47,17,79,30,23" hai1="106,86,93,49,39,19,124,15,64,134,34,18,99" hai2="66,62,73,107,94,21,108,118,126,42,132,31,102" hai3="113,4,11,76,96,120,100,24,129,16,7,48,87"/><T74/><D69/><U92/><E39/><V63/><F107/><W123/><G113/><T2/><D127/><U125/><E34/><V84/><F126/><W117/><G117/><T46/><D91/><U105/><E134/><V61/><F132/><W44/><G129/><T109/><D109/><U1/><E1/><V41/><F108/><W28/><G76/><T58/><D30/><U133/><E133/><V97/><F118/><W101/><G87/><T89/><D89/><U122/><E122/><N who="3" m="46634" /><G16/><T71/><D71/><U33/><E33/><V114/><F114/><W95/><G101/><T81/><D23/><U104/><E64/><V32/><F32/><N who="3" m="20487" /><G11/><T22/><D22/><U135/><E135/><V72/><F66/><W14/><G14/><T70/><D70/><U54/><E15/><V65/><F65/><W51/><G51/><T75/><D75/><U67/><E49/><V130/><F130/><W82/><G82/><T55/><D2/><U38/><E125/><V98/><F84/><W57/><G44/><T80/><D80/><U83/><E86/><V103/><F72/><W85/><G85/><T121/><D121/><U111/><E83/><V6/><F73/><W5/><G48/><T60/><REACH who="0" step="1"/><D9/><REACH who="0" ten="270,240,240,240" step="2"/><U50/><E111/><V29/><F21/><W35/><G35/><T27/><D27/><U10/><E10/><V78/><F78/><W77/><G77/><T43/><AGARI ba="1,1" hai="12,17,20,37,43,45,46,47,55,58,60,74,79,81" machi="43" ten="30,11700,0" yaku="1,1,0,1,52,1,53,1" doraHai="52" doraHaiUra="13" who="0" fromWho="0" sc="270,130,240,-40,240,-40,240,-40" /><INIT seed="0,2,0,0,5,117" ten="400,200,200,200" oya="0" hai0="46,121,86,50,135,25,112,68,17,64,13,102,119" hai1="114,106,57,3,31,33,6,111,96,72,90,58,35" hai2="122,11,81,105,30,80,120,53,109,83,63,34,52" hai3="26,32,70,115,9,118,40,71,104,127,132,28,38"/><T101/><D119/><U47/><E72/><V108/><F105/><W65/><G118/><T99/><D112/><U84/><E114/><V7/><F34/><W77/><G115/><T19/><D135/><U100/><E111/><N who="2" m="42571" /><F30/><W56/><G132/><T92/><D68/><U14/><E3/><N who="2" m="511" /><F63/><W61/><G127/><T87/><D64/><U94/><E47/><V0/><F0/><W37/><G104/><T8/><D101/><U4/><E35/><V54/><AGARI ba="2,0" hai="52,53,54,80,81,83,120,122" m="511,42571" machi="54" ten="40,8000,1" yaku="14,1,52,2,54,1" doraHai="117" who="2" fromWho="2" sc="400,-42,200,-22,200,86,200,-22" /><INIT seed="1,0,0,5,0,133" ten="358,178,286,178" oya="1" hai0="101,130,20,46,69,134,50,90,82,87,25,122,97" hai1="128,93,114,62,113,127,15,14,17,78,23,80,54" hai2="135,71,119,2,37,110,131,124,107,108,6,96,66" hai3="83,12,99,52,42,125,53,64,102,85,88,94,40"/><U106/><E106/><V8/><RYUUKYOKU type="yao9" ba="0,0" sc="358,0,178,0,286,0,178,0" hai2="2,6,8,37,66,71,96,107,108,110,119,124,131,135" /><INIT seed="1,1,0,2,1,68" ten="358,178,286,178" oya="1" hai0="112,41,6,70,77,33,26,107,12,53,25,117,72" hai1="104,124,14,30,118,39,122,10,48,116,37,85,132" hai2="80,66,21,8,96,128,71,127,69,57,121,99,108" hai3="94,102,97,4,31,55,18,36,23,76,89,58,98"/><U51/><E104/><V130/><F121/><W52/><G4/><T123/><D112/><U65/><E122/><V40/><F108/><W106/><G76/><T28/><D117/><U110/><E110/><V5/><F127/><W15/><G36/><T90/><D123/><U24/><E124/><V84/><F40/><W11/><G31/><T1/><D70/><N who="2" m="26634" /><F21/><W54/><REACH who="3" step="1"/><G23/><REACH who="3" ten="358,178,286,168" step="2"/><T60/><D77/><U100/><E39/><V17/><F5/><W113/><G113/><T125/><D6/><U44/><E37/><V63/><F17/><W43/><G43/><T103/><D41/><U129/><E118/><V88/><F8/><W50/><AGARI ba="1,1" hai="11,15,18,50,52,54,55,58,89,94,97,98,102,106" machi="50" ten="20,8000,1" yaku="1,1,0,1,7,1,54,1,53,1" doraHai="68" doraHaiUra="91" who="3" fromWho="3" sc="358,-21,178,-41,286,-21,168,93" /><INIT seed="2,0,0,1,0,45" ten="337,137,265,261" oya="2" hai0="115,41,81,48,97,0,126,99,105,44,18,102,15" hai1="76,38,113,12,31,56,23,78,13,119,130,89,1" hai2="123,43,25,117,80,14,127,50,42,19,110,65,3" hai3="21,37,26,68,69,91,20,53,29,6,121,116,135"/><V132/><F117/><W73/><G116/><T51/><D0/><U54/><E119/><V129/><F123/><W104/><G121/><T88/><D115/><U114/><E1/><V62/><F3/><W101/><G135/><T106/><D126/><U16/><E38/><V86/><F132/><W60/><G37/><T27/><D27/><U66/><E130/><V49/><F129/><W10/><G73/><T71/><D71/><U22/><E66/><V93/><F127/><W84/><G20/><T11/><D81/><U85/><E114/><V120/><F120/><W131/><G131/><T46/><D88/><U47/><E47/><V61/><F110/><W30/><G30/><T36/><REACH who="0" step="1"/><D44/><REACH who="0" ten="327,137,265,261" step="2"/><U5/><E113/><V94/><F25/><W9/><G69/><T108/><D108/><U122/><E122/><V34/><F34/><W134/><G68/><T79/><D79/><U8/><E31/><V28/><F28/><W111/><G111/><T58/><D58/><U32/><E32/><V107/><F14/><W72/><G134/><T55/><D55/><U63/><REACH who="1" step="1"/><E23/><REACH who="1" ten="327,127,265,261" step="2"/><V92/><F65/><W40/><G21/><T2/><D2/><U82/><AGARI ba="0,2" hai="5,8,12,13,16,22,54,56,63,76,78,82,85,89" machi="82" ten="20,16000,3" yaku="1,1,2,1,0,1,7,1,8,1,54,1,53,2" doraHai="45" doraHaiUra="75" who="1" fromWho="1" sc="327,-40,127,180,265,-80,261,-40" /><INIT seed="3,0,0,3,1,91" ten="287,307,185,221" oya="3" hai0="135,45,19,15,116,12,110,104,59,80,87,105,72" hai1="16,2,56,86,129,18,95,81,14,134,85,123,52" hai2="82,125,114,54,111,22,131,93,48,33,5,29,120" hai3="0,30,58,23,13,53,108,65,79,70,55,24,84"/><W1/><G108/><T35/><D110/><U119/><E2/><V97/><F114/><W3/><G70/><T113/><D72/><U64/><E123/><V75/><F111/><W37/><G37/><T90/><D35/><U71/><E119/><V11/><F33/><W34/><G79/><T102/><D116/><U107/><E107/><V27/><F125/><W8/><G84/><T28/><D28/><U127/><E127/><V94/><F120/><W4/><G65/><T109/><D109/><U36/><E36/><V39/><F39/><W17/><REACH who="3" step="1"/><G55/><REACH who="3" ten="287,307,185,211" step="2"/><T78/><D113/><U103/><E64/><V10/><F131/><W32/><G32/><T26/><D78/><U124/><E86/><V130/><F130/><W101/><G101/><T51/><D102/><U42/><E103/><N who="2" m="60847" /><F75/><W62/><AGARI ba="0,1" hai="0,1,3,4,8,13,17,23,24,30,34,53,58,62" machi="62" ten="20,12000,1" yaku="1,1,0,1,7,1,24,2,53,0" doraHai="91" doraHaiUra="63" who="3" fromWho="3" sc="287,-40,307,-40,185,-40,211,130" owari="247,-15.0,267,7.0,145,-35.0,341,43.0" /></mjloggm>