<mjloggm ver="2.3"><GO type="225" lobby="0"/><UN n0="%72%69%6F%75%63%68%61%6E" n1="%E9%9D%92%E5%B1%B1%E5%AD%A6%E9%99%A2%EF%BC%94%E5%B9%B4" n2="%E3%83%A2%E3%83%83%E3%83%83%E3%83%83%E3%83%83%E3%83%83%E3%82%B3%E3%82%B9" n3="%E5%AE%89%E8%97%A4%E3%82%AB%E3%82%B1%E3%83%AB" dan="17,16,16,16" rate="2088.77,2191.81,2063.60,2068.26" sx="M,F,M,M"/><TAIKYOKU oya="0"/><INIT seed="0,0,0,2,3,44" ten="250,250,250,250" oya="0" hai0="17,72,57,88,116,7,23,3,102,9,59,53,16" hai1="125,68,130,8,40,104,99,114,28,84,45,32,52" hai2="1,105,14,5,11,49,112,124,71,48,107,119,22" hai3="109,132,120,60,56,24,117,6,27,115,33,25,37"/><T77/><D116/><U110/><E110/><V21/><F112/><W80/><G37/><T70/><D70/><U66/><E125/><V38/><F71/><W111/><G117/><T55/><D102/><U58/><E130/><V12/><F38/><W123/><G115/><T103/><D103/><U43/><E114/><V75/><F124/><W131/><G131/><T87/><D72/><U97/><E104/><V128/><F128/><W73/><G33/><T90/><D77/><U79/><E28/><V134/><F119/><W118/><G118/><T96/><D96/><U76/><E32/><V61/><F75/><W94/><G132/><T19/><D23/><U15/><E66/><V41/><F41/><W100/><G6/><T135/><D135/><U18/><E68/><V113/><F113/><W47/><G47/><T51/><REACH who="0" step="1"/><D87/><REACH who="0" ten="240,250,250,250" step="2"/><U93/><E84/><V0/><F134/><W42/><G73/><T121/><D121/><U89/><E99/><V39/><F11/><W126/><G100/><T74/><D74/><U95/><E95/><V78/><F78/><W86/><G94/><T20/><D20/><U63/><REACH who="1" step="1"/><E43/><REACH who="1" ten="240,240,250,250" step="2"/><V34/><F34/><W13/><G42/><T101/><D101/><U133/><E133/><V36/><F105/><W50/><G126/><T91/><D91/><U92/><E92/><V122/><F107/><W26/><G120/><T29/><D29/><U4/><E4/><V46/><F122/><W31/><G123/><T65/><D65/><U129/><E129/><V82/><F5/><W62/><G86/><T98/><D98/><U85/><E85/><RYUUKYOKU ba="0,2" sc="240,15,240,15,250,-15,250,-15" hai0="3,7,9,16,17,19,51,53,55,57,59,88,90" hai1="8,15,18,40,45,52,58,63,76,79,89,93,97" /><INIT seed="0,1,2,3,2,135" ten="255,255,235,235" oya="0" hai0="19,127,13,83,7,89,97,54,102,88,112,24,93" hai1="36,64,133,107,81,73,82,106,15,34,131,28,101" hai2="69,104,2,8,96,5,119,134,84,31,85,42,66" hai3="26,90,57,58,108,49,60,117,20,110,124,45,87"/><T44/><D112/><U63/><E36/><V16/><F134/><W0/><G0/><T61/><D127/><U70/><E133/><V3/><F3/><W103/><G103/><T32/><D83/><U92/><E131/><V56/><F42/><W129/><G117/><T29/><D7/><U55/><E82/><V126/><F126/><W121/><G124/><T41/><D54/><U116/><E116/><V9/><F56/><W12/><G12/><T65/><D61/><U109/><E109/><N who="3" m="42090" /><G129/><T95/><D65/><U100/><E100/><V52/><F119/><W120/><G58/><T40/><D44/><U11/><E55/><V23/><F31/><N who="3" m="17863" /><G49/><T37/><D37/><U68/><E68/><V76/><F9/><W125/><G45/><T18/><D18/><U6/><E28/><V35/><F52/><N who="3" m="33831" /><G125/><T21/><D102/><U39/><E39/><V74/><F66/><W86/><G86/><AGARI ba="1,2" hai="13,19,21,24,29,32,40,41,86,88,89,93,95,97" machi="86" ten="30,2900,0" yaku="7,1,54,1" doraHai="135" who="0" fromWho="3" sc="255,52,255,0,235,0,235,-32" /><INIT seed="0,2,0,1,1,129" ten="307,255,235,203" oya="0" hai0="106,66,111,95,41,98,60,24,1,2,35,94,75" hai1="57,32,126,9,127,71,62,105,10,124,135,74,69" hai2="3,108,131,29,67,43,50,39,130,118,116,21,122" hai3="12,109,82,102,63,119,19,83,27,53,28,22,59"/><T115/><D115/><U132/><E74/><V85/><F3/><W30/><G119/><N who="2" m="45609" /><F29/><W100/><G109/><T84/><D75/><U96/><E32/><V123/><F21/><W15/><G30/><N who="0" m="19911" /><D41/><U0/><E96/><V99/><F99/><W18/><G12/><T47/><D47/><U51/><E105/><V52/><F85/><W56/><G19/><T40/><D40/><U37/><E37/><V42/><F67/><W45/><G45/><T34/><D34/><U46/><E0/><N who="0" m="105" /><D84/><U79/><E79/><V14/><F14/><W121/><G121/><N who="2" m="46089" /><F108/><W110/><G110/><T5/><D5/><U107/><E107/><V81/><F81/><W125/><G83/><T48/><D48/><U120/><E120/><V86/><F86/><W113/><G82/><T64/><D64/><N who="1" m="38991" /><E9/><V68/><F68/><N who="1" m="26185" /><E10/><V88/><F43/><AGARI ba="2,0" hai="43,46,51,124,126,127,132,135" m="26185,38991" machi="43" ten="40,8000,1" yaku="18,1,34,2,52,2" doraHai="129" who="1" fromWho="2" sc="307,0,255,86,235,-86,203,0" /><INIT seed="1,0,0,0,3,116" ten="307,341,149,203" oya="1" hai0="50,13,130,31,8,79,9,80,28,122,38,115,131" hai1="17,75,84,70,19,33,22,46,135,37,123,114,103" hai2="125,124,105,16,96,81,91,54,78,89,77,1,113" hai3="62,134,74,23,10,29,58,101,76,55,128,52,41"/><U111/><E114/><V11/><F1/><W66/><G128/><N who="0" m="49195" /><D38/><U95/><E75/><V26/><F113/><W34/><G34/><T65/><D115/><U93/><E33/><V99/><F54/><W92/><G134/><T42/><D65/><U21/><E70/><V53/><F53/><W100/><G41/><T0/><D122/><U106/><E106/><V117/><F117/><W121/><G121/><T43/><D0/><U71/><E71/><V98/><F105/><W30/><G76/><N who="2" m="29289" /><F26/><W51/><G74/><N who="0" m="43127" /><D8/><U110/><E123/><V63/><F63/><W44/><G10/><T2/><D2/><U3/><E135/><V6/><F6/><W40/><G101/><T36/><D36/><U48/><E3/><V72/><F72/><W102/><G102/><T94/><D94/><U68/><E68/><V61/><F81/><W87/><G30/><N who="0" m="11307" /><D50/><U109/><E37/><V107/><F107/><W64/><G64/><T120/><D120/><U24/><E103/><V49/><F49/><W126/><G100/><T127/><D127/><N who="2" m="48714" /><F61/><W118/><G126/><T133/><D133/><U14/><REACH who="1" step="1"/><E84/><REACH who="1" ten="307,331,149,203" step="2"/><V7/><F7/><AGARI ba="0,1" hai="7,9,13,42,43" m="11307,43127,49195" machi="7" ten="30,1000,0" yaku="19,1" doraHai="116" who="0" fromWho="2" sc="307,20,331,0,149,-10,203,0" /><INIT seed="2,0,0,5,3,67" ten="327,331,139,203" oya="2" hai0="130,55,37,123,94,98,33,43,83,72,113,65,6" hai1="38,121,110,0,39,134,53,79,112,99,117,69,14" hai2="108,19,34,92,29,82,125,41,28,7,118,49,26" hai3="119,97,16,52,91,111,61,5,18,56,51,45,135"/><V74/><F118/><W96/><G135/><T32/><D123/><U9/><E117/><V120/><F120/><W104/><G119/><T95/><D113/><U71/><E121/><V101/><F7/><W22/><G111/><T40/><D65/><U44/><E112/><V17/><F108/><W105/><G5/><T64/><D64/><U75/><E110/><V127/><F29/><W35/><G35/><T68/><D68/><N who="1" m="26187" /><E14/><V1/><F1/><W8/><G105/><T3/><D130/><U76/><E53/><V58/><F74/><W131/><G131/><T90/><D55/><U11/><E99/><N who="2" m="59623" /><F82/><W4/><G104/><T47/><D40/><N who="1" m="22551" /><E76/><V80/><F80/><W73/><G96/><T27/><D27/><U31/><E31/><V103/><F103/><W124/><G97/><T78/><D95/><U20/><E20/><V60/><F49/><W42/><G51/><T24/><D24/><U116/><E116/><V86/><F41/><W81/><G42/><T115/><D115/><U13/><E39/><V23/><F34/><W133/><G22/><T122/><D122/><U102/><E102/><V106/><F106/><W93/><G93/><T50/><D50/><U63/><E134/><V46/><F46/><W114/><G45/><T84/><D98/><U54/><E0/><V30/><F86/><W88/><G133/><T129/><D129/><U25/><E75/><V57/><F30/><W12/><G73/><T100/><D100/><U126/><E79/><V132/><F132/><W70/><BYE who="2" /><G114/><T66/><D66/><U77/><E77/><V59/><F59/><RYUUKYOKU ba="0,0" sc="327,30,331,-10,139,-10,203,-10" hai0="3,6,32,33,37,43,47,72,78,83,84,90,94" /><INIT seed="3,1,0,4,5,8" ten="357,321,129,193" oya="3" hai0="80,5,27,100,102,62,44,43,69,4,124,24,29" hai1="131,113,122,64,67,16,96,0,10,9,42,20,74" hai2="108,115,57,26,119,38,134,12,51,11,7,78,2" hai3="47,60,56,61,66,65,129,72,30,52,45,46,41"/><W55/><G72/><T123/><D123/><UN n2="%E3%83%A2%E3%83%83%E3%83%83%E3%83%83%E3%83%83%E3%83%83%E3%82%B3%E3%82%B9" /><U59/><E113/><V68/><F119/><W3/><G3/><T13/><D124/><U48/><E122/><V32/><F115/><W79/><G79/><T49/><D69/><U111/><E74/><V81/><F108/><W25/><G129/><T39/><D39/><U89/><E111/><V22/><F68/><N who="3" m="42023" /><G25/><N who="0" m="9803" /><D29/><U19/><E131/><V37/><F134/><W76/><G76/><T92/><D62/><U6/><E9/><V98/><F98/><W112/><G30/><T103/><D80/><U73/><E73/><V110/><F110/><W36/><BYE who="2" /><G112/><T135/><D135/><U85/><E96/><V91/><F91/><W15/><G15/><T14/><D92/><N who="1" m="54319" /><E19/><UN n2="%E3%83%A2%E3%83%83%E3%83%83%E3%83%83%E3%83%83%E3%83%83%E3%82%B3%E3%82%B9" /><V125/><F125/><W70/><G55/><T118/><D118/><U84/><E84/><V28/><F57/><W114/><G114/><T93/><D93/><U40/><E67/><V86/><F51/><AGARI ba="1,0" hai="36,41,45,46,47,51,52,56,61,66,70" m="42023" machi="51" ten="30,18000,2" yaku="24,1,35,5,54,1" doraHai="8" who="3" fromWho="2" sc="357,0,321,0,129,-183,193,183" owari="357,16.0,321,-8.0,-54,-55.0,376,47.0" /></mjloggm>