<mjloggm ver="2.3"><GO type="169" lobby="0"/><UN n0="%E3%81%B5%E3%81%98%E3%81%8A" n1="%E9%B4%A8%E8%91%B1%E5%A4%AA%E9%83%8E" n2="%4E%4F%54%41" n3="%73%68%6F%35%35%35%35%35" dan="18,17,17,16" rate="2207.88,2174.47,2210.68,2103.64" sx="M,M,M,M"/><TAIKYOKU oya="0"/><INIT seed="0,0,0,3,5,55" ten="250,250,250,250" oya="0" hai0="28,104,105,120,68,85,45,131,12,81,127,48,14" hai1="44,2,114,128,132,122,101,87,9,40,107,108,74" hai2="73,60,3,67,88,116,76,112,70,79,80,26,65" hai3="117,31,92,15,125,61,64,27,103,86,38,95,121"/><T18/><D120/><U62/><E87/><V83/><F112/><W133/><G117/><T82/><D68/><U11/><E11/><V23/><F116/><W39/><G125/><T111/><D28/><U98/><E122/><V89/><F65/><W10/><G133/><T63/><D127/><U77/><E132/><V34/><F3/><W110/><G110/><T69/><D111/><U42/><E42/><V17/><REACH who="2" step="1"/><F34/><REACH who="2" ten="250,250,240,250" step="2"/><W118/><G118/><T30/><D131/><U58/><E128/><V41/><F41/><W37/><G121/><T75/><D69/><U91/><E114/><V135/><F135/><W134/><G64/><T124/><D124/><U33/><E33/><V51/><F51/><W129/><G129/><T100/><D48/><U16/><E2/><V1/><F1/><W71/><G134/><T52/><D63/><U21/><E108/><V57/><F57/><W78/><G61/><T32/><D32/><U7/><E58/><V4/><F4/><W13/><G71/><T56/><D56/><U130/><E62/><V29/><F29/><W106/><G31/><T24/><D30/><U46/><E130/><V94/><F94/><W5/><G38/><T126/><D126/><U59/><E59/><V25/><F25/><W54/><G39/><T93/><D24/><U109/><E40/><V53/><F53/><W90/><G27/><T6/><D52/><U8/><E7/><V72/><AGARI ba="0,1" hai="17,23,26,60,67,70,72,73,76,79,80,83,88,89" machi="72" ten="20,8000,1" yaku="1,1,0,1,7,1,9,1,54,1,53,0" doraHai="55" doraHaiUra="43" who="2" fromWho="2" sc="250,-40,250,-20,240,90,250,-20" /><INIT seed="1,0,0,5,4,63" ten="210,230,330,230" oya="1" hai0="65,55,26,18,87,130,66,8,107,127,62,49,125" hai1="77,128,46,37,93,134,111,50,133,123,23,32,10" hai2="19,132,100,96,2,67,38,41,122,64,82,113,59" hai3="104,35,52,44,45,60,15,34,0,6,106,9,58"/><U103/><E32/><V3/><F122/><W68/><G35/><T20/><D130/><U31/><E37/><V30/><F132/><W120/><G34/><T92/><D107/><U101/><E128/><V85/><F38/><W14/><G120/><T73/><D73/><U118/><E118/><V83/><F41/><W121/><G121/><T71/><D8/><U108/><E77/><V119/><F119/><W5/><G0/><T12/><D66/><U25/><E10/><V75/><F30/><W4/><G68/><T11/><D92/><U80/><E80/><V16/><F59/><W109/><G109/><N who="1" m="42058" /><E123/><V72/><F85/><W43/><G45/><T48/><D87/><U69/><E69/><V102/><REACH who="2" step="1"/><F96/><REACH who="2" ten="210,230,320,230" step="2"/><W84/><G84/><T129/><D129/><U78/><E78/><V56/><F56/><W51/><G4/><T97/><D97/><N who="1" m="59567" /><E103/><V105/><F105/><W42/><G43/><AGARI ba="0,1" hai="23,25,31,43,46,50,133,134" m="59567,42058" machi="43" ten="30,2900,0" yaku="14,1,10,1" doraHai="63" who="1" fromWho="3" sc="210,0,230,39,320,0,230,-29" /><INIT seed="1,1,0,1,4,25" ten="210,269,320,201" oya="1" hai0="34,69,133,31,91,121,44,51,100,115,63,67,108" hai1="97,39,50,55,83,36,87,74,40,32,21,9,132" hai2="113,72,30,6,17,129,49,71,73,47,109,62,86" hai3="5,126,65,10,26,22,130,15,7,85,54,28,0"/><U106/><E74/><V96/><F109/><W98/><G65/><T78/><D115/><U13/><E32/><V102/><F129/><W134/><G130/><T131/><D131/><U61/><E132/><V107/><F113/><W76/><G134/><T14/><D133/><U124/><E124/><V77/><F6/><W122/><G122/><T38/><D108/><U117/><E117/><V2/><F2/><W3/><G126/><T68/><D121/><U95/><E106/><V127/><F127/><W12/><G98/><T110/><D110/><U135/><E61/><V120/><F120/><W119/><G54/><T57/><D78/><U23/><E39/><V84/><F17/><W60/><G60/><T1/><D1/><N who="3" m="585" /><G85/><T42/><D100/><N who="1" m="60479" /><E40/><V19/><F62/><W35/><G76/><T58/><D14/><N who="3" m="5161" /><G119/><T48/><D91/><N who="1" m="51711" /><E36/><V81/><F72/><W33/><G10/><T8/><D8/><U94/><E94/><V16/><F73/><W128/><G128/><T125/><D125/><U80/><E80/><V37/><F37/><W111/><G111/><T105/><D105/><U93/><E93/><V75/><F75/><W101/><G101/><T64/><D38/><U88/><E88/><V27/><F84/><W45/><G45/><T59/><D48/><U79/><E79/><V92/><F107/><W112/><G112/><T70/><D63/><U46/><E135/><V41/><F71/><W118/><G118/><T66/><D70/><U11/><E11/><V123/><F123/><W82/><G82/><T116/><D116/><U103/><E103/><V104/><F104/><RYUUKYOKU ba="1,0" sc="210,0,269,0,320,0,201,0" hai0="31,34,42,44,51,57,58,59,64,66,67,68,69" hai1="9,13,21,23,46,50,55" hai2="16,19,27,30,41,47,49,77,81,86,92,96,102" hai3="5,7,22,26,28,33,35" /><INIT seed="1,2,0,5,0,0" ten="210,269,320,201" oya="1" hai0="108,116,49,70,115,2,90,72,73,7,127,96,33" hai1="76,122,119,99,40,82,60,32,98,39,35,21,16" hai2="51,1,103,65,92,66,128,20,56,34,84,63,15" hai3="54,79,133,135,132,23,95,44,19,48,121,83,104"/><U11/><E122/><V5/><F34/><W112/><G121/><T125/><D70/><U46/><E119/><V43/><F128/><W75/><G112/><T64/><D64/><U67/><E11/><N who="2" m="2479" /><F65/><W62/><G95/><T42/><D116/><U114/><E114/><V14/><F51/><W55/><G104/><T3/><D115/><U78/><E35/><V107/><F43/><W100/><G100/><T61/><D61/><U109/><E32/><V30/><F84/><W37/><G37/><T106/><D33/><U94/><E109/><V85/><F85/><W77/><G77/><T87/><D108/><U13/><E82/><V12/><F12/><W124/><G62/><T89/><D3/><U26/><E13/><V41/><F41/><N who="3" m="24591" /><G124/><T53/><D42/><U52/><E99/><N who="2" m="59879" /><F107/><W97/><G97/><T126/><D106/><U24/><E26/><AGARI ba="2,0" hai="14,15,20,26,30,56,63,66" m="59879,2479" machi="26" ten="30,2000,0" yaku="25,1,52,1" doraHai="0" who="2" fromWho="1" sc="210,0,269,-26,320,26,201,0" /><AGARI ba="2,0" hai="19,23,26,54,55,75,79,83,132,133,135" m="24591" machi="26" ten="30,1000,0" yaku="20,1" doraHai="0" who="3" fromWho="1" sc="210,0,243,-10,346,0,201,10" /><INIT seed="2,0,0,3,3,44" ten="210,233,346,211" oya="2" hai0="79,108,47,46,130,85,6,129,40,36,87,21,88" hai1="15,105,1,62,5,69,48,100,71,99,80,10,120" hai2="11,7,133,25,70,35,117,72,131,13,53,114,94" hai3="123,57,95,20,8,84,43,74,14,73,30,50,132"/><V61/><F117/><W135/><G123/><T65/><D108/><U49/><E120/><V32/><F72/><W93/><G74/><T56/><D6/><U78/><E1/><V119/><F119/><W38/><G38/><T124/><D124/><U31/><E31/><V126/><F114/><W16/><G73/><T90/><D79/><U59/><E71/><V34/><F126/><W67/><G67/><T121/><D121/><U18/><E69/><V3/><F131/><N who="0" m="50186" /><D21/><U68/><E68/><V106/><F106/><W29/><G30/><T128/><N who="0" m="50194" /><T91/><DORA hai="64" /><D46/><U24/><E24/><V28/><F133/><N who="3" m="51275" /><G29/><T115/><D115/><U76/><E5/><V51/><F94/><W37/><G20/><T26/><D26/><U2/><E2/><V83/><F83/><W4/><G4/><T58/><D65/><U33/><E33/><V9/><F9/><W125/><G125/><T22/><D22/><U19/><E19/><V89/><F3/><W111/><G111/><T0/><D0/><U127/><E127/><V52/><F34/><W134/><N who="3" m="51283" /><W86/><DORA hai="118" /><G95/><N who="0" m="54671" /><D91/><U42/><E78/><V102/><F89/><W45/><G93/><AGARI ba="0,0" hai="36,40,47,56,58,87,90,93" m="54671,50194" machi="93" ten="40,2600,0" yaku="19,1,54,1" doraHai="44,64,118" who="0" fromWho="3" sc="210,26,233,0,346,0,211,-26" /><INIT seed="3,0,0,0,3,109" ten="236,233,346,185" oya="3" hai0="124,112,16,85,51,5,43,30,15,79,84,59,73" hai1="115,53,128,113,87,127,97,76,126,1,55,38,71" hai2="129,102,99,54,46,4,10,93,6,80,27,63,122" hai3="3,89,18,125,2,72,66,105,24,37,49,70,28"/><W64/><G37/><T31/><D124/><N who="1" m="47659" /><E1/><V0/><F129/><W13/><G125/><T40/><D73/><U118/><E71/><V44/><F6/><W65/><G70/><T67/><D5/><U47/><E128/><V34/><F80/><W132/><G72/><T20/><D43/><N who="1" m="23031" /><E118/><V100/><F100/><W56/><G105/><T74/><D74/><U39/><E39/><V95/><F95/><W81/><G132/><T11/><D112/><N who="1" m="43083" /><E97/><V29/><F122/><W101/><G2/><T104/><D40/><U135/><E135/><V92/><F99/><W78/><G3/><T134/><D134/><U119/><E119/><V50/><F0/><W69/><G69/><T96/><D96/><U75/><E75/><V86/><F86/><W23/><G101/><T108/><D85/><U25/><E25/><V7/><F27/><W35/><G24/><T36/><D84/><U114/><N who="1" m="43091" /><U90/><DORA hai="48" /><E76/><V57/><F102/><W26/><G78/><T123/><D79/><U83/><AGARI ba="0,0" hai="53,55,83,87,90" m="43091,23031,47659" machi="83" ten="50,12000,2" yaku="18,1,52,6" doraHai="109,48" who="1" fromWho="1" sc="236,-30,233,120,346,-30,185,-60" /><INIT seed="4,0,0,0,3,38" ten="206,353,316,125" oya="0" hai0="77,111,47,29,131,97,25,105,61,101,39,40,107" hai1="36,68,85,108,45,62,122,75,44,73,9,57,93" hai2="27,70,123,32,42,60,116,64,13,74,35,102,56" hai3="7,33,106,23,50,37,17,11,100,130,55,109,99"/><T115/><D115/><U14/><E68/><V82/><F123/><W81/><G33/><T118/><D118/><U88/><E122/><V65/><F116/><W63/><G37/><T53/><D131/><U34/><E34/><V0/><F0/><W90/><G130/><T135/><D135/><U48/><E45/><V96/><F13/><W15/><G63/><T67/><D111/><U125/><E36/><V128/><F128/><W83/><G90/><T133/><D133/><U112/><E112/><V127/><F127/><W113/><G109/><T49/><D77/><U117/><E125/><V18/><F64/><W114/><G114/><T12/><D12/><U54/><E108/><V2/><F2/><W119/><G119/><T129/><D129/><U41/><REACH who="1" step="1"/><E117/><REACH who="1" ten="206,343,316,125" step="2"/><V21/><F70/><W104/><G113/><T43/><D39/><U120/><E120/><V86/><F32/><W22/><G106/><T132/><D107/><U26/><E26/><V66/><F35/><W94/><G104/><T78/><D132/><U69/><E69/><V19/><F27/><W126/><G126/><T46/><D46/><U20/><E20/><V1/><F21/><W8/><G23/><T52/><D25/><U5/><AGARI ba="0,1" hai="5,9,14,41,44,48,54,57,62,73,75,85,88,93" machi="5" ten="20,8000,1" yaku="1,1,0,1,7,1,52,1,54,1,53,0" doraHai="38" doraHaiUra="30" who="1" fromWho="1" sc="206,-40,343,90,316,-20,125,-20" /><INIT seed="5,0,0,3,3,97" ten="166,433,296,105" oya="1" hai0="55,72,23,47,135,126,111,115,95,98,40,131,104" hai1="58,134,93,123,99,31,122,57,96,116,51,25,53" hai2="92,37,65,54,67,11,89,132,128,133,84,18,6" hai3="21,114,101,100,86,103,109,102,52,75,87,28,49"/><U36/><E36/><V12/><F128/><W15/><G75/><T27/><D111/><U64/><E116/><V113/><F37/><W9/><G109/><T13/><D131/><U82/><E99/><V74/><F74/><W24/><N who="3" m="25600" /><DORA hai="61" /><W78/><G114/><T5/><D115/><U88/><E82/><V121/><F121/><W129/><G129/><T50/><D104/><U2/><E2/><V48/><F113/><W19/><G78/><T42/><D72/><U29/><E134/><N who="2" m="51819" /><F18/><W77/><G77/><T4/><D126/><U80/><E80/><V56/><AGARI ba="0,0" hai="6,11,12,48,54,56,65,67,84,89,92" m="51819" machi="56" ten="30,4000,0" yaku="20,1,52,2" doraHai="97,61" who="2" fromWho="2" sc="166,-10,433,-20,296,40,105,-10" /><INIT seed="6,0,0,1,5,25" ten="156,413,336,95" oya="2" hai0="111,15,129,13,94,118,96,1,10,93,27,44,62" hai1="39,56,65,60,104,72,95,92,16,73,52,97,68" hai2="113,90,78,61,105,107,45,116,128,80,31,98,35" hai3="77,57,43,100,49,89,46,3,120,124,125,75,70"/><V85/><F116/><W115/><G3/><T69/><D111/><U50/><E104/><V121/><F121/><W30/><G120/><T28/><D118/><U102/><E92/><V58/><F128/><W2/><G2/><T134/><D129/><U86/><E86/><V79/><F113/><W20/><G70/><T131/><D131/><U9/><E39/><V40/><F105/><W133/><G100/><T23/><D134/><U0/><E0/><V5/><F5/><W19/><G133/><T114/><D94/><U99/><E99/><V18/><F18/><W84/><G57/><T4/><D114/><U83/><E83/><V91/><F91/><W55/><G43/><T88/><REACH who="0" step="1"/><D44/><REACH who="0" ten="146,413,336,95" step="2"/><U126/><E95/><V101/><F45/><W32/><G115/><T127/><D127/><U47/><E126/><V112/><F112/><W17/><G125/><T67/><AGARI ba="0,1" hai="1,4,10,13,15,23,27,28,62,67,69,88,93,96" machi="67" ten="30,7900,0" yaku="1,1,0,1,52,1,54,1,53,0" doraHai="25" doraHaiUra="122" who="0" fromWho="0" sc="146,89,413,-20,336,-39,95,-20" /><INIT seed="7,0,0,1,3,27" ten="235,393,297,75" oya="3" hai0="65,1,81,47,42,115,76,20,64,41,80,106,82" hai1="91,46,11,16,92,3,33,40,13,109,51,45,99" hai2="9,36,71,24,117,69,121,6,7,17,125,88,25" hai3="43,102,110,77,95,130,26,66,21,37,98,28,119"/><W74/><G119/><T101/><D1/><U103/><E33/><V68/><F117/><W2/><G2/><T86/><D115/><U70/><E70/><V61/><F36/><W44/><G110/><T18/><D101/><U96/><E3/><V14/><F125/><W83/><G66/><T122/><D106/><U120/><E109/><V23/><F61/><W133/><G130/><T132/><D132/><U128/><E128/><V34/><F121/><W127/><G127/><T85/><D82/><U84/><E120/><V75/><F75/><W48/><REACH who="3" step="1"/><G133/><REACH who="3" ten="235,393,297,65" step="2"/><T112/><D122/><U90/><E103/><V58/><F69/><W135/><G135/><T56/><D112/><U52/><E91/><V12/><F88/><W8/><G8/><T35/><D65/><U5/><E5/><V94/><F68/><W111/><G111/><T134/><D134/><U10/><E10/><V108/><F71/><W104/><G104/><T55/><D64/><U32/><E32/><V79/><F108/><W93/><G93/><T129/><D35/><U105/><E105/><V67/><F94/><W57/><G57/><T50/><D56/><U59/><E59/><V126/><F126/><W38/><AGARI ba="0,1" hai="21,26,28,37,38,43,44,48,74,77,83,95,98,102" machi="38" ten="30,6000,0" yaku="1,1,0,1,52,1,53,0" doraHai="27" doraHaiUra="100" who="3" fromWho="3" sc="235,-20,393,-20,297,-20,65,70" /><INIT seed="7,1,0,4,2,119" ten="215,373,277,135" oya="3" hai0="80,133,43,67,125,56,34,31,1,103,75,9,0" hai1="20,126,24,44,104,127,77,92,76,59,134,128,110" hai2="90,53,27,121,28,21,100,35,62,32,60,55,29" hai3="52,101,68,41,12,51,14,19,130,106,84,78,85"/><W102/><G68/><T135/><D125/><U47/><E104/><V69/><F90/><W66/><G66/><T22/><D103/><N who="3" m="39433" /><G106/><T129/><D129/><U87/><E128/><V88/><F100/><W26/><G130/><T33/><D43/><U11/><E11/><V7/><F69/><W99/><G99/><T82/><D22/><U89/><E110/><V113/><F35/><N who="0" m="13322" /><D31/><U73/><E59/><V18/><F32/><W97/><G41/><T120/><D120/><U54/><E134/><N who="0" m="51209" /><D9/><U5/><E5/><V94/><F121/><W107/><G107/><T50/><D50/><U98/><E98/><V64/><F64/><W30/><G97/><T57/><D57/><U96/><E96/><V79/><F60/><W93/><G30/><T83/><D75/><U131/><E73/><V37/><F28/><W17/><G26/><T38/><D38/><U65/><E65/><V71/><F27/><W2/><G2/><N who="0" m="1131" /><D67/><U117/><E131/><V39/><F29/><W132/><G132/><T123/><D123/><U46/><E54/><V114/><F37/><W70/><G70/><T86/><D56/><U91/><E117/><V15/><F39/><W112/><G112/><T105/><D105/><U48/><E126/><V124/><F124/><W116/><G116/><T40/><D40/><U122/><E122/><V72/><F113/><W45/><G93/><T109/><D109/><U16/><E127/><V8/><F114/><W108/><G108/><T6/><D6/><U3/><E3/><N who="2" m="127" /><F71/><W58/><G58/><T63/><D63/><U25/><E48/><V42/><F62/><RYUUKYOKU ba="1,0" sc="215,30,373,-10,277,-10,135,-10" hai0="80,82,83,86" owari="245,-15.0,363,45.0,267,7.0,125,-37.0" /></mjloggm>