<mjloggm ver="2.3"><GO type="225" lobby="0"/><UN n0="%E8%A8%88%E7%AE%97%E6%A9%9F%E8%87%AA%E7%84%B6" n1="%E8%88%B9%E8%A6%8B%E7%B5%90%E8%A1%A3%E3%81%A1%E3%82%83%E3%82%93" n2="%E3%81%AF%E3%82%88%E3%81%8A%E3%81%98%E3%81%95%E3%82%93" n3="%E6%A1%9C%E8%8A%B1%E9%96%83%E3%80%85" dan="18,16,17,16" rate="2282.11,2126.96,2114.87,2124.92" sx="M,F,M,M"/><TAIKYOKU oya="0"/><INIT seed="0,0,0,4,2,31" ten="250,250,250,250" oya="0" hai0="93,104,11,54,115,125,51,109,94,52,46,88,0" hai1="70,74,13,14,68,83,25,67,75,26,101,15,119" hai2="123,105,24,21,9,7,72,98,86,133,65,91,63" hai3="20,3,44,38,56,2,127,27,113,116,58,53,124"/><T40/><D115/><U17/><E119/><V107/><F133/><W100/><G113/><T79/><D104/><U120/><E120/><V36/><F72/><W32/><G116/><T87/><D125/><N who="3" m="48201" /><G100/><T110/><D79/><U39/><E39/><V130/><F130/><W112/><G112/><T78/><D78/><U69/><E67/><V99/><F36/><W48/><G32/><T43/><D94/><U64/><E64/><V90/><F123/><W106/><G106/><T41/><REACH who="0" step="1"/><D54/><REACH who="0" ten="240,250,250,250" step="2"/><U81/><E101/><V85/><F107/><W50/><G38/><T89/><D89/><U108/><E108/><V135/><F91/><W37/><G37/><T62/><D62/><U16/><E81/><V121/><F63/><W34/><G50/><T103/><D103/><U129/><E129/><V49/><F49/><W66/><G48/><T73/><D73/><N who="1" m="27659" /><E83/><V117/><F105/><W30/><G53/><T122/><D122/><U76/><E76/><V42/><F121/><W82/><G82/><T80/><D80/><U5/><E5/><AGARI ba="0,1" hai="0,5,11,40,41,43,46,51,52,87,88,93,109,110" machi="5" ten="40,12000,1" yaku="1,1,54,2,53,1" doraHai="31" doraHaiUra="84" who="0" fromWho="1" sc="240,130,250,-120,250,0,250,0" /><INIT seed="0,1,0,0,1,105" ten="370,130,250,250" oya="0" hai0="103,59,128,119,122,124,73,127,74,62,96,36,60" hai1="133,75,14,101,109,123,5,85,22,130,92,82,50" hai2="129,125,3,40,83,88,21,6,116,79,98,34,63" hai3="95,23,19,10,135,58,56,89,29,33,0,94,13"/><T48/><D36/><U9/><E123/><V86/><F34/><W44/><G135/><T84/><D122/><U7/><E133/><V42/><F125/><N who="0" m="48202" /><D119/><U47/><E109/><V43/><F116/><W15/><G0/><T25/><D128/><U78/><E130/><V97/><F129/><W11/><G33/><T131/><D131/><U72/><E5/><V52/><F3/><W8/><G29/><T107/><D84/><U53/><REACH who="1" step="1"/><E22/><REACH who="1" ten="370,120,250,250" step="2"/><V24/><F6/><W12/><G23/><T38/><D38/><U132/><E132/><V20/><F20/><W41/><G19/><T27/><D48/><U68/><E68/><V111/><F111/><W120/><G120/><T81/><D62/><U118/><E118/><V70/><F70/><W100/><G8/><T57/><D81/><U102/><E102/><V126/><F126/><W108/><G108/><T17/><D17/><U87/><E87/><V110/><F110/><W117/><G117/><T46/><D46/><U37/><E37/><V90/><F98/><AGARI ba="1,1" hai="7,9,14,47,50,53,72,75,78,82,85,92,98,101" machi="98" ten="40,8000,1" yaku="1,1,52,2,53,1" doraHai="105" doraHaiUra="77" who="1" fromWho="2" sc="370,0,120,93,250,-83,250,0" /><INIT seed="1,0,0,5,4,61" ten="370,213,167,250" oya="1" hai0="31,58,74,84,11,69,116,53,63,22,24,118,117" hai1="129,57,28,124,93,14,59,132,79,119,8,29,130" hai2="56,85,70,4,110,92,104,121,88,97,55,96,112" hai3="33,3,71,107,7,47,100,80,52,51,38,0,72"/><U64/><E119/><V89/><F121/><W18/><G33/><T62/><D74/><U30/><E124/><V43/><F70/><W1/><G71/><T101/><D101/><U87/><E132/><V120/><F120/><W21/><G38/><T41/><D41/><U94/><E79/><V106/><F43/><W75/><G7/><T126/><D126/><U32/><E32/><V102/><F4/><W103/><G107/><T99/><D99/><U50/><E87/><V115/><F110/><W78/><REACH who="3" step="1"/><G72/><REACH who="3" ten="370,213,167,240" step="2"/><T15/><D69/><U49/><E129/><V90/><F106/><W25/><AGARI ba="0,1" hai="0,1,3,18,21,25,47,51,52,75,78,80,100,103" machi="25" ten="30,12000,2" yaku="1,1,2,1,0,1,54,1,53,3" doraHai="61" doraHaiUra="34" who="3" fromWho="3" sc="370,-30,213,-60,167,-30,240,130" /><INIT seed="2,0,0,0,1,51" ten="340,153,137,370" oya="2" hai0="124,62,61,46,53,19,11,109,111,8,68,6,15" hai1="42,116,80,88,95,67,44,7,59,31,90,122,27" hai2="86,52,35,121,45,50,73,76,105,64,49,103,128" hai3="99,84,34,125,126,36,78,91,39,54,10,129,71"/><V43/><F121/><W134/><G71/><T60/><D68/><U83/><E122/><V120/><F120/><W119/><G119/><T131/><D131/><U114/><E114/><V12/><F35/><W26/><G129/><T22/><D124/><N who="3" m="47721" /><G134/><T28/><D28/><U123/><E123/><V65/><F128/><W81/><G10/><T2/><D11/><U20/><E116/><V14/><F73/><W56/><G26/><T82/><D82/><U106/><E106/><V57/><F103/><W135/><G34/><T74/><D74/><U69/><E69/><V37/><F37/><W41/><G41/><T94/><D94/><U107/><E107/><V16/><F105/><W115/><G115/><T25/><D2/><U0/><E0/><V118/><F118/><W79/><G135/><T117/><D117/><U132/><E132/><V104/><F104/><W17/><G17/><T97/><D97/><U102/><E7/><V127/><F127/><W13/><G13/><N who="2" m="5225" /><F16/><W23/><G23/><T3/><D3/><U32/><E32/><V9/><F9/><W89/><G36/><T5/><D5/><U63/><E102/><V130/><F130/><W40/><G39/><T98/><D98/><N who="1" m="57703" /><E90/><V96/><F96/><W100/><G89/><T48/><AGARI ba="0,0" hai="6,8,15,19,22,25,46,48,53,60,61,62,109,111" machi="48" ten="30,2000,0" yaku="0,1,52,1" doraHai="51" who="0" fromWho="0" sc="340,20,153,-5,137,-10,370,-5" /><INIT seed="3,0,0,4,4,54" ten="360,148,127,365" oya="3" hai0="53,57,89,65,38,84,81,104,41,69,72,118,85" hai1="15,52,82,110,3,14,4,42,98,86,61,123,37" hai2="111,130,105,71,68,29,23,91,92,44,6,55,24" hai3="93,129,64,34,116,19,9,20,103,51,70,45,67"/><W122/><G122/><T135/><D118/><U102/><E123/><V56/><F111/><W88/><G116/><T58/><D104/><U27/><E110/><V50/><F105/><W79/><G34/><T30/><D135/><U78/><E27/><V99/><F130/><W47/><G129/><T0/><D0/><U115/><E115/><V28/><F28/><W95/><G79/><T11/><D72/><U114/><E114/><V63/><REACH who="2" step="1"/><F6/><REACH who="2" ten="360,148,117,365" step="2"/><W60/><G9/><T26/><D11/><U108/><E108/><V59/><F59/><N who="3" m="36895" /><G103/><T12/><D58/><U39/><E3/><V87/><F87/><N who="3" m="52383" /><G70/><T48/><D84/><U73/><E86/><V131/><F131/><W133/><G133/><T100/><D100/><U76/><E102/><V83/><F83/><W107/><G107/><T106/><D106/><U113/><E82/><V8/><F8/><W17/><G95/><T120/><D120/><U127/><E113/><V2/><F2/><W117/><G117/><T75/><D75/><U128/><E73/><V112/><F112/><W121/><G121/><T66/><D69/><U124/><E4/><V80/><F80/><W5/><G5/><T7/><D7/><U125/><E128/><V22/><F22/><W33/><G20/><N who="0" m="15687" /><D12/><U109/><E109/><V18/><F18/><N who="3" m="6667" /><G33/><T101/><D101/><U21/><E21/><V40/><AGARI ba="0,1" hai="23,24,29,40,44,50,55,56,63,68,71,91,92,99" machi="40" ten="20,5200,0" yaku="1,1,0,1,7,1,52,1,53,0" doraHai="54" doraHaiUra="126" who="2" fromWho="2" sc="360,-13,148,-13,117,62,365,-26" owari="347,44.0,135,-36.0,179,-22.0,339,14.0" /></mjloggm>