<mjloggm ver="2.3"><GO type="225" lobby="0"/><UN n0="%72%69%6F%75%63%68%61%6E" n1="%E7%AB%8B%E8%8F%AF%E5%A5%8F" n2="%E5%AE%89%E8%97%A4%E3%82%AB%E3%82%B1%E3%83%AB" n3="%E3%83%9D%E3%83%B3%E3%83%89%E3%83%AB" dan="17,16,16,16" rate="2100.83,2123.73,2059.98,2041.22" sx="M,F,M,M"/><TAIKYOKU oya="0"/><INIT seed="0,0,0,1,3,77" ten="250,250,250,250" oya="0" hai0="97,21,62,15,45,25,33,59,64,12,130,135,103" hai1="20,98,43,6,86,125,38,76,128,126,42,22,104" hai2="35,49,16,52,29,5,69,9,14,10,129,68,63" hai3="120,99,60,71,8,51,92,31,24,55,90,88,124"/><T2/><D2/><U40/><E38/><V85/><F129/><W4/><G120/><T123/><D123/><U122/><E122/><V94/><F63/><W74/><G74/><T54/><D130/><U44/><E44/><V0/><F29/><W28/><G124/><N who="1" m="47722" /><E6/><V89/><REACH who="2" step="1"/><F35/><REACH who="2" ten="250,250,240,250" step="2"/><W96/><G31/><N who="0" m="17839" /><D33/><U13/><E128/><V53/><F53/><W108/><G60/><T67/><D135/><U102/><E13/><N who="0" m="5193" /><D45/><AGARI ba="0,1" hai="0,5,9,10,14,16,45,49,52,68,69,85,89,94" machi="45" ten="30,7700,0" yaku="1,1,7,1,54,2,53,0" doraHai="77" doraHaiUra="119" who="2" fromWho="0" sc="250,-77,250,0,240,87,250,0" /><INIT seed="1,0,0,2,4,77" ten="173,250,327,250" oya="1" hai0="39,52,83,18,66,106,20,41,28,9,126,3,31" hai1="108,94,68,135,26,99,122,92,89,101,60,42,118" hai2="67,73,51,46,1,133,32,40,22,54,103,111,90" hai3="23,69,97,120,109,30,114,57,74,58,55,12,78"/><U116/><E122/><V87/><F32/><W6/><G120/><T127/><D106/><U4/><E135/><V80/><F1/><W134/><G69/><T35/><D66/><U124/><E124/><N who="0" m="47657" /><D39/><U105/><E42/><V115/><F133/><W13/><G114/><T7/><D41/><U132/><E132/><V17/><F115/><W79/><G134/><T8/><D35/><U16/><E4/><V123/><F123/><W76/><G74/><T47/><D83/><U121/><E121/><V130/><F130/><W100/><G6/><N who="0" m="1119" /><D47/><U15/><E26/><V112/><F112/><W33/><G33/><T95/><D95/><U29/><E29/><V59/><F111/><W0/><G0/><N who="0" m="231" /><D52/><U49/><E108/><V107/><F67/><W81/><G55/><T27/><AGARI ba="0,0" hai="18,20,27,28,31" m="231,1119,47657" machi="27" ten="30,4000,0" yaku="18,1,34,2" doraHai="77" who="0" fromWho="0" sc="173,40,250,-20,327,-10,250,-10" /><INIT seed="2,0,0,3,3,49" ten="213,230,317,240" oya="2" hai0="6,101,119,120,14,97,31,104,84,5,80,91,118" hai1="106,37,21,25,109,132,115,46,111,7,88,9,17" hai2="27,89,95,19,73,69,32,58,96,11,74,57,22" hai3="63,92,98,122,44,8,24,20,12,67,116,126,23"/><V134/><F69/><W50/><G122/><T40/><D120/><U10/><E106/><V85/><F134/><W129/><G129/><T105/><D104/><U35/><E132/><V52/><F32/><W128/><G128/><T87/><D40/><U38/><E115/><V117/><F117/><N who="0" m="44554" /><D31/><U121/><E121/><V71/><F71/><W123/><G116/><T29/><D29/><U78/><E78/><V45/><F11/><W83/><G123/><T102/><D101/><U94/><E35/><V76/><F74/><W1/><G126/><T42/><D42/><U124/><E124/><V28/><F73/><W3/><G83/><N who="0" m="49567" /><D14/><N who="1" m="5439" /><E10/><V59/><F28/><W54/><G1/><T68/><D68/><U55/><E38/><V127/><F127/><W125/><G3/><T48/><D48/><N who="1" m="29079" /><E37/><V18/><F18/><W103/><G125/><T2/><D2/><U26/><E17/><V53/><F45/><W0/><G0/><T113/><D113/><U60/><E60/><V39/><F39/><W65/><G63/><T70/><D70/><U62/><E62/><V110/><F110/><N who="1" m="41993" /><E21/><N who="3" m="8266" /><G24/><T133/><D133/><U51/><E51/><V90/><F76/><AGARI ba="0,0" hai="5,6,76,80,87,97,102,105" m="49567,44554" machi="76" ten="30,1000,0" yaku="12,1" doraHai="49" who="0" fromWho="2" sc="213,10,230,0,317,-10,240,0" /><INIT seed="3,0,0,1,4,1" ten="223,230,307,240" oya="3" hai0="27,77,5,13,123,4,79,124,118,44,109,128,50" hai1="52,86,80,54,33,17,47,75,70,62,8,31,20" hai2="38,19,53,126,30,93,55,103,98,29,10,34,35" hai3="45,26,39,90,85,100,125,41,0,108,96,21,24"/><W7/><G125/><T111/><D118/><U121/><E75/><V40/><F126/><W129/><G129/><T92/><D124/><U135/><E121/><V110/><F110/><N who="0" m="41994" /><D123/><U97/><E33/><V64/><F64/><W46/><G108/><T105/><D105/><U95/><E135/><V116/><F116/><W2/><G2/><T57/><D128/><U14/><E70/><V134/><F134/><W49/><G0/><T102/><D57/><U43/><E62/><V56/><F34/><W61/><G61/><T88/><D102/><N who="1" m="60735" /><E43/><V32/><F35/><W89/><G7/><N who="0" m="2635" /><D13/><U15/><E47/><V65/><F56/><W78/><G26/><T84/><D27/><N who="1" m="16871" /><E14/><V131/><F131/><W6/><G6/><T60/><D60/><U28/><E28/><V72/><F30/><W12/><G12/><T127/><D127/><U114/><E114/><V71/><F29/><W74/><G24/><T16/><D16/><U101/><E101/><V9/><F103/><W94/><G21/><T115/><D115/><U120/><E120/><V23/><F23/><W22/><G22/><T81/><D92/><U51/><E51/><V112/><F93/><W106/><G106/><T107/><D107/><U119/><E119/><V91/><F32/><W58/><G58/><T11/><D11/><U99/><E99/><V82/><F98/><W87/><G100/><T25/><D25/><U48/><E48/><V3/><F9/><W117/><G117/><T133/><D133/><U76/><AGARI ba="0,0" hai="8,15,17,52,54,76,80,86" m="16871,60735" machi="76" ten="30,2000,0" yaku="8,1,54,1" doraHai="1" who="1" fromWho="1" sc="223,-5,230,20,307,-5,240,-10" owari="218,-28.0,250,5.0,302,40.0,230,-17.0" /></mjloggm>