<mjloggm ver="2.3"><GO type="169" lobby="0"/><UN n0="%E3%81%BF%E3%81%88%E3%83%8D%E3%82%B3" n1="%E9%8A%80%E8%89%B2%E3%81%84%E3%81%8C%E3%81%90%E3%82%8A" n2="%E6%9C%AC%E7%94%B0%E9%80%8F" n3="%E3%81%8F%E3%81%85%E3%81%A1%E3%82%83%E3%82%93%EF%BC%A0%50%45" dan="16,18,17,16" rate="2132.42,2293.70,2153.98,2190.74" sx="M,M,F,M"/><TAIKYOKU oya="0"/><INIT seed="0,0,0,4,2,107" ten="250,250,250,250" oya="0" hai0="58,89,21,52,27,121,123,51,68,37,9,81,23" hai1="96,134,108,104,99,65,132,100,78,131,8,18,40" hai2="10,113,86,133,95,106,29,125,7,50,90,46,111" hai3="76,17,85,42,41,130,55,127,54,79,2,117,32"/><T115/><D115/><U124/><E40/><V71/><F113/><W49/><G127/><T48/><D68/><U24/><E65/><V116/><F125/><W22/><G130/><T56/><D37/><U67/><E67/><V129/><F71/><W15/><G117/><T39/><D39/><U112/><E124/><V43/><F129/><W72/><G32/><T44/><D9/><U63/><E112/><V11/><F116/><W25/><G2/><T92/><D81/><U70/><E131/><V12/><F111/><W35/><G72/><T109/><D109/><U120/><E108/><V59/><F106/><W57/><G35/><T61/><D58/><U0/><E99/><V105/><F105/><W3/><G3/><T94/><D94/><U4/><E78/><V118/><F118/><W30/><G54/><T101/><D101/><U88/><E120/><V1/><F133/><N who="1" m="51305" /><E63/><V47/><F29/><W33/><REACH who="3" step="1"/><G85/><REACH who="3" ten="250,250,250,240" step="2"/><T26/><D123/><U114/><E114/><V16/><REACH who="2" step="1"/><F43/><AGARI ba="0,1" hai="15,17,22,25,30,33,41,42,43,49,55,57,76,79" machi="43" ten="40,5200,0" yaku="1,1,2,1,53,1" doraHai="107" doraHaiUra="19" who="3" fromWho="2" sc="250,0,250,0,250,-52,240,62" /><INIT seed="1,0,0,5,0,111" ten="250,250,198,302" oya="1" hai0="61,92,55,71,134,28,7,44,5,31,119,8,128" hai1="1,98,21,52,17,118,22,114,26,80,77,96,124" hai2="64,73,35,47,20,37,110,90,29,129,69,120,99" hai3="75,91,104,19,79,87,107,33,30,95,121,131,72"/><U34/><E118/><V50/><F110/><W123/><G33/><T116/><D128/><U15/><E124/><V58/><F120/><N who="3" m="46155" /><G30/><T54/><D134/><U46/><E34/><V2/><F129/><W112/><G19/><T14/><D119/><U49/><E1/><V83/><F35/><W82/><G131/><T133/><D133/><U56/><E114/><V12/><F2/><W113/><G75/><T63/><D116/><U48/><E80/><V66/><F69/><W40/><G40/><T78/><D78/><U97/><E77/><V53/><F73/><W23/><G23/><T18/><D71/><U36/><E36/><V127/><F127/><W41/><G41/><T89/><D44/><U100/><E100/><V13/><F37/><W60/><G60/><N who="0" m="23115" /><D31/><U88/><E22/><V86/><F47/><W45/><G45/><T3/><D28/><U76/><E76/><V135/><F135/><W94/><G94/><T16/><D3/><U130/><E26/><V70/><F70/><W59/><G59/><T103/><D103/><U24/><E24/><V117/><F117/><W6/><G6/><N who="0" m="2059" /><D18/><U10/><E21/><V39/><F39/><W106/><AGARI ba="0,0" hai="72,79,82,87,91,95,104,106,107,112,113" m="46155" machi="106" ten="40,8000,1" yaku="34,2,52,2" doraHai="111" who="3" fromWho="3" sc="250,-20,250,-40,198,-20,302,80" /><INIT seed="2,0,0,2,1,130" ten="230,210,178,382" oya="2" hai0="132,58,35,63,23,70,108,110,83,57,97,54,84" hai1="109,129,106,8,40,33,124,91,0,60,32,76,43" hai2="22,102,80,26,119,62,18,82,14,114,61,74,73" hai3="1,20,111,47,79,42,95,107,99,3,134,71,122"/><V135/><F119/><W127/><G122/><T39/><D35/><U34/><E106/><V53/><F114/><W131/><G131/><T5/><D39/><U19/><E129/><V37/><F37/><W13/><G107/><T27/><D5/><U56/><E124/><V87/><F102/><W2/><G71/><T105/><D70/><U44/><E76/><V41/><F41/><W90/><G127/><T78/><D132/><U52/><E109/><V68/><F82/><W4/><G111/><N who="0" m="42539" /><D105/><U100/><E100/><V123/><F123/><W11/><G79/><T118/><D97/><U77/><E77/><V16/><F135/><W66/><G66/><T104/><D104/><U10/><E40/><V93/><F68/><W125/><G125/><T96/><D96/><U117/><E117/><V98/><F73/><W88/><G134/><T15/><D15/><U128/><E128/><V49/><F74/><W64/><G64/><T85/><D118/><U55/><E55/><V113/><F113/><W101/><REACH who="3" step="1"/><G20/><REACH who="3" ten="230,210,178,372" step="2"/><T103/><D78/><U29/><E33/><V46/><F98/><W67/><G67/><T25/><D23/><U126/><E32/><V72/><F72/><W36/><AGARI ba="0,1" hai="1,2,3,4,11,13,36,42,47,88,90,95,99,101" machi="36" ten="30,4000,0" yaku="1,1,0,1,54,1,53,0" doraHai="130" doraHaiUra="45" who="3" fromWho="3" sc="230,-10,210,-10,178,-20,372,50" /><INIT seed="3,0,0,0,1,71" ten="220,200,158,422" oya="3" hai0="134,1,127,45,50,132,97,5,17,90,48,28,34" hai1="69,67,22,77,24,84,107,103,0,83,51,116,78" hai2="93,124,68,99,110,46,31,44,101,89,49,96,98" hai3="20,135,80,111,106,100,9,6,81,125,65,19,40"/><W35/><G125/><T63/><D127/><U114/><E114/><V73/><F124/><W58/><G135/><N who="0" m="51755" /><D63/><U21/><E0/><V88/><F68/><W32/><G111/><T91/><D17/><U41/><E116/><V52/><F73/><W130/><G130/><T79/><D79/><U16/><E69/><V36/><F110/><W102/><G40/><T61/><D61/><U59/><E103/><V112/><F112/><W43/><G43/><T4/><D97/><N who="2" m="37482" /><F36/><W118/><G118/><T27/><D50/><U75/><E107/><V25/><F44/><W119/><G119/><T64/><D64/><U122/><E122/><V12/><F12/><W72/><G65/><T94/><D1/><U30/><E75/><V131/><F131/><W8/><G58/><T129/><D129/><U2/><E2/><V126/><F126/><W38/><G38/><T33/><D33/><U60/><E41/><V66/><F66/><W76/><G72/><T123/><D123/><U57/><E51/><V55/><F55/><W42/><G42/><N who="0" m="24631" /><D94/><U54/><E57/><V74/><F74/><W18/><G106/><T133/><N who="0" m="51763" /><T120/><DORA hai="117" /><D120/><U95/><E95/><V92/><F93/><W53/><G53/><T56/><D56/><U47/><E47/><V82/><F82/><W37/><G80/><T7/><AGARI ba="0,0" hai="4,5,7,27,28,34,90,91" m="24631,51763" machi="7" ten="50,1600,0" yaku="20,1" doraHai="71,117" who="0" fromWho="0" sc="220,16,200,-4,158,-4,422,-8" /><INIT seed="4,0,0,4,2,68" ten="236,196,154,414" oya="0" hai0="85,60,117,71,27,132,32,17,110,76,98,29,79" hai1="28,54,26,83,58,88,6,5,72,1,23,106,31" hai2="99,111,91,119,2,112,34,7,40,24,102,95,12" hai3="70,11,89,101,0,100,115,18,75,125,4,124,35"/><T13/><D117/><U44/><E106/><V61/><F111/><W8/><G115/><T86/><D110/><U133/><E133/><V30/><F112/><W20/><G70/><T109/><D109/><U67/><E72/><V9/><F119/><W43/><G43/><T55/><D132/><U73/><E73/><V48/><F61/><W94/><G75/><T134/><D134/><U120/><E120/><V69/><F69/><W33/><G100/><T42/><D42/><U39/><E1/><V46/><REACH who="2" step="1"/><F2/><REACH who="2" ten="236,196,144,414" step="2"/><W129/><G129/><T103/><D71/><U90/><E67/><V113/><F113/><W63/><G63/><T38/><D60/><U107/><E107/><V114/><F114/><W47/><G101/><AGARI ba="0,1" hai="7,9,12,24,30,34,40,46,48,91,95,99,101,102" machi="101" ten="40,1300,0" yaku="1,1,53,0" doraHai="68" doraHaiUra="82" who="2" fromWho="3" sc="236,0,196,0,144,23,414,-13" /><INIT seed="5,0,0,1,5,116" ten="236,196,167,401" oya="1" hai0="99,48,84,55,53,43,11,93,112,77,114,129,1" hai1="30,86,27,78,66,57,79,101,95,82,12,76,58" hai2="72,28,135,132,124,106,71,126,125,134,90,98,16" hai3="104,45,123,19,81,61,46,73,13,83,21,41,94"/><U47/><E12/><V91/><F28/><W15/><G123/><T102/><D129/><U118/><E118/><V39/><F39/><W63/><G104/><T74/><D74/><U23/><E47/><N who="3" m="17930" /><G73/><T92/><D43/><U89/><E66/><V36/><F36/><W24/><G24/><T67/><D67/><U5/><E5/><V130/><F71/><W60/><G41/><T54/><D1/><U122/><E122/><V97/><F72/><W69/><G83/><N who="0" m="47215" /><D11/><U62/><E62/><V6/><F6/><W103/><G69/><T115/><D93/><U37/><E37/><V31/><F31/><W18/><G81/><T17/><D17/><N who="3" m="6153" /><G21/><T20/><D20/><U88/><REACH who="1" step="1"/><E101/><REACH who="1" ten="236,186,167,401" step="2"/><N who="2" m="62767" /><F130/><W128/><G128/><T42/><D42/><U14/><E14/><V117/><F117/><W96/><AGARI ba="0,1" hai="13,15,60,61,63,94,96,103" m="6153,17930" machi="96" ten="40,1500,0" yaku="8,1" doraHai="116" who="3" fromWho="3" sc="236,-4,186,-7,167,-4,401,25" /><INIT seed="6,0,0,0,1,88" ten="232,179,163,426" oya="2" hai0="53,130,121,109,35,8,69,36,59,103,64,99,17" hai1="24,110,116,122,48,32,92,7,52,108,126,57,79" hai2="120,40,50,74,84,95,72,33,114,56,86,94,45" hai3="134,14,19,101,27,2,10,9,124,102,111,93,5"/><V96/><F120/><W55/><G111/><T68/><D109/><U127/><E116/><V66/><F33/><W23/><G134/><T107/><D121/><U1/><E122/><V100/><F114/><W25/><G124/><N who="1" m="47658" /><E79/><V62/><REACH who="2" step="1"/><F86/><REACH who="2" ten="232,179,153,426" step="2"/><W89/><G55/><T105/><D53/><U119/><E119/><V11/><F11/><W65/><G65/><T70/><D8/><N who="1" m="2159" /><E32/><V4/><F4/><W118/><G118/><T83/><D35/><U20/><E92/><V21/><F21/><W60/><G10/><T133/><D133/><U47/><E57/><V13/><F13/><W115/><G115/><T76/><D59/><U80/><E80/><V28/><F28/><AGARI ba="0,1" hai="20,24,28,47,48,52,108,110" m="2159,47658" machi="28" ten="30,2000,0" yaku="18,1,54,1" doraHai="88" who="1" fromWho="2" sc="232,0,179,30,153,-20,426,0" /><INIT seed="7,0,0,1,2,105" ten="232,209,133,426" oya="3" hai0="70,117,130,112,133,106,11,44,79,40,22,107,114" hai1="45,32,115,34,54,127,129,56,122,61,120,8,3" hai2="14,67,134,95,21,132,88,80,102,83,39,30,18" hai3="26,55,7,109,19,50,100,92,104,43,96,37,53"/><W63/><G109/><T93/><D117/><U82/><E115/><N who="0" m="44073" /><D130/><U116/><E116/><V123/><F39/><W60/><G7/><T31/><D133/><U16/><E129/><V121/><F102/><W81/><G104/><T73/><D70/><U33/><E127/><V15/><F30/><W77/><G37/><T131/><D131/><U86/><E45/><V126/><F126/><W27/><G43/><T52/><D52/><U51/><E51/><V23/><F67/><W76/><G55/><T128/><D128/><U124/><E124/><V20/><F95/><W41/><G41/><T4/><D93/><U111/><E111/><V59/><F59/><W89/><G100/><T62/><D62/><U57/><E56/><V68/><F68/><W72/><G76/><T108/><D79/><U58/><E57/><V84/><F80/><W46/><G19/><T65/><D65/><U94/><E94/><V47/><F47/><W119/><G119/><T5/><D44/><U90/><E16/><V75/><F75/><W48/><G50/><T35/><D73/><U87/><E87/><V64/><F64/><W71/><G71/><T9/><D40/><U49/><E49/><V125/><F125/><W101/><G101/><T74/><D74/><U1/><E1/><V97/><F97/><W103/><G103/><T17/><D108/><U91/><E91/><V78/><F78/><W38/><G38/><T10/><D31/><U113/><E113/><V6/><F6/><N who="0" m="2666" /><D35/><U24/><E33/><V118/><F118/><W85/><G72/><T66/><D66/><U13/><E32/><RYUUKYOKU ba="0,0" sc="232,15,209,-15,133,-15,426,15" hai0="9,10,11,17,22,106,107" hai3="26,27,46,48,53,60,63,77,81,85,89,92,96" owari="247,5.0,194,-21.0,118,-38.0,441,54.0" /></mjloggm>