<mjloggm ver="2.3"><GO type="169" lobby="0"/><UN n0="%E3%83%97%E3%83%AC%E3%82%B9%E3%83%97" n1="%E3%81%8B%E3%81%A5%E3%81%8D%EF%BC%B8%EF%BC%A9" n2="%E3%82%82%E3%81%BF%E3%81%95%E3%81%92" n3="%E6%9C%AC%E7%94%B0%E9%80%8F" dan="17,16,16,17" rate="2141.24,2102.24,2118.33,2148.18" sx="M,M,M,F"/><TAIKYOKU oya="0"/><INIT seed="0,0,0,1,1,82" ten="250,250,250,250" oya="0" hai0="85,90,43,11,94,118,117,68,131,105,103,134,37" hai1="6,10,54,38,47,51,115,8,16,17,98,18,106" hai2="61,127,65,73,111,27,19,122,89,114,14,107,109" hai3="50,86,30,28,9,75,100,92,130,7,71,48,120"/><T58/><D68/><U56/><E115/><V69/><F122/><W87/><G75/><T79/><D131/><U52/><E38/><V40/><F114/><W101/><G71/><T124/><D134/><U96/><E106/><V91/><F73/><W29/><G120/><T88/><D124/><U36/><E36/><V20/><F127/><W42/><G130/><T13/><D79/><U12/><REACH who="1" step="1"/><E10/><REACH who="1" ten="250,240,250,250" step="2"/><V112/><F107/><W33/><G33/><T135/><D135/><U81/><E81/><V128/><F112/><W66/><G66/><T44/><D58/><U132/><E132/><V104/><F104/><W76/><G50/><AGARI ba="0,1" hai="6,8,12,16,17,18,47,50,51,52,54,56,96,98" machi="50" ten="40,8000,1" yaku="1,1,8,1,54,2,53,0" doraHai="82" doraHaiUra="35" who="1" fromWho="3" sc="250,0,240,90,250,0,250,-80" /><INIT seed="1,0,0,3,0,121" ten="250,330,250,170" oya="1" hai0="56,39,25,135,29,87,13,41,109,6,4,30,78" hai1="45,80,62,38,102,100,128,120,99,52,134,129,86" hai2="90,133,127,22,20,27,98,71,50,94,68,64,34" hai3="119,85,101,95,104,10,132,75,16,2,103,37,48"/><U116/><E120/><V97/><F127/><W84/><G37/><T96/><D135/><U19/><E116/><V61/><F133/><W117/><G75/><T18/><D39/><U43/><E134/><V3/><F3/><W1/><G132/><T58/><D41/><U65/><E19/><V130/><F130/><N who="1" m="50281" /><E99/><V53/><F68/><W49/><G95/><T81/><D96/><U111/><E111/><V36/><F36/><W113/><G10/><T93/><D109/><U23/><E23/><V31/><F98/><W21/><G21/><T9/><D93/><U82/><E82/><V35/><REACH who="2" step="1"/><F20/><REACH who="2" ten="250,330,240,170" step="2"/><W60/><G113/><T92/><D92/><U14/><E38/><V76/><F76/><W70/><G70/><T42/><D78/><U44/><E102/><V63/><F63/><W59/><G60/><T0/><D81/><U105/><E100/><V124/><F124/><W26/><G104/><T57/><D0/><U131/><E105/><V33/><F33/><W54/><G1/><T114/><D114/><U123/><E131/><V7/><F7/><W106/><G2/><T122/><D4/><U72/><E123/><V126/><F126/><W107/><G107/><T83/><D122/><U91/><E62/><V125/><F125/><W89/><G106/><T118/><D6/><U15/><E72/><V108/><F108/><W8/><G101/><T5/><D5/><U12/><E65/><V73/><F73/><W79/><G103/><T55/><D83/><U110/><E110/><V24/><F24/><W66/><G26/><T46/><D25/><U11/><E80/><RYUUKYOKU ba="0,1" sc="250,-10,330,-10,240,30,170,-10" hai2="22,27,31,34,35,50,53,61,64,71,90,94,97" /><INIT seed="2,1,1,1,1,109" ten="240,320,270,160" oya="2" hai0="68,8,33,76,22,119,54,69,72,40,16,79,80" hai1="63,133,129,66,87,77,126,81,34,41,35,47,93" hai2="110,46,49,43,91,75,50,10,85,24,17,78,2" hai3="53,134,26,15,98,127,42,100,11,82,122,51,65"/><V102/><F110/><W18/><G122/><T36/><D119/><U30/><E126/><V20/><F102/><W123/><G127/><T9/><D33/><U48/><E129/><V95/><F75/><W57/><G123/><T62/><D76/><U104/><E104/><V73/><F73/><W112/><G134/><T124/><D124/><U64/><E133/><V105/><F105/><W94/><G112/><T121/><D121/><U59/><E30/><V84/><F78/><W116/><G116/><T25/><D40/><U23/><E23/><V37/><F84/><W67/><G82/><T32/><D36/><U4/><E4/><V6/><AGARI ba="1,1" hai="2,6,10,17,20,24,37,43,46,49,50,85,91,95" machi="6" ten="30,1500,0" yaku="0,1" doraHai="109" who="2" fromWho="2" sc="240,-6,320,-6,270,28,160,-6" /><INIT seed="2,2,0,5,4,51" ten="234,314,298,154" oya="2" hai0="131,95,12,37,127,15,29,65,130,38,73,14,19" hai1="5,62,81,1,102,83,36,13,7,52,17,3,55" hai2="79,39,101,9,24,121,78,26,67,8,98,45,0" hai3="50,28,32,68,46,85,90,77,48,72,128,33,92"/><V2/><F121/><W47/><G128/><N who="0" m="49195" /><D73/><U108/><E108/><V82/><F67/><W6/><G68/><T113/><D65/><U80/><E36/><N who="0" m="13929" /><D95/><U56/><E102/><V4/><F78/><W64/><G64/><T34/><D113/><U100/><E100/><V123/><F123/><W30/><G6/><N who="1" m="2058" /><E1/><V71/><F8/><W93/><G72/><T74/><D74/><U125/><E3/><V103/><F2/><W118/><G77/><T97/><D97/><U99/><E99/><V25/><F98/><W117/><REACH who="3" step="1"/><G85/><REACH who="3" ten="234,314,298,144" step="2"/><T86/><D86/><U70/><E70/><V122/><F71/><W27/><G27/><N who="0" m="18751" /><D127/><U54/><E125/><V87/><F122/><W57/><G57/><T21/><AGARI ba="2,1" hai="12,14,15,19,21" m="18751,13929,49195" machi="21" ten="30,1100,0" yaku="19,1" doraHai="51" who="0" fromWho="0" sc="234,27,314,-5,298,-7,144,-5" /><INIT seed="3,0,0,2,4,70" ten="261,309,291,139" oya="3" hai0="90,65,132,127,72,113,97,96,46,22,87,106,35" hai1="44,56,59,49,74,77,130,76,42,30,98,37,25" hai2="50,125,27,11,1,105,104,133,48,14,10,24,45" hai3="51,114,5,40,41,100,23,21,68,3,93,8,57"/><W15/><G68/><T135/><D35/><U19/><E130/><V122/><F125/><W115/><G115/><T80/><D65/><U92/><E19/><V101/><F133/><N who="0" m="51274" /><D22/><N who="3" m="8201" /><G3/><T29/><D29/><U131/><E131/><V31/><F1/><W121/><G114/><T118/><D46/><U102/><E74/><V26/><F31/><W129/><G129/><T120/><D113/><U39/><E59/><V55/><F122/><W61/><G121/><T16/><D120/><U126/><E126/><V78/><F78/><W110/><G110/><T82/><D16/><U124/><E124/><V119/><F119/><W13/><G13/><T47/><D47/><U0/><E0/><V128/><F128/><W84/><G51/><T53/><D53/><U38/><REACH who="1" step="1"/><E56/><REACH who="1" ten="261,299,291,139" step="2"/><V67/><F45/><W95/><G100/><T81/><D127/><U52/><E52/><V116/><F55/><N who="3" m="33983" /><G84/><T54/><D72/><U85/><E85/><V69/><F101/><W91/><G91/><T88/><D118/><U7/><E7/><V20/><F116/><W71/><G71/><T17/><D87/><U123/><E123/><V34/><F69/><W64/><G64/><T12/><D90/><U83/><E83/><V99/><F67/><W32/><G32/><AGARI ba="0,1" hai="25,30,32,37,38,39,42,44,49,76,77,92,98,102" machi="32" ten="40,8000,1" yaku="1,1,52,3,53,0" doraHai="70" doraHaiUra="60" who="1" fromWho="3" sc="261,0,299,90,291,0,139,-80" /><INIT seed="4,0,0,3,2,123" ten="261,389,291,59" oya="0" hai0="60,108,113,27,97,64,67,23,86,110,114,40,111" hai1="29,129,28,54,7,99,57,90,71,85,3,83,32" hai2="4,11,93,109,26,2,58,81,133,18,37,115,20" hai3="134,101,70,127,53,120,69,128,48,13,103,6,63"/><T117/><D117/><U105/><E71/><V135/><F37/><W55/><G120/><T79/><D40/><U92/><E32/><V38/><F38/><W62/><G6/><T98/><D79/><U30/><E105/><V100/><F58/><W24/><G24/><T65/><D86/><U126/><E126/><V91/><F81/><W33/><G33/><T89/><D60/><N who="3" m="23081" /><G13/><T17/><D89/><U9/><E129/><V88/><F115/><AGARI ba="0,0" hai="17,23,27,64,65,67,97,98,108,110,111,113,114,115" machi="115" ten="50,12000,1" yaku="10,1,15,1,52,3" doraHai="123" who="0" fromWho="2" sc="261,120,389,0,291,-120,59,0" /><INIT seed="4,1,0,0,4,44" ten="381,389,171,59" oya="0" hai0="84,88,121,47,129,48,107,23,96,135,123,29,114" hai1="98,71,68,130,73,83,126,16,134,10,6,40,3" hai2="92,5,46,28,33,85,122,8,78,108,74,59,51" hai3="65,36,79,90,119,125,31,113,52,111,64,76,95"/><T41/><D129/><U133/><E126/><V128/><F128/><W63/><G111/><T69/><D114/><U106/><E130/><V53/><F108/><W87/><G36/><T81/><D135/><N who="1" m="51723" /><E16/><V61/><F122/><W97/><G119/><T112/><D112/><U116/><E40/><V7/><F74/><W50/><G113/><T109/><D109/><U22/><E22/><V2/><F7/><W103/><G125/><T27/><REACH who="0" step="1"/><D69/><REACH who="0" ten="371,389,171,59" step="2"/><U62/><E116/><V124/><F124/><W86/><G31/><T117/><D117/><U54/><E68/><V72/><F28/><W77/><G63/><T12/><D12/><U34/><E71/><V120/><F61/><W21/><G21/><T82/><D82/><U49/><E62/><V32/><F32/><W0/><G0/><T80/><D80/><U102/><E34/><V43/><F33/><W91/><G86/><T37/><D37/><U115/><E115/><V4/><F85/><W57/><REACH who="3" step="1"/><G90/><REACH who="3" ten="371,389,171,49" step="2"/><T132/><D132/><U67/><E3/><V104/><F2/><W56/><G56/><T9/><D9/><U18/><E10/><V118/><F8/><W1/><G1/><T11/><D11/><U45/><E73/><V25/><F72/><W19/><G19/><T89/><D89/><U131/><E18/><V30/><F59/><W100/><G100/><AGARI ba="1,2" hai="23,27,29,41,47,48,81,84,88,96,100,107,121,123" machi="100" ten="40,7700,0" yaku="1,1,52,1,54,1,53,0" doraHai="44" doraHaiUra="60" who="0" fromWho="3" sc="371,100,389,0,171,0,49,-80" owari="471,57.0,389,19.0,171,-23.0,-31,-53.0" /></mjloggm>