<mjloggm ver="2.3"><GO type="225" lobby="0"/><UN n0="%E3%81%95%E3%81%8B%E3%81%95%E3%81%BE%E3%82%A8%E3%83%9E%E3%83%8E%E3%83%B3" n1="%E3%82%BC%E3%83%95%E3%82%A3%4E%49%4E%45" n2="%E3%83%B4%E3%83%A0%EF%BC%99%E3%81%A6" n3="%E8%8F%B1%E5%B7%9D%E6%85%8E%E5%90%BE" dan="16,17,17,16" rate="2075.87,2186.58,2184.86,2106.80" sx="F,M,M,M"/><TAIKYOKU oya="0"/><INIT seed="0,0,0,3,4,96" ten="250,250,250,250" oya="0" hai0="125,112,119,28,110,99,118,68,106,51,126,24,107" hai1="62,134,127,29,23,54,122,92,50,133,91,18,1" hai2="76,44,103,26,40,59,120,15,7,135,46,81,72" hai3="129,39,97,111,93,77,31,101,57,90,30,36,86"/><T27/><D112/><U42/><E122/><V85/><F120/><W105/><G111/><T124/><D68/><U14/><E1/><V17/><F135/><W100/><G129/><T61/><D110/><U22/><E127/><V98/><F72/><W0/><G0/><T131/><D131/><U66/><E42/><V60/><F26/><N who="0" m="9770" /><D61/><U94/><E29/><N who="3" m="10762" /><G36/><T53/><D28/><U88/><E134/><V65/><F7/><W48/><G39/><T21/><D21/><U121/><E23/><V117/><F117/><N who="0" m="44554" /><D99/><U73/><E133/><V75/><F75/><W58/><G105/><N who="0" m="39947" /><D53/><U56/><E73/><V35/><F35/><W82/><G57/><T2/><D51/><U19/><E121/><V37/><F37/><W83/><G82/><T108/><D108/><U84/><E50/><V12/><F40/><W69/><G69/><T70/><D2/><U49/><E49/><V128/><F128/><W114/><G114/><T3/><D3/><U104/><E104/><V33/><F33/><W123/><G123/><T74/><D70/><U32/><E54/><AGARI ba="0,0" hai="48,54,58,77,83,86,90,93,97,100,101" m="10762" machi="54" ten="30,3900,0" yaku="8,1,52,2" doraHai="96" who="3" fromWho="1" sc="250,0,250,-39,250,0,250,39" /><INIT seed="1,0,0,2,5,26" ten="250,211,250,289" oya="1" hai0="100,25,64,20,56,93,49,58,73,119,4,116,74" hai1="81,30,129,36,54,78,12,124,62,98,5,28,113" hai2="89,1,38,37,32,53,51,24,44,71,6,112,91" hai3="125,7,79,85,77,82,33,111,118,59,127,120,55"/><U17/><E36/><V95/><F71/><W115/><G120/><T9/><D49/><U130/><E113/><V14/><F1/><W3/><G115/><T122/><D122/><U60/><E5/><V104/><F104/><W66/><G66/><T102/><D4/><U52/><E98/><V106/><F106/><W105/><G105/><T10/><D20/><U61/><E124/><N who="3" m="47690" /><G33/><T65/><D25/><U84/><E130/><V43/><F112/><W133/><G133/><T67/><D67/><U90/><E78/><V126/><F126/><W21/><G111/><T34/><REACH who="0" step="1"/><D93/><REACH who="0" ten="240,211,250,289" step="2"/><U2/><E129/><V22/><F95/><W109/><G109/><T121/><D121/><U48/><E2/><V42/><F38/><W13/><G3/><T134/><D134/><U131/><E131/><V92/><F32/><AGARI ba="0,1" hai="9,10,32,34,56,58,64,65,73,74,100,102,116,119" machi="32" ten="25,3200,0" yaku="1,1,22,2,53,0" doraHai="26" doraHaiUra="45" who="0" fromWho="2" sc="240,42,211,0,250,-32,289,0" /><INIT seed="2,0,0,4,5,41" ten="282,211,218,289" oya="2" hai0="80,0,26,43,29,85,30,3,128,60,117,72,74" hai1="107,33,28,57,79,110,93,20,120,22,16,66,31" hai2="38,9,10,13,1,39,46,70,27,76,92,6,4" hai3="81,53,42,133,115,17,14,52,47,124,54,24,100"/><V37/><F70/><W75/><G133/><T35/><D29/><U108/><E107/><V98/><F27/><W12/><G124/><T19/><D19/><U73/><E120/><V77/><REACH who="2" step="1"/><F46/><REACH who="2" ten="282,211,208,289" step="2"/><W89/><G115/><T122/><D26/><U129/><E129/><V99/><F99/><W7/><G24/><T51/><D128/><U112/><E112/><V5/><F5/><W62/><G7/><T23/><D122/><U40/><E110/><V127/><F127/><W2/><G2/><T121/><D0/><U105/><E108/><V109/><F109/><W84/><G12/><T111/><D3/><U113/><E113/><V126/><F126/><W131/><G131/><T63/><D111/><U91/><E33/><V49/><F49/><N who="3" m="26871" /><G75/><T50/><D72/><U44/><E73/><V118/><F118/><W68/><G68/><T58/><D74/><U114/><E114/><V94/><F94/><W21/><G100/><AGARI ba="0,1" hai="1,4,6,9,10,13,37,38,39,76,77,92,98,100" machi="100" ten="40,2000,0" yaku="1,1,53,0" doraHai="41" doraHaiUra="25" who="2" fromWho="3" sc="282,0,211,0,208,30,289,-20" /><INIT seed="2,1,0,4,5,112" ten="282,211,238,269" oya="2" hai0="7,61,46,16,77,6,21,132,119,70,76,44,30" hai1="129,26,37,79,104,33,62,57,103,17,82,14,39" hai2="34,98,124,74,15,133,110,78,111,99,91,9,75" hai3="80,45,35,127,11,116,12,83,40,101,59,135,126"/><V109/><F34/><W92/><G35/><T67/><D30/><U20/><E129/><V121/><F121/><W1/><G1/><T65/><D132/><U19/><E104/><V94/><F133/><W96/><G135/><T93/><D93/><U72/><E103/><V85/><F124/><N who="3" m="47659" /><G59/><T73/><D73/><N who="2" m="27658" /><F78/><W63/><G63/><T49/><D67/><U64/><REACH who="1" step="1"/><E33/><REACH who="1" ten="282,201,238,269" step="2"/><V69/><F69/><W4/><G116/><T29/><D119/><U114/><E114/><V31/><F31/><W108/><G108/><N who="2" m="27649" /><V71/><DORA hai="87" /><F71/><W58/><G58/><T43/><D29/><U131/><E131/><V13/><F13/><W120/><G120/><T55/><D70/><U134/><E134/><V27/><F27/><W86/><G86/><T117/><D117/><U23/><AGARI ba="1,1" hai="14,17,19,20,23,26,37,39,57,62,64,72,79,82" machi="23" ten="20,2700,0" yaku="1,1,0,1,7,1,53,0" doraHai="112,87" doraHaiUra="42,97" who="1" fromWho="1" sc="282,-8,201,40,238,-14,269,-8" /><INIT seed="3,0,0,4,2,20" ten="274,241,224,261" oya="3" hai0="27,1,72,24,96,12,128,115,113,67,52,95,130" hai1="38,134,87,103,126,85,76,23,123,17,2,58,127" hai2="8,46,129,22,5,104,88,102,86,75,61,59,122" hai3="47,69,112,39,13,63,35,125,55,36,117,109,15"/><W3/><G117/><T51/><D1/><U71/><E71/><V121/><F75/><W29/><G3/><T7/><D67/><U90/><E123/><N who="2" m="47115" /><F129/><N who="0" m="49770" /><D72/><U33/><E33/><V132/><F132/><W92/><G112/><N who="0" m="43083" /><D12/><U80/><E134/><V64/><F46/><W50/><G125/><T119/><D7/><U16/><E126/><V45/><F45/><W42/><G109/><T49/><D49/><U4/><E127/><V99/><F22/><W37/><G92/><T77/><D77/><U9/><E76/><V135/><F135/><W97/><G97/><T82/><D82/><U28/><E80/><N who="2" m="49223" /><F5/><W105/><G105/><T44/><D119/><U131/><E4/><V68/><F8/><W19/><G19/><T25/><D25/><U65/><E131/><V101/><F102/><AGARI ba="0,0" hai="24,27,44,51,52,95,96,102" m="43083,49770" machi="102" ten="30,8000,1" yaku="19,1,11,1,52,2,54,1" doraHai="20" who="0" fromWho="2" sc="274,80,241,0,224,-80,261,0" owari="354,46.0,241,-16.0,144,-36.0,261,6.0" /></mjloggm>