<mjloggm ver="2.3"><GO type="225" lobby="0"/><UN n0="%E3%82%A2%E3%83%BC%E3%83%8E%E3%83%83%E3%83%84" n1="%E3%83%A2%E3%83%83%E3%83%83%E3%83%83%E3%83%83%E3%83%83%E3%82%B3%E3%82%B9" n2="%64%61%7A%61%69" n3="%62%69%67%6D%6F%75%74%68" dan="16,16,16,16" rate="2204.49,2075.04,2102.00,2112.54" sx="F,M,M,M"/><TAIKYOKU oya="0"/><INIT seed="0,0,0,1,1,50" ten="250,250,250,250" oya="0" hai0="61,135,2,30,69,54,59,53,68,26,15,105,102" hai1="75,133,58,63,60,73,33,34,10,84,113,11,67" hai2="5,46,128,77,21,37,82,134,29,44,24,40,13" hai3="87,0,35,132,100,27,89,31,122,104,55,80,16"/><T129/><D2/><U19/><E133/><V97/><F134/><W81/><G132/><T8/><D135/><U94/><E113/><V6/><F128/><W12/><G0/><T7/><D129/><U39/><E39/><V79/><F46/><W74/><G122/><T17/><D7/><U90/><E75/><V112/><F112/><W131/><G131/><T98/><REACH who="0" step="1"/><D54/><REACH who="0" ten="240,250,250,250" step="2"/><U43/><E43/><V130/><F130/><W57/><G104/><T9/><D9/><U124/><E10/><V70/><F5/><W72/><G81/><T4/><D4/><U32/><E11/><V115/><F6/><W114/><G114/><T101/><D101/><U56/><E124/><V20/><F115/><W48/><G100/><T22/><AGARI ba="0,1" hai="8,15,17,22,26,30,53,59,61,68,69,98,102,105" machi="22" ten="20,18000,2" yaku="1,1,0,1,7,1,52,1,53,2" doraHai="50" doraHaiUra="64" who="0" fromWho="0" sc="240,190,250,-60,250,-60,250,-60" /><INIT seed="0,1,0,5,0,133" ten="430,190,190,190" oya="0" hai0="60,16,78,134,113,8,35,50,39,116,87,96,61" hai1="123,52,13,81,10,4,86,105,36,107,104,70,100" hai2="132,43,62,40,1,108,82,122,29,63,38,3,124" hai3="111,85,32,95,115,44,72,34,126,92,48,98,17"/><T2/><D113/><U79/><E123/><V75/><F122/><W11/><G115/><T33/><D116/><U64/><E36/><V22/><F132/><W97/><G72/><T117/><D117/><U20/><E20/><V19/><F108/><W26/><G111/><T47/><D39/><U90/><E70/><V18/><F29/><W59/><G59/><T106/><D134/><U127/><E64/><V102/><F102/><W89/><G126/><T69/><D106/><U46/><E100/><V25/><F124/><W128/><G128/><T7/><D96/><U58/><E46/><V41/><F38/><W27/><G85/><T83/><D69/><U110/><E110/><V84/><F75/><W56/><G56/><T112/><D112/><U57/><E57/><V103/><F103/><W28/><G27/><T15/><D60/><U9/><E9/><V5/><F5/><W71/><G71/><T109/><D61/><N who="2" m="23050" /><F1/><W93/><G34/><T99/><D99/><U31/><E31/><N who="2" m="17847" /><F3/><W130/><G17/><T67/><D67/><U14/><E127/><V30/><F30/><W76/><G130/><T129/><D129/><U94/><E4/><V51/><F51/><W37/><G37/><T121/><D121/><U65/><E65/><V120/><F120/><W101/><G101/><T45/><D109/><U91/><E10/><V135/><F135/><W80/><G11/><N who="0" m="6271" /><D50/><N who="1" m="30999" /><E104/><V21/><F21/><W23/><G23/><T12/><D2/><U125/><E125/><V53/><F53/><W118/><G118/><T77/><D77/><AGARI ba="1,0" hai="18,19,40,41,43,77,82,84" m="17847,23050" machi="77" ten="30,1000,0" yaku="8,1" doraHai="133" who="2" fromWho="0" sc="430,-13,190,0,190,13,190,0" /><INIT seed="1,0,0,2,3,83" ten="417,190,203,190" oya="1" hai0="21,12,30,0,65,29,108,32,81,45,109,54,23" hai1="55,123,56,71,19,57,14,132,5,15,31,20,111" hai2="34,118,68,46,17,130,86,73,51,37,38,77,60" hai3="47,87,36,58,8,40,91,61,42,22,127,90,59"/><U103/><E123/><V107/><F34/><W102/><G127/><T41/><D65/><U62/><E71/><V112/><F112/><W75/><G75/><T101/><D0/><U133/><E31/><V89/><F118/><W64/><G102/><T121/><D121/><U48/><E103/><V27/><F107/><W50/><G91/><T115/><D115/><U6/><E111/><N who="0" m="42569" /><D32/><U95/><E95/><V76/><F73/><W11/><G36/><N who="0" m="21671" /><D101/><U88/><E88/><V131/><F60/><W97/><G97/><T26/><D81/><U128/><E128/><N who="2" m="49195" /><F68/><W125/><G125/><T80/><D80/><U63/><E48/><V92/><F38/><W44/><G59/><T93/><D93/><U18/><E20/><N who="2" m="13711" /><F37/><W119/><G119/><T120/><D120/><U129/><E129/><V135/><F135/><W70/><G70/><T49/><D12/><U94/><E94/><V98/><F98/><W104/><G104/><T110/><D110/><U99/><E99/><V122/><F122/><W53/><G22/><N who="0" m="15575" /><D30/><U72/><E72/><V52/><AGARI ba="0,0" hai="46,51,52,76,77,86,89,92" m="13711,49195" machi="52" ten="30,4000,0" yaku="19,1,52,1,54,1" doraHai="83" who="2" fromWho="2" sc="417,-10,190,-20,203,40,190,-10" /><INIT seed="2,0,0,4,4,22" ten="407,170,243,180" oya="2" hai0="1,129,44,83,71,78,27,66,81,114,119,4,101" hai1="86,65,43,98,28,95,12,59,54,42,128,110,18" hai2="92,118,67,29,69,30,134,62,6,63,94,50,90" hai3="99,85,70,132,111,127,72,2,104,87,108,52,124"/><V130/><F118/><W51/><G70/><T122/><D114/><U26/><E110/><N who="3" m="42026" /><G2/><T96/><D122/><U45/><E128/><V102/><F130/><W24/><G72/><T115/><D115/><U107/><E107/><V82/><F134/><W48/><G132/><T17/><D129/><U55/><E65/><V75/><F6/><W76/><G51/><T21/><D119/><U40/><E86/><N who="3" m="32778" /><G76/><T49/><D78/><U58/><E45/><V103/><F75/><W23/><G99/><T126/><D126/><U109/><E109/><V7/><F82/><W36/><G36/><T112/><D112/><U33/><E59/><V25/><F50/><W8/><G8/><T121/><D121/><U10/><REACH who="1" step="1"/><E58/><REACH who="1" ten="407,160,243,180" step="2"/><V13/><F67/><W15/><G104/><T113/><D113/><U74/><E74/><V64/><F64/><W123/><G123/><T91/><D44/><U117/><E117/><V61/><F69/><W47/><G15/><T93/><D66/><U68/><E68/><V35/><F13/><W53/><G53/><T88/><D71/><U14/><E14/><V20/><F63/><W19/><AGARI ba="0,1" hai="19,23,24,47,48,52,124,127" m="32778,42026" machi="19" ten="30,4000,0" yaku="14,1,52,1,54,1" doraHai="22" who="3" fromWho="3" sc="407,-10,160,-10,243,-20,180,50" /><INIT seed="3,0,0,5,4,7" ten="397,150,223,230" oya="3" hai0="98,118,83,105,53,9,27,120,47,37,5,23,110" hai1="3,16,50,92,80,99,111,19,33,115,30,41,75" hai2="6,127,44,106,88,24,20,43,68,116,96,81,107" hai3="131,66,59,67,54,72,15,42,61,130,12,18,36"/><W101/><G72/><T121/><D118/><U40/><E115/><V85/><F116/><W73/><G73/><T86/><D110/><U17/><E111/><V122/><F68/><W70/><G101/><T108/><D108/><U28/><E33/><V0/><F127/><W129/><G15/><T112/><D112/><U51/><E75/><V1/><F122/><W62/><G18/><T123/><D98/><U2/><E80/><V125/><F125/><W69/><G12/><T126/><D126/><U79/><E79/><V78/><F6/><W32/><G32/><T35/><D35/><U113/><E113/><V133/><F133/><W97/><G97/><T46/><D105/><U82/><E82/><V84/><F0/><W87/><G87/><T100/><D100/><U90/><E3/><V48/><F96/><W10/><G10/><T132/><D132/><U77/><E77/><V13/><F13/><W135/><G135/><T14/><D53/><U60/><E60/><V56/><F56/><W128/><G128/><T55/><D55/><U76/><E76/><V34/><F1/><W22/><G22/><T134/><D134/><U95/><E2/><V94/><F34/><W71/><G61/><T102/><D102/><U93/><E99/><V119/><F119/><W109/><G109/><T57/><D121/><U74/><E74/><V21/><F21/><W11/><G11/><T31/><D120/><U117/><E117/><V104/><F104/><W91/><G91/><N who="0" m="51679" /><D123/><U63/><E63/><V29/><AGARI ba="0,0" hai="20,24,29,43,44,48,78,81,84,85,88,94,106,107" machi="29" ten="20,2700,0" yaku="0,1,7,1,54,1" doraHai="7" who="2" fromWho="2" sc="397,-7,150,-7,223,27,230,-13" owari="390,49.0,143,-36.0,250,5.0,217,-18.0" /></mjloggm>