<mjloggm ver="2.3"><GO type="169" lobby="0"/><UN n0="%E3%81%A1%E3%82%83%E3%81%93%E3%81%93" n1="%EF%BC%93%E7%95%AA%E3%82%B7%E3%83%A7%E3%83%BC%E3%83%88%E5%9D%82%E7%94%B0" n2="%E3%81%8B%E3%81%A5%E3%81%8D%EF%BC%B8%EF%BC%A9" n3="%41%2E%4B%39%6D%65%63" dan="16,17,16,18" rate="2161.29,2173.76,2099.82,2300.04" sx="F,M,M,M"/><TAIKYOKU oya="0"/><INIT seed="0,0,0,2,0,67" ten="250,250,250,250" oya="0" hai0="44,68,110,57,29,58,21,78,2,7,5,74,111" hai1="102,73,120,34,133,17,59,64,97,125,75,49,45" hai2="85,12,122,33,1,126,107,130,20,50,117,40,91" hai3="93,99,89,8,26,128,96,79,71,6,0,25,55"/><T22/><D44/><U98/><E120/><V131/><F107/><W100/><G128/><N who="2" m="49193" /><F1/><W30/><G79/><T127/><D127/><U15/><E34/><V61/><F122/><W83/><G83/><T35/><D78/><U116/><E116/><V27/><F61/><W90/><G26/><N who="0" m="18871" /><D74/><U132/><E125/><V72/><F72/><N who="1" m="27721" /><E59/><V124/><F33/><W41/><G41/><T87/><D87/><U37/><E64/><V114/><F12/><W94/><G55/><T46/><D46/><U43/><E37/><V92/><F114/><W51/><G51/><T109/><D58/><U4/><E4/><N who="0" m="1609" /><D2/><U65/><E65/><V48/><F117/><W108/><G108/><T39/><D39/><U103/><E98/><V101/><F101/><W106/><G106/><T42/><D42/><U52/><E43/><V81/><F81/><W53/><G53/><T69/><D57/><U82/><E97/><V54/><F40/><W38/><G38/><T77/><D77/><U18/><E82/><V63/><F63/><W76/><G76/><T47/><D47/><U118/><E118/><V31/><F48/><W70/><G100/><T105/><D105/><U66/><E102/><V3/><F3/><W10/><G10/><T119/><D119/><U14/><E103/><V113/><F113/><W135/><G135/><N who="1" m="51786" /><E66/><V80/><F80/><W23/><AGARI ba="0,0" hai="0,6,8,23,25,30,70,71,89,90,93,94,96,99" machi="23" ten="20,8000,1" yaku="0,1,7,1,9,1,52,2" doraHai="67" who="3" fromWho="3" sc="250,-40,250,-20,250,-20,250,80" /><INIT seed="1,0,0,4,3,15" ten="210,230,230,330" oya="1" hai0="131,40,102,32,121,74,10,108,72,29,20,85,111" hai1="92,58,76,133,69,112,2,135,36,41,91,8,17" hai2="105,5,6,1,77,113,25,37,66,14,39,26,129" hai3="59,7,30,21,63,60,110,122,115,62,104,12,50"/><U70/><E112/><V80/><F105/><W93/><G104/><T128/><D32/><U19/><E76/><V65/><F1/><W99/><G122/><T98/><D40/><U49/><E36/><V124/><F113/><W90/><G115/><T4/><D29/><U82/><E82/><V0/><F0/><W55/><G110/><N who="0" m="42027" /><D20/><U11/><E58/><V13/><F124/><W120/><G120/><T87/><D10/><N who="1" m="3627" /><E2/><V100/><F100/><W123/><G123/><T81/><D4/><U103/><E103/><V126/><F126/><W79/><G79/><N who="0" m="44263" /><D74/><U3/><E3/><V73/><F73/><W75/><G75/><T16/><D16/><N who="1" m="6219" /><E49/><V83/><F77/><W119/><G119/><T54/><D121/><U51/><E51/><V53/><F37/><W31/><G21/><T117/><D117/><U88/><E41/><V95/><F39/><W56/><G56/><T33/><D33/><U86/><E91/><V101/><F101/><W89/><G89/><T57/><D57/><U68/><E88/><V43/><F43/><W134/><G12/><T78/><D78/><U22/><E22/><V116/><F14/><W61/><G50/><T109/><D109/><U47/><E47/><V125/><F13/><W114/><G114/><T28/><D54/><U9/><N who="1" m="3635" /><U118/><DORA hai="64" /><E118/><V46/><F53/><W27/><G55/><T18/><D102/><U24/><E24/><V106/><F46/><W23/><G59/><T84/><D128/><U44/><E44/><V96/><F116/><W38/><N who="3" m="15360" /><DORA hai="34" /><W71/><G38/><T35/><D131/><RYUUKYOKU ba="0,0" sc="210,-10,230,30,230,-10,330,-10" hai1="68,69,70,86,92,133,135" /><INIT seed="1,1,0,1,5,59" ten="200,260,220,320" oya="1" hai0="119,123,51,12,84,46,52,121,114,105,38,58,55" hai1="108,47,56,83,91,104,5,53,127,15,70,111,92" hai2="126,22,79,27,28,68,4,131,96,65,116,101,64" hai3="40,44,16,54,135,21,80,118,66,77,134,67,117"/><U112/><E104/><V98/><F116/><N who="3" m="44651" /><G54/><T88/><D105/><U82/><E112/><V81/><F126/><W85/><G44/><T17/><D114/><U35/><E35/><V132/><F131/><W95/><G40/><T30/><D30/><U102/><E70/><V9/><F132/><N who="3" m="50731" /><G95/><N who="0" m="54663" /><D119/><U128/><E128/><V2/><F68/><W69/><G69/><T43/><D55/><U14/><E47/><V57/><F98/><W133/><N who="3" m="50739" /><W7/><DORA hai="19" /><G7/><T31/><D31/><U13/><E127/><V125/><F125/><W48/><G48/><N who="0" m="30983" /><D38/><U120/><E5/><V75/><REACH who="2" step="1"/><F57/><REACH who="2" ten="200,260,210,320" step="2"/><W0/><G0/><T45/><D45/><U26/><E56/><V3/><F3/><W103/><G103/><T130/><D130/><U74/><E102/><V61/><F61/><W113/><G113/><T60/><D60/><U107/><E107/><AGARI ba="1,1" hai="2,4,9,22,27,28,64,65,75,79,81,96,101,107" machi="107" ten="30,8000,1" yaku="1,1,7,1,52,1,53,2" doraHai="59,19" doraHaiUra="25,72" who="2" fromWho="1" sc="200,0,260,-83,210,93,320,0" /><INIT seed="2,0,0,1,0,46" ten="200,177,303,320" oya="2" hai0="43,53,44,109,67,106,23,25,50,130,39,93,132" hai1="13,33,2,27,29,42,99,81,126,75,123,21,12" hai2="49,57,38,0,79,94,122,125,58,77,26,84,119" hai3="64,37,120,95,92,97,124,101,116,68,7,80,41"/><V16/><F38/><W17/><G7/><T32/><D109/><U127/><E99/><V66/><F0/><W86/><G116/><T10/><D106/><U91/><E91/><N who="2" m="53607" /><F122/><W11/><G120/><T15/><D130/><U4/><E81/><V129/><F125/><N who="1" m="47625" /><E75/><V88/><F129/><W18/><G124/><T76/><D132/><U134/><E42/><V5/><F5/><W74/><G74/><T55/><D32/><U56/><E56/><V51/><F119/><W70/><G95/><T103/><D76/><N who="2" m="29258" /><F88/><W20/><G80/><T59/><D39/><U102/><E102/><V72/><F72/><W19/><G86/><T24/><D103/><U83/><E83/><V30/><F30/><W135/><G37/><T52/><D93/><U45/><E123/><V73/><F73/><W90/><G90/><T40/><D23/><U61/><E134/><V48/><F66/><W105/><G64/><T60/><REACH who="0" step="1"/><D40/><REACH who="0" ten="190,177,303,320" step="2"/><U89/><E33/><V133/><F133/><W62/><G41/><T115/><D115/><U28/><E21/><AGARI ba="0,1" hai="16,21,26,48,49,51,57,58" m="29258,53607" machi="21" ten="30,12000,1" yaku="8,1,52,3,54,1" doraHai="46" who="2" fromWho="1" sc="190,0,177,-120,303,130,320,0" /><INIT seed="2,1,0,4,1,66" ten="190,57,433,320" oya="2" hai0="92,4,31,44,2,49,79,10,97,50,32,25,132" hai1="113,108,39,36,61,21,48,89,75,1,90,112,11" hai2="64,71,16,131,126,38,104,133,73,19,102,5,59" hai3="15,134,46,117,82,27,111,65,45,110,42,43,91"/><V30/><F73/><W100/><G117/><T118/><D118/><U128/><E75/><V6/><F38/><W130/><G100/><T0/><D0/><U114/><E21/><V67/><F59/><W81/><G15/><T85/><D132/><U98/><E61/><V3/><F30/><W47/><G130/><T127/><D127/><U69/><E48/><V9/><F126/><W23/><G65/><T93/><D93/><U63/><E63/><V12/><F133/><W62/><G62/><T8/><D8/><U26/><E26/><V88/><F131/><W119/><G119/><T121/><D121/><U18/><E18/><V86/><F102/><W7/><G7/><T80/><D44/><U40/><E40/><N who="3" m="15402" /><G134/><T106/><D106/><U120/><E11/><V54/><F104/><W17/><G91/><AGARI ba="1,0" hai="2,4,10,25,31,32,49,50,79,80,85,91,92,97" machi="91" ten="30,1000,0" yaku="7,1" doraHai="66" who="0" fromWho="3" sc="190,13,57,0,433,0,320,-13" /><INIT seed="3,0,0,1,4,104" ten="203,57,433,307" oya="3" hai0="92,115,73,50,14,109,20,45,18,86,131,123,4" hai1="119,117,36,66,91,51,118,44,134,97,87,33,54" hai2="132,98,58,53,1,21,88,67,75,35,102,85,71" hai3="112,19,43,13,121,62,16,110,12,76,47,24,135"/><W107/><G112/><T22/><D123/><U57/><E33/><V96/><F35/><W52/><G121/><T79/><D109/><U129/><E97/><V7/><F71/><W116/><G116/><T69/><D69/><U5/><E129/><V65/><F75/><W3/><G3/><T42/><D131/><U111/><E111/><V32/><F32/><W17/><G107/><T105/><D105/><U84/><E134/><V26/><F7/><W29/><G110/><T126/><D126/><U25/><E5/><V80/><F1/><W38/><G135/><T114/><D92/><U130/><E130/><V127/><F127/><W55/><G76/><T27/><D4/><U100/><E100/><V81/><F81/><W60/><G60/><T48/><D48/><U124/><E124/><V128/><F128/><W101/><G101/><T125/><D125/><U89/><E25/><V133/><F133/><W34/><REACH who="3" step="1"/><G62/><REACH who="3" ten="203,57,433,297" step="2"/><T108/><D108/><U31/><E118/><V39/><F102/><W70/><G70/><T41/><D114/><U2/><E119/><V40/><F132/><W0/><G0/><T72/><D115/><U95/><E2/><V99/><F67/><W6/><G6/><T82/><REACH who="0" step="1"/><D41/><REACH who="0" ten="193,57,433,297" step="2"/><U63/><E117/><V10/><F40/><W59/><G59/><T94/><D94/><N who="1" m="54567" /><E36/><V9/><F39/><W122/><G122/><T120/><D120/><U90/><E90/><V93/><F93/><W77/><G77/><T56/><D56/><U106/><E106/><V83/><F58/><W103/><G103/><T15/><D15/><AGARI ba="0,2" hai="12,13,15,16,17,19,24,29,34,38,43,47,52,55" machi="15" ten="40,18000,2" yaku="1,1,54,2,53,3" doraHai="104" doraHaiUra="11" who="3" fromWho="0" sc="193,-180,57,0,433,0,297,200" /><INIT seed="3,1,0,0,4,83" ten="13,57,433,497" oya="3" hai0="37,87,10,103,81,56,84,88,133,74,89,111,101" hai1="39,90,47,41,109,59,30,126,96,99,119,53,62" hai2="6,72,1,104,13,45,112,28,15,95,73,67,86" hai3="85,60,66,123,78,16,94,48,80,71,121,22,52"/><W32/><G32/><T9/><D37/><U36/><E109/><V124/><F104/><W108/><G108/><T97/><D111/><U98/><E126/><V34/><F67/><W38/><G38/><T0/><D0/><U114/><E114/><V93/><F112/><W132/><G94/><N who="0" m="54535" /><D74/><U77/><E77/><V12/><F124/><W25/><G132/><T19/><D133/><U69/><E119/><V110/><F110/><W54/><G54/><T43/><D43/><U113/><E113/><V120/><F120/><W49/><G49/><T107/><D107/><U35/><E36/><V115/><F115/><W118/><G118/><T135/><D135/><U125/><E125/><V8/><F45/><AGARI ba="1,0" hai="16,22,25,45,48,52,60,66,71,78,80,85,121,123" machi="45" ten="30,11600,0" yaku="7,1,52,1,54,2" doraHai="83" who="3" fromWho="2" sc="13,0,57,0,433,-119,497,119" /><INIT seed="3,2,0,5,1,44" ten="13,57,314,616" oya="3" hai0="50,9,106,117,23,74,39,127,124,82,84,111,98" hai1="109,81,133,72,101,91,51,71,79,17,92,48,129" hai2="7,125,110,115,93,135,108,120,107,116,36,42,22" hai3="28,11,69,85,100,26,119,40,1,12,80,52,3"/><W94/><G119/><T18/><D117/><U68/><E109/><V45/><F107/><W121/><G121/><T57/><D111/><U10/><E133/><V20/><F115/><W77/><G69/><T8/><D39/><U130/><E101/><V33/><F33/><W54/><G40/><T60/><D74/><U131/><E71/><V122/><F93/><W25/><G3/><T86/><D98/><N who="1" m="57631" /><E68/><V128/><F7/><W97/><G1/><T21/><D106/><U2/><E17/><V0/><F0/><W64/><G64/><T43/><D60/><U132/><E132/><V34/><F135/><W47/><G47/><N who="0" m="25983" /><D57/><U67/><E67/><V38/><F45/><W126/><G126/><N who="0" m="48171" /><D86/><U73/><E73/><V112/><F125/><W104/><G104/><T89/><D23/><U29/><E29/><V31/><F22/><N who="3" m="15415" /><G26/><AGARI ba="2,0" hai="8,9,18,21,26,82,84,89" m="48171,25983" machi="26" ten="30,2000,0" yaku="18,1,52,1" doraHai="44" who="0" fromWho="3" sc="13,26,57,0,314,0,616,-26" /><INIT seed="4,0,0,0,1,30" ten="39,57,314,590" oya="0" hai0="103,6,49,17,5,11,111,116,108,14,90,10,39" hai1="117,77,48,21,122,41,22,63,101,109,134,47,110" hai2="59,75,54,50,15,133,43,16,100,132,102,114,124" hai3="64,85,115,123,61,53,91,38,42,87,106,46,35"/><T33/><D39/><U86/><E117/><V45/><F75/><W44/><G106/><T76/><D103/><U104/><E122/><V72/><F114/><W65/><G35/><T113/><D76/><U55/><E134/><N who="2" m="51819" /><F72/><W28/><G28/><T107/><D107/><U29/><E104/><V130/><F130/><W83/><G115/><T98/><D116/><U79/><E101/><V80/><F80/><W20/><G20/><N who="1" m="7786" /><E29/><V69/><F69/><W4/><G4/><N who="0" m="1643" /><D113/><U78/><E110/><N who="0" m="42025" /><D49/><N who="1" m="26863" /><E63/><N who="2" m="36343" /><F124/><W57/><G123/><T105/><D105/><U58/><E109/><V112/><F112/><W9/><G61/><T128/><D33/><U125/><E125/><V88/><F88/><W37/><G37/><T66/><D128/><U12/><E12/><V82/><F82/><AGARI ba="0,0" hai="48,55,58,77,78,79,82,86" m="26863,7786" machi="82" ten="30,1000,0" yaku="8,1" doraHai="30" who="1" fromWho="2" sc="39,0,57,10,314,-10,590,0" /><INIT seed="5,0,0,5,5,131" ten="39,67,304,590" oya="1" hai0="17,7,38,28,27,26,76,51,116,71,123,19,92" hai1="10,98,43,127,67,96,72,32,62,88,104,21,0" hai2="5,2,129,22,100,115,31,109,14,20,47,6,13" hai3="60,29,44,42,112,94,77,81,36,87,125,53,84"/><U37/><E32/><V50/><F109/><W65/><G112/><T113/><D116/><U23/><E72/><V82/><F129/><W69/><G125/><T41/><D38/><U40/><E127/><V111/><F111/><W54/><G29/><T49/><D71/><U8/><E104/><V61/><F61/><W107/><G107/><T9/><D123/><U133/><E133/><V66/><F66/><W34/><G34/><T97/><D76/><U128/><E128/><V121/><F121/><W114/><G114/><T57/><D49/><U15/><E0/><V48/><F100/><W4/><G4/><N who="2" m="1641" /><F2/><W33/><G33/><T12/><D113/><U56/><E37/><V30/><F82/><W108/><G108/><T110/><D110/><U1/><E1/><V18/><F50/><W64/><G64/><T16/><D28/><N who="2" m="10794" /><F115/><W46/><G46/><N who="0" m="26063" /><D57/><U24/><E40/><N who="2" m="24679" /><F22/><W70/><G70/><T78/><D78/><U120/><E43/><V101/><F101/><AGARI ba="0,0" hai="7,9,12,16,17,19,26,27,92,97,101" m="26063" machi="101" ten="30,2000,0" yaku="8,1,54,1" doraHai="131" who="0" fromWho="2" sc="39,20,67,0,304,-20,590,0" /><INIT seed="6,0,0,3,0,120" ten="59,67,284,590" oya="2" hai0="71,1,111,33,7,128,22,108,99,98,95,9,60" hai1="57,101,74,47,127,56,126,93,59,51,48,27,132" hai2="37,43,100,0,26,131,124,116,20,91,134,28,125" hai3="44,73,65,21,81,94,46,80,38,82,30,32,50"/><V89/><F0/><W64/><G32/><T121/><D98/><N who="1" m="59599" /><E74/><V107/><F116/><W86/><G38/><T110/><D121/><U29/><E132/><V87/><F134/><W18/><G30/><T62/><D33/><U118/><E118/><V40/><F131/><W68/><G68/><T84/><D84/><U117/><E117/><V79/><F79/><W66/><G73/><T31/><D71/><U129/><E129/><V13/><F13/><N who="3" m="9423" /><G50/><T115/><D115/><U119/><E119/><V15/><F15/><W55/><G55/><T102/><REACH who="0" step="1"/><D128/><REACH who="0" ten="49,67,284,590" step="2"/><U135/><E135/><V90/><F87/><W12/><G12/><T67/><D67/><U75/><E75/><V36/><F36/><W24/><G24/><AGARI ba="0,1" hai="1,7,9,22,24,31,60,62,95,99,102,108,110,111" machi="24" ten="40,8000,1" yaku="1,1,52,3,53,1" doraHai="120" doraHaiUra="4" who="0" fromWho="3" sc="49,90,67,0,284,0,590,-80" /><INIT seed="7,0,0,0,1,81" ten="139,67,284,510" oya="3" hai0="61,106,125,95,116,70,51,85,75,90,108,92,77" hai1="62,135,17,66,12,11,133,4,16,101,52,24,23" hai2="41,27,37,54,114,57,28,68,29,84,9,58,3" hai3="19,49,110,113,71,127,18,131,82,111,129,42,1"/><W26/><G71/><T123/><D116/><U121/><E101/><V53/><F68/><W32/><G1/><T34/><D108/><N who="3" m="41513" /><G113/><T100/><D34/><U88/><E121/><V83/><F114/><W130/><G127/><T5/><D5/><U2/><E66/><V63/><F37/><W86/><G42/><T10/><D10/><N who="1" m="6167" /><E88/><V0/><F41/><W104/><G104/><T47/><D123/><U119/><E62/><V103/><F103/><W102/><G49/><T107/><D125/><U48/><E52/><V46/><F46/><W45/><G45/><T87/><D61/><U78/><E48/><V76/><F29/><N who="3" m="19511" /><G102/><T118/><D70/><U38/><E78/><AGARI ba="0,0" hai="18,19,78,82,86,129,130,131" m="19511,41513" machi="78" ten="40,7700,0" yaku="19,1,10,1,52,1" doraHai="81" who="3" fromWho="1" sc="139,0,67,-77,284,0,510,77" owari="139,-26.0,-10,-51.0,284,8.0,587,69.0" /></mjloggm>