<mjloggm ver="2.3"><GO type="169" lobby="0"/><UN n0="%E5%B0%8F%E6%B1%A0%E7%BE%8E%E6%B3%A2%E2%8A%BF" n1="%E3%82%82%E3%83%BC%E3%82%8A%E3%83%BC" n2="%E3%81%8B%E3%81%A4%E3%81%A9%E3%82%93" n3="%48%2E%4D%65%74%61%6C" dan="16,16,17,16" rate="2129.56,2185.45,2223.57,2024.86" sx="F,M,F,M"/><TAIKYOKU oya="0"/><INIT seed="0,0,0,2,0,98" ten="250,250,250,250" oya="0" hai0="111,15,84,100,124,28,97,94,56,131,16,113,75" hai1="125,116,53,115,114,66,77,0,24,95,70,38,54" hai2="88,25,40,109,110,12,69,50,48,7,119,127,107" hai3="29,108,92,57,47,36,101,134,45,59,126,129,37"/><T20/><D113/><U99/><E38/><V27/><F107/><W65/><G29/><T81/><D75/><U1/><E116/><V58/><F69/><W74/><G74/><T52/><D131/><U11/><E77/><V117/><F127/><W3/><G3/><T63/><D124/><U51/><E125/><V102/><F102/><W82/><G126/><T123/><D123/><U93/><E24/><N who="2" m="9291" /><F58/><W35/><G35/><T60/><D111/><N who="2" m="42506" /><F88/><W23/><G82/><T26/><D63/><U132/><E51/><N who="2" m="19499" /><F40/><W120/><G108/><T85/><REACH who="0" step="1"/><D81/><REACH who="0" ten="240,250,250,250" step="2"/><U91/><E115/><V41/><F41/><W62/><G62/><T128/><D128/><U80/><E114/><V17/><F7/><W10/><G129/><T30/><D30/><U43/><E43/><V4/><F4/><W8/><G37/><T112/><D112/><U118/><E80/><V72/><F72/><W18/><G36/><T104/><D104/><U13/><E118/><V9/><AGARI ba="0,1" hai="9,12,17,117,119" m="19499,42506,9291" machi="9" ten="40,1500,0" yaku="14,1" doraHai="98" who="2" fromWho="2" sc="240,-7,250,-4,250,25,250,-4" /><INIT seed="1,0,0,2,4,49" ten="233,246,275,246" oya="1" hai0="1,80,125,97,69,121,112,81,126,6,63,32,68" hai1="31,87,75,94,12,23,18,9,104,84,92,67,107" hai2="43,99,101,36,95,77,124,86,129,4,33,53,88" hai3="27,61,41,78,106,90,132,64,111,51,46,82,122"/><U28/><E75/><V40/><F33/><W21/><G122/><T133/><D112/><U38/><E38/><V71/><F71/><W117/><G111/><T22/><D32/><U52/><E67/><V39/><F129/><W34/><G132/><T47/><D133/><U135/><E135/><V72/><F124/><W20/><G106/><T30/><D121/><U62/><E104/><N who="2" m="63551" /><F4/><W7/><G90/><T108/><D97/><U116/><E107/><V120/><F120/><W24/><G117/><T13/><D1/><U3/><E116/><V79/><F79/><W44/><G44/><T35/><D35/><U96/><E3/><V118/><F118/><W130/><G130/><T123/><D123/><U66/><E66/><V15/><F15/><W76/><G7/><T65/><D69/><U60/><E60/><V70/><F70/><W42/><G42/><N who="2" m="15913" /><F53/><W127/><G127/><T102/><D6/><U14/><E94/><V105/><F105/><W55/><G41/><T45/><D13/><U89/><E31/><V26/><F26/><W83/><G34/><T74/><D30/><U131/><E131/><V114/><F114/><W59/><G27/><T56/><D68/><U0/><E0/><V119/><F119/><W11/><G11/><T110/><D126/><U37/><E37/><V2/><F2/><W85/><REACH who="3" step="1"/><G24/><REACH who="3" ten="233,246,275,236" step="2"/><T128/><D125/><U57/><E28/><V5/><F5/><AGARI ba="0,1" hai="5,9,12,14,18,23,52,57,62,84,87,89,92,96" machi="5" ten="30,11600,0" yaku="7,1,8,1,52,1,54,1" doraHai="49" who="1" fromWho="2" sc="233,0,246,126,275,-116,236,0" /><INIT seed="1,1,0,0,5,7" ten="233,372,159,236" oya="1" hai0="66,124,34,49,119,63,47,41,65,57,122,67,91" hai1="111,126,95,28,90,96,45,37,83,82,43,84,33" hai2="97,38,8,128,101,50,117,11,110,61,115,52,93" hai3="51,92,129,39,121,35,79,46,70,98,59,134,56"/><U1/><E126/><V87/><F117/><W123/><G35/><T13/><D34/><U32/><E1/><V80/><F38/><W54/><G70/><T100/><D119/><U25/><E111/><V19/><F110/><W120/><G134/><T135/><D100/><U76/><E83/><V40/><F128/><W118/><G129/><T21/><D135/><U125/><E125/><V104/><F115/><W103/><G118/><T20/><D124/><U24/><E24/><V5/><F104/><W99/><G39/><T68/><D122/><U86/><REACH who="1" step="1"/><E33/><REACH who="1" ten="233,362,159,236" step="2"/><V105/><F105/><W17/><G121/><T53/><D13/><U27/><E27/><V113/><F113/><W29/><G123/><T64/><REACH who="0" step="1"/><D91/><REACH who="0" ten="223,362,159,236" step="2"/><U10/><E10/><V69/><F8/><W88/><G120/><T18/><D18/><U0/><E0/><V77/><F11/><W133/><G17/><T109/><D109/><U108/><E108/><V62/><F19/><W31/><G133/><T131/><D131/><U36/><E36/><AGARI ba="1,2" hai="20,21,36,41,47,49,53,57,63,64,65,66,67,68" machi="36" ten="40,5200,0" yaku="1,1,24,2,53,0" doraHai="7" doraHaiUra="9" who="0" fromWho="1" sc="223,75,362,-55,159,0,236,0" /><INIT seed="2,0,0,0,2,100" ten="298,307,159,236" oya="2" hai0="89,35,86,14,46,81,134,30,23,127,128,77,120" hai1="125,115,63,39,94,69,6,68,91,0,55,99,12" hai2="122,113,9,109,27,67,123,40,1,62,133,10,41" hai3="43,59,118,97,92,15,47,111,124,66,44,65,110"/><V107/><F113/><W103/><G118/><T57/><D120/><U37/><E115/><V54/><F133/><W70/><G70/><T25/><D134/><U101/><E0/><V85/><F54/><W4/><G124/><T104/><D104/><U18/><E6/><V36/><F85/><W117/><G117/><T28/><D128/><U50/><E125/><V108/><F27/><W126/><G126/><T116/><D127/><U29/><E29/><V64/><F1/><W87/><G87/><T102/><D102/><U24/><E69/><V132/><F132/><W112/><G112/><T5/><D35/><U114/><E24/><V121/><F36/><W22/><G47/><T17/><D46/><U20/><E114/><V93/><F93/><W19/><G59/><T16/><D5/><U45/><E68/><V42/><F107/><W26/><G4/><T74/><D57/><U11/><E63/><V130/><F130/><W33/><G33/><T84/><D74/><U3/><E3/><V7/><F7/><W53/><G53/><T51/><D51/><U52/><E55/><V61/><F61/><W83/><G83/><T135/><D135/><U71/><E71/><N who="2" m="42391" /><F67/><N who="3" m="25611" /><G26/><T76/><D116/><U56/><E45/><V90/><F90/><W2/><G2/><T8/><REACH who="0" step="1"/><D77/><REACH who="0" ten="288,307,159,236" step="2"/><U106/><REACH who="1" step="1"/><E11/><REACH who="1" ten="288,297,159,236" step="2"/><V21/><F21/><W131/><G131/><T80/><AGARI ba="0,2" hai="8,14,16,17,23,25,28,30,76,80,81,84,86,89" machi="80" ten="20,12000,2" yaku="1,1,2,1,0,1,7,1,8,1,54,1,53,0" doraHai="100" doraHaiUra="98" who="0" fromWho="0" sc="288,140,297,-30,159,-60,236,-30" /><INIT seed="3,0,0,5,5,94" ten="428,267,99,206" oya="3" hai0="118,81,15,106,24,117,132,31,56,23,5,78,71" hai1="134,10,54,16,108,65,116,109,28,13,43,130,0" hai2="40,133,105,17,95,75,48,68,3,69,77,90,113" hai3="9,64,37,25,85,12,80,114,83,97,104,44,127"/><W46/><G114/><T30/><D71/><U58/><E134/><V122/><F113/><W1/><G1/><T112/><D106/><U39/><E65/><V93/><F3/><W2/><G2/><T101/><D31/><U120/><E120/><V47/><F105/><W33/><G64/><T89/><D101/><U52/><E0/><V21/><F133/><W70/><G70/><T67/><D132/><U42/><E130/><V4/><F4/><W73/><G73/><T98/><D112/><U82/><E54/><V76/><F95/><W51/><G37/><T20/><D78/><U32/><E82/><V96/><F122/><W102/><G127/><T99/><D118/><U115/><E115/><V19/><F19/><W26/><G44/><T11/><D23/><U7/><E7/><V88/><F76/><W22/><G22/><T60/><D117/><U123/><E39/><V124/><F124/><W61/><G61/><T129/><D129/><U103/><E103/><V50/><F50/><W100/><G100/><T34/><D34/><U72/><E72/><V57/><F57/><W126/><G126/><T62/><D60/><N who="1" m="35911" /><E116/><V79/><F79/><N who="3" m="46239" /><G83/><T66/><D67/><U74/><E74/><V41/><F90/><W91/><G91/><T38/><D38/><U36/><E36/><V29/><F69/><W63/><G63/><T125/><D125/><U27/><E123/><V18/><F68/><W119/><G119/><T135/><D135/><U49/><E49/><V87/><F75/><W110/><G33/><T35/><D35/><U55/><E55/><V14/><F48/><RYUUKYOKU ba="0,0" sc="428,15,267,15,99,-15,206,-15" hai0="5,11,15,20,24,30,56,62,66,81,89,98,99" hai1="10,13,16,27,28,32,42,43,108,109" /><INIT seed="4,1,0,2,4,134" ten="443,282,84,191" oya="0" hai0="25,24,107,13,101,90,43,98,109,123,18,48,73" hai1="41,135,37,38,39,44,112,111,14,82,100,103,115" hai2="67,80,91,23,60,130,88,85,97,83,4,133,70" hai3="129,59,17,121,36,28,102,62,42,69,3,52,34"/><T71/><D123/><U124/><E111/><V2/><F133/><W79/><G3/><T65/><D73/><U54/><E135/><V35/><F35/><W51/><G79/><T46/><D109/><U9/><E82/><V94/><F130/><W26/><G129/><T33/><D90/><U7/><E54/><V128/><F128/><W117/><G117/><T92/><D107/><U76/><E76/><V19/><F83/><W77/><G77/><T84/><D84/><U131/><E131/><V40/><F40/><W58/><G121/><T5/><D5/><U0/><E14/><V11/><F23/><W105/><G17/><T126/><D65/><U63/><E63/><V78/><REACH who="2" step="1"/><F19/><REACH who="2" ten="443,282,74,191" step="2"/><W125/><G34/><T6/><D33/><U86/><E41/><V31/><F31/><W55/><G28/><T119/><D43/><U95/><E112/><V96/><F96/><W12/><G42/><T57/><D18/><U74/><E115/><V21/><F21/><W104/><G36/><T110/><D98/><U64/><E38/><V50/><F50/><W29/><G29/><T20/><D48/><U93/><E39/><V10/><F10/><W27/><G51/><T56/><D20/><U66/><E9/><V118/><F118/><W61/><G62/><T68/><D119/><U1/><E37/><V15/><F15/><W114/><G61/><T89/><D13/><U132/><E132/><V49/><F49/><W75/><G12/><T81/><D81/><U72/><E1/><V127/><F127/><W8/><G125/><T53/><D126/><U22/><E124/><RYUUKYOKU ba="1,1" sc="443,-10,282,-10,74,30,191,-10" hai2="2,4,11,60,67,70,78,80,85,88,91,94,97" /><INIT seed="5,2,1,1,4,94" ten="433,272,104,181" oya="1" hai0="78,110,106,11,30,41,118,92,4,3,67,13,79" hai1="74,68,127,24,56,25,61,107,102,60,50,42,37" hai2="116,49,31,22,95,97,66,90,86,46,35,84,111" hai3="33,48,69,62,120,73,34,5,108,65,96,77,47"/><U125/><E74/><V23/><F116/><W83/><G108/><T45/><D106/><U7/><E7/><V8/><F111/><W119/><G119/><T133/><D118/><U71/><E24/><N who="2" m="16799" /><F35/><W131/><G131/><T29/><D110/><U124/><E25/><V70/><F70/><N who="1" m="26665" /><E102/><V132/><F66/><W53/><G5/><T134/><D67/><U52/><E107/><V89/><F132/><N who="0" m="50794" /><D92/><U100/><E100/><N who="2" m="60479" /><F8/><W16/><G120/><T36/><D3/><U123/><E123/><V75/><F22/><W38/><G38/><T98/><D98/><U21/><E21/><V122/><F75/><W117/><G117/><T54/><D54/><U27/><E27/><V72/><F72/><W58/><G69/><T32/><D32/><U93/><E93/><V82/><F122/><W114/><G96/><T9/><D9/><U113/><E113/><V99/><F99/><W15/><REACH who="3" step="1"/><G114/><REACH who="3" ten="433,272,104,171" step="2"/><T135/><D135/><U55/><E55/><N who="2" m="30135" /><F84/><W17/><G17/><T26/><D4/><U109/><E109/><V28/><F28/><W76/><G76/><AGARI ba="2,2" hai="76,82,86,89,90" m="30135,60479,16799" machi="76" ten="30,2000,0" yaku="8,1,52,1" doraHai="94" who="2" fromWho="3" sc="433,0,272,0,104,46,171,-26" /><INIT seed="6,0,0,3,3,6" ten="433,272,150,145" oya="2" hai0="55,71,23,116,20,113,2,69,60,34,110,134,41" hai1="102,77,112,26,8,97,9,117,79,11,109,38,123" hai2="3,94,103,119,33,18,74,73,10,29,86,83,25" hai3="80,12,115,99,4,44,93,50,114,96,107,70,89"/><V24/><F119/><W135/><G70/><T105/><D34/><U0/><E117/><V30/><F103/><W57/><G135/><T5/><D116/><U106/><E109/><V63/><F94/><W22/><G80/><T13/><D110/><U130/><E0/><V62/><F73/><W15/><G57/><T101/><D2/><U133/><E133/><V67/><F74/><W42/><G22/><T100/><D134/><U124/><E38/><V53/><F53/><W111/><G111/><T1/><D1/><U49/><E124/><V17/><F3/><W118/><G118/><T48/><D41/><U45/><E112/><N who="3" m="43050" /><G4/><T52/><D113/><U98/><E130/><V68/><F62/><W64/><G64/><T85/><D60/><U7/><E7/><V19/><F10/><W51/><G50/><T37/><D48/><U127/><E127/><V95/><F95/><N who="3" m="56431" /><G107/><T91/><D37/><U129/><E129/><V76/><REACH who="2" step="1"/><F17/><REACH who="2" ten="433,272,140,145" step="2"/><W131/><G131/><T82/><D55/><U35/><E98/><V66/><F66/><W120/><G120/><T27/><D52/><U14/><E123/><V47/><F47/><W92/><G93/><T87/><D101/><AGARI ba="0,1" hai="12,15,42,44,51,92,99,101" m="56431,43050" machi="101" ten="30,2000,0" yaku="15,1,11,1" doraHai="6" who="3" fromWho="0" sc="433,-20,272,0,140,0,145,30" /><INIT seed="7,0,0,1,4,19" ten="413,272,140,175" oya="3" hai0="127,102,92,3,9,123,65,13,113,51,66,7,38" hai1="85,72,103,23,133,87,98,115,62,17,31,1,116" hai2="11,48,91,27,58,34,22,49,43,119,24,0,134" hai3="73,10,82,109,15,57,101,29,122,56,20,131,90"/><W117/><G122/><T2/><D38/><U64/><E72/><V70/><F70/><W60/><G117/><T114/><D123/><U25/><E1/><N who="0" m="9" /><D51/><U61/><E115/><N who="0" m="44041" /><D127/><U6/><E133/><V14/><F119/><W95/><G131/><T121/><D121/><U80/><E116/><V84/><F134/><W47/><G47/><T129/><D129/><U16/><E6/><V105/><F105/><W94/><G109/><T40/><D40/><U81/><E87/><V26/><F0/><W71/><G71/><T130/><D130/><U106/><E81/><N who="2" m="49551" /><F34/><W41/><G41/><T132/><D132/><U124/><E124/><V100/><F100/><W59/><G101/><T18/><D7/><U126/><E126/><V79/><F79/><W74/><G60/><T37/><D37/><U96/><E96/><AGARI ba="0,0" hai="9,13,18,65,66,92,96,102" m="44041,9" machi="96" ten="30,2000,0" yaku="15,1,11,1" doraHai="19" who="0" fromWho="1" sc="413,20,272,-20,140,0,175,0" owari="433,53.0,252,5.0,140,-36.0,175,-22.0" /></mjloggm>