<mjloggm ver="2.3"><GO type="225" lobby="0"/><UN n0="%E3%83%96%E3%83%AB%E3%83%BC%E3%83%91%E3%83%B3%E3%83%80" n1="%E7%AB%8B%E8%8F%AF%E5%A5%8F" n2="%E3%81%82%E3%82%89%E3%81%8C%E3%81%8D%E3%81%82%E3%82%84%E3%81%9B" n3="%6E%61%6F%6B%69%33%39" dan="16,16,16,17" rate="2025.63,2125.72,2155.82,2196.70" sx="F,F,F,M"/><TAIKYOKU oya="0"/><INIT seed="0,0,0,4,0,73" ten="250,250,250,250" oya="0" hai0="19,20,89,4,50,103,120,43,84,26,40,67,75" hai1="61,42,15,85,94,21,119,22,68,46,69,59,58" hai2="123,30,93,115,24,90,79,127,129,106,96,41,64" hai3="102,66,81,108,135,112,109,110,33,49,29,6,45"/><T111/><D75/><U105/><E105/><V44/><F123/><W7/><G112/><T56/><D120/><U17/><E119/><V80/><F129/><W57/><G102/><T55/><D111/><U130/><E130/><V87/><F127/><W1/><G1/><T37/><D37/><U8/><E68/><V95/><F115/><W3/><G3/><T113/><D113/><U125/><E69/><V133/><F133/><W62/><G135/><T2/><D103/><U54/><E59/><V107/><F95/><W82/><G29/><T5/><D67/><U126/><E126/><V35/><REACH who="2" step="1"/><F64/><REACH who="2" ten="250,250,240,250" step="2"/><W86/><G33/><T53/><D53/><U51/><E125/><V47/><F47/><W118/><G118/><T18/><D43/><U0/><E0/><V128/><F128/><W77/><G82/><N who="0" m="49303" /><D40/><AGARI ba="0,1" hai="6,7,40,45,49,57,62,66,77,81,86,108,109,110" machi="40" ten="40,2600,0" yaku="14,1,52,1" doraHai="73" who="3" fromWho="0" sc="250,-26,250,0,240,0,250,36" /><INIT seed="1,0,0,4,4,71" ten="224,250,240,286" oya="1" hai0="44,55,36,85,96,24,34,129,116,47,32,90,115" hai1="131,65,124,127,12,62,51,29,109,6,22,114,42" hai2="49,128,31,100,132,63,70,117,98,11,5,81,99" hai3="67,9,121,41,53,10,69,4,66,59,89,46,18"/><U56/><BYE who="0" /><E114/><V80/><F117/><UN n0="%E3%83%96%E3%83%AB%E3%83%BC%E3%83%91%E3%83%B3%E3%83%80" /><W43/><G121/><T111/><D116/><U7/><E131/><V1/><F132/><W54/><G18/><T103/><D115/><U37/><E109/><V133/><F133/><W126/><G126/><N who="1" m="48170" /><E51/><V118/><F118/><W3/><G69/><T52/><D111/><U79/><E79/><V28/><F99/><W77/><G9/><T0/><D0/><U106/><E106/><V60/><F49/><W26/><G26/><T8/><D8/><U75/><E75/><V86/><F128/><W122/><G122/><T94/><D129/><U48/><E48/><V119/><F119/><W2/><G2/><T101/><D101/><U50/><E50/><V58/><F70/><W64/><G77/><T97/><D97/><U88/><E88/><V108/><F81/><W21/><G59/><T68/><D68/><U38/><E42/><V23/><F108/><W20/><G41/><T83/><D47/><U102/><E102/><V74/><F74/><W39/><G89/><T92/><D83/><U105/><E105/><N who="2" m="63639" /><F58/><W93/><G93/><T135/><D135/><U113/><E113/><V95/><F95/><W61/><G61/><N who="2" m="23625" /><F23/><W134/><G134/><T25/><D34/><U76/><E76/><V13/><F1/><W87/><G87/><T27/><REACH who="0" step="1"/><D32/><REACH who="0" ten="214,250,240,286" step="2"/><U19/><E29/><V84/><F80/><W82/><G82/><T91/><D91/><U104/><E104/><V107/><F107/><W35/><G35/><T120/><D120/><U57/><E57/><V123/><F123/><W40/><G40/><AGARI ba="0,1" hai="24,25,27,36,40,44,52,55,85,90,92,94,96,103" machi="40" ten="40,5200,0" yaku="1,1,52,1,54,1,53,0" doraHai="71" doraHaiUra="110" who="0" fromWho="3" sc="214,62,250,0,240,0,286,-52" /><INIT seed="2,0,0,3,1,61" ten="276,250,240,234" oya="2" hai0="56,42,134,71,65,2,70,129,59,128,130,94,133" hai1="80,114,96,100,78,98,37,87,27,93,50,112,25" hai2="8,110,95,9,16,135,38,126,69,121,35,28,4" hai3="84,19,117,15,49,72,11,115,20,132,57,67,10"/><V23/><F38/><W53/><G72/><T52/><D2/><U77/><E37/><V107/><F107/><W127/><G117/><T118/><D94/><U51/><E93/><V68/><F121/><W39/><G39/><T74/><D74/><U62/><E62/><V12/><F135/><N who="0" m="51722" /><D118/><U90/><E87/><V36/><F36/><W54/><G132/><T31/><D31/><U122/><E80/><V41/><F41/><W48/><G115/><T104/><D104/><U40/><E40/><V3/><F126/><W6/><G127/><T119/><D119/><U34/><E100/><V33/><F110/><W113/><G113/><T30/><D30/><U45/><E45/><V46/><F46/><W120/><G120/><T32/><D32/><U5/><E5/><V44/><F44/><W92/><G6/><T105/><D105/><U108/><E108/><V88/><F9/><W13/><G13/><T0/><D0/><U17/><E122/><V43/><F43/><W109/><G109/><T1/><D1/><U82/><E82/><V125/><F125/><W131/><G131/><T101/><D101/><U73/><E73/><V29/><F29/><W60/><G11/><T106/><D106/><U24/><E24/><N who="2" m="18567" /><F35/><W7/><G10/><T14/><D42/><U97/><E34/><V99/><AGARI ba="0,0" hai="3,4,8,12,16,23,68,69,88,95,99" m="18567" machi="99" ten="30,6000,0" yaku="24,1,54,2" doraHai="61" who="2" fromWho="2" sc="276,-20,250,-20,240,60,234,-20" /><INIT seed="2,1,0,5,3,71" ten="256,230,300,214" oya="2" hai0="82,19,117,118,126,89,4,42,21,88,135,67,112" hai1="108,57,106,0,90,44,12,53,132,62,125,116,84" hai2="119,130,107,17,61,78,55,122,32,59,91,39,24" hai3="22,114,58,14,124,87,15,111,128,30,68,23,6"/><V77/><F122/><W41/><G68/><T56/><D112/><U110/><E0/><V64/><F107/><W102/><G102/><T36/><D135/><U113/><E106/><V123/><F123/><W43/><G114/><T25/><D126/><U20/><E113/><V100/><F100/><W10/><G124/><T7/><D67/><U98/><E98/><V29/><F119/><N who="0" m="45578" /><D56/><U26/><E125/><V94/><F130/><W133/><G133/><T45/><D82/><U46/><E12/><V104/><F104/><W121/><G121/><T40/><D40/><U38/><E132/><V18/><F39/><W33/><G33/><T47/><D47/><U73/><E73/><V11/><F64/><W80/><G128/><T34/><D34/><U96/><E96/><V92/><F92/><W93/><G93/><T81/><D81/><N who="1" m="49423" /><E116/><V27/><F11/><W54/><G22/><T86/><D89/><U79/><E79/><V35/><F35/><W101/><G101/><T13/><D13/><U83/><E83/><V3/><F3/><W1/><G1/><T2/><D2/><U115/><E38/><V37/><F37/><W85/><G14/><T16/><D19/><N who="1" m="12575" /><E115/><V134/><F134/><W31/><G85/><T65/><D65/><U5/><E5/><V105/><F105/><W75/><G75/><T97/><D86/><U52/><E53/><V9/><F9/><W69/><G69/><T95/><AGARI ba="1,0" hai="4,7,16,21,25,36,42,45,88,95,97" m="45578" machi="95" ten="30,7900,0" yaku="12,1,52,1,54,2" doraHai="71" who="0" fromWho="0" sc="256,82,230,-21,300,-40,214,-21" /><INIT seed="3,0,0,3,3,33" ten="338,209,260,193" oya="3" hai0="29,51,30,62,52,92,116,38,1,117,94,80,127" hai1="13,27,78,96,42,48,77,5,85,12,23,35,112" hai2="135,24,114,20,40,93,121,16,130,119,100,113,86" hai3="131,49,11,109,102,125,105,21,45,9,8,87,3"/><W4/><G131/><T72/><D38/><U46/><E35/><V128/><F40/><W118/><G118/><T60/><D127/><U50/><E112/><V47/><F47/><W75/><G75/><T2/><D72/><U36/><E36/><V18/><F119/><W110/><G125/><T97/><D80/><N who="1" m="47247" /><E78/><V101/><F121/><W44/><G87/><T84/><D84/><U32/><E32/><V65/><F65/><W14/><G21/><T41/><D41/><U98/><E48/><V39/><F39/><W115/><G115/><T95/><D95/><U37/><E37/><V67/><F67/><W74/><G74/><T90/><D90/><U134/><E134/><V66/><F66/><W43/><G45/><T25/><D25/><U28/><E12/><V19/><F86/><W59/><G59/><T107/><D107/><U133/><E133/><V99/><F101/><W120/><G120/><T81/><D81/><U88/><E88/><V55/><F135/><W69/><G69/><T26/><D26/><U122/><E122/><V10/><F10/><AGARI ba="0,0" hai="5,10,13,23,27,28,42,46,50,96,98" m="47247" machi="10" ten="30,2000,0" yaku="25,1,8,1" doraHai="33" who="1" fromWho="2" sc="338,0,209,20,260,-20,193,0" owari="338,44.0,229,-17.0,240,4.0,193,-31.0" /></mjloggm>