<mjloggm ver="2.3"><GO type="169" lobby="0"/><UN n0="%E8%8F%8A%E7%94%B0%E5%84%AA%E4%B8%80%E9%83%8E" n1="%52%45%49%4E%E6%A3%AE%E4%B9%85%E4%BF%9D%50" n2="%E3%81%97%E3%82%8D%E3%81%9F%E3%82%93%E3%81%8C%E3%81%84%E3%81%84%E3%81%8A" n3="%E6%97%A9%E5%A4%A7%E3%83%80%E3%83%A1%E4%BF%AE%E5%A3%AB" dan="16,16,16,16" rate="2037.46,2132.51,2153.27,2189.34" sx="M,M,M,M"/><TAIKYOKU oya="0"/><INIT seed="0,0,0,4,4,133" ten="250,250,250,250" oya="0" hai0="96,13,103,26,3,44,108,125,70,57,65,67,40" hai1="54,5,122,45,49,80,78,12,73,111,14,120,0" hai2="84,101,119,128,102,90,15,71,28,31,129,48,99" hai3="35,33,106,9,10,76,117,20,98,4,52,89,42"/><T16/><D3/><U116/><E111/><V43/><F71/><W68/><G117/><T126/><D108/><U123/><REACH who="1" step="1"/><E116/><REACH who="1" ten="250,240,250,250" step="2"/><V135/><F119/><W7/><G33/><T8/><D70/><U53/><E53/><V11/><F135/><W83/><G35/><T66/><D26/><U85/><E85/><V86/><F86/><W131/><G68/><T88/><D88/><U91/><E91/><V22/><F90/><W134/><G52/><T21/><D57/><U115/><E115/><V74/><F84/><W30/><G134/><T104/><REACH who="0" step="1"/><D21/><REACH who="0" ten="240,240,250,250" step="2"/><U24/><E24/><V23/><F22/><W95/><G20/><T69/><D69/><U107/><E107/><V64/><F23/><W62/><G106/><T51/><AGARI ba="0,2" hai="8,13,16,40,44,51,65,66,67,96,103,104,125,126" machi="51" ten="30,18000,2" yaku="1,1,0,1,52,2,54,1,53,1" doraHai="133" doraHaiUra="93" who="0" fromWho="0" sc="240,200,240,-60,250,-60,250,-60" /><INIT seed="0,1,0,5,2,37" ten="440,180,190,190" oya="0" hai0="101,15,18,55,38,80,23,117,24,45,106,112,53" hai1="42,16,70,114,49,52,84,44,87,30,57,31,66" hai2="72,60,25,20,51,128,91,88,46,129,93,124,11" hai3="92,47,14,54,90,111,36,83,133,102,59,120,61"/><T103/><D117/><U99/><E114/><V69/><F72/><W74/><G111/><T122/><D122/><U135/><E135/><V29/><F124/><W86/><G133/><T9/><D112/><U116/><E116/><V76/><F76/><W41/><G120/><T19/><D80/><U68/><E99/><V67/><F11/><W107/><G107/><T65/><D65/><U27/><E70/><V3/><F3/><W132/><G132/><T130/><D130/><U33/><E31/><V6/><F6/><W98/><G14/><T94/><D106/><U13/><E66/><V89/><REACH who="2" step="1"/><F93/><REACH who="2" ten="440,180,180,190" step="2"/><W2/><G2/><T82/><D82/><U134/><E68/><V21/><F21/><W108/><G74/><T56/><D94/><U123/><E134/><V73/><F73/><W85/><G108/><T126/><D126/><U77/><E77/><V81/><F81/><W96/><G83/><T48/><REACH who="0" step="1"/><D38/><REACH who="0" ten="430,180,180,190" step="2"/><U64/><E123/><V105/><F105/><W110/><G110/><T131/><D131/><U79/><E79/><V75/><F75/><W113/><G113/><T7/><D7/><U71/><E64/><V5/><F5/><W95/><AGARI ba="1,2" hai="36,41,47,54,59,61,85,86,90,92,95,96,98,102" machi="95" ten="20,2700,0" yaku="0,1,7,1,52,1" doraHai="37" who="3" fromWho="3" sc="430,-14,180,-8,180,-8,190,50" /><INIT seed="1,0,0,2,2,87" ten="416,172,172,240" oya="1" hai0="99,119,39,81,101,57,89,118,30,96,45,98,73" hai1="34,47,10,0,68,70,41,55,71,76,52,27,35" hai2="61,78,131,2,8,37,83,129,111,7,100,21,88" hai3="123,16,114,107,17,85,110,130,48,116,19,22,80"/><U132/><E132/><V12/><F111/><W104/><G123/><T125/><D57/><U15/><E0/><V5/><F37/><W18/><G114/><T49/><D39/><U86/><E27/><V56/><F100/><W115/><G115/><T11/><D11/><U64/><E64/><V36/><F36/><W134/><G110/><T126/><D30/><U124/><E124/><N who="0" m="47721" /><D49/><U50/><E34/><V14/><F21/><W103/><G134/><T58/><D58/><U74/><E74/><V32/><F32/><W54/><G130/><T113/><D45/><U75/><E75/><V59/><F78/><W67/><G67/><T94/><D113/><U84/><E35/><V91/><F83/><W128/><G128/><N who="2" m="49225" /><F56/><W133/><G133/><T121/><D121/><U1/><E1/><V93/><F93/><W23/><G116/><N who="0" m="44587" /><D101/><U20/><E20/><V120/><F120/><W117/><G117/><T44/><D44/><U63/><E63/><V62/><F62/><W24/><G103/><T109/><D109/><U135/><E135/><V77/><F77/><AGARI ba="0,0" hai="73,77,81,89,94,96,98,99" m="44587,47721" machi="77" ten="30,7700,0" yaku="18,1,34,2,52,1" doraHai="87" who="0" fromWho="2" sc="416,77,172,0,172,-77,240,0" /><INIT seed="2,0,0,2,5,46" ten="493,172,95,240" oya="2" hai0="60,104,62,27,76,94,57,20,37,108,107,14,56" hai1="36,124,84,18,103,131,41,126,63,117,61,68,86" hai2="17,65,87,111,16,50,112,99,11,2,40,121,44" hai3="31,77,110,53,78,64,128,70,81,54,66,58,10"/><V8/><F121/><W12/><G110/><T7/><D108/><U72/><E72/><V114/><F111/><W98/><G128/><T39/><D76/><U1/><E1/><V105/><F65/><W25/><G70/><T21/><D14/><U109/><E109/><V6/><F87/><W106/><G98/><T26/><D7/><U52/><E117/><V96/><F96/><W83/><G106/><T85/><D94/><U129/><E18/><V59/><F59/><W43/><G43/><T69/><D85/><U55/><E103/><V80/><F80/><W92/><G92/><T9/><D9/><U29/><E29/><V71/><F71/><AGARI ba="0,0" hai="20,21,26,27,37,39,56,57,60,62,69,71,104,107" machi="71" ten="25,1600,0" yaku="22,2" doraHai="46" who="0" fromWho="2" sc="493,16,172,0,95,-16,240,0" /><INIT seed="3,0,0,4,5,31" ten="509,172,79,240" oya="3" hai0="83,51,111,71,55,84,64,4,70,29,118,85,108" hai1="87,78,2,43,48,8,57,23,41,38,37,129,7" hai2="91,19,99,117,115,100,26,61,74,62,39,79,34" hai3="3,69,95,33,46,112,88,59,72,10,52,25,125"/><W0/><G69/><T9/><D118/><U133/><E133/><V101/><F117/><W36/><G125/><T6/><D29/><U134/><E134/><V96/><F115/><W16/><G72/><T53/><D9/><U121/><E129/><V135/><F39/><W73/><G73/><T15/><D15/><U90/><E78/><V17/><F135/><W92/><G92/><T40/><D40/><U66/><E23/><V82/><F91/><W24/><G33/><T110/><D64/><U102/><E102/><V44/><F44/><W94/><G94/><T81/><D110/><U67/><E121/><V11/><F11/><W18/><G0/><T107/><D51/><U77/><E77/><V27/><F79/><W68/><G68/><T105/><AGARI ba="0,0" hai="4,6,53,55,70,71,81,83,84,85,105,107,108,111" machi="105" ten="25,3200,0" yaku="0,1,22,2" doraHai="31" who="0" fromWho="0" sc="509,32,172,-8,79,-8,240,-16" /><INIT seed="4,0,0,0,4,64" ten="541,164,71,224" oya="0" hai0="71,80,113,117,28,125,8,30,44,132,61,47,119" hai1="75,73,130,45,115,63,60,5,91,135,94,108,23" hai2="55,81,68,67,13,72,111,22,7,6,134,103,93" hai3="26,41,29,121,116,120,49,48,56,4,114,21,100"/><T78/><D113/><U87/><E108/><V101/><F111/><W85/><G116/><T0/><D132/><U52/><E115/><V18/><F134/><W33/><G4/><T62/><D125/><U32/><E32/><V40/><F40/><W83/><G100/><T3/><D80/><U102/><E135/><V24/><F55/><W79/><G114/><T25/><D78/><U19/><E5/><V57/><F68/><W37/><G33/><T70/><D25/><U10/><E10/><AGARI ba="0,0" hai="0,3,8,10,28,30,44,47,61,62,70,71,117,119" machi="10" ten="25,9600,0" yaku="22,2,52,2" doraHai="64" who="0" fromWho="1" sc="541,96,164,-96,71,0,224,0" /><INIT seed="4,1,0,1,4,53" ten="637,68,71,224" oya="0" hai0="63,17,74,3,119,1,44,57,97,69,12,79,46" hai1="93,20,87,60,40,11,0,110,80,71,8,25,32" hai2="66,22,27,129,19,68,18,92,102,51,4,45,73" hai3="132,16,82,38,28,49,90,59,120,98,23,121,124"/><T109/><D119/><U30/><E110/><V54/><F73/><W91/><G38/><T52/><D109/><U35/><E40/><V114/><F114/><W86/><G28/><T31/><D31/><U70/><E93/><V9/><F129/><W2/><G2/><T29/><D29/><U84/><E84/><V14/><F68/><W24/><G124/><T64/><D97/><U62/><E0/><V131/><F131/><W113/><G132/><T100/><D100/><U101/><E101/><V43/><F66/><W125/><G125/><T65/><D65/><U123/><E123/><N who="3" m="47178" /><G113/><T81/><D46/><U26/><E87/><V72/><F72/><W130/><G130/><T37/><D44/><U7/><E30/><V76/><F76/><N who="3" m="46407" /><G98/><T94/><D94/><U116/><E20/><V58/><F92/><W34/><G34/><T111/><D37/><U103/><E103/><V42/><F102/><W99/><G99/><T48/><REACH who="0" step="1"/><D111/><REACH who="0" ten="627,68,71,224" step="2"/><U89/><E116/><V135/><F135/><W85/><G85/><T6/><D6/><U108/><E108/><V122/><F122/><W50/><G90/><T104/><D104/><U39/><E39/><V105/><F105/><W61/><G91/><T133/><D133/><U95/><E89/><V115/><F115/><W13/><G24/><T36/><D36/><U106/><E95/><V112/><F112/><W128/><G128/><T77/><D77/><U56/><E106/><V55/><REACH who="2" step="1"/><F4/><REACH who="2" ten="627,68,61,224" step="2"/><W67/><AGARI ba="1,2" hai="13,16,23,49,50,59,61,67" m="46407,47178" machi="67" ten="30,4000,0" yaku="13,1,52,1,54,1" doraHai="53" who="3" fromWho="3" sc="627,-21,68,-11,61,-11,224,63" /><INIT seed="5,0,0,0,0,77" ten="606,57,50,287" oya="1" hai0="43,24,29,37,6,114,14,42,58,55,67,130,27" hai1="79,57,85,99,54,119,13,45,39,82,51,47,120" hai2="2,111,33,28,44,116,134,106,9,117,71,127,50" hai3="123,12,83,128,95,21,73,53,81,36,107,108,61"/><U40/><E119/><N who="2" m="45643" /><F50/><W69/><G107/><T48/><D114/><U129/><E129/><V118/><F44/><W56/><G73/><T125/><D125/><U25/><E120/><V89/><F89/><W96/><G108/><T98/><D130/><U7/><E25/><N who="0" m="9801" /><D29/><U30/><E30/><V112/><F28/><W5/><G36/><T17/><D6/><U3/><E3/><V92/><F33/><W109/><G109/><T38/><D38/><U68/><E68/><V104/><F71/><W66/><G123/><T59/><D98/><U11/><E99/><V35/><F35/><W46/><G46/><N who="0" m="28055" /><D37/><U80/><E47/><V70/><F111/><W113/><G128/><T76/><D76/><U78/><E80/><V20/><F70/><W101/><G113/><T60/><D59/><U100/><E100/><V86/><F104/><W26/><G12/><T63/><D63/><U132/><REACH who="1" step="1"/><E78/><REACH who="1" ten="606,47,50,287" step="2"/><V105/><F112/><W133/><G69/><T97/><D97/><U18/><E18/><V0/><F2/><W88/><G101/><T121/><D121/><U74/><E74/><V49/><F0/><W34/><G34/><T87/><D87/><U103/><E103/><V84/><F86/><W124/><G96/><T31/><D31/><U41/><E41/><V22/><F84/><W93/><G83/><T72/><D72/><U15/><E15/><V65/><F118/><W19/><G81/><T52/><D43/><U126/><E126/><V131/><F127/><W64/><G124/><T110/><D42/><U10/><E10/><V91/><F131/><W8/><G8/><RYUUKYOKU ba="0,1" sc="606,-10,47,30,50,-10,287,-10" hai1="7,11,13,39,40,45,51,54,57,79,82,85,132" /><INIT seed="5,1,1,4,4,101" ten="596,77,40,277" oya="1" hai0="99,22,15,128,16,23,120,70,3,96,103,50,117" hai1="67,130,21,10,113,105,108,12,62,132,30,72,94" hai2="135,68,75,112,100,77,85,41,134,8,14,32,92" hai3="53,27,104,74,86,116,56,61,47,83,111,123,4"/><U65/><E72/><V5/><F75/><W73/><G111/><T71/><D117/><U42/><E108/><V19/><F68/><W81/><G123/><T1/><D128/><U48/><E105/><V2/><F112/><W28/><G104/><T131/><D131/><U57/><E113/><V0/><F32/><W115/><G115/><T25/><D120/><U90/><E130/><V46/><F100/><W110/><G116/><T52/><D71/><U49/><E132/><N who="2" m="50731" /><F19/><W43/><G4/><T44/><D70/><U9/><E67/><V122/><F122/><W129/><G83/><T39/><D1/><U121/><E121/><V69/><F69/><W60/><G60/><T54/><D3/><U126/><E126/><V45/><F45/><W97/><G97/><N who="0" m="37451" /><D103/><U118/><E118/><V79/><F79/><W58/><G58/><T107/><D39/><U26/><E42/><V11/><F11/><N who="1" m="4105" /><E12/><V17/><F17/><W124/><G110/><T133/><D133/><U76/><E76/><V93/><F93/><W34/><G129/><T95/><D95/><U18/><E30/><V59/><F59/><W102/><G124/><T51/><D107/><U119/><E119/><V80/><F92/><W6/><G102/><T63/><D63/><U13/><E13/><V64/><F64/><W55/><G6/><T109/><D109/><U38/><E38/><AGARI ba="1,1" hai="0,2,5,8,14,38,41,46,77,80,85" m="50731" machi="38" ten="30,1000,0" yaku="20,1" doraHai="101" who="2" fromWho="1" sc="596,0,77,-13,40,23,277,0" /><INIT seed="6,0,0,2,0,108" ten="596,64,63,277" oya="2" hai0="29,13,104,118,7,8,117,121,48,124,75,119,37" hai1="64,101,98,11,131,95,12,103,94,66,28,47,92" hai2="5,105,15,134,99,87,6,55,36,31,19,76,78" hai3="123,34,62,135,2,18,67,97,111,16,86,90,59"/><V14/><F134/><W107/><G111/><T126/><D121/><U82/><E131/><V88/><F36/><W106/><G2/><T114/><D114/><U30/><E47/><V81/><F31/><N who="1" m="11817" /><E82/><V43/><F43/><W72/><G72/><T128/><D128/><U9/><E98/><V77/><F105/><W125/><G34/><T22/><D75/><U41/><E41/><V127/><F127/><W49/><G123/><T4/><D37/><U25/><E25/><V0/><F0/><W120/><G135/><T69/><D69/><U27/><E27/><V23/><F99/><W73/><G73/><T71/><D104/><U42/><E12/><V109/><F109/><W45/><G120/><T93/><D48/><U24/><E24/><V116/><F116/><W100/><G107/><T21/><D93/><U40/><E40/><V110/><F110/><W130/><G130/><T74/><D29/><U129/><E42/><V61/><F15/><W96/><G97/><T53/><D53/><U84/><E84/><V46/><REACH who="2" step="1"/><F46/><REACH who="2" ten="596,64,53,277" step="2"/><W63/><G125/><N who="0" m="48235" /><D119/><U132/><E132/><V133/><F133/><W115/><G45/><T44/><D44/><U10/><E129/><V51/><F51/><W112/><G49/><T56/><D13/><U57/><E57/><AGARI ba="0,1" hai="5,6,14,19,23,55,57,61,76,77,78,81,87,88" machi="57" ten="40,12000,1" yaku="1,1,8,1,54,1,53,1" doraHai="108" doraHaiUra="50" who="2" fromWho="1" sc="596,0,64,-120,53,130,277,0" owari="596,70.0,-56,-56.0,183,-22.0,277,8.0" /></mjloggm>