<mjloggm ver="2.3"><GO type="169" lobby="0"/><UN n0="%E6%B2%96%E3%83%92%E3%82%AB%E3%83%AB%EF%BC%88%E6%9C%AC%E7%89%A9%EF%BC%89" n1="%52%59%4F%40%53%53" n2="%E9%BA%BB%E9%9B%80%E7%A0%94%E7%A9%B6%E9%83%A8" n3="%E3%81%A8%E3%81%B3%E3%81%BE%E3%81%93" dan="16,18,16,16" rate="2081.17,2201.95,2175.87,2094.88" sx="F,M,F,M"/><TAIKYOKU oya="0"/><INIT seed="0,0,0,4,5,14" ten="250,250,250,250" oya="0" hai0="132,117,48,90,22,3,54,72,105,128,125,16,47" hai1="103,77,85,0,131,120,36,87,69,84,60,11,133" hai2="20,26,63,98,44,40,31,4,91,122,80,124,75" hai3="95,108,97,58,50,68,86,135,28,56,61,101,25"/><T57/><D117/><U92/><E120/><V104/><F122/><W39/><G39/><T30/><D3/><U114/><E36/><V6/><F124/><W27/><G108/><T76/><D125/><U127/><E114/><V79/><F63/><W81/><G135/><T82/><D105/><U5/><E133/><V66/><F66/><W70/><G50/><T123/><D132/><U99/><E131/><V8/><F91/><W71/><G28/><T126/><D128/><U12/><E127/><V9/><F4/><W134/><G58/><T23/><D126/><U111/><E111/><V37/><REACH who="2" step="1"/><F6/><REACH who="2" ten="250,250,240,250" step="2"/><W7/><G7/><T115/><D123/><U43/><E77/><V112/><F112/><W83/><G134/><T67/><D115/><U130/><E130/><V129/><F129/><W18/><G83/><T106/><D90/><U1/><E60/><V109/><F109/><W45/><G81/><T107/><D67/><U42/><E69/><V113/><F113/><W88/><G71/><T15/><REACH who="0" step="1"/><D57/><REACH who="0" ten="240,250,240,250" step="2"/><U110/><E110/><V89/><F89/><W13/><G68/><T119/><D119/><U29/><BYE who="2" /><E0/><V116/><F116/><W46/><G70/><T53/><D53/><U96/><E1/><V51/><F51/><W94/><G56/><UN n2="%E9%BA%BB%E9%9B%80%E7%A0%94%E7%A9%B6%E9%83%A8" /><T24/><AGARI ba="0,2" hai="15,16,22,23,24,30,47,48,54,72,76,82,106,107" machi="24" ten="30,18000,2" yaku="1,1,0,1,52,1,54,1,53,2" doraHai="14" doraHaiUra="102" who="0" fromWho="0" sc="240,200,250,-60,240,-60,250,-60" /><INIT seed="0,1,0,5,1,109" ten="440,190,180,190" oya="0" hai0="91,93,37,68,111,48,60,110,114,101,0,38,45" hai1="71,67,97,119,16,107,7,4,127,22,128,3,63" hai2="30,18,106,41,50,54,133,108,13,56,59,124,84" hai3="115,65,130,33,34,35,118,24,72,87,105,132,129"/><T86/><D0/><U70/><E119/><V8/><F108/><N who="0" m="41514" /><D101/><U5/><E127/><V52/><F133/><W26/><G72/><T75/><D75/><U55/><E128/><N who="3" m="49258" /><G105/><T80/><D80/><U39/><E39/><V20/><F106/><W46/><G118/><T112/><D60/><U57/><E3/><V125/><F41/><W96/><G132/><T81/><D68/><U99/><E107/><V11/><F84/><W21/><G65/><T15/><D15/><U92/><E99/><V89/><F89/><W126/><G96/><T64/><D64/><U131/><E67/><V83/><F83/><W88/><G87/><T104/><D81/><U117/><E117/><V95/><F95/><W28/><G88/><T134/><D134/><U73/><E73/><V43/><F125/><W17/><G126/><T121/><D104/><U82/><E82/><V66/><F66/><W36/><G115/><N who="0" m="44075" /><D121/><U85/><E85/><V58/><F124/><W69/><G69/><T120/><D120/><U14/><REACH who="1" step="1"/><E131/><REACH who="1" ten="440,180,180,190" step="2"/><V94/><F94/><W116/><G116/><T29/><D29/><U98/><E98/><V74/><F74/><W53/><G28/><T40/><AGARI ba="1,1" hai="37,38,40,45,48,86,91,93" m="44075,41514" machi="40" ten="30,12000,1" yaku="14,1,10,1,52,3" doraHai="109" who="0" fromWho="0" sc="440,133,180,-41,180,-41,190,-41" /><INIT seed="0,2,0,2,4,90" ten="573,139,139,149" oya="0" hai0="124,12,82,94,123,131,63,121,7,31,125,8,3" hai1="28,76,91,111,25,18,30,85,83,72,60,92,23" hai2="129,20,47,21,96,37,11,133,114,102,1,95,59" hai3="51,84,42,66,122,2,19,38,89,86,15,14,105"/><T33/><D82/><U116/><E116/><V113/><F129/><W53/><G2/><T130/><D94/><U104/><E111/><V68/><F68/><W32/><G105/><T70/><D12/><U9/><E104/><V75/><F75/><W126/><G32/><T43/><D63/><U26/><E26/><V99/><F133/><W13/><G126/><N who="0" m="48747" /><D43/><U107/><E107/><V16/><F59/><W22/><G122/><N who="0" m="46603" /><D70/><U78/><E78/><V71/><F71/><W0/><G0/><T54/><D54/><U93/><E60/><V36/><F1/><W88/><G66/><T128/><D31/><U134/><E134/><V34/><F96/><W101/><G101/><T87/><D87/><N who="3" m="33321" /><G42/><T40/><D40/><U17/><E93/><V118/><F102/><W103/><G38/><T4/><D4/><U50/><E50/><V135/><F36/><W10/><G103/><T119/><D33/><U46/><E30/><V58/><F135/><W110/><G110/><T80/><D80/><U52/><E9/><V5/><F37/><W64/><G64/><T97/><D97/><U73/><E73/><V49/><F99/><W45/><G15/><T100/><D100/><U35/><E35/><V61/><F34/><W24/><G14/><T106/><D106/><U77/><E77/><V6/><F11/><W117/><G117/><AGARI ba="2,0" hai="3,7,8,117,119,128,130,131" m="46603,48747" machi="117" ten="40,12000,1" yaku="19,1,18,1,23,1,34,2" doraHai="90" who="0" fromWho="3" sc="573,126,139,0,139,0,149,-126" /><INIT seed="0,3,0,5,2,66" ten="699,139,139,23" oya="0" hai0="85,72,54,16,79,107,14,28,17,7,106,83,108" hai1="52,53,25,125,96,43,39,119,27,103,47,12,82" hai2="84,65,94,76,42,23,128,19,113,61,116,56,114" hai3="2,1,73,78,131,90,9,91,126,120,4,115,112"/><T64/><D28/><U48/><E119/><V97/><F116/><W95/><G120/><T49/><D7/><U63/><E125/><V81/><F128/><W122/><G122/><T99/><D64/><U31/><E82/><V101/><REACH who="2" step="1"/><F42/><REACH who="2" ten="699,139,129,23" step="2"/><W26/><G131/><T100/><D108/><U20/><E43/><V45/><F45/><W69/><G126/><T30/><D30/><U32/><E39/><V70/><F70/><W36/><G69/><T132/><D132/><U8/><E47/><V75/><F75/><W22/><G36/><T134/><D134/><U71/><E71/><V68/><F68/><W50/><G115/><T93/><D72/><U135/><E135/><V109/><F109/><W74/><G112/><T92/><D107/><U129/><E129/><V21/><F21/><W41/><G74/><T34/><D34/><U89/><E32/><V123/><F123/><W98/><G73/><T117/><D117/><U5/><E20/><V37/><F37/><W62/><G41/><T102/><D102/><U87/><E103/><V118/><F118/><W67/><G22/><T86/><D106/><U59/><E31/><V6/><F6/><W15/><G4/><T60/><D100/><U0/><E5/><V55/><F55/><W127/><G127/><T18/><D54/><U33/><E33/><V13/><AGARI ba="3,1" hai="13,19,23,56,61,65,76,81,84,94,97,101,113,114" machi="13" ten="20,5200,0" yaku="1,1,0,1,7,1,53,1" doraHai="66" doraHaiUra="88" who="2" fromWho="2" sc="699,-29,139,-16,129,71,23,-16" /><INIT seed="1,0,0,5,4,111" ten="670,123,200,7" oya="1" hai0="50,109,52,130,73,84,78,121,37,94,9,16,8" hai1="76,119,45,123,31,97,70,40,89,61,112,126,99" hai2="65,105,3,54,17,59,2,113,0,34,33,66,6" hai3="7,39,5,120,46,117,107,23,10,64,67,13,1"/><U57/><E123/><V75/><F105/><W74/><G120/><T53/><D37/><U14/><E119/><V63/><F6/><W95/><G107/><T104/><D104/><U114/><E70/><V129/><F129/><W135/><G117/><T20/><D73/><U92/><E126/><V108/><F108/><W83/><G135/><T124/><D130/><U32/><E76/><V62/><F75/><W22/><G95/><T86/><D53/><U88/><E14/><V25/><F54/><W128/><G128/><T56/><D124/><U102/><E31/><V15/><F25/><W106/><G106/><T18/><D18/><U12/><E12/><V93/><F93/><W21/><G13/><N who="0" m="9231" /><D109/><U44/><E32/><V85/><F85/><W115/><G115/><T80/><D121/><U47/><E40/><V79/><F79/><N who="3" m="44535" /><G7/><T27/><D27/><U131/><E131/><V48/><F48/><W100/><G100/><T96/><D86/><U81/><E99/><V42/><F42/><AGARI ba="0,0" hai="1,5,10,21,22,23,39,42,46,64,67" m="44535" machi="42" ten="30,1000,0" yaku="25,1" doraHai="111" who="3" fromWho="2" sc="670,0,123,0,200,-10,7,10" /><INIT seed="2,0,0,3,5,20" ten="670,123,190,17" oya="2" hai0="37,73,56,52,25,95,69,40,135,23,98,103,16" hai1="100,124,18,85,127,128,121,107,26,86,78,48,113" hai2="71,14,118,91,54,104,134,24,79,102,125,58,57" hai3="112,99,1,108,38,35,10,66,42,64,93,114,22"/><V84/><F125/><N who="1" m="48201" /><E113/><N who="3" m="43626" /><G35/><T60/><D135/><U55/><E121/><V30/><F118/><W88/><G108/><T76/><D69/><U75/><E128/><V117/><F117/><W31/><G42/><T59/><D37/><U5/><E5/><V119/><F71/><W21/><G38/><T132/><D132/><U116/><E116/><V12/><F79/><W123/><G123/><T97/><D40/><U126/><N who="1" m="48209" /><U17/><DORA hai="51" /><E75/><V101/><F58/><W50/><G50/><T28/><D73/><U43/><E43/><V133/><F119/><W115/><N who="3" m="43634" /><W15/><DORA hai="70" /><G1/><T68/><D68/><U74/><E74/><V49/><F133/><W7/><G22/><T47/><D76/><U131/><E131/><V32/><F134/><W92/><G93/><T27/><D98/><N who="1" m="61847" /><E78/><V46/><F104/><W94/><G92/><T6/><D6/><U0/><E0/><V106/><F106/><W44/><G44/><T87/><D87/><N who="1" m="33291" /><E26/><AGARI ba="0,0" hai="7,10,15,21,26,31,64,66,88,94,99" m="43634" machi="26" ten="40,5200,0" yaku="11,1,52,1,54,1" doraHai="20,51,70" who="3" fromWho="1" sc="670,0,123,-52,190,0,17,52" /><INIT seed="3,0,0,4,2,34" ten="670,71,190,69" oya="3" hai0="86,40,128,15,108,89,20,88,81,62,91,132,95" hai1="90,51,100,47,8,56,68,64,80,117,82,31,66" hai2="39,109,94,107,38,112,54,0,69,9,79,28,48" hai3="32,22,23,97,36,52,10,57,84,4,60,29,21"/><W135/><G135/><T65/><D108/><U120/><E68/><V93/><F107/><W96/><G36/><T45/><D128/><U76/><E120/><V78/><F112/><W134/><G134/><T122/><D122/><U113/><E113/><V11/><F69/><W17/><G17/><T73/><D132/><U72/><E100/><V114/><F28/><W19/><G19/><T118/><D118/><U30/><E117/><V92/><F114/><W25/><REACH who="3" step="1"/><G84/><REACH who="3" ten="670,71,190,59" step="2"/><T111/><D86/><N who="1" m="48391" /><E31/><V46/><F39/><W104/><G104/><T124/><D73/><U99/><E72/><V55/><F38/><W70/><G70/><T130/><D130/><U67/><E30/><V110/><F109/><W14/><AGARI ba="0,1" hai="4,10,14,21,22,23,25,29,32,52,57,60,96,97" machi="14" ten="30,6000,0" yaku="1,1,0,1,54,1,53,0" doraHai="34" doraHaiUra="12" who="3" fromWho="3" sc="670,-20,71,-20,190,-20,59,70" /><INIT seed="3,1,0,1,5,73" ten="650,51,170,129" oya="3" hai0="53,1,129,99,123,36,125,91,33,100,107,14,60" hai1="80,77,64,61,7,96,117,21,8,109,10,133,31" hai2="92,0,59,12,43,56,35,67,48,6,50,29,65" hai3="115,62,102,90,25,126,116,114,75,42,5,132,45"/><W74/><G5/><T105/><D1/><U106/><E109/><V19/><F92/><W26/><G116/><T84/><D36/><U98/><E117/><V124/><F124/><W86/><G102/><T55/><D33/><U68/><E133/><V3/><F6/><W121/><G121/><T134/><D125/><U4/><E106/><V57/><F29/><W52/><G126/><T113/><D134/><U108/><E108/><V32/><F12/><W15/><G15/><T101/><D113/><U122/><E122/><V44/><F19/><W76/><G132/><T81/><D129/><U34/><E34/><V111/><F57/><N who="3" m="35111" /><G75/><T72/><D72/><U2/><E21/><V104/><F111/><W27/><G74/><T79/><D123/><U38/><E38/><V94/><F104/><W83/><G115/><T128/><D128/><U66/><E66/><V46/><F94/><W93/><G114/><T89/><D14/><U47/><E47/><V37/><F37/><W41/><G45/><T54/><D60/><U16/><E31/><V112/><REACH who="2" step="1"/><F112/><REACH who="2" ten="650,51,160,129" step="2"/><W131/><G131/><T95/><D95/><U78/><E16/><V71/><F71/><W39/><G39/><T28/><D28/><U9/><E9/><V87/><F87/><W127/><G127/><T13/><D13/><N who="1" m="5255" /><E80/><V69/><F69/><W85/><AGARI ba="1,1" hai="25,26,27,41,42,76,83,85,86,90,93" m="35111" machi="85" ten="30,6000,0" yaku="8,1,52,1,54,1" doraHai="73" who="3" fromWho="3" sc="650,-21,51,-21,160,-21,129,73" /><INIT seed="3,2,0,0,4,120" ten="629,30,139,202" oya="3" hai0="77,125,92,23,90,13,64,36,105,58,56,118,1" hai1="71,117,123,96,91,21,42,130,40,31,124,7,46" hai2="129,8,11,67,6,15,27,34,65,131,47,66,68" hai3="94,119,59,127,114,17,43,126,87,95,20,104,121"/><W37/><G104/><T44/><D1/><U103/><E123/><V102/><F68/><W78/><G121/><T113/><D105/><U32/><E117/><V19/><F102/><W74/><G74/><T52/><D118/><U24/><E124/><N who="3" m="47658" /><G114/><T50/><D77/><U72/><E72/><V9/><F47/><N who="3" m="24047" /><G59/><T29/><D125/><U86/><E71/><V88/><F34/><W63/><G63/><T128/><D113/><U81/><E130/><N who="2" m="49675" /><F27/><N who="3" m="14735" /><G119/><T135/><D128/><U61/><E61/><V51/><F51/><W99/><G99/><T85/><D58/><U111/><E32/><V16/><F19/><W39/><G39/><T2/><D56/><U106/><E7/><V22/><F88/><W76/><G95/><T41/><D92/><U60/><E60/><V132/><F132/><W12/><G12/><T134/><D13/><U83/><E83/><V0/><AGARI ba="2,0" hai="0,6,8,9,11,15,16,22,65,66,67" m="49675" machi="0" ten="30,2000,0" yaku="19,1,54,1" doraHai="120" who="2" fromWho="2" sc="629,-7,30,-7,139,26,202,-12" /><INIT seed="4,0,0,0,4,39" ten="622,23,165,190" oya="0" hai0="63,33,8,44,25,102,65,90,115,75,17,62,23" hai1="105,32,9,132,103,5,26,11,48,70,98,89,83" hai2="24,12,10,21,20,57,49,116,19,91,135,129,120" hai3="110,123,30,40,69,88,59,81,1,56,106,122,58"/><T118/><D118/><U124/><E124/><V18/><F120/><N who="3" m="46123" /><G106/><T7/><D75/><U0/><E132/><V16/><F129/><W99/><G69/><T84/><D102/><U55/><E11/><V77/><F135/><W29/><G1/><T53/><D33/><U27/><E70/><V66/><F77/><W113/><G110/><T126/><D126/><U104/><E104/><V2/><F2/><W94/><G113/><T78/><D78/><U119/><E119/><V41/><F116/><W47/><G81/><T15/><D65/><U96/><E32/><V52/><F66/><W37/><AGARI ba="0,0" hai="29,30,37,40,47,56,58,59,88,94,99" m="46123" machi="37" ten="30,4000,0" yaku="13,1,52,1,54,1" doraHai="39" who="3" fromWho="3" sc="622,-20,23,-10,165,-10,190,40" /><INIT seed="5,0,0,2,1,113" ten="602,13,155,230" oya="1" hai0="26,80,24,85,72,87,121,115,3,65,116,95,42" hai1="109,64,50,25,45,0,28,6,92,66,48,27,131" hai2="7,105,35,16,76,101,44,61,49,10,2,89,77" hai3="127,106,62,123,73,43,83,126,125,13,9,56,86"/><U114/><E114/><V19/><F35/><W46/><G106/><T54/><D116/><U110/><E131/><V119/><F119/><W128/><G123/><T17/><D3/><U47/><E92/><V79/><F89/><W51/><G73/><T36/><D65/><U104/><E0/><V118/><F118/><W5/><G128/><T38/><D72/><U75/><E75/><V71/><F71/><W94/><G94/><T74/><D74/><U97/><E97/><V32/><F32/><W53/><G127/><T96/><D80/><U18/><E6/><V69/><F69/><W88/><AGARI ba="0,0" hai="5,9,13,43,46,51,53,56,62,83,86,88,125,126" machi="88" ten="30,2000,0" yaku="0,1,54,1" doraHai="113" who="3" fromWho="3" sc="602,-5,13,-10,155,-5,230,20" /><INIT seed="6,0,0,1,1,76" ten="597,3,150,250" oya="2" hai0="1,33,6,119,70,104,21,105,81,99,113,75,77" hai1="34,63,135,83,51,42,78,54,111,74,120,116,38" hai2="87,24,129,57,65,98,71,127,109,3,8,50,15" hai3="125,124,130,22,100,89,103,72,102,23,19,9,132"/><V27/><F109/><W64/><G64/><T128/><D21/><N who="3" m="7689" /><G72/><T93/><D33/><U44/><E111/><V62/><F129/><W37/><G37/><T101/><D70/><U66/><E116/><V56/><F127/><N who="3" m="48715" /><G89/><T2/><D119/><U123/><E135/><V82/><F3/><W52/><G52/><T133/><D2/><U134/><E34/><V26/><F98/><W107/><G132/><T46/><D128/><U31/><E31/><V96/><F96/><N who="3" m="61831" /><G130/><T29/><D133/><U92/><E92/><V13/><F50/><W126/><G126/><T45/><D1/><U60/><E134/><V18/><REACH who="2" step="1"/><F13/><AGARI ba="0,0" hai="9,13,19,102,103" m="61831,48715,7689" machi="13" ten="30,1000,0" yaku="18,1" doraHai="76" who="3" fromWho="2" sc="597,0,3,0,150,-10,250,10" /><INIT seed="7,0,0,5,5,42" ten="597,3,140,260" oya="3" hai0="41,128,7,95,126,64,104,86,85,117,27,19,50" hai1="58,92,75,38,129,67,109,51,1,106,24,20,45" hai2="122,10,60,94,93,89,30,77,49,119,135,134,4" hai3="35,121,29,115,103,8,72,81,131,124,2,5,56"/><W23/><G115/><T118/><D104/><U63/><E109/><V112/><F122/><W21/><G121/><T108/><D64/><U120/><E120/><V48/><F119/><W28/><G103/><T111/><D95/><U11/><E106/><V73/><F112/><W32/><G56/><T68/><D50/><U74/><E129/><V66/><F30/><N who="3" m="11883" /><G81/><T99/><D41/><U37/><E1/><V79/><F93/><W69/><G72/><T87/><D99/><U54/><E11/><V55/><F48/><W33/><G69/><T96/><D96/><U65/><E92/><V82/><F77/><W26/><G124/><T91/><D87/><U101/><E101/><V76/><F135/><W47/><G47/><T113/><D86/><U43/><E20/><N who="3" m="7754" /><G131/><T25/><D68/><N who="1" m="42047" /><E24/><AGARI ba="0,0" hai="2,5,8,24,26,32,33,35" m="7754,11883" machi="24" ten="40,12000,1" yaku="35,5" doraHai="42" who="3" fromWho="1" sc="597,0,3,-120,140,0,260,120" owari="597,70.0,-117,-62.0,140,-26.0,380,18.0" /></mjloggm>