<mjloggm ver="2.3"><GO type="169" lobby="0"/><UN n0="%4E%4F%42%55%53%48%49" n1="%E6%AD%8C%E8%88%9E%E4%BC%8E%E5%90%9B" n2="%77%69%6C%73%6F%6E" n3="%E3%83%9E%E3%83%8A%E3%83%96%E9%9B%B6" dan="17,16,16,16" rate="2187.96,2130.85,2147.19,2135.78" sx="M,M,M,M"/><TAIKYOKU oya="0"/><INIT seed="0,0,0,0,3,98" ten="250,250,250,250" oya="0" hai0="45,70,66,5,81,106,132,0,19,118,71,85,32" hai1="36,78,79,107,7,11,119,76,52,91,49,80,16" hai2="20,51,133,72,115,129,99,131,17,3,44,41,127" hai3="125,64,128,105,33,62,46,121,122,123,58,69,83"/><T87/><D118/><U100/><E36/><V38/><F115/><W90/><G33/><T35/><D132/><U63/><E119/><V94/><F133/><W27/><G27/><T126/><D19/><U40/><E107/><V42/><F127/><W56/><G105/><T26/><D35/><U103/><E40/><V112/><F112/><W95/><G83/><T43/><D71/><U9/><E63/><V29/><F72/><W48/><G125/><T108/><D81/><U25/><E91/><V12/><F3/><W134/><G134/><T92/><D92/><U114/><E80/><V93/><F29/><W77/><G77/><T18/><D18/><U65/><E65/><V13/><F13/><W59/><G90/><T28/><D126/><U50/><E50/><V97/><F97/><W57/><G95/><T120/><D120/><U82/><E82/><V67/><F67/><W31/><G31/><T116/><D116/><U60/><E60/><V74/><F74/><W88/><G88/><T109/><D106/><U37/><E37/><V14/><F14/><W84/><G84/><T2/><D66/><U8/><E7/><V54/><F42/><N who="3" m="24663" /><G128/><N who="2" m="49225" /><F99/><W4/><G4/><T15/><D5/><U75/><E114/><V101/><F101/><N who="1" m="38985" /><E75/><V1/><F1/><W24/><G24/><T34/><D2/><U21/><E8/><V61/><F38/><W86/><G86/><T10/><D0/><U68/><E68/><AGARI ba="0,0" hai="56,57,58,59,62,64,68,69,121,122,123" m="24663" machi="68" ten="40,5200,0" yaku="13,1,34,2" doraHai="98" who="3" fromWho="1" sc="250,0,250,-52,250,0,250,52" /><INIT seed="1,0,0,3,3,133" ten="250,198,250,302" oya="1" hai0="98,132,53,33,69,90,88,107,59,65,30,35,84" hai1="94,125,109,55,134,44,26,49,50,112,34,46,56" hai2="105,80,12,14,121,10,60,5,111,71,39,41,37" hai3="67,76,110,29,74,102,116,6,1,130,115,83,63"/><U13/><E112/><V106/><F121/><W101/><G115/><T89/><D132/><U7/><E134/><V43/><F111/><W3/><G110/><T113/><D113/><U15/><E109/><V117/><F117/><W45/><G130/><T2/><D2/><U95/><E7/><V73/><F71/><W123/><G123/><T42/><D42/><U18/><E56/><V54/><F60/><W127/><G127/><T103/><D84/><U25/><E34/><V77/><F54/><W8/><G1/><T36/><D36/><U0/><E0/><V62/><F62/><W38/><G29/><T93/><D93/><U23/><E125/><V75/><F5/><W17/><G17/><T124/><D124/><U135/><E135/><V87/><F87/><W82/><G82/><T128/><D128/><U57/><E57/><V27/><F80/><W16/><G16/><T118/><D118/><U4/><E15/><V64/><F27/><N who="1" m="10249" /><E4/><V20/><F20/><W40/><G116/><T28/><D35/><U91/><E91/><V52/><F77/><W61/><G61/><T131/><D33/><U96/><E96/><V129/><F129/><W70/><AGARI ba="0,0" hai="3,6,8,38,40,45,63,67,70,74,76,83,101,102" machi="70" ten="20,5200,0" yaku="0,1,7,1,25,2" doraHai="133" who="3" fromWho="3" sc="250,-13,198,-26,250,-13,302,52" /><INIT seed="2,0,0,2,4,27" ten="237,172,237,354" oya="2" hai0="94,123,125,53,48,101,25,62,88,81,113,46,108" hai1="95,121,51,23,86,56,30,63,67,135,34,26,49" hai2="18,36,78,132,5,19,110,130,117,31,52,38,97" hai3="32,21,35,104,50,68,103,29,55,47,22,72,134"/><V120/><F120/><W40/><G68/><T114/><D123/><U131/><E121/><V98/><F117/><W24/><G72/><T105/><D125/><U58/><E135/><V107/><F132/><W122/><G122/><T128/><D128/><U37/><E37/><V79/><F130/><W111/><G134/><T90/><D108/><U2/><E2/><V14/><F110/><W69/><G69/><T112/><D105/><U8/><E131/><V119/><F119/><W39/><G111/><T91/><D81/><U45/><E8/><V20/><F5/><W77/><G77/><T59/><D25/><U44/><E34/><V87/><F107/><W17/><G103/><T3/><D101/><U33/><E33/><V116/><F116/><W126/><G104/><T42/><REACH who="0" step="1"/><D3/><REACH who="0" ten="227,172,237,354" step="2"/><U84/><E95/><AGARI ba="0,1" hai="42,46,48,53,59,62,88,90,91,94,95,112,113,114" machi="95" ten="50,6400,0" yaku="1,1,2,1,54,1,53,0" doraHai="27" doraHaiUra="127" who="0" fromWho="1" sc="227,74,172,-64,237,0,354,0" /><INIT seed="3,0,0,5,2,127" ten="301,108,237,354" oya="3" hai0="72,112,20,75,56,48,41,81,64,93,34,26,0" hai1="69,101,86,106,32,24,85,31,63,103,71,78,8" hai2="54,47,10,44,113,50,51,73,132,98,46,118,14" hai3="131,37,19,36,80,45,38,108,99,94,77,3,74"/><W65/><G3/><T105/><D105/><U55/><E8/><V96/><F118/><W121/><G121/><T83/><D0/><U68/><E78/><V30/><F113/><W60/><G45/><T124/><D34/><U62/><E55/><V25/><F73/><W95/><G108/><T125/><D93/><U87/><REACH who="1" step="1"/><E106/><REACH who="1" ten="301,98,237,354" step="2"/><V9/><F132/><W135/><G135/><T111/><D124/><U58/><E58/><V66/><F66/><W129/><G19/><T91/><D56/><U97/><E97/><V109/><F109/><W28/><G28/><T104/><D64/><U12/><E12/><V16/><F10/><W22/><G22/><T67/><D67/><U110/><E110/><V29/><F29/><W43/><G43/><T35/><D20/><U21/><E21/><N who="2" m="15663" /><F46/><W23/><G23/><T4/><D104/><U92/><E92/><V53/><AGARI ba="0,1" hai="9,14,16,44,47,50,51,53,54,96,98" m="15663" machi="53" ten="30,2000,0" yaku="8,1,54,1" doraHai="127" who="2" fromWho="2" sc="301,-5,98,-5,237,30,354,-10" /><INIT seed="4,0,0,0,1,44" ten="296,93,267,344" oya="0" hai0="117,70,1,29,118,12,69,81,56,54,26,74,27" hai1="30,61,3,57,115,78,116,71,39,96,10,89,53" hai2="120,62,123,58,130,103,9,73,121,6,135,36,129" hai3="52,106,33,99,77,95,102,98,60,114,21,19,93"/><T132/><D1/><U22/><E116/><V94/><F135/><W24/><G114/><T79/><D132/><U110/><E39/><V68/><F68/><W109/><G109/><T100/><D70/><U20/><E110/><V104/><F104/><W18/><G33/><T8/><D69/><U113/><E78/><V15/><F36/><W5/><G5/><T134/><D100/><U128/><E128/><N who="2" m="49259" /><F73/><W45/><G77/><T13/><D13/><U50/><E30/><V83/><F83/><W59/><G45/><T126/><D126/><U37/><E37/><V25/><F25/><W0/><G0/><T7/><D27/><U40/><E40/><V4/><F94/><W97/><G19/><T65/><D65/><U2/><E71/><V31/><F103/><W125/><G125/><T64/><D64/><U41/><E41/><V122/><N who="2" m="31232" /><DORA hai="23" /><V131/><N who="2" m="49267" /><V43/><DORA hai="105" /><F43/><W66/><G106/><T63/><REACH who="0" step="1"/><D134/><REACH who="0" ten="286,93,267,344" step="2"/><U16/><E115/><V46/><F15/><W112/><G112/><T84/><D84/><U55/><E113/><V35/><F35/><AGARI ba="0,1" hai="7,8,12,26,29,35,54,56,63,74,79,81,117,118" machi="35" ten="30,12000,1" yaku="1,1,7,1,52,2,53,1" doraHai="44,23,105" doraHaiUra="92,127,107" who="0" fromWho="2" sc="286,130,93,0,267,-120,344,0" /><INIT seed="4,1,0,0,2,127" ten="416,93,147,344" oya="0" hai0="76,22,75,88,109,73,35,37,99,71,94,4,83" hai1="91,20,25,58,120,113,115,47,114,95,49,29,122" hai2="78,131,24,59,81,79,8,27,41,21,100,39,85" hai3="54,98,0,106,57,56,105,104,74,5,32,52,66"/><T119/><D35/><U97/><REACH who="1" step="1"/><E58/><REACH who="1" ten="416,83,147,344" step="2"/><V18/><F59/><W96/><G32/><T60/><D71/><U10/><E10/><V64/><F8/><W63/><G66/><T124/><D60/><U16/><E16/><V111/><F64/><W13/><G0/><T26/><D4/><U90/><E90/><V55/><F100/><W89/><G89/><T19/><D124/><U125/><E125/><V121/><F121/><W65/><G65/><T68/><D68/><U51/><E51/><V80/><F111/><W101/><G101/><T86/><D109/><U92/><E92/><V72/><F131/><W9/><REACH who="3" step="1"/><G74/><REACH who="3" ten="416,83,147,334" step="2"/><T1/><D1/><U133/><E133/><V135/><F135/><W87/><G87/><T50/><D75/><U42/><AGARI ba="1,2" hai="20,25,29,42,47,49,91,95,97,113,114,115,120,122" machi="42" ten="30,8000,1" yaku="21,2,0,1,15,1,11,1,53,0" doraHai="127" doraHaiUra="53" who="1" fromWho="1" sc="416,-41,83,103,147,-21,334,-21" /><INIT seed="5,0,0,5,2,80" ten="375,186,126,313" oya="1" hai0="45,10,60,58,32,100,20,135,46,68,74,101,125" hai1="66,79,55,39,62,47,4,22,2,70,102,73,44" hai2="82,108,107,122,13,34,42,40,1,49,71,59,67" hai3="37,106,18,123,43,104,115,94,110,127,6,118,103"/><U119/><E119/><V129/><F1/><W65/><G65/><T86/><D32/><U69/><E102/><V36/><F34/><W0/><G18/><T131/><D74/><U75/><E69/><V105/><F108/><W133/><G94/><T134/><D68/><U81/><E22/><V28/><F122/><W116/><G103/><T61/><D20/><U41/><E73/><V88/><F28/><W21/><G21/><T9/><D58/><U26/><E26/><V14/><F129/><W85/><G85/><T5/><D5/><U38/><E55/><N who="2" m="32239" /><F107/><W93/><G93/><T33/><D33/><U17/><E17/><V113/><F105/><W50/><G50/><T29/><D131/><U56/><E56/><V109/><F109/><W54/><G54/><T91/><D91/><U57/><E57/><V99/><F113/><W84/><G84/><T130/><D130/><U53/><E53/><V120/><F120/><W27/><G27/><T117/><D101/><U114/><E114/><V48/><F36/><W16/><G43/><N who="2" m="16425" /><F48/><W12/><G106/><T77/><D100/><U35/><E35/><V15/><F71/><W111/><G37/><T76/><D117/><U64/><E64/><V124/><F67/><W96/><G111/><T98/><D60/><U83/><E39/><V78/><F124/><W95/><G110/><T3/><D125/><U128/><E128/><V121/><F121/><W30/><G127/><T24/><D61/><U97/><E38/><V31/><F31/><W11/><G118/><T19/><D29/><U126/><E126/><V51/><F51/><RYUUKYOKU ba="0,0" sc="375,0,186,0,126,0,313,0" /><INIT seed="6,1,0,2,4,124" ten="375,186,126,313" oya="2" hai0="63,113,4,58,120,102,49,112,43,78,22,121,114" hai1="74,11,100,27,83,17,128,3,46,39,2,66,44" hai2="81,126,133,109,14,59,0,105,38,48,125,103,93" hai3="31,94,10,28,61,95,132,92,107,115,96,23,41"/><V79/><F0/><W7/><G132/><T87/><D102/><U106/><E66/><V98/><F38/><W37/><G61/><T1/><D22/><U55/><E100/><V111/><F14/><W8/><G107/><T131/><D4/><U97/><E97/><N who="2" m="61679" /><F59/><W25/><G96/><T64/><D1/><U62/><E44/><V99/><F48/><W101/><G101/><T19/><D19/><U15/><E46/><V123/><F123/><W122/><G122/><N who="0" m="47211" /><D87/><U67/><E39/><V29/><F29/><W82/><G82/><T60/><D78/><U18/><E18/><V12/><F12/><W16/><G115/><T65/><D49/><U56/><E17/><V36/><F36/><W108/><G41/><T119/><D43/><U26/><E27/><V30/><F30/><N who="3" m="11307" /><G37/><T52/><D119/><U76/><E26/><V47/><F47/><W9/><G108/><N who="2" m="41545" /><F133/><W42/><G42/><T54/><D54/><U40/><E40/><V75/><F93/><W129/><G7/><T5/><D5/><U21/><E55/><V89/><F89/><W118/><G118/><T6/><D6/><U51/><E3/><V35/><F35/><W53/><G53/><T50/><D52/><U134/><E2/><V110/><N who="2" m="41553" /><V68/><DORA hai="117" /><F68/><W116/><G116/><T73/><D50/><U13/><E51/><V34/><F34/><W127/><G94/><T32/><D32/><U20/><E134/><V80/><F80/><W69/><G95/><T72/><D114/><U33/><E33/><V77/><F77/><W90/><G92/><T104/><D113/><RYUUKYOKU ba="1,0" sc="375,-10,186,-10,126,30,313,-10" hai2="75,79,81,98,99,125,126" /><INIT seed="6,2,0,3,3,34" ten="365,176,156,303" oya="2" hai0="35,38,69,47,125,135,50,41,82,22,106,19,66" hai1="5,105,64,8,130,74,93,115,95,36,113,87,58" hai2="6,57,1,32,71,43,18,126,29,14,121,33,60" hai3="10,89,56,133,79,128,2,65,30,39,26,108,49"/><V27/><F121/><W7/><G108/><T3/><D35/><U91/><E74/><V17/><F71/><W42/><G79/><T15/><D106/><U59/><E105/><V102/><F126/><W124/><G124/><T37/><D135/><U9/><E130/><V62/><F43/><W96/><G128/><T23/><D3/><U13/><E36/><V90/><F102/><W120/><G120/><T11/><D125/><U68/><E68/><V114/><F114/><N who="1" m="43529" /><E64/><V123/><F123/><W132/><G39/><T20/><D69/><U122/><E122/><V86/><F33/><W70/><G70/><T78/><REACH who="0" step="1"/><D66/><REACH who="0" ten="355,176,156,303" step="2"/><U80/><E95/><V83/><F1/><W12/><G2/><T97/><D97/><N who="1" m="57535" /><E8/><V67/><REACH who="2" step="1"/><F62/><REACH who="2" ten="355,176,146,303" step="2"/><W129/><G133/><T98/><D98/><U109/><E109/><V101/><F101/><W77/><G132/><T54/><D54/><U24/><E9/><AGARI ba="2,2" hai="6,9,14,17,18,27,29,32,57,60,67,83,86,90" machi="9" ten="40,2000,0" yaku="1,1,53,0" doraHai="34" doraHaiUra="51" who="2" fromWho="1" sc="355,0,176,-26,146,46,303,0" /><INIT seed="6,3,0,2,2,122" ten="355,150,192,303" oya="2" hai0="68,48,41,47,52,75,37,117,1,38,96,22,60" hai1="113,45,108,81,26,131,23,57,82,53,67,14,99" hai2="112,120,28,27,34,134,46,29,65,40,9,130,42" hai3="88,31,111,33,71,50,69,43,11,35,132,85,70"/><V129/><F120/><W92/><G111/><T66/><D75/><U90/><E108/><V100/><F112/><W24/><G132/><T91/><D1/><U127/><E113/><V121/><F121/><W124/><G124/><T78/><D78/><U36/><E127/><V39/><F134/><W2/><G35/><T64/><D22/><U62/><E131/><N who="2" m="50187" /><F65/><W89/><G89/><T32/><D91/><U49/><E36/><N who="0" m="13929" /><D96/><U109/><E109/><V79/><F40/><W44/><G2/><T133/><D32/><U5/><E5/><V56/><F79/><W59/><G11/><T8/><D8/><U110/><E110/><V123/><F123/><W106/><G106/><T80/><D80/><U73/><E73/><V7/><F56/><W104/><G104/><T116/><D133/><U87/><E14/><N who="2" m="5439" /><F29/><W77/><G77/><T63/><D41/><U98/><REACH who="1" step="1"/><E81/><REACH who="1" ten="355,140,192,303" step="2"/><V125/><F125/><W114/><G114/><T119/><D119/><U55/><E55/><V128/><F128/><W0/><G0/><T95/><D95/><U17/><AGARI ba="3,1" hai="17,23,26,45,49,53,57,62,67,82,87,90,98,99" machi="17" ten="20,8000,1" yaku="1,1,0,1,7,1,8,1,53,1" doraHai="122" doraHaiUra="84" who="1" fromWho="1" sc="355,-23,140,99,192,-43,303,-23" /><INIT seed="7,0,0,4,4,134" ten="332,239,149,280" oya="3" hai0="121,123,117,40,94,49,103,26,133,6,90,108,68" hai1="112,53,82,54,9,61,97,86,114,64,59,38,129" hai2="84,106,21,60,48,120,75,42,66,56,27,11,96" hai3="23,130,105,34,119,67,118,47,24,74,52,8,91"/><W132/><G132/><T0/><D68/><U77/><E38/><V93/><F75/><W72/><G34/><T16/><D133/><U110/><E110/><V98/><F120/><W109/><G109/><T92/><D117/><U30/><E129/><V122/><F122/><W51/><G130/><T101/><D108/><U13/><E30/><V43/><F106/><W2/><G105/><T127/><D0/><U62/><E97/><V99/><F11/><W19/><G67/><T4/><D49/><U85/><E85/><V70/><F70/><W41/><G41/><T12/><D26/><U71/><E54/><V124/><F48/><W100/><G100/><T69/><D40/><U78/><REACH who="1" step="1"/><E77/><REACH who="1" ten="332,229,149,280" step="2"/><V20/><F124/><W79/><G79/><T28/><D127/><U73/><E73/><V10/><F10/><W5/><G74/><T63/><D28/><U76/><E76/><V17/><REACH who="2" step="1"/><F21/><REACH who="2" ten="332,229,139,280" step="2"/><W95/><REACH who="3" step="1"/><G72/><REACH who="3" ten="332,229,139,270" step="2"/><T18/><D121/><U116/><E116/><V83/><F83/><W111/><G111/><T46/><D123/><U107/><E107/><V80/><F80/><W36/><G36/><T65/><D94/><U128/><E128/><V22/><F22/><W135/><G135/><T32/><D92/><U113/><E113/><V88/><AGARI ba="0,3" hai="17,20,27,42,43,56,60,66,84,88,93,96,98,99" machi="88" ten="30,7900,0" yaku="1,1,0,1,8,1,54,1,53,0" doraHai="134" doraHaiUra="131" who="2" fromWho="2" sc="332,-20,229,-20,139,109,270,-39" owari="312,41.0,209,-29.0,248,5.0,231,-17.0" /></mjloggm>