<mjloggm ver="2.3"><GO type="169" lobby="0"/><UN n0="%E3%83%95%E3%82%A9%E3%82%B9%E3%82%BF%E3%83%BC" n1="%E3%81%AD%E3%81%8D%E3%81%9B%40" n2="%E3%81%84%E3%81%84%E3%81%9E" n3="%E3%81%AF%E3%81%98%E3%82%81%E3%81%A3%E3%81%A1" dan="16,19,16,17" rate="2072.86,2324.21,2117.33,2208.23" sx="M,M,M,F"/><TAIKYOKU oya="0"/><INIT seed="0,0,0,1,4,40" ten="250,250,250,250" oya="0" hai0="62,15,90,65,22,11,18,69,76,94,34,111,38" hai1="24,23,101,53,124,113,91,33,109,8,100,17,4" hai2="106,85,48,77,13,51,55,57,82,21,107,9,61" hai3="110,132,131,10,135,30,32,6,2,128,29,43,63"/><T86/><D111/><U0/><E109/><V123/><F123/><W64/><G110/><T80/><D34/><U42/><E124/><V104/><REACH who="2" step="1"/><F21/><REACH who="2" ten="250,250,240,250" step="2"/><W70/><G32/><T96/><REACH who="0" step="1"/><D38/><REACH who="0" ten="240,250,240,250" step="2"/><U5/><E33/><V39/><F39/><W54/><G132/><T119/><D119/><U129/><E23/><AGARI ba="0,2" hai="11,15,18,22,23,62,65,69,76,80,86,90,94,96" machi="23" ten="40,2000,0" yaku="1,1,53,0" doraHai="40" doraHaiUra="125" who="0" fromWho="1" sc="240,40,250,-20,240,0,250,0" /><INIT seed="0,1,0,4,1,40" ten="280,230,240,250" oya="0" hai0="37,77,126,24,78,91,45,21,16,88,109,69,56" hai1="14,26,62,121,86,58,57,123,111,47,61,23,100" hai2="127,53,28,10,54,1,20,44,104,13,94,98,97" hai3="3,122,11,103,43,76,34,134,96,85,106,120,74"/><T102/><D69/><U9/><E111/><V116/><F127/><W135/><G34/><T82/><D126/><U60/><E100/><V27/><F116/><W59/><G59/><T29/><D109/><U99/><E99/><V93/><F1/><W66/><G66/><T107/><D107/><U129/><E129/><V2/><F2/><W4/><G74/><T19/><D102/><U108/><E108/><V55/><F104/><W125/><G125/><T33/><D77/><U7/><E86/><V114/><F114/><W110/><G110/><T113/><D113/><U63/><N who="1" m="15360" /><DORA hai="6" /><U89/><E89/><N who="0" m="34377" /><D37/><U73/><E73/><V112/><F112/><W49/><G76/><T68/><D68/><U48/><E121/><N who="3" m="46698" /><G85/><N who="0" m="48343" /><D33/><U80/><E80/><V38/><F97/><W115/><G115/><T35/><D35/><U75/><E75/><V124/><F124/><W128/><G128/><T79/><D79/><U32/><E32/><V25/><F98/><W90/><G90/><T84/><D84/><U52/><REACH who="1" step="1"/><E123/><REACH who="1" ten="280,220,240,250" step="2"/><V18/><F94/><W133/><G133/><T46/><D56/><U12/><E12/><V22/><F93/><W70/><G70/><T8/><D29/><AGARI ba="1,1" hai="7,9,14,23,26,29,47,48,52,57,58" m="15360" machi="29" ten="50,12000,2" yaku="1,1,8,1,52,2,54,1,53,1" doraHai="40,6" doraHaiUra="50,31" who="1" fromWho="0" sc="280,-123,220,133,240,0,250,0" /><INIT seed="1,0,0,3,5,9" ten="157,353,240,250" oya="1" hai0="53,115,65,16,30,12,25,4,129,123,118,89,23" hai1="38,50,128,74,57,90,34,107,95,19,45,15,52" hai2="124,26,135,94,0,76,101,32,80,3,44,6,54" hai3="116,46,126,59,131,69,27,112,62,88,133,67,47"/><U132/><E107/><V81/><F135/><W70/><G112/><T39/><D115/><U99/><E132/><V10/><F124/><W83/><G133/><T37/><D118/><U11/><E128/><V100/><F3/><W1/><G126/><T73/><D129/><U82/><E34/><V92/><F81/><W125/><G125/><T77/><D123/><U134/><E134/><V58/><F44/><W24/><G1/><T21/><D65/><U104/><E104/><V96/><F94/><W14/><G131/><T127/><D127/><U43/><REACH who="1" step="1"/><E82/><REACH who="1" ten="157,343,240,250" step="2"/><V66/><F32/><W56/><G116/><T20/><D39/><U111/><E111/><V117/><F117/><W8/><G70/><T85/><D37/><U22/><E22/><V121/><F121/><W61/><G69/><T28/><D21/><U60/><E60/><V29/><F80/><W55/><G27/><T13/><D28/><U7/><E7/><V31/><F26/><W36/><G24/><T120/><D120/><U119/><E119/><V113/><F29/><W18/><G36/><T122/><D122/><U64/><E64/><V108/><F31/><W114/><G114/><T41/><D30/><U51/><E51/><N who="2" m="31071" /><F108/><W109/><G109/><T68/><D68/><U110/><E110/><V35/><F35/><W91/><G83/><N who="0" m="45487" /><D4/><U5/><E5/><V78/><F113/><W98/><G62/><T130/><D130/><U75/><AGARI ba="0,1" hai="11,15,19,38,43,45,50,52,57,74,75,90,95,99" machi="75" ten="30,11700,0" yaku="1,1,0,1,52,1,54,1,53,0" doraHai="9" doraHaiUra="63" who="1" fromWho="1" sc="157,-39,343,127,240,-39,250,-39" /><INIT seed="1,1,0,0,0,106" ten="118,470,201,211" oya="1" hai0="131,8,60,27,0,107,74,64,92,14,23,134,110" hai1="111,25,33,7,48,100,65,69,5,13,130,47,57" hai2="24,67,53,40,17,82,49,88,70,81,127,98,108" hai3="18,129,126,6,26,34,122,114,28,112,109,75,76"/><U16/><E69/><V79/><F108/><W101/><G122/><T15/><D107/><U41/><E130/><V89/><F127/><W133/><G101/><T85/><D110/><U50/><E111/><V91/><F40/><W121/><G121/><T86/><D134/><U59/><E100/><V68/><F98/><W45/><G109/><T22/><D0/><U61/><E25/><V93/><F93/><W63/><G133/><T103/><D74/><U77/><E33/><V125/><F125/><W135/><G135/><T62/><D103/><U35/><E35/><V54/><F81/><W44/><G126/><T124/><D124/><U55/><REACH who="1" step="1"/><E77/><REACH who="1" ten="118,460,201,211" step="2"/><V38/><F24/><W123/><G129/><T72/><D131/><U9/><AGARI ba="1,1" hai="5,7,9,13,16,41,47,48,50,55,57,59,61,65" machi="9" ten="20,18000,2" yaku="1,1,2,1,0,1,7,1,8,1,54,1,53,0" doraHai="106" doraHaiUra="66" who="1" fromWho="1" sc="118,-61,460,193,201,-61,211,-61" /><INIT seed="1,2,0,1,4,99" ten="57,653,140,150" oya="1" hai0="86,114,81,33,23,90,77,5,68,123,111,12,9" hai1="67,102,8,100,83,22,131,43,37,25,109,26,50" hai2="31,125,40,30,117,36,94,112,120,107,106,101,28" hai3="85,130,118,108,76,24,39,15,72,38,61,80,75"/><U133/><E37/><V82/><F120/><W20/><G108/><T54/><D114/><U52/><E109/><V91/><F117/><W92/><G130/><T64/><D111/><U57/><E131/><V74/><F112/><W88/><G72/><T95/><D123/><U45/><E133/><V34/><F125/><W14/><G118/><T105/><D33/><U93/><E67/><V96/><F34/><W84/><G39/><T29/><D105/><U51/><E83/><V41/><F36/><W46/><G75/><T58/><D68/><U134/><E134/><V11/><F11/><W66/><G46/><T128/><D64/><U103/><E8/><V113/><F107/><W126/><G38/><T62/><D128/><U135/><E135/><V124/><F124/><W56/><REACH who="3" step="1"/><G126/><REACH who="3" ten="57,653,140,140" step="2"/><T71/><D71/><U63/><E51/><V7/><F113/><W70/><G70/><T27/><D77/><U121/><E121/><V53/><F7/><W89/><G89/><T44/><D44/><U97/><E22/><V115/><F115/><W132/><G132/><T73/><D73/><U2/><E2/><V16/><F74/><W21/><G21/><T1/><D1/><U79/><E79/><V13/><F91/><AGARI ba="2,1" hai="25,26,43,45,50,52,57,63,91,93,97,100,102,103" machi="91" ten="40,12000,1" yaku="8,1,52,3,54,1" doraHai="99" who="1" fromWho="2" sc="57,0,653,136,140,-126,140,0" /><INIT seed="1,3,0,2,5,66" ten="57,789,14,140" oya="1" hai0="75,57,61,101,63,133,93,127,103,86,81,22,33" hai1="25,35,79,111,76,87,31,56,128,110,40,67,27" hai2="88,8,118,117,132,107,95,72,120,70,4,26,85" hai3="68,38,71,24,46,15,52,98,65,6,47,124,28"/><U82/><E128/><V92/><F120/><W16/><G6/><T115/><D115/><U3/><E3/><V14/><F132/><W49/><G65/><T37/><D33/><U54/><E40/><V43/><F107/><W69/><G98/><T29/><D37/><U45/><E45/><V80/><F43/><W17/><G124/><T109/><D75/><U11/><E67/><V41/><F41/><W121/><G121/><T125/><D133/><U90/><E11/><V5/><F5/><W12/><G38/><T44/><D44/><U9/><E9/><V30/><F70/><W94/><G94/><T60/><D57/><U135/><E27/><V102/><F72/><W64/><G64/><T1/><D1/><U116/><E116/><V55/><F55/><W51/><G12/><T53/><D93/><U7/><E7/><V119/><REACH who="2" step="1"/><F102/><REACH who="2" ten="57,789,4,140" step="2"/><W134/><G134/><T83/><D53/><U19/><E135/><V59/><F59/><W113/><G69/><T0/><D103/><U84/><E56/><V77/><F77/><W32/><G71/><T73/><D101/><U58/><E58/><V106/><F106/><W50/><G68/><T13/><D73/><U130/><E54/><V97/><F97/><W18/><G52/><T131/><D125/><U34/><E76/><V129/><F129/><W39/><G47/><T21/><D127/><U123/><E130/><V62/><F62/><W126/><G126/><T36/><D61/><U89/><E123/><V104/><F104/><W100/><G100/><T2/><D131/><U122/><E122/><V48/><F48/><RYUUKYOKU ba="3,1" sc="57,-10,789,-10,4,30,140,-10" hai2="4,8,14,26,30,80,85,88,92,95,117,118,119" /><INIT seed="2,4,1,0,0,48" ten="47,779,34,130" oya="2" hai0="35,50,36,123,1,109,84,78,115,76,75,96,40" hai1="42,61,17,116,67,102,107,29,65,27,0,33,93" hai2="108,74,124,68,45,132,66,46,49,19,72,34,125" hai3="59,103,80,111,63,21,30,130,43,95,60,119,81"/><V20/><F34/><W131/><G119/><T77/><D1/><U25/><E0/><V69/><F132/><W89/><G103/><T4/><D35/><U82/><E42/><V105/><F105/><W16/><G30/><T24/><D123/><U110/><E93/><V57/><F57/><W15/><G43/><T91/><D36/><U134/><E67/><V70/><F66/><N who="3" m="39199" /><G63/><T18/><D75/><U37/><E82/><V55/><F108/><W98/><G111/><T92/><D115/><U14/><E29/><V99/><F99/><W87/><G87/><T90/><D4/><U6/><E61/><V122/><F46/><W56/><G56/><T44/><D109/><U54/><E54/><V9/><F9/><W62/><G62/><T3/><D3/><U121/><E102/><V85/><F85/><W135/><G135/><T133/><D133/><U101/><E65/><V58/><F45/><W31/><G31/><T2/><D2/><U10/><E101/><V32/><F32/><W86/><G86/><T83/><D76/><U23/><E107/><V94/><F122/><W26/><G26/><T117/><D117/><U97/><E33/><V73/><REACH who="2" step="1"/><F94/><REACH who="2" ten="47,779,24,130" step="2"/><W126/><G98/><T7/><D7/><U12/><E6/><V64/><F64/><W128/><G95/><T11/><D11/><U112/><E10/><V47/><F47/><W88/><G130/><T38/><D38/><U22/><E37/><V127/><F127/><W39/><G39/><T52/><D40/><U118/><E121/><V114/><F114/><W8/><G126/><T5/><D5/><RYUUKYOKU ba="4,2" sc="47,15,779,-15,24,15,130,-15" hai0="18,24,44,50,52,77,78,83,84,90,91,92,96" hai2="19,20,49,55,58,68,69,70,72,73,74,124,125" /><INIT seed="2,5,2,3,4,24" ten="62,764,39,115" oya="2" hai0="35,30,49,23,37,107,78,110,18,130,40,103,126" hai1="25,27,122,99,135,41,45,11,134,74,6,0,92" hai2="26,77,7,52,19,90,94,97,131,113,76,102,65" hai3="105,66,120,116,111,32,109,63,50,39,16,132,70"/><V100/><F113/><W121/><G116/><T61/><D37/><U85/><E85/><V87/><F131/><W127/><G39/><T112/><D112/><U58/><E58/><V22/><F65/><W101/><G127/><T84/><D126/><U73/><E122/><V68/><F68/><W59/><G132/><N who="1" m="50730" /><E25/><V123/><F123/><W36/><G36/><T33/><D33/><U125/><E27/><V108/><F108/><N who="3" m="41547" /><G32/><T60/><D103/><N who="1" m="60903" /><E125/><V20/><F7/><W42/><G16/><T96/><D35/><U106/><E106/><V12/><F52/><N who="3" m="32151" /><G42/><T44/><D40/><U115/><E115/><V34/><F34/><W8/><G8/><T43/><D43/><U9/><E9/><V124/><F124/><W81/><G81/><T54/><D110/><U88/><E11/><V72/><F72/><W3/><G3/><T57/><D130/><U55/><E55/><V79/><F87/><W75/><G75/><T83/><D18/><AGARI ba="5,2" hai="12,18,19,20,22,26,76,77,79,90,94,97,100,102" machi="18" ten="40,2000,0" yaku="8,1" doraHai="24" who="2" fromWho="0" sc="62,-35,764,0,39,55,115,0" /><INIT seed="2,6,0,0,4,44" ten="27,764,94,115" oya="2" hai0="82,88,75,57,133,68,43,106,22,2,73,36,70" hai1="60,41,62,127,58,91,114,110,122,81,28,65,32" hai2="107,61,8,125,45,135,55,49,13,112,31,77,109" hai3="104,89,87,102,84,64,15,10,78,3,74,21,97"/><V50/><F112/><W119/><G3/><T126/><D106/><U96/><E114/><V90/><F135/><W1/><G1/><T80/><D2/><U40/><E110/><V100/><F109/><W99/><G119/><T54/><D43/><U46/><E127/><V130/><F125/><W95/><G64/><T116/><D36/><U129/><E129/><V38/><F130/><W85/><G21/><T63/><D126/><U131/><E131/><V67/><F38/><W0/><G0/><T115/><D115/><U24/><E122/><V108/><F108/><W17/><G99/><T5/><D5/><U16/><E16/><V33/><F77/><W121/><G121/><T37/><D37/><U11/><E11/><V51/><F100/><W132/><G132/><T35/><D35/><U23/><E46/><V92/><F107/><W53/><G53/><T30/><D133/><U83/><E62/><V72/><F72/><N who="0" m="27722" /><D80/><AGARI ba="6,0" hai="10,15,17,74,78,80,84,85,87,89,95,97,102,104" machi="80" ten="40,2600,0" yaku="24,2" doraHai="44" who="3" fromWho="0" sc="27,-44,764,0,94,0,115,44" owari="-17,-52.0,764,87.0,94,-31.0,159,-4.0" /></mjloggm>