<mjloggm ver="2.3"><GO type="169" lobby="0"/><UN n0="%69%70%73%E6%88%A6%E5%A3%AB" n1="%E3%81%B8%E3%82%80%E3%81%B8%E3%82%80%EF%BC%92%E5%8F%B7" n2="%E3%81%BF%E3%81%8B%E3%82%82%E3%82%81" n3="%73%75%7A%75%6D%65%E3%81%AE%E6%B6%99" dan="16,16,17,16" rate="2084.44,2059.00,2205.81,2044.54" sx="M,M,M,M"/><TAIKYOKU oya="0"/><INIT seed="0,0,0,2,3,45" ten="250,250,250,250" oya="0" hai0="83,130,89,107,27,51,102,92,43,57,104,133,117" hai1="74,131,113,75,120,132,114,68,37,100,36,86,4" hai2="7,87,42,84,48,31,8,25,122,50,0,80,72" hai3="76,118,112,35,55,101,73,70,10,22,34,47,71"/><T15/><D117/><U99/><E120/><V115/><F115/><N who="1" m="44041" /><E68/><V105/><F105/><W63/><G22/><T1/><D1/><U12/><E86/><V24/><F122/><W103/><G10/><T91/><D133/><U97/><E132/><V59/><F72/><W40/><G55/><T125/><D125/><U81/><E99/><V126/><F126/><W65/><G112/><T17/><D27/><U82/><E131/><V124/><F124/><W11/><G11/><T129/><D102/><U41/><E12/><V77/><F84/><W2/><G2/><T96/><D83/><N who="1" m="31755" /><E4/><V32/><F25/><W16/><G118/><T98/><D104/><U9/><E9/><V116/><F116/><W38/><G71/><T95/><D107/><N who="1" m="63887" /><E41/><V88/><F42/><W28/><G35/><T54/><REACH who="0" step="1"/><D43/><REACH who="0" ten="240,250,250,250" step="2"/><U123/><E123/><V135/><F135/><W13/><G101/><T14/><D14/><U18/><E75/><V79/><REACH who="2" step="1"/><F59/><REACH who="2" ten="240,250,240,250" step="2"/><W58/><G58/><T56/><D56/><U49/><E74/><V67/><F67/><W85/><G73/><T128/><D128/><U23/><E36/><V52/><F52/><W106/><G106/><T21/><AGARI ba="0,2" hai="15,17,21,51,54,57,89,91,92,95,96,98,129,130" machi="21" ten="30,11700,0" yaku="1,1,0,1,9,1,52,1,53,0" doraHai="45" doraHaiUra="108" who="0" fromWho="0" sc="240,137,250,-39,240,-39,250,-39" /><INIT seed="0,1,0,1,0,44" ten="377,211,201,211" oya="0" hai0="57,58,97,39,42,47,114,119,63,91,111,12,109" hai1="15,95,121,102,92,84,135,46,100,80,48,19,26" hai2="35,77,32,43,52,128,131,123,4,51,129,79,125" hai3="116,69,62,89,106,0,6,103,27,94,21,72,54"/><T13/><D119/><U59/><E135/><V113/><F123/><W124/><G124/><T5/><D114/><U31/><E59/><N who="2" m="33183" /><F113/><W65/><G116/><T66/><D5/><U16/><E121/><V11/><F43/><W53/><G72/><T30/><D30/><U9/><E19/><V82/><F125/><W127/><G6/><T28/><D28/><U23/><E95/><V132/><F132/><W130/><G130/><T108/><D58/><U87/><E92/><AGARI ba="1,0" hai="12,13,39,42,47,57,63,66,91,92,97,108,109,111" machi="92" ten="40,3900,0" yaku="14,1,10,1" doraHai="44" who="0" fromWho="1" sc="377,42,211,-42,201,0,211,0" /><INIT seed="0,2,0,1,5,78" ten="419,169,201,211" oya="0" hai0="25,45,90,131,135,86,72,118,125,27,114,7,70" hai1="14,58,75,42,60,89,43,44,117,4,10,123,11" hai2="33,8,18,87,12,108,104,80,73,22,51,120,50" hai3="128,35,113,17,63,101,121,79,36,65,6,95,71"/><T133/><D72/><U21/><E117/><V9/><F120/><W74/><G113/><T127/><D118/><U1/><E123/><V93/><F108/><W13/><G36/><T83/><D70/><U96/><E75/><V16/><F104/><W66/><G66/><T34/><D114/><U84/><E21/><V37/><F37/><W46/><G46/><T85/><D7/><U99/><E99/><V57/><F33/><W15/><G128/><T0/><D0/><U98/><E98/><V48/><F73/><W122/><G6/><T111/><D111/><U132/><E96/><V55/><F93/><W129/><G129/><T88/><D45/><U62/><E132/><N who="0" m="50761" /><D34/><U130/><E130/><V41/><F41/><W102/><G35/><T47/><D47/><U52/><E60/><V40/><F40/><W81/><G13/><T5/><D5/><U2/><E10/><V115/><F115/><W54/><G121/><T68/><D68/><U20/><E20/><V119/><F119/><W116/><G116/><T105/><D105/><U31/><E43/><V61/><REACH who="2" step="1"/><F18/><REACH who="2" ten="419,169,191,211" step="2"/><W26/><G17/><T103/><D131/><U110/><E110/><V106/><F106/><W91/><G122/><T49/><D103/><U67/><E31/><V56/><F56/><W109/><G101/><T23/><D49/><N who="1" m="28711" /><E42/><V126/><F126/><N who="0" m="48138" /><D23/><U3/><E3/><V38/><F38/><W82/><G102/><T64/><D64/><U100/><E100/><V94/><F94/><AGARI ba="2,1" hai="25,27,83,85,86,88,90,94" m="48138,50761" machi="94" ten="30,11600,0" yaku="20,1,18,1,52,1,54,1" doraHai="78" who="0" fromWho="2" sc="419,132,169,0,191,-122,211,0" /><INIT seed="0,3,0,3,5,45" ten="551,169,69,211" oya="0" hai0="32,67,97,60,23,132,65,111,106,86,36,127,83" hai1="43,31,55,123,84,17,116,95,118,50,94,102,51" hai2="96,129,29,53,133,128,107,47,122,18,0,46,13" hai3="68,12,16,20,99,79,88,21,120,92,11,28,71"/><T48/><D32/><U4/><E123/><V101/><F0/><W134/><G134/><T112/><D36/><U72/><E72/><V42/><F122/><W19/><G79/><T35/><D35/><U75/><E75/><V89/><F133/><W44/><G120/><T109/><D112/><U24/><E4/><V49/><F29/><W33/><G33/><T1/><D1/><U105/><E105/><V114/><F114/><W73/><G73/><T64/><D132/><U69/><E69/><V5/><F89/><W91/><G28/><T37/><D37/><U63/><E17/><V14/><F5/><W76/><G76/><T2/><D2/><U80/><E43/><V100/><F101/><W130/><G130/><N who="2" m="50281" /><F18/><W81/><G44/><T117/><D117/><U131/><E131/><V135/><F135/><W115/><G11/><T66/><D127/><U57/><E116/><V40/><F40/><W62/><G62/><T59/><D23/><N who="1" m="15775" /><E118/><V15/><F15/><W54/><G54/><N who="0" m="32199" /><D106/><U125/><E125/><V98/><F98/><W3/><G3/><T39/><D97/><N who="1" m="59703" /><E95/><V52/><F53/><W93/><G81/><T30/><D39/><AGARI ba="3,0" hai="13,14,39,42,46,47,49,52,96,100,107" m="50281" machi="39" ten="30,3900,0" yaku="19,1,52,1,54,1" doraHai="45" who="2" fromWho="0" sc="551,-48,169,0,69,48,211,0" /><INIT seed="1,0,0,0,2,125" ten="503,169,117,211" oya="1" hai0="111,92,79,52,94,53,17,46,36,126,84,110,8" hai1="29,118,117,14,1,135,12,93,65,20,101,100,134" hai2="23,71,54,109,38,112,35,67,88,116,64,130,26" hai3="55,129,132,102,80,76,63,87,30,32,119,97,70"/><U58/><E58/><V56/><F116/><N who="1" m="44649" /><E93/><N who="0" m="35945" /><D126/><U48/><E48/><V15/><F35/><W51/><G119/><T49/><D36/><U77/><E77/><V21/><F38/><W105/><G132/><N who="1" m="50730" /><E65/><V107/><F109/><N who="0" m="41482" /><D79/><U91/><E91/><V99/><F112/><W74/><G87/><T78/><D84/><U50/><E50/><V68/><F15/><N who="1" m="5673" /><E1/><V31/><F71/><W24/><G51/><T57/><D78/><U106/><E106/><V19/><F68/><W33/><G55/><T18/><D8/><U103/><E20/><V27/><F107/><W122/><G33/><T90/><D90/><U4/><E4/><V120/><F120/><W40/><G122/><T39/><D39/><U86/><E29/><V66/><F99/><W22/><G22/><T104/><D104/><U81/><E86/><V115/><F115/><W41/><G41/><T25/><D53/><U114/><E114/><V82/><F88/><W2/><G40/><T59/><D59/><U131/><E81/><V72/><F82/><W47/><G2/><T121/><D57/><U85/><E85/><V3/><F3/><W5/><G5/><T0/><D0/><U44/><E44/><V96/><F96/><W6/><G47/><T123/><D123/><U13/><E13/><V69/><F69/><W98/><G98/><T83/><D121/><U62/><E62/><N who="2" m="36119" /><F72/><W127/><G6/><T124/><D83/><U108/><E108/><V89/><F89/><W7/><G7/><T28/><D28/><U11/><E11/><V10/><F10/><W43/><G80/><T9/><D9/><RYUUKYOKU ba="0,0" sc="503,-15,169,15,117,15,211,-15" hai1="100,101,103,131" hai2="19,21,23,26,27,31,64,66,67,130" /><INIT seed="1,1,0,3,0,79" ten="488,184,132,196" oya="1" hai0="17,49,67,25,84,62,76,54,118,100,91,53,36" hai1="95,65,69,31,97,52,104,58,0,18,51,32,132" hai2="29,63,87,99,60,93,78,83,10,48,35,85,114" hai3="34,55,71,9,103,102,19,122,23,133,42,88,111"/><U86/><E132/><V98/><F114/><W50/><G111/><T61/><D36/><U56/><E0/><V74/><F10/><W117/><G117/><T44/><D118/><U41/><E104/><V92/><F35/><W112/><G34/><T7/><D76/><U135/><E135/><V59/><F29/><W73/><G71/><T4/><D100/><U28/><E69/><V119/><F119/><W1/><G112/><T127/><D127/><U2/><E2/><V94/><F74/><W96/><G42/><T16/><D53/><U43/><E18/><N who="0" m="7273" /><D25/><U81/><E32/><V82/><F48/><W115/><G122/><T109/><D109/><U72/><E72/><V39/><F39/><W75/><G133/><T124/><D124/><U20/><E43/><V47/><F47/><W33/><G33/><T90/><D90/><N who="1" m="51535" /><E41/><V113/><F113/><W129/><G1/><T27/><D27/><N who="1" m="16487" /><E31/><V64/><F63/><N who="0" m="24074" /><D67/><U57/><E65/><V30/><F30/><W116/><G116/><T46/><D46/><U45/><E45/><V131/><F131/><W101/><G129/><T130/><D130/><U8/><E8/><V6/><F6/><W134/><G134/><T110/><D110/><U24/><E24/><V123/><F123/><W21/><G115/><T70/><D70/><U105/><E105/><V15/><F15/><N who="3" m="7663" /><G73/><T126/><D126/><U26/><E26/><V3/><F3/><W11/><G75/><T13/><D13/><U5/><E5/><V37/><F37/><W68/><G68/><T107/><D107/><U66/><E66/><V22/><F22/><RYUUKYOKU ba="1,0" sc="488,10,184,10,132,10,196,-30" hai0="4,7,44,49,54,84,91" hai1="51,52,56,57,58,95,97" hai2="59,60,64,78,82,83,85,87,92,93,94,98,99" /><INIT seed="1,2,0,3,4,90" ten="498,194,142,166" oya="1" hai0="80,124,32,18,42,6,12,110,92,20,82,114,100" hai1="26,8,127,95,79,107,109,51,33,117,30,62,19" hai2="63,121,93,1,106,75,111,24,15,4,37,102,48" hai3="105,96,22,3,7,59,122,128,133,129,74,104,91"/><U78/><E117/><V76/><F121/><W94/><G122/><T98/><D32/><U45/><E107/><V14/><F37/><W72/><G3/><T17/><D114/><U21/><E127/><V120/><F106/><N who="3" m="41067" /><G7/><T61/><D124/><U46/><E62/><V84/><F120/><W83/><G22/><T126/><D126/><U58/><E109/><V35/><F75/><N who="3" m="28715" /><G59/><T44/><D6/><U132/><E132/><V2/><F48/><W77/><G133/><T89/><D110/><U31/><E58/><V54/><F54/><W130/><G83/><T81/><D61/><U135/><E135/><V66/><F24/><W57/><G57/><T65/><D65/><U123/><E123/><V85/><F4/><W88/><G77/><N who="1" m="29194" /><E8/><V49/><F49/><W113/><G113/><T64/><D64/><U118/><E45/><V103/><F76/><W70/><G70/><T55/><D55/><U73/><E73/><V86/><F66/><W40/><G40/><T10/><D42/><N who="1" m="25047" /><E33/><V97/><F63/><W119/><G119/><T131/><D44/><U36/><E118/><V39/><F35/><W41/><G41/><T101/><D131/><U108/><E36/><V9/><F39/><W56/><G56/><T60/><D60/><U11/><E108/><V25/><F111/><W87/><G87/><T29/><D29/><N who="1" m="10763" /><E11/><V28/><F9/><W27/><G27/><AGARI ba="2,0" hai="10,12,17,18,20,27,80,81,82,89,92,98,100,101" machi="27" ten="40,2600,0" yaku="8,1,52,1" doraHai="90" who="0" fromWho="3" sc="498,32,194,0,142,0,166,-32" /><INIT seed="2,0,0,5,4,101" ten="530,194,142,134" oya="2" hai0="96,109,34,112,50,36,54,107,125,78,82,67,105" hai1="93,118,103,61,111,56,68,47,58,97,40,35,106" hai2="100,66,121,6,42,120,84,46,102,26,113,80,133" hai3="16,15,1,24,64,39,124,99,126,38,73,41,129"/><V62/><F113/><W127/><G73/><T115/><D36/><U55/><E118/><V72/><F133/><W108/><G108/><T59/><D34/><U25/><E111/><V91/><F72/><W49/><G1/><T4/><D109/><U131/><E131/><V5/><F26/><W86/><G64/><T51/><D125/><U75/><E75/><V8/><F121/><W69/><G69/><T29/><D29/><N who="1" m="19887" /><E93/><V3/><F120/><W79/><G24/><T7/><D67/><N who="1" m="41071" /><E55/><V9/><F62/><W92/><G129/><T98/><D82/><U83/><E83/><V37/><REACH who="2" step="1"/><F66/><REACH who="2" ten="530,194,132,134" step="2"/><W74/><G74/><T13/><D112/><U123/><E123/><V130/><F130/><W81/><G124/><T30/><D115/><U20/><E20/><V88/><F88/><W52/><G126/><T22/><D78/><U90/><E90/><V60/><F60/><W0/><G127/><T27/><D27/><U76/><E76/><V116/><F116/><W57/><G0/><AGARI ba="0,1" hai="0,3,5,6,8,9,37,42,46,80,84,91,100,102" machi="0" ten="30,5800,0" yaku="1,1,7,1,9,1,53,0" doraHai="101" doraHaiUra="65" who="2" fromWho="3" sc="530,0,194,0,132,68,134,-58" /><INIT seed="2,1,0,4,3,104" ten="530,194,200,76" oya="2" hai0="120,52,127,53,102,16,10,103,50,116,96,19,86" hai1="55,20,108,97,62,94,33,129,128,118,2,32,130" hai2="49,91,98,80,67,71,93,68,23,135,41,8,51" hai3="105,7,17,61,15,22,58,40,5,13,46,88,74"/><V65/><F135/><W72/><G105/><T126/><D120/><U87/><E118/><V73/><F71/><W38/><G88/><T21/><D116/><U111/><E2/><V31/><F68/><W125/><G125/><N who="0" m="47627" /><D86/><U60/><E20/><V79/><F8/><W42/><G40/><T47/><D10/><U107/><E87/><V12/><F51/><W37/><G38/><T123/><D123/><U95/><E107/><V113/><F113/><W63/><G63/><N who="1" m="24106" /><E55/><V35/><F35/><N who="1" m="13385" /><E97/><V134/><F134/><W56/><G56/><T1/><D1/><U121/><E121/><V30/><F30/><W69/><G69/><T92/><D53/><U84/><E84/><V100/><F100/><N who="0" m="38442" /><D21/><U89/><E89/><AGARI ba="1,0" hai="16,19,47,50,52,89,92,96" m="38442,47627" machi="89" ten="30,3900,0" yaku="18,1,54,2" doraHai="104" who="0" fromWho="1" sc="530,42,194,-42,200,0,76,0" /><INIT seed="3,0,0,1,5,38" ten="572,152,200,76" oya="3" hai0="134,121,86,128,83,34,46,23,14,50,1,131,98" hai1="35,127,74,129,107,61,47,75,105,73,11,79,10" hai2="70,4,124,39,19,120,69,88,87,59,15,49,25" hai3="68,32,43,33,12,125,0,21,116,114,78,13,108"/><W71/><G114/><T89/><D1/><U65/><E35/><V76/><F39/><W72/><G116/><T84/><D34/><U92/><E79/><V99/><F124/><W40/><G0/><T42/><D121/><U67/><E127/><V60/><F120/><W102/><G125/><T97/><D134/><U45/><E129/><V103/><F76/><W130/><G78/><T24/><D14/><U9/><E92/><V3/><F25/><W8/><G21/><T57/><D86/><U7/><E7/><V94/><F49/><W123/><G123/><T117/><D117/><U113/><E113/><V111/><F111/><W132/><G102/><T110/><D110/><U53/><E53/><V101/><F4/><W115/><G108/><T93/><D57/><U106/><REACH who="1" step="1"/><E61/><REACH who="1" ten="572,142,200,76" step="2"/><V6/><F6/><W2/><G115/><T56/><D128/><U44/><AGARI ba="0,1" hai="9,10,11,44,45,47,65,67,73,74,75,105,106,107" machi="44" ten="50,32000,5" yakuman="40" doraHai="38" doraHaiUra="20" who="1" fromWho="1" sc="572,-80,142,330,200,-80,76,-160" owari="492,59.0,472,27.0,120,-28.0,-84,-58.0" /></mjloggm>