<mjloggm ver="2.3"><GO type="169" lobby="0"/><UN n0="%E3%81%84%E3%81%84%E3%81%9E" n1="%4A%65%74%2E%42" n2="%E3%81%8B%E3%81%8B%E3%81%8B%E3%81%8B" n3="%E9%9B%80%E8%8D%98%E4%B8%AD%E5%B7%9D" dan="16,18,16,17" rate="2111.05,2195.42,2155.37,2206.19" sx="M,M,M,M"/><TAIKYOKU oya="0"/><INIT seed="0,0,0,0,3,133" ten="250,250,250,250" oya="0" hai0="6,79,56,15,35,113,112,59,116,10,60,106,16" hai1="78,129,28,12,49,118,120,52,80,90,77,132,115" hai2="68,94,14,8,57,122,48,121,7,38,13,42,31" hai3="105,58,41,128,1,74,44,134,131,100,86,43,87"/><T3/><D116/><U40/><E120/><V76/><F68/><W50/><G74/><T98/><D35/><U107/><E118/><V9/><F38/><W55/><G1/><T97/><D56/><U54/><E107/><V66/><F76/><W93/><G105/><T126/><D126/><U135/><E28/><V22/><F94/><W82/><G43/><T65/><D79/><U70/><E70/><V108/><F108/><W17/><G17/><T33/><D33/><U30/><E30/><V29/><F121/><W102/><G134/><T51/><D51/><U34/><E34/><V125/><F125/><W114/><G114/><T64/><D64/><U109/><E115/><V73/><F73/><W19/><G19/><T25/><D25/><U99/><E49/><V91/><F91/><W119/><G87/><T117/><D117/><U95/><E109/><V96/><F96/><W2/><G2/><T103/><REACH who="0" step="1"/><D98/><REACH who="0" ten="240,250,250,250" step="2"/><U21/><E132/><V36/><F66/><W110/><G119/><T46/><D46/><U37/><E78/><V111/><F48/><W20/><G110/><T39/><D39/><U123/><E135/><V67/><F36/><W88/><G58/><T26/><D26/><U124/><E124/><V61/><F111/><W5/><G44/><T24/><D24/><U4/><E37/><V63/><F67/><W83/><G50/><T101/><D101/><U18/><E99/><V53/><F57/><W23/><G102/><T71/><D71/><U84/><E77/><V127/><F127/><W89/><G100/><T11/><AGARI ba="0,1" hai="3,6,10,11,15,16,59,60,65,97,103,106,112,113" machi="11" ten="20,7800,0" yaku="1,1,0,1,7,1,54,1,53,0" doraHai="133" doraHaiUra="75" who="0" fromWho="0" sc="240,88,250,-26,250,-26,250,-26" /><INIT seed="0,1,0,2,0,63" ten="328,224,224,224" oya="0" hai0="39,34,25,77,89,99,21,83,128,108,124,101,44" hai1="125,111,95,4,103,130,116,109,28,9,102,22,20" hai2="104,27,70,67,19,40,60,24,12,62,56,26,49" hai3="47,80,105,92,107,72,54,1,43,18,97,35,98"/><T52/><D128/><U2/><E116/><V75/><F104/><W29/><G1/><T57/><D124/><U112/><E125/><V131/><F75/><W106/><G54/><T135/><D135/><U115/><E95/><V16/><F131/><W6/><G6/><T64/><D34/><U46/><E130/><V51/><F40/><W14/><G29/><T71/><D89/><U31/><E103/><V88/><F88/><W79/><G35/><T10/><D10/><U90/><E90/><V38/><F38/><W5/><G5/><T121/><D121/><U11/><E46/><V17/><REACH who="2" step="1"/><F12/><REACH who="2" ten="328,224,214,224" step="2"/><W76/><G72/><T100/><D39/><U30/><E102/><V133/><F133/><W3/><G3/><T122/><D122/><U110/><REACH who="1" step="1"/><E9/><REACH who="1" ten="328,214,214,224" step="2"/><V13/><F13/><W59/><G107/><T85/><D100/><U33/><E33/><V114/><F114/><AGARI ba="1,2" hai="2,4,11,20,22,28,30,31,109,110,111,112,114,115" machi="114" ten="50,12000,2" yaku="1,1,14,1,11,1,34,3,53,1" doraHai="63" doraHaiUra="7" who="1" fromWho="2" sc="328,0,214,143,214,-123,224,0" /><INIT seed="1,0,0,0,5,50" ten="328,357,91,224" oya="1" hai0="57,113,95,87,37,45,97,69,108,29,134,104,10" hai1="42,38,41,100,4,33,54,81,36,83,26,39,30" hai2="60,71,126,62,78,133,86,19,52,130,66,132,123" hai3="131,49,28,120,129,40,18,121,82,23,128,103,64"/><U9/><E100/><V43/><F123/><N who="3" m="47179" /><G103/><T27/><D69/><U16/><E41/><V72/><F72/><W14/><G82/><T7/><D104/><U117/><E117/><V77/><F126/><W112/><G64/><T59/><D113/><U116/><E116/><V84/><F43/><W46/><G28/><T115/><D115/><AGARI ba="0,0" hai="14,18,23,40,46,49,112,115,128,129,131" m="47179" machi="115" ten="40,1300,0" yaku="19,1" doraHai="50" who="3" fromWho="0" sc="328,-13,357,0,91,0,224,13" /><INIT seed="2,0,0,5,3,18" ten="315,357,91,237" oya="2" hai0="103,1,130,67,53,65,114,63,77,6,68,3,134" hai1="13,54,33,27,0,38,129,86,39,82,101,62,50" hai2="25,64,94,107,132,31,30,58,49,70,76,121,109" hai3="128,52,117,4,28,98,78,15,87,17,84,125,112"/><V135/><F107/><W16/><G117/><T55/><D114/><U89/><E0/><V42/><F121/><W73/><G112/><T104/><D65/><U32/><E129/><V102/><F70/><W85/><G128/><T69/><D69/><U21/><E62/><N who="2" m="37975" /><F76/><W24/><G125/><T81/><D130/><U9/><E101/><V118/><F118/><W80/><G98/><T40/><D134/><N who="2" m="51242" /><F109/><W74/><G74/><T119/><D119/><U26/><E33/><V34/><F30/><W123/><G123/><T113/><D113/><U108/><E32/><V91/><F102/><W88/><G4/><T66/><D6/><U22/><E39/><V41/><F49/><W48/><G15/><T79/><D103/><U45/><E38/><V12/><F12/><W100/><G100/><T23/><D104/><U126/><E108/><V111/><F111/><W43/><G43/><T44/><D68/><U71/><E71/><V95/><F95/><W131/><G131/><T60/><D63/><U51/><E51/><V14/><F14/><W11/><G11/><T10/><D60/><U122/><E122/><V36/><F36/><W5/><G88/><T124/><D77/><U8/><E8/><V2/><F2/><W96/><G96/><AGARI ba="0,0" hai="25,31,34,41,42,91,94,96" m="51242,37975" machi="96" ten="30,1500,0" yaku="20,1" doraHai="18" who="2" fromWho="3" sc="315,0,357,0,91,15,237,-15" /><INIT seed="2,1,0,3,4,34" ten="315,357,106,222" oya="2" hai0="55,13,50,23,16,79,44,128,110,80,43,62,102" hai1="96,92,103,75,47,71,41,107,26,124,123,131,4" hai2="81,135,29,126,45,7,86,36,56,19,69,37,85" hai3="63,118,35,82,31,10,112,20,99,133,125,25,94"/><V14/><F69/><W0/><G118/><T95/><D110/><U48/><E131/><V5/><F29/><W93/><G133/><T108/><D108/><U52/><E124/><V97/><F126/><W98/><G125/><T38/><D128/><U70/><E123/><V2/><F135/><W78/><G112/><T64/><D95/><U22/><E75/><V109/><F109/><W84/><G35/><T9/><D102/><U58/><E4/><V32/><F32/><W3/><G10/><T33/><D33/><U1/><E1/><V115/><F115/><W105/><G105/><T42/><D9/><U104/><E104/><V60/><F97/><W28/><G28/><T120/><D120/><U27/><E107/><V129/><F86/><W24/><G25/><T40/><D38/><U113/><E27/><V21/><F129/><W54/><G54/><T11/><D11/><U59/><E59/><V116/><F2/><W68/><G63/><T130/><D130/><U88/><E103/><V114/><F116/><W18/><G68/><T100/><D100/><U57/><E57/><V72/><F72/><W46/><G46/><T15/><D15/><U6/><E6/><N who="2" m="2059" /><F45/><W73/><G31/><T121/><D121/><U87/><E87/><V39/><F114/><W127/><G127/><T90/><D44/><U30/><REACH who="1" step="1"/><E113/><REACH who="1" ten="315,347,106,222" step="2"/><V76/><F56/><W74/><G73/><T132/><D132/><U111/><E111/><V61/><F85/><W53/><G74/><T51/><D13/><U106/><E106/><V122/><F122/><W117/><G3/><T91/><D64/><RYUUKYOKU ba="1,1" sc="315,-15,347,15,106,15,222,-15" hai1="22,26,30,41,47,48,52,58,70,71,88,92,96" hai2="14,19,21,36,37,39,60,61,76,81" /><INIT seed="2,2,1,5,3,83" ten="300,362,121,207" oya="2" hai0="54,66,0,69,98,68,7,100,3,67,122,9,124" hai1="62,15,44,75,53,84,108,92,87,25,82,115,85" hai2="94,102,48,31,86,79,78,59,2,55,132,27,50" hai3="112,16,58,4,13,18,113,70,114,30,12,90,17"/><V33/><F2/><W24/><G70/><T111/><D122/><U120/><E115/><V46/><F132/><W123/><G123/><T57/><D111/><U26/><E120/><V109/><F109/><W134/><G134/><T118/><D118/><U80/><E108/><V19/><F19/><W89/><G58/><T131/><D0/><U45/><E75/><V5/><F5/><W22/><G90/><T37/><D37/><U29/><E92/><V119/><F119/><W20/><G89/><T74/><D74/><U6/><E62/><V76/><F102/><W71/><G71/><T41/><D41/><U35/><E45/><V39/><F39/><W51/><G51/><T95/><D131/><U40/><E53/><V101/><F101/><W60/><G60/><T49/><D124/><U99/><E99/><V129/><F94/><W125/><G125/><T63/><D67/><U135/><E26/><V104/><F104/><W11/><AGARI ba="2,1" hai="4,11,12,13,16,17,18,20,22,24,30,112,113,114" machi="11" ten="40,12000,2" yaku="0,1,11,1,34,3,54,1" doraHai="83" who="3" fromWho="3" sc="300,-32,362,-32,121,-62,207,136" /><INIT seed="3,0,0,3,3,132" ten="268,330,59,343" oya="3" hai0="113,80,81,131,85,76,27,91,15,70,92,90,135" hai1="11,28,101,40,62,121,102,14,56,119,39,134,116" hai2="54,7,17,109,9,47,128,82,10,94,71,95,18" hai3="112,59,55,87,43,35,78,69,60,24,23,120,75"/><W106/><G112/><T117/><D70/><U61/><E121/><V77/><F71/><W45/><G120/><T107/><D117/><N who="1" m="45131" /><E134/><V111/><F128/><W12/><G106/><T58/><D135/><U46/><E28/><V1/><F54/><W49/><G75/><T21/><D131/><U5/><E62/><V48/><F48/><W37/><G35/><T89/><D107/><U64/><AGARI ba="0,0" hai="5,11,14,39,40,46,56,61,64,101,102" m="45131" machi="64" ten="30,1100,0" yaku="12,1" doraHai="132" who="1" fromWho="1" sc="268,-3,330,11,59,-3,343,-5" /><INIT seed="4,0,0,1,2,40" ten="265,341,56,338" oya="0" hai0="51,111,93,103,114,64,21,100,127,115,41,117,59" hai1="110,120,69,31,85,17,97,76,11,48,72,60,123" hai2="112,113,95,80,79,39,25,130,88,44,124,46,128" hai3="106,116,15,42,108,22,78,8,35,10,62,53,101"/><T66/><D117/><U19/><E72/><V2/><F2/><W20/><G116/><T84/><D127/><U121/><E110/><V131/><F124/><W36/><G35/><T109/><D21/><U87/><E31/><V94/><F25/><W34/><G34/><T96/><D103/><U28/><E28/><V30/><F30/><W23/><G78/><T27/><D27/><U7/><E97/><N who="2" m="57543" /><F39/><W56/><G108/><N who="0" m="41547" /><D84/><U57/><E69/><V104/><F95/><W38/><G10/><T1/><D1/><U54/><E85/><N who="2" m="48287" /><F104/><W37/><G101/><T92/><D92/><U107/><E107/><V18/><F18/><W50/><G106/><T82/><D82/><U98/><E98/><V70/><F70/><W73/><G73/><T77/><D77/><U71/><E87/><V81/><F81/><W65/><G8/><T5/><D5/><U86/><E86/><V134/><F134/><W16/><REACH who="3" step="1"/><G42/><REACH who="3" ten="265,341,56,328" step="2"/><T32/><D32/><U33/><E33/><V45/><AGARI ba="0,1" hai="44,45,46,112,113,128,130,131" m="48287,57543" machi="45" ten="40,8000,1" yaku="19,1,52,3,54,1" doraHai="40" who="2" fromWho="2" sc="265,-40,341,-20,56,90,328,-20" /><INIT seed="5,0,0,3,2,22" ten="225,321,146,308" oya="1" hai0="81,69,68,101,30,46,27,82,63,93,42,15,121" hai1="26,49,134,122,55,74,1,97,84,64,91,56,107" hai2="111,89,112,48,96,54,31,109,21,50,86,33,103" hai3="125,7,129,0,110,12,114,80,65,5,39,58,3"/><U95/><E122/><V59/><F33/><W75/><G110/><T47/><D121/><U102/><E134/><V119/><F119/><W132/><G39/><T13/><D47/><U77/><E1/><V18/><F31/><W94/><G94/><T38/><D68/><U16/><E64/><V40/><F112/><W24/><G80/><T105/><D105/><U79/><REACH who="1" step="1"/><E74/><REACH who="1" ten="225,311,146,308" step="2"/><V11/><F111/><W135/><G75/><T35/><D69/><U45/><E45/><V88/><F109/><W6/><G3/><T57/><D15/><U61/><E61/><V10/><F50/><W67/><G12/><T37/><D13/><U4/><E4/><V76/><F48/><W8/><G67/><T99/><D37/><U117/><E117/><V70/><F70/><W25/><G7/><T123/><REACH who="0" step="1"/><D123/><REACH who="0" ten="215,311,146,308" step="2"/><U53/><E53/><AGARI ba="0,2" hai="27,30,35,38,42,46,53,57,63,81,82,93,99,101" machi="53" ten="30,8000,1" yaku="1,1,2,1,7,1,52,1,53,1" doraHai="22" doraHaiUra="71" who="0" fromWho="1" sc="215,100,311,-80,146,0,308,0" /><INIT seed="6,0,0,4,1,114" ten="315,231,146,308" oya="2" hai0="72,37,10,76,33,121,128,73,89,61,70,9,39" hai1="42,40,110,131,106,56,95,116,50,74,47,35,20" hai2="12,26,54,93,66,49,43,22,44,99,120,69,18" hai3="100,104,59,129,79,119,96,64,68,94,24,78,82"/><V48/><F120/><W87/><G129/><T85/><D121/><U19/><E110/><V30/><F69/><W112/><G112/><T118/><D33/><U108/><E108/><V65/><F49/><W45/><G68/><T125/><D128/><U98/><E131/><V97/><F43/><W8/><G119/><T80/><D118/><U67/><E116/><V25/><F25/><W101/><G45/><T122/><D122/><U75/><E106/><V135/><F135/><W107/><G8/><T127/><D70/><U17/><E17/><V31/><F31/><W103/><G64/><T90/><D61/><U38/><E35/><V102/><REACH who="2" step="1"/><F97/><REACH who="2" ten="315,231,136,308" step="2"/><W28/><G24/><T36/><D39/><U113/><E113/><V62/><F62/><W92/><G28/><T77/><D37/><U105/><E40/><V134/><F134/><W11/><G96/><T32/><D36/><U81/><E98/><V3/><F3/><W115/><G115/><T88/><D32/><AGARI ba="0,1" hai="12,18,22,26,30,32,44,48,54,65,66,93,99,102" machi="32" ten="30,2900,0" yaku="1,1,7,1,53,0" doraHai="114" doraHaiUra="6" who="2" fromWho="0" sc="315,-29,231,0,136,39,308,0" /><INIT seed="6,1,0,5,1,113" ten="286,231,175,308" oya="2" hai0="120,110,128,9,80,122,44,123,105,111,21,56,67" hai1="17,74,54,100,70,53,62,25,48,129,90,4,23" hai2="88,75,107,30,35,47,135,102,26,125,97,3,119" hai3="19,117,32,0,101,76,1,38,60,73,108,109,37"/><V98/><F75/><W57/><G32/><T52/><D105/><U46/><E74/><V20/><F3/><W11/><G73/><T6/><D128/><U34/><E129/><V41/><F125/><W99/><G76/><T42/><D80/><U18/><E100/><V91/><F135/><W69/><G69/><T49/><D21/><U95/><E4/><V24/><F98/><W5/><G1/><T36/><REACH who="0" step="1"/><D67/><REACH who="0" ten="276,231,175,308" step="2"/><U14/><E34/><V13/><F119/><W126/><G117/><T78/><D78/><U71/><E71/><V94/><F107/><W115/><G109/><T40/><D40/><U72/><E70/><V127/><F127/><W83/><G108/><T27/><D27/><U45/><E23/><V55/><F55/><W85/><G126/><T61/><D61/><U50/><E62/><V93/><F93/><W65/><G83/><T39/><D39/><U64/><E64/><V66/><F66/><W130/><G38/><T82/><D82/><U106/><E25/><V81/><F81/><W132/><G37/><T68/><D68/><U134/><E106/><V77/><F77/><W28/><G130/><T87/><D87/><U33/><E33/><V79/><F79/><W7/><G85/><T58/><D58/><U103/><E72/><V8/><F26/><W29/><G57/><T22/><D22/><U10/><E95/><V84/><F35/><W116/><G65/><T12/><AGARI ba="1,1" hai="6,9,12,36,42,44,49,52,56,110,111,120,122,123" machi="12" ten="30,7900,0" yaku="1,1,0,1,54,1,53,1" doraHai="113" doraHaiUra="2" who="0" fromWho="0" sc="276,92,231,-21,175,-40,308,-21" /><INIT seed="7,0,0,3,2,128" ten="368,210,135,287" oya="3" hai0="66,52,19,130,135,80,13,23,99,105,106,27,127" hai1="35,120,116,114,5,20,26,107,115,39,17,76,98" hai2="21,1,109,22,28,83,46,40,2,124,79,49,91" hai3="30,78,72,132,60,58,61,69,95,110,51,55,92"/><W54/><G30/><T33/><D130/><U82/><E39/><V12/><F124/><W53/><G78/><T85/><D127/><U10/><E120/><V94/><F109/><W73/><G110/><T15/><D66/><U125/><E125/><V71/><F71/><W121/><G54/><T36/><D36/><U133/><E35/><V100/><F100/><W43/><G51/><T111/><D111/><U25/><E25/><V48/><F1/><W34/><G58/><T32/><D32/><U126/><E126/><V70/><F2/><W102/><G34/><T16/><D33/><U41/><E41/><V68/><F68/><W9/><G69/><T67/><D67/><U77/><E116/><V108/><F70/><W131/><G9/><T97/><D27/><U129/><E77/><V63/><F63/><W103/><G43/><T50/><D135/><U117/><E133/><V87/><F28/><W59/><G59/><N who="0" m="33175" /><D105/><U93/><E107/><V7/><F49/><W56/><G56/><T113/><D106/><U90/><E129/><V101/><F101/><W134/><G131/><T74/><D74/><U37/><E37/><V31/><F31/><W84/><G84/><T8/><D113/><U6/><E117/><V57/><F57/><W14/><G14/><T119/><D119/><U75/><E10/><V4/><F108/><W104/><G104/><T11/><D11/><U24/><E24/><V96/><REACH who="2" step="1"/><F12/><REACH who="2" ten="368,210,125,287" step="2"/><W65/><G65/><T123/><D13/><N who="1" m="9263" /><E115/><V45/><F45/><W44/><G44/><T64/><D15/><U42/><E114/><V112/><F112/><RYUUKYOKU ba="0,1" sc="368,-15,210,-15,125,15,287,15" hai2="4,7,21,22,40,46,48,79,83,87,91,94,96" hai3="53,55,60,61,72,73,92,95,102,103,121,132,134" /><INIT seed="7,1,1,0,1,14" ten="353,195,140,302" oya="3" hai0="126,11,40,64,24,23,69,39,25,21,123,120,99" hai1="96,108,33,12,20,74,87,16,81,94,84,112,100" hai2="85,90,73,104,78,37,105,135,88,89,95,1,79" hai3="83,61,111,125,80,59,98,9,72,132,46,15,129"/><W75/><G129/><T4/><D126/><U45/><E108/><V82/><F37/><W41/><G125/><T76/><D69/><U38/><E112/><V35/><F35/><W119/><G119/><T121/><D64/><U55/><E33/><V107/><F1/><W28/><G28/><T50/><D99/><U77/><REACH who="1" step="1"/><E55/><REACH who="1" ten="353,185,140,302" step="2"/><V97/><F135/><W8/><G132/><T122/><D120/><U113/><E113/><V65/><F65/><W62/><G111/><T5/><D121/><U133/><E133/><V27/><F27/><W60/><G75/><T49/><D24/><U6/><E6/><V57/><F57/><W32/><G72/><T116/><D25/><U36/><E36/><V109/><F109/><W68/><G59/><T93/><D5/><U3/><E3/><V118/><F118/><W47/><G32/><T44/><D4/><U0/><E0/><V30/><F30/><W134/><G134/><T131/><D116/><U43/><AGARI ba="1,2" hai="12,16,20,38,43,45,74,77,81,84,87,94,96,100" machi="43" ten="30,7900,0" yaku="1,1,0,1,52,1,54,1,53,0" doraHai="14" doraHaiUra="124" who="1" fromWho="1" sc="353,-21,185,102,140,-21,302,-40" owari="332,43.0,287,9.0,119,-38.0,262,-14.0" /></mjloggm>