<mjloggm ver="2.3"><GO type="185" lobby="0"/><UN n0="%E3%81%9F%E3%82%93%E3%82%86%E3%81%86" n1="%E5%A4%9A%E6%9E%97%E6%99%8B" n2="%E3%82%B3%E3%82%B3%E3%82%A2%E3%81%AF%E4%BF%BA%E3%81%AE%E5%AB%81" n3="" dan="16,16,17,0" rate="2246.74,2216.93,2242.66,1500.00" sx="F,M,F,C"/><TAIKYOKU oya="0"/><INIT seed="0,0,0,5,2,109" ten="350,350,350,0" oya="0" hai0="116,130,83,123,95,47,128,44,39,55,37,61,122" hai1="2,101,125,112,86,56,120,118,119,131,71,110,100" hai2="88,48,0,41,3,57,105,74,73,59,51,68,72" hai3=""/><T90/><N who="0" m="31264" /><T50/><N who="0" m="31520" /><T33/><D33/><U38/><E56/><V93/><F105/><T80/><D116/><U108/><E86/><V40/><F68/><T134/><D61/><U77/><E77/><V106/><F106/><T53/><D134/><U69/><N who="1" m="30752" /><U49/><E49/><V64/><F64/><T103/><D103/><U121/><N who="1" m="31008" /><U62/><E62/><V65/><F65/><T34/><D34/><U35/><E35/><V92/><F73/><T70/><D70/><U89/><E125/><V126/><REACH who="2" step="1"/><F88/><REACH who="2" ten="350,350,340,0" step="2"/><T43/><D90/><U87/><E89/><V96/><F96/><T46/><D95/><U124/><E69/><V85/><F85/><T32/><D32/><U102/><E87/><V133/><F133/><T75/><D75/><U63/><E71/><V114/><F114/><T91/><D91/><U94/><E112/><V113/><F113/><T60/><D80/><U99/><E94/><V79/><F79/><T82/><D83/><U111/><E110/><V52/><F52/><T1/><D82/><U98/><E111/><V36/><F36/><T104/><D104/><U78/><E108/><V54/><F54/><T42/><D53/><U115/><E115/><V84/><F84/><RYUUKYOKU ba="0,1" sc="350,-10,350,-10,340,20,0,0" hai2="0,3,40,41,48,51,57,59,72,74,92,93,126" /><INIT seed="1,1,1,0,0,105" ten="340,340,360,0" oya="1" hai0="66,91,103,104,65,0,47,71,121,128,129,124,92" hai1="112,42,57,125,56,88,55,59,109,32,122,84,82" hai2="81,99,2,73,36,95,48,120,135,87,51,119,33" hai3=""/><U123/><N who="1" m="31264" /><U61/><N who="1" m="31520" /><U94/><E32/><V70/><N who="2" m="30752" /><V115/><F119/><T53/><N who="0" m="31008" /><T67/><D0/><U38/><E112/><V83/><F2/><T134/><D71/><U97/><E125/><V46/><F33/><T118/><D124/><U49/><E38/><V116/><F116/><T43/><D53/><U113/><E113/><V126/><F115/><T101/><D118/><U117/><E109/><V58/><F126/><T63/><D63/><U90/><E117/><V39/><F70/><T93/><D93/><U98/><E97/><V133/><F58/><T72/><D72/><U68/><E68/><V110/><F110/><T75/><D75/><U106/><E106/><V85/><F95/><T40/><D104/><U130/><E130/><N who="0" m="50281" /><D134/><U78/><E78/><V37/><F37/><T74/><D74/><U52/><E42/><N who="0" m="15913" /><D47/><AGARI ba="1,1" hai="47,49,52,55,56,57,59,61,82,84,88,90,94,98" m="31520,31264" machi="47" ten="30,18000,2" yaku="7,1,8,1,52,2,54,2" doraHai="105" who="1" fromWho="0" sc="340,-182,340,192,360,0,0,0" /><INIT seed="1,2,0,5,1,63" ten="158,532,360,0" oya="1" hai0="38,77,39,130,112,105,110,125,85,106,128,90,49" hai1="35,93,103,83,126,115,96,47,61,40,2,0,108" hai2="129,116,86,101,73,84,94,81,92,120,51,3,127" hai3=""/><U67/><E35/><V44/><N who="2" m="30752" /><V75/><F3/><T74/><D49/><U56/><E115/><V48/><F116/><T65/><D65/><U109/><E126/><V33/><F33/><T57/><D57/><U70/><E70/><V80/><F127/><T123/><N who="0" m="31520" /><T104/><D39/><U36/><E83/><V134/><F44/><T97/><D38/><U119/><E119/><V135/><REACH who="2" step="1"/><F101/><REACH who="2" ten="158,532,350,0" step="2"/><T54/><D125/><U99/><E0/><V68/><F68/><T91/><D112/><U82/><E2/><V113/><F113/><T55/><D110/><U88/><E109/><V132/><F132/><T76/><D97/><U52/><E108/><V133/><F133/><T111/><D111/><U124/><E124/><V122/><N who="2" m="31264" /><V37/><F37/><T50/><D50/><U43/><E36/><V59/><F59/><T79/><D74/><U89/><E47/><V60/><F60/><T53/><REACH who="0" step="1"/><D85/><REACH who="0" ten="148,532,350,0" step="2"/><U41/><E99/><V100/><F100/><T34/><D34/><U64/><E103/><V66/><F66/><T42/><D42/><U1/><E1/><V114/><F114/><T72/><D72/><U45/><E45/><V107/><F107/><T131/><AGARI ba="2,2" hai="53,54,55,76,77,79,90,91,104,105,106,128,130,131" m="31520" machi="131" ten="50,24000,5" yakuman="40" doraHai="63" doraHaiUra="69" who="0" fromWho="0" sc="148,264,532,-162,350,-82,0,0" /><INIT seed="2,0,0,5,4,41" ten="412,370,268,0" oya="2" hai0="103,47,129,108,87,135,72,2,133,46,66,74,51" hai1="126,32,54,106,71,57,0,58,70,45,123,116,98" hai2="94,121,3,42,88,73,80,102,33,112,90,53,75" hai3=""/><V38/><N who="2" m="31008" /><V44/><F112/><T60/><D2/><U68/><N who="1" m="31520" /><U43/><E0/><V69/><F3/><T132/><D129/><U1/><E1/><V65/><F33/><T56/><D108/><U76/><E32/><V77/><F102/><T125/><D125/><U124/><E116/><V82/><F53/><T101/><D87/><U95/><E106/><V111/><F111/><T93/><D51/><U118/><E76/><V49/><F38/><T61/><D61/><U92/><E118/><V79/><REACH who="2" step="1"/><F94/><REACH who="2" ten="412,370,258,0" step="2"/><T99/><D101/><U81/><E95/><V85/><F85/><T127/><D127/><U63/><E92/><V84/><F84/><T52/><D52/><U105/><E126/><V100/><F100/><T128/><D128/><U96/><E124/><V113/><F113/><T91/><D103/><U39/><E105/><V104/><F104/><T110/><D110/><U67/><REACH who="1" step="1"/><E81/><REACH who="1" ten="412,360,258,0" step="2"/><V109/><F109/><T34/><D34/><U107/><E107/><V117/><F117/><T89/><D132/><U40/><E40/><V119/><F119/><T48/><D133/><U35/><E35/><V131/><F131/><T78/><D135/><U130/><E130/><V120/><N who="2" m="30752" /><V50/><F50/><AGARI ba="0,2" hai="39,43,45,50,54,57,58,63,67,68,70,71,96,98" m="31520" machi="50" ten="40,8000,1" yaku="1,1,6,1,52,2,53,0" doraHai="41" doraHaiUra="122" who="1" fromWho="2" sc="412,0,360,100,258,-80,0,0" /><INIT seed="4,0,0,1,0,109" ten="412,460,178,0" oya="0" hai0="129,60,62,116,107,78,131,87,2,85,104,126,64" hai1="1,37,98,103,33,94,101,55,40,81,34,35,120" hai2="118,111,133,84,65,95,122,43,99,42,92,114,113" hai3=""/><T54/><D2/><U45/><N who="1" m="30752" /><U88/><E1/><V52/><N who="2" m="31264" /><V102/><F111/><T117/><D54/><U67/><E67/><V76/><F133/><T112/><D64/><U82/><E103/><V75/><F65/><T49/><D49/><U79/><E79/><V70/><F70/><T128/><D78/><U61/><E101/><V66/><F66/><T74/><D74/><U100/><E100/><V3/><F3/><T80/><D80/><U135/><E135/><V115/><F118/><N who="0" m="45674" /><D126/><U73/><E73/><V91/><REACH who="2" step="1"/><F52/><REACH who="2" ten="412,460,168,0" step="2"/><T50/><D50/><U96/><E55/><V86/><F86/><N who="0" m="32778" /><D112/><U124/><E61/><AGARI ba="0,1" hai="60,61,62,104,107,128,129,131" m="32778,45674" machi="61" ten="40,7700,0" yaku="28,2,19,1" doraHai="109" who="0" fromWho="1" sc="412,87,460,-77,168,0,0,0" /><INIT seed="4,1,0,2,2,87" ten="499,383,168,0" oya="0" hai0="74,109,93,63,40,73,108,36,106,122,116,91,127" hai1="107,32,118,102,54,57,117,89,38,44,111,61,60" hai2="69,77,112,39,82,79,1,47,37,59,115,96,45" hai3=""/><T85/><N who="0" m="31264" /><T95/><D106/><U75/><E32/><V113/><F1/><T134/><D116/><U101/><E111/><N who="0" m="42569" /><D127/><U103/><E107/><V51/><F69/><T72/><D134/><U42/><E75/><V114/><N who="2" m="28672" /><DORA hai="81" /><V98/><F59/><T86/><D63/><U83/><REACH who="1" step="1"/><E61/><REACH who="1" ten="499,373,168,0" step="2"/><V125/><F125/><T84/><D95/><U88/><E88/><V43/><F77/><T100/><D100/><U110/><E110/><V66/><F66/><T76/><D76/><U48/><E48/><V65/><F65/><T46/><AGARI ba="1,1" hai="36,40,46,72,73,74,84,85,86,91,93" m="42569,31264" machi="46" ten="40,12000,2" yaku="10,1,52,5" doraHai="87,81" who="0" fromWho="0" sc="499,132,373,-61,168,-61,0,0" /><INIT seed="4,2,0,1,5,129" ten="631,312,107,0" oya="0" hai0="45,67,101,55,90,102,46,120,33,123,72,3,110" hai1="69,88,56,66,118,128,105,78,81,2,111,77,49" hai2="108,34,38,68,124,89,75,86,99,52,132,79,50" hai3=""/><T74/><N who="0" m="30752" /><T100/><N who="0" m="31520" /><T65/><D3/><U92/><E2/><V44/><F108/><T36/><D33/><U51/><E105/><V54/><F124/><T113/><D110/><U127/><E111/><V41/><F34/><T116/><D116/><U64/><E118/><V85/><F54/><T121/><N who="0" m="31008" /><T91/><D55/><U103/><E103/><V43/><F43/><T131/><D36/><U117/><E117/><V59/><F75/><T93/><D93/><U114/><E127/><V84/><F79/><T37/><D37/><U0/><E78/><V98/><F89/><T135/><D101/><U107/><E51/><V39/><F39/><T122/><N who="0" m="31264" /><T32/><D32/><U42/><E49/><V48/><F48/><T95/><D95/><U94/><E92/><V133/><REACH who="2" step="1"/><F68/><REACH who="2" ten="631,312,97,0" step="2"/><T60/><D91/><U112/><E88/><V53/><F53/><T61/><D90/><U87/><E77/><V126/><F126/><T104/><D104/><U115/><E107/><V76/><F76/><T106/><D106/><U82/><E0/><V62/><F62/><T80/><D61/><U83/><E69/><V96/><AGARI ba="2,1" hai="38,41,44,50,52,59,84,85,86,96,98,99,132,133" machi="96" ten="40,9000,2" yaku="1,1,0,1,52,2,54,1,53,1" doraHai="129" doraHaiUra="47" who="2" fromWho="2" sc="631,-62,312,-32,97,104,0,0" /><INIT seed="5,0,0,5,4,41" ten="569,280,201,0" oya="1" hai0="76,127,88,97,120,79,135,101,0,49,56,40,103" hai1="110,130,105,39,129,104,34,63,33,67,70,112,46" hai2="96,92,85,58,51,131,108,100,75,128,91,86,133" hai3=""/><U124/><E110/><V48/><F108/><T80/><N who="0" m="30752" /><T93/><D0/><U43/><E112/><V64/><F85/><T132/><D127/><U35/><REACH who="1" step="1"/><E124/><REACH who="1" ten="569,270,201,0" step="2"/><V125/><F125/><T38/><D132/><U83/><E83/><V72/><F133/><T47/><D135/><U117/><E117/><V68/><F131/><AGARI ba="0,1" hai="33,34,35,39,43,46,63,67,70,104,105,129,130,131" machi="131" ten="50,12000,1" yaku="1,1,19,1,23,2,52,1,53,0" doraHai="41" doraHaiUra="134" who="1" fromWho="2" sc="569,0,270,130,201,-120,0,0" /><INIT seed="5,1,0,2,5,102" ten="569,400,81,0" oya="1" hai0="98,69,71,32,53,82,76,68,33,122,47,0,61" hai1="88,52,65,48,67,103,126,81,70,90,116,109,87" hai2="127,121,99,62,84,46,133,75,37,96,57,124,112" hai3=""/><U130/><E116/><V64/><N who="2" m="31008" /><V135/><F75/><T38/><N who="0" m="31264" /><T80/><D0/><U58/><E130/><V91/><F112/><T49/><D80/><U56/><E126/><N who="2" m="48171" /><F46/><T55/><D38/><U92/><E109/><V78/><F78/><T97/><D97/><N who="2" m="37450" /><F37/><T40/><D98/><U51/><E70/><V42/><F42/><T115/><D115/><U72/><E103/><V134/><F84/><T34/><D61/><U107/><E107/><V125/><N who="2" m="48179" /><V113/><DORA hai="94" /><F113/><T101/><D101/><U129/><E129/><V3/><F91/><T43/><D40/><U105/><E105/><V117/><F117/><T108/><D108/><U45/><E45/><V44/><F44/><T74/><AGARI ba="1,0" hai="32,33,34,43,47,49,53,55,68,69,71,74,76,82" m="31264" machi="74" ten="40,2000,0" yaku="0,1,52,1" doraHai="102,94" who="0" fromWho="0" sc="569,22,400,-14,81,-8,0,0" /><INIT seed="6,0,0,0,1,2" ten="591,386,73,0" oya="2" hai0="125,80,78,92,90,99,95,82,39,33,64,72,127" hai1="3,123,96,98,116,126,100,46,58,88,61,79,103" hai2="43,84,1,73,38,57,135,74,131,45,115,37,62" hai3=""/><V85/><F115/><T107/><D33/><U108/><N who="1" m="31520" /><U51/><E3/><V111/><F1/><T49/><D39/><U106/><E108/><V36/><F111/><T81/><D64/><U34/><E116/><V117/><F117/><T50/><D107/><U0/><E126/><N who="0" m="48137" /><D92/><U101/><E0/><V76/><F135/><T48/><AGARI ba="0,0" hai="48,49,50,72,78,80,81,82,90,95,99" m="48137" machi="48" ten="30,800,0" yaku="18,1" doraHai="2" who="0" fromWho="0" sc="591,8,386,-3,73,-5,0,0" owari="599,55.0,383,-2.0,68,-53.0,0,0.0" /></mjloggm>