<mjloggm ver="2.3"><GO type="185" lobby="0"/><UN n0="%70%6F%6E%5F%6B%61%73%75" n1="%63%61%6C%63%2E" n2="%44%75%73%6B" n3="" dan="16,19,16,0" rate="2172.67,2412.31,2162.37,1500.00" sx="M,M,M,C"/><TAIKYOKU oya="0"/><INIT seed="0,0,0,4,5,115" ten="350,350,350,0" oya="0" hai0="80,87,119,47,86,42,120,53,45,110,44,103,123" hai1="106,128,79,121,66,55,63,49,118,64,134,90,98" hai2="50,112,36,116,132,91,73,104,41,40,108,35,1" hai3=""/><T107/><N who="0" m="30752" /><T56/><N who="0" m="31520" /><T69/><D69/><U111/><N who="1" m="31008" /><U85/><E111/><V65/><F50/><T62/><D110/><U122/><N who="1" m="31264" /><U113/><E113/><V0/><F65/><T58/><D119/><U43/><E128/><V33/><F108/><T88/><D56/><U34/><E34/><V68/><F68/><T135/><D135/><U89/><E134/><V39/><F91/><T37/><REACH who="0" step="1"/><D87/><REACH who="0" ten="340,350,350,0" step="2"/><U117/><E85/><V130/><F132/><T93/><D93/><U3/><E117/><V78/><F130/><T57/><D57/><U2/><E118/><V129/><F129/><T124/><D124/><U131/><E131/><V94/><F112/><T60/><D60/><U72/><E63/><V95/><F116/><T70/><D70/><U125/><E125/><V54/><F35/><T75/><D75/><U32/><E72/><V84/><F33/><T99/><AGARI ba="0,1" hai="37,42,44,45,47,53,58,62,80,86,88,99,103,107" m="31520,30752" machi="99" ten="30,12000,2" yaku="1,1,0,1,52,2,54,1,53,1" doraHai="115" doraHaiUra="52" who="0" fromWho="0" sc="340,130,350,-60,350,-60,0,0" /><INIT seed="0,1,0,4,0,101" ten="470,290,290,0" oya="0" hai0="105,41,91,127,110,94,109,107,125,89,131,57,50" hai1="72,51,69,38,121,123,118,128,96,63,53,47,135" hai2="39,52,85,74,124,70,88,100,93,61,59,48,99" hai3=""/><T82/><D131/><U86/><N who="1" m="31008" /><U115/><N who="1" m="31520" /><U132/><E72/><V2/><F124/><N who="0" m="47690" /><D82/><U40/><E118/><V117/><F117/><T98/><D91/><U81/><E128/><V73/><F39/><T92/><D92/><U45/><E96/><V113/><F113/><T62/><D50/><U56/><E115/><V49/><F2/><T84/><D41/><U122/><N who="1" m="31264" /><U133/><E69/><V32/><F32/><T66/><D84/><U76/><REACH who="1" step="1"/><E133/><REACH who="1" ten="470,280,290,0" step="2"/><V42/><F70/><T114/><D114/><U65/><AGARI ba="1,1" hai="38,40,45,47,51,53,56,63,65,76,81,86,132,135" m="31264,31520,31008" machi="65" ten="30,9000,2" yaku="1,1,2,1,0,1,52,3,53,0" doraHai="101" doraHaiUra="0" who="1" fromWho="1" sc="470,-61,280,102,290,-31,0,0" /><INIT seed="1,0,0,3,1,111" ten="409,382,259,0" oya="1" hai0="2,91,60,102,132,123,41,43,66,32,105,83,69" hai1="48,112,51,118,101,96,79,100,63,0,88,46,95" hai2="65,67,71,42,52,99,90,36,58,39,3,104,87" hai3=""/><U78/><E118/><V50/><F3/><T93/><N who="0" m="31520" /><T62/><D2/><U131/><E0/><V128/><F128/><T70/><D32/><U98/><E131/><V82/><F42/><T77/><D132/><U115/><E63/><V113/><F113/><T1/><D1/><U124/><E124/><V61/><F67/><T127/><D127/><U125/><E125/><V130/><F130/><T94/><D94/><U53/><E100/><V38/><F99/><T57/><D105/><U33/><E33/><V75/><F75/><T116/><D102/><U119/><E119/><V84/><F84/><T49/><D49/><U47/><E79/><V81/><REACH who="2" step="1"/><F104/><REACH who="2" ten="409,382,249,0" step="2"/><T72/><D116/><U89/><E98/><V76/><F76/><T126/><D126/><U86/><E78/><V110/><F110/><T40/><D70/><U80/><E101/><V133/><F133/><T129/><D129/><U59/><REACH who="1" step="1"/><E59/><REACH who="1" ten="409,372,249,0" step="2"/><V134/><F134/><T120/><N who="0" m="30752" /><T44/><D69/><U45/><E45/><V103/><F103/><T54/><D44/><U121/><N who="1" m="31008" /><U85/><E85/><V117/><F117/><T35/><D35/><U55/><AGARI ba="0,2" hai="46,47,48,51,53,55,80,86,88,89,95,96,112,115" m="31008" machi="55" ten="20,16000,3" yaku="1,1,0,1,7,1,9,1,52,3,54,1,53,2" doraHai="111" doraHaiUra="109" who="1" fromWho="1" sc="409,-80,372,180,249,-80,0,0" /><INIT seed="1,1,0,2,5,37" ten="329,552,169,0" oya="1" hai0="3,130,108,110,93,92,56,64,96,111,49,79,91" hai1="0,88,45,95,2,121,74,107,115,54,60,68,98" hai2="47,61,33,66,36,89,106,59,84,127,44,105,43" hai3=""/><U82/><N who="1" m="31008" /><U124/><E115/><V50/><F127/><T122/><N who="0" m="31264" /><T46/><D130/><U120/><N who="1" m="30752" /><U119/><E119/><V87/><F87/><T63/><D3/><U112/><E112/><V129/><F129/><T97/><D79/><U80/><E124/><V102/><F102/><T134/><D134/><U135/><E135/><V34/><F34/><T72/><D72/><U53/><E107/><V100/><F100/><T133/><D133/><U81/><E74/><V101/><F101/><T128/><D128/><U99/><E98/><N who="0" m="37993" /><D91/><U109/><E109/><V39/><F33/><T76/><D76/><U65/><REACH who="1" step="1"/><E45/><REACH who="1" ten="329,542,169,0" step="2"/><V77/><F77/><T48/><D46/><U57/><E57/><V126/><F126/><T116/><D116/><U83/><N who="1" m="20480" /><DORA hai="1" /><U51/><E51/><AGARI ba="1,1" hai="48,49,51,56,63,64,92,93,108,110,111" m="37993,31264" machi="51" ten="40,2600,0" yaku="14,1,52,1" doraHai="37,1" who="0" fromWho="1" sc="329,38,542,-28,169,0,0,0" /><INIT seed="2,0,0,3,4,128" ten="367,514,169,0" oya="2" hai0="66,114,75,72,32,118,107,132,68,76,105,110,52" hai1="98,44,47,3,35,113,84,126,133,43,119,64,135" hai2="129,122,120,42,89,39,61,88,92,60,117,78,134" hai3=""/><V54/><N who="2" m="30752" /><V59/><N who="2" m="31264" /><V48/><F117/><T90/><D110/><U106/><E113/><V95/><F129/><T38/><D38/><U99/><E35/><V69/><F78/><T94/><D118/><U104/><E119/><V65/><F60/><T49/><D32/><U121/><N who="1" m="31008" /><U36/><E64/><V112/><F112/><T77/><D114/><U74/><E74/><V73/><F73/><T100/><D107/><U50/><E84/><V70/><F70/><T53/><D105/><U103/><E3/><V124/><F124/><T58/><D100/><U102/><E126/><V130/><F130/><T125/><D125/><U0/><E0/><V111/><F111/><T127/><D127/><U86/><E86/><V67/><F67/><T57/><D68/><U82/><E82/><V85/><F134/><T2/><D132/><U93/><E93/><N who="2" m="35915" /><F85/><T96/><D2/><U87/><E87/><V56/><F56/><T46/><D72/><U80/><E80/><V116/><F116/><T40/><D75/><U41/><AGARI ba="0,0" hai="36,41,43,44,47,50,98,99,102,103,104,106,133,135" m="31008" machi="41" ten="30,6000,1" yaku="0,1,9,1,52,3" doraHai="128" who="1" fromWho="1" sc="367,-20,514,60,169,-40,0,0" /><INIT seed="4,0,0,4,1,3" ten="347,574,129,0" oya="0" hai0="84,93,40,96,52,66,76,100,70,67,51,35,94" hai1="122,59,97,117,90,63,72,78,92,119,38,104,56" hai2="34,130,102,101,87,112,62,65,89,42,125,54,110" hai3=""/><T48/><D48/><U79/><BYE who="0" /><N who="1" m="31264" /><U111/><E38/><V75/><F110/><UN n0="%70%6F%6E%5F%6B%61%73%75" /><T126/><D35/><U83/><E111/><V73/><F130/><T80/><D126/><U74/><E104/><V47/><F125/><T44/><D70/><U121/><N who="1" m="31008" /><U68/><E68/><V86/><F112/><T37/><REACH who="0" step="1"/><D94/><REACH who="0" ten="337,574,129,0" step="2"/><U45/><E45/><AGARI ba="0,1" hai="37,40,44,45,51,52,66,67,76,80,84,93,96,100" machi="45" ten="30,12000,1" yaku="1,1,2,1,7,1,54,1,53,1" doraHai="3" doraHaiUra="69" who="0" fromWho="1" sc="337,130,574,-120,129,0,0,0" /><INIT seed="4,1,0,3,4,51" ten="467,454,129,0" oya="0" hai0="95,33,50,106,55,81,83,105,63,93,58,121,98" hai1="116,111,79,54,133,101,36,129,108,1,68,34,62" hai2="88,130,46,41,112,47,107,2,74,123,100,80,61" hai3=""/><T0/><N who="0" m="31008" /><T87/><D0/><U76/><E1/><V75/><N who="2" m="31520" /><V48/><F2/><T92/><D33/><U134/><E34/><V82/><F112/><T64/><D98/><U114/><E116/><V99/><F130/><T125/><D125/><U69/><E36/><V42/><F61/><T124/><D124/><U60/><E101/><V109/><F109/><T115/><D115/><U66/><E114/><V56/><F56/><T57/><REACH who="0" step="1"/><D81/><REACH who="0" ten="457,454,129,0" step="2"/><U94/><E129/><V131/><F131/><T128/><D128/><U118/><E118/><V73/><F82/><T104/><D104/><U110/><E108/><V37/><REACH who="2" step="1"/><F73/><REACH who="2" ten="457,454,119,0" step="2"/><T72/><D72/><U86/><E110/><V44/><F44/><T43/><D43/><U126/><E111/><V71/><F71/><T135/><D135/><U127/><E126/><V32/><F32/><T45/><D45/><U120/><E127/><V52/><F52/><T70/><D70/><U122/><E54/><V90/><F90/><AGARI ba="1,2" hai="50,55,57,58,63,64,83,87,90,92,93,95,105,106" m="31008" machi="90" ten="40,12000,1" yaku="1,1,52,2,53,1" doraHai="51" doraHaiUra="49" who="0" fromWho="2" sc="457,142,454,0,119,-122,0,0" owari="599,55.0,454,5.0,-3,-60.0,0,0.0" /></mjloggm>