<mjloggm ver="2.3"><GO type="225" lobby="0"/><UN n0="%74%72%69%65%74%74%61" n1="%62%69%67%6D%6F%75%74%68" n2="%E3%83%B4%E3%83%A0%EF%BC%99%E3%81%A6" n3="%E3%81%82%E3%82%89%E3%81%8C%E3%81%8D%E3%81%82%E3%82%84%E3%81%9B" dan="16,16,17,16" rate="2110.23,2112.68,2178.63,2163.40" sx="M,M,M,F"/><TAIKYOKU oya="0"/><INIT seed="0,0,0,3,0,3" ten="250,250,250,250" oya="0" hai0="110,126,93,68,42,51,64,112,88,83,34,121,18" hai1="27,133,69,130,85,113,86,116,105,1,59,24,107" hai2="19,84,0,89,108,56,16,134,111,117,90,72,109" hai3="52,61,29,125,12,8,31,15,129,4,71,78,76"/><T35/><D121/><U50/><E116/><V9/><F72/><W132/><G129/><T55/><D112/><U30/><E69/><V67/><F117/><W41/><G132/><T101/><D126/><U120/><E120/><V118/><F118/><W54/><G125/><T7/><D110/><U20/><E133/><V75/><F75/><W45/><G15/><T6/><D35/><U128/><E113/><V95/><F134/><W21/><G71/><T102/><D34/><U32/><E1/><V11/><F11/><W123/><G123/><T92/><D64/><U38/><E38/><V73/><F73/><W114/><G114/><T131/><D131/><N who="1" m="50219" /><E59/><V77/><F77/><N who="3" m="29803" /><G61/><T28/><D28/><N who="3" m="10825" /><G21/><T104/><D104/><N who="1" m="40011" /><E50/><AGARI ba="0,0" hai="4,8,12,41,45,50,52,54" m="10825,29803" machi="50" ten="30,3900,0" yaku="8,1,52,1,54,1" doraHai="3" who="3" fromWho="1" sc="250,0,250,-39,250,0,250,39" /><INIT seed="1,0,0,4,1,132" ten="250,211,250,289" oya="1" hai0="99,55,63,91,12,44,21,2,9,59,67,3,120" hai1="125,110,131,27,94,72,54,74,14,134,38,57,90" hai2="17,22,118,84,34,121,35,102,20,85,86,18,128" hai3="10,42,116,92,100,83,36,45,103,124,65,78,101"/><U37/><E134/><V40/><F118/><W0/><G116/><T28/><D120/><U53/><E131/><V56/><F121/><W19/><G65/><T6/><D2/><U25/><E110/><V133/><F128/><W87/><G124/><T96/><D3/><U5/><E125/><V73/><F73/><W71/><G71/><T11/><D91/><U24/><E74/><V126/><F126/><W48/><G36/><T88/><D9/><U129/><E129/><V8/><F8/><W108/><G108/><T58/><D44/><U70/><E70/><V47/><F102/><W135/><G135/><T1/><D1/><U79/><E54/><V117/><F56/><W7/><G19/><T106/><D106/><U60/><E79/><V15/><F117/><W52/><REACH who="3" step="1"/><G42/><REACH who="3" ten="250,211,250,279" step="2"/><T4/><D4/><U39/><E72/><V49/><REACH who="2" step="1"/><F133/><REACH who="2" ten="250,211,240,279" step="2"/><W64/><G64/><T95/><D67/><U105/><E105/><V77/><F77/><W41/><G41/><T81/><D55/><U68/><E68/><V80/><F80/><W115/><G115/><T123/><D81/><U97/><E5/><V13/><AGARI ba="0,2" hai="13,15,17,18,20,22,34,35,40,47,49,84,85,86" machi="13" ten="30,4000,0" yaku="1,1,0,1,9,1,53,0" doraHai="132" doraHaiUra="33" who="2" fromWho="2" sc="250,-10,211,-20,240,60,279,-10" /><INIT seed="2,0,0,0,0,102" ten="240,191,300,269" oya="2" hai0="119,60,46,127,22,41,56,79,134,92,130,132,77" hai1="85,128,25,97,101,50,44,105,28,31,62,55,13" hai2="51,30,86,103,12,15,114,49,104,126,90,93,4" hai3="37,91,34,21,120,57,67,47,10,87,16,74,111"/><V33/><F114/><W75/><G120/><T84/><D22/><U52/><E128/><V53/><F126/><W58/><G34/><T131/><D92/><U98/><E98/><V124/><F124/><W83/><G111/><T88/><D127/><U35/><E31/><V2/><F2/><W9/><G74/><T59/><D119/><U3/><E3/><V27/><F4/><W5/><G75/><T107/><D107/><U68/><E13/><V18/><F53/><W24/><G67/><N who="0" m="39303" /><D59/><U106/><E85/><V94/><F94/><W110/><G110/><T29/><D29/><U61/><E68/><V43/><F43/><W0/><REACH who="3" step="1"/><G10/><REACH who="3" ten="240,191,300,259" step="2"/><T38/><D132/><U66/><E66/><V48/><REACH who="2" step="1"/><F18/><REACH who="2" ten="240,191,290,259" step="2"/><W135/><G135/><T69/><D134/><U7/><E7/><V14/><F14/><W26/><G26/><T133/><D133/><U89/><E106/><V81/><F81/><W72/><G72/><T115/><D115/><U6/><E6/><V112/><F112/><W122/><G122/><T70/><D131/><U116/><E116/><V45/><F45/><W99/><G99/><AGARI ba="0,2" hai="12,15,27,30,33,48,49,51,86,90,93,99,103,104" machi="99" ten="40,3900,0" yaku="1,1,52,1,53,0" doraHai="102" doraHaiUra="65" who="2" fromWho="3" sc="240,0,191,0,290,59,259,-39" /><INIT seed="2,1,0,4,2,75" ten="240,191,349,220" oya="2" hai0="26,79,100,126,115,2,129,54,103,86,113,43,118" hai1="104,56,32,61,58,5,46,99,69,50,108,93,36" hai2="71,122,119,82,92,35,18,9,53,111,19,130,40" hai3="74,28,37,133,72,97,120,27,109,21,134,64,107"/><V33/><F119/><W31/><G120/><T13/><D2/><U102/><E32/><V24/><F122/><W49/><G37/><T106/><D118/><U12/><E36/><V78/><F71/><W131/><G109/><T41/><D115/><U117/><E117/><V132/><F40/><N who="0" m="15434" /><D106/><U39/><E39/><V25/><F111/><W94/><G107/><T62/><D129/><U116/><E116/><V124/><F130/><W83/><G131/><T10/><D126/><U87/><E108/><V42/><F42/><W91/><G64/><T81/><D26/><U34/><E34/><V7/><F35/><W29/><G49/><T51/><D62/><U1/><E1/><V135/><F124/><W101/><G101/><T68/><D68/><U125/><E125/><V14/><F53/><W30/><REACH who="3" step="1"/><G83/><REACH who="3" ten="240,191,349,210" step="2"/><T80/><D81/><U16/><E104/><V55/><F82/><W11/><G11/><T84/><D113/><U4/><E69/><V89/><F9/><W105/><G105/><T70/><D70/><U20/><E87/><V90/><F135/><AGARI ba="1,1" hai="21,27,28,29,30,31,72,74,91,94,97,133,134,135" machi="135" ten="40,2600,0" yaku="1,1,20,1,53,0" doraHai="75" doraHaiUra="15" who="3" fromWho="2" sc="240,0,191,0,349,-29,210,39" /><INIT seed="3,0,0,3,2,40" ten="240,191,320,249" oya="3" hai0="91,5,126,36,131,133,59,128,113,95,112,4,28" hai1="37,47,49,106,118,70,101,18,29,109,71,33,90" hai2="6,98,42,61,17,30,72,99,8,3,0,69,50" hai3="24,51,20,64,48,110,79,129,93,56,86,81,39"/><W57/><G39/><T23/><D36/><U102/><E37/><V14/><F72/><W117/><G117/><T114/><D59/><U60/><E118/><V35/><F0/><W89/><G129/><N who="0" m="49739" /><D133/><U10/><E109/><V74/><F74/><W116/><G116/><T78/><D78/><U9/><E90/><V32/><F32/><W73/><G110/><T84/><D126/><U7/><E29/><V25/><F42/><W67/><G57/><T15/><D15/><U122/><E33/><V54/><F61/><W52/><REACH who="3" step="1"/><G51/><REACH who="3" ten="240,191,320,239" step="2"/><T82/><D114/><U31/><E122/><V105/><F69/><W75/><G75/><T43/><D113/><U124/><E124/><V55/><F50/><W103/><G103/><N who="1" m="39434" /><E71/><V76/><F105/><W34/><G34/><T83/><D112/><U21/><E106/><V119/><F119/><W107/><G107/><T80/><D43/><N who="1" m="24831" /><E70/><V130/><F35/><W58/><G58/><T2/><D2/><U108/><E108/><V12/><F3/><W97/><G97/><T87/><D84/><U22/><E60/><V134/><F98/><W100/><G100/><T123/><D123/><U44/><E44/><V66/><F99/><W125/><G125/><T88/><D87/><U11/><E7/><V41/><F134/><W127/><G127/><T115/><D115/><U94/><E31/><AGARI ba="0,1" hai="20,24,31,48,52,56,64,67,73,79,81,86,89,93" machi="31" ten="30,11600,0" yaku="1,1,7,1,54,1,53,1" doraHai="40" doraHaiUra="53" who="3" fromWho="1" sc="240,0,191,-116,320,0,239,126" owari="240,-16.0,75,-42.0,320,12.0,365,46.0" /></mjloggm>