<mjloggm ver="2.3"><GO type="169" lobby="0"/><UN n0="%E9%BA%BB%E9%9B%80%E3%81%A7%E9%A3%9F%E3%81%88%21" n1="%E7%B7%91%E3%81%AE%E3%83%A9%E3%83%B3%E3%83%97" n2="%E3%83%95%E3%83%AA%E3%83%86%E3%83%B3" n3="%E6%AD%8C%E8%88%9E%E4%BC%8E%E5%90%9B" dan="18,16,18,16" rate="2230.55,2113.48,2224.16,2092.45" sx="M,M,M,M"/><TAIKYOKU oya="0"/><INIT seed="0,0,0,5,0,99" ten="250,250,250,250" oya="0" hai0="80,20,130,101,52,68,19,46,48,93,83,123,14" hai1="75,106,13,8,122,126,77,39,110,35,124,69,95" hai2="59,133,3,6,96,88,27,73,9,85,98,82,120" hai3="43,55,16,50,2,0,115,65,112,12,121,24,71"/><T108/><D68/><U10/><E95/><V42/><F120/><W76/><G121/><T135/><D123/><U117/><E13/><V129/><F129/><W7/><G76/><T4/><D130/><U37/><E77/><V44/><F133/><W11/><G43/><T54/><D135/><U89/><E89/><V40/><F40/><W87/><G87/><T28/><D108/><U32/><E10/><V72/><F59/><W91/><G91/><T34/><D4/><U131/><E8/><V119/><F27/><W64/><G24/><T94/><D34/><U92/><E92/><V105/><F119/><W102/><G102/><T134/><D134/><U104/><E104/><V81/><F105/><W63/><G65/><T21/><D93/><U116/><E116/><V90/><F90/><W45/><REACH who="3" step="1"/><G0/><REACH who="3" ten="250,250,250,240" step="2"/><T1/><D1/><U41/><E41/><V74/><REACH who="2" step="1"/><F81/><REACH who="2" ten="250,250,240,240" step="2"/><W100/><G100/><T114/><D83/><U57/><E122/><V132/><F132/><W107/><G107/><T47/><D80/><U49/><E106/><V67/><F67/><W33/><G33/><T97/><D101/><U51/><E32/><V18/><F18/><W113/><G113/><T38/><D114/><U17/><E35/><V56/><F56/><W70/><G70/><T15/><D19/><U31/><E57/><V58/><F58/><W60/><G60/><T66/><D66/><U109/><E17/><V118/><F118/><W62/><G62/><T127/><D94/><U61/><E117/><V36/><AGARI ba="0,2" hai="3,6,9,36,42,44,72,73,74,82,85,88,96,98" machi="36" ten="30,4000,0" yaku="1,1,0,1,54,1,53,0" doraHai="99" doraHaiUra="128" who="2" fromWho="2" sc="250,-20,250,-10,240,60,240,-10" /><INIT seed="1,0,0,5,1,10" ten="230,240,300,230" oya="1" hai0="16,52,108,69,0,103,117,2,33,23,68,7,61" hai1="118,51,70,113,101,43,92,71,1,35,127,45,27" hai2="89,119,75,90,5,132,26,42,48,32,73,104,60" hai3="135,78,121,34,44,115,94,114,15,59,39,62,24"/><U28/><E118/><V13/><F104/><W99/><G121/><T9/><D117/><U77/><E113/><V18/><F119/><W105/><G105/><T133/><D0/><U54/><E1/><V122/><F122/><W49/><G39/><T110/><D33/><U29/><E29/><V129/><F5/><W80/><G135/><T50/><D103/><U30/><E30/><V4/><F4/><W87/><G34/><T72/><D72/><U46/><E77/><V102/><F102/><W112/><G24/><T20/><D20/><U21/><E127/><V66/><F129/><W40/><G15/><N who="0" m="9631" /><D61/><U100/><E35/><V65/><F60/><W63/><REACH who="3" step="1"/><G59/><REACH who="3" ten="230,240,300,220" step="2"/><N who="0" m="33175" /><D133/><U111/><E71/><V107/><F107/><W37/><G37/><T126/><D126/><U58/><E70/><V11/><F132/><W55/><G55/><T106/><D106/><U3/><E3/><V57/><F32/><W56/><G56/><T96/><D96/><U116/><E116/><V67/><F26/><W131/><G131/><T123/><D123/><U85/><E58/><V41/><F57/><W79/><G79/><T86/><D86/><U19/><E28/><V8/><F75/><W95/><G95/><T14/><D2/><U130/><E130/><V124/><F73/><W83/><G83/><T53/><D53/><U36/><E85/><V74/><F74/><W82/><G82/><T76/><D76/><U98/><E92/><V120/><F120/><W134/><G134/><T22/><D22/><U93/><E101/><AGARI ba="0,1" hai="40,44,49,62,63,78,80,87,94,99,101,112,114,115" machi="101" ten="40,2600,0" yaku="1,1,53,1" doraHai="10" doraHaiUra="88" who="3" fromWho="1" sc="230,0,240,-26,300,0,220,36" /><INIT seed="2,0,0,4,3,78" ten="230,214,300,256" oya="2" hai0="46,44,75,67,90,51,47,17,5,26,99,89,130" hai1="135,84,61,14,134,41,22,91,0,132,30,6,77" hai2="56,70,64,98,7,83,94,107,16,52,20,3,13" hai3="109,76,53,40,55,93,1,81,122,118,48,33,74"/><V72/><F107/><W123/><G118/><T62/><D75/><U45/><E77/><V86/><F72/><W2/><G33/><T95/><D5/><U87/><E0/><V59/><F70/><W117/><G117/><T23/><D130/><U71/><E6/><V101/><F64/><W35/><G35/><T19/><D89/><U80/><E71/><V18/><F18/><W126/><G1/><T106/><D106/><U79/><E61/><V92/><F92/><W58/><G2/><T133/><D133/><U116/><E116/><V34/><F34/><W103/><G40/><T88/><D90/><U128/><E128/><V24/><F3/><W12/><G126/><T39/><D39/><U43/><E30/><V15/><F7/><W63/><G109/><T42/><REACH who="0" step="1"/><D19/><REACH who="0" ten="220,214,300,256" step="2"/><N who="1" m="10615" /><E45/><V4/><F4/><W127/><G127/><T102/><D102/><U66/><E66/><V112/><F112/><W96/><REACH who="3" step="1"/><G12/><REACH who="3" ten="220,214,300,246" step="2"/><T54/><D54/><U32/><E32/><V10/><F52/><W57/><AGARI ba="0,2" hai="48,53,55,57,58,63,74,76,81,93,96,103,122,123" machi="57" ten="20,8000,1" yaku="1,1,2,1,0,1,7,1,52,1,53,0" doraHai="78" doraHaiUra="28" who="3" fromWho="3" sc="220,-20,214,-20,300,-40,246,100" /><INIT seed="3,0,0,5,0,21" ten="200,194,260,346" oya="3" hai0="14,24,60,91,89,7,4,95,68,90,133,28,122" hai1="66,82,16,74,65,131,50,110,97,55,17,93,1" hai2="76,26,34,135,20,19,23,62,67,57,52,42,81" hai3="104,46,71,85,22,78,29,124,30,38,103,98,115"/><W111/><G71/><T45/><D122/><U87/><E74/><V83/><F135/><W41/><G115/><T106/><D133/><U113/><E1/><V72/><F34/><W118/><G118/><T33/><D106/><U121/><E121/><V117/><F117/><W130/><G124/><T5/><D45/><U105/><E105/><V128/><F128/><W112/><G112/><T51/><D51/><U58/><E131/><V132/><F132/><W92/><G130/><T54/><D54/><U6/><E6/><V27/><F42/><W129/><G129/><T47/><D47/><U126/><E126/><V3/><F3/><W39/><G39/><T2/><D2/><U15/><E113/><V123/><F123/><W84/><G111/><T63/><D68/><U96/><E96/><V32/><F32/><W8/><G8/><T48/><D48/><U12/><E110/><V70/><F81/><W86/><G104/><T109/><D109/><U40/><E40/><V0/><F0/><W80/><REACH who="3" step="1"/><G22/><REACH who="3" ten="200,194,260,336" step="2"/><T64/><D64/><U53/><E66/><V102/><F70/><W108/><G108/><T13/><REACH who="0" step="1"/><D95/><REACH who="0" ten="190,194,260,336" step="2"/><U79/><E65/><V10/><F67/><W73/><AGARI ba="0,2" hai="29,30,38,41,46,73,78,80,84,85,86,92,98,103" machi="73" ten="30,6000,0" yaku="1,1,0,1,53,1" doraHai="21" doraHaiUra="75" who="3" fromWho="3" sc="190,-20,194,-20,260,-20,336,80" /><INIT seed="3,1,0,0,3,37" ten="170,174,240,416" oya="3" hai0="36,26,128,85,131,14,18,90,3,44,126,86,70" hai1="34,43,73,104,99,83,12,66,47,71,97,91,78" hai2="54,120,108,93,84,118,135,81,116,82,1,41,33" hai3="42,17,119,16,20,87,35,76,127,88,28,106,38"/><W80/><G119/><T31/><D70/><U56/><E34/><V27/><F1/><W115/><G115/><T48/><D36/><U11/><E71/><V58/><F108/><W46/><G127/><T125/><D3/><U32/><E32/><V59/><F135/><W60/><G106/><T4/><D4/><U112/><E112/><V110/><F110/><W77/><G35/><T74/><D74/><U5/><E104/><V122/><F93/><W29/><G60/><T113/><D113/><U114/><E91/><V98/><F98/><W100/><G100/><T64/><D64/><U10/><E10/><V67/><F33/><W79/><REACH who="3" step="1"/><G17/><REACH who="3" ten="170,174,240,406" step="2"/><T132/><D125/><U13/><E114/><V68/><F118/><W7/><G7/><T6/><D6/><U133/><E133/><V53/><F116/><W24/><AGARI ba="1,1" hai="16,20,24,28,29,38,42,46,76,77,79,80,87,88" machi="24" ten="30,12000,1" yaku="1,1,0,1,52,1,54,2,53,0" doraHai="37" doraHaiUra="52" who="3" fromWho="3" sc="170,-41,174,-41,240,-41,406,133" /><INIT seed="3,2,0,1,4,48" ten="129,133,199,539" oya="3" hai0="114,64,111,0,76,126,133,22,30,8,9,85,70" hai1="35,40,43,12,103,58,50,92,62,31,84,98,128" hai2="13,99,61,5,125,79,14,105,115,113,86,15,124" hai3="109,97,68,88,34,65,46,36,32,53,28,129,10"/><W25/><G129/><T75/><D75/><U69/><E128/><V93/><F5/><W100/><G109/><T4/><D111/><U95/><E35/><V27/><F105/><W54/><G34/><T67/><D114/><U47/><E31/><V11/><F11/><W57/><G10/><T110/><D110/><U134/><E69/><V3/><F3/><W72/><G72/><T45/><D126/><N who="2" m="48746" /><F27/><W63/><G88/><T83/><D133/><U2/><E2/><V6/><F61/><W26/><G25/><T49/><D70/><U18/><E134/><V101/><F6/><W73/><G73/><T39/><D39/><U19/><E43/><V112/><F86/><W59/><G36/><T23/><D9/><U29/><E29/><V87/><F87/><W135/><G135/><T131/><D131/><U51/><E51/><V117/><F79/><W20/><G20/><T96/><D96/><U106/><E84/><V121/><F117/><W89/><G89/><T82/><D83/><U52/><REACH who="1" step="1"/><E19/><REACH who="1" ten="129,123,199,539" step="2"/><V56/><F115/><W78/><G68/><T118/><D118/><U42/><E42/><V1/><F1/><W132/><G132/><T108/><D108/><U38/><E38/><V74/><F74/><W122/><G32/><T21/><REACH who="0" step="1"/><D30/><REACH who="0" ten="119,123,199,539" step="2"/><U80/><E80/><V120/><F113/><W107/><G28/><T16/><D16/><U123/><E123/><N who="2" m="47179" /><F112/><W116/><G122/><T71/><D71/><U17/><E17/><V24/><F99/><W66/><G97/><T37/><D37/><U44/><E44/><V119/><F119/><W94/><G116/><RYUUKYOKU ba="2,2" sc="119,15,123,15,199,-15,539,-15" hai0="0,4,8,21,22,23,45,49,64,67,76,82,85" hai1="12,18,40,47,50,52,58,62,92,95,98,103,106" /><INIT seed="4,3,2,3,0,43" ten="134,138,184,524" oya="0" hai0="69,10,26,32,134,75,103,46,133,11,76,113,20" hai1="108,80,130,122,110,62,3,77,125,116,72,73,61" hai2="36,23,99,74,111,19,91,114,82,67,37,5,64" hai3="109,128,53,65,4,55,15,86,105,129,21,45,100"/><T115/><D69/><U59/><E116/><V14/><F111/><W78/><G109/><T107/><D76/><U30/><E122/><V81/><F114/><N who="0" m="43530" /><D75/><U83/><E3/><V18/><F37/><W44/><G65/><N who="2" m="25161" /><F36/><W121/><G121/><T0/><D103/><U101/><E101/><V97/><F5/><W131/><G100/><T56/><D107/><U70/><E70/><V42/><F42/><W66/><G66/><T95/><D95/><U17/><E30/><V25/><F74/><W38/><G105/><T124/><D56/><U50/><E130/><V7/><F7/><W87/><G78/><T106/><D106/><U126/><E59/><V60/><F60/><W28/><G131/><T48/><D32/><U40/><E40/><V16/><F91/><W112/><G129/><T22/><D124/><U8/><E77/><V68/><F68/><W24/><G128/><T2/><D10/><U29/><E8/><N who="2" m="6215" /><F81/><W47/><G112/><T49/><D49/><U132/><E50/><V120/><F82/><W118/><G38/><T1/><D11/><U127/><E127/><V135/><F120/><W88/><G118/><T12/><D12/><U52/><E110/><V13/><F13/><W117/><G117/><T98/><D98/><U58/><E108/><V33/><F33/><W41/><G15/><T84/><D84/><U90/><E126/><V54/><F99/><W119/><G87/><T89/><D89/><U6/><E125/><V102/><F97/><W51/><G119/><T63/><D63/><U104/><E73/><V85/><F102/><W57/><G86/><RYUUKYOKU ba="3,2" sc="134,0,138,0,184,0,524,0" /><INIT seed="5,4,2,1,1,40" ten="134,138,184,524" oya="1" hai0="96,19,46,17,88,77,66,2,76,100,31,79,41" hai1="47,133,50,35,32,48,120,91,82,75,7,52,55" hai2="27,26,104,87,121,119,92,122,61,106,93,22,70" hai3="129,118,112,131,126,12,89,86,85,45,21,102,1"/><U13/><E133/><V24/><F22/><W134/><G1/><T8/><D2/><U97/><E120/><V99/><F119/><W57/><G134/><T109/><D109/><U5/><E75/><V132/><F132/><W124/><G112/><T25/><D66/><U114/><E114/><V103/><F92/><W10/><G118/><T72/><D72/><U111/><E111/><V135/><F135/><W38/><G102/><T29/><D8/><U108/><E108/><V59/><F70/><W63/><G21/><T6/><D6/><U16/><E35/><V105/><REACH who="2" step="1"/><F87/><REACH who="2" ten="134,138,174,524" step="2"/><W125/><G86/><T14/><D100/><U51/><E32/><V64/><AGARI ba="4,3" hai="24,26,27,59,61,64,93,99,103,104,105,106,121,122" machi="64" ten="40,12000,2" yaku="1,1,2,1,0,1,53,3" doraHai="40" doraHaiUra="23" who="2" fromWho="2" sc="134,-34,138,-64,174,162,524,-34" /><INIT seed="6,0,0,1,5,121" ten="100,74,336,490" oya="2" hai0="110,55,74,15,64,73,37,58,118,72,3,115,83" hai1="128,51,31,60,29,47,117,24,23,59,21,30,57" hai2="75,107,53,40,119,70,102,5,20,1,45,76,100" hai3="96,94,10,8,80,56,78,89,0,79,38,106,132"/><V14/><F119/><W17/><G38/><T48/><D3/><U77/><E128/><V135/><F70/><W28/><G132/><T16/><D37/><U109/><E109/><V54/><F135/><W101/><G0/><T93/><D118/><U99/><E117/><V123/><F123/><W108/><G108/><T18/><D110/><U68/><E68/><V92/><F92/><N who="3" m="58503" /><G28/><T13/><D115/><U9/><E77/><N who="3" m="29194" /><G106/><T88/><D64/><U71/><E71/><V44/><F107/><W126/><G126/><T27/><D83/><U69/><E69/><V65/><F100/><W98/><G17/><T103/><D103/><U50/><E9/><N who="3" m="3690" /><G56/><T41/><D41/><U63/><E99/><V120/><F102/><W81/><AGARI ba="0,0" hai="80,81,89,94,98" m="3690,29194,58503" machi="81" ten="30,1100,0" yaku="8,1" doraHai="121" who="3" fromWho="3" sc="100,-3,74,-3,336,-5,490,11" /><INIT seed="7,0,0,4,5,10" ten="97,71,331,501" oya="3" hai0="28,87,3,122,112,12,101,23,62,25,24,14,42" hai1="13,41,21,131,116,128,113,65,6,79,107,50,18" hai2="120,93,15,129,40,115,39,2,118,119,125,97,96" hai3="5,26,73,56,52,27,123,17,95,37,51,86,64"/><W126/><G37/><T45/><D122/><U31/><E107/><V22/><F2/><W34/><G73/><T80/><D3/><U108/><E65/><V57/><F120/><W82/><G5/><T91/><D112/><U102/><E102/><V0/><F0/><W130/><G34/><T94/><D62/><U44/><E108/><V100/><F115/><W58/><G17/><T48/><D25/><U67/><E67/><V109/><F109/><W104/><G51/><T59/><D59/><U61/><E61/><V36/><F129/><W54/><G58/><T43/><D43/><U135/><E116/><V105/><F125/><W81/><G56/><T70/><D70/><U29/><E135/><V132/><F132/><W88/><G81/><T38/><D38/><U4/><E79/><V53/><F36/><W47/><G82/><T71/><D71/><U8/><E113/><V74/><F74/><W7/><G86/><N who="0" m="52599" /><D101/><U98/><E98/><V78/><F78/><AGARI ba="0,0" hai="12,14,23,24,28,42,45,48,78,80,87" m="52599" machi="78" ten="30,3900,0" yaku="8,1,52,2" doraHai="10" who="0" fromWho="2" sc="97,39,71,0,331,-39,501,0" owari="136,-26.0,71,-43.0,292,9.0,501,60.0" /></mjloggm>