<mjloggm ver="2.3"><GO type="225" lobby="0"/><UN n0="%E9%8A%80%E3%81%B0%E3%81%95%E3%81%BF" n1="%E3%81%82%E3%82%89%E3%81%8C%E3%81%8D%E3%81%82%E3%82%84%E3%81%9B" n2="%72%69%6F%75%63%68%61%6E" n3="%E8%A8%88%E7%AE%97%E6%A9%9F%E8%87%AA%E7%84%B6" dan="17,16,17,17" rate="2188.27,2150.54,2118.42,2236.41" sx="M,F,M,M"/><TAIKYOKU oya="0"/><INIT seed="0,0,0,4,5,39" ten="250,250,250,250" oya="0" hai0="28,93,26,22,77,125,78,27,72,114,133,135,20" hai1="122,73,56,127,34,29,4,58,16,99,132,45,17" hai2="108,119,51,126,112,95,79,100,74,92,116,60,85" hai3="59,104,50,47,44,61,21,131,42,1,115,124,49"/><T67/><D114/><U14/><E122/><V13/><F112/><W94/><G115/><T66/><D93/><U128/><E73/><V24/><F108/><W118/><G118/><T35/><D35/><U82/><E128/><V9/><F126/><W55/><G104/><T40/><D72/><U10/><E127/><V57/><F74/><W30/><G124/><T90/><D125/><U101/><E132/><V84/><F51/><W43/><G1/><T113/><D113/><U8/><E82/><V80/><F24/><N who="3" m="16655" /><G131/><T0/><D90/><U38/><E29/><V89/><F100/><W130/><G130/><T6/><D28/><U15/><E4/><V70/><F70/><W102/><G94/><T68/><D6/><U19/><E19/><V91/><F9/><W81/><G81/><T37/><D37/><U134/><E34/><V88/><F13/><W48/><G102/><T106/><D68/><U129/><E129/><V109/><F109/><W31/><G31/><T103/><D103/><U86/><E86/><V2/><F2/><W53/><G53/><T71/><D71/><U117/><E117/><N who="2" m="45131" /><F84/><W75/><G75/><T123/><D0/><U96/><E134/><V36/><F36/><W63/><AGARI ba="0,0" hai="42,43,44,47,48,49,50,55,59,61,63" m="16655" machi="63" ten="30,4000,0" yaku="8,1,52,2" doraHai="39" who="3" fromWho="3" sc="250,-20,250,-10,250,-10,250,40" /><INIT seed="1,0,0,4,4,42" ten="230,240,240,290" oya="1" hai0="66,58,40,10,17,5,31,9,45,131,79,27,132" hai1="72,18,33,8,92,109,1,93,90,2,67,73,34" hai2="14,12,123,119,133,95,80,64,84,6,37,100,87" hai3="124,85,35,78,43,49,47,32,63,19,55,68,57"/><U70/><E109/><V53/><F119/><W15/><G124/><T116/><D116/><U106/><E106/><V98/><F123/><W7/><G68/><T111/><D111/><U103/><E103/><V69/><F133/><W77/><G7/><T60/><D132/><U130/><E130/><V135/><F135/><W91/><G32/><T59/><D131/><U11/><E70/><V29/><F37/><W105/><G35/><T134/><D134/><U39/><E67/><V117/><F117/><W44/><G105/><T26/><D79/><U128/><E128/><V48/><F29/><W74/><G74/><T120/><D120/><U75/><E39/><V102/><F102/><W88/><G91/><T115/><D115/><U65/><E65/><V23/><F69/><W86/><G86/><T127/><D127/><U71/><E71/><V89/><F64/><W114/><G44/><T61/><D17/><U20/><E75/><V13/><F84/><W107/><G107/><T110/><D110/><U108/><E108/><V94/><F23/><N who="3" m="11775" /><G114/><T4/><D66/><U82/><E18/><V22/><F22/><W28/><G28/><T16/><D16/><U21/><E90/><V54/><F6/><W83/><AGARI ba="0,0" hai="43,47,49,55,57,63,77,78,83,85,88" m="11775" machi="83" ten="30,4000,0" yaku="8,1,52,1,54,1" doraHai="42" who="3" fromWho="3" sc="230,-10,240,-20,240,-10,290,40" /><INIT seed="2,0,0,5,3,34" ten="220,220,230,330" oya="2" hai0="126,82,132,70,123,106,49,72,88,59,116,128,78" hai1="61,47,29,11,87,125,25,93,68,63,112,38,54" hai2="101,0,98,119,84,27,85,18,134,62,65,23,111" hai3="2,13,24,43,14,89,60,51,31,96,45,75,58"/><V120/><F119/><W127/><G2/><T107/><D70/><U108/><E112/><V109/><F120/><W53/><G75/><T40/><D123/><U30/><E125/><V73/><F73/><W103/><G89/><T79/><D126/><U102/><E108/><N who="2" m="41547" /><F0/><W91/><G91/><T135/><D116/><U131/><E131/><V37/><F37/><W7/><G7/><T66/><D128/><U4/><E68/><N who="2" m="42039" /><F134/><N who="0" m="51242" /><D79/><U95/><E38/><V124/><F124/><W48/><G48/><T76/><D76/><U115/><E115/><V46/><F46/><W26/><G127/><T80/><D66/><U74/><E74/><V122/><F122/><W121/><G121/><T32/><D32/><U118/><E118/><V19/><F18/><W35/><G24/><T86/><D40/><U129/><E25/><V39/><F39/><W69/><G69/><T42/><D42/><U133/><E133/><V20/><F20/><W8/><G8/><T3/><D3/><U56/><E129/><V97/><F97/><W100/><G100/><T21/><D21/><U71/><E102/><V113/><F113/><W104/><AGARI ba="0,0" hai="13,14,26,31,35,43,45,51,53,58,60,96,103,104" machi="104" ten="20,1500,0" yaku="0,1,7,1" doraHai="34" who="3" fromWho="3" sc="220,-4,220,-4,230,-7,330,15" /><INIT seed="3,0,0,5,4,70" ten="216,216,223,345" oya="3" hai0="78,33,2,109,134,85,126,59,53,120,52,83,114" hai1="106,123,133,26,104,100,36,7,73,132,127,96,30" hai2="18,5,65,8,80,3,40,21,66,113,111,84,116" hai3="74,57,77,87,82,103,89,32,39,69,94,97,50"/><W93/><G39/><T88/><D120/><U0/><E123/><V42/><F113/><W35/><G69/><T51/><D33/><N who="1" m="20695" /><E73/><V107/><F116/><W56/><G56/><N who="0" m="32799" /><D2/><U62/><E62/><V105/><F111/><W6/><G6/><T115/><D109/><U99/><E36/><V45/><F40/><W9/><G9/><T72/><D134/><N who="1" m="51819" /><E127/><V55/><F55/><W90/><G90/><T22/><D126/><U38/><E38/><V13/><F65/><W67/><G50/><N who="0" m="31159" /><D72/><U4/><E0/><V34/><F66/><W130/><G130/><T17/><D115/><U58/><E58/><V19/><F34/><W43/><G43/><T24/><D114/><U54/><E54/><V14/><F45/><W37/><G37/><T122/><D122/><U47/><E47/><V61/><F61/><W110/><G110/><T15/><D24/><U102/><AGARI ba="0,0" hai="4,7,96,99,100,102,104,106" m="51819,20695" machi="102" ten="30,1100,0" yaku="20,1" doraHai="70" who="1" fromWho="1" sc="216,-3,216,11,223,-3,345,-5" owari="213,-29.0,227,3.0,220,-18.0,340,44.0" /></mjloggm>