<mjloggm ver="2.3"><GO type="185" lobby="0"/><UN n0="%E3%81%BE%E3%81%A4%E3%81%AE%E3%81%8F%E3%82%93" n1="%74%69%65%66%62%6C%61%75" n2="%43%72%65%2E%43" n3="" dan="17,16,18,0" rate="2230.44,2173.31,2388.17,1500.00" sx="M,M,F,C"/><TAIKYOKU oya="0"/><INIT seed="0,0,0,5,3,57" ten="350,350,350,0" oya="0" hai0="112,77,67,34,89,76,120,125,73,51,55,45,119" hai1="70,127,108,71,3,35,123,81,63,58,100,32,87" hai2="126,46,117,99,50,74,78,84,68,109,2,83,94" hai3=""/><T107/><N who="0" m="30752" /><T72/><D34/><U33/><N who="1" m="31520" /><U118/><E3/><V129/><F2/><T40/><D107/><U39/><E118/><V115/><F115/><T75/><D112/><U82/><E108/><V135/><F109/><T37/><D119/><U98/><E39/><V93/><F117/><T95/><D125/><U122/><N who="1" m="31264" /><U134/><E127/><V91/><F126/><T130/><D130/><U102/><E134/><V41/><F68/><T110/><D110/><U80/><E87/><V62/><F135/><T111/><D111/><U60/><E100/><V61/><REACH who="2" step="1"/><F129/><REACH who="2" ten="350,350,340,0" step="2"/><T0/><D0/><U114/><E114/><V43/><F43/><T86/><REACH who="0" step="1"/><D67/><REACH who="0" ten="340,350,340,0" step="2"/><U66/><REACH who="1" step="1"/><E63/><REACH who="1" ten="340,340,340,0" step="2"/><V69/><F69/><T56/><AGARI ba="0,3" hai="37,40,45,51,55,56,72,73,75,76,77,86,89,95" m="30752" machi="56" ten="30,8000,1" yaku="1,1,2,1,0,1,52,1,53,1" doraHai="57" doraHaiUra="88" who="0" fromWho="0" sc="340,110,340,-40,340,-40,0,0" /><INIT seed="0,1,0,0,2,91" ten="450,300,300,0" oya="0" hai0="98,80,0,47,97,36,40,127,89,135,114,78,93" hai1="123,43,131,64,110,88,37,86,2,117,94,113,54" hai2="99,42,133,122,109,1,38,49,70,44,57,106,108" hai3=""/><T56/><D114/><U84/><E2/><V68/><N who="2" m="31264" /><V32/><F1/><T46/><D0/><U92/><N who="1" m="31520" /><U104/><E113/><V50/><F32/><T116/><D116/><U121/><N who="1" m="31008" /><U52/><E117/><V105/><F133/><T125/><D135/><U82/><E104/><V90/><F106/><T34/><D34/><U65/><E131/><V87/><F99/><T58/><D47/><U100/><E110/><N who="2" m="42603" /><F105/><T111/><D111/><U118/><E118/><V69/><F57/><T76/><D76/><U48/><E94/><AGARI ba="1,0" hai="38,42,44,49,50,68,69,70,87,90,94" m="42603,31264" machi="94" ten="40,5200,0" yaku="14,1,52,2" doraHai="91" who="2" fromWho="1" sc="450,0,300,-54,300,54,0,0" /><INIT seed="1,0,0,5,4,87" ten="450,246,354,0" oya="1" hai0="60,53,135,82,54,67,92,69,93,104,109,130,32" hai1="110,119,73,47,118,40,127,1,3,94,107,34,129" hai2="116,85,125,0,42,133,71,68,106,102,64,76,113" hai3=""/><U86/><E34/><V103/><F116/><T52/><D32/><U131/><E107/><V38/><F0/><T114/><D114/><U36/><E73/><V124/><F133/><T99/><D135/><U80/><E127/><V115/><F42/><T112/><D112/><N who="2" m="43082" /><F38/><T90/><D130/><N who="1" m="49675" /><E94/><V51/><F51/><T126/><D126/><N who="2" m="48746" /><F64/><T43/><D43/><U55/><E55/><V89/><F76/><T74/><D54/><U84/><E110/><V98/><F103/><T123/><D109/><U57/><E57/><V96/><F96/><T56/><D53/><U95/><E95/><AGARI ba="0,0" hai="68,71,85,89,95,98,102,106" m="48746,43082" machi="95" ten="30,3900,0" yaku="11,1,18,1,52,1" doraHai="87" who="2" fromWho="1" sc="450,0,246,-39,354,39,0,0" /><INIT seed="2,0,0,3,0,36" ten="450,207,393,0" oya="2" hai0="97,111,95,94,69,72,57,115,92,73,80,74,3" hai1="71,49,113,84,78,1,2,102,63,82,133,122,58" hai2="76,43,60,126,34,70,44,47,32,96,56,131,125" hai3=""/><V83/><F70/><T88/><D69/><U52/><N who="1" m="31264" /><U45/><E113/><V37/><F131/><T89/><D3/><U66/><E133/><V51/><F96/><T87/><D57/><U107/><E102/><V132/><F132/><T116/><D116/><U118/><E107/><V105/><F105/><T120/><N who="0" m="30752" /><T55/><D55/><U65/><E118/><V114/><F114/><T134/><D134/><U40/><REACH who="1" step="1"/><E66/><REACH who="1" ten="450,197,393,0" step="2"/><V117/><F117/><T59/><D115/><U61/><AGARI ba="0,1" hai="1,2,40,45,49,52,58,61,63,65,71,78,82,84" m="31264" machi="61" ten="20,9000,2" yaku="1,1,2,1,0,1,7,1,52,2,54,1,53,0" doraHai="36" doraHaiUra="101" who="1" fromWho="1" sc="450,-30,197,100,393,-60,0,0" /><INIT seed="4,0,0,1,5,133" ten="420,297,333,0" oya="0" hai0="1,89,122,46,78,44,55,108,3,49,42,117,34" hai1="132,100,45,118,101,95,48,67,2,74,51,125,82" hai2="59,116,0,104,102,119,123,127,47,70,87,60,96" hai3=""/><T90/><N who="0" m="31264" /><T80/><D117/><U73/><E2/><V92/><N who="2" m="31520" /><V111/><F111/><T71/><D34/><U58/><E132/><V94/><F0/><T105/><D108/><U110/><E110/><V33/><F33/><T97/><D71/><U81/><E118/><V98/><F70/><T134/><D134/><U39/><E39/><V113/><F113/><T52/><D55/><U69/><E69/><V86/><F47/><T124/><D124/><U62/><E125/><V37/><F37/><T40/><D40/><U56/><E74/><V54/><F127/><T128/><D128/><U41/><E73/><V99/><F87/><T84/><D90/><U130/><E130/><V72/><F54/><T43/><D43/><U68/><E68/><V35/><F35/><T36/><REACH who="0" step="1"/><D89/><REACH who="0" ten="410,297,333,0" step="2"/><U91/><E56/><V112/><F116/><T64/><D64/><U57/><E57/><V126/><F119/><T38/><D38/><U103/><E51/><V85/><F126/><T79/><D79/><U114/><E114/><V107/><F112/><T115/><D115/><U83/><E91/><V93/><F59/><T32/><D32/><U53/><E53/><V65/><F65/><T76/><D76/><U61/><E61/><RYUUKYOKU ba="0,1" sc="410,10,297,10,333,-20,0,0" hai0="1,3,36,42,44,46,49,52,78,80,84,97,105" hai1="41,45,48,58,62,67,81,82,83,95,100,101,103" /><INIT seed="4,1,1,0,0,83" ten="420,307,313,0" oya="0" hai0="106,101,38,58,85,78,89,76,128,98,51,57,66" hai1="116,121,91,119,46,123,92,40,63,130,50,114,131" hai2="60,103,59,53,72,105,70,42,126,113,62,69,48" hai3=""/><T44/><D38/><U49/><N who="1" m="31008" /><U127/><N who="1" m="31520" /><U68/><E127/><V35/><F72/><T3/><D3/><U54/><E114/><V122/><N who="2" m="31264" /><V61/><F35/><T88/><D128/><N who="1" m="49195" /><E63/><N who="2" m="24139" /><F103/><T134/><D134/><U111/><E68/><N who="2" m="26219" /><F105/><T86/><D66/><U47/><E111/><V94/><F94/><T65/><D65/><U0/><E0/><V74/><F74/><T36/><D36/><U79/><E79/><V77/><F77/><T120/><N who="0" m="30752" /><T132/><D132/><U82/><E82/><V90/><F90/><T118/><D76/><U80/><E80/><V117/><F126/><T43/><D78/><U110/><E110/><V129/><F129/><T93/><D118/><U95/><E95/><AGARI ba="1,1" hai="43,44,51,57,58,85,86,88,89,93,95,98,101,106" m="30752" machi="95" ten="30,18000,2" yaku="7,1,9,1,52,3,54,1" doraHai="83" who="0" fromWho="1" sc="420,192,307,-182,313,0,0,0" /><INIT seed="4,2,0,0,3,119" ten="612,125,313,0" oya="0" hai0="99,97,33,98,89,105,106,61,71,53,79,109,82" hai1="102,104,44,51,116,45,46,94,74,52,130,66,92" hai2="86,59,49,117,55,50,54,87,110,3,108,132,37" hai3=""/><T64/><D33/><U84/><E116/><V122/><N who="2" m="31264" /><V90/><F117/><T60/><D109/><U65/><E130/><V103/><F3/><T129/><D129/><U127/><E74/><V115/><F37/><T72/><D89/><U62/><E127/><V67/><F115/><T131/><D131/><U100/><E104/><V124/><F132/><T88/><D88/><U133/><E133/><V76/><F124/><T69/><D53/><U107/><E107/><V38/><F38/><T81/><D82/><U134/><E134/><V42/><F42/><T48/><D48/><U58/><E65/><AGARI ba="2,0" hai="60,61,64,65,69,71,72,79,81,97,98,99,105,106" machi="65" ten="40,2000,0" yaku="9,1" doraHai="119" who="0" fromWho="1" sc="612,24,125,-24,313,0,0,0" /><INIT seed="4,3,0,2,0,65" ten="636,101,313,0" oya="0" hai0="134,85,127,104,32,107,110,75,50,79,83,94,95" hai1="56,128,59,108,132,60,34,131,39,91,96,122,99" hai2="73,51,54,47,87,67,114,84,53,135,90,76,92" hai3=""/><T120/><N who="0" m="30752" /><T123/><N who="0" m="31520" /><T1/><D32/><U88/><N who="1" m="31264" /><U45/><E34/><V105/><F114/><T129/><D1/><U72/><E108/><V89/><F135/><T43/><D43/><U115/><E72/><V77/><F105/><N who="0" m="40522" /><D50/><U112/><E132/><V63/><F73/><T36/><D36/><U124/><E45/><V82/><REACH who="2" step="1"/><F53/><REACH who="2" ten="636,101,303,0" step="2"/><T130/><D134/><U119/><E119/><V81/><F81/><T98/><D110/><U121/><N who="1" m="31008" /><U61/><REACH who="1" step="1"/><E39/><REACH who="1" ten="636,91,303,0" step="2"/><V42/><F42/><T49/><D75/><U57/><E57/><AGARI ba="3,2" hai="47,51,54,57,63,67,76,77,82,84,87,89,90,92" machi="57" ten="30,3900,0" yaku="1,1,7,1,8,1,53,0" doraHai="65" doraHaiUra="35" who="2" fromWho="1" sc="636,0,91,-45,303,65,0,0" /><INIT seed="5,0,0,2,1,78" ten="636,46,368,0" oya="1" hai0="3,132,86,58,81,83,46,41,74,54,55,56,121" hai1="96,115,110,64,53,62,120,82,38,126,87,2,79" hai2="48,108,130,128,89,44,106,71,105,60,91,133,73" hai3=""/><U101/><N who="1" m="30752" /><U1/><E126/><V125/><F108/><T49/><N who="0" m="31008" /><T77/><D3/><U43/><E110/><V84/><F73/><T114/><D114/><U93/><E115/><V61/><F133/><T119/><D119/><U118/><E118/><V117/><F117/><T76/><D132/><U97/><E53/><V45/><F71/><T42/><D58/><U112/><E112/><V70/><F70/><T40/><REACH who="0" step="1"/><D55/><REACH who="0" ten="626,46,368,0" step="2"/><U103/><E43/><V65/><F65/><T135/><D135/><U113/><E38/><V99/><F45/><T109/><D109/><U111/><E111/><V88/><F44/><T34/><D34/><U123/><N who="1" m="31520" /><U72/><E113/><V134/><F134/><T69/><D69/><U100/><E72/><V122/><F122/><T92/><D92/><U47/><E47/><V116/><F106/><T35/><D35/><U67/><E67/><V0/><F105/><T131/><D131/><U95/><REACH who="1" step="1"/><E101/><REACH who="1" ten="626,36,368,0" step="2"/><V33/><F116/><T63/><AGARI ba="0,2" hai="40,41,42,46,49,54,56,63,74,76,77,81,83,86" m="31008" machi="63" ten="20,12000,3" yaku="1,1,0,1,7,1,52,3,53,3" doraHai="78" doraHaiUra="36" who="0" fromWho="0" sc="626,140,36,-80,368,-40,0,0" owari="766,71.0,-44,-64.0,328,-7.0,0,0.0" /></mjloggm>