<mjloggm ver="2.3"><GO type="225" lobby="0"/><UN n0="%E5%A4%A9%E3%83%8E%E5%B7%9D%E6%B2%99%E5%A4%9C" n1="%74%72%69%65%74%74%61" n2="%EF%BC%AE%EF%BC%AF%EF%BD%90%EF%BD%90%EF%BC%AF" n3="%E8%A8%88%E7%AE%97%E6%A9%9F%E8%87%AA%E7%84%B6" dan="16,16,16,17" rate="2166.47,2130.59,2094.37,2247.79" sx="F,M,M,M"/><TAIKYOKU oya="0"/><INIT seed="0,0,0,0,3,134" ten="250,250,250,250" oya="0" hai0="68,56,70,124,58,38,108,77,97,46,127,63,129" hai1="26,29,6,41,103,100,1,37,128,80,40,125,90" hai2="16,57,61,94,123,14,39,4,101,23,21,20,69" hai3="47,59,119,34,130,105,86,54,83,24,52,5,31"/><T62/><D77/><U133/><E133/><V92/><F123/><W74/><G119/><T43/><D97/><U88/><E128/><V53/><F39/><W113/><G113/><T120/><D129/><U109/><E109/><V102/><F69/><N who="0" m="26730" /><D120/><U35/><E6/><V85/><F4/><W13/><G130/><T48/><D38/><U114/><E1/><V19/><F23/><W44/><G105/><T51/><D51/><U82/><E114/><V17/><F19/><W95/><G95/><N who="2" m="36393" /><F85/><W76/><G86/><T66/><D108/><U107/><E37/><V30/><F30/><W99/><G99/><T93/><D93/><U64/><E64/><AGARI ba="0,0" hai="43,46,48,56,58,62,63,64,66,124,127" m="26730" machi="64" ten="30,11600,0" yaku="34,2,52,2" doraHai="134" who="0" fromWho="1" sc="250,116,250,-116,250,0,250,0" /><INIT seed="0,1,0,2,4,56" ten="366,134,250,250" oya="0" hai0="65,106,29,133,20,117,50,36,118,62,32,17,55" hai1="5,71,112,40,121,14,15,78,54,127,110,125,115" hai2="124,60,122,18,129,0,101,39,93,10,135,12,84" hai3="103,109,9,8,68,130,100,73,57,41,11,43,116"/><T61/><D36/><U2/><E78/><V25/><F122/><W113/><G113/><N who="1" m="43594" /><E71/><V22/><F124/><N who="1" m="47689" /><E40/><N who="3" m="15434" /><G68/><T76/><D106/><U53/><E121/><V81/><F129/><W44/><G116/><T27/><D76/><U16/><E110/><V134/><F39/><W33/><G33/><T89/><D133/><N who="2" m="50698" /><F0/><W75/><G57/><T58/><D89/><U74/><E74/><N who="3" m="28170" /><G44/><T126/><D126/><U49/><E2/><V104/><F104/><W38/><G38/><T24/><REACH who="0" step="1"/><D61/><REACH who="0" ten="356,134,250,250" step="2"/><U47/><E5/><V99/><F60/><W46/><G109/><T64/><D64/><U132/><E132/><V123/><F123/><W82/><G130/><T102/><D102/><U105/><E105/><V21/><F25/><W92/><G103/><T85/><D85/><U19/><E53/><V88/><AGARI ba="1,1" hai="10,12,18,21,22,81,84,88,93,99,101" m="50698" machi="88" ten="30,2000,0" yaku="20,1,54,1" doraHai="56" who="2" fromWho="2" sc="356,-11,134,-6,250,33,250,-6" /><INIT seed="1,0,0,1,1,123" ten="345,128,283,244" oya="1" hai0="13,117,87,27,17,0,41,12,35,51,21,20,103" hai1="93,16,32,10,120,75,105,119,118,113,85,130,5" hai2="76,94,106,115,89,63,2,102,28,90,59,54,61" hai3="109,92,4,104,42,58,95,3,107,96,84,36,66"/><U100/><E120/><V37/><F115/><W74/><G74/><T131/><D117/><U9/><E113/><V19/><F2/><W133/><G36/><T24/><D103/><U49/><E130/><V8/><F37/><W30/><G42/><T73/><D73/><U33/><E105/><V18/><F76/><W40/><G40/><T60/><D60/><U77/><E75/><V52/><F28/><W71/><G71/><T129/><D87/><U79/><E32/><V97/><F8/><W7/><G30/><N who="0" m="19935" /><D0/><U45/><E33/><V47/><F90/><W80/><G58/><T50/><D41/><N who="1" m="24751" /><E119/><V53/><F63/><W62/><G107/><T34/><D34/><U91/><E118/><V116/><F116/><W88/><G3/><T22/><D51/><U26/><E100/><V125/><F125/><W126/><G126/><T82/><D50/><U127/><E127/><V48/><REACH who="2" step="1"/><F53/><REACH who="2" ten="345,128,273,244" step="2"/><W81/><G62/><T112/><D112/><U39/><E39/><V43/><F43/><W46/><G88/><T99/><D129/><U44/><E79/><V14/><F14/><W69/><G66/><T67/><D131/><U29/><E77/><V64/><F64/><W38/><G38/><T1/><D1/><U110/><E10/><V128/><F128/><W122/><G122/><T57/><D67/><U6/><E9/><V70/><F70/><W31/><G69/><T78/><D78/><U134/><E91/><V121/><F121/><W135/><G31/><T25/><D13/><U98/><E29/><V114/><F114/><W124/><G124/><T111/><D12/><RYUUKYOKU ba="0,1" sc="345,-10,128,-10,273,30,244,-10" hai2="18,19,47,48,52,54,59,61,89,94,97,102,106" /><INIT seed="2,1,1,4,3,59" ten="335,118,303,234" oya="2" hai0="126,111,33,68,41,6,113,74,121,2,39,1,83" hai1="114,43,100,115,64,25,132,13,62,51,37,127,73" hai2="89,107,119,29,4,122,67,108,24,53,21,23,10" hai3="66,124,60,90,69,92,42,117,86,20,93,120,78"/><V11/><F119/><W77/><G117/><T91/><RYUUKYOKU type="yao9" ba="1,1" sc="335,0,118,0,303,0,234,0" hai0="1,2,6,33,39,41,68,74,83,91,111,113,121,126" /><INIT seed="2,2,1,0,2,56" ten="335,118,303,234" oya="2" hai0="111,34,120,131,77,80,41,65,39,124,66,104,63" hai1="9,43,55,99,46,68,13,86,127,60,0,53,133" hai2="113,89,132,126,76,52,50,42,96,23,129,102,2" hai3="128,117,91,47,14,61,109,5,67,35,116,107,101"/><V62/><F113/><W7/><G109/><T105/><D120/><U121/><E121/><V110/><F110/><W15/><G128/><T75/><D111/><U112/><E112/><V82/><F129/><W40/><G35/><T81/><D131/><U54/><E133/><V118/><F118/><W11/><G91/><T122/><D122/><U19/><E127/><V73/><F126/><W90/><G90/><T24/><D124/><U93/><E0/><V45/><F2/><W6/><G101/><T71/><D80/><U92/><E86/><V17/><F132/><W25/><G107/><T10/><D66/><U31/><E31/><V125/><F89/><W87/><G25/><T84/><D84/><U51/><E68/><V134/><F134/><W85/><G117/><T38/><D10/><U28/><E28/><V48/><F62/><W72/><G72/><T30/><D41/><U115/><E115/><V8/><F8/><W103/><G103/><T95/><D95/><N who="1" m="36427" /><E99/><V119/><F119/><W108/><G116/><T69/><D69/><U4/><E4/><V12/><F125/><W29/><G29/><T1/><D1/><U135/><E135/><V33/><F33/><W36/><G108/><T37/><AGARI ba="2,1" hai="24,30,34,37,38,39,63,65,71,75,77,81,104,105" machi="37" ten="30,8000,1" yaku="0,1,33,3,52,1" doraHai="56" who="0" fromWho="0" sc="335,96,118,-22,303,-42,234,-22" /><INIT seed="3,0,0,5,0,32" ten="431,96,261,212" oya="3" hai0="119,44,51,0,94,17,12,73,92,87,123,124,35" hai1="86,49,29,117,127,24,40,36,100,21,55,45,83" hai2="10,125,2,118,58,43,16,133,23,63,101,3,134" hai3="33,38,113,69,46,62,18,112,15,75,103,102,131"/><W1/><G33/><T116/><D73/><U11/><E127/><V52/><F118/><W7/><G75/><T79/><D35/><U128/><E128/><V50/><F10/><W65/><G131/><T81/><D0/><N who="2" m="42" /><F101/><W110/><G110/><T22/><D123/><U13/><E117/><V34/><F34/><W41/><G103/><T9/><D124/><U37/><E100/><V6/><F6/><W97/><G15/><N who="0" m="9535" /><D116/><U60/><E60/><V82/><F43/><W28/><G18/><N who="0" m="8463" /><D119/><U70/><E70/><V106/><F82/><W57/><G28/><T80/><D80/><U47/><E47/><V66/><F125/><W130/><G130/><T135/><D135/><N who="2" m="51722" /><F50/><W74/><G74/><T105/><D105/><U126/><E126/><V56/><F56/><W109/><G109/><T114/><D114/><U68/><E68/><V115/><F115/><W72/><G72/><T4/><D4/><U95/><E95/><V20/><F20/><W71/><G71/><T85/><D85/><U76/><REACH who="1" step="1"/><E55/><AGARI ba="0,0" hai="44,51,55,79,81,87,92,94" m="8463,9535" machi="55" ten="30,1000,0" yaku="8,1" doraHai="32" who="0" fromWho="1" sc="431,10,96,-10,261,0,212,0" owari="441,54.0,86,-41.0,261,6.0,212,-19.0" /></mjloggm>