<mjloggm ver="2.3"><GO type="185" lobby="0"/><UN n0="%E3%83%9A%E3%83%9A%E3%83%AD%E3%83%B3%E3%83%81%E3%83%BC%E3%83%8E%37" n1="%E9%96%A2%E8%A5%BF%E9%9B%80%E5%A3%AB%E4%BC%9A" n2="%41%74%72%69%61" n3="" dan="16,16,17,0" rate="2106.91,2095.06,2268.40,1500.00" sx="M,M,F,C"/><TAIKYOKU oya="0"/><INIT seed="0,0,0,0,3,60" ten="350,350,350,0" oya="0" hai0="51,115,104,35,70,59,105,120,134,90,37,74,98" hai1="69,110,63,50,45,55,85,36,49,99,88,111,130" hai2="56,87,64,118,126,47,32,34,97,76,67,39,83" hai3=""/><T127/><RYUUKYOKU type="yao9" ba="0,0" sc="350,0,350,0,350,0,0,0" hai0="35,37,51,59,70,74,90,98,104,105,115,120,127,134" /><INIT seed="0,1,0,3,3,122" ten="350,350,350,0" oya="0" hai0="48,99,68,50,124,104,39,113,40,118,120,105,84" hai1="38,58,73,79,83,53,82,86,87,128,116,32,77" hai2="56,57,34,52,101,98,45,37,81,92,41,96,107" hai3=""/><T59/><N who="0" m="30752" /><T74/><D74/><U35/><E116/><V55/><F34/><T93/><D118/><U0/><E0/><V102/><REACH who="2" step="1"/><F81/><REACH who="2" ten="350,350,340,0" step="2"/><T43/><D113/><U3/><E3/><V103/><F103/><T97/><D124/><U72/><E128/><V85/><F85/><T49/><D84/><U135/><E135/><V106/><F106/><T127/><D127/><U67/><E38/><V109/><F109/><T44/><D104/><U94/><E94/><V62/><F62/><T47/><D93/><U134/><E134/><V131/><F131/><T89/><D105/><U60/><E32/><V33/><F33/><T125/><D125/><U2/><E2/><V46/><F46/><T110/><D110/><U126/><E126/><V63/><F63/><T54/><D97/><U114/><E114/><V95/><F95/><T1/><D99/><U36/><E35/><V112/><F112/><T51/><D1/><U129/><E129/><V133/><F133/><T76/><D76/><U70/><E36/><V88/><F88/><T65/><D89/><U119/><E119/><V108/><F108/><T71/><D71/><U90/><E90/><V42/><F42/><T66/><D68/><U117/><E117/><V121/><F121/><RYUUKYOKU ba="1,1" sc="350,0,350,0,340,0,0,0" hai0="39,40,43,44,47,48,49,50,51,54,59,65,66" hai1="53,58,60,67,70,72,73,77,79,82,83,86,87" hai2="37,41,45,52,55,56,57,92,96,98,101,102,107" /><INIT seed="0,2,1,5,3,95" ten="350,350,340,0" oya="0" hai0="90,119,83,124,101,102,127,41,71,73,65,78,108" hai1="58,0,122,135,111,81,129,89,62,59,57,3,79" hai2="125,69,54,51,49,128,76,87,130,39,45,91,68" hai3=""/><T96/><D71/><U84/><N who="1" m="31264" /><U70/><E111/><V126/><F76/><T123/><N who="0" m="31520" /><T35/><D35/><U93/><E135/><V112/><F39/><T72/><D65/><U118/><E118/><V2/><F2/><T110/><D41/><U100/><E129/><N who="2" m="49771" /><F112/><T40/><D40/><U36/><E36/><V34/><F34/><T85/><D119/><U53/><E100/><N who="0" m="38505" /><D96/><U97/><E70/><N who="2" m="27243" /><F51/><T61/><D61/><U88/><REACH who="1" step="1"/><E79/><REACH who="1" ten="350,340,340,0" step="2"/><V46/><F125/><N who="0" m="48202" /><D78/><U94/><E94/><V113/><F126/><T47/><D47/><U37/><E37/><V103/><F45/><T1/><D1/><AGARI ba="2,2" hai="0,1,3,53,57,58,59,62,81,84,88,89,93,97" m="31264" machi="1" ten="40,8000,1" yaku="1,1,52,2,54,1,53,1" doraHai="95" doraHaiUra="48" who="1" fromWho="0" sc="350,-84,340,104,340,0,0,0" /><INIT seed="1,0,0,1,2,133" ten="266,444,340,0" oya="1" hai0="52,1,45,78,79,70,92,118,60,107,93,43,57" hai1="34,56,100,125,86,121,2,128,126,58,38,75,120" hai2="61,89,116,132,131,108,48,85,42,0,95,135,97" hai3=""/><U91/><N who="1" m="30752" /><U44/><N who="1" m="31008" /><U55/><E34/><V104/><F116/><T134/><D1/><U105/><E75/><V33/><F0/><T102/><D118/><U63/><E128/><V71/><F33/><T117/><D117/><U123/><N who="1" m="31520" /><U74/><E74/><V96/><F131/><T106/><D134/><N who="2" m="51242" /><F108/><T59/><D70/><U51/><E38/><V46/><F104/><T39/><D106/><U54/><E2/><V41/><F42/><T110/><D107/><U101/><E44/><V90/><F89/><T64/><D110/><U99/><REACH who="1" step="1"/><E101/><REACH who="1" ten="266,434,340,0" step="2"/><V84/><F84/><T77/><REACH who="0" step="1"/><D102/><REACH who="0" ten="256,434,340,0" step="2"/><U124/><E124/><V88/><F90/><T122/><N who="0" m="31264" /><T65/><D65/><AGARI ba="0,2" hai="41,46,48,61,65,71,85,88,95,96,97" m="51242" machi="65" ten="30,2000,0" yaku="20,1,54,1" doraHai="133" who="2" fromWho="0" sc="256,-20,434,0,340,40,0,0" /><INIT seed="2,0,0,0,2,37" ten="236,434,380,0" oya="2" hai0="112,59,42,71,38,78,43,57,129,74,98,87,125" hai1="1,115,91,75,108,86,110,58,50,68,109,51,93" hai2="41,111,84,53,118,33,131,101,64,54,77,47,113" hai3=""/><V116/><F33/><T3/><D3/><U35/><E1/><V82/><F113/><T61/><D74/><U81/><E68/><V56/><F131/><T123/><N who="0" m="31520" /><T89/><D112/><U97/><E115/><V92/><F111/><T121/><N who="0" m="31008" /><T103/><D129/><U96/><E35/><V52/><F101/><T67/><D78/><U45/><E75/><V63/><REACH who="2" step="1"/><F92/><REACH who="2" ten="236,434,370,0" step="2"/><T32/><D32/><U60/><E93/><V62/><F62/><T66/><D125/><U135/><E135/><V34/><F34/><T133/><D133/><U132/><E132/><V134/><F134/><T117/><D117/><U94/><E94/><V39/><AGARI ba="0,1" hai="39,41,47,52,53,54,56,63,64,77,82,84,116,118" machi="39" ten="30,12000,2" yaku="1,1,0,1,52,1,54,1,53,2" doraHai="37" doraHaiUra="114" who="2" fromWho="2" sc="236,-60,434,-60,370,130,0,0" /><INIT seed="2,1,0,3,0,57" ten="176,374,500,0" oya="2" hai0="75,47,37,95,70,91,92,89,106,2,133,115,67" hai1="66,33,65,122,104,52,109,87,111,90,98,71,129" hai2="93,77,44,126,50,81,85,35,83,43,132,1,121" hai3=""/><V80/><N who="2" m="31008" /><V134/><F35/><T110/><D2/><U40/><N who="1" m="31264" /><U101/><E33/><V54/><F1/><T51/><D110/><N who="1" m="41995" /><E40/><V59/><F126/><T48/><D106/><U36/><E36/><V131/><F131/><T135/><D75/><U64/><E129/><V103/><F103/><T82/><D82/><U128/><E128/><V112/><F112/><T72/><D72/><U84/><E71/><V73/><F93/><T88/><D115/><U120/><N who="1" m="30752" /><U3/><E3/><V107/><F107/><T124/><D124/><U38/><E38/><V68/><F68/><T55/><D37/><U117/><E117/><V61/><REACH who="2" step="1"/><F83/><REACH who="2" ten="176,374,490,0" step="2"/><T34/><D34/><U76/><E76/><AGARI ba="1,1" hai="43,44,50,54,59,61,73,76,77,80,81,85,132,134" m="31008" machi="76" ten="40,12000,1" yaku="1,1,2,1,52,2,53,0" doraHai="57" doraHaiUra="62" who="2" fromWho="1" sc="176,0,374,-122,490,132,0,0" /><INIT seed="2,2,0,2,2,79" ten="176,252,622,0" oya="2" hai0="75,2,107,32,43,65,49,132,109,37,84,80,89" hai1="91,130,77,3,92,50,106,101,47,85,68,113,81" hai2="118,111,102,116,48,86,54,67,51,40,121,103,97" hai3=""/><V56/><N who="2" m="31008" /><V108/><F67/><T38/><D32/><U93/><E68/><V72/><F72/><T33/><D33/><U58/><E3/><V35/><F35/><T59/><D109/><N who="2" m="42058" /><F86/><T134/><D107/><U135/><E113/><V44/><F102/><T119/><D119/><U100/><E135/><N who="0" m="51753" /><D75/><U45/><E130/><V41/><F40/><T96/><D96/><U64/><E93/><AGARI ba="2,0" hai="41,44,48,51,54,56,93,97,103,116,118" m="42058,31008" machi="93" ten="30,5800,0" yaku="14,1,10,1,52,1" doraHai="79" who="2" fromWho="1" sc="176,0,252,-62,622,62,0,0" /><INIT seed="2,3,0,0,2,32" ten="176,190,684,0" oya="2" hai0="48,55,71,79,40,107,90,36,132,134,85,43,128" hai1="62,1,101,76,61,96,92,56,109,37,65,133,104" hai2="105,51,94,83,126,106,100,44,124,38,114,52,75" hai3=""/><V64/><F114/><T121/><N who="0" m="31008" /><T41/><D107/><U53/><E109/><V93/><F64/><T74/><D71/><U84/><E133/><N who="0" m="51305" /><D128/><U98/><E37/><V63/><F38/><T3/><D79/><U34/><E34/><V88/><F63/><T115/><D74/><U42/><E42/><V2/><F2/><T50/><D115/><U125/><E125/><N who="2" m="48235" /><F100/><T118/><D118/><U112/><E112/><V46/><F44/><T57/><D3/><U129/><E129/><V60/><F60/><T45/><D48/><U123/><N who="1" m="31520" /><U68/><E84/><V89/><F83/><AGARI ba="3,0" hai="36,40,41,43,45,50,55,57,83,85,90" m="51305,31008" machi="83" ten="30,2000,0" yaku="20,1,52,1" doraHai="32" who="0" fromWho="2" sc="176,26,190,0,684,-26,0,0" /><INIT seed="4,0,0,4,2,68" ten="202,190,658,0" oya="0" hai0="106,45,54,95,1,44,96,127,76,117,113,67,108" hai1="48,51,72,102,133,58,103,63,55,34,115,64,39" hai2="105,62,3,94,86,38,81,77,124,91,131,116,47" hai3=""/><T46/><D117/><U120/><N who="1" m="30752" /><U92/><E34/><V84/><F3/><T49/><D1/><U100/><E72/><V65/><F116/><T126/><D108/><U42/><E133/><V0/><F0/><T74/><D113/><U32/><E32/><V125/><F105/><T82/><D67/><U90/><E115/><V69/><REACH who="2" step="1"/><F131/><REACH who="2" ten="202,190,648,0" step="2"/><T59/><REACH who="0" step="1"/><D106/><REACH who="0" ten="192,190,648,0" step="2"/><U78/><E64/><V35/><F35/><T128/><D128/><U97/><REACH who="1" step="1"/><E78/><REACH who="1" ten="192,180,648,0" step="2"/><V41/><AGARI ba="0,3" hai="38,41,47,62,65,69,77,81,84,86,91,94,124,125" machi="41" ten="30,3000,0" yaku="1,1,0,1,52,1,53,0" doraHai="68" doraHaiUra="53" who="2" fromWho="2" sc="192,-20,180,-10,648,60,0,0" /><INIT seed="5,0,0,4,3,133" ten="172,170,708,0" oya="1" hai0="131,32,72,57,54,55,58,118,71,100,38,62,74" hai1="68,122,76,51,106,84,94,119,104,78,105,125,36" hai2="89,98,132,67,112,60,124,86,92,79,88,52,135" hai3=""/><U117/><N who="1" m="31264" /><U66/><E36/><V115/><F79/><T39/><D100/><U129/><E129/><V44/><F44/><T73/><D32/><U47/><E68/><V127/><F52/><T113/><D113/><N who="2" m="43594" /><F60/><T43/><D118/><U69/><E69/><V80/><F67/><T1/><D1/><U87/><E66/><V108/><F108/><T83/><D131/><U120/><N who="1" m="30752" /><U90/><E125/><AGARI ba="0,0" hai="80,86,88,89,92,98,124,125,127,132,135" m="43594" machi="125" ten="30,16000,3" yaku="18,1,15,1,11,1,34,2,52,3,54,1" doraHai="133" who="2" fromWho="1" sc="172,0,170,-160,708,160,0,0" /><INIT seed="6,0,0,0,2,84" ten="172,10,868,0" oya="2" hai0="72,70,89,86,38,54,114,105,50,81,112,87,100" hai1="80,95,71,132,93,74,77,3,92,122,41,78,83" hai2="55,60,133,107,56,104,113,69,117,73,119,32,121" hai3=""/><V61/><N who="2" m="31008" /><V59/><F32/><T129/><D70/><U42/><N who="1" m="31264" /><U108/><E108/><V115/><F69/><T39/><D129/><U36/><E71/><V57/><F73/><T109/><D109/><U131/><E3/><V62/><F55/><T128/><D128/><U79/><E131/><V76/><F76/><T90/><D72/><U2/><E2/><V120/><N who="2" m="30752" /><V65/><F65/><T63/><D63/><U35/><E35/><V111/><F111/><T46/><D100/><U49/><E36/><V102/><F133/><T34/><D105/><N who="2" m="40522" /><F102/><T45/><D34/><U88/><E132/><V103/><F103/><T1/><D1/><U66/><E66/><V94/><F94/><N who="1" m="36457" /><E49/><V51/><F51/><T110/><D110/><U47/><E47/><V116/><AGARI ba="0,0" hai="56,57,59,60,61,62,113,115,116,117,119" m="40522,30752,31008" machi="116" ten="50,12000,2" yaku="29,2,28,2,52,2" doraHai="84" who="2" fromWho="2" sc="172,-60,10,-60,868,120,0,0" owari="112,-29.0,-50,-65.0,988,94.0,0,0.0" /></mjloggm>