<mjloggm ver="2.3"><GO type="169" lobby="0"/><UN n0="%E3%82%A2%E3%83%8B%E3%82%AA%E3%83%B3%EF%BC%92" n1="%E3%83%8E%E3%82%AA%E3%83%81%E3%83%A3%E3%83%99%E3%82%B9" n2="%E3%82%BC%E3%83%B3%E3%83%84%E3%82%A1%E3%83%BC%E3%83%95%E3%82%A9%E3%83%BC" n3="%6B%6F%6A%69%6D%6F%6E%39" dan="16,16,16,16" rate="2119.32,2120.83,2107.14,2106.64" sx="F,M,M,M"/><TAIKYOKU oya="0"/><INIT seed="0,0,0,2,5,63" ten="250,250,250,250" oya="0" hai0="112,98,82,49,87,25,96,131,105,64,46,4,50" hai1="113,36,6,45,22,133,116,122,111,28,126,23,109" hai2="62,38,3,104,127,8,67,84,24,99,70,94,15" hai3="39,58,16,13,2,47,48,68,10,41,21,108,83"/><T17/><D112/><U135/><E45/><V103/><F127/><W129/><G108/><N who="1" m="41546" /><E36/><V110/><F110/><W71/><G129/><T14/><D131/><U43/><E43/><V57/><F3/><W132/><G132/><N who="1" m="50762" /><E113/><V54/><F24/><W61/><G83/><T20/><D50/><U115/><E115/><V117/><F117/><W125/><G125/><T52/><D105/><U26/><E126/><V119/><F119/><W56/><G39/><T79/><REACH who="0" step="1"/><D64/><REACH who="0" ten="240,250,250,250" step="2"/><U124/><E124/><V44/><F104/><W59/><REACH who="3" step="1"/><G61/><REACH who="3" ten="240,250,250,240" step="2"/><T40/><D40/><U80/><E116/><V76/><F62/><W78/><G78/><T123/><D123/><U90/><E122/><V72/><F76/><W77/><G77/><T51/><D51/><U95/><E80/><V53/><F38/><W29/><G29/><T121/><D121/><U55/><E55/><V32/><F54/><W1/><G1/><T11/><AGARI ba="0,2" hai="4,11,14,17,20,25,46,49,52,79,82,87,96,98" machi="11" ten="30,12000,1" yaku="1,1,0,1,8,1,54,1,53,1" doraHai="63" doraHaiUra="81" who="0" fromWho="0" sc="240,140,250,-40,250,-40,240,-40" /><INIT seed="0,1,0,0,1,82" ten="380,210,210,200" oya="0" hai0="119,114,64,11,110,116,76,57,19,58,3,79,98" hai1="85,69,55,90,32,14,62,63,47,40,134,41,9" hai2="52,31,59,23,92,49,130,86,78,111,104,94,126" hai3="8,117,97,100,26,27,67,77,124,33,125,107,35"/><T128/><D114/><U65/><E134/><V22/><F111/><W70/><G117/><T0/><D110/><U135/><E32/><V18/><F104/><W131/><G77/><T29/><D29/><U37/><E135/><V113/><F113/><W48/><G48/><T83/><D128/><U5/><E41/><V66/><F130/><W81/><G81/><T45/><D98/><U127/><E127/><N who="3" m="48714" /><G8/><T133/><D133/><U120/><E120/><V132/><F132/><W71/><G131/><T118/><D45/><U115/><E115/><V72/><F72/><W12/><G12/><T42/><D42/><U20/><E20/><V87/><F126/><W56/><G56/><T36/><D36/><U4/><E63/><N who="2" m="38271" /><F31/><N who="3" m="19703" /><G67/><T68/><D68/><U105/><E105/><V54/><F54/><W75/><G75/><T60/><D58/><U108/><E108/><V46/><F78/><W103/><G100/><T39/><D39/><U43/><E43/><V96/><F23/><W13/><G13/><T93/><D79/><U17/><E55/><V38/><F38/><W21/><G35/><T53/><D64/><U28/><E28/><AGARI ba="1,0" hai="21,27,28,70,71,97,103,107" m="19703,48714" machi="28" ten="30,1000,0" yaku="18,1" doraHai="82" who="3" fromWho="1" sc="380,0,210,-13,210,0,200,13" /><INIT seed="1,0,0,4,5,42" ten="380,197,210,213" oya="1" hai0="111,1,97,100,35,87,118,78,79,107,12,127,73" hai1="54,39,135,20,71,46,131,10,125,132,59,133,117" hai2="43,72,109,32,25,11,103,58,14,81,70,116,98" hai3="114,61,128,64,28,74,44,99,95,126,52,19,4"/><U75/><E75/><V0/><F70/><W47/><G114/><T26/><D1/><U119/><E71/><V91/><F116/><N who="1" m="44617" /><E20/><V120/><F120/><W94/><G74/><T112/><D118/><U37/><E10/><V15/><F0/><W55/><G128/><T7/><D112/><U93/><E93/><N who="3" m="35338" /><G99/><T86/><D73/><U6/><E6/><V83/><F11/><W41/><G41/><T8/><D127/><U108/><E131/><V68/><F32/><W92/><N who="3" m="35346" /><W123/><DORA hai="24" /><G28/><T45/><D35/><U31/><E31/><V27/><F25/><W121/><G4/><T84/><D26/><U48/><E108/><V110/><F27/><W101/><G101/><T33/><D33/><U67/><E125/><V113/><F103/><W129/><G129/><T13/><D111/><U9/><E9/><V2/><F113/><W57/><G126/><T124/><D124/><U115/><E115/><V77/><F2/><W80/><G123/><T29/><D29/><U30/><E30/><V69/><F15/><W89/><G19/><T122/><D12/><U62/><AGARI ba="0,0" hai="37,39,46,48,54,59,62,67,132,133,135" m="44617" machi="62" ten="40,12000,1" yaku="20,1,34,2,52,1" doraHai="42,24" who="1" fromWho="1" sc="380,-40,197,120,210,-40,213,-40" /><INIT seed="1,1,0,2,0,26" ten="340,317,170,173" oya="1" hai0="91,29,108,40,21,121,8,28,42,16,69,23,104" hai1="112,48,102,20,19,120,89,52,70,44,3,31,114" hai2="72,109,93,74,107,101,43,18,77,135,126,2,55" hai3="4,59,68,117,106,34,94,100,36,1,66,90,78"/><U96/><E120/><V61/><F109/><W65/><G68/><T67/><D108/><U15/><E70/><V123/><F123/><W13/><G1/><T129/><D104/><U50/><E3/><V105/><F2/><W32/><G36/><T0/><D121/><U38/><E38/><V49/><F135/><W76/><G100/><T132/><D132/><U47/><E89/><V88/><F43/><N who="0" m="16426" /><D69/><U5/><E5/><V6/><F61/><W133/><G106/><T33/><D33/><U125/><E125/><V80/><F6/><W56/><G34/><T113/><D0/><U17/><E17/><V130/><F130/><W134/><G32/><T24/><D129/><U124/><E124/><V39/><F39/><W122/><G117/><T83/><D67/><U118/><E118/><V115/><F74/><W12/><G122/><T54/><D54/><U128/><E128/><V51/><F126/><W46/><G4/><T30/><D8/><U131/><E131/><V84/><F115/><W22/><G133/><T92/><D83/><U82/><E82/><V11/><F101/><W9/><G134/><T85/><D113/><U53/><E31/><V127/><F127/><W7/><G7/><T10/><D10/><U110/><E110/><V60/><F107/><AGARI ba="1,0" hai="15,19,20,44,47,48,50,52,53,96,102,107,112,114" machi="107" ten="30,5800,0" yaku="7,1,9,1,54,1" doraHai="26" who="1" fromWho="2" sc="340,0,317,61,170,-61,173,0" /><INIT seed="1,2,0,2,4,114" ten="340,378,109,173" oya="1" hai0="42,109,122,53,44,119,14,91,10,9,98,67,104" hai1="5,85,47,31,112,0,107,123,61,83,25,117,1" hai2="113,90,132,126,79,23,26,111,93,27,76,118,73" hai3="18,99,131,75,16,129,50,135,125,71,64,15,54"/><U77/><E112/><V30/><F113/><W87/><G75/><T4/><D109/><U105/><E123/><V58/><F111/><W116/><G135/><T51/><D122/><U17/><E17/><V92/><F132/><W32/><G32/><T130/><D130/><N who="3" m="49673" /><G125/><T40/><D119/><U66/><E117/><V34/><F126/><W6/><G87/><T52/><D67/><U39/><E47/><V19/><F118/><W102/><G116/><T108/><D108/><U21/><E39/><V41/><F41/><W33/><G33/><T7/><D104/><U95/><E95/><V22/><F73/><W120/><G6/><T81/><D53/><U78/><E77/><V62/><F34/><W134/><G134/><T36/><D36/><U55/><E55/><V86/><REACH who="2" step="1"/><F93/><REACH who="2" ten="340,378,99,173" step="2"/><N who="3" m="58735" /><G120/><T38/><D42/><U13/><E107/><V70/><F70/><W2/><G71/><T84/><D40/><U124/><E105/><V133/><F133/><W43/><G43/><T106/><D38/><U94/><E94/><V29/><F29/><W97/><G2/><T3/><D106/><U101/><E124/><V37/><F37/><W115/><G115/><T35/><D35/><U48/><E1/><V59/><F59/><W110/><G110/><T72/><D72/><U96/><E0/><V12/><F12/><W45/><G15/><T28/><D28/><U127/><E127/><V103/><F103/><W69/><G69/><T63/><D3/><U89/><E101/><V46/><F46/><W11/><G45/><T57/><D44/><U100/><E13/><V88/><F88/><RYUUKYOKU ba="2,1" sc="340,-10,378,-10,99,30,173,-10" hai2="19,22,23,26,27,30,58,62,76,79,86,90,92" /><INIT seed="2,3,1,5,2,82" ten="330,368,129,163" oya="2" hai0="21,134,54,129,32,69,117,79,119,4,11,81,83" hai1="36,78,102,123,14,27,38,57,93,61,7,80,42" hai2="31,67,3,133,48,52,89,100,96,118,71,77,1" hai3="44,65,62,135,43,12,40,37,25,49,20,109,46"/><V9/><F133/><W98/><G135/><T60/><D134/><U130/><E42/><V115/><F115/><W70/><G109/><T68/><D32/><U30/><E130/><V104/><F118/><N who="0" m="45066" /><D129/><U28/><E28/><V74/><F31/><W97/><REACH who="3" step="1"/><G12/><REACH who="3" ten="330,368,129,153" step="2"/><N who="0" m="5223" /><D21/><U59/><E14/><V99/><F1/><W121/><G121/><T53/><D81/><U95/><E123/><V8/><F3/><W125/><G125/><T10/><D10/><U5/><E80/><V94/><F74/><W86/><G86/><N who="0" m="48511" /><D60/><U107/><E61/><V131/><F131/><W22/><G22/><T19/><D19/><AGARI ba="3,2" hai="19,20,25,37,40,43,44,46,49,62,65,70,97,98" machi="19" ten="30,3900,0" yaku="1,1,7,1,53,1" doraHai="82" doraHaiUra="17" who="3" fromWho="0" sc="330,-48,368,0,129,0,153,68" /><INIT seed="3,0,0,4,0,105" ten="282,368,129,221" oya="3" hai0="117,124,97,16,80,92,69,84,110,40,118,113,12" hai1="93,112,34,133,58,90,6,2,38,119,125,61,86" hai2="11,29,31,66,72,109,54,74,96,127,81,42,67" hai3="4,116,13,39,129,7,135,128,76,14,130,21,60"/><W9/><G39/><T37/><D69/><U77/><E112/><V10/><F81/><W22/><G76/><T43/><D113/><U56/><E34/><V44/><F54/><W20/><G60/><T85/><D110/><U51/><E38/><V18/><F109/><W27/><G116/><T53/><D124/><U122/><E125/><V19/><F127/><W71/><G71/><T98/><D53/><U103/><E122/><V23/><F96/><W134/><G27/><T3/><D3/><U99/><E133/><V115/><F115/><W28/><G28/><T52/><D52/><U8/><E119/><V25/><F44/><W26/><G26/><T46/><D43/><U5/><E51/><V24/><REACH who="2" step="1"/><F23/><REACH who="2" ten="282,368,119,221" step="2"/><W106/><G106/><T47/><D46/><U101/><E99/><V91/><F91/><W62/><G62/><T48/><D98/><U30/><E61/><V59/><F59/><W75/><G75/><T114/><D114/><U89/><E89/><V100/><F100/><W78/><G78/><T33/><D97/><U0/><E90/><V32/><F32/><W83/><G83/><T50/><D33/><U68/><E77/><V102/><F102/><W107/><G107/><T49/><D80/><U57/><E68/><V87/><F87/><W82/><G82/><T94/><D85/><U45/><E86/><V126/><F126/><W55/><G55/><T1/><D84/><U73/><E73/><V120/><F120/><W70/><G70/><T63/><D117/><U95/><E45/><V88/><F88/><W79/><G79/><T131/><D118/><RYUUKYOKU ba="0,1" sc="282,-15,368,-15,119,15,221,15" hai2="10,11,18,19,24,25,29,31,42,66,67,72,74" hai3="4,7,9,13,14,20,21,22,128,129,130,134,135" /><INIT seed="3,1,1,0,4,50" ten="267,353,134,236" oya="3" hai0="114,120,48,59,115,116,28,124,81,91,99,43,26" hai1="111,51,10,102,97,34,101,72,82,23,13,92,85" hai2="35,117,14,21,24,119,31,96,79,25,6,16,118" hai3="132,74,32,75,53,45,46,40,107,135,95,122,44"/><W38/><G32/><T94/><D120/><U33/><E111/><V83/><F96/><W106/><G95/><T54/><D116/><U105/><E23/><V77/><F83/><W131/><G122/><T17/><D124/><U93/><E72/><N who="3" m="27690" /><G131/><T27/><D17/><U86/><E86/><V55/><F55/><W0/><G0/><T37/><D81/><U112/><E112/><N who="0" m="43049" /><D28/><U36/><E36/><V63/><F63/><W1/><G1/><T90/><D90/><U73/><E73/><V123/><F123/><W60/><G60/><T11/><D11/><U66/><E66/><V49/><F49/><N who="3" m="28855" /><G45/><AGARI ba="1,1" hai="26,27,37,43,45,48,54,59,91,94,99" m="43049" machi="45" ten="30,2000,0" yaku="11,1,52,1" doraHai="50" who="0" fromWho="3" sc="267,33,353,0,134,0,236,-23" /><INIT seed="4,0,0,2,3,22" ten="300,353,134,213" oya="0" hai0="5,93,117,20,19,131,26,52,103,49,61,74,42" hai1="17,67,0,32,55,112,113,100,6,87,57,75,115" hai2="108,36,60,21,72,81,132,16,23,14,107,59,4" hai3="110,43,45,126,31,124,109,66,119,30,47,44,77"/><T90/><D74/><U89/><E75/><V53/><F132/><W129/><G77/><T116/><D131/><U128/><E128/><V63/><F108/><N who="3" m="41579" /><G30/><T50/><D5/><U69/><E100/><V102/><F36/><W91/><G91/><T40/><D103/><U1/><E6/><V85/><F72/><W88/><G88/><T114/><D114/><U106/><E106/><V56/><F4/><W8/><G8/><T79/><D79/><U37/><E37/><V25/><F107/><W51/><G31/><T97/><D117/><U68/><E32/><V7/><F102/><W123/><G129/><T101/><D101/><U73/><E73/><V135/><F135/><W62/><G119/><T127/><D127/><N who="3" m="48681" /><G123/><T29/><D29/><U35/><E35/><V48/><F59/><AGARI ba="0,0" hai="43,44,45,47,51,59,62,66" m="48681,41579" machi="59" ten="30,3900,0" yaku="18,1,34,2" doraHai="22" who="3" fromWho="2" sc="300,0,353,0,134,-39,213,39" /><INIT seed="5,0,0,5,4,67" ten="300,353,95,252" oya="1" hai0="105,24,76,26,33,18,62,73,98,134,50,22,42" hai1="9,46,95,44,122,126,110,3,111,119,74,38,0" hai2="82,5,104,20,64,124,106,97,65,53,59,30,84" hai3="72,12,91,117,90,113,1,41,4,63,80,39,10"/><U14/><E119/><V37/><F37/><W86/><G113/><T85/><D73/><U68/><E74/><V69/><F124/><W49/><G117/><T28/><D134/><U99/><E126/><V51/><F5/><W29/><G29/><T6/><D6/><U11/><E122/><V7/><F7/><W135/><G135/><T56/><D105/><U78/><E78/><V88/><F97/><W107/><G107/><T89/><D76/><U60/><E3/><V61/><REACH who="2" step="1"/><F65/><REACH who="2" ten="300,353,85,252" step="2"/><W93/><G39/><T43/><D98/><U123/><E99/><V34/><F34/><W25/><G1/><T15/><D33/><U102/><E0/><V57/><F57/><W71/><G4/><T58/><D56/><U87/><E38/><V101/><F101/><W55/><G72/><T2/><D2/><U77/><E102/><V115/><F115/><W112/><G112/><T17/><D58/><U109/><E109/><V31/><F31/><W23/><G86/><T81/><D28/><U121/><E87/><V47/><F47/><W75/><G75/><T16/><D18/><U130/><E44/><V129/><F129/><W36/><G36/><T70/><D17/><U52/><E130/><V108/><F108/><W32/><G32/><T120/><D85/><U133/><E46/><V21/><F21/><W114/><G114/><T92/><D22/><U66/><E110/><V40/><F40/><W79/><G41/><T132/><D43/><U35/><E111/><V100/><F100/><W127/><G127/><T48/><D42/><U83/><E66/><V8/><F8/><RYUUKYOKU ba="0,1" sc="300,-10,353,-10,85,30,252,-10" hai2="20,30,51,53,59,61,64,69,82,84,88,104,106" /><INIT seed="6,1,1,0,3,42" ten="290,343,115,242" oya="2" hai0="82,48,131,59,14,24,41,16,106,115,100,112,120" hai1="96,61,43,62,53,22,91,45,2,72,109,58,3" hai2="113,102,37,117,98,110,124,23,97,17,34,32,33" hai3="71,107,11,52,51,25,20,74,133,38,92,19,132"/><V108/><F117/><W78/><G107/><T0/><D0/><U63/><E72/><V13/><F113/><N who="0" m="43594" /><D120/><U123/><E109/><N who="2" m="42091" /><F124/><W89/><G71/><T66/><D131/><U114/><E114/><V21/><F37/><W126/><G38/><T87/><D24/><U93/><E123/><V94/><F98/><W46/><G126/><T47/><D100/><U64/><E22/><AGARI ba="1,1" hai="13,17,21,22,23,32,33,34,94,97,102" m="42091" machi="22" ten="40,2000,0" yaku="10,1" doraHai="42" who="2" fromWho="1" sc="290,0,343,-23,115,33,242,0" /><INIT seed="6,2,0,2,2,87" ten="290,320,148,242" oya="2" hai0="2,3,25,9,40,23,39,57,26,115,15,32,112" hai1="127,99,17,47,133,19,49,92,21,70,131,98,103" hai2="80,116,48,0,79,50,13,119,65,29,56,73,7" hai3="35,20,110,105,1,28,126,31,55,14,66,78,123"/><V90/><F0/><W45/><G105/><T60/><D40/><U125/><E70/><V100/><F100/><W94/><G110/><T67/><D39/><U59/><E133/><V75/><F29/><W61/><G1/><N who="0" m="11" /><D23/><U74/><E74/><V63/><F75/><W122/><G78/><T93/><D93/><U71/><E71/><V84/><F13/><W30/><G126/><N who="1" m="48138" /><E21/><V64/><F64/><W27/><G94/><T135/><D32/><U101/><E59/><V95/><REACH who="2" step="1"/><F7/><REACH who="2" ten="290,320,138,242" step="2"/><W89/><G14/><T96/><D15/><U108/><E108/><V117/><AGARI ba="2,1" hai="48,50,56,63,65,73,79,80,84,90,95,116,117,119" machi="117" ten="30,12000,1" yaku="1,1,2,1,0,1,52,1,53,1" doraHai="87" doraHaiUra="88" who="2" fromWho="2" sc="290,-42,320,-42,138,136,242,-42" /><INIT seed="6,3,0,1,4,120" ten="248,278,274,200" oya="2" hai0="55,22,29,129,23,47,130,63,86,133,1,67,128" hai1="131,25,46,97,14,42,104,11,2,48,30,71,87" hai2="72,44,15,21,134,66,94,34,60,40,78,45,122" hai3="6,13,81,135,127,83,9,59,68,56,41,96,65"/><V58/><F122/><W105/><G135/><T31/><D1/><U115/><E2/><V53/><F34/><W123/><G123/><T124/><D133/><U73/><E73/><V88/><F134/><W113/><G68/><N who="0" m="42111" /><D124/><U102/><E71/><V52/><F72/><W38/><G127/><T91/><D55/><N who="2" m="21066" /><F78/><W82/><G113/><T57/><D57/><U64/><E115/><V108/><F40/><W24/><G24/><T19/><D47/><U35/><E131/><V80/><F80/><W111/><G111/><T89/><D22/><U33/><E64/><V49/><F49/><W77/><G77/><T98/><D98/><U118/><E118/><V117/><F117/><W51/><G38/><T116/><D116/><U95/><E87/><N who="2" m="52511" /><F108/><W119/><G119/><T8/><D89/><U92/><E35/><V61/><F61/><W126/><G126/><T109/><D109/><U43/><E42/><V106/><F106/><W27/><G65/><T16/><D91/><U75/><E75/><V114/><F114/><W26/><G105/><T62/><D62/><U4/><AGARI ba="3,0" hai="4,11,14,25,30,33,43,46,48,92,95,97,102,104" machi="4" ten="20,1500,0" yaku="0,1,7,1" doraHai="120" who="1" fromWho="1" sc="248,-7,278,24,274,-10,200,-7" /><INIT seed="7,0,0,2,2,39" ten="241,302,264,193" oya="3" hai0="16,35,41,122,133,76,28,90,45,15,25,117,86" hai1="132,104,130,81,77,92,11,57,120,134,129,42,78" hai2="60,55,66,75,56,119,80,71,106,48,40,82,13" hai3="85,44,99,46,17,4,109,2,69,6,7,124,5"/><W96/><G69/><T126/><D122/><U107/><E120/><V3/><F3/><W103/><N who="3" m="1024" /><DORA hai="108" /><W101/><G2/><T93/><D117/><U88/><E42/><V1/><F1/><W30/><G109/><T10/><D126/><U36/><E57/><V43/><F106/><N who="1" m="40489" /><E11/><V29/><F119/><W63/><G124/><T47/><D133/><N who="1" m="51307" /><E36/><V102/><F102/><N who="3" m="38923" /><G30/><T31/><D31/><U65/><E65/><V113/><F29/><W9/><G85/><T26/><D25/><U87/><E78/><V20/><F71/><W33/><G63/><T98/><D76/><U118/><E118/><V123/><F60/><W79/><G33/><T8/><D8/><U59/><E59/><V111/><F56/><W14/><G79/><T110/><D110/><U38/><E38/><V128/><F123/><W27/><G27/><T131/><D131/><U53/><E53/><V0/><F55/><W50/><G46/><T121/><D121/><U37/><E37/><V97/><F111/><W89/><G89/><T100/><REACH who="0" step="1"/><D41/><AGARI ba="0,0" hai="9,14,17,41,44,50,96,99" m="38923,1024" machi="41" ten="40,3900,0" yaku="8,1,52,1" doraHai="39,108" who="3" fromWho="0" sc="241,-39,302,0,264,0,193,39" /><INIT seed="7,1,0,2,4,38" ten="202,302,264,232" oya="3" hai0="42,133,97,83,129,53,24,112,68,36,44,49,126" hai1="35,59,21,30,89,131,51,8,124,96,90,31,99" hai2="101,10,29,103,117,34,130,56,67,17,93,27,122" hai3="69,88,33,20,123,118,71,82,14,104,70,87,45"/><W65/><G118/><T32/><D126/><U47/><E35/><V23/><F117/><W3/><G3/><T41/><D68/><U80/><E131/><V76/><F130/><W116/><G116/><T81/><D129/><U26/><E31/><V94/><F76/><W92/><G104/><T110/><D110/><U52/><E124/><V108/><F108/><W79/><G33/><T105/><D133/><U85/><E8/><V114/><F114/><W19/><G123/><T100/><D112/><U78/><E59/><V125/><F125/><W2/><G2/><T106/><D106/><U120/><E120/><V72/><F72/><W102/><G102/><N who="2" m="38921" /><F34/><W128/><G128/><T22/><D32/><U5/><E5/><V113/><F113/><W132/><G132/><T15/><D15/><U98/><AGARI ba="1,0" hai="21,26,30,47,51,52,78,80,85,89,90,96,98,99" machi="98" ten="30,4000,0" yaku="0,1,8,1,54,1" doraHai="38" who="1" fromWho="1" sc="202,-11,302,43,264,-11,232,-21" owari="191,-31.0,345,45.0,253,5.0,211,-19.0" /></mjloggm>