<mjloggm ver="2.3"><GO type="169" lobby="0"/><UN n0="%E9%87%8E%E8%89%AF%E7%8C%AB%E3%83%AD%E3%83%83%E3%82%AF" n1="%E5%A4%A7%E5%92%8C%E7%94%B0%E9%A0%AD%E5%8F%96" n2="%E8%8D%92%E5%B7%9D%E5%95%93%E5%90%BE" n3="%E6%B2%96%E3%83%92%E3%82%AB%E3%83%AB%EF%BC%88%E6%9C%AC%E7%89%A9%EF%BC%89" dan="16,18,18,16" rate="2221.65,2233.76,2288.61,2062.49" sx="M,M,M,F"/><TAIKYOKU oya="0"/><INIT seed="0,0,0,1,3,119" ten="250,250,250,250" oya="0" hai0="104,39,61,90,29,26,63,3,67,79,97,73,30" hai1="101,4,45,20,124,38,69,34,70,49,80,74,12" hai2="95,132,11,9,112,96,50,13,28,0,86,43,106" hai3="82,102,130,22,17,21,118,114,18,131,41,37,31"/><T133/><D133/><U134/><E34/><V16/><F112/><W59/><G114/><T75/><D29/><U10/><E124/><V68/><F68/><W105/><G118/><T2/><D63/><U46/><E101/><V99/><F132/><W120/><G31/><T91/><D90/><U88/><E134/><V23/><F106/><W126/><G59/><T93/><D39/><U27/><E38/><V8/><F28/><W25/><G82/><T117/><D117/><U135/><E135/><V129/><F0/><W122/><G126/><T60/><D60/><U77/><E46/><N who="2" m="25951" /><F129/><N who="3" m="49163" /><G41/><T53/><D53/><U57/><E57/><V56/><F56/><W54/><G54/><T127/><D127/><U14/><E14/><V6/><F6/><W62/><G62/><T71/><D79/><U100/><E100/><V65/><F65/><W110/><G37/><T83/><D83/><U76/><E76/><V51/><F51/><W116/><G116/><T58/><D104/><U103/><E103/><V121/><F86/><W72/><G72/><T19/><D73/><U92/><E49/><V15/><F96/><N who="3" m="61639" /><G110/><T47/><D75/><U66/><E66/><V35/><F35/><W64/><G64/><T87/><D47/><U24/><E45/><V33/><F33/><W109/><G109/><T98/><D58/><U85/><REACH who="1" step="1"/><E27/><AGARI ba="0,0" hai="17,18,21,22,25,27,120,122" m="61639,49163" machi="27" ten="30,3900,0" yaku="19,1,52,2" doraHai="119" who="3" fromWho="1" sc="250,0,250,-39,250,0,250,39" /><INIT seed="1,0,0,3,3,6" ten="250,211,250,289" oya="1" hai0="85,56,34,74,20,120,109,93,130,71,75,2,43" hai1="3,90,134,22,125,24,46,65,86,9,55,15,36" hai2="21,107,126,39,83,115,87,61,108,62,30,42,101" hai3="99,68,123,19,116,110,106,64,81,63,35,18,66"/><U49/><E125/><V92/><F107/><W13/><G123/><T118/><D43/><U12/><E134/><V80/><F126/><W97/><G116/><T44/><D44/><U119/><E119/><V52/><F108/><W23/><G110/><T77/><D109/><U28/><E36/><V104/><F104/><W82/><G35/><T131/><D71/><U11/><E65/><V1/><F1/><W51/><G51/><T127/><D34/><U84/><E3/><V89/><F115/><W78/><G66/><T58/><D2/><U47/><E47/><V67/><F67/><W111/><G82/><T133/><D118/><U132/><E132/><V79/><F101/><W57/><G106/><T94/><D133/><U40/><E40/><V95/><F83/><W25/><G68/><T50/><D127/><U121/><E121/><V124/><F124/><W4/><G4/><T113/><D120/><U103/><E103/><V135/><F135/><W5/><G5/><T98/><D113/><U76/><E76/><V53/><F42/><W122/><G111/><T72/><D77/><U59/><E46/><V91/><F39/><W128/><G122/><T60/><D74/><U8/><E86/><V45/><F89/><W31/><G31/><T129/><D72/><U96/><E96/><V102/><F102/><W48/><G99/><T10/><D75/><U100/><E100/><V17/><F45/><W0/><G97/><T105/><D98/><U32/><E32/><V41/><F87/><W69/><G0/><T54/><D105/><U112/><E112/><V7/><F79/><RYUUKYOKU ba="0,0" sc="250,-10,211,30,250,-10,289,-10" hai1="8,9,11,12,15,22,24,28,49,55,59,84,90" /><INIT seed="1,1,0,3,3,77" ten="240,241,240,279" oya="1" hai0="120,50,35,119,135,43,6,110,103,89,15,4,95" hai1="37,63,36,81,130,41,114,97,127,128,65,99,129" hai2="73,48,92,51,39,57,107,55,10,11,8,96,134" hai3="64,133,20,90,102,0,25,33,85,32,106,59,76"/><U56/><E114/><V53/><F134/><W7/><G133/><T19/><D119/><U108/><E127/><V86/><F73/><W60/><G76/><T61/><D135/><U98/><E108/><V122/><F122/><W68/><G7/><T14/><D35/><U29/><E29/><V94/><F39/><N who="1" m="14921" /><E41/><V13/><F107/><W84/><G0/><T47/><D120/><U27/><E27/><V105/><F105/><W111/><G85/><T34/><D34/><U42/><E42/><V28/><F28/><W66/><G111/><T118/><D118/><U71/><E71/><V79/><F13/><W124/><G124/><T72/><D72/><U87/><E87/><V117/><F117/><W115/><G115/><T12/><D110/><U88/><E81/><N who="2" m="47423" /><F96/><W121/><G121/><T40/><D40/><U93/><AGARI ba="1,0" hai="56,63,65,88,93,97,98,99,128,129,130" m="14921" machi="93" ten="40,3900,0" yaku="19,1,54,1" doraHai="77" who="1" fromWho="1" sc="240,-14,241,42,240,-14,279,-14" /><INIT seed="1,2,0,0,3,128" ten="226,283,226,265" oya="1" hai0="41,62,103,120,70,60,122,29,67,89,50,26,12" hai1="7,21,32,105,66,104,93,90,53,98,23,45,15" hai2="115,27,118,94,63,117,87,22,91,24,20,106,11" hai3="5,37,0,36,81,85,113,8,3,126,48,68,1"/><U4/><E32/><V57/><F106/><W14/><G68/><T16/><D60/><U82/><E66/><V130/><F130/><W59/><G113/><T108/><D108/><U84/><E105/><V131/><F131/><W40/><G126/><T74/><D74/><U124/><E104/><V49/><F115/><W13/><G14/><T30/><D103/><U125/><E125/><V95/><F49/><W116/><G116/><T65/><D65/><U43/><E53/><V132/><F132/><W77/><REACH who="3" step="1"/><G59/><REACH who="3" ten="226,283,226,255" step="2"/><T97/><D120/><U78/><E124/><V127/><F127/><W80/><G80/><T54/><D122/><U75/><E15/><V76/><F117/><W64/><G64/><T111/><D111/><U51/><E75/><V38/><F57/><W134/><G134/><T42/><D26/><U47/><E47/><AGARI ba="2,1" hai="0,1,3,5,8,13,36,37,40,47,48,77,81,85" machi="47" ten="40,5200,0" yaku="1,1,25,2,53,0" doraHai="128" doraHaiUra="114" who="3" fromWho="1" sc="226,0,283,-58,226,0,255,68" /><INIT seed="2,0,0,0,4,80" ten="226,225,226,323" oya="2" hai0="132,120,7,6,102,76,30,46,130,97,93,128,100" hai1="70,41,48,115,53,50,101,8,3,67,26,95,73" hai2="88,61,125,129,23,79,56,127,10,5,63,87,47" hai3="77,121,112,33,117,69,108,27,118,1,133,68,78"/><V40/><F129/><W113/><G1/><T105/><D120/><U124/><E115/><N who="3" m="44106" /><G133/><T98/><D132/><U111/><E73/><V81/><F23/><W55/><G55/><T11/><D30/><U43/><E111/><V84/><F56/><W36/><G36/><T16/><D76/><N who="3" m="29289" /><G121/><T20/><D46/><U135/><E53/><V114/><F114/><W99/><G99/><T18/><D7/><U110/><E3/><V116/><F116/><N who="3" m="44651" /><G108/><T24/><REACH who="0" step="1"/><D18/><REACH who="0" ten="216,225,226,323" step="2"/><U14/><E135/><V86/><F47/><W32/><G27/><T17/><D17/><U39/><E26/><V94/><F40/><W126/><G126/><N who="2" m="48137" /><F84/><W85/><G85/><T2/><AGARI ba="0,1" hai="2,6,11,16,20,24,93,97,98,100,102,105,128,130" machi="2" ten="30,4000,0" yaku="1,1,0,1,54,1,53,0" doraHai="80" doraHaiUra="65" who="0" fromWho="0" sc="216,50,225,-10,226,-20,323,-10" /><INIT seed="3,0,0,1,0,44" ten="266,215,206,313" oya="3" hai0="41,33,23,62,131,56,16,42,19,50,120,20,21" hai1="13,7,37,51,88,47,40,58,81,93,99,30,80" hai2="103,27,38,87,83,124,91,59,69,60,119,8,107" hai3="117,31,3,35,66,111,79,114,64,22,97,14,86"/><W0/><G114/><T118/><D118/><U77/><E30/><V82/><F119/><W98/><G117/><T9/><D33/><U4/><E13/><V130/><F124/><W1/><G35/><T94/><D120/><U48/><E37/><V71/><F130/><W43/><G43/><T68/><D131/><U108/><E108/><V67/><F38/><W54/><G54/><N who="0" m="31831" /><D68/><U36/><E36/><V127/><F127/><W2/><G111/><T115/><D62/><U90/><E90/><V26/><F82/><N who="1" m="31849" /><E77/><V112/><F112/><W128/><G128/><T92/><D115/><U18/><E18/><N who="0" m="6697" /><D9/><U53/><AGARI ba="0,0" hai="4,7,40,47,48,51,53,58,88,93,99" m="31849" machi="53" ten="30,7900,0" yaku="8,1,52,2,54,1" doraHai="44" who="1" fromWho="1" sc="266,-20,215,79,206,-20,313,-39" /><INIT seed="4,0,0,1,3,70" ten="246,294,186,274" oya="0" hai0="56,127,78,99,104,12,125,41,23,73,42,64,85" hai1="32,0,59,16,25,122,22,21,124,58,63,118,34" hai2="130,1,2,51,13,135,80,11,36,3,106,101,102" hai3="53,71,4,113,66,109,86,68,95,67,18,79,24"/><T38/><D73/><U100/><E118/><V131/><F135/><W93/><G113/><T14/><D78/><U117/><E117/><V77/><F51/><W26/><G4/><T107/><D85/><U132/><E122/><V128/><F106/><N who="0" m="40490" /><D99/><U96/><E0/><V27/><F27/><W110/><G79/><T112/><D112/><U9/><E9/><V74/><REACH who="2" step="1"/><F36/><REACH who="2" ten="246,294,176,274" step="2"/><W40/><G26/><T94/><D38/><U49/><E49/><V65/><F65/><W57/><G66/><T69/><D64/><U48/><E48/><V43/><F43/><W91/><G40/><T37/><D37/><U33/><E25/><V17/><AGARI ba="0,1" hai="1,2,3,11,13,17,74,77,80,101,102,128,130,131" machi="17" ten="40,8000,1" yaku="1,1,0,1,19,1,53,1" doraHai="70" doraHaiUra="72" who="2" fromWho="2" sc="246,-40,294,-20,176,90,274,-20" /><INIT seed="5,0,0,0,2,121" ten="206,274,266,254" oya="1" hai0="72,56,57,108,86,97,127,113,10,115,111,128,118" hai1="88,5,129,106,134,35,8,19,75,100,23,44,74" hai2="64,124,79,126,4,39,84,65,92,83,20,13,28" hai3="101,48,120,27,107,66,26,17,133,32,45,24,99"/><U116/><E116/><V71/><F39/><W49/><G120/><T73/><D118/><U77/><E35/><V131/><F71/><W58/><G133/><T125/><D10/><U18/><E134/><V95/><F131/><W29/><G17/><T15/><D15/><U91/><E129/><V112/><F112/><N who="0" m="43082" /><D128/><U102/><E44/><V46/><F46/><W54/><REACH who="3" step="1"/><G66/><REACH who="3" ten="206,274,266,244" step="2"/><T94/><D57/><U47/><E19/><V25/><F124/><N who="0" m="47690" /><D56/><U98/><E47/><V33/><F126/><W81/><G81/><T34/><D34/><U123/><E123/><V114/><F114/><W40/><AGARI ba="0,1" hai="24,26,27,29,32,40,45,48,49,54,58,99,101,107" machi="40" ten="20,2700,0" yaku="1,1,0,1,7,1,53,0" doraHai="121" doraHaiUra="90" who="3" fromWho="3" sc="206,-7,274,-13,266,-7,244,37" /><INIT seed="6,0,0,3,0,51" ten="199,261,259,281" oya="2" hai0="127,113,116,77,68,95,49,16,106,96,15,3,80" hai1="72,97,32,50,83,69,53,22,74,26,20,100,65" hai2="41,129,61,52,86,115,18,4,7,93,132,67,42" hai3="89,6,12,84,114,23,110,28,46,94,130,27,111"/><V62/><F115/><W70/><G70/><T14/><D113/><U48/><E32/><V105/><F105/><W71/><G71/><T19/><D127/><U120/><E48/><V102/><F132/><W131/><G114/><T85/><D68/><U34/><E34/><V35/><F35/><W121/><G121/><T92/><D3/><U0/><E0/><V108/><F129/><N who="3" m="49163" /><G46/><T98/><D116/><U109/><E109/><V9/><F108/><W133/><G133/><T36/><D36/><U75/><E83/><V59/><F18/><N who="0" m="6698" /><D106/><U87/><E65/><V37/><F37/><W24/><G24/><T8/><D8/><AGARI ba="0,0" hai="6,8,12,23,27,28,84,89,94,110,111" m="49163" machi="8" ten="30,1000,0" yaku="19,1" doraHai="51" who="3" fromWho="0" sc="199,-10,261,0,259,0,281,10" /><INIT seed="7,0,0,4,4,12" ten="189,261,259,291" oya="3" hai0="94,29,42,19,135,72,81,6,84,71,113,37,114" hai1="76,131,62,64,80,126,50,57,93,4,21,132,38" hai2="20,110,10,13,127,120,121,122,48,59,26,54,39" hai3="125,23,82,34,102,74,1,78,91,109,111,75,90"/><W86/><G34/><T28/><D135/><U128/><E38/><V40/><F110/><N who="3" m="41995" /><G1/><T8/><D71/><U5/><E126/><V133/><F127/><W101/><G125/><T44/><D94/><U17/><E50/><V67/><F133/><W98/><G23/><T41/><D41/><U65/><E65/><V18/><F67/><W32/><G32/><T58/><D58/><U35/><E93/><V55/><F55/><W124/><G124/><T31/><D72/><N who="3" m="27689" /><G102/><T33/><D33/><U134/><E35/><V14/><REACH who="2" step="1"/><F10/><REACH who="2" ten="189,261,249,291" step="2"/><W66/><G66/><T24/><D6/><U130/><E132/><V51/><F51/><W2/><G2/><T45/><D8/><U87/><E134/><V30/><F30/><W97/><G97/><T92/><D92/><AGARI ba="0,1" hai="78,82,86,90,91,92,98,101" m="27689,41995" machi="92" ten="30,5800,0" yaku="10,1,34,2" doraHai="12" who="3" fromWho="0" sc="189,-58,261,0,249,0,291,68" owari="131,-37.0,261,6.0,249,-15.0,359,46.0" /></mjloggm>