<mjloggm ver="2.3"><GO type="169" lobby="0"/><UN n0="%E4%B8%AD%E5%B7%9D%E5%86%85%E9%9B%AA%E9%9F%B3" n1="%E6%82%A0%E3%80%85%2E" n2="%E7%9B%AE%E7%8E%89%E7%84%BC%E3%81%8D" n3="%E5%8F%A4%E6%9C%AC" dan="16,17,16,16" rate="2126.55,2206.33,2123.79,2065.41" sx="F,M,M,M"/><TAIKYOKU oya="0"/><INIT seed="0,0,0,2,1,25" ten="250,250,250,250" oya="0" hai0="51,76,109,118,22,53,52,135,37,46,101,30,102" hai1="114,107,128,20,39,2,127,9,7,62,131,16,24" hai2="90,124,92,77,81,48,59,84,38,10,110,12,95" hai3="112,87,45,50,96,66,43,28,83,40,55,5,73"/><T21/><D118/><U69/><E107/><V106/><F110/><W129/><G73/><T86/><D109/><U31/><E39/><V61/><F124/><W19/><G112/><T82/><D135/><U57/><E69/><V29/><F38/><W72/><G72/><T120/><D120/><U3/><E127/><V47/><F106/><W26/><G5/><T103/><D37/><U60/><E114/><V34/><F34/><W116/><G116/><T93/><D30/><U67/><E2/><V105/><F105/><W85/><G66/><T33/><D33/><U1/><E1/><V108/><F108/><W91/><G96/><T94/><REACH who="0" step="1"/><D53/><REACH who="0" ten="240,250,250,250" step="2"/><U17/><REACH who="1" step="1"/><E62/><REACH who="1" ten="240,240,250,250" step="2"/><V78/><F61/><W88/><G55/><T8/><D8/><U64/><E64/><V13/><F10/><W79/><G43/><T68/><D68/><U133/><E133/><V41/><F41/><W35/><G40/><T42/><D42/><U14/><E14/><V32/><F13/><W6/><G26/><T126/><D126/><U97/><E97/><V98/><F12/><W4/><G35/><T58/><D58/><U71/><E71/><V0/><F59/><W56/><G56/><T113/><D113/><U36/><E36/><V23/><F32/><W130/><G45/><T44/><D44/><U63/><E63/><V80/><F98/><W132/><G132/><T100/><N who="0" m="25600" /><DORA hai="134" /><T54/><D54/><U111/><E111/><V122/><F47/><W121/><G121/><T117/><D117/><U18/><AGARI ba="0,2" hai="3,7,9,16,17,18,20,24,31,57,60,67,128,131" machi="18" ten="30,7900,0" yaku="1,1,0,1,52,1,54,1,53,0" doraHai="25,134" doraHaiUra="104,89" who="1" fromWho="1" sc="240,-39,240,99,250,-20,250,-20" /><INIT seed="1,0,0,1,0,121" ten="201,339,230,230" oya="1" hai0="117,62,6,49,124,15,86,19,28,81,113,3,120" hai1="35,10,79,50,34,91,109,111,78,103,133,38,125" hai2="107,76,12,101,27,57,58,128,32,33,100,43,93" hai3="16,98,108,30,24,31,84,48,77,68,69,59,1"/><U80/><E38/><V53/><F107/><W64/><G1/><T70/><D113/><U112/><E112/><V36/><F76/><W45/><G98/><T56/><D117/><U42/><E133/><V73/><F73/><W46/><G69/><T94/><D120/><U105/><E125/><V9/><F128/><W52/><G108/><N who="1" m="41546" /><E10/><V95/><F43/><W8/><G68/><T67/><D124/><U99/><E91/><V134/><F36/><W51/><G64/><T41/><D3/><U7/><E7/><V39/><F39/><W123/><G123/><T82/><D6/><U47/><E79/><V92/><F134/><W72/><G8/><T26/><D82/><U131/><E131/><V25/><F9/><W14/><G77/><T22/><D81/><U135/><E135/><V110/><F110/><W127/><G127/><T132/><D132/><U2/><E2/><V71/><F101/><W74/><G72/><AGARI ba="0,0" hai="34,35,42,47,50,72,78,80,99,103,105" m="41546" machi="72" ten="30,12000,1" yaku="14,1,10,1,52,3" doraHai="121" who="1" fromWho="3" sc="201,0,339,120,230,0,230,-120" /><INIT seed="1,1,0,3,3,85" ten="201,459,230,110" oya="1" hai0="97,52,53,95,2,100,39,74,122,114,96,59,116" hai1="71,89,101,7,43,103,23,58,123,84,125,37,60" hai2="110,17,61,4,106,134,33,131,44,107,120,109,27" hai3="80,47,21,113,46,69,8,20,66,12,11,35,54"/><U128/><E123/><V5/><F120/><W0/><G35/><T3/><D122/><U87/><E71/><V22/><F44/><W49/><G113/><T135/><D114/><U34/><E34/><V29/><F61/><W38/><G0/><T108/><D116/><U92/><E125/><V86/><F134/><W94/><G11/><T119/><D119/><U117/><E128/><V104/><F131/><W133/><G133/><T72/><D135/><U55/><E7/><V76/><F76/><W57/><G80/><T81/><D108/><N who="2" m="41578" /><F86/><W45/><G38/><T91/><D39/><U82/><E117/><V15/><AGARI ba="1,0" hai="4,5,15,17,22,27,29,33,104,106,107" m="41578" machi="15" ten="40,1500,0" yaku="14,1" doraHai="85" who="2" fromWho="2" sc="201,-5,459,-8,230,18,110,-5" /><INIT seed="2,0,0,4,0,72" ten="196,451,248,105" oya="2" hai0="103,69,35,27,91,28,48,61,85,108,51,79,99" hai1="17,15,131,6,116,0,34,118,119,26,102,129,49" hai2="97,132,14,42,81,126,115,67,100,43,124,83,13" hai3="117,21,25,1,70,113,88,56,125,45,76,109,121"/><V123/><F115/><W66/><G121/><T80/><D108/><U40/><E102/><V87/><F123/><W36/><G117/><T71/><D91/><U50/><E40/><V9/><F132/><W120/><G1/><T74/><D85/><U95/><E95/><V32/><F32/><W46/><G120/><T37/><D37/><U2/><E2/><V135/><F135/><W82/><G70/><T30/><D28/><N who="1" m="19735" /><E50/><V8/><F67/><W107/><G107/><N who="0" m="63999" /><D71/><U122/><E49/><V7/><F100/><W112/><G36/><T4/><D4/><U54/><E54/><V75/><F97/><W89/><G109/><T29/><D29/><U127/><E122/><V5/><REACH who="2" step="1"/><F87/><REACH who="2" ten="196,451,238,105" step="2"/><W59/><G66/><AGARI ba="0,1" hai="27,30,35,48,51,61,66,69,74,79,80" m="63999" machi="66" ten="30,2000,0" yaku="25,1,52,1" doraHai="72" who="0" fromWho="3" sc="196,30,451,0,238,0,105,-20" /><INIT seed="3,0,0,4,2,8" ten="226,451,238,85" oya="3" hai0="81,23,71,132,46,13,111,34,127,21,42,119,96" hai1="68,120,74,123,28,107,61,92,49,59,50,44,40" hai2="67,87,22,83,100,5,26,27,60,79,65,124,14" hai3="58,129,33,112,47,118,122,4,54,51,86,78,90"/><W89/><G122/><T6/><D119/><U106/><E74/><V30/><F124/><W109/><G118/><T16/><D127/><U41/><E106/><V133/><F133/><W121/><G121/><T91/><D34/><U20/><E107/><V70/><F100/><W113/><G33/><T116/><D116/><U108/><E108/><V82/><F65/><W63/><G109/><T93/><D111/><U1/><E1/><V64/><F64/><W45/><G45/><T104/><D71/><U95/><E68/><V84/><F26/><W15/><G129/><T94/><D132/><U10/><E10/><V0/><F0/><W101/><G101/><T32/><D32/><U69/><E49/><V56/><F70/><W131/><G131/><T98/><D104/><U125/><E69/><V99/><F99/><W17/><G4/><T114/><D6/><U130/><E40/><V48/><F48/><W35/><G35/><T105/><D81/><N who="2" m="30730" /><F79/><W7/><G7/><T37/><D105/><U85/><E130/><V12/><F5/><W97/><G78/><T25/><D114/><N who="3" m="44137" /><G97/><T3/><D3/><U75/><E125/><V88/><F87/><W31/><G31/><T80/><D80/><AGARI ba="0,0" hai="12,14,22,27,30,56,60,67,80,84,88" m="30730" machi="80" ten="30,7700,0" yaku="8,1,52,2,54,1" doraHai="8" who="2" fromWho="0" sc="226,-77,451,0,238,77,85,0" /><INIT seed="4,0,0,2,2,67" ten="149,451,315,85" oya="0" hai0="113,103,13,11,4,111,85,50,72,112,8,75,41" hai1="117,43,91,101,24,89,88,102,95,66,34,114,6" hai2="129,98,132,39,107,96,79,62,104,26,93,126,42" hai3="49,82,128,37,65,127,28,90,60,87,135,38,81"/><T12/><D103/><U52/><E117/><V45/><F129/><W115/><G127/><T31/><D31/><U35/><E43/><V40/><F126/><W18/><G128/><T27/><D27/><U21/><E6/><V2/><F132/><W61/><G135/><T99/><D99/><N who="1" m="57831" /><E66/><V58/><F40/><W17/><G28/><T0/><D111/><U70/><E70/><V9/><F96/><W105/><G105/><T10/><D85/><U47/><E35/><V7/><F26/><W77/><G49/><T130/><D130/><U134/><E114/><N who="0" m="44137" /><D0/><U15/><E34/><V33/><F33/><W16/><G115/><T56/><D10/><U53/><E101/><V76/><F107/><W36/><REACH who="3" step="1"/><G65/><REACH who="3" ten="149,451,315,75" step="2"/><T92/><D41/><U44/><E134/><V84/><F104/><W120/><G120/><T110/><D110/><U100/><E100/><V86/><F79/><W94/><G94/><T73/><D92/><U122/><E102/><V119/><F76/><W68/><G68/><T74/><D72/><AGARI ba="0,1" hai="16,17,18,36,37,38,60,61,72,77,81,82,87,90" machi="72" ten="50,8000,1" yaku="1,1,54,1,53,2" doraHai="67" doraHaiUra="78" who="3" fromWho="0" sc="149,-80,451,0,315,0,75,90" /><INIT seed="5,0,0,1,0,10" ten="69,451,315,165" oya="1" hai0="28,115,20,36,97,93,31,123,134,85,76,105,7" hai1="91,57,38,5,11,70,53,60,95,50,86,25,17" hai2="12,117,88,21,34,87,42,2,106,111,110,63,118" hai3="127,83,81,0,122,66,101,14,56,41,84,6,9"/><U65/><E38/><V114/><F106/><W108/><G122/><T68/><D123/><U30/><E17/><V120/><F2/><W35/><G108/><T48/><D36/><U82/><E82/><V121/><F34/><W33/><G101/><T102/><D115/><U99/><E99/><V19/><F42/><W1/><G41/><T107/><D134/><U130/><E130/><V73/><F73/><W3/><G127/><T131/><D131/><U129/><E129/><V55/><F114/><W125/><G125/><T26/><D68/><U75/><E75/><V96/><F121/><W52/><G66/><T18/><D105/><U79/><E79/><V98/><F120/><W62/><REACH who="3" step="1"/><G81/><REACH who="3" ten="69,451,315,155" step="2"/><T39/><D39/><U100/><E100/><V13/><F110/><W47/><G47/><T43/><D107/><U15/><E70/><V45/><F111/><W74/><G74/><T128/><D128/><U24/><E65/><V69/><F69/><W116/><G116/><T78/><D43/><U113/><E113/><V92/><F118/><W119/><G119/><T133/><D133/><U132/><E132/><V124/><F124/><W46/><G46/><T8/><D48/><U51/><E51/><N who="2" m="29167" /><F117/><W58/><G58/><T59/><D59/><U72/><E72/><V16/><F63/><W22/><G22/><AGARI ba="0,1" hai="12,13,16,19,21,22,87,88,92,96,98" m="29167" machi="22" ten="30,8000,1" yaku="8,1,52,2,54,2" doraHai="10" who="2" fromWho="3" sc="69,0,451,0,315,90,155,-80" /><INIT seed="6,0,0,0,2,66" ten="69,451,405,75" oya="2" hai0="124,112,16,61,126,55,50,123,25,134,45,122,81" hai1="83,2,44,72,110,133,14,78,63,89,1,42,129" hai2="94,135,127,59,24,128,7,36,13,99,4,31,34" hai3="114,121,103,11,33,98,102,37,22,47,131,17,15"/><V96/><F128/><W29/><G121/><T65/><D81/><U69/><E110/><V8/><F127/><N who="0" m="48682" /><D112/><U52/><E129/><V58/><F135/><W54/><G131/><T109/><D109/><U64/><E133/><V12/><F36/><W9/><G114/><T91/><D91/><U6/><E89/><V80/><F80/><W40/><G54/><T28/><D134/><U70/><E52/><V75/><F75/><W106/><REACH who="3" step="1"/><G102/><REACH who="3" ten="69,451,405,65" step="2"/><T101/><D101/><U19/><E42/><V20/><F34/><W41/><G41/><T30/><D16/><U107/><E19/><V43/><F43/><W117/><G117/><T111/><D111/><U86/><E6/><V26/><F26/><AGARI ba="0,1" hai="9,11,15,17,22,26,29,33,37,40,47,98,103,106" machi="26" ten="40,1300,0" yaku="1,1,53,0" doraHai="66" doraHaiUra="120" who="3" fromWho="2" sc="69,0,451,0,405,-13,65,23" /><INIT seed="7,0,0,4,4,1" ten="69,451,392,88" oya="3" hai0="41,62,105,16,19,68,15,113,61,131,85,38,119" hai1="88,101,135,56,53,89,26,116,134,107,22,10,133" hai2="115,65,7,54,72,3,73,132,47,118,33,17,128" hai3="45,130,84,0,91,66,20,25,94,46,114,112,125"/><W106/><G106/><T35/><D119/><U82/><E116/><V44/><F118/><W6/><G125/><T27/><D105/><U129/><E129/><V36/><F128/><W40/><G130/><T55/><D131/><U93/><E10/><V76/><F132/><W95/><G94/><T11/><D68/><U63/><E107/><V9/><F115/><N who="3" m="44075" /><G66/><T42/><D113/><U77/><E93/><V31/><F65/><W75/><G75/><T2/><D2/><U24/><E24/><V121/><F121/><W100/><G100/><T71/><D71/><U48/><E63/><N who="0" m="24073" /><D38/><U122/><E101/><V69/><F69/><W98/><G98/><T64/><D35/><U78/><E122/><V67/><F67/><W123/><G123/><T32/><D32/><U96/><E96/><V39/><F73/><W102/><G102/><T43/><D64/><U51/><E135/><V50/><F47/><W30/><G40/><N who="0" m="10243" /><T4/><DORA hai="18" /><D27/><U86/><E133/><V57/><F44/><W14/><G0/><T109/><D109/><U111/><E111/><V87/><F72/><W5/><G14/><T23/><D55/><U117/><E53/><V92/><F92/><W74/><G74/><T28/><D85/><U127/><E86/><V124/><F124/><W13/><G13/><N who="0" m="9615" /><D28/><U70/><E127/><V58/><F39/><W59/><G59/><T81/><D81/><U97/><E56/><V21/><F36/><W49/><G46/><T103/><D103/><U108/><E134/><V79/><F57/><W104/><G104/><T120/><D120/><U29/><E108/><RYUUKYOKU ba="0,0" sc="69,15,451,-15,392,-15,88,15" hai0="4,11,15,19" hai3="5,6,20,25,30,45,49,84,91,95" /><INIT seed="7,1,0,3,0,105" ten="84,436,377,103" oya="3" hai0="66,110,96,41,114,0,122,80,88,97,11,54,87" hai1="15,59,62,95,103,92,30,31,5,55,83,16,130" hai2="93,76,7,2,21,17,118,124,111,101,4,77,43" hai3="57,1,34,91,73,29,98,68,63,70,64,9,131"/><W37/><G37/><T26/><D122/><U71/><E130/><V65/><F111/><W113/><G131/><T132/><D110/><U115/><E115/><V72/><F118/><W69/><G113/><T18/><D114/><U19/><E71/><V35/><F124/><W121/><G121/><T100/><D132/><U58/><E83/><V39/><F35/><W61/><G61/><T104/><D66/><N who="1" m="39255" /><E19/><V133/><F65/><W106/><G73/><T84/><D41/><U127/><E5/><V128/><F128/><W51/><G51/><T67/><D67/><U45/><E45/><V48/><F133/><W82/><G82/><T94/><D54/><U49/><E103/><V109/><F109/><W32/><G29/><N who="1" m="10762" /><E127/><V56/><F39/><W89/><G106/><T112/><D112/><U27/><E27/><N who="2" m="14767" /><F2/><W86/><G1/><T134/><D134/><U120/><E120/><V25/><F25/><W117/><G69/><T10/><D80/><U60/><E60/><V3/><F3/><W20/><G70/><T42/><D42/><U23/><AGARI ba="1,0" hai="15,16,23,49,55,59,92,95" m="10762,39255" machi="23" ten="30,2000,0" yaku="8,1,54,1" doraHai="105" who="1" fromWho="1" sc="84,-6,436,23,377,-6,103,-11" owari="78,-42.0,459,56.0,371,17.0,92,-31.0" /></mjloggm>