<mjloggm ver="2.3"><GO type="169" lobby="0"/><UN n0="%EF%BC%93%E7%95%AA%E3%82%B7%E3%83%A7%E3%83%BC%E3%83%88%E5%9D%82%E7%94%B0" n1="%E3%81%BF%E3%81%88%E3%83%8D%E3%82%B3" n2="%E8%91%B5%E3%81%A1%E3%82%83%E3%82%93" n3="%E3%81%9F%E3%81%91%E3%81%AB%E3%81%8D" dan="17,16,16,17" rate="2163.48,2108.13,2111.57,2173.53" sx="M,M,F,F"/><TAIKYOKU oya="0"/><INIT seed="0,0,0,3,1,62" ten="250,250,250,250" oya="0" hai0="53,79,101,27,85,130,45,9,91,35,123,39,56" hai1="103,29,5,105,59,66,70,57,55,20,26,109,8" hai2="94,42,121,34,128,72,18,133,78,22,118,24,10" hai3="28,135,37,112,65,43,81,51,83,92,41,52,7"/><T95/><D123/><U110/><E70/><V61/><F121/><W89/><G112/><T13/><D130/><U67/><E103/><V16/><F128/><W47/><G135/><T25/><D35/><U49/><E105/><V44/><F133/><W63/><G28/><T111/><D111/><N who="1" m="42507" /><E59/><V3/><F118/><W86/><G7/><T46/><D79/><U58/><E58/><V87/><F34/><W33/><G33/><T119/><D101/><U4/><E4/><V32/><F32/><W0/><G0/><AGARI ba="0,0" hai="0,5,8,20,26,29,49,55,57,66,67" m="42507" machi="0" ten="30,3900,0" yaku="14,1,52,2" doraHai="62" who="1" fromWho="3" sc="250,0,250,39,250,0,250,-39" /><INIT seed="1,0,0,4,1,67" ten="250,289,250,211" oya="1" hai0="1,115,34,92,56,105,18,75,133,21,130,52,84" hai1="80,5,68,62,42,132,135,63,17,25,45,85,93" hai2="128,123,24,96,9,91,127,47,122,2,28,107,20" hai3="109,99,48,88,116,50,89,86,83,76,35,8,64"/><U10/><E93/><V59/><F127/><W134/><G109/><T15/><D34/><U103/><E103/><V40/><F128/><W71/><G116/><T90/><D115/><U61/><E25/><V65/><F2/><W27/><G134/><T113/><D113/><U124/><E17/><V87/><F9/><W19/><G8/><T97/><D75/><U0/><E124/><V81/><F59/><W104/><G89/><T53/><D1/><U38/><REACH who="1" step="1"/><E68/><REACH who="1" ten="250,279,250,211" step="2"/><V49/><F107/><W114/><G114/><T129/><D133/><U16/><E16/><V72/><F24/><W118/><G118/><T117/><D117/><U4/><E4/><V126/><F126/><W125/><G125/><T131/><REACH who="0" step="1"/><D56/><REACH who="0" ten="240,279,250,211" step="2"/><U110/><E110/><V58/><F58/><W82/><G71/><T55/><D55/><U69/><E69/><V23/><F123/><W106/><G64/><T119/><D119/><U11/><E11/><V66/><F122/><W70/><G70/><T102/><AGARI ba="0,2" hai="15,18,21,52,53,84,90,92,97,102,105,129,130,131" machi="102" ten="40,8000,1" yaku="1,1,0,1,19,1,54,1,53,0" doraHai="67" doraHaiUra="31" who="0" fromWho="0" sc="240,100,279,-40,250,-20,211,-20" /><INIT seed="2,0,0,0,4,47" ten="340,239,230,191" oya="2" hai0="107,133,122,127,99,20,38,53,68,112,95,108,83" hai1="75,58,44,63,74,119,72,67,88,55,135,61,85" hai2="120,12,1,13,41,15,80,132,81,70,34,51,101" hai3="26,10,92,117,46,106,69,52,94,76,18,32,77"/><V102/><F120/><W3/><G106/><T4/><D112/><U124/><E135/><V29/><F70/><W131/><G117/><T19/><D68/><U79/><E119/><V27/><F1/><W123/><G69/><T59/><D38/><U30/><E124/><V36/><F36/><W54/><G123/><T21/><D107/><U66/><E30/><V64/><F64/><W48/><G131/><T14/><D122/><U89/><E44/><V39/><F39/><W91/><G32/><T40/><D40/><U110/><E110/><V57/><F132/><W2/><G26/><T50/><D108/><U73/><N who="1" m="18432" /><DORA hai="31" /><U23/><E23/><V24/><F41/><W56/><G3/><T114/><D4/><U6/><E6/><V49/><F13/><N who="3" m="7479" /><G2/><T129/><D129/><U25/><E25/><V115/><F29/><W28/><G28/><T22/><D133/><U71/><REACH who="1" step="1"/><E66/><REACH who="1" ten="340,229,230,191" step="2"/><V121/><F121/><W82/><G82/><AGARI ba="0,1" hai="55,58,61,63,67,71,79,82,85,88,89" m="18432" machi="82" ten="70,8000,1" yaku="1,1,2,1,54,1,53,0" doraHai="47,31" doraHaiUra="118,103" who="1" fromWho="3" sc="340,0,229,90,230,0,191,-80" /><INIT seed="3,0,0,3,1,76" ten="340,319,230,111" oya="3" hai0="80,116,27,81,74,2,118,65,103,14,17,35,31" hai1="19,122,119,88,46,127,114,42,33,87,95,59,24" hai2="6,115,64,110,5,18,1,126,112,60,41,16,71" hai3="44,62,29,13,131,86,73,40,72,113,32,111,23"/><W43/><G113/><T82/><D74/><U79/><E122/><V47/><F110/><W26/><G111/><T134/><D134/><U135/><E114/><V98/><F126/><W15/><G131/><T106/><D65/><U25/><E135/><V66/><F98/><W10/><G62/><T22/><D103/><U37/><E127/><V56/><F41/><W67/><G67/><T77/><D77/><U128/><E128/><V21/><F47/><W85/><G32/><T55/><D106/><U63/><E119/><V49/><F49/><W108/><G108/><T8/><D55/><U94/><E79/><V30/><F30/><W54/><G73/><T105/><D105/><U132/><E132/><V75/><F75/><W69/><G69/><T12/><REACH who="0" step="1"/><D2/><REACH who="0" ten="330,319,230,111" step="2"/><U125/><E125/><V53/><F53/><W109/><G109/><T61/><D61/><U104/><E104/><V3/><F60/><W91/><G72/><T38/><D38/><U70/><E70/><V48/><F48/><N who="3" m="28935" /><G91/><T36/><D36/><U11/><E37/><V4/><F71/><W51/><G51/><T58/><D58/><U96/><E59/><V102/><F56/><W117/><G117/><T90/><D90/><N who="1" m="55415" /><E63/><V83/><F102/><W99/><G43/><T130/><D130/><U107/><E107/><V100/><F64/><W129/><G40/><T9/><D9/><U45/><E45/><V124/><F66/><W84/><G129/><T78/><D78/><U7/><E46/><V123/><F124/><W89/><G10/><T133/><D133/><U68/><E42/><V92/><F100/><RYUUKYOKU ba="0,1" sc="330,15,319,-15,230,-15,111,15" hai0="8,12,14,17,22,27,31,35,80,81,82,116,118" hai3="13,15,23,26,29,84,85,86,89,99" /><INIT seed="3,1,1,5,2,116" ten="345,304,215,126" oya="3" hai0="40,109,64,60,59,131,13,7,2,84,39,96,130" hai1="121,70,117,32,61,34,30,77,100,8,12,114,82" hai2="37,5,125,75,118,119,98,89,72,58,128,81,108" hai3="43,49,95,47,15,33,23,67,62,63,29,66,54"/><W14/><G33/><T134/><D109/><U27/><E117/><V106/><F37/><W0/><G0/><T135/><D2/><U68/><E114/><V105/><F58/><W101/><G43/><T112/><D84/><U83/><E34/><V115/><F5/><W88/><G101/><T79/><D79/><U26/><E26/><V17/><F17/><W99/><G29/><T132/><D96/><U25/><E25/><V3/><F3/><W41/><G41/><T80/><D80/><U107/><E121/><V124/><F115/><W73/><G73/><T50/><D112/><U16/><E70/><V42/><F42/><W94/><G94/><T22/><D39/><U36/><E36/><V71/><F71/><W65/><REACH who="3" step="1"/><G23/><REACH who="3" ten="345,304,215,116" step="2"/><T90/><D22/><U28/><E28/><V48/><F72/><W122/><G122/><T51/><D40/><U20/><E20/><V35/><F75/><W87/><G87/><T104/><D104/><U103/><E103/><V6/><F35/><W56/><G56/><T91/><D59/><U97/><E77/><V127/><F106/><W4/><G4/><T120/><D7/><U86/><E86/><V76/><F105/><W55/><G55/><T110/><D135/><U1/><E1/><V44/><F125/><W38/><G38/><T78/><D134/><U52/><E52/><V45/><F124/><W123/><G123/><T11/><D132/><U85/><E85/><V57/><F127/><W93/><G93/><T129/><D120/><U53/><E53/><V19/><F57/><W69/><G69/><T74/><D74/><RYUUKYOKU ba="1,2" sc="345,-15,304,15,215,-15,116,15" hai1="8,12,16,27,30,32,61,68,82,83,97,100,107" hai3="14,15,47,49,54,62,63,65,66,67,88,95,99" /><INIT seed="3,2,2,2,1,120" ten="330,319,200,131" oya="3" hai0="110,71,48,42,103,21,97,26,81,69,23,87,85" hai1="128,134,114,33,57,77,102,8,133,59,45,132,49" hai2="62,40,118,121,104,99,6,54,135,123,13,92,63" hai3="66,7,106,82,73,100,3,32,95,9,72,39,22"/><W116/><G116/><T37/><D37/><U131/><E33/><V68/><F118/><W96/><G39/><T129/><D129/><N who="1" m="49739" /><E102/><V14/><F104/><W83/><G32/><T41/><D48/><U46/><E77/><V5/><F135/><W67/><G22/><T31/><D69/><U88/><E8/><V75/><F75/><W4/><G4/><T126/><D71/><U65/><E88/><V112/><F112/><W12/><G3/><T90/><D126/><U24/><E24/><V16/><F40/><W38/><G38/><T51/><D51/><U80/><E80/><V109/><F68/><W124/><G124/><T119/><D119/><U15/><E15/><V11/><F109/><W86/><G83/><T78/><D110/><U113/><E65/><V29/><F29/><W35/><G35/><T64/><D64/><U107/><E107/><V1/><F1/><W93/><G93/><N who="0" m="58799" /><D21/><U122/><E122/><V91/><F6/><W130/><G130/><T125/><D125/><U108/><E108/><V18/><F5/><W47/><G47/><N who="1" m="17930" /><E49/><V105/><F105/><W61/><G106/><T55/><D55/><U127/><E127/><V25/><F54/><W20/><G20/><T74/><D74/><U101/><E101/><V58/><F123/><W2/><G2/><T53/><D53/><U19/><E19/><V56/><F121/><W117/><G117/><T84/><D84/><U115/><AGARI ba="2,2" hai="57,59,113,114,115,132,133,134" m="17930,49739" machi="115" ten="50,12000,2" yaku="28,2,20,1,19,1,34,2" doraHai="120" who="1" fromWho="1" sc="330,-32,319,146,200,-32,131,-62" /><INIT seed="4,0,0,0,4,36" ten="298,465,168,69" oya="0" hai0="76,44,112,91,8,21,124,133,131,20,97,81,129" hai1="79,25,120,29,87,93,72,128,113,75,18,9,98" hai2="11,57,74,115,35,23,102,10,61,125,34,68,96" hai3="58,63,103,52,71,123,56,27,17,3,85,15,104"/><T122/><D122/><U48/><E120/><V51/><F125/><W39/><G3/><T106/><D124/><U121/><E121/><V67/><F74/><W83/><G71/><T55/><D112/><U101/><E113/><V94/><F115/><W114/><G114/><T100/><D133/><U14/><E128/><N who="0" m="49225" /><D91/><U107/><E48/><V111/><F111/><W19/><G123/><T42/><D55/><U90/><E79/><V28/><F68/><W134/><G134/><T47/><D8/><N who="2" m="3114" /><F51/><W127/><G127/><T99/><D99/><U31/><E31/><V69/><F69/><W86/><G39/><N who="0" m="21599" /><D47/><U70/><E70/><V2/><F2/><W95/><G104/><T77/><D77/><U38/><E38/><V24/><AGARI ba="0,0" hai="23,24,28,34,35,57,61,67,94,96,102" m="3114" machi="24" ten="30,1100,0" yaku="25,1" doraHai="36" who="2" fromWho="2" sc="298,-5,465,-3,168,11,69,-3" /><INIT seed="5,0,0,5,2,71" ten="293,462,179,66" oya="1" hai0="131,111,2,20,85,73,23,58,117,120,19,51,107" hai1="134,5,61,108,100,63,101,80,116,118,32,55,14" hai2="81,44,132,27,1,69,24,91,110,22,98,56,89" hai3="64,127,102,15,13,65,8,37,26,123,16,126,105"/><U6/><E32/><V42/><F110/><W133/><G123/><T97/><D73/><U38/><E80/><V43/><F69/><W78/><G78/><T28/><D2/><U39/><E14/><V75/><F1/><W99/><G133/><T76/><D117/><U57/><E108/><V128/><F132/><W12/><G37/><T40/><D111/><U68/><E134/><V10/><F128/><W79/><G79/><T88/><D131/><U60/><E68/><V11/><F75/><W54/><G54/><T18/><D120/><U103/><E55/><V66/><F98/><W59/><G59/><T90/><D28/><U67/><E57/><V0/><F0/><W35/><G35/><T130/><D130/><U135/><E67/><V95/><F95/><W104/><G104/><T48/><D107/><U52/><E52/><V30/><F27/><W122/><G122/><T17/><D76/><U119/><E135/><V7/><F7/><AGARI ba="0,0" hai="5,6,7,38,39,60,61,63,100,101,103,116,118,119" machi="7" ten="50,18000,2" yaku="29,2,28,2,52,2" doraHai="71" who="1" fromWho="2" sc="293,0,462,180,179,-180,66,0" owari="293,9.0,642,74.0,-1,-50.0,66,-33.0" /></mjloggm>