<mjloggm ver="2.3"><GO type="185" lobby="0"/><UN n0="%E6%B8%85%E5%BC%B5" n1="%E3%83%9A%E3%83%9A%E3%83%AD%E3%83%B3%E3%83%81%E3%83%BC%E3%83%8E%37" n2="%E3%81%B6%E3%82%8B%E3%81%AF%E3%81%A4" n3="" dan="16,16,16,0" rate="2168.12,2107.16,2138.35,1500.00" sx="M,M,M,C"/><TAIKYOKU oya="0"/><INIT seed="0,0,0,1,5,84" ten="350,350,350,0" oya="0" hai0="92,71,52,90,126,77,47,33,1,95,35,124,2" hai1="120,65,43,62,108,40,113,87,99,122,133,118,37" hai2="53,106,76,70,0,119,111,91,74,109,100,103,114" hai3=""/><T116/><D116/><U128/><N who="1" m="30752" /><U117/><N who="1" m="31264" /><U97/><E128/><V57/><F0/><T56/><D71/><U3/><E3/><N who="0" m="1033" /><D77/><U127/><E113/><V64/><F114/><T45/><D92/><U51/><E37/><V89/><F119/><T94/><D95/><U69/><E99/><V107/><F64/><T48/><D45/><U131/><E97/><V102/><F70/><T39/><D47/><U85/><E131/><V73/><F53/><T88/><D94/><U36/><E36/><V44/><F57/><T93/><D93/><U125/><E69/><V121/><N who="2" m="31008" /><V42/><F42/><T49/><D39/><U41/><E40/><V38/><F44/><T79/><D79/><U54/><E41/><V63/><F63/><T82/><D82/><U83/><E83/><V81/><F73/><T60/><D60/><U134/><E62/><V105/><F38/><T55/><D55/><U132/><E43/><V34/><F34/><N who="0" m="12810" /><D48/><U130/><E51/><V112/><REACH who="2" step="1"/><F112/><REACH who="2" ten="350,350,340,0" step="2"/><T66/><D66/><U98/><E65/><V72/><F72/><T59/><D59/><U61/><E54/><V110/><AGARI ba="0,1" hai="74,76,81,89,91,100,102,103,105,106,107,109,110,111" m="31008" machi="110" ten="50,18000,4" yaku="1,1,0,1,29,2,14,1,34,3,52,3,53,0" doraHai="84" doraHaiUra="129" who="2" fromWho="2" sc="350,-120,350,-60,340,190,0,0" /><INIT seed="1,0,0,5,0,67" ten="230,290,530,0" oya="1" hai0="126,97,41,73,32,112,96,38,124,135,59,74,68" hai1="102,71,52,72,48,123,132,77,113,61,98,36,106" hai2="121,79,40,33,0,117,95,2,55,93,99,45,39" hai3=""/><U85/><N who="1" m="31520" /><U83/><E113/><V82/><N who="2" m="31008" /><V62/><F33/><T66/><D32/><U115/><E115/><V122/><N who="2" m="31264" /><V43/><F117/><T57/><D112/><U91/><E36/><V47/><F55/><T69/><D38/><U118/><E132/><V84/><F62/><T51/><D135/><U42/><E42/><V114/><F114/><T70/><D66/><U129/><E129/><V101/><REACH who="2" step="1"/><F95/><REACH who="2" ten="230,290,520,0" step="2"/><T78/><D41/><U111/><E118/><V125/><F125/><N who="0" m="48234" /><D51/><AGARI ba="0,1" hai="0,2,39,40,43,45,47,51,79,82,84,93,99,101" m="31264,31008" machi="51" ten="30,8000,1" yaku="1,1,7,1,52,2,53,1" doraHai="67" doraHaiUra="89" who="2" fromWho="0" sc="230,-80,290,0,520,90,0,0" /><INIT seed="2,0,0,2,5,126" ten="150,290,610,0" oya="2" hai0="50,121,60,87,93,113,92,110,32,80,36,86,79" hai1="3,96,47,71,111,89,124,88,91,63,107,85,49" hai2="68,59,57,39,131,64,2,117,37,94,98,40,114" hai3=""/><V55/><F2/><T73/><N who="0" m="31008" /><T62/><D36/><U81/><E124/><V33/><F33/><T115/><D32/><U53/><E111/><V38/><F117/><T69/><D110/><U122/><N who="1" m="31264" /><U105/><E3/><V58/><F114/><N who="0" m="43530" /><D50/><U104/><REACH who="1" step="1"/><E96/><REACH who="1" ten="150,280,610,0" step="2"/><V54/><F98/><T120/><N who="0" m="30752" /><T103/><D60/><U106/><N who="1" m="26624" /><DORA hai="84" /><U82/><E82/><V100/><F94/><N who="0" m="36458" /><D103/><U75/><E75/><V70/><F100/><T42/><D42/><U48/><E48/><V76/><F40/><T133/><D133/><U52/><E52/><V56/><F54/><T127/><D127/><U61/><E61/><V119/><F55/><T1/><D1/><U97/><E97/><V135/><F135/><T78/><D62/><U112/><E112/><V35/><F35/><T66/><D73/><U132/><E132/><V0/><F0/><T44/><D80/><U51/><E51/><V125/><F125/><T34/><D34/><U90/><E90/><V83/><F83/><T65/><D87/><U77/><E77/><V134/><F76/><T109/><D109/><U130/><E130/><V118/><F131/><T46/><D78/><U41/><E41/><V99/><N who="2" m="14336" /><DORA hai="102" /><V108/><F134/><RYUUKYOKU ba="0,1" sc="150,-10,280,20,610,-10,0,0" hai1="47,49,53,63,71,81,85,88,89,91" /><INIT seed="4,1,1,4,5,103" ten="140,300,600,0" oya="0" hai0="68,112,88,127,41,42,65,43,50,116,100,79,135" hai1="36,120,105,53,81,0,44,47,129,38,60,123,52" hai2="72,40,75,119,34,62,54,96,83,74,70,84,46" hai3=""/><T126/><D112/><U91/><N who="1" m="30752" /><U115/><N who="1" m="31520" /><U71/><E0/><V80/><F34/><T107/><D116/><U56/><E105/><V90/><F119/><T87/><D79/><U102/><E102/><V104/><F83/><T82/><D135/><U59/><E91/><V76/><F70/><T133/><D133/><U95/><E95/><V67/><F67/><T77/><D77/><U117/><E81/><V3/><F3/><T93/><D93/><U78/><E78/><V124/><F104/><T99/><D50/><U45/><E129/><V128/><F96/><T111/><D111/><U118/><E115/><V51/><F90/><T101/><REACH who="0" step="1"/><D100/><REACH who="0" ten="130,300,600,0" step="2"/><U132/><E132/><V125/><F128/><T69/><D69/><U114/><E114/><V48/><F48/><T98/><D98/><U130/><E130/><V122/><N who="2" m="31264" /><V61/><F40/><T63/><AGARI ba="1,2" hai="41,42,43,63,65,68,82,87,88,99,101,107,126,127" machi="63" ten="30,12000,2" yaku="1,1,0,1,52,1,54,1,53,2" doraHai="103" doraHaiUra="134" who="0" fromWho="0" sc="130,142,300,-61,600,-61,0,0" /><INIT seed="4,2,0,2,2,57" ten="272,239,539,0" oya="0" hai0="45,2,32,103,93,125,37,123,82,131,90,132,95" hai1="85,114,109,74,89,63,67,83,105,34,65,42,80" hai2="41,87,50,122,108,110,113,68,59,53,102,118,96" hai3=""/><T48/><N who="0" m="31520" /><T81/><D2/><U86/><E34/><V76/><N who="2" m="31264" /><V126/><F113/><T121/><N who="0" m="31008" /><T70/><D32/><U56/><E109/><V38/><F68/><T78/><D70/><U97/><E114/><V62/><F126/><T60/><D125/><U72/><E42/><V84/><F118/><T106/><D37/><U35/><E35/><V135/><F135/><T39/><D39/><U111/><E111/><V52/><F38/><T43/><D132/><U51/><E51/><V119/><F41/><T98/><D131/><U101/><REACH who="1" step="1"/><E67/><REACH who="1" ten="272,229,539,0" step="2"/><V99/><F119/><T49/><D49/><U128/><E128/><V0/><F0/><T69/><D90/><AGARI ba="2,1" hai="56,63,65,72,74,80,83,85,86,89,90,97,101,105" machi="90" ten="30,7700,0" yaku="1,1,7,1,9,1,52,1,53,0" doraHai="57" doraHaiUra="129" who="1" fromWho="0" sc="272,-81,229,91,539,0,0,0" /><INIT seed="5,0,0,0,4,94" ten="191,320,539,0" oya="1" hai0="2,124,101,74,58,117,102,75,99,42,54,108,107" hai1="133,72,53,91,71,132,73,97,123,66,104,48,95" hai2="109,44,135,78,130,105,57,41,60,32,103,96,81" hai3=""/><U35/><N who="1" m="31520" /><U79/><E35/><V115/><F109/><T129/><D2/><U83/><E71/><V45/><F32/><T111/><D129/><U63/><E66/><V64/><F130/><T56/><D124/><U90/><E63/><V34/><F34/><T118/><D42/><U100/><E53/><V51/><F135/><N who="1" m="51785" /><E48/><V43/><F115/><T89/><D89/><N who="1" m="33803" /><E95/><V87/><F45/><T65/><D65/><U92/><E92/><V120/><N who="2" m="30752" /><V36/><F36/><T134/><D134/><U67/><E67/><V77/><F41/><T110/><D101/><U55/><E55/><V68/><F68/><T122/><N who="0" m="31264" /><T38/><D38/><U59/><E59/><N who="0" m="22569" /><D54/><U113/><E113/><V52/><F43/><T49/><D49/><U3/><E72/><V131/><F131/><T62/><D62/><U125/><E125/><V0/><F0/><AGARI ba="0,0" hai="0,3,73,79,83,97,100,104" m="33803,51785,31520" machi="0" ten="30,5800,0" yaku="20,1,52,2" doraHai="94" who="1" fromWho="2" sc="191,0,320,58,539,-58,0,0" /><INIT seed="5,1,0,4,4,37" ten="191,378,481,0" oya="1" hai0="69,129,71,125,2,41,131,130,62,82,66,3,72" hai1="91,120,119,122,80,60,75,121,0,35,113,127,114" hai2="55,95,126,81,36,68,63,32,94,88,38,92,65" hai3=""/><U34/><N who="1" m="30752" /><U50/><N who="1" m="31008" /><U74/><N who="1" m="31264" /><U86/><E0/><N who="0" m="41" /><D125/><U128/><E119/><V102/><F32/><N who="1" m="12329" /><E128/><N who="0" m="32769" /><T49/><DORA hai="105" /><D82/><U46/><E60/><V111/><F111/><T58/><D72/><U44/><E44/><AGARI ba="1,0" hai="41,44,49,58,62,66,69,71" m="32769,41" machi="44" ten="50,3200,0" yaku="19,1,52,1" doraHai="37,105" who="0" fromWho="1" sc="191,34,378,-34,481,0,0,0" /><INIT seed="6,0,0,3,1,69" ten="225,344,481,0" oya="2" hai0="48,55,47,53,77,41,40,83,94,121,68,130,34" hai1="87,111,67,95,52,104,107,133,122,131,42,50,102" hai2="38,72,132,43,112,66,37,56,123,57,100,63,61" hai3=""/><V116/><N who="2" m="31520" /><V75/><F116/><T60/><N who="0" m="31008" /><T78/><D34/><U90/><N who="1" m="31264" /><U109/><E42/><V49/><F132/><T88/><D130/><U120/><N who="1" m="30752" /><U105/><E133/><V39/><F112/><T44/><D68/><U128/><E67/><V115/><F115/><T54/><D83/><U74/><E74/><V2/><F2/><T85/><REACH who="0" step="1"/><D60/><REACH who="0" ten="215,344,481,0" step="2"/><U32/><E32/><V97/><F63/><T64/><D64/><U70/><E70/><V59/><F66/><T45/><D45/><U98/><E128/><V126/><F61/><T3/><D3/><U134/><E131/><V1/><F59/><T81/><D81/><U101/><E134/><V99/><F57/><T117/><D117/><U119/><E119/><V108/><F56/><T125/><D125/><U113/><E113/><V106/><F126/><T84/><D84/><U71/><E71/><V127/><F127/><T114/><D114/><U82/><E82/><V110/><F1/><T65/><D65/><U33/><E87/><V91/><F75/><T62/><D62/><U118/><E118/><V0/><F72/><T79/><D79/><U96/><E33/><V73/><F0/><T135/><D135/><U76/><E76/><RYUUKYOKU ba="0,1" sc="215,20,344,-10,481,-10,0,0" hai0="40,41,44,47,48,53,54,55,77,78,85,88,94" owari="235,-36.0,334,-7.0,481,43.0,0,0.0" /></mjloggm>