<mjloggm ver="2.3"><GO type="169" lobby="0"/><UN n0="%E3%83%99%E3%82%B8%E2%80%95%E3%82%BF" n1="%E3%83%9F%E3%83%A9%E3%83%92%E3%82%AB%E3%83%91%E3%83%91" n2="%E3%81%8A%E3%81%8A%E3%81%8F%E3%81%95" n3="%CE%BC%E3%81%97%E3%82%82%E3%81%A7" dan="16,17,17,17" rate="2163.50,2166.87,2214.82,2165.14" sx="M,M,M,M"/><TAIKYOKU oya="0"/><INIT seed="0,0,0,1,3,120" ten="250,250,250,250" oya="0" hai0="18,124,56,34,19,79,133,6,123,116,111,106,57" hai1="80,21,96,91,88,32,45,10,98,51,38,35,39" hai2="127,49,135,28,33,48,1,121,30,14,29,60,55" hai3="117,108,99,90,89,4,72,85,64,101,119,95,83"/><T114/><D114/><U84/><E38/><V93/><F121/><W50/><G64/><T103/><D123/><U128/><E39/><V130/><F1/><W94/><G4/><T43/><D116/><U87/><E128/><V23/><F130/><W2/><G50/><T70/><D70/><U24/><E10/><V81/><F135/><W9/><G9/><T76/><D34/><U71/><E71/><V112/><F127/><W126/><G2/><T11/><D124/><U17/><E35/><V42/><F112/><W27/><G27/><T25/><D43/><U0/><E32/><V104/><F104/><W37/><G37/><T13/><D133/><U54/><REACH who="1" step="1"/><E0/><REACH who="1" ten="250,240,250,250" step="2"/><V69/><F69/><W75/><G126/><T46/><D11/><U26/><E26/><V8/><F33/><W61/><G119/><T100/><D25/><U68/><E68/><V65/><F8/><W41/><G117/><T7/><D13/><U59/><E59/><V78/><F14/><W73/><G61/><T129/><D129/><U47/><E47/><V66/><F60/><W134/><G134/><T113/><D46/><U97/><E97/><V131/><F131/><W53/><G41/><T52/><D113/><U20/><E20/><V16/><F23/><W58/><G58/><T118/><D118/><U125/><E125/><V31/><F42/><W92/><G53/><T122/><D122/><U40/><E40/><V36/><F55/><W115/><G115/><T67/><D52/><U44/><E44/><V110/><N who="2" m="7168" /><DORA hai="86" /><V77/><F36/><W3/><G3/><T22/><D22/><RYUUKYOKU ba="0,1" sc="250,-10,240,30,250,-10,250,-10" hai1="17,21,24,45,51,54,80,84,87,88,91,96,98" /><INIT seed="1,1,1,1,4,6" ten="240,270,240,240" oya="1" hai0="133,31,39,0,60,77,43,7,53,24,36,111,121" hai1="47,118,134,61,67,48,103,37,13,8,56,70,99" hai2="127,16,46,131,69,102,90,51,93,25,41,63,59" hai3="112,10,72,113,44,91,49,119,92,30,5,101,64"/><U22/><E118/><V57/><F131/><W14/><G72/><T130/><D130/><U35/><E35/><V78/><F127/><W18/><G119/><T107/><D107/><U132/><E22/><V54/><F69/><W71/><G101/><T12/><D0/><U4/><E37/><V1/><F1/><W104/><G104/><T23/><D111/><U105/><REACH who="1" step="1"/><E70/><REACH who="1" ten="240,260,240,240" step="2"/><V100/><F59/><W129/><G129/><T82/><D23/><U116/><E116/><V28/><F28/><W3/><G30/><T11/><D39/><U65/><E65/><V117/><F117/><W27/><G64/><T115/><D36/><U55/><AGARI ba="1,2" hai="4,8,13,47,48,55,56,61,67,99,103,105,132,134" machi="55" ten="30,6000,0" yaku="1,1,0,1,52,1,53,0" doraHai="6" doraHaiUra="19" who="1" fromWho="1" sc="240,-21,260,83,240,-21,240,-21" /><INIT seed="1,2,0,3,2,64" ten="219,343,219,219" oya="1" hai0="44,12,39,57,70,13,134,75,80,123,107,118,45" hai1="132,91,25,40,77,110,55,116,50,21,65,41,72" hai2="76,93,112,111,102,83,17,2,96,66,94,7,47" hai3="115,1,32,117,0,19,67,86,97,28,30,38,14"/><U135/><E116/><V84/><F111/><W87/><G38/><T101/><D118/><U88/><E110/><V24/><F112/><W8/><G117/><T3/><D3/><U73/><E65/><V4/><F2/><W74/><G74/><T69/><D107/><U125/><E125/><V106/><F93/><W31/><G115/><T81/><D101/><U6/><E6/><V79/><F79/><W133/><G133/><N who="1" m="51274" /><E41/><V51/><F106/><W122/><G122/><T78/><D134/><U89/><E40/><N who="2" m="25063" /><F66/><W92/><G32/><T90/><D123/><U126/><E77/><V121/><F121/><W130/><G130/><T22/><D57/><N who="1" m="33015" /><E126/><V36/><F36/><W15/><G67/><T29/><D39/><U20/><E20/><AGARI ba="2,0" hai="4,7,17,20,24,76,83,84,94,96,102" m="25063" machi="20" ten="30,1000,0" yaku="8,1" doraHai="64" who="2" fromWho="1" sc="219,0,343,-16,219,16,219,0" /><INIT seed="2,0,0,1,0,77" ten="219,327,235,219" oya="2" hai0="25,75,4,103,124,0,98,89,26,112,15,134,69" hai1="78,85,92,130,125,61,3,105,104,34,14,8,63" hai2="28,93,90,123,45,82,35,50,48,129,57,1,74" hai3="18,46,9,29,65,70,108,99,12,119,117,22,86"/><V76/><F123/><W83/><G108/><T97/><D112/><U73/><E3/><V43/><F129/><W56/><G70/><T58/><D69/><U101/><E34/><V42/><F1/><W17/><G29/><T114/><D114/><U55/><E130/><V27/><F57/><W19/><G99/><T116/><D0/><U91/><E125/><V40/><REACH who="2" step="1"/><F48/><REACH who="2" ten="219,327,225,219" step="2"/><W21/><G119/><T59/><D59/><U94/><E63/><V127/><F127/><W121/><G117/><T64/><D58/><U87/><E61/><V84/><AGARI ba="0,1" hai="27,28,35,40,42,43,45,50,74,76,82,84,90,93" machi="84" ten="20,7800,0" yaku="1,1,0,1,7,1,52,1,53,0" doraHai="77" doraHaiUra="32" who="2" fromWho="2" sc="219,-26,327,-26,225,88,219,-26" /><INIT seed="2,1,0,2,4,2" ten="193,301,313,193" oya="2" hai0="15,97,119,6,124,49,39,24,66,100,48,105,20" hai1="35,91,30,129,52,80,3,37,109,69,50,59,1" hai2="51,10,42,16,120,62,56,103,104,61,55,126,94" hai3="58,38,83,22,18,130,134,133,98,114,29,63,65"/><V21/><F120/><W125/><G114/><T73/><D39/><U85/><E109/><V40/><F104/><W72/><G38/><T41/><D124/><U76/><E129/><V0/><F126/><W108/><G125/><T127/><D127/><U46/><E69/><V74/><F74/><W32/><G108/><T17/><D73/><U71/><E71/><V89/><F103/><W31/><G130/><T110/><D110/><U82/><E30/><V43/><F0/><W12/><G98/><T5/><D119/><U128/><E35/><V111/><F10/><W84/><G72/><T47/><D66/><U11/><E128/><V99/><REACH who="2" step="1"/><F111/><REACH who="2" ten="193,301,303,193" step="2"/><W93/><G32/><T75/><D75/><U19/><E1/><V14/><AGARI ba="1,1" hai="14,16,21,40,42,43,51,55,56,61,62,89,94,99" machi="14" ten="30,18000,2" yaku="1,1,2,1,0,1,8,1,54,1,53,1" doraHai="2" doraHaiUra="9" who="2" fromWho="2" sc="193,-61,301,-61,303,193,193,-61" /><INIT seed="2,2,0,0,4,71" ten="132,240,496,132" oya="2" hai0="85,97,94,63,6,111,73,69,52,130,132,51,101" hai1="79,78,125,70,105,42,0,87,34,66,55,5,89" hai2="37,135,127,8,47,2,103,61,46,57,83,29,114" hai3="96,76,134,121,33,12,104,10,116,110,92,120,23"/><V67/><F114/><W99/><G33/><T56/><D73/><U106/><E125/><V65/><F127/><W3/><G116/><T95/><D111/><U11/><E34/><V7/><F135/><W100/><G110/><T98/><D132/><U36/><E79/><V44/><F29/><W118/><G118/><T109/><D109/><U133/><E78/><V40/><F67/><W54/><G134/><T107/><D130/><U80/><E133/><V108/><F108/><W68/><G68/><T62/><D6/><U28/><E28/><V43/><F103/><W119/><G119/><T27/><D69/><U26/><E26/><V84/><F43/><W9/><G76/><AGARI ba="2,0" hai="2,7,8,37,40,44,46,47,57,61,65,76,83,84" machi="76" ten="30,2900,0" yaku="7,1,52,1" doraHai="71" who="2" fromWho="3" sc="132,0,240,0,496,35,132,-35" /><INIT seed="2,3,0,4,3,88" ten="132,240,531,97" oya="2" hai0="113,90,123,84,52,94,82,92,115,48,133,78,0" hai1="54,70,85,10,129,118,68,63,25,16,46,62,58" hai2="27,81,127,120,31,30,7,97,122,49,135,67,80" hai3="117,66,17,55,108,76,131,72,89,53,20,105,34"/><V56/><F135/><W3/><G3/><T50/><D123/><U110/><E118/><V41/><F127/><W15/><G34/><T65/><D0/><U99/><E110/><V26/><F41/><W39/><G105/><T100/><D133/><U44/><E129/><V74/><F67/><W116/><G39/><T130/><D130/><U24/><E70/><V102/><F7/><W128/><G108/><T109/><D109/><U107/><E85/><V37/><F37/><W91/><G66/><T43/><D65/><U101/><E63/><V77/><F80/><W47/><G47/><N who="0" m="25727" /><D115/><U45/><E68/><V33/><F56/><W111/><G111/><T119/><D119/><U61/><E61/><V134/><F49/><W126/><G76/><T8/><D113/><U36/><E36/><V59/><F59/><W132/><G72/><T73/><D73/><U51/><E62/><V42/><F42/><W93/><G132/><T125/><D125/><U112/><E112/><V1/><F1/><W21/><G126/><T35/><D35/><U22/><REACH who="1" step="1"/><E10/><REACH who="1" ten="132,230,531,97" step="2"/><V14/><F134/><W87/><G131/><T9/><D9/><U98/><E98/><V12/><F122/><W64/><G128/><T95/><D8/><U79/><E79/><V28/><F120/><W121/><G121/><T19/><D78/><U2/><E2/><V69/><F69/><W6/><G117/><T106/><D50/><U13/><AGARI ba="3,1" hai="13,16,22,24,25,44,45,46,51,54,58,99,101,107" machi="13" ten="30,8000,1" yaku="1,1,0,1,54,1,53,2" doraHai="88" doraHaiUra="23" who="1" fromWho="1" sc="132,-23,230,99,531,-43,97,-23" /><INIT seed="3,0,0,1,2,47" ten="109,329,488,74" oya="3" hai0="86,33,57,100,14,11,17,104,28,31,23,126,56" hai1="134,54,74,113,101,61,25,111,60,77,21,88,32" hai2="98,50,107,22,66,129,117,80,123,110,37,79,131" hai3="68,102,84,44,82,109,118,67,122,40,52,16,108"/><W120/><G102/><T75/><D75/><U92/><E113/><V49/><F37/><W81/><G118/><T0/><D126/><U91/><E32/><V8/><F110/><N who="3" m="42603" /><G68/><T121/><D121/><U2/><E111/><V5/><F123/><W71/><G71/><T89/><D33/><U124/><E124/><V27/><F66/><W26/><G67/><T125/><D125/><U10/><E134/><V34/><F34/><W70/><G70/><T116/><D116/><U46/><E101/><V48/><F107/><W114/><G81/><T24/><D0/><U103/><E103/><V35/><F98/><W58/><G44/><T69/><D69/><U51/><E77/><V13/><F35/><W1/><G1/><T76/><D76/><U29/><E74/><V12/><F117/><W119/><G40/><T3/><D3/><U6/><REACH who="1" step="1"/><E91/><REACH who="1" ten="109,319,488,74" step="2"/><V30/><REACH who="2" step="1"/><F13/><REACH who="2" ten="109,319,478,74" step="2"/><W132/><G119/><T96/><D14/><U72/><E72/><AGARI ba="0,2" hai="5,8,12,22,27,30,48,49,50,72,79,80,129,131" machi="72" ten="40,8000,1" yaku="1,1,2,1,52,3,53,0" doraHai="47" doraHaiUra="87" who="2" fromWho="1" sc="109,0,319,-80,478,100,74,0" /><INIT seed="4,0,0,0,4,41" ten="109,239,578,74" oya="0" hai0="102,35,33,69,20,88,53,107,121,122,92,11,25" hai1="26,22,71,9,118,7,84,77,60,114,44,127,99" hai2="66,58,57,131,115,0,62,38,93,42,103,55,18" hai3="51,3,49,61,95,17,75,91,46,8,40,111,133"/><T45/><D69/><U87/><E118/><V117/><F0/><W21/><G75/><T10/><D122/><U96/><E127/><V119/><F18/><W36/><G111/><T12/><D121/><U5/><E114/><V1/><F1/><W28/><G133/><T78/><D78/><U124/><E124/><V2/><F2/><W34/><G34/><T64/><D64/><U132/><E132/><V76/><F76/><W113/><G113/><T97/><D10/><U6/><E9/><V81/><F81/><W98/><G61/><T30/><D45/><U67/><E44/><V104/><F104/><W24/><REACH who="3" step="1"/><G17/><REACH who="3" ten="109,239,578,64" step="2"/><T108/><D108/><U112/><E60/><V31/><F62/><W4/><AGARI ba="0,1" hai="3,4,8,21,24,28,36,40,46,49,51,91,95,98" machi="4" ten="30,7900,0" yaku="1,1,2,1,0,1,52,1,53,0" doraHai="41" doraHaiUra="120" who="3" fromWho="3" sc="109,-39,239,-20,578,-20,64,89" /><INIT seed="5,0,0,5,0,131" ten="70,219,558,153" oya="1" hai0="84,26,60,33,32,110,17,34,54,30,16,95,9" hai1="58,40,87,108,29,111,104,100,21,59,130,3,63" hai2="76,22,13,69,57,28,67,37,80,125,105,52,74" hai3="79,122,128,20,7,24,90,68,47,113,115,135,11"/><U101/><E3/><V99/><F125/><W109/><G68/><T94/><D110/><N who="1" m="42027" /><E130/><V41/><F69/><W126/><G79/><T18/><D9/><U88/><E40/><V42/><F67/><W133/><G109/><T2/><D2/><U65/><E104/><V5/><F28/><W43/><G128/><T70/><D84/><U27/><E59/><V45/><F41/><W53/><G53/><T77/><D77/><U112/><E112/><N who="3" m="43082" /><G90/><T124/><D124/><U75/><E75/><V81/><F81/><AGARI ba="0,0" hai="21,27,29,58,63,65,81,87,88,100,101" m="42027" machi="81" ten="30,2900,0" yaku="10,1,54,1" doraHai="131" who="1" fromWho="2" sc="70,0,219,29,558,-29,153,0" /><INIT seed="5,1,0,1,0,81" ten="70,248,529,153" oya="1" hai0="112,120,86,61,127,87,108,97,74,101,31,52,47" hai1="117,22,121,63,29,75,83,106,93,9,59,56,122" hai2="43,130,67,80,37,0,35,44,123,129,134,8,66" hai3="113,85,133,17,16,72,64,91,45,53,1,3,14"/><U124/><E106/><V20/><F134/><W96/><G72/><T62/><D108/><U19/><E117/><V128/><F123/><W76/><G133/><T131/><D74/><U18/><E124/><V40/><F35/><W94/><G113/><T107/><D127/><U30/><E93/><V46/><F80/><N who="3" m="47239" /><G1/><T51/><D112/><U132/><E132/><V57/><F57/><W60/><G3/><T27/><D131/><U25/><E59/><V118/><F118/><W34/><G34/><T6/><D6/><U126/><E126/><V79/><F79/><W11/><G64/><T41/><D120/><U102/><E102/><V84/><F84/><N who="3" m="52583" /><G60/><T104/><D104/><U13/><E122/><V38/><F20/><W55/><G45/><T2/><D2/><U114/><E114/><V32/><F32/><W50/><G50/><T90/><D41/><U68/><E68/><V65/><F8/><N who="3" m="6215" /><G96/><T116/><D116/><U49/><E49/><N who="2" m="26783" /><F0/><W125/><G125/><T5/><D5/><U70/><E70/><V135/><F135/><W78/><G78/><T54/><D54/><U42/><E121/><V110/><F110/><W7/><G7/><T24/><D24/><U111/><E111/><V33/><F33/><W23/><G11/><T21/><REACH who="0" step="1"/><D86/><REACH who="0" ten="60,248,529,153" step="2"/><U73/><E73/><V69/><F69/><W105/><G105/><T115/><D115/><U95/><E75/><V82/><F82/><AGARI ba="1,1" hai="21,27,31,47,51,52,61,62,82,87,90,97,101,107" machi="82" ten="30,7700,0" yaku="1,1,7,1,52,1,54,1,53,0" doraHai="81" doraHaiUra="39" who="0" fromWho="2" sc="60,90,248,0,529,-80,153,0" /><INIT seed="6,0,0,3,3,8" ten="150,248,449,153" oya="2" hai0="124,20,19,34,82,63,39,58,65,94,92,84,25" hai1="90,16,42,112,83,126,88,53,59,2,135,52,72" hai2="77,66,46,97,23,70,64,132,13,95,98,105,55" hai3="14,50,113,32,125,128,120,131,106,93,17,108,78"/><V115/><F115/><W9/><G106/><T37/><D124/><U74/><E2/><V44/><F70/><W119/><G120/><T123/><D123/><U80/><E59/><V75/><F132/><W100/><G119/><T47/><D34/><U73/><E42/><V38/><F77/><W129/><G108/><T56/><D39/><U69/><E69/><V7/><F75/><W22/><G32/><T18/><D37/><U86/><E112/><V26/><F44/><W45/><G113/><T0/><D0/><U130/><E126/><V102/><F7/><W133/><G125/><T99/><D47/><U101/><E101/><V41/><F55/><W40/><G78/><T6/><D6/><U76/><E135/><V28/><F13/><W81/><G81/><T114/><D114/><U1/><E1/><V87/><F87/><W68/><G68/><T4/><D4/><U21/><E130/><V31/><F28/><W122/><G122/><T61/><D18/><U3/><E3/><V48/><REACH who="2" step="1"/><F38/><REACH who="2" ten="150,248,439,153" step="2"/><W103/><G133/><T85/><D85/><U109/><E76/><V36/><F36/><W35/><G131/><T33/><D84/><U107/><E74/><V51/><F51/><W134/><G134/><T110/><D110/><U15/><E73/><V5/><F5/><W104/><G129/><T111/><D111/><U67/><E72/><V29/><F29/><W62/><G128/><T57/><D57/><U71/><E86/><V121/><F121/><W11/><G45/><T91/><D56/><U127/><E71/><V89/><AGARI ba="0,1" hai="23,26,31,41,46,48,64,66,89,95,97,98,102,105" machi="89" ten="20,3900,0" yaku="1,1,0,1,7,1,53,0" doraHai="8" doraHaiUra="54" who="2" fromWho="2" sc="150,-13,248,-13,439,49,153,-13" /><INIT seed="6,1,0,1,2,104" ten="137,235,488,140" oya="2" hai0="54,39,83,32,116,109,118,31,82,27,12,106,20" hai1="96,60,119,21,73,80,84,81,120,15,57,108,97" hai2="61,77,75,1,65,51,63,11,36,17,127,37,90" hai3="122,100,132,62,18,52,91,115,7,34,85,59,53"/><V114/><F114/><W16/><G122/><T70/><D109/><U123/><E108/><V9/><F127/><W107/><G34/><T130/><D106/><U105/><E119/><N who="0" m="45609" /><D130/><U102/><E96/><V45/><F63/><W30/><G115/><T72/><D70/><U86/><E73/><V98/><F11/><W69/><G69/><T88/><D39/><U5/><E86/><V28/><F28/><W134/><G30/><T41/><D41/><U117/><E117/><V3/><F3/><W125/><G7/><T40/><D40/><U129/><E129/><V133/><F133/><N who="3" m="51307" /><G125/><T35/><D12/><U6/><E81/><N who="0" m="30729" /><D72/><U135/><E135/><V26/><F1/><W22/><G100/><T121/><D121/><N who="1" m="46667" /><E21/><V126/><F126/><W93/><G107/><T2/><D2/><U74/><E74/><V110/><F75/><W124/><G124/><T64/><D64/><N who="1" m="38927" /><E15/><V46/><F110/><W29/><G53/><T103/><D103/><U33/><E33/><N who="0" m="12873" /><D54/><U4/><E4/><V68/><F68/><W49/><G62/><T58/><D58/><U23/><E23/><V71/><F61/><W55/><G55/><T10/><D10/><U128/><E128/><V56/><F56/><W111/><G111/><T67/><D67/><U66/><E66/><V38/><F65/><W112/><G112/><T87/><D87/><U101/><E101/><V8/><F71/><W50/><G50/><T99/><D99/><U25/><E25/><AGARI ba="1,0" hai="16,18,22,25,29,49,52,59,85,91,93" m="51307" machi="25" ten="30,3900,0" yaku="20,1,54,2" doraHai="104" who="3" fromWho="1" sc="137,0,235,-42,488,0,140,42" /><INIT seed="7,0,0,0,4,44" ten="137,193,488,182" oya="3" hai0="101,23,72,32,135,87,55,74,83,106,65,113,12" hai1="6,114,110,31,99,117,24,108,57,128,63,29,1" hai2="104,53,52,77,129,18,17,134,46,19,4,26,89" hai3="21,34,38,43,130,60,126,79,95,75,58,121,86"/><W120/><G34/><T61/><D32/><U88/><E6/><V9/><F104/><W85/><G75/><T102/><D135/><U22/><E1/><V125/><F134/><W76/><G130/><T100/><D106/><U127/><E31/><V131/><F125/><W92/><G126/><T2/><D2/><U116/><E127/><V59/><F77/><W109/><G43/><T14/><D113/><U56/><E114/><V16/><F89/><W98/><G38/><T71/><D14/><U123/><E128/><V42/><F53/><W94/><G109/><T5/><D5/><U11/><E11/><V90/><F90/><W96/><G21/><T119/><D119/><N who="1" m="45643" /><E123/><V36/><F26/><W84/><G58/><N who="1" m="22634" /><E63/><V39/><F39/><W37/><G60/><T133/><D133/><U107/><E88/><V62/><N who="2" m="4096" /><DORA hai="78" /><V49/><REACH who="2" step="1"/><F36/><REACH who="2" ten="137,193,478,182" step="2"/><W51/><G37/><T27/><D12/><AGARI ba="0,1" hai="4,9,12,42,46,49,52,59,62,129,131" m="4096" machi="12" ten="50,8000,1" yaku="1,1,2,1,52,1,54,2,53,0" doraHai="44,78" doraHaiUra="35,115" who="2" fromWho="0" sc="137,-80,193,0,478,90,182,0" owari="57,-44.0,193,-1.0,568,67.0,182,-22.0" /></mjloggm>