<mjloggm ver="2.3"><GO type="169" lobby="0"/><UN n0="%E9%89%84%E7%A8%9A%E9%AD%9A%E3%82%AB%E3%83%A2%E9%A4%8A%E5%88%86" n1="%E3%81%BF%E3%81%88%E3%83%8D%E3%82%B3" n2="%E3%81%B5%E3%81%8B" n3="%E8%91%B5%E3%81%A1%E3%82%83%E3%82%93" dan="18,16,18,16" rate="2196.01,2105.81,2259.26,2113.29" sx="F,M,M,F"/><TAIKYOKU oya="0"/><INIT seed="0,0,0,1,4,35" ten="250,250,250,250" oya="0" hai0="116,119,19,64,131,11,32,22,88,125,106,57,54" hai1="23,74,73,15,34,114,97,41,126,118,52,84,46" hai2="135,47,80,25,76,6,98,26,60,49,87,81,55" hai3="83,58,111,21,121,65,14,128,99,72,43,90,82"/><T75/><D75/><U3/><E118/><V9/><F135/><W89/><G111/><T105/><D32/><U66/><E34/><V45/><F98/><W62/><G121/><T122/><D122/><U33/><E33/><V28/><F60/><W16/><G128/><T29/><D131/><U51/><E66/><V12/><F28/><W4/><G43/><T13/><D64/><U70/><E70/><V68/><F68/><W108/><G108/><T115/><D115/><U44/><E114/><V27/><REACH who="2" step="1"/><F81/><REACH who="2" ten="250,250,240,250" step="2"/><W79/><G83/><T38/><D29/><U17/><E97/><V133/><F133/><W42/><G99/><T100/><D119/><U134/><E134/><V2/><F2/><W63/><G62/><T36/><D116/><U77/><E3/><V24/><N who="2" m="6144" /><DORA hai="130" /><V117/><F117/><W124/><G124/><T50/><D125/><U113/><E126/><V85/><F85/><W5/><REACH who="3" step="1"/><G42/><REACH who="3" ten="250,250,240,240" step="2"/><T123/><D123/><U69/><E113/><V67/><F67/><W93/><G93/><T18/><D106/><U37/><E69/><V95/><F95/><W109/><G109/><T86/><D105/><U48/><E74/><V91/><F91/><AGARI ba="0,2" hai="4,5,14,16,21,58,63,65,72,79,82,89,90,91" machi="91" ten="40,2600,0" yaku="1,1,54,1,53,0" doraHai="35,130" doraHaiUra="129,127" who="3" fromWho="2" sc="250,0,250,0,240,-26,240,46" /><INIT seed="1,0,0,0,3,116" ten="250,250,214,286" oya="1" hai0="0,3,122,2,8,61,110,74,84,66,1,58,102" hai1="111,87,95,64,67,63,68,88,54,128,52,79,103" hai2="85,41,31,98,92,126,46,101,17,130,104,118,112" hai3="55,125,24,65,30,91,47,113,72,131,32,132,106"/><U27/><E128/><V56/><F118/><W35/><G131/><T19/><D74/><U109/><E67/><V70/><F130/><W81/><G113/><T135/><D110/><N who="1" m="41995" /><E79/><V39/><F70/><W57/><G125/><T94/><D135/><U90/><E103/><V62/><F126/><W83/><G132/><T22/><D102/><U21/><E90/><V37/><F112/><W93/><G106/><T59/><D59/><U121/><E121/><V82/><F31/><AGARI ba="0,0" hai="21,27,31,52,54,63,64,68,87,88,95" m="41995" machi="31" ten="30,11600,0" yaku="14,1,10,1,54,2" doraHai="116" who="1" fromWho="2" sc="250,0,250,116,214,-116,286,0" /><INIT seed="1,1,0,0,5,104" ten="250,366,98,286" oya="1" hai0="74,3,38,132,81,111,64,56,34,87,24,101,124" hai1="129,67,25,70,29,5,110,108,100,114,40,6,95" hai2="91,113,8,105,72,77,11,73,92,97,130,96,48" hai3="112,134,15,51,44,30,121,79,17,31,54,103,23"/><U71/><E114/><V94/><F113/><W66/><G112/><T10/><D38/><U27/><E129/><V4/><F130/><W20/><G121/><T36/><D36/><U76/><E40/><V21/><F105/><W75/><G134/><T115/><D115/><U50/><E50/><V135/><F135/><W57/><G103/><T26/><D132/><U42/><E42/><V59/><F21/><W65/><G23/><T1/><D101/><U127/><E127/><V69/><F69/><N who="1" m="26121" /><E67/><V2/><F77/><W128/><G128/><T7/><D111/><N who="1" m="42539" /><E76/><V13/><F59/><W43/><G66/><T85/><D56/><U49/><E49/><V9/><F48/><W55/><G65/><T107/><D64/><U120/><E120/><V58/><F58/><W53/><REACH who="3" step="1"/><G57/><REACH who="3" ten="250,366,98,276" step="2"/><T102/><D124/><U46/><E46/><V62/><F62/><W68/><G68/><T106/><D102/><U133/><E133/><V14/><F9/><W78/><G78/><T16/><D10/><U88/><E100/><V89/><REACH who="2" step="1"/><F2/><REACH who="2" ten="250,366,88,276" step="2"/><N who="0" m="522" /><D107/><U98/><E27/><V80/><F80/><AGARI ba="1,2" hai="15,17,20,30,31,43,44,51,53,54,55,75,79,80" machi="80" ten="40,2600,0" yaku="1,1,52,1,53,0" doraHai="104" doraHaiUra="61" who="3" fromWho="2" sc="250,0,366,0,88,-29,276,49" /><INIT seed="2,0,0,0,4,14" ten="250,366,59,325" oya="2" hai0="24,62,85,32,6,53,56,131,110,106,43,67,65" hai1="48,120,103,105,49,27,40,72,115,119,64,95,129" hai2="21,38,76,44,87,90,102,101,15,4,55,31,122" hai3="66,19,25,133,16,128,2,68,97,126,132,75,30"/><V61/><F122/><W9/><G126/><T28/><D106/><U134/><E119/><V1/><F1/><W77/><G128/><T45/><D110/><U93/><E115/><V135/><F135/><N who="3" m="51787" /><G97/><T57/><D131/><U125/><E129/><V123/><F123/><W118/><G118/><T100/><D100/><U107/><E64/><V54/><F76/><W7/><G66/><T39/><D6/><U80/><E120/><V82/><F38/><W46/><G68/><T84/><D65/><U13/><E125/><V47/><F31/><W33/><G46/><N who="2" m="17449" /><F61/><AGARI ba="0,0" hai="24,28,32,39,43,45,53,56,57,61,62,67,84,85" machi="61" ten="30,1000,0" yaku="7,1" doraHai="14" who="0" fromWho="2" sc="250,10,366,0,59,-10,325,0" /><INIT seed="3,0,0,4,5,51" ten="260,366,49,325" oya="3" hai0="17,93,48,97,121,4,7,92,40,50,33,55,56" hai1="31,44,41,34,119,87,1,113,76,24,96,85,53" hai2="42,81,25,16,106,95,27,60,125,83,67,52,126" hai3="19,26,130,86,23,54,68,80,77,18,43,110,111"/><W58/><G68/><T88/><D121/><U115/><E119/><V30/><F106/><W90/><G130/><T65/><D33/><U28/><E1/><V117/><F117/><W129/><G43/><T89/><D65/><U118/><E118/><V9/><F42/><W112/><G112/><T13/><D40/><U71/><E71/><V35/><F95/><W66/><G66/><T127/><D127/><N who="2" m="48650" /><F67/><W131/><G19/><T98/><D50/><U38/><E31/><V78/><F78/><W120/><G120/><T59/><D59/><U15/><E96/><V2/><F2/><W32/><G32/><T134/><D134/><U69/><E69/><V29/><F29/><W123/><G123/><T79/><D79/><U122/><E122/><V91/><F91/><W128/><REACH who="3" step="1"/><G77/><REACH who="3" ten="260,366,49,315" step="2"/><T114/><REACH who="0" step="1"/><D114/><REACH who="0" ten="250,366,49,315" step="2"/><U102/><E76/><V104/><F35/><W133/><G133/><T6/><D6/><U46/><E115/><V124/><F124/><W8/><G8/><AGARI ba="0,2" hai="4,7,8,13,17,48,55,56,88,89,92,93,97,98" machi="8" ten="30,12000,2" yaku="1,1,7,1,9,1,8,1,52,1,54,1,53,0" doraHai="51" doraHaiUra="75" who="0" fromWho="3" sc="250,140,366,0,49,0,315,-120" /><INIT seed="4,0,0,1,1,5" ten="390,366,49,195" oya="0" hai0="8,129,124,9,22,118,116,54,45,6,88,123,50" hai1="43,39,81,13,41,122,11,21,69,127,60,56,27" hai2="16,2,111,64,120,101,121,31,95,117,77,44,73" hai3="115,85,82,76,1,89,134,48,99,67,23,102,59"/><T83/><D123/><U97/><E127/><V38/><F31/><W132/><G115/><T112/><D112/><U92/><E81/><V79/><F64/><W108/><G1/><T4/><D124/><U75/><E69/><V55/><F2/><W130/><G130/><T84/><D129/><U15/><E15/><V113/><F38/><W104/><G108/><T70/><D70/><U17/><E75/><V29/><F29/><W26/><G89/><T19/><D118/><U109/><E39/><V3/><F3/><W18/><REACH who="3" step="1"/><G67/><REACH who="3" ten="390,366,49,185" step="2"/><T37/><D116/><U103/><E109/><V110/><F113/><W32/><G32/><T100/><D100/><U46/><E122/><V96/><F101/><W114/><G114/><T57/><D37/><U133/><E133/><V51/><F117/><W65/><G65/><T25/><D45/><U14/><E46/><V78/><F44/><W105/><G105/><T62/><D50/><U125/><E125/><V119/><F51/><W63/><G63/><T90/><D90/><U24/><E43/><V66/><F66/><W126/><G126/><T7/><AGARI ba="0,1" hai="4,6,7,8,9,19,22,25,54,57,62,83,84,88" machi="7" ten="30,12000,1" yaku="0,1,8,1,52,2,54,1" doraHai="5" who="0" fromWho="0" sc="390,130,366,-40,49,-40,185,-40" /><INIT seed="4,1,0,5,5,121" ten="520,326,9,145" oya="0" hai0="12,127,73,96,71,76,1,103,122,125,35,132,21" hai1="93,58,77,108,98,5,100,29,75,43,123,37,54" hai2="112,92,19,15,11,50,33,57,119,110,99,80,91" hai3="74,60,38,46,45,36,42,2,48,72,87,116,109"/><T9/><D122/><U134/><E123/><V107/><F110/><W8/><G116/><T82/><D71/><U133/><E108/><V66/><F33/><W78/><G109/><T59/><D35/><U105/><E29/><V28/><F119/><W115/><G115/><T51/><D1/><U94/><E5/><V18/><F112/><W130/><G130/><T47/><D59/><U90/><E37/><V88/><F107/><W27/><G27/><T81/><D21/><U3/><E43/><V86/><F28/><W17/><G60/><T6/><D81/><N who="1" m="45247" /><E3/><V55/><F66/><W124/><G124/><T135/><D47/><U61/><E90/><V20/><F20/><W7/><G17/><AGARI ba="1,0" hai="11,15,17,18,19,50,55,57,80,86,88,91,92,99" machi="17" ten="30,3900,0" yaku="7,1,8,1,54,1" doraHai="121" who="2" fromWho="3" sc="520,0,326,0,9,42,145,-42" /><INIT seed="5,0,0,4,1,0" ten="520,326,51,103" oya="1" hai0="8,46,51,66,86,105,1,121,33,37,107,16,19" hai1="119,58,31,102,22,120,74,130,44,23,109,27,43" hai2="77,88,131,7,64,114,135,87,60,124,104,6,118" hai3="115,112,79,20,61,97,128,45,98,17,26,29,24"/><U113/><E120/><V11/><F118/><W62/><G128/><T38/><D33/><U103/><E119/><V80/><F104/><W4/><G79/><T9/><D66/><U2/><E130/><V59/><F131/><W108/><G45/><T123/><D86/><U76/><E113/><N who="3" m="43594" /><G108/><T49/><D46/><U101/><E109/><V81/><F114/><W70/><G4/><N who="2" m="1577" /><F135/><W41/><G41/><T91/><D91/><U52/><E2/><AGARI ba="0,0" hai="1,2,8,9,16,19,37,38,49,51,105,107,121,123" machi="2" ten="25,3200,0" yaku="22,2,54,1" doraHai="0" who="0" fromWho="1" sc="520,32,326,-32,51,0,103,0" /><INIT seed="6,0,0,3,0,73" ten="552,294,51,103" oya="2" hai0="63,34,53,117,55,85,114,115,61,133,87,96,108" hai1="74,130,4,119,21,13,82,30,95,44,57,36,131" hai2="2,126,113,19,94,128,18,17,26,10,8,118,72" hai3="22,50,25,58,20,83,51,75,97,16,84,105,89"/><V43/><F118/><W104/><G75/><T54/><D108/><U135/><E119/><V11/><F72/><W37/><G37/><T103/><D117/><U76/><E135/><V93/><F2/><W79/><G105/><T23/><D34/><U69/><E69/><V68/><F68/><W86/><G104/><T80/><D23/><U102/><E57/><V109/><F109/><W125/><G97/><T88/><D87/><U116/><E116/><V9/><N who="2" m="2048" /><DORA hai="3" /><V28/><F113/><N who="0" m="43018" /><D133/><U91/><E102/><V66/><F66/><W92/><G125/><T99/><D99/><U98/><E4/><V33/><F126/><W0/><G0/><T47/><D47/><U70/><E70/><V77/><F128/><N who="1" m="49193" /><E44/><V78/><REACH who="2" step="1"/><F43/><REACH who="2" ten="552,294,41,103" step="2"/><W39/><G22/><T127/><D127/><U1/><E1/><V52/><F52/><N who="3" m="32023" /><G39/><T7/><D54/><U40/><E36/><V48/><F48/><AGARI ba="0,1" hai="16,20,25,48,51,79,83,84,86,89,92" m="32023" machi="48" ten="30,7700,0" yaku="8,1,52,1,54,2" doraHai="73,3" who="3" fromWho="2" sc="552,0,294,0,41,-77,103,87" owari="552,66.0,294,9.0,-36,-54.0,190,-21.0" /></mjloggm>