<mjloggm ver="2.3"><GO type="169" lobby="0"/><UN n0="%E9%87%8E%E4%B8%AD%E6%99%B4" n1="%E3%81%96%E3%82%8A%E3%81%8C%E3%81%AB%E3%81%8F%E3%82%93" n2="%E6%B2%96%E3%83%92%E3%82%AB%E3%83%AB%EF%BC%88%E6%9C%AC%E7%89%A9%EF%BC%89" n3="%E3%81%88%E3%81%8C%E3%82%8F%E3%82%8A%E3%81%8A" dan="16,17,16,16" rate="2071.98,2211.56,2064.25,2099.31" sx="F,M,F,M"/><TAIKYOKU oya="0"/><INIT seed="0,0,0,1,4,51" ten="250,250,250,250" oya="0" hai0="11,60,110,132,3,16,128,95,48,47,23,111,87" hai1="64,17,43,108,6,27,68,118,79,58,89,41,122" hai2="49,134,104,130,92,71,15,67,66,98,96,94,88" hai3="19,127,63,45,116,25,4,57,1,105,44,56,42"/><T113/><D113/><U21/><E122/><V123/><F123/><W133/><G116/><T74/><D74/><U52/><E118/><V26/><F104/><W55/><G127/><T61/><D128/><U114/><E108/><N who="0" m="41513" /><D132/><U38/><E38/><V101/><F134/><W91/><G133/><T99/><D87/><U77/><E114/><V62/><F130/><W117/><G117/><T50/><D11/><U86/><E6/><V31/><F15/><W24/><G105/><T84/><D84/><U107/><E107/><V35/><F49/><N who="0" m="19050" /><D47/><U120/><E64/><V39/><REACH who="2" step="1"/><F67/><REACH who="2" ten="250,250,240,250" step="2"/><W69/><G1/><T121/><D121/><U2/><E2/><V97/><F97/><W8/><G44/><T36/><D3/><U46/><E120/><V59/><F59/><W10/><G45/><T106/><D36/><AGARI ba="0,1" hai="26,31,35,36,39,62,66,71,88,92,94,96,98,101" machi="36" ten="40,2600,0" yaku="1,1,54,1,53,0" doraHai="51" doraHaiUra="9" who="2" fromWho="0" sc="250,-26,250,0,240,36,250,0" /><INIT seed="1,0,0,0,3,100" ten="224,250,276,250" oya="1" hai0="21,19,129,111,12,130,121,54,106,63,95,28,32" hai1="41,3,37,103,124,134,76,5,11,26,34,73,102" hai2="46,9,101,131,107,71,74,117,59,43,69,64,83" hai3="55,35,93,31,90,30,8,78,18,50,40,17,127"/><U44/><E134/><V4/><F117/><W6/><G127/><T57/><D111/><U97/><E124/><V61/><F131/><N who="0" m="50186" /><D121/><U116/><E116/><V94/><F94/><W75/><G40/><T84/><D84/><U92/><E26/><V7/><F7/><W67/><G67/><T133/><D133/><U96/><E34/><V52/><F64/><W29/><G78/><T58/><D58/><U48/><E48/><V16/><F16/><W85/><G75/><T110/><D110/><U132/><E132/><V42/><F42/><W122/><G35/><T113/><D113/><U51/><E51/><V23/><F23/><W135/><G122/><T15/><D95/><U120/><E120/><V123/><F123/><W10/><G135/><T27/><D15/><U86/><E86/><V38/><F101/><N who="1" m="38409" /><E92/><V56/><F56/><W80/><G93/><T105/><AGARI ba="0,0" hai="12,19,21,27,28,32,54,57,63,105,106" m="50186" machi="105" ten="30,4000,0" yaku="19,1,52,2" doraHai="100" who="0" fromWho="0" sc="224,40,250,-20,276,-10,250,-10" /><INIT seed="2,0,0,1,5,20" ten="264,230,266,240" oya="2" hai0="110,75,104,23,0,35,126,39,3,84,29,135,91" hai1="24,11,43,31,71,117,78,37,32,69,79,85,17" hai2="87,127,98,25,34,86,133,107,10,8,132,94,56" hai3="125,103,62,7,109,41,130,46,48,99,4,68,82"/><V51/><F107/><W63/><G109/><T54/><D39/><U77/><E117/><V52/><F127/><W95/><G125/><T53/><D126/><U60/><E37/><V76/><F10/><W30/><G130/><T116/><D75/><U64/><E43/><V113/><F113/><W28/><G82/><T13/><D35/><U67/><E85/><V36/><F8/><W128/><G128/><T40/><D104/><U100/><E100/><V112/><F36/><W47/><G46/><T9/><D3/><U90/><E90/><V38/><F38/><W120/><G120/><T2/><D0/><U33/><E33/><V21/><F34/><W59/><G63/><T19/><D116/><U61/><E11/><V74/><F74/><W73/><G68/><T101/><D110/><U97/><E97/><V66/><F66/><W26/><G73/><T106/><D2/><U49/><E17/><N who="2" m="12463" /><F76/><W93/><G93/><T70/><D70/><U50/><AGARI ba="0,0" hai="24,31,32,49,50,60,61,64,67,69,71,77,78,79" machi="50" ten="30,4000,0" yaku="0,1,9,1,52,1" doraHai="20" who="1" fromWho="1" sc="264,-10,230,40,266,-20,240,-10" /><INIT seed="3,0,0,0,5,24" ten="254,270,246,230" oya="3" hai0="94,9,15,43,131,65,95,56,6,67,8,84,39" hai1="57,114,36,17,34,107,76,38,50,91,49,7,74" hai2="55,31,3,101,46,87,79,116,28,126,1,60,4" hai3="69,63,83,42,132,130,48,59,80,85,14,72,29"/><W16/><G132/><T33/><D131/><U127/><E114/><V98/><F116/><W97/><G130/><T27/><D56/><U82/><E127/><V73/><F73/><W124/><G124/><T89/><D95/><U2/><E107/><V122/><F126/><W18/><G72/><T109/><D109/><U117/><E117/><V96/><F96/><W11/><G69/><T22/><D33/><U81/><E34/><V47/><F3/><W52/><G97/><T58/><D58/><U12/><E7/><V115/><F4/><W88/><G83/><T113/><D113/><U108/><E2/><V86/><F1/><W13/><G29/><N who="2" m="11337" /><F115/><W70/><G70/><T106/><D106/><U53/><E108/><V0/><F0/><W5/><G14/><T45/><REACH who="0" step="1"/><D9/><REACH who="0" ten="244,270,246,230" step="2"/><U103/><E57/><N who="2" m="34879" /><F122/><W133/><G133/><T120/><D120/><U61/><E61/><V41/><F41/><W75/><G75/><T111/><D111/><U92/><E74/><V129/><F129/><W51/><G42/><T20/><D20/><U123/><E123/><V112/><F112/><W102/><G102/><T118/><D118/><U134/><E103/><V10/><F10/><W26/><G5/><T71/><D71/><U99/><E134/><V30/><F101/><W32/><G32/><T23/><D23/><AGARI ba="0,1" hai="11,13,16,18,23,26,48,51,52,59,63,80,85,88" machi="23" ten="40,12000,1" yaku="8,1,54,3" doraHai="24" who="3" fromWho="0" sc="244,-120,270,0,246,0,230,130" /><INIT seed="3,1,0,5,3,37" ten="124,270,246,360" oya="3" hai0="31,58,24,22,49,110,126,121,81,27,57,109,66" hai1="46,41,15,91,16,69,11,38,130,36,12,28,56" hai2="117,63,116,80,84,108,50,111,94,99,76,112,85" hai3="107,2,53,133,44,75,100,124,71,60,120,32,33"/><W131/><RYUUKYOKU type="yao9" ba="1,0" sc="124,0,270,0,246,0,360,0" hai3="2,32,33,44,53,60,71,75,100,107,120,124,131,133" /><INIT seed="3,2,0,2,4,11" ten="124,270,246,360" oya="3" hai0="66,98,39,42,70,113,20,127,85,68,0,129,90" hai1="67,122,65,105,1,130,109,52,114,93,103,23,92" hai2="12,104,44,112,87,123,78,74,83,29,47,24,72" hai3="128,8,111,15,117,22,5,59,100,40,107,57,62"/><W131/><G117/><T37/><D0/><U49/><E122/><V110/><F110/><W54/><G111/><T71/><D129/><N who="3" m="49737" /><G40/><T58/><D127/><U16/><E114/><V119/><F119/><W2/><G59/><T14/><D113/><U116/><E1/><V75/><F104/><W124/><G124/><T115/><D115/><U88/><E109/><V53/><F112/><W31/><G31/><T82/><D42/><U94/><E130/><V99/><F99/><N who="3" m="61855" /><G22/><T79/><D58/><N who="1" m="33039" /><E105/><V43/><F53/><W18/><G2/><T89/><D66/><N who="1" m="25099" /><E103/><V55/><F55/><W73/><G73/><T95/><REACH who="0" step="1"/><D79/><REACH who="0" ten="114,270,246,360" step="2"/><U48/><E116/><V32/><F43/><W86/><G86/><T76/><D76/><U96/><E48/><V97/><F123/><W118/><G118/><T21/><D21/><U51/><E51/><V50/><F50/><W13/><G57/><T121/><D121/><U3/><E3/><V19/><REACH who="2" step="1"/><F97/><REACH who="2" ten="114,270,236,360" step="2"/><W36/><G54/><T34/><D34/><U134/><E134/><V4/><F4/><W17/><G5/><T101/><D101/><U60/><E60/><V84/><F84/><W30/><G62/><T46/><D46/><U38/><E38/><V91/><F91/><W9/><G36/><T27/><D27/><AGARI ba="2,2" hai="16,23,27,88,92,93,94,96" m="25099,33039" machi="27" ten="30,7700,0" yaku="8,1,54,3" doraHai="11" who="1" fromWho="0" sc="114,-83,270,103,236,0,360,0" /><INIT seed="4,0,0,5,2,92" ten="31,373,236,360" oya="0" hai0="116,106,99,28,42,132,93,59,113,37,31,107,7" hai1="27,8,13,129,124,80,46,22,58,98,50,26,74" hai2="40,4,62,64,122,71,83,131,76,63,14,12,135" hai3="5,41,24,6,33,88,96,45,19,119,68,109,2"/><T10/><D132/><U118/><E118/><V117/><F122/><W84/><G119/><T79/><D116/><U53/><E129/><V105/><F105/><W38/><G109/><T95/><D113/><U123/><E123/><V32/><F32/><W1/><G68/><T103/><D79/><U16/><E124/><V44/><F131/><W23/><G33/><T102/><D42/><U115/><E115/><V35/><F35/><W21/><G1/><T94/><D37/><U81/><E74/><V120/><F120/><W47/><G2/><T77/><D77/><U130/><E130/><V18/><F63/><W134/><G47/><T133/><D133/><U48/><E98/><V78/><F78/><W89/><G23/><T54/><D103/><U65/><E26/><V15/><F135/><W43/><G43/><T70/><D70/><U125/><E125/><V72/><F4/><W104/><G134/><T52/><D107/><U112/><E112/><V20/><F117/><W61/><G61/><T100/><D100/><U108/><E108/><V69/><F69/><W110/><G110/><T29/><REACH who="0" step="1"/><D59/><REACH who="0" ten="21,373,236,360" step="2"/><U82/><E58/><V55/><F40/><W101/><G89/><T60/><D60/><U39/><E39/><V34/><F71/><W66/><G38/><T9/><D9/><U90/><E90/><V51/><F76/><W128/><G128/><T86/><D86/><U56/><E8/><V85/><F85/><W0/><G84/><T11/><D11/><U17/><E56/><V49/><F62/><W126/><G88/><T57/><D57/><U87/><E50/><RYUUKYOKU ba="0,1" sc="21,30,373,-10,236,-10,360,-10" hai0="7,10,28,29,31,52,54,93,94,95,99,102,106" /><INIT seed="4,1,1,4,4,99" ten="51,363,226,350" oya="0" hai0="101,58,61,2,27,111,120,68,31,14,32,112,35" hai1="10,74,107,11,8,86,104,128,64,110,48,125,6" hai2="105,19,44,94,45,116,13,21,62,52,95,42,66" hai3="37,122,88,7,131,83,22,23,129,124,12,9,84"/><T134/><D112/><U33/><E110/><V76/><F105/><W34/><G37/><T65/><D111/><U77/><E74/><V26/><F116/><W85/><G34/><T1/><D120/><U127/><E33/><V28/><F76/><W97/><G122/><T96/><D134/><U102/><E128/><N who="3" m="49226" /><G124/><N who="1" m="47690" /><E64/><V117/><F117/><W24/><G24/><T59/><D35/><U54/><E6/><V119/><F119/><W114/><G114/><T92/><D14/><U25/><E25/><V113/><F113/><W72/><G72/><T29/><REACH who="0" step="1"/><D31/><REACH who="0" ten="41,363,226,350" step="2"/><U123/><E123/><V49/><F28/><W89/><G97/><T130/><D130/><U20/><E8/><V5/><F13/><W70/><G70/><T63/><D63/><U67/><E11/><V56/><F5/><W78/><G12/><T38/><D38/><AGARI ba="1,2" hai="19,21,26,38,42,44,45,49,52,56,62,66,94,95" machi="38" ten="30,2000,0" yaku="7,1,54,1" doraHai="99" who="2" fromWho="0" sc="41,-23,363,0,226,43,350,0" /><INIT seed="5,0,0,5,5,98" ten="18,363,269,350" oya="1" hai0="51,20,120,6,113,38,37,30,13,39,65,68,29" hai1="75,70,74,19,2,66,18,86,40,10,93,17,50" hai2="48,90,124,125,56,24,94,71,42,16,25,80,64" hai3="127,130,134,78,95,61,69,106,27,103,14,114,53"/><U11/><BYE who="0" /><E70/><V52/><F80/><W28/><G106/><T76/><D76/><U46/><E66/><V44/><F71/><W87/><G114/><T59/><D59/><U84/><E2/><V9/><F64/><W32/><G127/><N who="2" m="48713" /><F9/><N who="1" m="3081" /><E75/><V101/><F101/><W21/><G130/><T105/><D105/><U85/><E74/><V122/><F122/><W102/><G134/><T88/><D88/><AGARI ba="0,0" hai="17,18,19,40,46,50,84,85,86,88,93" m="3081" machi="88" ten="30,2900,0" yaku="8,1,54,1" doraHai="98" who="1" fromWho="0" sc="18,-29,363,29,269,0,350,0" owari="-11,-51.0,392,49.0,269,-13.0,350,15.0" /></mjloggm>