<mjloggm ver="2.3"><GO type="225" lobby="0"/><UN n0="%E8%A8%88%E7%AE%97%E6%A9%9F%E8%87%AA%E7%84%B6" n1="%E7%B6%BE%E9%87%8E%E7%8F%AA%E5%AD%90" n2="%E5%A4%A9%E3%83%8E%E5%B7%9D%E6%B2%99%E5%A4%9C" n3="%EF%BC%AE%EF%BC%AF%EF%BD%90%EF%BD%90%EF%BC%AF" dan="17,17,16,16" rate="2242.10,2216.82,2164.39,2095.95" sx="M,F,F,M"/><TAIKYOKU oya="0"/><INIT seed="0,0,0,0,3,79" ten="250,250,250,250" oya="0" hai0="36,85,125,119,103,134,86,24,99,54,115,92,38" hai1="124,120,96,98,15,30,65,80,69,14,114,8,5" hai2="41,21,66,61,18,102,45,116,47,57,89,7,60" hai3="78,62,35,4,27,23,105,58,11,16,83,42,49"/><T59/><D115/><U73/><E120/><V25/><F116/><W95/><G105/><T1/><D119/><U9/><E124/><V28/><F102/><W104/><G104/><T127/><D1/><U88/><E114/><V31/><F7/><W72/><G95/><T44/><D134/><U82/><E30/><V107/><F107/><W93/><G93/><T76/><D24/><U128/><E128/><V64/><F89/><W63/><G35/><T52/><D54/><U81/><E73/><V19/><F31/><W32/><G32/><T46/><D46/><U34/><E34/><V70/><REACH who="2" step="1"/><F47/><REACH who="2" ten="250,250,240,250" step="2"/><W121/><G121/><T87/><D76/><U97/><E88/><V123/><F123/><W56/><G42/><T20/><D44/><U135/><E135/><V84/><F84/><W40/><G40/><T67/><D127/><U129/><E129/><V122/><F122/><W68/><G49/><AGARI ba="0,1" hai="18,19,21,25,28,41,45,49,57,60,61,64,66,70" machi="49" ten="30,2000,0" yaku="1,1,7,1,53,0" doraHai="79" doraHaiUra="109" who="2" fromWho="3" sc="250,0,250,0,240,30,250,-20" /><INIT seed="1,0,0,2,4,32" ten="250,250,270,230" oya="1" hai0="119,25,50,42,46,11,63,12,29,37,8,116,16" hai1="133,28,27,30,96,15,127,9,89,18,94,73,26" hai2="85,84,128,36,57,91,117,13,125,41,61,4,65" hai3="82,95,126,5,101,123,112,86,24,104,71,74,114"/><U17/><E73/><V23/><F117/><W54/><G71/><T107/><D107/><U120/><E133/><V110/><F110/><W60/><G123/><T52/><D63/><U106/><E127/><V39/><F125/><W81/><G126/><T80/><D8/><U70/><E70/><V131/><F41/><W118/><G118/><T1/><D1/><U14/><E120/><V35/><F35/><W51/><G60/><T22/><REACH who="0" step="1"/><D80/><REACH who="0" ten="240,250,270,230" step="2"/><U113/><E106/><V105/><F105/><W79/><G82/><T2/><D2/><U3/><E3/><V33/><F61/><W56/><G5/><T0/><D0/><U121/><E113/><V97/><F4/><W44/><G114/><T92/><D92/><U43/><E121/><V66/><F66/><W6/><G6/><T68/><D68/><U132/><E132/><V93/><F65/><W69/><G69/><T83/><D83/><U88/><E94/><V77/><F93/><W62/><G112/><T99/><D99/><U122/><E96/><V47/><F97/><W109/><G104/><T102/><D102/><U76/><E122/><V38/><F128/><W48/><G101/><T87/><D87/><U58/><E9/><V100/><F131/><W98/><G98/><T129/><D129/><U31/><E76/><V21/><F77/><W19/><G95/><T103/><D103/><U7/><E7/><V53/><F100/><W59/><G62/><T130/><D130/><U55/><E89/><V20/><F91/><W10/><G10/><T115/><D115/><U111/><E88/><V45/><F84/><RYUUKYOKU ba="0,1" sc="240,30,250,-10,270,-10,230,-10" hai0="11,12,16,22,25,29,37,42,46,50,52,116,119" /><INIT seed="2,1,1,3,5,23" ten="270,240,260,220" oya="2" hai0="121,83,17,123,4,7,6,31,14,88,10,86,102" hai1="74,33,134,81,67,53,133,32,54,25,34,117,75" hai2="100,36,109,50,24,51,55,15,16,9,96,40,68" hai3="72,46,132,90,30,126,61,42,57,128,111,99,44"/><V85/><F68/><W93/><G111/><T29/><REACH who="0" step="1"/><D102/><REACH who="0" ten="260,240,260,220" step="2"/><U70/><E134/><V59/><F109/><W116/><G132/><T69/><D69/><U22/><E70/><V35/><F36/><W95/><G126/><T135/><D135/><U97/><E133/><V63/><F40/><W62/><G42/><T76/><D76/><U65/><E117/><V130/><F130/><W78/><G128/><T112/><D112/><U120/><E120/><AGARI ba="1,2" hai="4,6,7,10,14,17,29,31,83,86,88,120,121,123" machi="120" ten="40,5200,0" yaku="21,2,54,1,53,0" doraHai="23" doraHaiUra="114" who="0" fromWho="1" sc="260,75,240,-55,260,0,220,0" /><INIT seed="3,0,0,3,0,119" ten="335,185,260,220" oya="3" hai0="57,44,126,94,34,9,106,16,95,23,31,121,30" hai1="135,91,73,21,26,112,45,76,71,128,50,77,61" hai2="48,109,62,29,72,114,127,107,32,10,83,70,87" hai3="37,85,81,120,67,78,47,75,28,69,46,102,74"/><W11/><G120/><T41/><D121/><U58/><E71/><V98/><F109/><W36/><G28/><N who="0" m="10795" /><D106/><U19/><E112/><V40/><F114/><W101/><G85/><T104/><D104/><U17/><E135/><V124/><F72/><W122/><G122/><T56/><D34/><U84/><E128/><V27/><F10/><W82/><G11/><T129/><D126/><N who="2" m="48170" /><F40/><W55/><G55/><T1/><D1/><U12/><E73/><V38/><F38/><W25/><G25/><N who="0" m="14567" /><D9/><U14/><E26/><V133/><F133/><W8/><G8/><T53/><D129/><U24/><E24/><V134/><F134/><W86/><G67/><T60/><D56/><U90/><E19/><V3/><F48/><AGARI ba="0,0" hai="41,44,48,53,57,60,94,95" m="14567,10795" machi="48" ten="30,2000,0" yaku="8,1,54,1" doraHai="119" who="0" fromWho="2" sc="335,20,185,0,260,-20,220,0" owari="355,45.0,185,-31.0,240,4.0,220,-18.0" /></mjloggm>