<mjloggm ver="2.3"><GO type="169" lobby="0"/><UN n0="%E5%A4%A7%E5%92%8C%E7%94%B0%E9%A0%AD%E5%8F%96" n1="%E3%81%99%E3%81%8D%E3%81%BE%E5%A6%96%E6%80%AA" n2="%63%61%70%64%75%63%61%6C" n3="%50%4F%4E%5A%55" dan="18,16,16,16" rate="2236.12,2136.48,2140.32,2138.84" sx="M,M,M,M"/><TAIKYOKU oya="0"/><INIT seed="0,0,0,5,5,76" ten="250,250,250,250" oya="0" hai0="3,113,44,97,31,41,94,25,134,105,34,63,50" hai1="112,81,115,23,16,39,67,129,48,26,35,114,106" hai2="10,29,85,135,120,66,71,40,7,131,111,70,87" hai3="90,84,38,54,110,74,101,2,124,24,43,51,73"/><T79/><D113/><U104/><E39/><V103/><F120/><W49/><G38/><T109/><D134/><U42/><E129/><V0/><F131/><W89/><G101/><T59/><D3/><U4/><E67/><V118/><F135/><W28/><G2/><T68/><D109/><U19/><E35/><V37/><F111/><W15/><G15/><T127/><D127/><U100/><E4/><V117/><F29/><W88/><G124/><T130/><D130/><U64/><E64/><V60/><F71/><W52/><G43/><T5/><D5/><U133/><E133/><V121/><F121/><W108/><G84/><T11/><D11/><U99/><E19/><V47/><REACH who="2" step="1"/><F103/><REACH who="2" ten="250,250,240,250" step="2"/><W36/><G110/><T14/><D68/><U55/><E106/><V92/><F92/><W116/><G108/><T53/><D105/><U75/><E42/><V13/><F13/><W86/><G116/><AGARI ba="0,1" hai="0,7,10,37,40,47,60,66,70,85,87,116,117,118" machi="116" ten="40,2600,0" yaku="1,1,12,1,53,0" doraHai="76" doraHaiUra="102" who="2" fromWho="3" sc="250,0,250,0,240,36,250,-26" /><INIT seed="1,0,0,4,5,14" ten="250,250,276,224" oya="1" hai0="104,132,76,42,114,75,109,77,81,111,54,26,119" hai1="116,135,107,48,30,126,63,43,21,106,93,98,10" hai2="64,71,83,74,99,102,12,123,41,121,128,40,92" hai3="27,31,62,47,19,53,18,60,2,118,134,55,44"/><U127/><E116/><V69/><F128/><W25/><G2/><T120/><D42/><U72/><E72/><V36/><F41/><W7/><G7/><T28/><D114/><U13/><E135/><V49/><F36/><W117/><REACH who="3" step="1"/><G31/><REACH who="3" ten="250,250,276,214" step="2"/><T84/><D28/><U1/><E1/><V101/><F123/><W112/><G112/><T96/><D120/><U130/><E130/><V46/><F121/><W6/><G6/><T95/><D111/><U56/><E126/><V65/><F71/><W24/><G24/><T29/><D26/><U51/><E127/><V16/><F69/><W8/><G8/><T9/><D9/><U78/><E10/><V85/><F74/><W45/><G45/><T91/><D29/><U103/><E30/><V58/><F58/><W80/><G80/><T86/><D109/><U4/><E4/><V0/><F0/><W37/><G37/><T129/><D129/><U88/><E13/><V17/><F12/><W87/><G87/><T5/><D5/><U89/><E21/><V32/><F32/><W15/><G15/><T131/><D131/><U108/><E108/><V22/><F22/><W94/><G94/><T39/><D39/><U70/><E70/><V97/><F83/><W57/><G57/><T66/><D81/><U110/><E110/><V82/><F82/><W124/><G124/><T3/><D3/><U11/><E11/><V34/><F85/><W61/><G61/><T125/><D125/><U133/><E63/><V79/><F34/><W68/><G68/><T20/><D75/><U35/><E35/><V23/><F23/><RYUUKYOKU ba="0,1" sc="250,-10,250,-10,276,-10,214,30" hai3="18,19,25,27,44,47,53,55,60,62,117,118,134" /><INIT seed="2,1,1,5,0,46" ten="240,240,266,244" oya="2" hai0="27,1,95,120,11,65,56,108,76,110,41,40,17" hai1="82,49,23,123,25,15,50,8,128,54,67,63,119" hai2="66,125,85,78,127,74,93,37,28,9,117,43,3" hai3="5,48,68,59,0,131,94,64,133,81,87,32,6"/><V26/><F66/><W71/><G32/><T129/><D120/><U20/><E119/><V80/><F117/><W116/><G133/><T111/><D129/><U90/><E123/><V22/><F93/><W45/><G131/><T39/><D39/><U121/><E128/><V97/><F97/><W102/><G0/><T135/><D135/><U38/><E38/><V12/><F3/><W79/><G71/><T61/><D76/><U30/><E23/><V72/><F37/><W96/><G68/><T14/><D1/><U58/><E121/><V98/><F98/><W83/><G83/><T88/><REACH who="0" step="1"/><D27/><REACH who="0" ten="230,240,266,244" step="2"/><U47/><E90/><V77/><F78/><W107/><G116/><T2/><D2/><U24/><E24/><V18/><REACH who="2" step="1"/><F43/><REACH who="2" ten="230,240,256,244" step="2"/><N who="3" m="24639" /><G107/><T124/><D124/><AGARI ba="1,3" hai="9,12,18,22,26,28,72,74,77,80,85,124,125,127" machi="124" ten="40,3900,0" yaku="1,1,18,1,53,0" doraHai="46" doraHaiUra="35" who="2" fromWho="0" sc="230,-42,240,0,256,72,244,0" /><INIT seed="2,2,0,0,2,63" ten="188,240,328,244" oya="2" hai0="33,2,99,0,56,9,73,14,70,76,69,71,123" hai1="64,45,11,104,15,12,96,18,84,120,127,82,22" hai2="116,109,126,47,10,133,40,108,75,58,132,72,38" hai3="97,25,134,95,91,110,48,28,88,51,54,23,100"/><V39/><F116/><W27/><G134/><N who="2" m="51817" /><F126/><W21/><G110/><N who="2" m="42601" /><F38/><W80/><G80/><T87/><D33/><U113/><E113/><V42/><F42/><W60/><G60/><T43/><D73/><U78/><E127/><V30/><F30/><N who="3" m="17711" /><G48/><T34/><D34/><U94/><E120/><V117/><F117/><W130/><G130/><T93/><D43/><U7/><E104/><V32/><F32/><W6/><G6/><T20/><D123/><U35/><E35/><V53/><F10/><W103/><G103/><T119/><D9/><U85/><E45/><AGARI ba="2,0" hai="23,27,28,45,51,54,88,91,95,97,100" m="17711" machi="45" ten="30,2000,0" yaku="8,1,54,1" doraHai="63" who="3" fromWho="1" sc="188,0,240,-26,328,0,244,26" /><INIT seed="3,0,0,3,5,16" ten="188,214,328,270" oya="3" hai0="0,8,122,11,126,69,57,41,58,87,17,73,64" hai1="82,27,86,117,37,115,98,113,1,24,132,107,55" hai2="99,50,40,60,130,31,3,76,89,131,114,105,38" hai3="94,36,10,111,47,92,35,119,97,63,104,43,128"/><W49/><G119/><T79/><D122/><U118/><E1/><V25/><F3/><W88/><G35/><T77/><D73/><U108/><E37/><V91/><F76/><W134/><G104/><T5/><D126/><U23/><E27/><V6/><F6/><W102/><G134/><T83/><D77/><U18/><E132/><V14/><F14/><W85/><G128/><T12/><REACH who="0" step="1"/><D41/><REACH who="0" ten="178,214,328,270" step="2"/><U75/><E75/><V80/><F40/><W112/><G112/><T7/><D7/><U67/><E115/><V93/><F114/><W45/><G111/><T56/><D56/><U96/><E108/><V84/><F131/><W70/><G70/><T22/><D22/><U65/><E113/><V4/><F4/><W68/><G10/><T46/><D46/><U123/><E123/><V74/><F74/><W110/><G110/><T90/><D90/><U100/><E118/><V15/><F91/><W26/><G47/><T42/><D42/><U20/><E20/><V120/><F89/><W9/><G9/><T13/><D13/><U48/><E117/><V51/><F15/><W54/><G26/><T81/><D81/><U95/><E82/><V19/><F80/><W103/><G68/><T59/><D59/><U133/><E133/><V101/><F25/><W109/><G109/><T29/><D29/><U66/><E86/><V135/><F120/><W32/><G32/><T62/><AGARI ba="0,1" hai="0,5,8,11,12,17,57,58,62,64,69,79,83,87" machi="62" ten="30,2000,0" yaku="1,1,0,1,53,0" doraHai="16" doraHaiUra="30" who="0" fromWho="0" sc="178,30,214,-5,328,-5,270,-10" /><INIT seed="4,0,0,3,2,22" ten="208,209,323,260" oya="0" hai0="45,125,123,94,117,93,113,15,11,60,108,116,23" hai1="133,106,131,31,62,101,27,30,74,61,128,47,89" hai2="38,119,65,87,7,55,63,50,12,124,107,77,64" hai3="99,59,134,10,13,69,36,8,71,100,95,96,83"/><T80/><D123/><U40/><E74/><V25/><F38/><W17/><G36/><T115/><D125/><U121/><E121/><V73/><F107/><W120/><G134/><T126/><D126/><U127/><E127/><V84/><F73/><W41/><G41/><T114/><D108/><U34/><E133/><V132/><F119/><N who="0" m="45642" /><D45/><U14/><E14/><V35/><F65/><W43/><G43/><T19/><D80/><U79/><E79/><V9/><F77/><W0/><G83/><T102/><D102/><U82/><E82/><V53/><F53/><W24/><G120/><T81/><D81/><U130/><E89/><V58/><F132/><W103/><G59/><T105/><D105/><U129/><E31/><V111/><F111/><W90/><G90/><T92/><D60/><U57/><E57/><V2/><F124/><W135/><G135/><T29/><D29/><U48/><E131/><V76/><F76/><W46/><G46/><T4/><D93/><U112/><E101/><V1/><F87/><W26/><G71/><T42/><D42/><U39/><E106/><V5/><F84/><W18/><G69/><T88/><D88/><U110/><E110/><V68/><F68/><W33/><G33/><T49/><D49/><U72/><E72/><V21/><F35/><W70/><G70/><T16/><D19/><U67/><E39/><V37/><F37/><W3/><G95/><T20/><D20/><U28/><E28/><N who="2" m="17455" /><F50/><W32/><G32/><T54/><D54/><U109/><E109/><V85/><F55/><W52/><G52/><T44/><D44/><RYUUKYOKU ba="0,0" sc="208,15,209,-15,323,-15,260,15" hai0="4,11,15,16,23,92,94,113,114,115" hai3="0,3,8,10,13,17,18,24,26,96,99,100,103" /><INIT seed="4,1,0,4,4,134" ten="223,194,308,275" oya="0" hai0="129,4,79,63,38,115,111,12,54,125,64,59,57" hai1="73,46,27,107,6,1,36,66,30,34,116,76,55" hai2="49,100,11,108,124,19,84,33,20,81,70,26,18" hai3="15,43,110,101,114,90,96,32,48,95,105,120,86"/><T14/><D115/><U61/><E116/><V94/><F70/><W42/><G114/><T130/><D79/><U92/><E107/><V68/><F68/><W103/><G110/><T8/><D111/><U74/><E92/><V60/><F33/><W40/><G32/><T37/><D12/><U45/><E45/><V65/><F49/><W98/><G15/><T89/><D89/><U58/><E76/><V31/><F11/><W67/><G67/><T78/><D78/><U51/><REACH who="1" step="1"/><E36/><REACH who="1" ten="223,184,308,275" step="2"/><V97/><F108/><W9/><G120/><T85/><D37/><U126/><E126/><V53/><F124/><W122/><G122/><T132/><D38/><U128/><E128/><V87/><F81/><W106/><G9/><AGARI ba="1,1" hai="1,6,9,27,30,34,46,51,55,58,61,66,73,74" machi="9" ten="40,2600,0" yaku="1,1,53,1" doraHai="134" doraHaiUra="23" who="1" fromWho="3" sc="223,0,184,39,308,0,275,-29" /><INIT seed="5,0,0,4,5,33" ten="223,223,308,246" oya="1" hai0="42,32,132,53,70,76,119,66,98,59,128,80,68" hai1="117,110,131,45,134,16,60,64,10,35,27,34,83" hai2="13,104,103,135,24,108,39,52,37,67,121,114,125" hai3="87,9,2,20,97,50,94,100,57,55,78,44,127"/><U113/><E117/><V79/><F79/><W7/><G127/><T62/><D119/><U122/><E122/><V36/><F24/><W84/><G78/><T31/><D128/><U18/><E113/><V6/><F6/><W126/><G126/><T46/><D132/><U30/><E134/><V111/><F13/><W120/><G120/><T11/><D98/><U133/><E133/><V56/><F103/><W92/><G20/><T118/><D118/><U5/><E35/><V17/><F17/><W96/><REACH who="3" step="1"/><G44/><REACH who="3" ten="223,223,308,236" step="2"/><T69/><D46/><U41/><E131/><V43/><F125/><W19/><G19/><T95/><D76/><U29/><E29/><V28/><F28/><W73/><G73/><T48/><D31/><U105/><E110/><V71/><F121/><W88/><AGARI ba="0,1" hai="2,7,9,50,55,57,84,87,88,92,94,96,97,100" machi="88" ten="20,12000,2" yaku="1,1,0,1,7,1,52,1,54,1,53,1" doraHai="33" doraHaiUra="1" who="3" fromWho="3" sc="223,-30,223,-60,308,-30,236,130" /><INIT seed="6,0,0,1,5,20" ten="193,163,278,366" oya="2" hai0="35,36,1,78,133,101,34,91,72,19,0,130,22" hai1="94,109,32,53,59,25,83,132,87,52,118,66,64" hai2="99,121,49,16,30,84,55,86,119,67,11,103,122" hai3="43,44,46,75,15,113,54,76,58,68,95,28,107"/><V102/><F67/><W89/><G107/><T38/><D101/><U116/><E109/><V115/><F103/><W9/><G68/><T17/><D91/><U7/><E132/><V40/><F40/><W126/><G126/><T57/><D57/><U69/><E69/><V120/><F30/><W29/><G113/><T106/><D106/><U48/><E7/><V73/><F73/><W108/><G108/><T56/><D56/><U129/><E129/><V51/><F115/><W23/><G76/><T31/><D133/><U97/><E53/><V41/><F41/><W100/><G75/><T125/><D125/><U4/><E4/><V47/><F51/><N who="3" m="27039" /><G46/><T111/><D130/><U93/><E118/><V98/><F119/><W85/><G100/><T92/><D38/><U27/><E116/><V127/><F127/><W88/><G89/><T114/><D36/><U123/><E123/><V39/><F39/><W6/><G23/><T70/><D70/><U26/><E32/><V37/><F37/><W63/><AGARI ba="0,0" hai="6,9,15,28,29,54,58,63,85,88,95" m="27039" machi="63" ten="30,2000,0" yaku="8,1,54,1" doraHai="20" who="3" fromWho="3" sc="193,-5,163,-5,278,-10,366,20" /><INIT seed="7,0,0,1,2,37" ten="188,158,268,386" oya="3" hai0="50,51,113,57,48,107,84,130,125,79,21,112,34" hai1="78,12,96,81,58,33,54,55,97,133,23,93,32" hai2="44,22,70,76,28,128,5,43,46,11,59,85,109" hai3="10,39,91,42,52,35,127,17,135,65,9,68,38"/><W132/><G35/><T15/><D34/><U29/><E133/><N who="3" m="51274" /><G127/><T7/><D107/><U62/><E55/><V73/><F70/><W102/><G102/><T72/><D72/><U134/><E134/><V31/><F46/><N who="3" m="23895" /><G39/><T18/><D125/><U88/><E97/><V27/><F109/><W14/><G91/><T75/><D130/><U108/><E108/><V126/><F128/><W36/><G36/><T41/><D113/><U104/><E104/><V95/><F73/><W16/><G52/><T118/><D75/><U80/><E32/><V106/><F106/><W40/><G40/><T71/><D41/><U24/><REACH who="1" step="1"/><E78/><REACH who="1" ten="188,148,268,386" step="2"/><V56/><F76/><W4/><G9/><T100/><D79/><U45/><E45/><V131/><F44/><W49/><G49/><T30/><D50/><U117/><E117/><V20/><F126/><W19/><G4/><T74/><D7/><U3/><E3/><V124/><F124/><W63/><AGARI ba="0,1" hai="10,14,16,17,19,63,65,68" m="23895,51274" machi="63" ten="30,6000,0" yaku="20,1,52,1,54,1" doraHai="37" who="3" fromWho="3" sc="188,-20,148,-20,268,-20,386,70" owari="168,-23.0,128,-37.0,248,5.0,456,55.0" /></mjloggm>