<mjloggm ver="2.3"><GO type="169" lobby="0"/><UN n0="%E3%81%86%E3%81%87%E3%81%A3%E3%81%B8%E3%81%A3%E3%81%B8%77" n1="%E3%81%99%E3%81%B1%E3%81%95%E3%81%B6" n2="%E3%81%B5%E3%81%81%E3%82%93%E3%81%A7%E3%82%8B%E3%81%95%E3%83%BC%E3%82%8B" n3="%E3%82%AB%E3%83%83%E3%82%AB%E3%83%83%E3%82%AB%E3%83%83" dan="16,17,16,16" rate="2118.09,2196.38,2140.79,2109.70" sx="M,M,M,M"/><TAIKYOKU oya="0"/><INIT seed="0,0,0,0,3,52" ten="250,250,250,250" oya="0" hai0="2,120,92,55,36,62,86,76,12,39,63,83,97" hai1="125,127,113,93,38,112,45,25,124,73,33,108,119" hai2="74,15,107,58,22,30,32,121,84,85,50,37,88" hai3="128,102,72,18,80,75,98,95,77,43,131,126,46"/><T35/><D2/><U20/><E73/><V21/><F37/><W68/><G68/><T42/><D120/><U49/><E93/><V135/><F74/><W91/><G126/><T29/><D62/><U31/><E38/><V6/><F121/><W17/><G75/><T109/><D42/><U134/><E45/><V10/><F107/><W115/><G115/><N who="1" m="44106" /><E49/><V57/><F85/><W59/><G102/><T53/><D109/><U48/><E48/><V67/><F135/><W117/><G117/><T81/><D81/><U71/><E71/><V111/><F32/><W60/><G46/><T70/><D55/><U44/><E44/><V96/><F96/><W132/><G43/><T89/><D12/><U23/><E108/><V79/><F79/><W11/><G132/><T114/><D114/><U122/><E134/><V103/><F103/><W27/><G11/><T13/><D13/><U8/><E122/><V123/><F111/><W78/><G78/><T133/><D133/><U5/><E119/><V9/><F30/><W4/><G4/><T110/><D110/><U34/><E34/><V129/><F9/><W64/><REACH who="3" step="1"/><G18/><REACH who="3" ten="250,250,250,240" step="2"/><T26/><REACH who="0" step="1"/><D70/><REACH who="0" ten="240,250,250,240" step="2"/><U105/><E105/><V1/><F123/><W116/><G116/><T54/><D54/><U99/><E124/><V19/><F1/><W65/><G65/><T87/><D87/><U69/><E69/><V104/><F67/><W47/><G47/><T100/><D100/><U7/><E125/><V3/><F84/><W40/><G40/><T94/><D94/><U24/><E127/><V56/><F3/><W0/><G0/><RYUUKYOKU ba="0,2" sc="240,15,250,-15,250,-15,240,15" hai0="26,29,35,36,39,53,63,76,83,86,89,92,97" hai3="17,27,59,60,64,72,77,80,91,95,98,128,131" /><INIT seed="0,1,2,1,2,115" ten="255,235,235,255" oya="0" hai0="53,17,97,126,4,100,30,66,92,57,103,15,16" hai1="88,79,111,106,56,48,128,114,27,46,59,67,13" hai2="80,31,77,82,18,73,58,84,6,120,133,62,131" hai3="89,64,109,107,125,69,118,116,8,134,60,26,1"/><T10/><D126/><U36/><E114/><V12/><F120/><W94/><G125/><T96/><D30/><U29/><E106/><V47/><F31/><W121/><G121/><T45/><D66/><U78/><E36/><V25/><F25/><W52/><G107/><T2/><D45/><U105/><E105/><V135/><F47/><W108/><G134/><N who="2" m="51209" /><F6/><N who="3" m="1103" /><G26/><T9/><D17/><U20/><E111/><N who="3" m="42570" /><G52/><T40/><D40/><U38/><E38/><V19/><F12/><W70/><G70/><T63/><REACH who="0" step="1"/><D96/><AGARI ba="1,2" hai="60,64,69,89,94,96,116,118" m="42570,1103" machi="96" ten="30,3900,0" yaku="14,1,52,2" doraHai="115" who="3" fromWho="0" sc="255,-42,235,0,235,0,255,62" /><INIT seed="1,0,0,2,0,83" ten="213,235,235,317" oya="1" hai0="129,53,59,133,64,19,109,115,131,21,134,58,18" hai1="117,97,100,47,11,61,25,65,50,38,125,34,82" hai2="116,130,84,101,127,55,107,68,1,90,88,86,8" hai3="39,45,113,79,104,6,24,16,0,63,12,71,28"/><U75/><E117/><V43/><F116/><W78/><G113/><T70/><D115/><U118/><E118/><V122/><F122/><W124/><G104/><T126/><D109/><U62/><E38/><V5/><F68/><W112/><G112/><T77/><D77/><U73/><E125/><V60/><F43/><W106/><G106/><T119/><D119/><U95/><E11/><V2/><F2/><W3/><G124/><T99/><D126/><U49/><E62/><V14/><F127/><W36/><G6/><T13/><D99/><U105/><E95/><V72/><F72/><W40/><G39/><T93/><D93/><U121/><E121/><V31/><F31/><W56/><G71/><T120/><D120/><U46/><E25/><V108/><F108/><W15/><G3/><T96/><D96/><U10/><E10/><V76/><F76/><W20/><G0/><T67/><D70/><U22/><E22/><V110/><F1/><W7/><G7/><T44/><D44/><U128/><E34/><V85/><F130/><N who="0" m="49674" /><D19/><U80/><E128/><V23/><F110/><W92/><G92/><T94/><D94/><U123/><E123/><V81/><F81/><N who="1" m="31337" /><E47/><V51/><F60/><W52/><REACH who="3" step="1"/><G15/><REACH who="3" ten="213,235,235,307" step="2"/><T27/><D13/><U66/><E73/><V91/><F107/><W30/><G30/><T41/><D27/><U42/><E75/><V74/><F74/><W26/><G26/><T132/><D132/><U69/><E66/><V9/><F5/><W114/><G114/><T54/><D134/><U57/><E69/><V103/><F14/><W35/><AGARI ba="0,1" hai="12,16,20,24,28,35,36,40,45,52,56,63,78,79" machi="35" ten="20,12000,2" yaku="1,1,5,1,0,1,7,1,54,2,53,1" doraHai="83" doraHaiUra="37" who="3" fromWho="3" sc="213,-30,235,-60,235,-30,307,130" /><INIT seed="2,0,0,3,5,119" ten="183,175,205,437" oya="2" hai0="13,78,122,53,84,42,75,5,92,56,124,76,96" hai1="55,8,1,68,12,15,54,2,16,43,10,117,6" hai2="87,40,99,58,133,35,111,51,63,34,71,25,112" hai3="46,121,30,118,23,61,77,101,28,100,26,36,97"/><V91/><F112/><W113/><G118/><T11/><D124/><U114/><E117/><V79/><F133/><W52/><G121/><T29/><D122/><U123/><E114/><V81/><F71/><W69/><G113/><T110/><D110/><U106/><E106/><V33/><F111/><W129/><G129/><T32/><D42/><U49/><E68/><V18/><F18/><W108/><G77/><T105/><D105/><U102/><E102/><V0/><F0/><W20/><G108/><T82/><D32/><U107/><E107/><V94/><F51/><W67/><G97/><T103/><D29/><U44/><E123/><V115/><F40/><W88/><G36/><T120/><D120/><U134/><E134/><V130/><F115/><W93/><G28/><T98/><D98/><U19/><REACH who="1" step="1"/><E2/><REACH who="1" ten="183,165,205,437" step="2"/><V14/><F130/><W50/><G20/><AGARI ba="0,1" hai="1,6,8,10,12,15,16,19,20,43,44,49,54,55" machi="20" ten="30,7700,0" yaku="1,1,2,1,7,1,54,1,53,0" doraHai="119" doraHaiUra="21" who="1" fromWho="3" sc="183,0,165,87,205,0,437,-77" /><INIT seed="3,0,0,4,2,111" ten="183,252,205,360" oya="3" hai0="110,33,60,12,75,11,87,98,29,78,112,40,37" hai1="93,73,108,120,49,113,85,63,88,122,132,115,94" hai2="131,107,18,31,7,65,46,56,10,47,96,36,54" hai3="30,39,76,43,58,66,77,19,133,106,109,100,105"/><W6/><G6/><T134/><D110/><U21/><E108/><V81/><F131/><W57/><G30/><T97/><D134/><U69/><E73/><V38/><F65/><W3/><G3/><T13/><D60/><U35/><E35/><V42/><F31/><W70/><G70/><T103/><D75/><U119/><E63/><V15/><F81/><W4/><G4/><T84/><D37/><U16/><E69/><V17/><F107/><W71/><G71/><T27/><D40/><U123/><E132/><V25/><F96/><W50/><G39/><T22/><D97/><U14/><E119/><V67/><F25/><W5/><G5/><T48/><D48/><U74/><E74/><V8/><F67/><W83/><G109/><T124/><D124/><U125/><E125/><V86/><F86/><W118/><G118/><T130/><D130/><U91/><REACH who="1" step="1"/><E49/><REACH who="1" ten="183,242,205,360" step="2"/><V90/><F38/><W44/><G50/><T52/><D33/><U51/><E51/><V99/><F36/><W114/><G133/><T92/><D52/><U53/><E53/><V80/><F54/><W34/><G34/><T102/><D78/><U104/><E104/><V61/><F61/><W135/><G106/><T117/><D117/><U121/><N who="1" m="30720" /><DORA hai="116" /><U128/><E128/><V32/><F32/><W45/><G105/><T79/><D79/><U127/><E127/><V2/><F46/><W28/><G44/><T68/><D68/><U41/><E41/><V129/><F47/><W20/><G45/><T26/><D112/><U72/><E72/><V23/><F42/><W82/><G114/><RYUUKYOKU ba="0,1" sc="183,-10,242,30,205,-10,360,-10" hai1="14,16,21,85,88,91,93,94,113,115" /><INIT seed="4,1,1,4,3,54" ten="173,272,195,350" oya="0" hai0="83,111,27,87,55,123,17,102,75,20,64,90,103" hai1="11,67,2,126,19,4,22,9,63,62,36,0,42" hai2="21,29,30,122,72,44,8,93,60,66,32,109,76" hai3="65,131,34,80,50,58,23,91,35,108,100,69,43"/><T115/><D123/><U73/><E126/><V98/><F109/><W118/><G118/><T97/><D111/><U130/><E130/><V1/><F32/><W119/><G119/><T24/><D115/><U12/><E73/><V15/><F1/><W114/><G69/><T125/><D125/><U7/><REACH who="1" step="1"/><E67/><REACH who="1" ten="173,262,195,350" step="2"/><V78/><F72/><W53/><G108/><T86/><D75/><U117/><E117/><V26/><F66/><W3/><G3/><T49/><D64/><U46/><AGARI ba="1,2" hai="0,2,4,7,9,11,12,19,22,36,42,46,62,63" machi="46" ten="30,4000,0" yaku="1,1,0,1,9,1,53,0" doraHai="54" doraHaiUra="112" who="1" fromWho="1" sc="173,-21,262,63,195,-11,350,-11" /><INIT seed="5,0,0,3,5,123" ten="152,325,184,339" oya="1" hai0="65,76,87,12,126,120,62,69,77,40,104,4,79" hai1="45,111,5,95,10,1,42,36,0,128,58,23,33" hai2="3,73,114,54,131,29,84,122,24,89,80,105,103" hai3="17,37,135,70,110,68,88,118,31,125,32,22,27"/><U15/><E128/><V117/><F122/><W78/><G125/><T98/><D126/><U35/><E111/><V55/><F117/><W81/><G135/><T96/><D120/><U116/><E116/><V74/><F3/><W90/><G118/><T43/><D87/><U121/><E121/><V119/><F119/><W132/><G37/><T13/><D104/><U86/><E58/><V134/><F134/><W53/><G132/><T97/><REACH who="0" step="1"/><D4/><REACH who="0" ten="142,325,184,339" step="2"/><U20/><E86/><V56/><F105/><W9/><G78/><T50/><D50/><U75/><E75/><V57/><F74/><W92/><G81/><T94/><D94/><U129/><E95/><V34/><F73/><W52/><G92/><T99/><N who="0" m="24576" /><DORA hai="108" /><T102/><D102/><U115/><E129/><V28/><F103/><W21/><G90/><T11/><D11/><U107/><E107/><V63/><F131/><W101/><G9/><T100/><D100/><U30/><E5/><V39/><F39/><W85/><G88/><T47/><D47/><U49/><E10/><V2/><F2/><W7/><G85/><T64/><D64/><U127/><E1/><V61/><F29/><W16/><G101/><T93/><D93/><U25/><E0/><V8/><F8/><W26/><G110/><T38/><D38/><U41/><E127/><V91/><F89/><W48/><G7/><T18/><D18/><N who="1" m="10335" /><E36/><V59/><F57/><W60/><G48/><T113/><D113/><AGARI ba="0,1" hai="24,28,34,54,55,56,59,61,63,80,84,91,113,114" machi="113" ten="40,5200,0" yaku="9,1,52,2" doraHai="123,108" who="2" fromWho="0" sc="142,-52,325,0,184,62,339,0" /><INIT seed="6,0,0,3,0,65" ten="90,325,246,339" oya="2" hai0="124,27,58,76,118,5,102,71,49,80,95,129,110" hai1="6,125,100,132,48,53,131,134,19,91,59,122,28" hai2="41,121,85,73,78,16,116,8,84,1,96,62,115" hai3="66,107,46,13,24,39,4,32,0,17,114,69,10"/><V126/><F116/><W81/><G114/><T106/><D106/><U51/><E131/><V26/><F121/><W14/><G107/><T82/><D110/><U123/><E125/><V57/><F115/><W117/><G117/><T3/><D124/><U68/><E100/><V104/><F126/><W40/><G81/><T20/><D71/><U77/><E28/><V128/><F128/><W89/><G89/><T83/><D129/><U12/><E6/><V99/><F41/><W86/><G86/><T133/><D133/><N who="1" m="51307" /><E77/><V44/><F44/><W98/><G98/><T29/><D118/><U120/><E91/><V111/><F73/><W43/><G43/><T45/><D3/><U60/><E68/><V79/><F1/><W33/><G0/><T127/><D5/><U72/><E72/><V50/><F50/><W34/><G24/><T63/><D127/><U36/><E36/><V105/><F105/><W52/><G13/><T90/><D102/><U94/><E94/><V22/><F104/><W108/><G4/><T7/><D7/><U67/><E53/><N who="2" m="34095" /><F8/><AGARI ba="0,0" hai="8,12,19,48,51,59,60,67,120,122,123" m="51307" machi="8" ten="40,2600,0" yaku="13,1,20,1" doraHai="65" who="1" fromWho="2" sc="90,0,325,26,246,-26,339,0" /><INIT seed="7,0,0,5,5,26" ten="90,351,220,339" oya="3" hai0="114,71,44,106,127,78,62,73,111,97,132,126,13" hai1="48,18,66,130,60,58,79,46,41,85,133,11,90" hai2="84,124,82,101,118,35,87,50,53,81,16,51,2" hai3="103,91,83,131,17,117,57,72,31,121,25,36,86"/><W93/><G117/><T67/><D111/><U24/><E130/><V96/><F2/><W7/><G121/><T5/><D13/><N who="1" m="7487" /><E133/><V33/><F124/><W88/><G131/><T0/><D132/><U129/><E129/><V74/><F74/><W105/><G105/><T134/><D134/><U98/><E98/><V59/><F50/><W135/><G36/><T28/><D114/><U15/><E24/><V112/><F118/><W19/><G72/><T27/><D44/><U37/><E37/><V122/><F87/><N who="3" m="50303" /><G7/><T110/><D110/><U47/><E47/><V100/><F82/><N who="3" m="49623" /><G57/><T99/><D99/><U14/><E79/><V32/><F53/><W77/><G77/><T125/><D78/><U80/><AGARI ba="0,0" hai="14,15,41,46,48,58,60,66,80,85,90" m="7487" machi="80" ten="30,1100,0" yaku="8,1" doraHai="26" who="1" fromWho="1" sc="90,-3,351,11,220,-3,339,-5" owari="87,-41.0,362,46.0,217,-18.0,334,13.0" /></mjloggm>