<mjloggm ver="2.3"><GO type="169" lobby="0"/><UN n0="%E9%81%8A%E8%B5%B0" n1="%E9%88%B4%E4%B8%B8" n2="%69%6B%65%64%61%64%61" n3="%E9%81%8A%E3%81%B3%E5%BF%83" dan="17,17,16,18" rate="2195.72,2184.27,2160.08,2204.54" sx="M,M,M,M"/><TAIKYOKU oya="0"/><INIT seed="0,0,0,5,1,129" ten="250,250,250,250" oya="0" hai0="82,21,24,121,48,133,39,98,114,74,80,32,92" hai1="64,2,47,77,36,14,44,75,9,63,66,15,23" hai2="11,27,127,99,70,5,93,10,0,90,112,25,69" hai3="79,12,109,59,122,22,7,4,81,115,135,113,17"/><T101/><D121/><U117/><E117/><V50/><F112/><W49/><G122/><T84/><D114/><U57/><E64/><V65/><F127/><W45/><G59/><T40/><D32/><U19/><E2/><V53/><F11/><W29/><G29/><T13/><D39/><U37/><E75/><V106/><F106/><W110/><G7/><T124/><D124/><U126/><E77/><V83/><F83/><W3/><G4/><T28/><D74/><U119/><E119/><V102/><F102/><W103/><G103/><T38/><D38/><U51/><E44/><V18/><F65/><W73/><G3/><T100/><D133/><U107/><E107/><V62/><F62/><W41/><G135/><T52/><D40/><U33/><E33/><V91/><F91/><W85/><G73/><T72/><D72/><U31/><E31/><V76/><F76/><W1/><G1/><T67/><D101/><U68/><E68/><V71/><REACH who="2" step="1"/><F18/><REACH who="2" ten="250,250,240,250" step="2"/><W34/><G115/><T87/><D67/><U111/><E126/><V60/><F60/><W78/><G78/><T56/><D80/><U61/><E61/><V97/><F97/><W120/><G120/><T26/><D82/><U20/><E111/><N who="3" m="42506" /><G113/><T123/><D123/><U86/><E86/><N who="0" m="32809" /><D28/><U6/><REACH who="1" step="1"/><E20/><REACH who="1" ten="250,240,240,250" step="2"/><V89/><F89/><W16/><G34/><T130/><D21/><U54/><AGARI ba="0,2" hai="6,9,14,15,19,23,36,37,47,51,54,57,63,66" machi="54" ten="20,12000,2" yaku="1,1,2,1,0,1,7,1,53,2" doraHai="129" doraHaiUra="8" who="1" fromWho="1" sc="250,-60,240,140,240,-30,250,-30" /><INIT seed="1,0,0,2,1,90" ten="190,380,210,220" oya="1" hai0="81,120,68,72,6,66,108,63,99,130,97,43,105" hai1="100,40,32,0,69,104,61,62,7,86,20,11,19" hai2="31,131,73,134,54,59,48,8,58,126,22,113,10" hai3="5,26,56,79,44,135,112,39,51,12,46,57,70"/><U91/><E40/><V123/><F123/><W122/><G112/><T36/><D120/><U76/><E76/><V9/><F113/><W28/><G122/><T95/><D108/><U83/><E32/><V15/><F73/><W78/><G70/><T92/><D130/><U93/><E69/><V16/><F131/><W33/><G39/><T132/><D132/><U102/><E104/><V106/><F106/><W121/><G44/><T85/><D72/><U60/><REACH who="1" step="1"/><E83/><REACH who="1" ten="190,370,210,220" step="2"/><V94/><F134/><W2/><G79/><T13/><D43/><U87/><E87/><V125/><F31/><W107/><G33/><T17/><D36/><U64/><E64/><V71/><F71/><W74/><G78/><N who="0" m="46263" /><D105/><U65/><E65/><V128/><F128/><W53/><G74/><T110/><D68/><U114/><E114/><V84/><REACH who="2" step="1"/><F58/><REACH who="2" ten="190,370,200,220" step="2"/><W88/><G56/><N who="0" m="37223" /><D110/><U50/><E50/><V30/><F30/><W124/><G28/><T41/><D41/><U1/><E1/><V101/><F101/><W29/><G51/><T37/><D37/><U115/><E115/><V18/><F18/><W96/><G57/><T103/><D103/><U35/><E35/><V67/><F67/><W111/><G29/><T14/><D17/><U118/><E118/><V89/><AGARI ba="0,2" hai="8,9,10,15,16,22,48,54,59,84,89,94,125,126" machi="89" ten="30,16000,3" yaku="1,1,0,1,25,2,52,1,54,1,53,3" doraHai="90" doraHaiUra="4" who="2" fromWho="2" sc="190,-40,370,-80,200,180,220,-40" /><INIT seed="2,0,0,0,0,77" ten="150,290,380,180" oya="2" hai0="57,7,133,98,72,82,111,114,69,47,1,112,41" hai1="51,120,80,17,70,92,103,96,2,89,100,124,107" hai2="20,28,109,13,37,90,3,24,55,46,6,132,85" hai3="8,108,88,126,16,76,106,34,131,5,102,22,49"/><V4/><F132/><W67/><G34/><T0/><D69/><U115/><E70/><V129/><F129/><W33/><G131/><T74/><D133/><U59/><E2/><V128/><F128/><W68/><G33/><T105/><D57/><U44/><E115/><V19/><F3/><W123/><G123/><T78/><D111/><U101/><E124/><V119/><F119/><W50/><G108/><T130/><D130/><U30/><E120/><V121/><F121/><W113/><G113/><T25/><D25/><U127/><E127/><V75/><F75/><W84/><G76/><T53/><D53/><U94/><E30/><V125/><F125/><W23/><G23/><T135/><D135/><U39/><E39/><V32/><F109/><W91/><G91/><T86/><D0/><U116/><E116/><V11/><F32/><W81/><G126/><T14/><D14/><U87/><E107/><V61/><F37/><W21/><G21/><T64/><D64/><U43/><E59/><N who="2" m="35071" /><F46/><W134/><G134/><T52/><D86/><U62/><E62/><V104/><F104/><W110/><G110/><T26/><D26/><U66/><E66/><V48/><F48/><N who="3" m="18539" /><G68/><T12/><D52/><U93/><REACH who="1" step="1"/><E17/><REACH who="1" ten="150,280,380,180" step="2"/><V63/><F63/><W99/><G67/><T42/><D1/><U31/><E31/><V60/><F60/><W40/><G16/><T65/><D65/><U97/><AGARI ba="0,1" hai="43,44,51,80,87,89,92,93,94,96,97,100,101,103" machi="97" ten="40,8000,1" yaku="1,1,0,1,8,1,52,1,53,0" doraHai="77" doraHaiUra="122" who="1" fromWho="1" sc="150,-20,280,90,380,-40,180,-20" /><INIT seed="3,0,0,2,4,123" ten="130,370,340,160" oya="3" hai0="68,2,1,90,99,20,92,82,60,56,108,15,31" hai1="83,6,133,17,57,79,69,119,33,11,44,49,85" hai2="23,116,29,25,21,98,40,95,100,27,7,58,72" hai3="67,55,107,80,93,132,71,16,105,36,84,113,38"/><W42/><G113/><T115/><D68/><U87/><E69/><V120/><F72/><W59/><G132/><T34/><D115/><U91/><E133/><V48/><F120/><W10/><G93/><T106/><D106/><U43/><E33/><V66/><F7/><W75/><G75/><T97/><D97/><U78/><E119/><V24/><F116/><W46/><G38/><T54/><D108/><U53/><E17/><V134/><F134/><W5/><G67/><T110/><D110/><U125/><E125/><V128/><F128/><W77/><G71/><T14/><D34/><U122/><E122/><V0/><F0/><W51/><REACH who="3" step="1"/><G16/><REACH who="3" ten="130,370,340,150" step="2"/><T62/><D82/><U61/><E85/><V41/><F27/><W126/><G126/><T121/><D121/><U88/><REACH who="1" step="1"/><E78/><REACH who="1" ten="130,360,340,150" step="2"/><V135/><F135/><W127/><G127/><T124/><D124/><U109/><E109/><V89/><F25/><W129/><G129/><T117/><D117/><U13/><AGARI ba="0,2" hai="6,11,13,43,44,49,53,57,61,79,83,87,88,91" machi="13" ten="20,16000,3" yaku="1,1,0,1,7,1,25,2,8,1,54,1,53,1" doraHai="123" doraHaiUra="73" who="1" fromWho="1" sc="130,-40,360,180,340,-40,150,-80" /><INIT seed="4,0,0,1,4,134" ten="90,540,300,70" oya="0" hai0="48,5,18,20,94,115,132,34,121,91,110,55,96" hai1="92,62,135,77,82,49,123,103,70,71,37,27,98" hai2="93,129,95,14,109,127,1,88,25,28,41,13,9" hai3="84,79,113,74,85,29,64,72,125,51,75,128,100"/><T52/><D121/><U83/><E37/><V81/><F109/><W131/><G29/><T124/><D132/><U104/><E135/><V118/><F129/><N who="3" m="49739" /><G64/><T76/><D110/><U2/><E2/><V46/><F118/><W116/><G51/><T86/><D34/><U17/><E82/><V31/><F1/><W107/><G116/><T22/><D115/><U126/><E126/><V66/><F66/><W130/><N who="3" m="49747" /><W114/><DORA hai="57" /><G125/><T105/><D124/><U54/><E62/><V97/><F14/><W40/><G40/><T50/><D5/><U44/><E104/><V43/><F81/><N who="3" m="47167" /><G85/><T45/><D18/><U30/><E17/><V106/><F43/><W8/><G8/><T63/><D63/><U47/><E47/><V24/><F31/><W69/><G69/><T12/><D12/><U120/><E123/><V16/><F28/><W23/><G23/><T58/><REACH who="0" step="1"/><D76/><REACH who="0" ten="80,540,300,70" step="2"/><U15/><E15/><V102/><F127/><W122/><G122/><T26/><D26/><U38/><E120/><V3/><F25/><W61/><G61/><T99/><D99/><AGARI ba="0,1" hai="72,74,75,99,100,107,113,114" m="47167,49747" machi="99" ten="50,6400,0" yaku="19,1,34,2" doraHai="134,57" who="3" fromWho="0" sc="80,-64,540,0,300,0,70,74" /><INIT seed="5,0,0,3,1,94" ten="16,540,300,144" oya="1" hai0="15,21,43,79,98,6,55,3,80,28,18,7,12" hai1="100,108,84,107,121,116,13,69,73,127,60,85,40" hai2="131,66,76,35,36,49,50,46,16,51,56,119,42" hai3="1,25,58,111,78,67,31,52,128,109,24,8,20"/><U129/><E73/><V95/><F119/><W5/><G67/><T27/><D43/><U88/><E121/><V96/><F35/><W14/><G128/><T134/><D134/><U2/><E116/><V118/><F118/><W124/><G124/><T130/><D130/><U72/><E2/><V9/><F76/><W115/><G115/><T123/><D123/><U92/><E72/><V11/><F131/><W93/><G78/><T61/><D3/><U126/><E129/><V48/><F36/><W0/><G0/><T125/><D125/><N who="1" m="47627" /><E40/><V120/><F120/><W47/><G47/><T103/><D12/><U39/><E39/><V68/><F68/><W83/><G83/><T117/><D117/><U70/><E108/><V112/><F112/><W34/><G93/><T74/><D55/><U45/><E45/><V22/><F66/><W10/><G10/><T64/><D15/><U33/><E33/><V71/><F56/><W133/><G133/><T97/><D18/><U65/><E13/><N who="2" m="9487" /><F71/><W75/><G75/><T82/><D82/><U106/><E69/><V104/><F104/><W63/><G1/><T101/><D101/><AGARI ba="0,0" hai="9,11,42,46,48,49,50,51,95,96,101" m="9487" machi="101" ten="30,3900,0" yaku="8,1,52,1,54,1" doraHai="94" who="2" fromWho="0" sc="16,-39,540,0,300,39,144,0" owari="-23,-52.0,540,64.0,339,14.0,144,-26.0" /></mjloggm>