<mjloggm ver="2.3"><GO type="169" lobby="0"/><UN n0="%E8%BC%9D%E5%A4%9C%E6%9C%88" n1="%E7%AB%8B%E7%9B%B4%E5%BE%8C%E5%8D%B3%E6%94%BE%E9%8A%83" n2="%E3%82%84%E3%81%B7%E3%83%BC" n3="%E3%82%AE%E3%82%AC%E3%83%9E%E3%82%A4%E3%83%B3" dan="17,16,16,16" rate="2219.33,2094.15,2049.06,2118.92" sx="F,F,M,M"/><TAIKYOKU oya="0"/><INIT seed="0,0,0,4,0,44" ten="250,250,250,250" oya="0" hai0="75,4,2,32,72,60,40,28,66,57,36,52,50" hai1="9,79,67,26,71,110,7,54,33,46,78,10,134" hai2="41,108,113,124,98,68,130,87,69,21,37,8,128" hai3="1,63,31,119,133,13,121,45,91,83,51,86,84"/><T131/><D131/><N who="2" m="50218" /><F113/><W109/><G119/><T88/><D28/><U116/><E116/><V82/><F108/><W97/><G109/><T39/><D32/><U126/><E110/><V114/><F114/><W62/><G1/><T22/><D22/><U24/><E67/><V16/><F8/><W93/><G133/><T38/><D40/><U70/><E7/><V118/><F118/><W47/><G121/><T17/><D17/><U14/><E46/><N who="2" m="23855" /><F98/><W74/><G74/><T106/><D106/><U65/><E65/><V96/><F96/><W132/><G132/><T107/><D107/><U42/><E42/><V11/><F11/><W59/><G31/><T89/><D4/><U123/><E54/><V102/><F102/><W15/><G47/><T20/><D2/><U48/><E134/><V99/><F99/><W0/><G0/><T55/><D20/><U94/><E94/><V29/><F29/><W23/><G23/><T111/><D55/><U103/><E103/><V112/><F112/><W25/><G25/><T80/><D111/><U61/><E33/><V30/><F30/><W77/><G97/><T35/><D35/><U120/><E14/><N who="2" m="9367" /><F124/><W3/><G3/><T53/><D53/><U6/><E6/><V105/><F105/><W12/><REACH who="3" step="1"/><G59/><REACH who="3" ten="250,250,250,240" step="2"/><T73/><REACH who="0" step="1"/><D80/><REACH who="0" ten="240,250,250,240" step="2"/><U90/><E126/><V125/><F125/><W115/><G115/><T43/><D43/><AGARI ba="0,2" hai="12,13,15,43,45,51,62,63,77,83,84,86,91,93" machi="43" ten="40,8000,1" yaku="1,1,8,1,52,1,53,2" doraHai="44" doraHaiUra="56" who="3" fromWho="0" sc="240,-80,250,0,250,0,240,100" /><INIT seed="1,0,0,2,0,88" ten="160,250,250,340" oya="1" hai0="59,92,4,97,94,28,89,25,14,38,1,61,36" hai1="27,103,75,12,3,60,131,113,24,13,23,117,102" hai2="98,30,78,106,128,54,41,87,17,93,130,33,86" hai3="83,18,10,79,71,122,65,100,135,51,43,84,9"/><U56/><E113/><V119/><F119/><W66/><G122/><T115/><D1/><U62/><E117/><V82/><F30/><W35/><G135/><T7/><D115/><U39/><E131/><N who="2" m="50219" /><F33/><W104/><G35/><T26/><D38/><U50/><E3/><V40/><F54/><W105/><G100/><T48/><D48/><U110/><E110/><V32/><F32/><W45/><G9/><T55/><D36/><U77/><E39/><V37/><F37/><W67/><G71/><T21/><D26/><U31/><E77/><V85/><F106/><W120/><G120/><T15/><REACH who="0" step="1"/><D92/><REACH who="0" ten="150,250,250,340" step="2"/><U123/><E27/><V11/><F41/><W42/><G42/><T8/><D8/><U108/><E123/><V81/><F40/><W49/><G49/><T52/><D52/><N who="1" m="31767" /><E108/><V134/><F134/><W34/><G34/><T6/><AGARI ba="0,1" hai="4,6,7,14,15,21,25,28,55,59,61,89,94,97" machi="6" ten="30,7900,0" yaku="1,1,0,1,8,1,52,1,53,0" doraHai="88" doraHaiUra="73" who="0" fromWho="0" sc="150,89,250,-39,250,-20,340,-20" /><INIT seed="2,0,0,5,0,13" ten="239,211,230,320" oya="2" hai0="39,17,69,87,81,6,123,15,135,32,14,22,36" hai1="119,24,115,57,95,131,101,118,117,67,128,31,70" hai2="52,91,44,93,106,84,19,34,21,105,2,35,50" hai3="124,98,28,45,75,116,59,30,49,5,99,8,72"/><V120/><F120/><W73/><G116/><T56/><D123/><U9/><E115/><V133/><F2/><W60/><G124/><T0/><D69/><U33/><E70/><V122/><F122/><W27/><G49/><T97/><D135/><U68/><E68/><V1/><F1/><W103/><G45/><T71/><D71/><U121/><E121/><V77/><F133/><W90/><G90/><T108/><D108/><U12/><E67/><V48/><F77/><W10/><G5/><T88/><D32/><U127/><E57/><V92/><F92/><W40/><G40/><T74/><D0/><U111/><E111/><V78/><F78/><W109/><G99/><T94/><D74/><U62/><E62/><V79/><F79/><W107/><G30/><T80/><D80/><U129/><E127/><V46/><F106/><W55/><REACH who="3" step="1"/><G109/><REACH who="3" ten="239,211,230,310" step="2"/><T37/><D6/><N who="1" m="3127" /><E119/><V26/><F105/><W112/><G112/><T61/><D37/><U20/><E33/><AGARI ba="0,1" hai="8,10,27,28,33,55,59,60,72,73,75,98,103,107" machi="33" ten="40,1300,0" yaku="1,1,53,0" doraHai="13" doraHaiUra="130" who="3" fromWho="1" sc="239,0,211,-13,230,0,310,23" /><INIT seed="3,0,0,0,0,74" ten="239,198,230,333" oya="3" hai0="23,47,94,26,53,86,7,75,14,46,129,13,127" hai1="87,110,50,30,83,10,114,39,111,64,93,49,31" hai2="133,134,126,37,120,113,62,66,131,6,60,98,33" hai3="2,17,121,73,106,20,55,38,35,71,77,107,109"/><W61/><G121/><T63/><D75/><U88/><E114/><V19/><F33/><W67/><G35/><T9/><D129/><U4/><E39/><V115/><F6/><W3/><G38/><T54/><D127/><U135/><E135/><N who="2" m="51723" /><F19/><W45/><G109/><N who="1" m="41482" /><E93/><V101/><F120/><W15/><G45/><N who="0" m="16907" /><D14/><N who="1" m="5447" /><E64/><V116/><F116/><W58/><G107/><T112/><D63/><N who="2" m="24106" /><F126/><W42/><G106/><T34/><D112/><N who="2" m="43082" /><F131/><W28/><G28/><AGARI ba="0,0" hai="28,30,31,49,50,83,87,88" m="5447,41482" machi="28" ten="30,2000,0" yaku="14,1,54,1" doraHai="74" who="1" fromWho="3" sc="239,0,198,20,230,0,333,-20" /><INIT seed="4,0,0,4,3,38" ten="239,218,230,313" oya="0" hai0="87,59,23,26,125,48,72,21,120,36,57,131,97" hai1="28,11,47,110,15,58,7,129,56,78,123,100,101" hai2="106,103,83,116,37,90,18,64,126,51,0,50,20" hai3="60,82,35,80,22,41,104,4,69,86,135,130,122"/><T13/><D120/><U133/><E110/><V17/><F37/><W119/><G35/><T112/><D72/><U19/><E123/><V109/><F109/><W52/><G122/><T31/><D36/><U111/><E111/><V95/><F0/><W54/><G119/><T6/><D112/><U75/><E133/><V25/><F116/><W91/><G104/><T16/><D131/><U124/><E124/><V118/><F118/><W12/><G135/><T113/><D113/><U128/><E28/><V94/><F126/><W8/><G130/><N who="1" m="50282" /><E47/><V14/><F64/><W30/><G41/><T102/><D125/><U43/><E43/><V77/><F106/><W3/><G82/><T55/><D87/><U98/><E7/><V42/><F103/><N who="1" m="39497" /><E98/><V61/><F61/><W1/><G1/><T66/><D6/><U70/><E70/><V39/><F39/><W65/><G30/><T5/><D5/><U107/><E107/><V24/><F51/><W121/><G121/><T73/><D73/><U93/><E93/><V71/><F71/><W89/><G89/><T114/><D114/><U127/><E127/><V132/><F132/><W105/><G105/><T44/><D66/><U45/><E45/><N who="2" m="25911" /><F95/><AGARI ba="0,0" hai="13,16,21,23,26,31,44,48,55,57,59,95,97,102" machi="95" ten="30,5800,0" yaku="7,1,8,1,54,1" doraHai="38" who="0" fromWho="2" sc="239,58,218,0,230,-58,313,0" /><INIT seed="4,1,0,4,1,126" ten="297,218,172,313" oya="0" hai0="30,122,35,1,22,18,19,100,62,86,11,96,16" hai1="32,61,111,119,20,113,129,127,43,99,59,120,81" hai2="107,9,124,23,49,71,68,91,133,104,135,131,116" hai3="117,8,114,21,26,105,17,60,47,93,56,125,130"/><T6/><D122/><U89/><E111/><V112/><F124/><W12/><G105/><N who="2" m="40521" /><F112/><W103/><G117/><T102/><D35/><U57/><E119/><V72/><F72/><W27/><G125/><T48/><D48/><U2/><E127/><V101/><F116/><W83/><G114/><T132/><D132/><N who="2" m="50762" /><F101/><W95/><G130/><T33/><D33/><U25/><E113/><V69/><F9/><W13/><G47/><T82/><D62/><U4/><E32/><V109/><F109/><W110/><G83/><T45/><D45/><U64/><E129/><V52/><F23/><W115/><G115/><T98/><D102/><U42/><E4/><V24/><F24/><N who="3" m="9259" /><G103/><T77/><D100/><U7/><E7/><V0/><F0/><W63/><G110/><T92/><D92/><N who="3" m="35401" /><G56/><T37/><D37/><U70/><E59/><N who="2" m="33167" /><F91/><W28/><G28/><T36/><D36/><U128/><E89/><V31/><F31/><W53/><G53/><T14/><D14/><U67/><E2/><V54/><F54/><W87/><G87/><T106/><D106/><U40/><E120/><V66/><F66/><W46/><G46/><T123/><D123/><U88/><E67/><V44/><F44/><W41/><G41/><T90/><D90/><U58/><E88/><V5/><F5/><AGARI ba="1,0" hai="5,8,12,13,17,21,60,63" m="35401,9259" machi="5" ten="30,1000,0" yaku="8,1" doraHai="126" who="3" fromWho="2" sc="297,0,218,0,172,-13,313,13" /><INIT seed="5,0,0,0,3,60" ten="297,218,159,326" oya="1" hai0="90,9,32,51,17,101,98,134,25,103,54,107,1" hai1="87,19,132,8,23,121,45,37,68,100,122,52,29" hai2="124,102,33,77,65,30,18,13,109,16,92,6,3" hai3="118,110,34,15,117,38,50,78,42,82,27,10,22"/><U93/><E132/><V105/><F105/><W97/><G110/><T126/><D134/><U114/><E114/><V115/><F109/><W74/><G38/><T46/><D126/><U58/><E68/><V95/><F124/><W116/><G34/><T12/><D1/><U133/><E133/><V2/><F77/><W21/><G97/><T59/><D107/><U81/><E29/><V28/><F65/><W69/><G69/><T55/><D32/><U53/><E8/><N who="2" m="4247" /><F92/><W64/><G64/><T75/><D25/><U89/><E58/><V127/><F95/><W44/><REACH who="3" step="1"/><G27/><REACH who="3" ten="297,218,159,316" step="2"/><T123/><D98/><U48/><E37/><V67/><F127/><W63/><G63/><T56/><D123/><U61/><E122/><V72/><F67/><W35/><G35/><T49/><D103/><U62/><E121/><V20/><F115/><W70/><G70/><T66/><D66/><U41/><E62/><V83/><F33/><W24/><G24/><T11/><D101/><U5/><E61/><V120/><F102/><W91/><G91/><T111/><D90/><U4/><E100/><V47/><F120/><W84/><G84/><T79/><D111/><U0/><E87/><V85/><F85/><W26/><G26/><T14/><D75/><U76/><E89/><V125/><F72/><W119/><N who="3" m="29696" /><DORA hai="135" /><W112/><G112/><T96/><D96/><U88/><E88/><V128/><F125/><W108/><G108/><T73/><D73/><U131/><E76/><V57/><F83/><W86/><G86/><T106/><D79/><U36/><E81/><V99/><F99/><RYUUKYOKU ba="0,1" sc="297,-10,218,-10,159,-10,316,30" hai3="10,15,21,22,42,44,50,74,78,82" /><INIT seed="6,1,1,1,5,0" ten="287,208,149,346" oya="2" hai0="115,27,15,80,110,94,2,59,76,100,63,46,65" hai1="28,18,55,44,69,113,31,51,14,106,70,93,81" hai2="96,123,10,29,116,129,74,19,8,12,117,128,108" hai3="134,43,103,23,5,86,130,13,99,118,49,71,35"/><V84/><F74/><W4/><G118/><N who="2" m="45673" /><F96/><W54/><G134/><T60/><D2/><U34/><E113/><V36/><F36/><W53/><G130/><N who="2" m="50281" /><F84/><W91/><G35/><T95/><D115/><U3/><E106/><V17/><F123/><W92/><G71/><T112/><D112/><U7/><E93/><V6/><F108/><W78/><G78/><T127/><D110/><U21/><E81/><V47/><F47/><W33/><G33/><T135/><D46/><U105/><E31/><V67/><F67/><W48/><G43/><T73/><D100/><U122/><E105/><V90/><F90/><W102/><G49/><T111/><D111/><U42/><E122/><V131/><N who="2" m="50289" /><V61/><DORA hai="121" /><F61/><W68/><G68/><T30/><D63/><U50/><E50/><V88/><F88/><W125/><G54/><T104/><D104/><U22/><E55/><V25/><F10/><W133/><G103/><T132/><D95/><U41/><E41/><V109/><F109/><W82/><G48/><T56/><D94/><U24/><E22/><AGARI ba="1,1" hai="6,8,12,17,19,22,25,29" m="50289,45673" machi="22" ten="40,12000,1" yaku="19,1,34,2,52,1" doraHai="0,121" who="2" fromWho="1" sc="287,0,208,-123,149,133,346,0" /><INIT seed="6,2,0,5,0,11" ten="287,85,282,346" oya="2" hai0="70,23,121,112,85,128,30,16,48,56,111,117,27" hai1="91,113,75,108,62,14,92,55,22,18,81,63,72" hai2="93,64,51,33,46,105,44,116,90,0,109,97,43" hai3="15,74,57,5,125,40,41,80,8,134,34,59,107"/><V9/><F116/><W115/><G107/><T61/><D111/><U20/><E108/><V120/><F109/><W47/><G34/><T66/><D121/><U37/><E37/><V3/><F120/><W106/><G106/><T4/><D117/><U132/><E132/><V95/><F105/><W1/><G134/><T69/><D112/><U73/><E113/><V32/><F64/><W49/><G115/><T126/><D128/><U24/><E81/><V60/><F60/><W131/><G131/><T127/><D4/><U42/><E42/><V36/><F33/><W67/><G125/><N who="0" m="47627" /><D85/><U78/><E78/><V96/><F32/><W25/><G25/><T94/><D94/><U39/><E55/><V124/><F124/><W104/><G104/><T122/><D122/><U2/><E2/><V10/><F3/><W50/><G67/><T129/><D129/><U26/><E39/><V29/><F29/><W28/><G28/><T102/><D102/><U13/><E63/><V82/><F82/><W114/><G114/><T88/><D48/><U21/><E62/><V98/><F0/><W110/><G110/><T135/><D135/><U52/><E52/><V130/><F130/><W123/><G123/><T89/><D30/><U12/><E18/><V45/><F36/><W58/><G1/><T65/><D65/><U101/><E101/><N who="2" m="60559" /><F51/><W133/><G133/><T7/><D7/><U38/><E38/><V86/><F43/><N who="3" m="24831" /><G50/><T77/><D77/><U35/><E35/><V100/><F100/><W17/><G5/><T83/><D83/><U84/><AGARI ba="2,0" hai="12,13,14,20,21,22,24,26,72,73,75,84,91,92" machi="84" ten="40,12000,2" yaku="0,1,29,2,52,3" doraHai="11" who="1" fromWho="1" sc="287,-32,85,126,282,-62,346,-32" /><INIT seed="7,0,0,3,2,55" ten="255,211,220,314" oya="3" hai0="63,120,77,76,88,75,105,35,104,67,99,61,42" hai1="134,43,12,27,82,30,116,115,46,108,45,41,50" hai2="51,72,32,14,48,44,18,124,58,0,39,24,26" hai3="37,123,65,4,53,5,28,66,54,109,73,31,107"/><W47/><G123/><T119/><D120/><U6/><E108/><V20/><F72/><W86/><G73/><T10/><D119/><U36/><E116/><V95/><F39/><W89/><G107/><T87/><D35/><U81/><E134/><V21/><F0/><W129/><G129/><T25/><D42/><U29/><E115/><V1/><F1/><W3/><G109/><T98/><D25/><N who="2" m="9834" /><F32/><W60/><G37/><T96/><D10/><U133/><E133/><V16/><F124/><W113/><G113/><T106/><D61/><U78/><E27/><N who="2" m="14727" /><F44/><W121/><G121/><T2/><D2/><U23/><E82/><V64/><F95/><W80/><G3/><T97/><D75/><U57/><E57/><V17/><F17/><W71/><G47/><T84/><D105/><U111/><E111/><V11/><F11/><W112/><G112/><T92/><D106/><U83/><E83/><V103/><F103/><W90/><G80/><T131/><D104/><U91/><E91/><V68/><F68/><W125/><G71/><T69/><D131/><U22/><E22/><V126/><F126/><W93/><G93/><T8/><D8/><N who="1" m="4119" /><E23/><V19/><F19/><W85/><G125/><T34/><D34/><U38/><E38/><V132/><F132/><W15/><G15/><T127/><D127/><U135/><E135/><V100/><F100/><W94/><G94/><T52/><D99/><U110/><E110/><V9/><F9/><W114/><G114/><T59/><D84/><AGARI ba="0,0" hai="29,30,36,41,43,45,46,50,78,81,84" m="4119" machi="84" ten="30,1000,0" yaku="25,1" doraHai="55" who="1" fromWho="0" sc="255,-10,211,10,220,0,314,0" owari="245,5.0,221,-18.0,220,-28.0,314,41.0" /></mjloggm>