<mjloggm ver="2.3"><GO type="185" lobby="0"/><UN n0="%E9%95%B7%E5%85%89%E9%BA%BB%E5%A4%9C" n1="%74%69%65%66%62%6C%61%75" n2="%E6%96%B0%E4%B8%96%E7%95%8C%E3%81%AE%E7%B4%99" n3="" dan="16,16,17,0" rate="2227.62,2161.08,2272.55,1500.00" sx="M,M,F,C"/><TAIKYOKU oya="0"/><INIT seed="0,0,0,4,5,65" ten="350,350,350,0" oya="0" hai0="94,118,35,87,78,76,53,133,102,69,108,66,38" hai1="100,40,41,114,82,121,119,123,64,0,73,60,45" hai2="68,47,107,67,86,42,92,54,52,2,72,95,56" hai3=""/><T135/><D38/><U37/><N who="1" m="31008" /><U70/><N who="1" m="31520" /><U125/><E0/><V48/><F2/><T104/><D35/><U75/><E119/><V113/><F113/><T134/><D118/><U63/><E125/><V51/><F72/><T62/><D108/><U127/><E127/><V128/><F107/><T115/><D115/><U3/><E3/><V55/><F128/><T49/><D104/><U57/><E114/><V112/><F112/><T117/><D117/><U110/><E110/><V111/><F111/><T50/><D50/><U101/><E41/><V84/><F68/><T109/><D109/><U46/><E46/><V83/><F84/><T33/><D33/><U32/><E32/><V85/><F85/><T77/><D102/><U61/><E61/><V129/><F129/><T105/><D105/><U98/><E82/><V124/><F124/><T58/><D94/><U97/><E100/><V71/><F92/><T79/><N who="0" m="19456" /><DORA hai="44" /><T116/><D116/><U120/><N who="1" m="30752" /><U106/><REACH who="1" step="1"/><E98/><REACH who="1" ten="350,340,350,0" step="2"/><V34/><F34/><T132/><N who="0" m="33792" /><DORA hai="130" /><T39/><D39/><U90/><E90/><V91/><F83/><T131/><D131/><U36/><E36/><V81/><F81/><T59/><D87/><U89/><E89/><RYUUKYOKU ba="0,1" sc="350,0,340,0,350,0,0,0" hai0="49,53,58,59,62,66,69" hai1="37,40,45,57,60,63,64,70,73,75,97,101,106" hai2="42,47,48,51,52,54,55,56,67,71,86,91,95" /><INIT seed="0,1,1,3,4,48" ten="350,340,350,0" oya="0" hai0="37,0,61,39,40,119,76,118,42,66,95,58,34" hai1="103,65,1,72,64,135,87,102,89,101,122,133,131" hai2="129,69,100,98,38,132,111,59,112,128,96,110,49" hai3=""/><T35/><D0/><U70/><N who="1" m="31264" /><U43/><E1/><V79/><F112/><T55/><D76/><U81/><E131/><N who="2" m="50251" /><F38/><N who="0" m="14346" /><D95/><U75/><E43/><N who="0" m="16425" /><D34/><U125/><E125/><V47/><F69/><T73/><D73/><N who="1" m="28235" /><E70/><V130/><F132/><AGARI ba="1,1" hai="64,65,81,87,89,101,102,103,132,133,135" m="28235,31264" machi="132" ten="40,2600,0" yaku="20,1,52,1" doraHai="48" who="1" fromWho="2" sc="350,0,340,38,350,-28,0,0" /><INIT seed="1,0,0,3,5,60" ten="350,378,322,0" oya="1" hai0="128,35,87,92,48,63,101,133,32,45,64,74,61" hai1="95,100,36,108,54,83,49,52,89,135,46,50,124" hai2="96,71,43,44,116,111,119,76,126,51,106,121,47" hai3=""/><U120/><N who="1" m="30752" /><U109/><E36/><V79/><N who="2" m="31008" /><V88/><F111/><N who="1" m="42569" /><E135/><V65/><F126/><T72/><D133/><U110/><N who="1" m="42577" /><U75/><DORA hai="114" /><E124/><V33/><F33/><T97/><D63/><U117/><E100/><V127/><F127/><T130/><D35/><U80/><E75/><V122/><N who="2" m="31264" /><V34/><F34/><T37/><D37/><U123/><N who="1" m="31520" /><U3/><E3/><V107/><F71/><T134/><D134/><U55/><E117/><V90/><F51/><N who="1" m="19465" /><E46/><V112/><F112/><T77/><D32/><U2/><E2/><V41/><F96/><AGARI ba="0,0" hai="52,54,55,80,83,89,95,96" m="19465,31520,42577,30752" machi="96" ten="50,12000,1" yaku="14,1,10,1,52,2,54,1" doraHai="60,114" who="1" fromWho="2" sc="350,0,378,120,322,-120,0,0" /><INIT seed="1,1,0,2,4,42" ten="350,498,202,0" oya="1" hai0="104,102,56,61,97,85,98,130,57,73,119,2,122" hai1="127,134,54,93,75,121,94,117,89,46,87,113,32" hai2="116,96,72,103,114,100,90,64,36,49,132,83,126" hai3=""/><U33/><E117/><V106/><F116/><T43/><N who="0" m="31264" /><T53/><D2/><U77/><N who="1" m="31008" /><U65/><E113/><V124/><F36/><T63/><D130/><U48/><E134/><V88/><F132/><T1/><D1/><U71/><E127/><N who="2" m="48683" /><F114/><T69/><D69/><U92/><E77/><V45/><F100/><T41/><D73/><U78/><E78/><V120/><N who="2" m="30752" /><V44/><F64/><T70/><D70/><U123/><N who="1" m="31520" /><U74/><E74/><V66/><F66/><T109/><D109/><U3/><E75/><V38/><F38/><T52/><D119/><U101/><E3/><V110/><F110/><T133/><D133/><U131/><E131/><V62/><F62/><T51/><D51/><U37/><E37/><V34/><F34/><T59/><D59/><U47/><E32/><V76/><F45/><T107/><D85/><U40/><E33/><V82/><F83/><T86/><D86/><U111/><E111/><V0/><F0/><T79/><D79/><U108/><E108/><V80/><F80/><T105/><D102/><U129/><E129/><V115/><F115/><T60/><D60/><U35/><E35/><V39/><F39/><T112/><D112/><U50/><E101/><RYUUKYOKU ba="1,0" sc="350,0,498,0,202,0,0,0" hai0="41,43,52,53,56,57,61,63,97,98,104,105,107" hai1="40,46,47,48,50,54,65,71,87,89,92,93,94" hai2="44,49,72,76,82,88,90,96,103,106" /><INIT seed="1,2,0,0,2,128" ten="350,498,202,0" oya="1" hai0="57,95,99,101,134,88,2,119,69,35,66,47,49" hai1="126,94,81,54,61,130,122,110,79,131,133,1,70" hai2="76,96,71,45,117,125,132,112,68,111,135,90,34" hai3=""/><U106/><N who="1" m="31264" /><U73/><E1/><V82/><F117/><T83/><D35/><U55/><E106/><V44/><F34/><T63/><D2/><U51/><E126/><V105/><F125/><T40/><D119/><U72/><E72/><V91/><F111/><T80/><D134/><N who="2" m="51242" /><F112/><T89/><D89/><N who="2" m="33802" /><F96/><T92/><REACH who="0" step="1"/><D69/><REACH who="0" ten="340,498,202,0" step="2"/><N who="2" m="26698" /><F105/><T39/><D39/><U127/><E133/><V84/><AGARI ba="2,1" hai="44,45,76,82,84" m="26698,33802,51242" machi="84" ten="40,6000,1" yaku="20,1,52,3" doraHai="128" who="2" fromWho="2" sc="340,-22,498,-42,202,74,0,0" /><INIT seed="2,0,0,4,3,120" ten="318,456,276,0" oya="2" hai0="74,116,73,34,35,85,105,43,122,132,49,117,50" hai1="37,126,111,66,91,72,36,94,93,102,64,88,52" hai2="75,83,123,110,55,113,53,39,134,119,47,86,99" hai3=""/><V81/><N who="2" m="31520" /><V106/><F113/><T131/><N who="0" m="31264" /><T71/><D105/><U1/><E1/><V2/><F2/><T89/><D132/><U128/><E126/><V57/><F119/><T78/><D71/><U87/><E128/><V40/><F134/><T92/><D131/><U112/><E112/><V115/><F115/><T65/><D65/><U109/><E72/><V133/><F133/><T59/><D78/><U38/><E102/><V3/><F3/><T77/><D77/><U63/><E52/><V48/><F75/><T84/><D59/><U90/><E63/><V33/><F33/><T79/><D79/><U97/><REACH who="1" step="1"/><E90/><REACH who="1" ten="318,446,276,0" step="2"/><V124/><F124/><T76/><D76/><U67/><AGARI ba="0,1" hai="36,37,38,64,66,67,87,88,91,93,94,97,109,111" machi="67" ten="40,9000,2" yaku="1,1,2,1,0,1,52,2,54,1,53,0" doraHai="120" doraHaiUra="130" who="1" fromWho="1" sc="318,-30,446,100,276,-60,0,0" /><INIT seed="4,0,0,0,2,92" ten="288,546,216,0" oya="0" hai0="64,99,125,0,101,95,58,32,96,80,81,2,37" hai1="124,130,71,1,72,36,3,75,86,115,51,40,102" hai2="59,70,53,103,46,104,90,74,35,44,47,114,87" hai3=""/><T88/><D32/><U49/><E71/><V129/><F35/><T55/><D37/><U91/><E124/><V38/><F70/><T52/><D125/><U61/><E36/><V66/><F66/><T97/><D2/><U126/><E126/><V131/><F74/><T41/><D41/><U134/><E75/><V77/><F77/><T73/><D73/><U116/><E72/><V69/><F69/><T60/><D0/><U85/><E116/><V62/><F38/><T106/><D99/><U111/><E111/><V133/><F133/><T33/><D33/><U94/><E134/><V120/><N who="2" m="30752" /><V68/><F68/><T83/><AGARI ba="0,0" hai="52,55,58,60,64,80,81,83,88,95,96,97,101,106" machi="83" ten="30,8000,1" yaku="0,1,52,2,54,2" doraHai="92" who="0" fromWho="0" sc="288,80,546,-40,216,-40,0,0" /><INIT seed="4,1,0,0,3,41" ten="368,506,176,0" oya="0" hai0="92,98,37,50,35,2,125,122,68,104,110,40,76" hai1="96,60,70,61,3,42,91,84,88,94,132,103,73" hai2="80,54,111,66,49,108,77,55,129,134,48,33,100" hai3=""/><T64/><N who="0" m="31264" /><T85/><D2/><U114/><E3/><V74/><F33/><T63/><D35/><U99/><E73/><V82/><F134/><T113/><D125/><U79/><E132/><V106/><F129/><T102/><D113/><U53/><E114/><V38/><F38/><T87/><D110/><U52/><E79/><V72/><F66/><T123/><N who="0" m="31520" /><T112/><D112/><U44/><E70/><V127/><F127/><T118/><D118/><U65/><E65/><V81/><F100/><T120/><N who="0" m="30752" /><T115/><D115/><U69/><E69/><V62/><F62/><T131/><D131/><U117/><E117/><V90/><F106/><T39/><D76/><U45/><E42/><V121/><N who="2" m="31008" /><V47/><F90/><T56/><D104/><U130/><E94/><V107/><F107/><T43/><D40/><U97/><E84/><V105/><F105/><T126/><D126/><U116/><E116/><V89/><F89/><N who="1" m="34377" /><E103/><V71/><F71/><T135/><D135/><U36/><E36/><N who="0" m="13897" /><D68/><U133/><E133/><V119/><F119/><T124/><D124/><U109/><E130/><V86/><F108/><T32/><D32/><U59/><E109/><V51/><F111/><T75/><D75/><RYUUKYOKU ba="1,0" sc="368,10,506,10,176,-20,0,0" hai0="43,50,56,63,64,85,87,92,98,102" hai1="44,45,52,53,59,60,61,96,97,99" /><INIT seed="4,2,0,0,3,41" ten="378,516,156,0" oya="0" hai0="135,133,120,61,118,43,0,77,110,55,89,32,112" hai1="50,58,132,79,1,130,99,107,45,65,44,123,57" hai2="102,51,104,81,35,129,116,52,63,78,53,69,73" hai3=""/><T62/><N who="0" m="30752" /><T49/><D32/><U113/><N who="1" m="31520" /><U105/><E1/><V101/><F35/><T98/><D0/><U39/><E132/><N who="0" m="50761" /><D118/><U48/><E130/><V124/><F129/><T56/><D112/><U85/><E113/><V64/><F116/><T34/><D34/><U91/><E39/><V115/><F115/><T97/><D110/><U106/><E79/><V127/><F53/><T128/><D128/><U96/><E65/><V80/><F80/><T125/><D125/><N who="2" m="48202" /><F104/><T92/><D77/><U95/><E58/><AGARI ba="2,0" hai="51,52,58,63,64,69,73,78,81,101,102" m="48202" machi="58" ten="30,2000,0" yaku="18,1,54,1" doraHai="41" who="2" fromWho="1" sc="378,0,516,-24,156,24,0,0" /><INIT seed="5,0,0,3,2,37" ten="378,492,180,0" oya="1" hai0="55,88,99,70,115,89,108,124,83,87,1,45,123" hai1="43,57,134,79,82,3,54,2,98,52,117,50,34" hai2="96,46,84,106,93,58,95,49,120,76,44,102,38" hai3=""/><U32/><E117/><V109/><N who="2" m="30752" /><V40/><F109/><T69/><N who="0" m="31520" /><T78/><D1/><U42/><E134/><V105/><F58/><T61/><D108/><U53/><E2/><V104/><F76/><T77/><D124/><U131/><E3/><V100/><F84/><T66/><D115/><U64/><E131/><V129/><F129/><T128/><D128/><U107/><E64/><V114/><F114/><T86/><D99/><U35/><E107/><V47/><F47/><T112/><D112/><U122/><N who="1" m="31264" /><U36/><E98/><V92/><REACH who="2" step="1"/><F96/><REACH who="2" ten="378,492,170,0" step="2"/><T85/><D86/><U91/><E91/><V62/><F62/><T74/><D74/><U60/><E36/><V72/><F72/><T111/><D111/><U132/><E53/><AGARI ba="0,1" hai="38,40,44,46,49,53,92,93,95,100,102,104,105,106" m="30752" machi="53" ten="50,6400,0" yaku="1,1,52,2,53,0" doraHai="37" doraHaiUra="94" who="2" fromWho="1" sc="378,0,492,-64,170,74,0,0" /><INIT seed="6,0,0,3,5,84" ten="378,428,244,0" oya="2" hai0="60,126,81,118,129,73,67,78,39,71,47,1,131" hai1="108,112,52,48,134,90,35,113,114,106,2,89,82" hai2="58,97,124,64,85,116,94,46,120,42,40,123,76" hai3=""/><V49/><N who="2" m="30752" /><V72/><N who="2" m="31520" /><V75/><F116/><T44/><D118/><U59/><E2/><V128/><F124/><T103/><D1/><U99/><E35/><V96/><F128/><T119/><D119/><U105/><E108/><V68/><F68/><T61/><D126/><U70/><E134/><V54/><F64/><T125/><D125/><U115/><E115/><V66/><F66/><T63/><D103/><U50/><E70/><V122/><N who="2" m="31264" /><V37/><F42/><T69/><D39/><U41/><E82/><V77/><F85/><T111/><D111/><U92/><E90/><V65/><F65/><T117/><D117/><U51/><E41/><V55/><F55/><T93/><D67/><U43/><E43/><V88/><REACH who="2" step="1"/><F97/><REACH who="2" ten="378,428,234,0" step="2"/><T107/><D69/><U45/><E45/><V133/><F133/><T110/><D71/><U86/><E99/><V102/><F102/><T32/><D110/><U33/><E33/><V0/><F0/><T121/><D32/><U34/><E34/><V95/><F95/><T100/><N who="0" m="31008" /><T79/><D93/><U135/><E135/><V56/><F56/><T36/><D47/><U127/><E127/><V98/><F98/><T83/><D44/><U53/><E53/><RYUUKYOKU ba="0,1" sc="378,-20,428,10,234,10,0,0" hai1="48,50,51,52,59,86,89,92,105,106,112,113,114" hai2="37,40,46,49,54,58,72,75,76,77,88,94,96" /><INIT seed="6,1,1,3,4,129" ten="358,438,244,0" oya="2" hai0="79,64,88,46,50,120,117,72,114,69,134,47,90" hai1="71,55,40,102,105,43,63,122,67,98,74,60,83" hai2="62,76,96,92,91,94,111,121,123,36,86,75,2" hai3=""/><V66/><N who="2" m="31008" /><V54/><N who="2" m="31520" /><V34/><F34/><T82/><N who="0" m="30752" /><T61/><D117/><U127/><N who="1" m="31264" /><U80/><E127/><V119/><F119/><T97/><D114/><U58/><E74/><V81/><F2/><T124/><D124/><U85/><E83/><V51/><F36/><T38/><D134/><U53/><E55/><V87/><F111/><T52/><REACH who="0" step="1"/><D97/><REACH who="0" ten="348,438,244,0" step="2"/><U70/><E70/><V35/><F35/><T3/><D3/><U109/><E109/><V84/><F96/><T131/><D131/><U0/><E0/><V78/><F78/><AGARI ba="1,2" hai="40,43,53,58,60,63,67,71,78,80,85,98,102,105" m="31264" machi="78" ten="30,2000,0" yaku="7,1,52,1" doraHai="129" who="1" fromWho="2" sc="348,0,438,42,244,-22,0,0" owari="348,-5.0,480,43.0,222,-38.0,0,0.0" /></mjloggm>