<mjloggm ver="2.3"><GO type="225" lobby="0"/><UN n0="%E3%83%B4%E3%83%A0%EF%BC%99%E3%81%A6" n1="%E3%82%A4%E3%83%8A%E3%82%BA%E3%83%9E%E8%91%AC%E5%84%80" n2="%E3%81%82%E3%82%89%E3%81%8C%E3%81%8D%E3%81%82%E3%82%84%E3%81%9B" n3="%E9%89%84%E5%BC%B7%E3%83%A2%E3%83%92%E3%83%BC%E3%83%8C%E4%B8%83%E6%AE%B5" dan="17,17,16,18" rate="2218.04,2240.55,2146.62,2238.51" sx="M,F,F,F"/><TAIKYOKU oya="0"/><INIT seed="0,0,0,0,0,65" ten="250,250,250,250" oya="0" hai0="34,116,28,84,79,18,41,30,47,71,54,83,89" hai1="11,78,27,40,42,123,26,23,112,90,52,97,108" hai2="101,14,43,6,7,67,77,58,133,109,132,37,95" hai3="119,13,32,51,100,55,74,115,20,134,106,75,10"/><T63/><D116/><U61/><E108/><V127/><F77/><W0/><G119/><T38/><D34/><U114/><E123/><V19/><F43/><W46/><G115/><T126/><D126/><U33/><E78/><V3/><F37/><W129/><G32/><T104/><D104/><U2/><E33/><V125/><F67/><W92/><G106/><T68/><D18/><U111/><E111/><V82/><F82/><W103/><G0/><T124/><D124/><N who="2" m="47690" /><F58/><W110/><G20/><T64/><D68/><U59/><E27/><V88/><F101/><W91/><G110/><T16/><D54/><U8/><E42/><V107/><F107/><W80/><G134/><N who="2" m="51817" /><F3/><W66/><G80/><T122/><D122/><U45/><E2/><V121/><F121/><W50/><G103/><T49/><D38/><U87/><E97/><N who="2" m="57575" /><F109/><W128/><G100/><T93/><D83/><N who="1" m="49535" /><E45/><V117/><F117/><W105/><G46/><T12/><D79/><U21/><E40/><V31/><F31/><W135/><G105/><T99/><D99/><U56/><E56/><V1/><F1/><W39/><G39/><T15/><D28/><N who="1" m="17487" /><E114/><V120/><F120/><W72/><G135/><T62/><D30/><U17/><E112/><V44/><F44/><W96/><G66/><T113/><D113/><U29/><E29/><V57/><F57/><W73/><G55/><T81/><D81/><U85/><E85/><V76/><F76/><W86/><N who="3" m="18432" /><DORA hai="35" /><W131/><G86/><T118/><D118/><U53/><E53/><V9/><AGARI ba="0,0" hai="6,7,9,14,19" m="57575,51817,47690" machi="9" ten="30,4000,0" yaku="18,1,20,1,54,1" doraHai="65,35" who="2" fromWho="2" sc="250,-20,250,-10,250,40,250,-10" /><INIT seed="1,0,0,5,4,79" ten="230,240,290,240" oya="1" hai0="126,54,82,46,15,23,35,63,99,113,132,131,130" hai1="109,101,83,39,16,72,7,128,123,103,58,47,8" hai2="37,27,11,34,107,108,13,36,1,6,88,68,31" hai3="45,91,125,67,9,12,69,10,77,89,5,80,22"/><U134/><E123/><V21/><F108/><W104/><G104/><T32/><D113/><U110/><E134/><V71/><F107/><W114/><G114/><T62/><D132/><U26/><E58/><V73/><F73/><W30/><G125/><T3/><D3/><N who="1" m="127" /><E128/><N who="0" m="49193" /><D126/><U49/><E103/><V33/><F88/><W93/><G67/><T92/><D46/><U29/><E101/><V41/><F34/><N who="0" m="12842" /><D54/><U129/><E29/><V120/><F120/><W64/><G30/><T18/><D82/><U96/><E96/><V127/><F127/><W0/><G45/><T112/><D112/><U85/><E129/><V2/><F2/><W14/><G64/><T98/><D98/><U40/><E85/><V116/><F116/><W60/><G0/><T48/><D48/><U59/><E49/><V65/><F41/><W52/><G80/><T51/><D51/><U121/><E121/><V53/><F53/><W102/><G52/><T43/><D43/><U57/><E110/><V70/><REACH who="2" step="1"/><F65/><REACH who="2" ten="230,240,280,240" step="2"/><W17/><G102/><AGARI ba="0,1" hai="15,18,23,62,63,92,99,102" m="12842,49193" machi="102" ten="30,1000,0" yaku="19,1" doraHai="79" who="0" fromWho="3" sc="230,20,240,0,280,0,240,-10" /><INIT seed="2,0,0,3,0,6" ten="250,240,280,230" oya="2" hai0="104,0,61,111,50,71,52,8,31,65,27,132,77" hai1="56,83,74,63,122,39,112,92,35,130,109,80,118" hai2="93,124,22,107,58,14,129,23,99,32,84,29,1" hai3="95,19,113,85,133,44,20,69,15,43,47,28,131"/><V86/><F1/><W121/><G121/><T57/><D104/><U25/><E112/><V64/><F107/><W70/><G113/><T53/><D111/><U37/><E118/><V87/><F129/><W82/><G131/><T33/><D132/><U120/><E130/><V51/><F124/><W103/><G133/><T89/><D77/><U17/><E109/><V116/><F116/><W110/><G110/><T24/><D24/><U46/><E92/><V26/><F14/><W54/><G28/><T38/><D89/><U96/><E96/><V117/><F117/><W128/><G128/><T114/><D114/><U102/><E102/><V98/><F51/><W105/><G105/><T9/><D0/><U66/><E46/><V72/><F72/><W48/><G95/><T101/><D101/><U73/><E73/><V49/><F49/><W68/><G103/><T10/><D53/><U13/><E25/><V5/><F5/><W91/><REACH who="3" step="1"/><G70/><REACH who="3" ten="250,240,280,220" step="2"/><T78/><D78/><N who="1" m="44119" /><E83/><V97/><F93/><W108/><G108/><T135/><D135/><U125/><E125/><V2/><F29/><W41/><G41/><T88/><D88/><U115/><E115/><V119/><F119/><W67/><G67/><T55/><D55/><U126/><E126/><V100/><F100/><W90/><G90/><T16/><REACH who="0" step="1"/><D38/><AGARI ba="0,1" hai="15,19,20,38,43,44,47,48,54,68,69,82,85,91" machi="38" ten="30,2000,0" yaku="1,1,7,1,53,0" doraHai="6" doraHaiUra="75" who="3" fromWho="0" sc="250,-20,240,0,280,0,220,30" /><INIT seed="3,0,0,0,3,111" ten="230,240,280,250" oya="3" hai0="83,103,13,114,119,21,39,16,46,97,10,40,8" hai1="51,72,54,133,110,120,108,19,63,56,112,78,47" hai2="64,41,66,26,128,123,62,7,2,96,9,35,1" hai3="48,45,77,106,60,116,73,93,109,113,105,130,4"/><W121/><G116/><T24/><D119/><U118/><E118/><V65/><F123/><W80/><G121/><T75/><D114/><U18/><E120/><V49/><F128/><W23/><G113/><T132/><D132/><U82/><E133/><V129/><F129/><W3/><G130/><T117/><D117/><U58/><E58/><V37/><F2/><W98/><G109/><N who="1" m="42090" /><E112/><V0/><F0/><W36/><G23/><T59/><D59/><U135/><E135/><V107/><F37/><W92/><G60/><T11/><D75/><U74/><E74/><V14/><F1/><W69/><G48/><T91/><D83/><U127/><E127/><V99/><F49/><W27/><G27/><T61/><D61/><U86/><E72/><V53/><F41/><AGARI ba="0,0" hai="18,19,41,47,51,54,56,63,78,82,86" m="42090" machi="41" ten="30,1000,0" yaku="14,1" doraHai="111" who="1" fromWho="2" sc="230,0,240,10,280,-10,250,0" /><INIT seed="4,0,0,0,5,124" ten="230,250,270,250" oya="0" hai0="106,9,77,65,89,116,72,49,0,78,14,129,67" hai1="36,86,63,64,128,105,109,18,123,38,27,111,20" hai2="32,98,91,80,101,2,46,33,34,56,25,88,76" hai3="26,37,115,96,15,71,28,7,10,42,73,45,100"/><T92/><D116/><U93/><E105/><V130/><F2/><W94/><G71/><T43/><D0/><U59/><E123/><V4/><F4/><W30/><G73/><T62/><D106/><U1/><E1/><V5/><F5/><W51/><G115/><T119/><D119/><U113/><E113/><V61/><F130/><W41/><G37/><T40/><D129/><U24/><E128/><V103/><F46/><W50/><G26/><T120/><D120/><U90/><E38/><V84/><F25/><W97/><G97/><N who="0" m="57487" /><D72/><U133/><E133/><V99/><F99/><W53/><REACH who="3" step="1"/><G42/><REACH who="3" ten="230,250,270,240" step="2"/><N who="0" m="15915" /><D49/><U104/><E36/><V114/><F114/><W16/><G16/><N who="0" m="8271" /><D62/><U127/><E63/><V75/><F98/><W69/><G69/><T44/><D44/><AGARI ba="0,1" hai="7,10,15,28,30,41,44,45,50,51,53,94,96,100" machi="44" ten="30,7700,0" yaku="1,1,7,1,8,1,53,1" doraHai="124" doraHaiUra="8" who="3" fromWho="0" sc="230,-77,250,0,270,0,240,87" owari="153,-35.0,250,-15.0,270,7.0,327,43.0" /></mjloggm>