<mjloggm ver="2.3"><GO type="169" lobby="0"/><UN n0="%E3%81%8B%E3%81%A5%E3%81%8D%EF%BC%B8%EF%BC%A9" n1="%E4%B9%BE%E5%9D%A4%E5%8D%81%E4%BA%94%E6%93%B2" n2="%E3%83%8F%E3%83%83%E3%83%88%E3%83%AA%E3%82%B9" n3="%52%45%49%4E%E6%A3%AE%E4%B9%85%E4%BF%9D%50" dan="16,16,17,16" rate="2110.51,2102.83,2163.61,2125.30" sx="M,M,M,M"/><TAIKYOKU oya="0"/><INIT seed="0,0,0,1,4,63" ten="250,250,250,250" oya="0" hai0="61,4,64,129,15,128,104,74,76,59,73,14,53" hai1="13,41,26,24,126,132,130,5,12,80,131,85,113" hai2="57,34,44,88,32,50,72,66,38,55,49,16,6" hai3="119,110,36,11,82,69,102,0,60,120,54,37,2"/><T67/><D104/><U103/><E103/><V109/><F72/><N who="0" m="27754" /><D76/><U105/><E105/><V106/><F109/><W84/><G110/><T91/><D91/><U79/><E113/><V20/><F106/><W45/><G102/><T127/><D4/><U47/><E126/><V21/><F38/><W107/><G107/><T96/><D96/><U48/><E132/><V124/><F124/><W52/><G119/><T93/><D93/><U89/><E13/><N who="0" m="4617" /><D127/><U51/><E51/><V10/><F88/><W58/><G120/><T134/><D134/><U101/><E101/><V17/><F10/><W23/><G23/><T122/><D122/><U9/><REACH who="1" step="1"/><E89/><REACH who="1" ten="250,240,250,250" step="2"/><V125/><F125/><W81/><G36/><T75/><D75/><U90/><E90/><V1/><F50/><W56/><G37/><T121/><D121/><U92/><E92/><V3/><F49/><W28/><G81/><T117/><D117/><U42/><E42/><V40/><F40/><W123/><G82/><T100/><D100/><U135/><E135/><V78/><F78/><W62/><G123/><T83/><D83/><U112/><E112/><V116/><F116/><W35/><G0/><T19/><D19/><U133/><E133/><V18/><F1/><W30/><G2/><T65/><D61/><U7/><E7/><V43/><F6/><W118/><G60/><T77/><D77/><U97/><E97/><V39/><F3/><W27/><G62/><T33/><D33/><N who="2" m="12906" /><F43/><W111/><G35/><T114/><D114/><U115/><E115/><V22/><F39/><W108/><G118/><T71/><D71/><RYUUKYOKU ba="0,1" sc="250,15,240,15,250,-15,250,-15" hai0="53,59,64,65,67,128,129" hai1="5,9,12,24,26,41,47,48,79,80,85,130,131" /><INIT seed="0,1,1,1,2,80" ten="265,255,235,235" oya="0" hai0="101,84,42,113,2,9,111,53,72,4,38,120,51" hai1="21,33,98,59,68,123,41,82,32,115,19,132,103" hai2="105,74,87,121,119,91,129,73,126,67,11,64,79" hai3="108,30,45,12,112,35,57,88,81,75,24,36,110"/><T6/><D113/><U90/><E115/><V94/><F121/><W85/><G112/><T92/><D72/><U69/><E123/><V14/><F126/><W114/><G114/><T104/><D6/><U43/><E132/><V46/><F129/><W93/><G57/><T109/><D120/><U49/><E69/><V128/><F128/><W134/><G134/><T102/><D104/><U89/><E68/><V56/><F105/><W77/><REACH who="3" step="1"/><G12/><REACH who="3" ten="265,255,235,225" step="2"/><T18/><D2/><U28/><E59/><V97/><F56/><W0/><G0/><T116/><D116/><U7/><E33/><V50/><F119/><W118/><G118/><T63/><D63/><U44/><E32/><V22/><F14/><W95/><G95/><T17/><D111/><U27/><E43/><AGARI ba="1,2" hai="24,30,35,36,43,45,75,77,81,85,88,93,108,110" machi="43" ten="40,8000,1" yaku="1,1,52,1,54,1,53,1" doraHai="80" doraHaiUra="83" who="3" fromWho="1" sc="265,0,255,-83,235,0,225,103" /><INIT seed="1,0,0,2,3,86" ten="265,172,235,328" oya="1" hai0="134,38,85,66,70,7,41,69,10,99,81,61,33" hai1="39,123,12,131,40,60,5,55,105,62,132,37,71" hai2="98,120,76,119,45,34,135,31,59,110,73,53,26" hai3="46,23,0,17,68,121,11,54,94,35,79,102,48"/><U49/><E105/><V64/><F119/><W129/><G68/><T18/><D33/><U8/><E123/><V103/><F120/><W109/><G35/><T50/><D18/><U44/><E132/><V82/><F110/><W80/><G121/><T106/><D134/><U90/><E131/><V67/><F45/><W118/><G118/><T133/><D133/><U104/><E104/><V22/><F34/><W20/><G109/><T13/><D38/><U4/><E4/><V130/><F130/><W57/><G129/><T114/><D114/><U24/><E24/><V63/><F135/><W96/><G0/><T15/><D15/><U19/><E39/><V42/><F42/><W100/><G100/><T91/><D106/><AGARI ba="0,0" hai="22,26,31,53,59,63,64,67,73,76,82,98,103,106" machi="106" ten="30,1000,0" yaku="7,1" doraHai="86" who="2" fromWho="0" sc="265,-10,172,0,235,10,328,0" /><INIT seed="2,0,0,2,2,131" ten="255,172,245,328" oya="2" hai0="16,29,28,22,102,14,25,92,5,1,106,121,96" hai1="15,50,38,73,35,36,78,45,124,135,20,109,52" hai2="53,75,39,8,69,104,97,112,3,93,55,132,128" hai3="62,130,107,56,4,126,64,23,44,133,57,101,7"/><V61/><F112/><W60/><G130/><T80/><D121/><U0/><E0/><V10/><F128/><W34/><G34/><T94/><D29/><U47/><E35/><V72/><F104/><W122/><G122/><T113/><D113/><U79/><E109/><V71/><F39/><W125/><G107/><T2/><D80/><U40/><E124/><V21/><F21/><W108/><G101/><T30/><D30/><U54/><E73/><V65/><F71/><W118/><G44/><T37/><D37/><U49/><E135/><V88/><F132/><W114/><G114/><T115/><D115/><U129/><E129/><V46/><F10/><W18/><G108/><T67/><D67/><U103/><E103/><V134/><F134/><W27/><G118/><T12/><D12/><U59/><E38/><V6/><REACH who="2" step="1"/><F46/><REACH who="2" ten="255,172,235,328" step="2"/><W85/><G133/><T90/><D106/><U82/><E36/><V41/><F41/><W9/><G9/><T17/><D5/><U74/><E40/><V24/><F24/><W119/><G119/><T76/><D22/><U33/><E33/><V100/><F100/><W31/><G126/><T68/><D25/><U117/><E117/><V32/><F32/><W70/><G125/><T116/><D68/><U81/><E20/><V123/><F123/><W48/><G70/><T127/><D102/><U77/><E59/><V43/><F43/><W95/><G31/><T83/><D116/><U11/><REACH who="1" step="1"/><E74/><AGARI ba="0,1" hai="3,6,8,53,55,61,65,69,72,74,75,88,93,97" machi="74" ten="40,12000,1" yaku="1,1,54,1,53,2" doraHai="131" doraHaiUra="51" who="2" fromWho="1" sc="255,0,172,-120,235,130,328,0" /><INIT seed="2,1,0,1,3,7" ten="255,52,365,328" oya="2" hai0="95,56,72,51,121,40,18,30,132,70,96,9,115" hai1="6,82,123,54,100,50,87,112,113,60,5,103,124" hai2="76,69,23,32,91,45,109,49,42,24,111,20,81" hai3="52,101,130,118,4,2,131,97,73,75,114,58,53"/><V122/><F122/><W135/><G118/><T29/><D70/><U10/><E123/><V83/><F69/><W77/><G135/><T120/><D72/><U36/><E36/><V126/><F32/><W106/><G53/><T22/><D115/><U116/><E116/><V80/><F126/><W44/><G44/><T15/><D132/><U119/><E119/><V99/><F76/><W129/><G77/><T46/><D121/><U61/><E124/><V89/><F20/><W28/><G114/><T134/><D120/><U85/><E113/><V0/><F0/><W27/><G4/><T33/><D33/><U43/><E112/><V55/><F55/><W48/><REACH who="3" step="1"/><G2/><REACH who="3" ten="255,52,365,318" step="2"/><T117/><D134/><U98/><E5/><V84/><F111/><W68/><G68/><T34/><D34/><AGARI ba="1,1" hai="27,28,34,48,52,58,73,75,97,101,106,129,130,131" machi="34" ten="40,5200,0" yaku="1,1,19,1,54,1,53,0" doraHai="7" doraHaiUra="79" who="3" fromWho="0" sc="255,-55,52,0,365,0,318,65" /><INIT seed="3,0,0,5,0,105" ten="200,52,365,383" oya="3" hai0="110,50,80,65,43,8,83,67,73,14,131,48,9" hai1="86,115,81,28,39,32,56,7,84,10,98,21,29" hai2="118,15,26,52,11,116,13,76,31,125,27,99,100" hai3="77,53,60,91,1,90,123,102,79,75,119,37,109"/><W66/><G119/><T12/><D43/><U108/><E39/><V30/><F125/><W18/><G37/><T70/><D110/><U19/><E108/><V62/><F76/><W35/><G35/><T25/><D25/><U45/><E115/><V58/><F27/><W93/><G109/><T87/><D87/><U69/><E69/><V94/><F15/><W128/><G75/><T64/><D70/><U122/><E122/><V132/><F132/><W97/><G1/><T107/><D107/><U16/><E32/><V130/><F130/><W111/><G111/><T40/><D40/><U134/><E134/><V47/><F47/><W103/><G53/><T78/><D131/><U133/><E133/><V129/><F129/><W54/><G54/><T3/><D3/><U101/><E45/><V38/><F38/><W120/><G128/><T121/><D121/><N who="3" m="46665" /><G18/><T23/><D23/><U51/><E7/><V36/><F36/><W135/><G60/><T72/><D67/><U4/><E4/><V5/><REACH who="2" step="1"/><F31/><REACH who="2" ten="200,52,355,383" step="2"/><W85/><G135/><T55/><D55/><N who="1" m="31871" /><E29/><V82/><F82/><N who="3" m="49463" /><G66/><T71/><D71/><U33/><E81/><V68/><F68/><W117/><G117/><T114/><REACH who="0" step="1"/><D78/><AGARI ba="0,1" hai="77,78,79,91,93,97,102,103" m="49463,46665" machi="78" ten="30,2900,0" yaku="34,2" doraHai="105" who="3" fromWho="0" sc="200,-29,52,0,355,0,383,39" /><INIT seed="3,1,0,5,0,110" ten="171,52,355,422" oya="3" hai0="40,30,27,28,10,7,75,36,44,49,108,100,53" hai1="59,99,58,78,77,3,57,23,135,114,118,125,91" hai2="12,74,101,65,81,95,76,0,130,45,104,92,48" hai3="83,127,96,51,90,71,72,64,112,15,103,61,50"/><W4/><G127/><T18/><D75/><U47/><E3/><V134/><F0/><W73/><G112/><T123/><D123/><U107/><E125/><V11/><F134/><W46/><G51/><T106/><D108/><U2/><E2/><V66/><F104/><W60/><G60/><T17/><D30/><U39/><E135/><V89/><F101/><W26/><G90/><T88/><D7/><U34/><E34/><V32/><F32/><W22/><G83/><T52/><D10/><U8/><E118/><V116/><F116/><W113/><G15/><T55/><D36/><U29/><E114/><V105/><F105/><W102/><G113/><T85/><D100/><U79/><E8/><V115/><F115/><W93/><G103/><T33/><REACH who="0" step="1"/><D106/><REACH who="0" ten="161,52,355,422" step="2"/><U20/><E107/><V87/><F130/><W6/><G73/><T69/><D69/><U63/><E29/><V42/><F95/><AGARI ba="1,1" hai="17,18,27,28,33,40,44,49,52,53,55,85,88,95" machi="95" ten="40,8000,1" yaku="1,1,54,2,53,1" doraHai="110" doraHaiUra="82" who="0" fromWho="2" sc="161,93,52,0,355,-83,422,0" /><INIT seed="4,0,0,1,4,106" ten="254,52,272,422" oya="0" hai0="61,24,41,37,91,131,44,124,53,128,74,113,63" hai1="11,48,120,130,111,35,8,95,16,112,52,33,99" hai2="17,78,54,27,14,122,25,28,79,19,42,34,58" hai3="3,105,71,50,51,80,86,126,73,4,109,72,46"/><T70/><D24/><U127/><E120/><V12/><F122/><W55/><G71/><T85/><D91/><U1/><E111/><V76/><F42/><W2/><G105/><T129/><D85/><U13/><E127/><V40/><F40/><W93/><G109/><T9/><D9/><U5/><E130/><V132/><F132/><W6/><G126/><T49/><D124/><U64/><E64/><V32/><F32/><W123/><G93/><T87/><D87/><U84/><E84/><V81/><F81/><W89/><G123/><T82/><D113/><U67/><E67/><V135/><F135/><W30/><G30/><T118/><D118/><U83/><E83/><V103/><F103/><W125/><G125/><T88/><D88/><U22/><E112/><V115/><F115/><W107/><G107/><T65/><D63/><U90/><REACH who="1" step="1"/><E11/><REACH who="1" ten="254,42,272,422" step="2"/><V60/><F78/><W18/><G80/><T21/><D82/><U47/><AGARI ba="0,1" hai="1,5,8,13,16,22,33,35,47,48,52,90,95,99" machi="47" ten="20,12000,2" yaku="1,1,2,1,0,1,7,1,54,2,53,1" doraHai="106" doraHaiUra="94" who="1" fromWho="1" sc="254,-60,42,130,272,-30,422,-30" /><INIT seed="5,0,0,5,0,133" ten="194,172,242,392" oya="1" hai0="27,54,15,10,129,127,20,36,49,88,79,62,69" hai1="6,85,105,31,55,108,41,51,25,11,12,74,13" hai2="75,26,121,120,73,112,80,60,8,100,2,4,42" hai3="23,70,48,46,99,97,29,125,134,109,101,32,57"/><U128/><E74/><V34/><F112/><W86/><G70/><T135/><D36/><U63/><E105/><V9/><F100/><W35/><G109/><T131/><D79/><U3/><E128/><N who="0" m="49225" /><D69/><U39/><E108/><V18/><F60/><W19/><G125/><T40/><D62/><U44/><E63/><V71/><F71/><W76/><G57/><N who="0" m="32975" /><D40/><U132/><E132/><V16/><F42/><W52/><G29/><T77/><D77/><U30/><E30/><V104/><F104/><W5/><G5/><T53/><D53/><U130/><E130/><V107/><F80/><W84/><G99/><T91/><D135/><U122/><E122/><V110/><F107/><W17/><G17/><N who="0" m="12687" /><D127/><U65/><E65/><V82/><F82/><W115/><G86/><T72/><D72/><U95/><E85/><V21/><F110/><W66/><G66/><T24/><D24/><U119/><E95/><V114/><F73/><W14/><G115/><T116/><D116/><U117/><E119/><V124/><F124/><W123/><G123/><N who="2" m="47177" /><F34/><W67/><G67/><T113/><D113/><U64/><E64/><V106/><F106/><N who="3" m="63791" /><G134/><T118/><D118/><U43/><E117/><V37/><F75/><W50/><G50/><T33/><D33/><N who="1" m="20719" /><E43/><V93/><F93/><W81/><G35/><T28/><D28/><U68/><E68/><V56/><F56/><W38/><G32/><T87/><D87/><U94/><E94/><V90/><F37/><W1/><G38/><T59/><D59/><U92/><E92/><V103/><F114/><W111/><G111/><T102/><D102/><RYUUKYOKU ba="0,0" sc="194,10,172,10,242,-30,392,10" hai0="10,15,88,91" hai1="3,6,11,12,13,39,41,44,51,55" hai3="1,14,19,23,46,48,52,76,81,84" /><INIT seed="5,1,0,0,3,6" ten="204,182,212,402" oya="1" hai0="96,71,75,88,128,12,82,40,58,104,8,108,91" hai1="95,101,0,111,10,110,21,130,70,103,93,106,83" hai2="87,47,73,74,120,13,46,67,26,112,11,42,23" hai3="56,66,37,107,122,133,119,80,45,78,39,64,19"/><U9/><E70/><V118/><F118/><W29/><G107/><T98/><D71/><U97/><E130/><V48/><F120/><W36/><G122/><T2/><D2/><U60/><E106/><V28/><F112/><W76/><G119/><T53/><D40/><U131/><E131/><V94/><F67/><W27/><G45/><T117/><D117/><U22/><E83/><V105/><F105/><W127/><G127/><T52/><D108/><N who="1" m="41515" /><E60/><V16/><REACH who="2" step="1"/><F47/><REACH who="2" ten="204,182,202,402" step="2"/><W79/><G66/><T3/><D104/><U90/><E103/><V31/><F31/><W114/><G29/><T132/><D128/><U77/><E0/><V134/><F134/><W4/><G114/><T129/><D3/><U7/><E7/><V30/><F30/><W69/><G4/><T102/><D129/><U62/><E77/><V41/><F41/><W123/><G79/><T17/><D132/><U99/><E62/><V68/><F68/><W51/><G78/><T89/><D102/><U5/><E5/><V33/><F33/><W34/><G69/><T24/><D75/><U121/><E121/><V18/><F18/><W85/><G123/><T38/><D82/><U124/><E124/><V126/><F126/><W84/><G133/><T86/><D58/><U55/><E55/><V109/><F109/><W65/><G34/><T50/><D53/><U100/><E100/><V59/><F59/><W57/><G57/><T92/><D52/><U20/><AGARI ba="1,1" hai="9,10,20,21,22,90,93,95,97,99,101" m="41515" machi="20" ten="30,6000,0" yaku="10,1,52,2" doraHai="6" who="1" fromWho="1" sc="204,-21,182,73,202,-21,402,-21" /><INIT seed="5,2,0,0,5,17" ten="183,255,181,381" oya="1" hai0="49,129,66,18,2,89,7,69,72,79,26,73,95" hai1="71,85,76,57,125,84,131,30,52,48,3,41,20" hai2="74,53,116,77,91,32,31,10,27,128,29,38,70" hai3="124,28,100,58,83,54,21,0,64,8,99,61,65"/><U134/><E3/><V82/><F116/><W120/><G120/><T104/><D104/><U87/><E71/><V106/><F38/><W47/><G83/><T59/><D129/><U93/><E125/><V127/><F128/><W118/><G118/><T55/><D79/><U39/><E134/><V22/><F127/><W102/><G124/><T63/><D7/><U81/><E131/><V33/><F106/><W130/><G130/><T45/><D2/><U122/><E122/><V119/><F119/><W126/><G102/><T78/><D78/><U94/><E39/><V1/><F70/><W90/><G90/><T121/><D121/><U13/><E41/><V25/><F53/><W14/><G0/><T132/><D69/><U44/><E44/><V50/><F50/><W19/><G47/><T5/><D5/><U108/><E108/><V103/><F103/><W105/><G126/><T60/><D60/><U112/><E112/><V36/><F36/><W97/><G97/><T86/><REACH who="0" step="1"/><D132/><REACH who="0" ten="173,255,181,381" step="2"/><U75/><REACH who="1" step="1"/><E13/><REACH who="1" ten="173,245,181,381" step="2"/><V34/><F1/><W23/><REACH who="3" step="1"/><G28/><REACH who="3" ten="173,245,181,371" step="2"/><T88/><D88/><U117/><E117/><V123/><F123/><W67/><AGARI ba="2,3" hai="8,14,19,21,23,54,58,61,64,65,67,99,100,105" machi="67" ten="30,8000,1" yaku="1,1,2,1,0,1,52,2,53,0" doraHai="17" doraHaiUra="40" who="3" fromWho="3" sc="173,-22,245,-42,181,-22,371,116" /><INIT seed="6,0,0,3,3,105" ten="151,203,159,487" oya="2" hai0="80,26,110,24,38,21,119,79,83,39,82,49,122" hai1="117,32,55,100,66,131,12,19,52,71,74,132,62" hai2="48,108,69,25,125,29,134,95,93,99,107,114,4" hai3="101,91,106,50,64,59,0,41,11,81,56,58,65"/><V63/><F114/><W43/><G106/><T23/><D110/><U123/><E117/><V112/><F112/><W7/><G101/><T96/><D122/><U73/><E32/><N who="2" m="20527" /><F108/><W67/><G50/><T9/><D9/><U90/><E123/><V98/><F98/><W88/><REACH who="3" step="1"/><G81/><REACH who="3" ten="151,203,159,477" step="2"/><T126/><D82/><U22/><E100/><N who="2" m="62879" /><F134/><W31/><G31/><T14/><D83/><U28/><E132/><V115/><F115/><W130/><G130/><T15/><D80/><U76/><E131/><V34/><F125/><W27/><G27/><T120/><D26/><U37/><E28/><V89/><F48/><W33/><G33/><T5/><D24/><U45/><E76/><V104/><F34/><W40/><AGARI ba="0,1" hai="0,7,11,40,41,43,56,58,59,64,65,67,88,91" machi="40" ten="40,16000,3" yaku="1,1,0,1,29,2,54,1,53,3" doraHai="105" doraHaiUra="36" who="3" fromWho="3" sc="151,-40,203,-40,159,-80,477,170" /><INIT seed="7,0,0,5,3,12" ten="111,163,79,647" oya="3" hai0="38,6,120,31,20,30,11,41,5,100,25,36,69" hai1="46,135,104,82,44,102,52,51,81,50,14,112,29" hai2="40,124,2,64,125,53,119,78,94,101,61,63,60" hai3="103,18,34,58,85,42,117,0,84,129,3,15,127"/><W71/><G71/><T54/><D69/><U96/><E135/><V92/><F2/><W21/><G34/><T134/><D41/><U33/><E112/><V126/><F119/><W111/><G117/><T48/><D120/><U47/><E29/><V74/><F40/><W97/><G129/><T77/><D134/><U35/><E35/><V116/><F116/><W115/><G115/><T76/><D36/><U19/><E33/><V106/><F64/><W65/><G42/><T1/><D38/><U133/><E133/><V130/><F130/><W45/><G45/><T132/><D132/><U122/><E122/><V75/><F53/><W22/><G127/><N who="2" m="32513" /><V110/><DORA hai="72" /><F110/><W59/><G111/><T7/><D31/><U95/><E104/><V62/><N who="2" m="15360" /><DORA hai="86" /><V98/><F74/><W93/><G65/><T90/><D100/><U37/><E37/><V108/><F108/><W26/><G3/><T109/><D109/><U10/><E47/><V9/><F9/><W55/><G0/><T68/><D68/><U39/><E39/><V88/><F88/><W79/><G79/><N who="0" m="30283" /><D1/><U49/><E49/><V27/><F27/><W4/><G4/><T121/><D121/><U43/><AGARI ba="0,0" hai="10,14,19,43,44,46,50,51,52,81,82,95,96,102" machi="43" ten="20,8000,1" yaku="0,1,7,1,8,1,52,1,54,1" doraHai="12,72,86" who="1" fromWho="1" sc="111,-20,163,80,79,-20,647,-40" owari="91,-31.0,243,4.0,59,-44.0,607,71.0" /></mjloggm>