<mjloggm ver="2.3"><GO type="169" lobby="0"/><UN n0="%E3%81%B5%E3%81%8F%E3%82%8D%E3%81%86%E3%81%95%E3%82%93" n1="%E6%84%9B%E5%86%85%E9%87%8C%E8%8F%9C" n2="%E5%82%8D%E8%8B%A5%E7%84%A1%E4%BA%BA%35%31" n3="%79%6A%69%72%6F" dan="18,18,16,17" rate="2196.41,2176.17,2167.94,2191.15" sx="F,F,M,M"/><TAIKYOKU oya="0"/><INIT seed="0,0,0,5,3,71" ten="250,250,250,250" oya="0" hai0="49,23,110,34,5,39,55,113,118,2,68,60,62" hai1="114,66,88,83,97,3,127,65,40,47,107,19,56" hai2="126,43,75,6,111,61,35,89,46,8,42,1,99" hai3="95,109,18,13,135,50,20,67,98,115,132,100,87"/><T30/><D113/><U26/><E3/><V119/><F43/><W31/><G115/><T78/><D118/><U77/><E114/><V120/><F111/><W33/><G109/><T96/><D110/><U104/><E127/><V129/><F120/><W84/><G67/><T82/><D34/><U103/><E104/><V27/><F126/><W69/><G69/><T102/><D68/><U80/><E56/><V86/><F129/><W37/><G37/><T10/><D30/><U9/><E80/><V92/><F75/><W51/><G31/><T4/><D4/><U70/><E70/><V63/><F119/><W58/><G33/><T125/><D23/><U73/><E88/><V52/><F52/><N who="3" m="32023" /><G51/><T14/><D2/><U59/><E59/><V108/><F108/><W28/><G28/><T41/><D125/><U133/><E133/><AGARI ba="0,0" hai="13,18,20,84,87,95,98,100,132,133,135" m="32023" machi="133" ten="30,2000,0" yaku="20,1,54,1" doraHai="71" who="3" fromWho="1" sc="250,0,250,-20,250,0,250,20" /><INIT seed="1,0,0,5,2,112" ten="250,230,250,270" oya="1" hai0="65,55,8,1,95,132,60,99,2,23,116,31,24" hai1="117,12,97,54,11,71,37,29,104,3,53,7,120" hai2="26,47,123,57,135,94,131,78,91,4,74,27,6" hai3="44,49,34,111,73,56,113,122,19,87,20,88,126"/><U36/><E120/><V127/><F123/><W130/><G122/><T82/><D132/><U48/><E71/><V77/><F135/><W85/><G113/><T109/><D109/><U102/><E117/><V114/><F114/><W62/><G111/><T0/><D116/><U98/><E29/><V134/><F131/><W108/><G108/><T45/><D82/><U96/><E53/><V66/><F127/><W93/><G130/><T89/><D45/><U39/><REACH who="1" step="1"/><E3/><REACH who="1" ten="250,220,250,270" step="2"/><V50/><F134/><W79/><G126/><T59/><D65/><U17/><E17/><V86/><F4/><W52/><G34/><T46/><D46/><AGARI ba="0,1" hai="7,11,12,36,37,39,46,48,54,96,97,98,102,104" machi="46" ten="40,2000,0" yaku="1,1,53,0" doraHai="112" doraHaiUra="76" who="1" fromWho="0" sc="250,-20,220,30,250,0,270,0" /><INIT seed="1,1,0,1,3,3" ten="230,250,250,270" oya="1" hai0="41,38,85,125,120,81,1,27,10,37,93,115,65" hai1="2,71,8,84,101,50,75,72,135,67,117,5,129" hai2="59,86,68,100,113,78,87,34,51,74,14,112,22" hai3="24,121,103,35,70,12,23,130,16,11,29,99,0"/><U97/><E117/><V76/><F34/><W114/><G114/><N who="2" m="44137" /><F68/><W92/><G70/><T66/><D115/><U134/><E129/><V95/><F22/><W119/><G119/><T36/><D125/><U33/><E33/><V60/><F14/><W108/><G130/><T89/><D120/><U32/><E32/><V43/><F51/><W88/><G121/><T54/><D41/><U91/><E50/><V21/><F21/><W19/><G108/><T116/><D116/><U45/><E45/><V124/><F43/><W82/><G0/><T57/><D27/><U123/><E123/><V44/><F44/><W110/><G110/><T122/><D122/><U30/><E30/><V18/><F18/><N who="3" m="8479" /><G35/><T17/><D81/><N who="1" m="49551" /><E67/><V69/><F69/><W131/><G131/><T63/><REACH who="0" step="1"/><D17/><REACH who="0" ten="220,250,250,270" step="2"/><N who="3" m="6729" /><G82/><T83/><D83/><U102/><E71/><V77/><F124/><W132/><G132/><N who="1" m="50730" /><E102/><AGARI ba="1,1" hai="23,24,29,88,92,99,102,103" m="6729,8479" machi="102" ten="30,3900,0" yaku="8,1,54,2" doraHai="3" who="3" fromWho="1" sc="220,0,250,-42,250,0,270,52" /><INIT seed="2,0,0,4,4,37" ten="220,208,250,322" oya="2" hai0="14,103,59,130,5,16,40,4,12,127,69,3,50" hai1="124,91,27,1,82,29,44,117,35,70,119,6,88" hai2="135,78,94,101,86,125,85,92,81,72,80,54,102" hai3="24,134,31,66,84,111,106,7,10,104,99,98,71"/><V63/><F63/><W17/><G111/><T51/><D69/><U52/><E70/><V55/><F54/><W116/><G116/><T46/><D130/><U89/><E124/><V93/><F55/><W112/><G112/><T114/><D114/><U0/><E82/><N who="2" m="31851" /><F125/><W109/><G17/><T60/><D127/><U19/><E19/><V39/><F39/><W61/><G109/><T67/><D3/><U83/><E83/><N who="2" m="47351" /><F135/><W26/><G84/><T30/><D30/><U123/><E123/><V56/><F56/><W68/><G134/><T115/><D115/><U97/><E97/><V34/><F34/><W33/><G68/><T11/><D103/><N who="2" m="39434" /><F72/><W96/><REACH who="3" step="1"/><G26/><REACH who="3" ten="220,208,250,312" step="2"/><T20/><D51/><U15/><E117/><V100/><N who="2" m="39442" /><V42/><DORA hai="41" /><F42/><W107/><G107/><T18/><AGARI ba="0,1" hai="4,5,11,12,14,16,18,20,40,46,50,59,60,67" machi="18" ten="20,12000,2" yaku="0,1,7,1,8,1,52,2,54,1" doraHai="37,41" who="0" fromWho="0" sc="220,130,208,-30,250,-60,312,-30" /><INIT seed="3,0,0,0,1,53" ten="350,178,190,282" oya="3" hai0="78,112,22,81,82,29,51,38,56,120,119,130,87" hai1="103,117,73,77,132,45,15,121,131,41,102,85,57" hai2="30,11,129,13,35,83,10,55,4,47,50,123,32" hai3="79,36,43,64,14,109,91,72,8,101,75,124,26"/><W107/><G124/><T80/><D119/><U65/><E121/><V114/><F123/><W134/><G134/><T42/><D120/><U40/><E73/><V98/><F114/><W2/><G2/><T122/><D122/><U20/><E131/><V18/><F129/><W46/><G109/><T93/><D130/><U69/><E69/><V66/><F66/><W6/><G79/><T135/><D135/><U0/><E0/><V12/><F30/><W1/><G1/><T59/><D112/><U96/><E117/><V63/><F63/><W34/><G64/><T94/><D38/><U108/><E108/><V37/><F37/><W104/><G91/><N who="0" m="53503" /><D94/><U86/><E132/><V58/><F98/><W115/><G115/><T95/><D95/><U118/><E118/><V31/><F31/><W70/><G70/><T27/><D78/><U7/><E77/><V97/><F97/><W17/><G101/><T99/><D99/><U52/><E86/><V23/><F83/><W116/><G116/><T61/><D61/><N who="1" m="38063" /><E85/><V62/><REACH who="2" step="1"/><F11/><REACH who="2" ten="350,178,180,282" step="2"/><W100/><G36/><T67/><D67/><U92/><E102/><V16/><F16/><W133/><G17/><T126/><D126/><U39/><E39/><V19/><F19/><W125/><G100/><T89/><D89/><U88/><E103/><V90/><F90/><W21/><G133/><T84/><D84/><U28/><E28/><V113/><F113/><W54/><G125/><T25/><D82/><U5/><E5/><V128/><F128/><W48/><G6/><T9/><D81/><U71/><E88/><V49/><F49/><RYUUKYOKU ba="0,1" sc="350,-10,178,-10,180,30,282,-10" hai2="4,10,12,13,18,23,32,35,47,50,55,58,62" /><INIT seed="4,1,1,2,4,118" ten="340,168,210,272" oya="0" hai0="87,30,75,82,39,48,107,112,6,17,14,71,123" hai1="62,99,33,13,133,132,54,115,40,28,4,69,105" hai2="108,20,72,129,51,104,130,42,96,10,91,23,49" hai3="52,135,43,121,70,16,0,120,32,12,92,109,59"/><T125/><D39/><U119/><E119/><V117/><F72/><W68/><G109/><T97/><D71/><U2/><E40/><V95/><F108/><W9/><G32/><T1/><D112/><U103/><E13/><V116/><F104/><W26/><G135/><T94/><D125/><U61/><E115/><V58/><F10/><W78/><G43/><T45/><D107/><U84/><E84/><V113/><F113/><W7/><G26/><T37/><D37/><U126/><E126/><V25/><F23/><N who="3" m="11655" /><G92/><T81/><D30/><U110/><E110/><V77/><F77/><W127/><G78/><T89/><D75/><U85/><E85/><V101/><F117/><W79/><G79/><T57/><D1/><U15/><E2/><V19/><F116/><W124/><G124/><T83/><D6/><U73/><E73/><V128/><F42/><W65/><G65/><T60/><D97/><U31/><E15/><V64/><F101/><W50/><G127/><T53/><D45/><U80/><E4/><V67/><F64/><W27/><G27/><T44/><D44/><U86/><E33/><V8/><F8/><W74/><G74/><T34/><D34/><U90/><E31/><V24/><F25/><W111/><G111/><T29/><D29/><U134/><E28/><V22/><F20/><W122/><AGARI ba="1,1" hai="0,7,9,50,52,59,68,70,120,121,122" m="11655" machi="122" ten="30,12000,2" yaku="13,1,52,3,54,2" doraHai="118" who="3" fromWho="3" sc="340,-61,168,-31,210,-31,272,133" /><INIT seed="5,0,0,3,2,25" ten="279,137,179,405" oya="1" hai0="21,11,18,30,125,14,98,75,70,63,23,42,131" hai1="24,74,48,126,38,133,26,81,83,4,128,113,53" hai2="99,130,91,68,97,64,66,103,65,96,71,69,72" hai3="50,56,112,118,57,20,109,127,88,43,82,36,111"/><U46/><E113/><V107/><F72/><W31/><G118/><T122/><D75/><U79/><E133/><V33/><F33/><W13/><G127/><T104/><D125/><U121/><E126/><V77/><F77/><W94/><G112/><T78/><D131/><U8/><E128/><V39/><F39/><W47/><G82/><T12/><D122/><U95/><E121/><V45/><F45/><W17/><G31/><T37/><D78/><U102/><E81/><V44/><F44/><W134/><G134/><T5/><D37/><U29/><E38/><V54/><F54/><W6/><G6/><T117/><D42/><U58/><E46/><V106/><F130/><W60/><G36/><T19/><D117/><U22/><E26/><V1/><F1/><W84/><G57/><T132/><D132/><U10/><REACH who="1" step="1"/><E4/><REACH who="1" ten="279,127,179,405" step="2"/><V85/><F103/><W27/><G27/><T87/><D5/><U62/><E62/><V105/><F85/><W119/><G119/><T135/><D135/><U115/><E115/><V28/><REACH who="2" step="1"/><F28/><REACH who="2" ten="279,127,169,405" step="2"/><W41/><G43/><T114/><D114/><U2/><E2/><V49/><F49/><W123/><G123/><T110/><D87/><U116/><E116/><V93/><AGARI ba="0,2" hai="64,65,66,68,69,71,91,93,96,97,99,105,106,107" machi="93" ten="50,8000,1" yaku="1,1,0,1,29,2,53,0" doraHai="25" doraHaiUra="32" who="2" fromWho="2" sc="279,-20,127,-40,169,100,405,-20" /><INIT seed="6,0,0,2,4,36" ten="259,87,269,385" oya="2" hai0="93,115,42,134,104,14,119,43,100,84,44,7,71" hai1="3,62,78,11,97,30,90,107,35,5,61,133,113" hai2="68,132,66,102,87,127,13,135,111,16,117,121,19" hai3="98,12,23,20,52,76,17,1,83,63,80,60,41"/><V54/><F121/><W47/><G1/><T73/><D73/><U48/><E113/><V37/><F117/><W124/><G124/><T51/><D71/><U55/><E133/><N who="2" m="51275" /><F127/><W29/><G98/><T122/><D122/><U130/><E78/><V77/><F111/><W64/><G52/><T27/><D134/><U105/><E11/><V125/><F125/><W57/><G63/><T131/><D115/><U85/><E30/><V91/><F37/><W28/><G23/><T49/><D119/><U34/><E62/><N who="2" m="40023" /><F102/><W58/><G58/><T103/><D131/><U69/><E130/><V45/><F77/><W109/><G109/><T110/><D27/><U9/><E69/><V59/><F45/><W86/><G80/><T123/><D104/><U53/><E107/><V2/><F2/><W112/><G112/><T88/><D123/><U56/><E105/><V95/><F13/><W108/><G108/><T65/><D65/><U15/><E3/><V4/><F4/><W22/><G22/><T118/><D118/><U74/><E97/><V89/><F91/><W82/><G82/><T67/><D67/><U92/><E34/><V101/><F101/><W33/><G33/><T94/><D94/><U126/><E126/><V24/><F24/><W81/><G83/><T26/><D26/><U79/><E35/><V25/><F25/><W129/><G129/><T116/><D116/><U96/><E96/><V6/><F6/><W38/><AGARI ba="0,0" hai="12,17,20,28,29,38,41,47,57,60,64,76,81,86" machi="38" ten="20,2700,0" yaku="0,1,7,1,52,1" doraHai="36" who="3" fromWho="3" sc="259,-7,87,-7,269,-13,385,27" /><INIT seed="7,0,0,5,0,117" ten="252,80,256,412" oya="3" hai0="93,44,107,12,114,90,91,68,71,4,52,103,19" hai1="78,27,6,101,70,0,36,58,20,15,45,46,73" hai2="84,69,16,108,54,94,131,9,109,134,133,33,96" hai3="47,8,11,115,51,86,79,92,82,119,104,85,57"/><W5/><G115/><T53/><D114/><U80/><E70/><V55/><F33/><W105/><G57/><T63/><D4/><U111/><E111/><N who="2" m="42571" /><F84/><W18/><G119/><T21/><D107/><U40/><E15/><N who="2" m="7279" /><F69/><W13/><G92/><T23/><D71/><U43/><E58/><V95/><F131/><W34/><G34/><T32/><D32/><U106/><E20/><V26/><F26/><W121/><G86/><N who="0" m="52439" /><D103/><U38/><E27/><V59/><F59/><W41/><G85/><T60/><D68/><U67/><E101/><N who="2" m="60567" /><F95/><W135/><G11/><T120/><D120/><U99/><E99/><V83/><F83/><W48/><G8/><T22/><D91/><U62/><E62/><N who="0" m="23593" /><D53/><U50/><E50/><AGARI ba="0,0" hai="12,19,21,22,23,44,50,52" m="23593,52439" machi="50" ten="30,2000,0" yaku="8,1,54,1" doraHai="117" who="0" fromWho="1" sc="252,20,80,-20,256,0,412,0" owari="272,7.0,60,-44.0,256,-14.0,412,51.0" /></mjloggm>