<mjloggm ver="2.3"><GO type="169" lobby="0"/><UN n0="%E3%82%B7%E3%83%A5%E3%82%A6%E3%83%9E%E3%82%A4" n1="%E8%99%8E%E7%8D%85%E3%81%8F%E3%82%93" n2="%63%6C%75%74%63%68%37%33" n3="%E4%B8%89%E5%86%A0%E7%8E%8B%E3%83%BB%E5%B1%B1%E7%94%B0%E5%93%B2%E4%BA%BA" dan="16,17,17,17" rate="2046.39,2196.41,2176.16,2211.01" sx="M,M,M,M"/><TAIKYOKU oya="0"/><INIT seed="0,0,0,4,5,4" ten="250,250,250,250" oya="0" hai0="1,104,129,132,70,113,27,55,116,37,133,6,107" hai1="119,76,63,130,31,34,67,29,134,125,93,23,123" hai2="71,92,109,35,74,105,118,46,122,44,127,83,10" hai3="115,51,85,24,36,18,2,40,26,39,30,54,77"/><T124/><D124/><U62/><BYE who="0" /><E119/><UN n0="%E3%82%B7%E3%83%A5%E3%82%A6%E3%83%9E%E3%82%A4" /><V50/><F92/><W61/><G2/><T57/><D116/><U48/><E123/><V20/><F20/><W102/><G115/><T45/><D113/><U3/><E130/><V96/><F83/><W99/><G61/><T14/><D70/><U121/><E121/><V128/><F50/><W33/><G40/><T21/><D1/><U95/><E134/><V86/><F86/><W9/><G85/><T42/><D129/><U78/><E125/><V120/><F46/><W66/><G66/><T126/><D126/><U75/><E34/><V17/><F44/><W11/><G77/><T12/><D132/><U41/><E3/><V100/><F96/><W110/><G110/><T49/><D133/><U112/><E112/><V8/><F100/><W13/><G26/><T103/><D103/><U131/><E131/><V59/><F120/><W43/><G43/><T16/><REACH who="0" step="1"/><D6/><REACH who="0" ten="240,250,250,250" step="2"/><U47/><E75/><V69/><F69/><W52/><G9/><T81/><D81/><U15/><E95/><V88/><F8/><W73/><G73/><T0/><D0/><U84/><E93/><V87/><F10/><W117/><G117/><T108/><D108/><U97/><E67/><V79/><F109/><W94/><REACH who="3" step="1"/><G54/><REACH who="3" ten="240,250,250,240" step="2"/><T58/><D58/><AGARI ba="0,2" hai="11,13,18,24,30,33,36,39,51,52,58,94,99,102" machi="58" ten="30,12000,2" yaku="1,1,2,1,7,1,52,1,54,1,53,1" doraHai="4" doraHaiUra="25" who="3" fromWho="0" sc="240,-120,250,0,250,0,240,140" /><INIT seed="1,0,0,5,5,128" ten="120,250,250,380" oya="1" hai0="22,98,131,78,83,55,11,38,119,23,50,89,12" hai1="42,84,121,54,111,133,35,70,75,101,134,74,4" hai2="105,47,104,8,73,72,66,20,33,117,126,24,113" hai3="15,118,129,59,90,64,46,28,58,39,10,32,30"/><U102/><E35/><V120/><F117/><W40/><G129/><T27/><D119/><U95/><E70/><V110/><F120/><W21/><G32/><T44/><D131/><U69/><E69/><V103/><F126/><W43/><G118/><T19/><D38/><U16/><E121/><V63/><F105/><W80/><G43/><T93/><REACH who="0" step="1"/><D27/><REACH who="0" ten="110,250,250,380" step="2"/><U115/><E115/><V14/><F113/><W1/><G39/><T123/><D123/><U91/><E111/><V6/><F110/><W85/><G30/><T109/><D109/><U94/><E4/><V132/><F24/><W57/><G28/><T116/><D116/><U2/><E2/><V135/><F33/><W79/><G1/><T26/><D26/><U68/><E68/><V127/><F127/><W81/><G15/><T18/><D18/><U45/><E16/><V52/><F20/><W124/><G21/><T65/><D65/><U99/><E54/><V5/><F5/><W31/><G64/><T53/><D53/><U37/><REACH who="1" step="1"/><E102/><REACH who="1" ten="110,240,250,380" step="2"/><V13/><F103/><W122/><G122/><T88/><D88/><U97/><E97/><V87/><F52/><W60/><G90/><T49/><D49/><U100/><E100/><V107/><F6/><W41/><G124/><T108/><D108/><U77/><E77/><V61/><F66/><W112/><G79/><T25/><D25/><U48/><E48/><V29/><F29/><W92/><G31/><T9/><D9/><U106/><E106/><V76/><F8/><W0/><G10/><T62/><D62/><U36/><E36/><V3/><F63/><RYUUKYOKU ba="0,2" sc="110,15,240,15,250,-15,380,-15" hai0="11,12,19,22,23,44,50,55,78,83,89,93,98" hai1="37,42,45,74,75,84,91,94,95,99,101,133,134" /><INIT seed="1,1,2,5,4,45" ten="125,255,235,365" oya="1" hai0="21,25,77,133,12,110,11,122,114,51,10,80,124" hai1="60,37,69,121,125,92,117,63,71,94,129,118,107" hai2="28,9,87,79,70,101,98,27,112,113,19,62,134" hai3="2,53,39,47,91,35,126,6,49,103,43,13,85"/><U42/><E107/><V64/><F134/><W15/><G35/><T58/><D133/><U123/><E42/><V65/><F65/><W89/><G126/><T16/><D114/><U86/><E86/><V90/><F79/><W95/><G103/><T61/><D124/><U100/><E125/><V36/><F36/><W52/><G2/><T22/><D122/><U74/><E100/><V102/><F19/><W75/><G75/><T105/><D105/><U5/><E5/><V72/><F9/><N who="3" m="4279" /><G39/><T120/><D120/><U99/><E99/><V46/><F72/><W111/><G111/><T44/><D110/><U4/><E4/><V81/><F46/><W88/><G15/><T67/><D80/><U56/><E56/><V115/><REACH who="2" step="1"/><F98/><REACH who="2" ten="125,255,225,365" step="2"/><N who="3" m="57703" /><G91/><T3/><D77/><U7/><E7/><V82/><F82/><AGARI ba="1,3" hai="43,47,49,52,53,82,85,89" m="57703,4279" machi="82" ten="30,7700,0" yaku="8,1,52,1,54,2" doraHai="45" who="3" fromWho="2" sc="125,0,255,0,225,-80,365,110" /><INIT seed="2,0,0,0,5,97" ten="125,255,145,475" oya="2" hai0="86,94,103,69,112,21,122,60,73,123,110,82,16" hai1="113,105,71,93,59,114,135,65,2,133,20,130,101" hai2="57,14,4,58,43,128,33,13,79,19,89,18,127" hai3="129,74,23,51,7,8,100,46,66,39,37,63,104"/><V76/><F33/><W36/><G74/><T75/><D112/><U53/><E2/><V15/><F128/><W125/><G125/><T45/><D110/><U83/><E105/><V134/><F127/><W117/><G117/><T106/><D106/><U116/><E116/><V10/><F43/><W41/><G23/><T48/><D69/><U30/><E83/><V64/><F134/><N who="1" m="51209" /><E65/><V38/><F38/><W29/><G29/><T107/><D60/><U56/><E71/><V44/><F44/><W25/><G25/><T72/><D107/><U52/><E130/><V111/><F111/><W109/><G109/><T55/><D82/><U87/><E56/><N who="2" m="21611" /><F64/><W47/><G129/><T42/><D42/><U96/><E87/><V118/><F118/><W98/><G47/><T119/><D119/><U3/><E3/><V91/><F4/><W126/><G126/><T92/><D86/><U24/><E53/><V9/><F15/><W34/><G51/><AGARI ba="0,0" hai="20,24,30,51,52,59,93,96,101,113,114" m="51209" machi="51" ten="30,3900,0" yaku="20,1,52,1,54,1" doraHai="97" who="1" fromWho="3" sc="125,0,255,39,145,0,475,-39" /><INIT seed="3,0,0,1,4,101" ten="125,294,145,436" oya="3" hai0="28,105,102,22,1,60,50,87,26,57,35,17,97" hai1="10,128,45,6,16,9,117,2,103,8,63,7,42" hai2="129,90,133,4,100,69,52,107,114,44,81,0,82" hai3="53,29,65,58,115,95,110,25,86,119,77,55,116"/><W12/><G115/><T108/><D108/><U123/><E123/><V32/><F114/><W47/><G65/><T79/><D1/><U23/><E128/><V70/><F32/><W54/><G58/><T19/><D50/><U43/><E117/><V74/><F129/><W88/><G110/><T71/><D22/><U98/><E63/><V93/><F133/><W121/><G121/><T104/><D104/><U36/><E43/><V99/><F4/><W125/><G125/><T68/><D68/><U85/><E85/><N who="2" m="52431" /><F82/><W59/><G59/><T73/><D73/><U91/><E91/><V51/><F0/><W38/><G77/><AGARI ba="0,0" hai="44,51,52,69,70,74,77,81,99,100,107" m="52431" machi="77" ten="30,3900,0" yaku="24,1,52,1,54,1" doraHai="101" who="2" fromWho="3" sc="125,0,294,0,145,39,436,-39" /><INIT seed="4,0,0,5,3,28" ten="125,294,184,397" oya="0" hai0="35,34,14,94,129,101,29,32,80,104,62,15,93" hai1="107,47,133,130,36,76,12,48,75,7,86,124,13" hai2="121,126,31,21,118,50,135,4,16,61,56,63,77" hai3="82,49,17,37,38,57,119,131,46,22,42,23,25"/><T74/><D29/><U30/><E124/><V55/><F121/><W81/><G119/><T10/><D104/><U103/><E130/><V87/><F126/><W6/><G131/><T123/><D123/><U79/><E133/><V59/><F135/><W0/><G0/><T1/><D129/><U114/><E114/><V111/><F111/><W69/><G6/><T11/><D1/><U108/><E108/><V3/><F118/><W52/><G38/><T91/><D62/><U65/><E36/><V128/><F128/><W66/><G23/><T5/><D101/><U19/><E75/><V72/><F72/><W8/><G8/><T71/><D71/><U115/><E115/><V51/><F31/><W109/><G109/><T90/><D74/><U67/><E30/><V58/><F4/><W24/><G25/><T41/><D41/><U95/><E13/><N who="0" m="4617" /><D80/><U92/><E7/><V70/><F70/><W98/><G98/><T112/><D112/><U33/><E33/><N who="0" m="8449" /><T97/><DORA hai="122" /><D5/><U132/><E132/><V68/><F68/><W102/><G102/><T120/><D120/><U96/><E107/><V18/><F3/><W117/><G117/><T45/><D45/><U40/><E103/><V89/><F59/><W54/><G54/><T134/><D134/><U60/><E40/><V88/><F55/><W99/><G99/><T39/><D39/><U43/><E96/><V85/><F21/><W105/><G105/><T83/><D83/><U20/><E43/><V113/><F113/><W9/><G9/><N who="0" m="3083" /><D97/><U106/><E106/><V73/><F73/><W53/><G37/><RYUUKYOKU ba="0,0" sc="125,15,294,-15,184,15,397,-15" hai0="90,91,93,94" hai2="16,18,50,51,56,58,61,63,77,85,87,88,89" /><INIT seed="4,1,0,2,2,113" ten="140,279,199,382" oya="0" hai0="36,75,34,126,101,102,79,39,94,15,16,11,69" hai1="2,44,10,7,25,129,132,73,5,63,46,66,86" hai2="97,3,88,33,45,24,117,8,98,90,55,65,13" hai3="123,100,12,89,31,106,104,43,9,57,32,18,38"/><T27/><D69/><U128/><E73/><V124/><F124/><W67/><G100/><T110/><D110/><U131/><E132/><V74/><F3/><W91/><G91/><T115/><D115/><U6/><E86/><V54/><F74/><W78/><G78/><T22/><D126/><U19/><E25/><V108/><F108/><W47/><G32/><T37/><D34/><U72/><E72/><V111/><F111/><W118/><G31/><T130/><D130/><U70/><E19/><V96/><F33/><W92/><G118/><T21/><D94/><U53/><E53/><V87/><F24/><W95/><G92/><T26/><D26/><U107/><E107/><V84/><F65/><W80/><G80/><T103/><REACH who="0" step="1"/><D27/><REACH who="0" ten="130,279,199,382" step="2"/><U122/><E122/><V62/><F117/><W125/><G123/><T83/><AGARI ba="1,1" hai="11,15,16,21,22,36,37,39,75,79,83,101,102,103" machi="83" ten="40,12000,1" yaku="1,1,2,1,0,1,54,1,53,0" doraHai="113" doraHaiUra="135" who="0" fromWho="0" sc="130,133,279,-41,199,-41,382,-41" /><INIT seed="4,2,0,4,2,102" ten="263,238,158,341" oya="0" hai0="28,79,133,48,96,30,16,24,66,75,57,59,15" hai1="36,18,106,112,21,119,17,9,11,122,84,12,87" hai2="117,71,62,32,104,41,27,127,113,4,129,23,130" hai3="83,22,116,34,78,38,10,68,53,54,26,97,67"/><T61/><D133/><U2/><E119/><V123/><F41/><W131/><G38/><T43/><D75/><U19/><E122/><V29/><F62/><W45/><G34/><T134/><D134/><U85/><E36/><V46/><F46/><W8/><G68/><T89/><D79/><U50/><E112/><V69/><F69/><W115/><G67/><T101/><D89/><U51/><E106/><V94/><F94/><W37/><G54/><T14/><D14/><N who="1" m="7391" /><E2/><V40/><F40/><W25/><G25/><AGARI ba="2,0" hai="9,12,18,19,21,25,50,51,84,85,87" m="7391" machi="25" ten="30,1000,0" yaku="8,1" doraHai="102" who="1" fromWho="3" sc="263,0,238,16,158,0,341,-16" /><INIT seed="5,0,0,1,5,66" ten="263,254,158,325" oya="1" hai0="107,46,118,0,27,88,106,82,5,28,9,21,71" hai1="65,85,74,55,63,76,56,36,42,135,93,13,15" hai2="100,39,41,97,34,2,105,47,129,111,7,24,64" hai3="44,19,61,70,33,115,95,8,123,53,30,40,37"/><U14/><E135/><V45/><F45/><W12/><G123/><T109/><D118/><U35/><E35/><V51/><F51/><W120/><G120/><T59/><D109/><U10/><E74/><V6/><F129/><W78/><G78/><T116/><D116/><U72/><E72/><V52/><F52/><W48/><G115/><T133/><D133/><U104/><E104/><V102/><F102/><W124/><G124/><T43/><D59/><U79/><E36/><V117/><F117/><W134/><G95/><T125/><D125/><U49/><E42/><V25/><F25/><W101/><G101/><T92/><D71/><U103/><E10/><V90/><F90/><W113/><G113/><T54/><D54/><U17/><E17/><V127/><F127/><W29/><G33/><T60/><D60/><U122/><E122/><V58/><F58/><N who="3" m="33063" /><G134/><T89/><D82/><U132/><E132/><V68/><F111/><W31/><G31/><T121/><D121/><U112/><E112/><V81/><F81/><W22/><G8/><T96/><REACH who="0" step="1"/><D89/><REACH who="0" ten="253,254,158,325" step="2"/><N who="1" m="53423" /><E103/><V20/><F64/><AGARI ba="0,1" hai="12,19,22,29,30,37,40,44,61,64,70" m="33063" machi="64" ten="30,2000,0" yaku="24,1,52,1" doraHai="66" who="3" fromWho="2" sc="253,0,254,0,158,-20,325,30" /><INIT seed="6,0,0,0,4,57" ten="253,254,138,355" oya="2" hai0="0,107,44,111,78,30,130,68,27,116,101,76,117" hai1="126,21,70,12,106,67,31,33,121,13,18,96,32" hai2="7,37,83,40,69,95,86,50,11,113,19,71,120" hai3="103,1,26,51,45,134,54,22,29,115,4,66,90"/><V6/><F120/><W42/><G1/><T56/><D111/><U79/><E79/><V49/><F113/><W131/><G4/><T36/><D56/><U129/><E129/><V102/><F37/><W17/><G131/><T15/><D68/><U10/><E126/><V112/><F112/><W72/><G72/><T47/><D130/><U5/><E121/><V53/><F49/><W108/><G134/><T135/><D135/><U48/><E48/><V8/><F40/><W62/><G115/><T128/><D0/><U100/><E31/><V93/><F71/><W59/><G108/><T3/><D3/><U75/><E75/><V74/><F69/><N who="3" m="42199" /><G90/><T24/><D15/><U34/><E67/><V38/><F38/><N who="3" m="21719" /><G103/><T125/><D128/><U127/><E70/><V41/><F41/><W65/><G65/><T58/><D101/><U124/><AGARI ba="0,0" hai="5,10,12,13,18,21,32,33,34,96,100,106,124,127" machi="124" ten="40,1500,0" yaku="0,1" doraHai="57" who="1" fromWho="1" sc="253,-4,254,15,138,-7,355,-4" /><INIT seed="7,0,0,5,0,79" ten="249,269,131,351" oya="3" hai0="128,133,75,25,109,120,26,115,28,121,49,99,62" hai1="124,47,95,42,118,21,0,125,81,106,117,135,51" hai2="97,39,64,77,127,35,5,10,9,57,123,1,87" hai3="31,7,92,52,88,107,72,111,114,91,24,98,12"/><W71/><G72/><T66/><D75/><U126/><E106/><V36/><F123/><W43/><G71/><T90/><D109/><U15/><E0/><V104/><F127/><W58/><G107/><T94/><D128/><U78/><E95/><V82/><F35/><W116/><G114/><T37/><D133/><U44/><E135/><V54/><F64/><W96/><G43/><T18/><D37/><U23/><E47/><V46/><F104/><W55/><G116/><T4/><D4/><U73/><REACH who="1" step="1"/><E15/><REACH who="1" ten="249,259,131,351" step="2"/><V13/><F97/><W86/><G12/><T134/><D134/><U3/><E3/><V38/><F46/><W27/><G92/><T132/><D132/><U30/><E30/><V33/><F33/><W53/><G31/><T14/><D115/><U45/><E45/><V48/><REACH who="2" step="1"/><F38/><REACH who="2" ten="249,259,121,351" step="2"/><W84/><G98/><T122/><D99/><U63/><E63/><V93/><F93/><W130/><G96/><T102/><D94/><U50/><E50/><V17/><AGARI ba="0,2" hai="1,5,9,10,13,17,36,39,48,54,57,77,82,87" machi="17" ten="20,5200,0" yaku="1,1,0,1,7,1,52,1,53,0" doraHai="79" doraHaiUra="20" who="2" fromWho="2" sc="249,-13,259,-13,121,72,351,-26" owari="236,-16.0,246,5.0,193,-31.0,325,42.0" /></mjloggm>