<mjloggm ver="2.3"><GO type="169" lobby="0"/><UN n0="%6E%79%61%73%75%76%69" n1="%E3%81%A6%E3%82%93%E3%81%A6%E3%81%93%E7%8B%90" n2="%52%59%4F%40%53%53" n3="%EF%BC%A9%EF%BC%A3%EF%BC%A8%EF%BC%A9" dan="18,16,18,17" rate="2214.35,2163.67,2211.19,2097.21" sx="M,M,M,M"/><TAIKYOKU oya="0"/><INIT seed="0,0,0,4,4,117" ten="250,250,250,250" oya="0" hai0="97,108,20,91,49,14,47,102,33,51,16,8,79" hai1="56,10,41,109,84,53,104,18,11,116,52,132,120" hai2="1,92,131,88,17,107,46,35,103,75,58,118,90" hai3="121,30,94,135,124,9,54,119,101,12,48,77,63"/><T29/><D108/><U28/><E104/><V129/><F118/><W71/><G119/><T111/><D111/><U74/><E109/><V87/><F1/><W22/><G124/><T127/><D127/><U73/><E116/><V42/><F35/><W43/><G43/><T82/><D33/><U72/><E41/><V4/><F4/><W24/><G77/><T67/><D67/><U27/><E120/><V64/><F75/><W38/><G38/><T130/><D130/><U70/><E70/><V123/><F123/><W36/><G36/><T128/><D128/><U83/><E132/><V66/><F66/><W98/><G135/><T5/><D29/><U89/><E18/><V25/><F90/><W76/><G76/><T21/><D91/><U31/><E31/><V26/><F26/><W55/><G71/><T57/><D57/><U105/><E105/><V86/><F86/><W134/><G134/><T68/><D68/><U78/><E78/><V96/><F58/><N who="3" m="35287" /><G121/><T34/><D34/><U39/><E39/><V3/><F3/><W110/><G110/><T85/><D47/><U23/><REACH who="1" step="1"/><E53/><REACH who="1" ten="250,240,250,250" step="2"/><V99/><F131/><W95/><G55/><T7/><D5/><U115/><E115/><V80/><F129/><W2/><G30/><T133/><D133/><U50/><AGARI ba="0,1" hai="10,11,23,27,28,50,52,56,72,73,74,83,84,89" machi="50" ten="30,4000,0" yaku="1,1,0,1,54,1,53,0" doraHai="117" doraHaiUra="59" who="1" fromWho="1" sc="250,-20,240,50,250,-10,250,-10" /><INIT seed="1,0,0,4,3,6" ten="230,290,240,240" oya="1" hai0="56,0,10,108,36,40,22,24,60,84,12,55,19" hai1="130,50,17,43,21,124,44,102,106,31,79,66,83" hai2="104,126,13,90,98,11,57,81,87,46,88,52,37" hai3="48,131,38,32,16,77,133,3,68,47,110,42,94"/><U1/><E130/><V34/><F34/><W25/><G110/><T5/><D108/><U101/><E124/><V91/><F126/><W45/><G131/><T95/><D36/><U54/><E1/><V62/><F104/><W122/><G122/><T103/><D40/><U92/><E106/><V111/><F111/><W73/><G68/><T134/><D134/><U89/><E66/><V82/><F98/><W129/><G129/><T125/><D125/><U75/><E31/><V120/><F120/><W105/><G105/><T97/><REACH who="0" step="1"/><D84/><REACH who="0" ten="220,290,240,240" step="2"/><U80/><E43/><V107/><F37/><W112/><G38/><T123/><D123/><U117/><E117/><V67/><F87/><W93/><G42/><T41/><D41/><U71/><E71/><V86/><F107/><W132/><G132/><T96/><D96/><N who="1" m="57359" /><E75/><V26/><F86/><W30/><G73/><T39/><D39/><U121/><E121/><V100/><F82/><N who="1" m="31273" /><E79/><V7/><F81/><W61/><G133/><T51/><D51/><U28/><E28/><V69/><F69/><W116/><G48/><T114/><D114/><U74/><E74/><V35/><F62/><W4/><G61/><T85/><D85/><U20/><E20/><V135/><F135/><W33/><G112/><T59/><D59/><U128/><E128/><V29/><F57/><W49/><G33/><T118/><D118/><U18/><E21/><V109/><F109/><W64/><G116/><T76/><D76/><U99/><E99/><V53/><F35/><W27/><G32/><T78/><D78/><U8/><E8/><V58/><F11/><RYUUKYOKU ba="0,1" sc="220,15,290,15,240,-15,240,-15" hai0="0,5,10,12,19,22,24,55,56,60,95,97,103" hai1="17,18,44,50,54,101,102" /><INIT seed="1,1,1,3,1,113" ten="235,305,225,225" oya="1" hai0="8,87,69,109,47,75,135,11,100,128,82,0,74" hai1="45,22,28,114,10,104,6,85,112,50,108,94,13" hai2="119,77,54,19,21,68,73,81,24,16,20,58,2" hai3="84,61,96,86,130,106,110,90,66,79,89,97,51"/><U98/><E108/><V103/><F68/><W64/><G110/><T44/><D109/><U80/><E104/><V131/><F131/><W99/><G106/><T52/><D69/><U83/><E83/><V57/><F2/><W67/><G130/><T63/><D128/><U9/><E9/><V15/><F103/><W33/><G33/><T88/><D135/><U53/><E28/><V37/><F37/><W116/><G116/><T30/><D100/><U38/><E38/><V32/><F32/><W105/><G105/><T48/><D30/><U107/><E107/><V72/><F72/><W7/><G7/><T65/><D47/><U1/><E22/><V34/><F34/><W25/><G25/><T123/><D123/><U17/><E1/><V31/><F58/><W101/><G79/><T5/><REACH who="0" step="1"/><D11/><REACH who="0" ten="225,305,225,225" step="2"/><U36/><E114/><V27/><F31/><W125/><G101/><T122/><D122/><U4/><E112/><V3/><F119/><W23/><G125/><T102/><D102/><N who="1" m="60759" /><E36/><V92/><F57/><W118/><G118/><T126/><D126/><U71/><E71/><V55/><F21/><W42/><G23/><T117/><D117/><U46/><E46/><V60/><F20/><W26/><G26/><T91/><D91/><AGARI ba="1,2" hai="4,6,10,13,17,45,50,53,80,85,91" m="60759" machi="91" ten="30,2900,0" yaku="25,1,8,1" doraHai="113" who="1" fromWho="0" sc="225,-32,305,52,225,0,225,0" /><INIT seed="1,2,0,5,3,135" ten="193,357,225,225" oya="1" hai0="39,121,49,58,66,13,35,94,119,2,51,92,133" hai1="105,71,106,33,122,100,81,128,93,6,8,56,21" hai2="59,73,118,82,70,55,72,117,125,116,31,43,84" hai3="103,129,86,17,97,91,77,47,40,29,9,85,64"/><U42/><E56/><V110/><F70/><W132/><G132/><T41/><D2/><N who="1" m="87" /><E93/><V101/><F110/><W109/><G64/><T63/><D13/><U69/><E42/><V1/><F1/><W20/><G109/><T67/><D35/><U27/><E21/><V127/><F31/><W96/><G29/><T45/><D119/><U88/><E88/><V102/><F43/><W104/><G9/><T25/><D94/><U111/><E27/><V90/><F102/><W134/><G134/><T22/><D133/><U36/><E33/><V18/><F18/><W23/><G23/><T123/><D92/><U75/><E111/><V108/><F101/><W15/><G91/><T19/><REACH who="0" step="1"/><D67/><REACH who="0" ten="183,357,225,225" step="2"/><U28/><E106/><V78/><F108/><W44/><G104/><T61/><D61/><U24/><E105/><V37/><F37/><W98/><G15/><T57/><D57/><U32/><E24/><V5/><F5/><W74/><G103/><T68/><D68/><U14/><E100/><V54/><F59/><W99/><G20/><T50/><AGARI ba="2,1" hai="19,22,25,39,41,45,49,50,51,58,63,66,121,123" machi="50" ten="30,4000,0" yaku="1,1,0,1,53,1" doraHai="135" doraHaiUra="53" who="0" fromWho="0" sc="183,56,357,-22,225,-12,225,-12" /><INIT seed="2,0,0,2,3,0" ten="239,335,213,213" oya="2" hai0="102,97,5,43,72,35,29,87,13,17,111,64,77" hai1="84,93,65,32,121,99,117,60,42,68,89,116,85" hai2="30,125,106,95,46,44,24,105,25,98,50,76,39" hai3="135,12,49,14,115,59,27,112,54,6,110,56,47"/><V55/><F125/><W90/><G110/><T3/><D72/><U20/><E32/><V10/><F76/><W96/><G135/><T31/><D111/><U51/><E121/><V21/><F25/><W80/><G27/><T109/><D35/><U127/><E127/><V113/><F113/><W26/><G115/><T114/><D109/><U74/><E74/><V88/><REACH who="2" step="1"/><F10/><REACH who="2" ten="239,335,203,213" step="2"/><W122/><G112/><T130/><D77/><U38/><E20/><V9/><F9/><W124/><G26/><T132/><D114/><U75/><E75/><V52/><F52/><W79/><G124/><T19/><D132/><U37/><E117/><V7/><F7/><W61/><G6/><T82/><D5/><U104/><E116/><V91/><F91/><W120/><G120/><T41/><D31/><U23/><E23/><V73/><F73/><W16/><G122/><T4/><D4/><U22/><E22/><V101/><F101/><W62/><G79/><T34/><D102/><U133/><E133/><V108/><F108/><W83/><G90/><T123/><D29/><U48/><E89/><V69/><F69/><W18/><G54/><T63/><D123/><U8/><E8/><V131/><F131/><W15/><G18/><T103/><D19/><U58/><E68/><V86/><F86/><W100/><G16/><T66/><D17/><U33/><E84/><V129/><F129/><W92/><G100/><T126/><D126/><U1/><E85/><V57/><F57/><W134/><G134/><T45/><D130/><U118/><E58/><V107/><F107/><W36/><G59/><RYUUKYOKU ba="0,1" sc="239,-10,335,-10,203,30,213,-10" hai2="21,24,30,39,44,46,50,55,88,95,98,105,106" /><INIT seed="2,1,1,4,5,63" ten="229,325,233,203" oya="2" hai0="93,44,100,35,70,33,54,123,85,73,80,45,120" hai1="37,30,39,47,104,126,58,14,89,81,125,77,8" hai2="10,92,105,55,119,17,129,99,62,3,108,24,56" hai3="106,38,95,130,46,25,102,117,11,43,124,34,82"/><V86/><F119/><W112/><G117/><T135/><D70/><U16/><E104/><V31/><F129/><W97/><G130/><T27/><D73/><U4/><E30/><V0/><F108/><W72/><G124/><T90/><D135/><U116/><E116/><V114/><F105/><W12/><G112/><T13/><D100/><U1/><E89/><V127/><F86/><W131/><G131/><T18/><D93/><U103/><E103/><V75/><F75/><W23/><G34/><T52/><D45/><U88/><E58/><V53/><F53/><W78/><G23/><T66/><D66/><U96/><E77/><V76/><F76/><W49/><G25/><T7/><D7/><U69/><E69/><V94/><F94/><W121/><G121/><T59/><D54/><U101/><E101/><V51/><F51/><W109/><G109/><T122/><D27/><U83/><E47/><V132/><F127/><N who="1" m="48649" /><E81/><V42/><F42/><W61/><G61/><T64/><D64/><U20/><E96/><V57/><F57/><W22/><G106/><T29/><D29/><U65/><E65/><V41/><F41/><W98/><G98/><T48/><REACH who="0" step="1"/><D59/><REACH who="0" ten="219,325,233,203" step="2"/><U115/><E115/><V50/><F114/><W68/><G68/><T113/><D113/><U134/><E134/><V60/><F132/><W118/><G118/><T133/><D133/><U91/><E83/><V71/><F71/><W111/><G82/><T26/><D26/><U5/><E5/><V74/><F56/><W79/><G72/><T28/><D28/><U107/><E107/><V87/><F74/><RYUUKYOKU ba="1,2" sc="219,15,325,15,233,-15,203,-15" hai0="13,18,33,35,44,48,52,80,85,90,120,122,123" hai1="1,4,8,14,16,20,37,39,88,91" /><INIT seed="3,2,2,5,3,3" ten="234,340,218,188" oya="3" hai0="28,15,115,26,78,96,4,109,123,52,84,116,64" hai1="73,31,75,25,57,45,117,129,79,63,61,93,39" hai2="77,56,108,27,47,29,49,94,86,65,37,7,95" hai3="91,85,41,135,69,1,98,17,6,9,22,118,35"/><W48/><G118/><T20/><D123/><U38/><E129/><V0/><F37/><W82/><G69/><T133/><D116/><U66/><E117/><V128/><F128/><W121/><G121/><T127/><D109/><U23/><E61/><V81/><F108/><W103/><G135/><T101/><D133/><U71/><E71/><V122/><F122/><W19/><G35/><T106/><D127/><U87/><E38/><V97/><F7/><W32/><G32/><T131/><D131/><U18/><E18/><V21/><F0/><W70/><G70/><T50/><D64/><U2/><E2/><V51/><F97/><W30/><G30/><T114/><D78/><U36/><E36/><V130/><F130/><W43/><G48/><N who="2" m="18505" /><F47/><W40/><REACH who="3" step="1"/><G22/><REACH who="3" ten="234,340,218,178" step="2"/><T68/><D68/><U54/><E23/><V60/><AGARI ba="2,3" hai="21,27,29,56,60,65,77,81,86,94,95" m="18505" machi="60" ten="30,1100,0" yaku="8,1" doraHai="3" who="2" fromWho="2" sc="234,-5,340,-5,218,47,178,-7" /><INIT seed="4,0,0,2,2,15" ten="229,335,265,171" oya="0" hai0="7,67,135,28,126,51,60,125,21,72,122,84,111" hai1="39,63,71,10,27,105,43,109,56,120,132,33,106" hai2="90,52,8,115,48,57,4,26,13,24,76,6,112" hai3="12,114,107,123,134,61,65,97,44,68,103,96,58"/><T59/><D122/><U75/><E109/><V94/><F76/><W131/><G114/><N who="2" m="43561" /><F4/><W37/><G123/><T23/><D111/><U47/><E132/><V82/><F82/><W0/><G0/><T45/><D135/><U121/><E121/><V20/><F20/><W38/><G134/><T19/><D72/><U92/><E75/><V54/><F54/><W83/><G131/><T99/><D7/><U88/><E120/><V17/><F6/><W74/><G58/><T18/><D84/><AGARI ba="0,0" hai="8,13,17,24,26,48,52,57,84,90,94" m="43561" machi="84" ten="30,3900,0" yaku="15,1,52,1,54,1" doraHai="15" who="2" fromWho="0" sc="229,-39,335,0,265,39,171,0" /><INIT seed="5,0,0,2,4,79" ten="190,335,304,171" oya="1" hai0="50,133,99,13,87,6,93,119,97,108,74,45,117" hai1="130,7,19,31,65,9,71,8,100,113,33,91,39" hai2="12,24,98,64,115,110,17,69,38,95,78,124,10" hai3="75,76,11,134,37,34,128,5,28,29,57,121,26"/><U67/><E100/><V63/><F38/><W73/><G121/><T112/><D74/><U15/><E39/><V30/><F115/><W66/><G37/><T104/><D108/><U55/><E113/><V118/><F118/><W60/><G128/><T70/><D70/><U52/><E130/><V59/><F110/><W116/><G134/><T16/><D112/><U42/><E42/><V123/><F78/><W56/><G116/><T107/><D133/><U51/><E33/><V89/><F124/><W111/><G111/><T103/><D6/><U83/><E31/><V14/><F123/><W120/><G29/><T96/><D107/><U35/><E35/><V84/><F14/><W126/><G126/><T58/><D58/><U43/><E43/><V27/><F30/><W135/><G135/><T101/><D87/><N who="1" m="50687" /><E55/><V62/><F98/><W132/><G132/><T21/><REACH who="0" step="1"/><D99/><REACH who="0" ten="180,335,304,171" step="2"/><U85/><E71/><V25/><F69/><W32/><G120/><T44/><D44/><N who="1" m="27751" /><E85/><V40/><F59/><W129/><G129/><T46/><D46/><U122/><E122/><V48/><F84/><W20/><G57/><T80/><D80/><U47/><E47/><V36/><F95/><W4/><G75/><T72/><D72/><U61/><E61/><V114/><F63/><W88/><G73/><T0/><D0/><AGARI ba="0,1" hai="0,7,8,9,15,19,65,67" m="27751,50687" machi="0" ten="30,5800,0" yaku="25,1,52,1,54,1" doraHai="79" who="1" fromWho="0" sc="180,-58,335,68,304,0,171,0" /><INIT seed="5,1,0,2,1,109" ten="122,403,304,171" oya="1" hai0="57,84,64,40,41,71,5,16,65,14,47,1,32" hai1="80,28,134,112,121,110,63,29,114,126,61,60,35" hai2="122,51,37,68,93,26,33,62,128,85,82,86,135" hai3="103,69,133,91,25,125,55,119,79,43,17,50,19"/><U81/><E121/><V20/><F122/><W3/><G3/><T77/><D32/><U124/><E134/><V30/><F37/><W23/><G69/><T97/><D71/><U111/><E61/><V18/><F128/><W105/><G133/><T6/><D1/><U42/><E42/><V108/><F108/><W92/><G125/><T104/><D104/><U54/><REACH who="1" step="1"/><E35/><REACH who="1" ten="122,393,304,171" step="2"/><V58/><F135/><W118/><G43/><T113/><D41/><U11/><E11/><V115/><F33/><W34/><G34/><T46/><D40/><U72/><E72/><V45/><F62/><W10/><G119/><T89/><D113/><U73/><E73/><V2/><F51/><W130/><G10/><T48/><D48/><U4/><E4/><V76/><F20/><W53/><G23/><T75/><D5/><U107/><E107/><V7/><F7/><W38/><G105/><T129/><D6/><U127/><E127/><V36/><F115/><W96/><G118/><T66/><D75/><U117/><E117/><V131/><F131/><W15/><G130/><T52/><D129/><U39/><E39/><V74/><F36/><W9/><G9/><N who="0" m="6223" /><D66/><U49/><E49/><V59/><F74/><W21/><G38/><T101/><D65/><U98/><E98/><V12/><F2/><W27/><G50/><T13/><D64/><U102/><E102/><V123/><F123/><W0/><G0/><T78/><D97/><U106/><E106/><V100/><F100/><W70/><G96/><T132/><D132/><U22/><E22/><V116/><F116/><W24/><G21/><RYUUKYOKU ba="1,1" sc="122,-10,393,30,304,-10,171,-10" hai1="28,29,54,60,63,80,81,110,111,112,114,124,126" /><INIT seed="5,2,1,0,0,35" ten="112,423,294,161" oya="1" hai0="79,134,36,25,29,93,130,117,41,19,32,106,88" hai1="64,66,8,58,54,118,3,63,121,122,77,99,84" hai2="124,119,11,108,34,104,82,69,57,100,127,39,53" hai3="74,125,120,6,115,7,101,49,107,59,12,2,92"/><U78/><E118/><V96/><F108/><W80/><G120/><T46/><D117/><U85/><E122/><V44/><F119/><W133/><G107/><T37/><D130/><U103/><E121/><V17/><F34/><W28/><G28/><T102/><D134/><U72/><E72/><V0/><F69/><W68/><G68/><T111/><D111/><U61/><E54/><V67/><F67/><W20/><G92/><T23/><D79/><U105/><E77/><V18/><F82/><W131/><G101/><T56/><D102/><U71/><REACH who="1" step="1"/><E78/><REACH who="1" ten="112,413,294,161" step="2"/><V52/><F53/><W1/><G74/><T16/><D106/><U62/><E62/><V55/><F55/><W30/><G133/><T83/><D83/><U95/><E95/><V86/><F52/><W94/><G94/><T13/><D46/><U45/><E45/><V14/><F44/><W126/><G80/><T21/><D41/><U129/><E129/><V75/><F75/><W22/><G131/><T15/><D56/><U50/><E50/><V97/><F57/><W42/><G59/><T9/><REACH who="0" step="1"/><D32/><REACH who="0" ten="102,413,294,161" step="2"/><U87/><E87/><AGARI ba="2,3" hai="9,13,15,16,19,21,23,25,29,36,37,87,88,93" machi="87" ten="30,8000,1" yaku="1,1,2,1,7,1,54,2,53,0" doraHai="35" doraHaiUra="98" who="0" fromWho="1" sc="102,116,413,-86,294,0,161,0" /><INIT seed="6,0,0,3,1,30" ten="218,327,294,161" oya="2" hai0="36,98,27,33,120,31,2,14,39,59,19,135,129" hai1="83,71,10,21,25,73,66,114,107,6,115,93,37" hai2="122,28,132,117,96,69,90,74,56,65,82,44,5" hai3="121,85,23,8,68,111,104,16,88,53,38,50,80"/><V95/><F117/><W45/><G121/><T34/><D120/><U105/><E37/><V9/><F122/><W116/><G116/><T79/><D129/><U118/><E118/><V3/><F69/><W123/><G123/><T102/><D135/><U125/><E125/><V86/><F132/><W97/><G111/><T81/><D2/><U0/><E93/><V46/><F74/><W48/><G68/><T91/><D59/><U75/><E21/><V72/><F72/><N who="1" m="27721" /><E83/><V26/><F56/><W64/><G64/><T58/><D79/><U126/><E25/><V110/><F65/><W54/><G38/><T18/><D34/><U22/><E22/><V84/><F84/><W134/><G8/><T99/><D58/><U94/><E94/><V131/><F110/><W42/><G134/><T24/><D24/><U119/><E126/><V61/><F61/><W4/><G4/><T55/><D55/><U100/><E119/><V67/><F67/><W113/><G50/><T106/><D19/><U78/><E78/><V32/><REACH who="2" step="1"/><F131/><REACH who="2" ten="218,327,284,161" step="2"/><W127/><G127/><T11/><D99/><N who="1" m="61599" /><E107/><V60/><F60/><AGARI ba="0,1" hai="0,6,10,60,66,71,114,115" m="61599,27721" machi="60" ten="30,1000,0" yaku="23,1" doraHai="30" who="1" fromWho="2" sc="218,0,327,20,284,-10,161,0" /><INIT seed="7,0,0,0,4,40" ten="218,347,274,161" oya="3" hai0="79,6,65,126,43,113,72,52,31,109,12,98,111" hai1="18,93,102,94,123,19,63,49,60,28,75,91,131" hai2="95,36,55,39,45,10,97,130,7,61,101,74,85" hai3="133,53,105,13,107,25,92,90,22,16,23,14,76"/><W34/><G133/><T64/><D43/><U115/><E75/><V50/><F74/><W26/><G34/><T118/><D118/><U9/><E123/><V73/><F73/><W135/><G135/><T104/><D31/><U77/><E77/><V17/><F17/><W48/><G76/><T129/><D129/><U44/><E115/><V62/><F130/><W116/><G116/><T121/><D121/><U83/><E83/><V5/><F5/><W0/><G0/><T68/><D65/><U119/><E119/><V112/><F85/><W3/><G3/><T89/><D98/><N who="1" m="59735" /><E28/><V81/><F81/><W56/><G107/><T80/><D12/><N who="1" m="7439" /><E19/><V1/><F112/><W59/><G105/><T24/><D24/><U70/><E70/><V29/><F29/><N who="3" m="17591" /><G56/><T2/><D79/><U54/><E131/><V100/><F100/><W125/><G125/><T114/><D126/><U37/><E37/><V132/><F132/><W86/><AGARI ba="0,0" hai="13,14,16,23,26,48,53,59,86,90,92" m="17591" machi="86" ten="30,3000,0" yaku="8,1,54,1" doraHai="40" who="3" fromWho="3" sc="218,-10,347,-10,274,-10,161,30" /><INIT seed="7,1,0,1,3,77" ten="208,337,264,191" oya="3" hai0="17,45,89,121,90,1,35,76,108,72,88,125,33" hai1="65,96,54,110,42,86,32,126,107,131,47,4,61" hai2="129,16,93,12,101,118,69,135,34,117,64,102,82" hai3="7,85,62,123,68,99,58,133,120,127,55,39,25"/><W97/><G39/><T51/><D108/><U3/><E32/><V50/><F34/><W19/><G133/><T0/><D121/><U80/><E110/><V87/><F135/><W48/><G123/><T128/><D35/><U20/><E20/><V63/><F50/><W104/><G120/><T30/><D72/><U98/><E54/><V13/><F13/><W116/><G116/><T31/><D76/><U43/><E43/><V106/><F93/><W73/><G73/><T67/><D67/><U5/><E5/><V103/><F129/><W44/><G68/><T38/><D125/><U134/><E107/><V11/><REACH who="2" step="1"/><F106/><REACH who="2" ten="208,337,254,191" step="2"/><W37/><G37/><T114/><D33/><U9/><E131/><V132/><F132/><W59/><G127/><T23/><D38/><U2/><E126/><V71/><F71/><W14/><G104/><T29/><D128/><U10/><E134/><V21/><F21/><N who="3" m="13503" /><G85/><T124/><D124/><U75/><E75/><V8/><F8/><N who="3" m="4383" /><G59/><T100/><D0/><U91/><E9/><V22/><F22/><W112/><G112/><T18/><D1/><U81/><E2/><V53/><F53/><AGARI ba="1,1" hai="44,48,53,55,58,62,97,99" m="4383,13503" machi="53" ten="30,1500,0" yaku="8,1" doraHai="77" who="3" fromWho="2" sc="208,0,337,0,254,-18,191,28" /><INIT seed="7,2,0,0,3,69" ten="208,337,236,219" oya="3" hai0="108,20,75,54,103,134,27,90,48,6,64,135,77" hai1="127,15,84,7,58,102,34,1,18,21,30,132,81" hai2="17,35,111,120,55,83,29,95,24,114,2,116,76" hai3="28,5,131,70,94,109,46,12,65,119,92,104,31"/><W43/><G104/><T82/><D108/><U93/><E132/><N who="0" m="50729" /><D64/><U79/><E127/><V130/><F111/><W128/><G109/><T56/><D6/><U67/><E34/><V66/><F2/><W125/><G119/><T78/><D103/><U41/><E1/><V85/><F116/><W105/><G105/><T19/><D78/><U87/><E41/><V68/><F114/><W106/><G106/><T121/><D90/><N who="1" m="53471" /><E7/><V59/><F130/><N who="3" m="49707" /><G125/><T122/><AGARI ba="2,0" hai="19,20,27,48,54,56,75,77,82,121,122" m="50729" machi="122" ten="30,1100,0" yaku="20,1" doraHai="69" who="0" fromWho="0" sc="208,17,337,-5,236,-5,219,-7" owari="225,-17.0,332,43.0,231,3.0,212,-29.0" /></mjloggm>