<mjloggm ver="2.3"><GO type="185" lobby="0"/><UN n0="%E3%81%BE%E3%81%A3%E3%81%97%E3%83%BC" n1="%E3%81%AE%E3%83%BC%E3%81%97" n2="%E7%81%AB%E6%98%9F%E3%81%AE%E7%8A%AC" n3="" dan="17,18,16,0" rate="2247.30,2291.21,2203.83,1500.00" sx="F,M,M,C"/><TAIKYOKU oya="0"/><INIT seed="0,0,0,4,0,66" ten="350,350,350,0" oya="0" hai0="84,128,55,109,123,68,45,41,125,75,59,32,131" hai1="82,132,52,2,113,62,79,97,71,77,119,130,129" hai2="48,76,89,124,112,95,87,60,42,116,114,126,40" hai3=""/><T104/><N who="0" m="31520" /><T50/><D104/><U80/><E2/><V81/><F116/><T63/><D75/><U70/><E119/><V65/><F42/><T74/><D32/><U91/><E113/><V88/><F89/><T110/><D74/><U33/><E33/><V78/><F78/><T121/><N who="0" m="31008" /><T83/><D125/><N who="2" m="48234" /><F48/><T69/><D84/><U90/><E62/><V47/><F47/><T115/><D83/><U36/><E36/><V94/><F40/><T64/><D115/><N who="2" m="44074" /><F76/><T58/><D58/><AGARI ba="0,0" hai="58,60,65,81,87,88,94,95" m="44074,48234" machi="58" ten="30,2000,0" yaku="18,1,54,1" doraHai="66" who="2" fromWho="0" sc="350,-20,350,0,350,20,0,0" /><INIT seed="1,0,0,3,1,117" ten="330,350,370,0" oya="1" hai0="76,52,47,88,37,59,129,73,112,65,102,68,89" hai1="100,91,103,119,115,67,96,118,107,33,50,108,99" hai2="123,127,84,53,134,55,120,75,85,116,60,41,54" hai3=""/><U71/><E33/><V1/><N who="2" m="30752" /><V74/><N who="2" m="31520" /><V86/><F1/><T43/><D112/><U56/><E115/><V113/><F116/><T93/><D129/><U77/><E77/><V36/><F113/><T39/><D39/><U98/><E98/><V49/><F134/><T63/><D102/><U32/><E32/><V51/><F127/><T82/><REACH who="0" step="1"/><D93/><REACH who="0" ten="320,350,370,0" step="2"/><U125/><E118/><V81/><F60/><AGARI ba="0,1" hai="37,43,47,52,59,60,63,65,68,73,76,82,88,89" machi="60" ten="30,12000,2" yaku="1,1,2,1,7,1,54,2,53,1" doraHai="117" doraHaiUra="69" who="0" fromWho="2" sc="320,130,350,0,370,-120,0,0" /><INIT seed="2,0,0,0,1,91" ten="450,350,250,0" oya="2" hai0="89,32,66,51,79,118,36,45,63,112,100,35,97" hai1="78,70,130,108,84,64,99,69,42,56,123,86,74" hai2="60,67,121,126,119,47,59,110,55,0,94,37,85" hai3=""/><V73/><N who="2" m="31008" /><V101/><F0/><T133/><D118/><U82/><N who="1" m="31520" /><U93/><E42/><V34/><F119/><T83/><D36/><U43/><E43/><V128/><F34/><T39/><D39/><U81/><E130/><V62/><F128/><T2/><D89/><U116/><E116/><V76/><F126/><T49/><D133/><U114/><E114/><V61/><F73/><T122/><N who="0" m="31264" /><T134/><D134/><U54/><E74/><V105/><F105/><T75/><D2/><U88/><E64/><V103/><F37/><T113/><D32/><U50/><E108/><V3/><F3/><T107/><D35/><U53/><E54/><V102/><F110/><T120/><N who="0" m="30752" /><T48/><REACH who="0" step="1"/><D45/><REACH who="0" ten="440,350,250,0" step="2"/><U90/><AGARI ba="0,1" hai="50,53,56,69,70,78,81,82,84,86,88,90,93,99" m="31520" machi="90" ten="20,6000,1" yaku="0,1,7,1,52,2,54,1" doraHai="91" who="1" fromWho="1" sc="440,-20,350,70,250,-40,0,0" /><INIT seed="4,0,0,3,1,105" ten="420,420,210,0" oya="0" hai0="53,54,95,118,121,34,106,57,132,56,42,3,87" hai1="119,38,61,129,32,135,85,1,43,115,80,83,108" hai2="75,41,93,64,79,123,55,99,94,103,89,91,72" hai3=""/><T49/><N who="0" m="31008" /><T130/><D3/><U44/><E32/><V122/><N who="2" m="31264" /><V67/><N who="2" m="31520" /><V117/><F117/><T112/><D34/><U77/><E1/><V71/><F41/><T40/><D106/><U109/><E119/><V36/><F36/><T58/><D118/><U76/><E135/><V114/><F79/><T125/><D132/><U52/><E129/><V100/><F55/><T39/><D130/><U48/><E61/><V128/><F128/><T131/><D131/><U84/><REACH who="1" step="1"/><E115/><REACH who="1" ten="420,410,210,0" step="2"/><V113/><F99/><T81/><D112/><U65/><E65/><V68/><AGARI ba="0,1" hai="64,67,68,71,72,75,89,91,93,94,100,103,113,114" m="31520,31264" machi="68" ten="25,9000,2" yaku="0,1,22,2,52,4" doraHai="105" who="2" fromWho="2" sc="420,-60,410,-30,210,100,0,0" /><INIT seed="5,0,0,4,5,72" ten="360,380,310,0" oya="1" hai0="97,121,36,53,115,98,131,91,134,79,120,125,0" hai1="35,55,128,104,130,62,122,133,81,95,32,65,59" hai2="106,63,113,48,84,118,3,111,110,75,50,96,80" hai3=""/><U71/><N who="1" m="31264" /><U54/><E104/><V94/><F3/><T108/><N who="0" m="30752" /><T34/><N who="0" m="31008" /><T73/><D34/><U2/><E2/><V127/><F118/><T40/><D0/><U107/><E107/><V135/><F127/><T37/><D108/><U51/><E133/><V38/><F38/><T102/><D125/><U70/><E81/><V60/><F135/><T90/><D134/><U61/><E95/><V56/><F106/><T1/><D1/><U52/><E32/><V101/><F75/><T78/><D73/><U85/><E85/><V119/><F119/><T39/><D40/><U126/><E126/><V92/><F113/><T74/><D74/><U112/><E112/><V77/><F111/><T33/><D115/><U109/><E109/><V45/><F110/><T57/><D33/><U132/><E132/><V129/><F94/><T116/><D116/><U114/><E114/><V46/><F129/><N who="1" m="49769" /><E35/><V86/><F86/><T105/><D131/><U103/><E103/><V83/><F83/><T123/><N who="0" m="31520" /><T69/><D98/><U47/><E71/><V64/><F101/><T68/><D69/><U67/><AGARI ba="0,0" hai="47,51,52,54,55,59,61,62,65,67,70" m="49769,31264" machi="67" ten="30,8000,1" yaku="19,1,34,2,52,1,54,1" doraHai="72" who="1" fromWho="1" sc="360,-40,380,80,310,-40,0,0" /><INIT seed="5,1,0,4,1,123" ten="320,460,270,0" oya="1" hai0="130,87,101,36,134,49,58,74,70,35,118,116,95" hai1="92,40,54,93,120,85,99,51,108,83,97,131,119" hai2="72,60,91,71,135,66,133,48,117,57,45,38,106" hai3=""/><U64/><N who="1" m="30752" /><U90/><E119/><V77/><F106/><T0/><D74/><U46/><E64/><V32/><F32/><T103/><D70/><U56/><E131/><V81/><F117/><T53/><D36/><U44/><E108/><V3/><F3/><T68/><D68/><U73/><E73/><V67/><F67/><T100/><D35/><U129/><E129/><V39/><F91/><T115/><D130/><U94/><REACH who="1" step="1"/><E46/><REACH who="1" ten="320,450,270,0" step="2"/><V122/><N who="2" m="31264" /><V88/><F135/><T59/><D134/><U33/><E33/><V124/><F133/><T80/><D0/><U96/><E96/><V55/><F124/><T84/><D118/><U86/><E86/><V65/><F65/><T78/><D116/><U63/><AGARI ba="1,1" hai="40,44,51,54,56,63,83,85,90,92,93,94,97,99" m="30752" machi="63" ten="30,7800,0" yaku="1,1,0,1,8,1,52,1,53,0" doraHai="123" doraHaiUra="127" who="1" fromWho="1" sc="320,-40,450,90,270,-40,0,0" /><INIT seed="5,2,0,2,0,92" ten="280,540,230,0" oya="1" hai0="106,70,120,51,46,116,97,33,118,125,32,117,54" hai1="124,111,119,2,81,89,110,88,55,37,62,3,78" hai2="112,130,77,71,126,82,34,134,101,72,36,38,0" hai3=""/><U47/><E119/><V107/><F101/><T45/><N who="0" m="30752" /><T41/><D70/><U42/><E124/><V123/><F82/><T1/><D1/><U43/><E43/><V53/><F53/><T83/><D125/><U69/><E2/><V80/><F80/><T59/><D46/><U50/><E3/><V132/><F77/><T87/><D106/><U79/><E79/><V73/><F73/><T93/><D87/><U127/><E127/><V108/><F38/><T131/><D83/><U60/><E89/><V122/><N who="2" m="31264" /><V121/><N who="2" m="31008" /><V39/><F39/><T64/><D64/><U105/><E88/><V102/><F102/><T66/><D66/><U35/><E105/><V74/><F134/><T68/><D68/><U103/><E103/><V85/><F85/><T115/><D131/><U40/><E40/><V86/><F86/><T96/><D115/><U99/><E99/><N who="0" m="37961" /><D93/><U52/><E81/><V76/><F76/><T75/><D75/><U109/><E78/><V48/><F48/><AGARI ba="2,0" hai="32,33,41,45,48,51,54,59,116,117,118" m="37961,30752" machi="48" ten="30,8000,1" yaku="12,1,52,4" doraHai="92" who="0" fromWho="2" sc="280,84,540,0,230,-84,0,0" /><INIT seed="6,0,0,2,4,34" ten="364,540,146,0" oya="2" hai0="49,39,69,32,101,62,73,96,128,37,120,103,1" hai1="92,106,50,100,99,108,2,87,84,112,102,122,56" hai2="116,93,125,127,3,118,109,131,63,79,74,94,97" hai3=""/><V98/><F63/><T133/><N who="0" m="30752" /><T89/><D73/><U111/><E2/><V126/><F3/><T33/><D1/><U78/><E112/><V88/><F131/><T130/><D133/><U36/><E36/><V75/><F109/><T41/><D69/><U66/><E102/><V115/><F115/><T71/><D71/><U134/><E134/><V54/><F54/><T43/><D62/><U105/><E105/><V117/><F79/><T132/><D132/><U104/><E104/><V135/><F135/><T44/><D89/><AGARI ba="0,0" hai="74,75,88,89,93,94,97,98,116,117,118,125,126,127" machi="89" ten="50,18000,2" yaku="9,1,18,1,34,3,54,1" doraHai="34" who="2" fromWho="0" sc="364,-180,540,0,146,180,0,0" /><INIT seed="6,1,0,2,0,58" ten="184,540,326,0" oya="2" hai0="2,93,110,105,42,86,47,95,117,37,0,39,44" hai1="128,108,79,43,113,32,56,1,119,124,122,96,129" hai2="123,52,48,100,49,41,67,131,55,116,64,51,80" hai3=""/><V74/><N who="2" m="31520" /><V53/><F116/><T60/><D117/><U126/><N who="1" m="31264" /><U54/><E119/><V84/><F74/><T77/><D105/><U130/><E32/><V91/><F131/><T62/><D77/><U98/><E1/><V63/><F100/><T104/><D104/><U102/><E43/><V83/><F41/><T94/><D42/><U3/><E3/><V135/><F135/><T111/><D94/><U61/><E79/><V70/><REACH who="2" step="1"/><F67/><REACH who="2" ten="184,540,316,0" step="2"/><T45/><D45/><U38/><E102/><V71/><F71/><T76/><D76/><U88/><E128/><V57/><F57/><T72/><REACH who="0" step="1"/><D86/><REACH who="0" ten="174,540,316,0" step="2"/><U65/><E129/><V127/><F127/><N who="1" m="48681" /><E130/><V59/><F59/><T78/><D78/><U81/><E65/><V132/><F132/><T121/><N who="0" m="31008" /><T89/><D89/><U99/><E88/><V106/><F106/><T134/><D134/><U118/><E56/><V33/><F33/><T114/><D114/><U82/><E113/><V68/><F68/><T97/><D97/><U112/><E99/><V115/><F115/><T109/><D109/><U50/><E108/><V75/><F75/><AGARI ba="1,2" hai="0,2,37,39,44,47,60,62,72,75,93,95,110,111" m="31008" machi="75" ten="25,16000,3" yaku="1,1,22,2,52,3,53,2" doraHai="58" doraHaiUra="90" who="0" fromWho="2" sc="174,182,540,0,316,-162,0,0" owari="356,-4.0,540,49.0,154,-45.0,0,0.0" /></mjloggm>