<mjloggm ver="2.3"><GO type="185" lobby="0"/><UN n0="%E5%86%AC%E6%A8%B9%E3%82%A4%E3%83%B4" n1="%41%74%72%69%61" n2="%E9%95%B7%E5%85%89%E9%BA%BB%E5%A4%9C" n3="" dan="16,17,16,0" rate="2175.48,2273.85,2227.59,1500.00" sx="F,F,M,C"/><TAIKYOKU oya="0"/><INIT seed="0,0,0,3,2,58" ten="350,350,350,0" oya="0" hai0="65,97,75,56,70,1,93,129,133,135,3,112,85" hai1="119,105,110,120,62,84,82,134,131,41,113,51,47" hai2="33,79,128,76,36,77,80,121,49,123,91,111,102" hai3=""/><T83/><D112/><U40/><N who="1" m="30752" /><U42/><E119/><V100/><N who="2" m="31008" /><V66/><N who="2" m="31520" /><V106/><F33/><T89/><D129/><U67/><E131/><V38/><F128/><T74/><D70/><U108/><E105/><V122/><N who="2" m="31264" /><V130/><F130/><T124/><D124/><U107/><E107/><V127/><F127/><T48/><D75/><U88/><E134/><N who="0" m="51209" /><D74/><U61/><E113/><V126/><F126/><T72/><D72/><U132/><E132/><V103/><F106/><T87/><D48/><U90/><E90/><V114/><F114/><T0/><D83/><U104/><E104/><V32/><F32/><T109/><D109/><N who="1" m="42091" /><E67/><V81/><F111/><T78/><D78/><U50/><E51/><V53/><F66/><T86/><D3/><U99/><E99/><V45/><REACH who="2" step="1"/><F91/><REACH who="2" ten="350,350,340,0" step="2"/><T98/><D1/><U101/><E101/><V95/><F95/><T39/><D0/><U37/><E37/><AGARI ba="0,1" hai="36,37,38,45,49,53,76,77,79,80,81,100,102,103" m="31264,31520,31008" machi="37" ten="50,8000,1" yaku="1,1,52,3,53,0" doraHai="58" doraHaiUra="92" who="2" fromWho="1" sc="350,0,350,-80,340,90,0,0" /><INIT seed="1,0,0,3,2,0" ten="350,270,430,0" oya="1" hai0="48,57,99,70,105,62,127,95,2,72,114,73,33" hai1="103,120,41,82,119,54,58,65,75,69,79,117,86" hai2="89,66,111,64,38,51,47,76,32,50,78,61,59" hai3=""/><U52/><N who="1" m="30752" /><U91/><E41/><V93/><F111/><T96/><D114/><U125/><E125/><V107/><F107/><T133/><D127/><U36/><E36/><V63/><F32/><T134/><D2/><U110/><E110/><V90/><F38/><T92/><D105/><U3/><E3/><V102/><F102/><T83/><D33/><U130/><E130/><V131/><F131/><T88/><D70/><U68/><E103/><V46/><F59/><T116/><D116/><U77/><E54/><V112/><REACH who="2" step="1"/><F93/><REACH who="2" ten="350,270,420,0" step="2"/><T81/><D57/><U85/><E119/><V115/><AGARI ba="0,1" hai="46,47,50,51,61,63,64,66,76,78,89,90,112,115" machi="115" ten="25,9000,2" yaku="1,1,2,1,0,1,22,2,53,2" doraHai="0" doraHaiUra="60" who="2" fromWho="2" sc="350,-30,270,-60,420,100,0,0" /><INIT seed="2,0,0,2,5,95" ten="320,210,520,0" oya="2" hai0="45,53,87,129,60,85,75,65,35,55,106,101,78" hai1="81,47,90,97,70,89,39,110,61,96,37,32,36" hai2="132,115,104,134,69,107,42,41,113,77,44,98,118" hai3=""/><V92/><F69/><T80/><D35/><U34/><E110/><V123/><N who="2" m="31520" /><V114/><F118/><T59/><D129/><U100/><E47/><V135/><F77/><T46/><D106/><N who="2" m="40490" /><F44/><T79/><D101/><AGARI ba="0,0" hai="41,42,92,98,101,113,114,115,132,134,135" m="40490,31520" machi="101" ten="40,7700,0" yaku="20,1,52,2" doraHai="95" who="2" fromWho="0" sc="320,-77,210,0,520,77,0,0" /><INIT seed="2,1,0,0,1,121" ten="243,210,597,0" oya="2" hai0="70,56,35,87,83,82,79,84,93,91,111,73,95" hai1="66,55,102,96,118,114,0,110,46,81,127,36,85" hai2="135,34,67,48,103,74,40,113,132,42,57,108,124" hai3=""/><V65/><F34/><T54/><D35/><U37/><E114/><V1/><F1/><T76/><D70/><U128/><E0/><V68/><F74/><T60/><REACH who="0" step="1"/><D111/><REACH who="0" ten="233,210,597,0" step="2"/><U89/><E110/><V75/><F108/><T50/><D50/><U53/><E118/><V94/><F68/><T109/><D109/><U59/><E36/><V86/><F48/><T100/><D100/><U2/><E2/><V119/><F119/><T134/><D134/><U105/><E37/><V131/><F132/><T58/><D58/><U129/><E127/><V43/><F135/><T120/><N who="0" m="30752" /><T32/><D32/><U72/><E129/><V130/><F124/><T123/><N who="0" m="31520" /><T52/><D52/><U33/><E128/><V125/><F125/><T122/><N who="0" m="31264" /><T64/><D64/><U98/><E33/><V63/><F130/><T3/><D3/><U80/><E66/><V97/><F131/><T62/><D62/><U88/><E55/><V69/><F67/><T38/><D38/><U78/><E53/><V47/><F69/><T104/><D104/><U112/><E105/><V115/><F65/><T116/><D116/><U90/><E102/><V77/><F103/><T101/><D101/><U49/><E49/><V99/><F63/><RYUUKYOKU ba="1,1" sc="233,20,210,-10,597,-10,0,0" hai0="54,56,60,73,76,79,82,83,84,87,91,93,95" /><INIT seed="4,2,1,4,1,32" ten="253,200,587,0" oya="0" hai0="113,68,114,1,81,40,37,3,44,96,0,94,86" hai1="123,116,130,36,97,119,135,112,47,42,60,107,111" hai2="128,62,67,38,133,69,50,35,56,63,78,101,118" hai3=""/><T61/><D68/><U129/><N who="1" m="31520" /><U127/><E111/><V131/><F35/><T64/><D64/><U77/><E77/><V92/><F118/><T95/><D61/><U43/><E135/><V51/><F133/><T84/><D84/><U75/><E75/><V132/><F132/><T103/><REACH who="0" step="1"/><D95/><REACH who="0" ten="243,200,587,0" step="2"/><U52/><E60/><V33/><F63/><T134/><D134/><U109/><E109/><V115/><F69/><T53/><D53/><U98/><E52/><V99/><F67/><T102/><D102/><U72/><E72/><V46/><F62/><T39/><D39/><U65/><E65/><V122/><F101/><T120/><N who="0" m="30752" /><T93/><D93/><U71/><E71/><V76/><F92/><T90/><AGARI ba="2,2" hai="0,1,3,37,40,44,81,86,90,94,96,103,113,114" m="30752" machi="90" ten="40,12000,2" yaku="1,1,0,1,52,4,53,0" doraHai="32" doraHaiUra="49" who="0" fromWho="0" sc="243,144,200,-62,587,-62,0,0" /><INIT seed="4,3,0,5,0,101" ten="387,138,525,0" oya="0" hai0="110,51,131,99,95,81,112,90,122,80,72,35,86" hai1="48,120,79,44,124,119,96,3,127,63,135,61,116" hai2="64,67,2,123,71,92,53,114,0,107,45,115,58" hai3=""/><T88/><N who="0" m="31264" /><T56/><D35/><U93/><N who="1" m="30752" /><U41/><E3/><V32/><N who="2" m="31520" /><V126/><F32/><T108/><D112/><N who="2" m="43050" /><F107/><T103/><D131/><U55/><E79/><V66/><F126/><N who="1" m="48169" /><E135/><V109/><F109/><N who="0" m="42090" /><D56/><U70/><E70/><V69/><F45/><T33/><D51/><U84/><E84/><V128/><F128/><T82/><D33/><U85/><E85/><V57/><F57/><T73/><D90/><U106/><E41/><V100/><F69/><T111/><N who="0" m="42098" /><T130/><DORA hai="77" /><D130/><U113/><E113/><V83/><F71/><T94/><AGARI ba="3,0" hai="72,73,80,81,82,86,88,94,95,99,103" m="42098,31264" machi="94" ten="50,16000,3" yaku="10,1,34,2,52,4,54,1" doraHai="101,77" who="0" fromWho="0" sc="387,166,138,-83,525,-83,0,0" /><INIT seed="4,4,0,3,5,101" ten="553,55,442,0" oya="0" hai0="124,68,109,128,100,133,74,0,57,125,50,41,3" hai1="105,118,131,34,33,89,75,116,79,108,96,49,70" hai2="37,132,45,73,86,59,129,107,92,55,97,80,36" hai3=""/><T47/><D128/><U69/><E49/><V102/><F129/><T46/><D133/><U76/><E131/><V106/><F132/><T67/><D74/><U88/><E75/><V134/><F134/><T112/><D112/><U87/><E96/><V62/><F73/><T84/><D84/><U115/><E115/><V56/><F56/><T39/><D100/><U44/><E44/><V51/><F37/><T120/><N who="0" m="30752" /><T65/><D0/><U135/><E135/><V114/><F36/><T119/><D3/><U48/><E48/><V90/><REACH who="2" step="1"/><F114/><REACH who="2" ten="553,55,432,0" step="2"/><T113/><D113/><U85/><REACH who="1" step="1"/><E108/><REACH who="1" ten="553,45,432,0" step="2"/><V103/><F103/><T71/><D109/><U2/><E2/><V122/><N who="2" m="31264" /><V93/><F93/><T121/><D121/><U82/><E82/><V52/><AGARI ba="4,2" hai="45,51,52,55,59,62,80,86,90,92,97,102,106,107" m="31264" machi="52" ten="20,12000,3" yaku="1,1,0,1,7,1,52,3,54,1,53,1" doraHai="101" doraHaiUra="94" who="2" fromWho="2" sc="553,-84,45,-44,432,148,0,0" /><INIT seed="5,0,0,2,3,63" ten="469,1,580,0" oya="1" hai0="61,131,74,77,111,108,120,85,97,75,84,106,89" hai1="102,107,90,134,46,92,99,94,82,54,130,81,93" hai2="125,79,59,2,48,51,62,70,34,100,32,47,96" hai3=""/><U71/><E71/><V87/><F2/><T98/><N who="0" m="30752" /><T83/><D61/><U124/><E54/><V57/><F125/><T104/><D131/><U68/><E68/><V69/><F87/><T39/><D39/><U91/><E46/><V133/><F133/><T128/><D128/><U122/><N who="1" m="31264" /><U65/><E65/><V116/><F116/><T45/><D45/><U55/><E55/><V132/><F132/><T123/><N who="0" m="31520" /><T121/><N who="0" m="31008" /><T86/><D89/><N who="1" m="33803" /><E134/><V73/><F73/><N who="0" m="27658" /><D83/><N who="1" m="31755" /><E130/><V38/><F38/><T72/><N who="0" m="27666" /><T78/><DORA hai="119" /><D78/><U103/><E124/><V60/><F79/><T35/><D35/><U117/><E117/><V36/><F36/><T43/><D77/><U52/><E52/><V3/><F3/><T1/><D1/><U109/><E109/><N who="0" m="42057" /><D43/><U112/><E112/><V66/><F47/><T40/><D40/><U110/><E110/><V50/><F34/><T118/><D118/><U58/><E58/><V42/><F32/><T126/><D126/><U64/><E64/><V135/><F42/><T127/><D127/><U114/><E114/><V115/><F135/><T76/><D76/><U113/><E113/><V101/><F115/><T80/><D80/><U49/><E49/><RYUUKYOKU ba="0,0" sc="469,10,1,10,580,-20,0,0" hai0="84,85,86,97,98,104,106" hai1="92,93,94,99,102,103,107" /><INIT seed="5,1,0,3,0,99" ten="479,11,560,0" oya="1" hai0="77,71,82,46,113,53,69,120,75,87,54,132,115" hai1="104,43,109,88,108,81,103,2,85,131,37,94,49" hai2="38,70,89,95,48,135,129,102,45,98,92,64,35" hai3=""/><U57/><E2/><V0/><F0/><T44/><N who="0" m="30752" /><T127/><D127/><U74/><E37/><V61/><F35/><T78/><D87/><U105/><E131/><V62/><F135/><T130/><D130/><U106/><E57/><V40/><F129/><T47/><D132/><U112/><E112/><N who="0" m="43081" /><D78/><U121/><N who="1" m="31008" /><U76/><REACH who="1" step="1"/><E103/><REACH who="1" ten="479,1,560,0" step="2"/><V1/><F1/><T111/><D111/><U118/><E118/><V126/><F126/><T97/><D71/><U60/><E60/><V41/><F62/><T42/><D69/><U93/><E93/><V119/><F119/><T56/><D56/><U67/><E67/><V52/><F38/><T36/><D36/><U3/><E3/><V122/><N who="2" m="31264" /><V84/><AGARI ba="1,1" hai="40,41,45,48,52,61,64,70,84,89,92,95,98,102" m="31264" machi="84" ten="20,9000,2" yaku="4,1,0,1,7,1,52,2,54,1" doraHai="99" who="2" fromWho="2" sc="479,-31,1,-61,560,102,0,0" owari="448,5.0,-60,-66.0,662,61.0,0,0.0" /></mjloggm>