<mjloggm ver="2.3"><GO type="185" lobby="0"/><UN n0="%E3%81%BE%E3%82%8D%E3%81%AB%E3%81%84" n1="%E3%82%AA%E3%83%A0%E3%81%82%E3%82%93%E3%81%93" n2="%E3%81%82%E3%81%B9%E3%81%97%E3%81%A3%E3%81%A3" n3="" dan="16,16,17,0" rate="2073.81,2147.91,2255.80,1500.00" sx="M,M,M,C"/><TAIKYOKU oya="0"/><INIT seed="0,0,0,5,0,99" ten="350,350,350,0" oya="0" hai0="39,114,85,72,65,76,104,93,35,33,129,110,82" hai1="59,86,109,2,90,36,40,71,118,112,108,46,51" hai2="87,95,54,57,91,106,38,49,96,128,125,81,102" hai3=""/><T62/><D114/><U77/><E112/><V111/><F111/><N who="1" m="42569" /><E2/><V88/><F125/><T67/><D110/><U116/><E71/><V32/><F128/><T78/><D129/><U80/><E77/><V133/><F133/><T121/><N who="0" m="31008" /><T43/><D104/><U1/><E1/><V37/><REACH who="2" step="1"/><F32/><REACH who="2" ten="350,350,340,0" step="2"/><T60/><D35/><U61/><E36/><V127/><F127/><T123/><N who="0" m="31520" /><T132/><D33/><U50/><E50/><V131/><F131/><T34/><D132/><U101/><E118/><V64/><F64/><T44/><D34/><U126/><E126/><V105/><F105/><T52/><D67/><U94/><E116/><V48/><F48/><T115/><D115/><U45/><E61/><V135/><F135/><T117/><D117/><U100/><E45/><V79/><F79/><T74/><D62/><U124/><E124/><V42/><F42/><T134/><D134/><U83/><E59/><V107/><F107/><T70/><D76/><U56/><E56/><V92/><F92/><T84/><D52/><U89/><E80/><V66/><F66/><T73/><D93/><U120/><N who="1" m="30752" /><U122/><N who="1" m="31264" /><U41/><E41/><V119/><F119/><T130/><D130/><U68/><E68/><RYUUKYOKU ba="0,1" sc="350,0,350,0,340,0,0,0" hai0="39,43,44,60,65,70,72,73,74,78,82,84,85" hai1="40,46,51,83,86,89,90,94,100,101" hai2="37,38,49,54,57,81,87,88,91,95,96,102,106" /><INIT seed="0,1,1,5,4,43" ten="350,350,340,0" oya="0" hai0="44,75,47,51,82,122,112,94,2,113,129,98,32" hai1="127,56,79,0,70,81,45,66,121,124,103,128,107" hai2="120,102,1,40,111,86,90,97,64,118,52,42,67" hai3=""/><T60/><N who="0" m="31264" /><T96/><D2/><U33/><N who="1" m="31008" /><U106/><E33/><V135/><N who="2" m="30752" /><V71/><F1/><T36/><D32/><U93/><E70/><V89/><F111/><T108/><D108/><U50/><E0/><V63/><F135/><T77/><D129/><U54/><E128/><V69/><F118/><T125/><D125/><N who="1" m="48203" /><E93/><V116/><F116/><T35/><D35/><U110/><E103/><V59/><F90/><T130/><D130/><U55/><E66/><V85/><F85/><T114/><D60/><U131/><E131/><V62/><F67/><T109/><D109/><U88/><E88/><V37/><F69/><T3/><D3/><U72/><E110/><V87/><F87/><T57/><D98/><U117/><E117/><V99/><F99/><T101/><REACH who="0" step="1"/><D36/><REACH who="0" ten="340,350,340,0" step="2"/><U53/><E107/><V74/><F37/><T133/><D133/><U65/><E106/><V34/><F34/><T91/><D91/><U61/><AGARI ba="1,2" hai="45,50,53,54,55,56,61,65,72,79,81" m="48203,31008" machi="61" ten="30,3000,0" yaku="18,1,52,2" doraHai="43" who="1" fromWho="1" sc="340,-21,350,52,340,-11,0,0" /><INIT seed="1,0,0,3,2,134" ten="319,402,329,0" oya="1" hai0="86,60,114,108,43,68,95,121,112,42,75,2,62" hai1="130,87,35,55,63,37,129,115,50,100,102,135,93" hai2="124,58,88,0,46,77,126,116,123,67,76,83,59" hai3=""/><U98/><E35/><V131/><N who="2" m="31520" /><V57/><F0/><T85/><N who="0" m="31008" /><T118/><D75/><U72/><E37/><V66/><F116/><T32/><D68/><U1/><E72/><V40/><F131/><N who="1" m="50185" /><E1/><V128/><F128/><T49/><D2/><U78/><E135/><V45/><F88/><T125/><D32/><U132/><E115/><V111/><F111/><T80/><D95/><U73/><E73/><V69/><F83/><T54/><D118/><U106/><E63/><V70/><F58/><T79/><D108/><U41/><E41/><AGARI ba="0,0" hai="40,41,45,46,57,59,66,67,69,70,76,77,124,126" m="31520" machi="41" ten="25,8000,1" yaku="22,2,52,3" doraHai="134" who="2" fromWho="1" sc="319,0,402,-80,329,80,0,0" /><INIT seed="2,0,0,5,1,103" ten="319,322,409,0" oya="2" hai0="114,93,51,38,108,47,63,110,59,46,61,74,49" hai1="77,75,32,0,41,119,55,71,85,42,43,52,127" hai2="34,2,117,89,67,72,56,90,57,106,135,111,58" hai3=""/><V131/><F2/><T92/><D74/><U128/><E32/><V86/><F34/><T107/><D38/><U104/><E0/><V68/><F117/><T36/><D36/><U101/><E119/><V115/><F72/><T1/><D59/><U35/><E71/><V134/><F115/><T79/><D79/><U54/><E35/><V130/><F106/><T132/><D1/><U83/><E127/><V118/><F118/><T53/><D53/><U39/><E75/><V129/><F111/><T98/><D98/><U102/><E39/><V96/><F96/><T133/><D114/><U48/><E48/><V45/><F45/><T44/><D47/><U33/><E33/><V50/><F50/><T80/><D80/><U116/><E116/><V65/><F86/><T91/><D91/><N who="2" m="34826" /><F68/><T95/><REACH who="0" step="1"/><D93/><REACH who="0" ten="309,322,409,0" step="2"/><U113/><E113/><V97/><F97/><T99/><D99/><U70/><E70/><V84/><F84/><T78/><D78/><U3/><E3/><V120/><N who="2" m="30752" /><V40/><F40/><T105/><AGARI ba="0,1" hai="44,46,49,51,61,63,92,95,105,107,108,110,132,133" machi="105" ten="25,9000,2" yaku="1,1,0,1,22,2,52,2,53,0" doraHai="103" doraHaiUra="64" who="0" fromWho="0" sc="309,100,322,-30,409,-60,0,0" /><INIT seed="4,0,0,1,1,89" ten="409,292,349,0" oya="0" hai0="38,66,108,74,80,94,43,36,54,2,82,69,87" hai1="120,40,34,86,114,44,0,62,116,1,129,101,49" hai2="88,130,93,117,37,92,90,60,85,75,63,81,115" hai3=""/><T45/><D2/><U57/><N who="1" m="30752" /><U72/><E34/><V56/><F115/><T39/><D108/><U67/><E72/><V41/><F130/><T97/><D74/><U73/><E73/><V95/><F117/><T58/><D66/><U42/><E116/><V123/><N who="2" m="31520" /><V77/><F63/><T132/><D69/><U135/><E129/><V105/><F105/><T50/><D132/><U119/><E119/><V96/><F92/><T113/><D113/><U51/><E114/><V124/><F124/><T71/><D71/><U127/><E127/><V78/><F78/><T110/><D110/><U79/><E101/><V46/><F60/><T59/><D59/><U76/><E76/><V103/><REACH who="2" step="1"/><F56/><REACH who="2" ten="409,292,339,0" step="2"/><T91/><REACH who="0" step="1"/><D80/><REACH who="0" ten="399,292,339,0" step="2"/><U3/><E3/><V112/><F112/><T134/><D134/><U106/><E135/><V35/><F35/><T125/><D125/><U133/><E133/><V47/><F47/><T104/><D104/><U32/><E106/><V100/><AGARI ba="0,2" hai="37,41,46,75,77,81,85,88,90,93,95,96,100,103" m="31520" machi="100" ten="30,12000,3" yaku="1,1,0,1,52,3,54,1,53,2" doraHai="89" doraHaiUra="84" who="2" fromWho="2" sc="399,-80,292,-40,339,140,0,0" /><INIT seed="5,0,0,4,5,104" ten="319,252,479,0" oya="1" hai0="43,65,73,94,41,66,76,44,71,134,106,78,113" hai1="95,125,112,64,117,3,123,128,107,63,135,55,85" hai2="87,45,133,79,114,101,70,2,103,116,54,74,36" hai3=""/><U0/><N who="1" m="31520" /><U111/><E107/><V61/><F2/><T98/><D106/><U42/><E117/><V93/><F116/><T75/><D113/><U109/><E112/><V91/><F114/><T115/><D115/><U110/><E42/><V118/><F133/><T72/><D134/><U59/><E135/><V35/><F35/><T48/><D43/><U126/><E128/><V47/><F36/><T88/><REACH who="0" step="1"/><D71/><REACH who="0" ten="309,252,479,0" step="2"/><U67/><E0/><V90/><F70/><T49/><D49/><U51/><E3/><V122/><F118/><T105/><D105/><U60/><E60/><V89/><F61/><T121/><N who="0" m="31008" /><T99/><D99/><U102/><E67/><AGARI ba="0,1" hai="41,44,48,65,66,67,72,73,75,76,78,88,94,98" m="31008" machi="67" ten="40,12000,2" yaku="1,1,52,4,54,1,53,0" doraHai="104" doraHaiUra="77" who="0" fromWho="1" sc="309,130,252,-120,479,0,0,0" /><INIT seed="6,0,0,3,1,76" ten="439,132,479,0" oya="2" hai0="84,134,34,70,95,115,63,52,56,112,42,132,120" hai1="79,116,128,86,94,46,50,33,99,67,66,81,85" hai2="61,93,78,62,44,118,108,65,91,59,35,40,121" hai3=""/><V60/><N who="2" m="31008" /><V111/><F35/><T88/><N who="0" m="30752" /><T53/><D34/><U123/><N who="1" m="31520" /><U90/><E33/><V68/><F118/><T3/><D3/><U80/><E116/><V106/><F106/><T117/><D117/><U45/><E128/><V110/><F78/><T97/><D70/><U73/><E46/><V104/><F104/><T113/><D42/><U125/><E125/><V1/><F68/><T51/><D97/><U119/><E119/><V75/><F75/><T69/><D69/><U0/><E0/><V92/><F1/><T32/><D32/><U64/><E73/><V74/><F74/><T129/><D129/><U131/><E131/><V36/><F93/><T38/><D38/><U124/><E124/><V2/><F2/><T101/><D101/><U103/><E45/><AGARI ba="0,0" hai="45,51,52,53,56,63,84,88,95,112,113,115,132,134" m="30752" machi="45" ten="40,8000,1" yaku="15,1,11,1,52,1,54,2" doraHai="76" who="0" fromWho="1" sc="439,80,132,-80,479,0,0,0" owari="519,47.0,52,-55.0,479,8.0,0,0.0" /></mjloggm>