<mjloggm ver="2.3"><GO type="185" lobby="0"/><UN n0="%44%75%73%6B" n1="%E3%81%99%E3%81%9A%E3%82%81%E3%82%AF%E3%83%AC%E3%82%A4%E3%82%B8%E3%83%BC" n2="%E3%82%84%E3%81%BE%E3%81%8B%E3%81%84" n3="" dan="16,18,17,0" rate="2212.27,2301.46,2260.99,1500.00" sx="M,M,M,C"/><TAIKYOKU oya="0"/><INIT seed="0,0,0,0,5,119" ten="350,350,350,0" oya="0" hai0="122,64,121,65,70,86,36,88,107,127,80,85,57" hai1="87,131,129,106,51,91,90,116,104,97,50,125,113" hai2="108,76,55,68,117,132,109,54,67,110,74,83,66" hai3=""/><T47/><N who="0" m="31008" /><T41/><N who="0" m="31264" /><T81/><D127/><U96/><E125/><V42/><F117/><T133/><D133/><U3/><E116/><V45/><F132/><T60/><D107/><U103/><E3/><V63/><REACH who="2" step="1"/><F67/><REACH who="2" ten="350,350,340,0" step="2"/><T82/><D65/><U49/><E113/><V71/><F71/><T92/><REACH who="0" step="1"/><D70/><REACH who="0" ten="340,350,340,0" step="2"/><U105/><E106/><V123/><N who="2" m="31520" /><V102/><F102/><T98/><AGARI ba="0,2" hai="36,41,47,57,60,64,80,81,82,85,86,88,92,98" m="31264,31008" machi="98" ten="30,16000,3" yaku="1,1,0,1,52,4,54,1,53,3" doraHai="119" doraHaiUra="79" who="0" fromWho="0" sc="340,180,350,-80,340,-80,0,0" /><INIT seed="0,1,0,5,1,127" ten="520,270,260,0" oya="0" hai0="123,105,43,74,86,77,3,67,41,1,52,76,42" hai1="73,134,82,87,39,118,45,35,109,94,84,98,116" hai2="133,2,49,96,36,115,85,34,126,135,88,114,130" hai3=""/><T32/><N who="0" m="31520" /><T37/><D32/><U108/><E35/><V56/><F36/><T78/><D74/><U65/><E65/><V110/><F2/><T91/><D105/><U121/><N who="1" m="31008" /><U63/><E63/><V128/><F34/><T71/><D37/><U100/><E45/><V64/><F110/><N who="1" m="42601" /><E134/><N who="2" m="51211" /><F96/><T55/><D3/><U46/><E46/><V97/><F97/><T120/><N who="0" m="30752" /><T50/><D1/><U72/><E84/><V68/><F68/><T101/><D101/><U113/><E113/><N who="2" m="43019" /><F126/><T62/><REACH who="0" step="1"/><D50/><REACH who="0" ten="510,270,260,0" step="2"/><U53/><E39/><V90/><F49/><T81/><AGARI ba="1,1" hai="41,42,43,52,55,62,67,71,76,77,78,81,86,91" m="30752,31520" machi="81" ten="30,12000,2" yaku="1,1,2,1,0,1,52,2,54,1,53,0" doraHai="127" doraHaiUra="89" who="0" fromWho="0" sc="510,132,270,-61,260,-61,0,0" /><INIT seed="0,2,0,3,2,0" ten="642,209,199,0" oya="0" hai0="72,60,109,90,82,78,83,103,134,45,116,69,135" hai1="91,129,95,36,130,112,73,126,57,88,63,49,113" hai2="132,41,55,2,76,114,89,121,80,44,67,46,122" hai3=""/><T50/><D116/><U59/><E36/><V97/><N who="2" m="31008" /><V81/><N who="2" m="31264" /><V38/><F2/><T93/><D109/><U43/><E73/><V94/><F114/><N who="1" m="44137" /><E126/><V117/><F132/><N who="0" m="50730" /><D103/><U53/><E43/><V115/><F115/><T54/><D78/><U100/><E100/><V52/><F117/><T42/><D72/><U68/><E68/><V110/><F110/><T106/><D106/><U85/><E91/><V65/><F80/><T33/><D33/><U107/><E107/><V133/><F133/><T118/><D118/><U108/><E108/><V125/><F125/><T96/><D69/><U70/><E70/><V37/><F37/><T40/><D42/><U124/><E124/><V34/><F34/><T47/><D60/><U75/><E75/><V111/><F111/><T62/><D62/><U119/><E119/><V127/><F127/><T84/><D96/><U77/><E77/><V61/><F61/><T86/><D86/><U35/><E35/><V56/><F76/><T123/><N who="0" m="31520" /><T102/><D102/><U87/><E85/><V1/><F1/><T74/><D74/><U51/><E63/><V79/><F79/><T64/><D84/><U32/><E32/><V104/><F104/><T105/><D105/><RYUUKYOKU ba="2,0" sc="642,-10,209,20,199,-10,0,0" hai1="49,51,53,57,59,87,88,95,129,130" /><INIT seed="1,3,0,1,0,111" ten="632,229,189,0" oya="1" hai0="100,74,93,82,43,57,96,103,32,113,125,120,90" hai1="49,70,63,115,48,64,114,95,107,127,102,3,101" hai2="84,39,89,47,60,71,61,129,76,75,135,33,67" hai3=""/><U86/><E3/><V1/><F1/><T36/><N who="0" m="30752" /><T53/><D113/><U83/><E107/><V72/><F33/><T104/><D32/><U69/><E127/><V116/><F116/><T37/><D125/><U126/><E126/><V73/><F129/><T97/><D43/><U35/><E35/><V105/><F105/><T80/><D80/><U134/><E134/><V77/><F135/><T65/><D65/><U40/><E70/><V99/><F99/><T87/><D74/><U42/><E95/><V119/><F119/><T56/><D56/><U51/><E40/><V2/><F2/><T92/><D104/><U68/><E69/><V78/><F61/><AGARI ba="3,0" hai="36,37,53,57,61,82,87,90,92,93,96,97,100,103" m="30752" machi="61" ten="30,3900,0" yaku="7,1,9,1,52,1" doraHai="111" who="0" fromWho="2" sc="632,45,229,0,189,-45,0,0" /><INIT seed="2,0,0,2,4,97" ten="677,229,144,0" oya="2" hai0="47,91,122,51,104,33,46,84,64,66,72,129,68" hai1="67,32,43,108,127,132,96,75,103,65,78,128,56" hai2="70,87,115,117,98,37,116,61,109,90,53,59,112" hai3=""/><V1/><F1/><T89/><N who="0" m="31264" /><T107/><D72/><U79/><E32/><V48/><F37/><T120/><N who="0" m="30752" /><T41/><D33/><U62/><E43/><V124/><F124/><T69/><D129/><U83/><E132/><V2/><F2/><T123/><N who="0" m="31520" /><T130/><D130/><U94/><E79/><V76/><F76/><T133/><D133/><U119/><E119/><V40/><F109/><T85/><D51/><U58/><E127/><V73/><F73/><T131/><D131/><U3/><E3/><V102/><F117/><T77/><D77/><U80/><E80/><V63/><F116/><T126/><D126/><U125/><E125/><V99/><F99/><T81/><D41/><U34/><E128/><V118/><F118/><T36/><D81/><U45/><E45/><V101/><F61/><T42/><D42/><U92/><E108/><V100/><F98/><T134/><D134/><U121/><N who="1" m="31008" /><U135/><E135/><V39/><F39/><AGARI ba="0,0" hai="36,39,46,47,64,66,68,69,84,85,89,91,104,107" m="31520,30752,31264" machi="39" ten="25,8000,1" yaku="22,2,52,3" doraHai="97" who="0" fromWho="2" sc="677,80,229,0,144,-80,0,0" /><INIT seed="4,0,0,0,3,107" ten="757,229,64,0" oya="0" hai0="127,61,117,98,42,38,50,110,37,135,46,104,90" hai1="75,82,101,69,134,115,56,87,59,100,58,83,78" hai2="88,84,40,86,105,74,124,60,122,41,54,80,70" hai3=""/><T113/><D117/><U121/><N who="1" m="31008" /><U94/><E69/><V102/><N who="2" m="31264" /><V67/><F124/><T68/><D113/><U93/><E134/><V103/><F86/><T108/><D127/><U65/><E65/><V109/><F109/><N who="0" m="42090" /><D135/><U111/><E115/><V2/><F2/><T129/><D129/><U3/><E3/><V39/><F54/><T48/><D104/><U133/><E133/><V62/><F62/><T33/><D33/><U91/><E111/><V55/><F55/><T47/><D98/><U99/><E100/><V76/><F39/><T57/><D90/><U49/><E49/><V52/><F52/><T79/><D79/><U64/><E64/><V44/><F44/><T114/><D68/><U96/><E96/><V51/><F51/><T81/><D81/><U131/><E131/><V118/><F118/><T1/><D1/><U112/><E112/><V130/><F130/><T95/><D95/><U92/><AGARI ba="0,0" hai="56,58,59,75,78,82,83,87,91,92,93,94,99,101" m="31008" machi="92" ten="30,3000,0" yaku="0,1,52,2" doraHai="107" who="1" fromWho="1" sc="757,-20,229,30,64,-10,0,0" /><INIT seed="5,0,0,5,2,43" ten="737,259,54,0" oya="1" hai0="49,76,91,34,92,69,131,3,80,95,85,128,129" hai1="127,56,64,111,57,71,116,35,51,55,53,0,124" hai2="2,45,86,99,110,68,108,117,96,133,38,63,87" hai3=""/><U103/><E0/><V118/><F2/><T46/><D3/><U33/><E103/><V112/><F63/><T97/><D69/><U1/><E1/><V122/><N who="2" m="31264" /><V102/><F68/><T52/><D92/><U125/><E116/><V98/><F38/><T89/><D34/><U62/><E111/><V123/><N who="2" m="31520" /><V47/><F102/><AGARI ba="0,0" hai="46,49,52,76,80,85,89,91,95,97,102,128,129,131" machi="102" ten="40,5200,0" yaku="19,1,52,1,54,1" doraHai="43" who="0" fromWho="2" sc="737,52,259,0,54,-52,0,0" /><INIT seed="6,0,0,3,4,104" ten="789,259,2,0" oya="2" hai0="86,43,101,116,47,102,97,70,134,77,57,79,115" hai1="128,100,130,0,59,52,109,51,44,36,55,120,1" hai2="132,85,124,61,74,122,119,110,123,62,76,112,108" hai3=""/><V46/><N who="2" m="31264" /><V37/><N who="2" m="31520" /><V82/><F119/><T75/><D116/><U50/><N who="1" m="30752" /><U63/><E109/><N who="2" m="42091" /><F112/><T73/><D70/><U113/><E113/><V117/><F117/><T2/><D2/><U89/><E100/><V64/><F124/><T121/><N who="0" m="31008" /><T33/><D33/><U84/><E36/><V106/><F132/><T60/><D134/><U53/><E130/><V45/><F106/><T125/><D125/><U111/><E128/><V114/><F114/><T107/><D115/><U65/><E55/><V3/><F3/><T69/><D69/><U71/><E111/><V66/><F85/><T103/><D97/><U127/><E127/><V87/><F87/><T133/><D107/><U126/><E126/><V92/><F92/><AGARI ba="0,0" hai="0,1,44,50,51,52,53,59,63,65,71,84,89,92" m="30752" machi="92" ten="30,3900,0" yaku="7,1,52,1,54,1" doraHai="104" who="1" fromWho="2" sc="789,0,259,39,2,-39,0,0" owari="789,74.0,298,-10.0,-37,-64.0,0,0.0" /></mjloggm>