<mjloggm ver="2.3"><GO type="169" lobby="0"/><UN n0="%E4%BF%BA%54%55%45%45%45%45%45" n1="%E3%83%8E%E3%82%AA%E3%83%81%E3%83%A3%E3%83%99%E3%82%B9" n2="%E3%82%AE%E3%82%AC%E3%83%9E%E3%82%A4%E3%83%B3" n3="%E3%82%BC%E3%83%B3%E3%83%84%E3%82%A1%E3%83%BC%E3%83%95%E3%82%A9%E3%83%BC" dan="18,16,16,16" rate="2241.55,2122.70,2124.80,2100.90" sx="F,M,M,M"/><TAIKYOKU oya="0"/><INIT seed="0,0,0,3,3,42" ten="250,250,250,250" oya="0" hai0="105,49,63,91,116,48,115,67,95,23,9,84,78" hai1="129,128,118,24,36,17,18,111,133,33,102,119,94" hai2="87,16,13,28,68,38,134,11,69,7,4,39,50" hai3="3,77,59,88,51,132,10,81,99,19,54,103,65"/><T110/><D115/><U127/><E36/><V72/><F72/><W86/><G132/><T126/><D116/><U25/><E94/><V85/><F134/><W109/><G109/><T82/><D126/><U70/><E102/><V96/><F28/><W114/><G114/><T27/><D105/><U121/><E70/><V56/><F38/><W135/><G135/><T112/><D112/><U124/><E133/><V26/><F39/><W92/><G65/><T0/><D0/><U100/><E100/><V43/><F69/><W30/><G30/><T29/><D9/><U57/><E57/><V1/><F68/><W35/><G35/><T123/><D123/><U107/><E107/><V20/><F4/><W2/><REACH who="3" step="1"/><G103/><REACH who="3" ten="250,250,250,240" step="2"/><T55/><D110/><U125/><E111/><V120/><F120/><W131/><G131/><N who="1" m="50250" /><E121/><V52/><F43/><W108/><G108/><T8/><D55/><U62/><E62/><V15/><REACH who="2" step="1"/><F96/><REACH who="2" ten="250,250,240,240" step="2"/><W101/><G101/><T32/><D32/><U97/><E97/><V73/><F73/><W44/><G44/><T60/><D67/><U46/><E46/><V83/><F83/><W74/><G74/><T89/><D82/><U61/><E61/><V76/><F76/><W75/><G75/><T22/><D78/><U79/><E79/><V53/><F53/><W130/><G130/><T45/><D45/><U37/><E33/><V80/><F80/><W104/><G104/><T14/><D63/><U71/><E71/><V66/><F66/><W12/><AGARI ba="0,2" hai="2,3,10,12,19,51,54,59,77,81,86,88,92,99" machi="12" ten="30,4000,0" yaku="1,1,0,1,54,1,53,0" doraHai="42" doraHaiUra="113" who="3" fromWho="3" sc="250,-20,250,-10,240,-10,240,60" /><INIT seed="1,0,0,1,0,42" ten="230,240,230,300" oya="1" hai0="91,69,15,109,120,74,66,31,41,84,52,134,131" hai1="46,122,129,32,71,57,103,27,79,115,106,76,130" hai2="58,9,49,65,14,72,26,98,45,0,53,64,56" hai3="5,78,48,68,70,132,97,61,35,28,10,112,40"/><U36/><E71/><V113/><F72/><W50/><G112/><T24/><D109/><U12/><E115/><V124/><F113/><W86/><G132/><T100/><D74/><U51/><E122/><V135/><F0/><W105/><G35/><T37/><D134/><U1/><E1/><V34/><F135/><W55/><G28/><T23/><D131/><N who="1" m="50187" /><E12/><V127/><F98/><W81/><G61/><T38/><D41/><N who="1" m="22823" /><E103/><V21/><F34/><W99/><G50/><T102/><D102/><U93/><E106/><V77/><F77/><W85/><G105/><T44/><D100/><U22/><E32/><V63/><F65/><W39/><G68/><T125/><D120/><U119/><E119/><V83/><F83/><W13/><G70/><T67/><D15/><U121/><E93/><V4/><REACH who="2" step="1"/><F58/><REACH who="2" ten="230,240,220,300" step="2"/><W30/><G81/><T60/><D67/><U2/><E2/><V73/><F73/><W90/><G78/><T62/><D69/><U133/><E133/><V104/><F104/><W75/><G75/><T96/><D66/><U11/><E121/><V128/><F128/><W3/><G3/><T29/><D96/><U110/><E110/><V88/><F88/><W82/><G97/><T114/><D91/><U19/><E11/><V118/><F118/><W6/><G99/><T47/><D114/><U117/><E117/><V25/><F25/><W94/><G82/><T7/><D24/><U17/><E17/><AGARI ba="0,1" hai="4,9,14,17,21,26,45,49,53,56,63,64,124,127" machi="17" ten="40,2600,0" yaku="1,1,52,1,53,0" doraHai="42" doraHaiUra="126" who="2" fromWho="1" sc="230,0,240,-26,220,36,300,0" /><INIT seed="2,0,0,4,2,83" ten="230,214,256,300" oya="2" hai0="108,78,41,82,75,51,11,118,3,104,134,8,92" hai1="69,36,110,81,58,102,124,72,113,120,26,64,12" hai2="66,1,37,4,107,89,49,85,117,17,59,79,13" hai3="23,62,125,121,14,76,61,21,52,74,6,96,95"/><V50/><F117/><W31/><G121/><T20/><D108/><U57/><E12/><V132/><F107/><W86/><G74/><T135/><D104/><U87/><E72/><V38/><F132/><W109/><G109/><T55/><D118/><U45/><E102/><V130/><F130/><W27/><G125/><T128/><D128/><U90/><E110/><V93/><F1/><W88/><G52/><T9/><D3/><U123/><E113/><V122/><F122/><N who="1" m="46633" /><E26/><V115/><F115/><W25/><G6/><T40/><D20/><U106/><E106/><V77/><F4/><W15/><G15/><T44/><REACH who="0" step="1"/><D92/><REACH who="0" ten="220,214,256,300" step="2"/><U18/><E124/><V33/><F33/><W112/><G112/><T30/><D30/><U47/><E18/><V119/><F119/><W43/><G31/><T7/><D7/><U60/><E36/><V29/><F29/><W35/><G35/><T91/><D91/><U46/><AGARI ba="0,1" hai="45,46,47,57,58,60,64,69,81,87,90" m="46633" machi="46" ten="30,2000,0" yaku="13,1,52,1" doraHai="83" who="1" fromWho="1" sc="220,-5,214,30,256,-10,300,-5" /><INIT seed="3,0,0,1,1,112" ten="215,244,246,295" oya="3" hai0="36,56,28,89,94,93,133,65,32,130,53,73,87" hai1="62,0,124,37,74,26,41,47,91,82,59,9,61" hai2="100,131,116,64,27,12,111,113,86,38,99,117,63" hai3="134,15,71,88,23,79,78,44,17,106,1,104,50"/><W103/><G1/><T70/><D130/><U60/><E26/><V55/><F113/><W115/><G115/><T49/><D133/><U98/><E98/><V42/><F55/><W33/><G33/><T67/><D73/><U123/><E124/><V92/><F131/><W39/><G71/><T22/><D32/><U5/><E123/><V114/><F114/><W125/><G39/><T21/><D36/><U129/><E129/><V102/><F111/><W109/><G125/><T121/><D121/><U54/><E91/><V40/><F102/><W101/><G134/><T7/><D7/><U135/><REACH who="1" step="1"/><E135/><REACH who="1" ten="215,234,246,295" step="2"/><V83/><F27/><W119/><G109/><T8/><D89/><U20/><E20/><V97/><F97/><W16/><G88/><T66/><D21/><U46/><E46/><V80/><F99/><W69/><G44/><T4/><D22/><U14/><E14/><V118/><F12/><W19/><G23/><T95/><D8/><U76/><AGARI ba="0,1" hai="0,5,9,37,41,47,54,59,60,61,62,74,76,82" machi="76" ten="30,8000,1" yaku="1,1,0,1,25,2,53,1" doraHai="112" doraHaiUra="43" who="1" fromWho="1" sc="215,-20,234,90,246,-20,295,-40" /><INIT seed="4,0,0,3,0,93" ten="195,324,226,255" oya="0" hai0="26,95,110,76,21,58,67,7,72,61,44,59,56" hai1="24,55,1,119,132,39,9,70,46,116,97,60,29" hai2="57,3,49,54,15,4,71,111,48,11,133,108,73" hai3="63,78,96,105,13,27,5,77,41,33,0,80,30"/><T74/><D110/><U89/><E132/><V127/><F73/><W100/><G41/><T8/><D44/><U83/><E83/><V82/><F71/><W90/><G0/><T94/><D74/><U42/><E89/><V109/><F133/><W104/><G104/><T103/><D76/><U65/><E55/><V91/><F127/><W37/><G37/><T117/><D72/><U107/><E9/><V84/><REACH who="2" step="1"/><F3/><REACH who="2" ten="195,324,216,255" step="2"/><W106/><G77/><T115/><D115/><U2/><E2/><V129/><F129/><W121/><G78/><T22/><D117/><U51/><E1/><V52/><F52/><W124/><G124/><T20/><D26/><U128/><E128/><V81/><F81/><W31/><G80/><T12/><REACH who="0" step="1"/><D103/><REACH who="0" ten="185,324,216,255" step="2"/><N who="1" m="62959" /><E39/><V68/><F68/><AGARI ba="0,2" hai="7,8,12,20,21,22,56,58,59,61,67,68,94,95" machi="68" ten="40,2000,0" yaku="1,1,53,0" doraHai="93" doraHaiUra="98" who="0" fromWho="2" sc="185,40,324,0,216,-20,255,0" /><INIT seed="4,1,0,2,2,51" ten="225,324,196,255" oya="0" hai0="57,14,113,100,133,72,123,44,122,18,33,85,89" hai1="116,77,128,127,68,81,37,26,6,16,39,58,94" hai2="54,36,96,24,23,45,4,97,126,66,3,22,111" hai3="88,93,86,12,101,63,131,25,99,71,7,46,48"/><T124/><D72/><U47/><E68/><V118/><F111/><W53/><G131/><T76/><D33/><U112/><E116/><V13/><F126/><W1/><G1/><T117/><D117/><U102/><E6/><V49/><F118/><W41/><G25/><T74/><D124/><U125/><E128/><V105/><F3/><W60/><G71/><T90/><D113/><U83/><E112/><V50/><F36/><W21/><G41/><T11/><D133/><U107/><E107/><V31/><F66/><W27/><G12/><T0/><D0/><U120/><E120/><V91/><F105/><W43/><G43/><T78/><D74/><U121/><E121/><V92/><F50/><W15/><G15/><T10/><D100/><U55/><E127/><V8/><REACH who="2" step="1"/><F97/><REACH who="2" ten="225,324,186,255" step="2"/><W73/><G73/><T20/><D123/><U38/><E125/><V40/><F40/><W114/><G114/><T106/><D106/><U52/><E39/><V62/><F62/><W82/><REACH who="3" step="1"/><G7/><REACH who="3" ten="225,324,186,245" step="2"/><T109/><D122/><U42/><E38/><V34/><AGARI ba="1,2" hai="4,8,13,22,23,24,31,34,45,49,54,91,92,96" machi="34" ten="20,5200,0" yaku="1,1,0,1,7,1,52,1,53,0" doraHai="51" doraHaiUra="110" who="2" fromWho="2" sc="225,-27,324,-14,186,75,245,-14" /><INIT seed="5,0,0,4,3,42" ten="198,310,261,231" oya="1" hai0="124,9,52,118,4,24,44,47,61,5,134,99,90" hai1="48,132,89,25,120,76,60,65,66,112,49,79,34" hai2="107,116,133,105,123,57,122,11,75,87,32,46,131" hai3="127,103,77,129,73,28,36,51,38,21,30,101,40"/><U16/><E120/><V12/><F116/><W97/><G129/><T20/><D134/><U17/><E132/><V108/><F133/><W81/><G127/><T22/><D124/><U86/><E34/><V54/><F75/><W8/><G101/><T96/><D118/><U85/><E112/><V53/><F32/><W110/><G110/><T68/><D20/><U98/><E98/><N who="0" m="37417" /><D90/><U10/><E25/><V39/><F108/><W63/><G63/><T27/><D68/><U80/><E10/><V94/><F131/><W55/><G40/><T82/><D82/><U67/><E60/><V102/><F123/><W72/><G72/><T128/><D24/><U3/><E3/><V70/><F70/><W83/><G83/><T1/><D1/><U7/><E7/><N who="0" m="2633" /><D9/><U92/><E79/><V59/><F122/><W125/><G8/><T56/><D128/><U37/><E37/><V109/><F39/><W35/><G125/><T41/><D41/><U104/><E104/><V111/><F107/><W88/><G88/><T69/><D69/><U74/><E74/><V62/><F105/><W2/><G2/><T115/><D115/><U114/><E114/><V33/><F111/><W29/><G21/><T117/><D117/><U106/><E106/><V43/><F109/><W19/><G35/><T130/><D130/><U119/><E119/><V0/><F33/><W135/><G135/><T14/><D14/><U71/><E71/><V95/><F0/><W26/><G26/><T23/><D23/><U126/><E126/><V15/><F11/><W113/><G113/><T18/><AGARI ba="0,0" hai="18,22,27,44,47,52,56,61" m="2633,37417" machi="18" ten="30,8000,1" yaku="5,1,8,1,52,2,54,1" doraHai="42" who="0" fromWho="0" sc="198,80,310,-40,261,-20,231,-20" /><INIT seed="6,0,0,5,1,26" ten="278,270,241,211" oya="2" hai0="117,107,110,98,82,14,19,87,100,104,111,115,31" hai1="12,134,77,63,40,67,103,49,50,25,127,125,131" hai2="1,16,94,102,54,80,55,120,24,101,43,121,97" hai3="84,30,96,51,78,36,0,32,52,39,9,126,48"/><V130/><F1/><W38/><G126/><N who="1" m="48138" /><E12/><V106/><F130/><W53/><G96/><T64/><D115/><U6/><E6/><V71/><F71/><W108/><G108/><T21/><D117/><U60/><E77/><V41/><F106/><W47/><G0/><T57/><D104/><U72/><E72/><V119/><F119/><W46/><G9/><T7/><D7/><U86/><E86/><V116/><F116/><W45/><G78/><T122/><D122/><U66/><E103/><V37/><F102/><W28/><G84/><T20/><D20/><U15/><E15/><V62/><F37/><W95/><G95/><T18/><D18/><U59/><E25/><V10/><F121/><W4/><G4/><T35/><D35/><U81/><E81/><V44/><F120/><W128/><G128/><T112/><D112/><U109/><E131/><V91/><F44/><W70/><G70/><T29/><D111/><U23/><E23/><N who="2" m="13415" /><F10/><W90/><G90/><T11/><D110/><U8/><E8/><V92/><F80/><W135/><G135/><T56/><D11/><U118/><E118/><V61/><F94/><W124/><G124/><T58/><REACH who="0" step="1"/><D64/><REACH who="0" ten="268,270,241,211" step="2"/><U75/><E109/><V33/><F33/><W27/><REACH who="3" step="1"/><G30/><REACH who="3" ten="268,270,241,201" step="2"/><T2/><D2/><U79/><E134/><V3/><F3/><W83/><G83/><T89/><AGARI ba="0,2" hai="14,19,21,29,31,56,57,58,82,87,89,98,100,107" machi="89" ten="30,7900,0" yaku="1,1,0,1,52,2,53,0" doraHai="26" doraHaiUra="65" who="0" fromWho="0" sc="268,99,270,-20,241,-39,201,-20" /><INIT seed="7,0,0,0,5,96" ten="367,250,202,181" oya="3" hai0="79,98,8,66,13,91,52,9,108,37,106,42,105" hai1="122,113,69,99,48,26,130,12,30,5,109,41,51" hai2="39,104,24,20,14,84,47,123,95,132,71,75,44" hai3="25,80,63,46,100,116,92,87,65,7,103,55,114"/><W70/><G116/><T27/><D108/><U94/><E69/><V58/><F75/><W11/><G114/><T72/><D66/><U59/><E109/><V120/><F104/><W3/><G92/><T118/><D118/><U85/><E122/><N who="2" m="46635" /><F71/><W22/><G55/><T89/><D37/><U97/><E130/><V73/><F73/><W119/><G119/><T133/><D42/><U19/><E5/><V21/><F132/><W93/><G93/><T60/><D27/><U2/><E2/><V68/><F68/><W129/><G46/><T40/><D40/><U62/><E85/><V45/><F14/><W86/><G129/><T34/><D34/><U82/><E99/><V81/><F95/><W29/><REACH who="3" step="1"/><G86/><REACH who="3" ten="367,250,202,171" step="2"/><T124/><D52/><N who="1" m="34151" /><E113/><V115/><F115/><W78/><AGARI ba="0,1" hai="3,7,11,22,25,29,63,65,70,78,80,87,100,103" machi="78" ten="20,12000,1" yaku="1,1,0,1,7,1,52,2,53,0" doraHai="96" doraHaiUra="28" who="3" fromWho="3" sc="367,-40,250,-40,202,-40,171,130" /><INIT seed="7,1,0,4,0,101" ten="327,210,162,301" oya="3" hai0="108,100,103,22,49,76,41,51,85,10,69,40,105" hai1="52,45,14,7,21,66,106,8,114,98,42,6,89" hai2="68,80,32,131,31,75,15,124,74,55,90,28,92" hai3="19,1,82,37,39,65,93,30,4,107,25,72,61"/><W35/><G93/><T96/><D108/><U11/><E114/><V91/><F131/><W88/><G88/><T0/><D69/><U63/><E21/><V128/><F128/><W125/><G125/><T36/><D36/><U56/><E66/><V44/><F124/><W123/><G123/><T50/><D100/><U53/><E53/><V87/><F68/><N who="3" m="42031" /><G107/><T129/><D129/><U43/><E45/><V116/><F116/><W67/><G19/><T126/><D126/><U121/><E121/><V115/><F115/><W12/><G12/><T110/><D110/><U48/><E63/><V95/><F32/><W5/><G5/><T62/><D62/><U127/><E127/><V13/><F80/><W99/><G99/><T58/><D58/><U73/><E73/><V29/><F74/><W84/><G84/><T23/><D0/><U109/><E109/><V104/><F104/><W119/><G67/><T86/><D10/><U117/><E117/><V18/><F75/><W94/><G94/><N who="0" m="58775" /><D86/><U60/><E60/><V113/><F113/><W26/><G26/><T132/><D105/><U133/><E133/><V24/><F24/><W134/><G134/><T27/><D132/><U102/><E89/><V70/><F70/><W59/><G59/><T2/><D2/><AGARI ba="1,0" hai="2,6,7,8,11,14,42,43,48,52,56,98,102,106" machi="2" ten="30,3900,0" yaku="7,1,52,1,54,1" doraHai="101" who="1" fromWho="0" sc="327,-42,210,42,162,0,301,0" owari="285,9.0,252,-15.0,162,-34.0,301,40.0" /></mjloggm>