<mjloggm ver="2.3"><GO type="185" lobby="0"/><UN n0="%E3%81%AE%E3%83%BC%E3%81%97" n1="%E9%96%A2%E8%A5%BF%E9%9B%80%E5%A3%AB%E4%BC%9A" n2="%E3%82%AA%E3%83%A0%E3%81%82%E3%82%93%E3%81%93" n3="" dan="18,16,16,0" rate="2297.00,2089.37,2141.59,1500.00" sx="M,M,M,C"/><TAIKYOKU oya="0"/><BYE who="2" /><UN n2="%E3%82%AA%E3%83%A0%E3%81%82%E3%82%93%E3%81%93" /><INIT seed="0,0,0,2,5,123" ten="350,350,350,0" oya="0" hai0="131,32,50,43,95,1,120,57,83,41,47,118,103" hai1="105,0,62,85,89,48,61,117,111,36,100,71,135" hai2="39,44,60,134,104,34,115,91,76,129,67,2,69" hai3=""/><T81/><N who="0" m="30752" /><T70/><D1/><U72/><E0/><V102/><F34/><T65/><D32/><U59/><E117/><V37/><F115/><T33/><D33/><U51/><E36/><V97/><F2/><T96/><D118/><U113/><E72/><V3/><F3/><T55/><D131/><U42/><E135/><V58/><F134/><T79/><D70/><U109/><E113/><V38/><F91/><T128/><D128/><U108/><E71/><V92/><F92/><T56/><D83/><U84/><E42/><V99/><F99/><T66/><D41/><U78/><E78/><V126/><F129/><T110/><D57/><U122/><N who="1" m="31264" /><U68/><E68/><V45/><F69/><T88/><D103/><U90/><E100/><V46/><F37/><T63/><D110/><U82/><E105/><V94/><F104/><T114/><REACH who="0" step="1"/><D114/><REACH who="0" ten="340,350,350,0" step="2"/><U119/><E119/><V35/><F35/><T124/><D124/><U53/><REACH who="1" step="1"/><E62/><REACH who="1" ten="340,340,350,0" step="2"/><V107/><F102/><T80/><D80/><AGARI ba="0,2" hai="48,51,53,59,61,80,82,84,85,89,90,108,109,111" m="31264" machi="80" ten="40,16000,3" yaku="1,1,2,1,9,1,14,1,52,4,53,0" doraHai="123" doraHaiUra="132" who="1" fromWho="0" sc="340,-160,340,180,350,0,0,0" /><INIT seed="1,0,0,5,5,134" ten="180,520,350,0" oya="1" hai0="114,110,43,62,56,97,98,116,42,122,78,119,74" hai1="85,34,79,84,40,104,94,99,57,61,106,126,69" hai2="67,49,89,117,2,135,33,82,111,112,88,131,109" hai3=""/><U87/><E34/><V121/><N who="2" m="31008" /><V35/><F2/><T101/><N who="0" m="31264" /><T73/><D114/><U80/><E69/><V92/><F112/><T108/><D42/><U1/><E1/><V125/><F117/><N who="0" m="45130" /><D43/><U91/><E40/><V53/><F135/><T76/><D56/><U58/><E58/><V32/><F67/><T130/><D62/><U83/><E57/><V3/><F3/><T103/><D78/><U37/><E37/><V96/><F49/><T45/><D45/><U39/><E39/><V90/><F53/><T71/><D71/><U107/><E61/><V36/><F36/><T68/><D68/><U81/><E126/><V52/><F125/><T55/><D55/><U105/><N who="1" m="26624" /><DORA hai="129" /><U93/><E93/><V38/><F92/><T66/><D66/><U63/><E63/><V100/><F52/><T124/><D124/><U47/><E47/><V128/><F38/><T127/><D127/><U70/><E70/><V65/><F65/><T59/><D59/><U133/><E133/><V44/><F44/><T64/><D64/><U118/><E118/><V115/><F32/><T50/><D50/><U51/><E51/><V60/><F33/><T0/><D0/><U102/><E79/><V54/><F35/><RYUUKYOKU ba="0,0" sc="180,-10,520,20,350,-10,0,0" hai1="80,81,83,84,85,87,91,94,99,102" /><INIT seed="1,1,0,0,0,129" ten="170,540,340,0" oya="1" hai0="79,43,93,126,80,98,58,119,2,78,130,133,59" hai1="52,90,105,118,44,91,35,86,0,74,97,83,121" hai2="99,94,53,110,67,117,132,64,40,54,38,88,39" hai3=""/><U109/><N who="1" m="31008" /><U70/><E35/><V82/><F117/><T77/><D2/><U113/><E113/><V101/><F40/><T111/><D119/><U37/><E0/><V33/><F33/><T123/><N who="0" m="31520" /><T69/><D69/><U131/><E118/><V41/><F41/><T81/><D130/><U76/><E70/><V3/><F3/><T45/><D126/><U66/><E66/><V87/><F110/><T89/><D111/><U73/><E131/><V112/><F112/><T72/><D133/><U61/><E37/><V62/><F67/><T48/><REACH who="0" step="1"/><D79/><REACH who="0" ten="160,540,340,0" step="2"/><U56/><E109/><V116/><F116/><T134/><D134/><U84/><E44/><V120/><F132/><T92/><D92/><U71/><E71/><V75/><F120/><T135/><D135/><U46/><E46/><V124/><F124/><T125/><D125/><U60/><E76/><V57/><F57/><T47/><D47/><U114/><E114/><V42/><F39/><T107/><D107/><U51/><E105/><V36/><F38/><T65/><D65/><U96/><E83/><V115/><F36/><T103/><D103/><U85/><E56/><V63/><F82/><T1/><D1/><U128/><E128/><V102/><F102/><RYUUKYOKU ba="1,1" sc="160,20,540,-10,340,-10,0,0" hai0="43,45,48,58,59,72,77,78,80,81,89,93,98" /><INIT seed="2,2,1,2,2,58" ten="180,530,330,0" oya="2" hai0="95,56,113,37,109,59,57,117,102,45,41,104,43" hai1="78,116,66,52,125,68,69,3,54,131,119,123,132" hai2="114,124,94,71,0,35,33,121,89,67,103,61,87" hai3=""/><V84/><N who="2" m="31008" /><V47/><F0/><T80/><D117/><N who="1" m="45131" /><E3/><V118/><F114/><T105/><D113/><U130/><N who="1" m="31520" /><U134/><E78/><V38/><F118/><T79/><D41/><U40/><E40/><V133/><F133/><N who="1" m="51305" /><E125/><V88/><F124/><T62/><D109/><U90/><E90/><V32/><F103/><T70/><D95/><U1/><E1/><V93/><F38/><T101/><D101/><U106/><E106/><V49/><F32/><T34/><D102/><U99/><E99/><V53/><AGARI ba="2,1" hai="33,35,47,49,53,61,67,71,84,87,88,89,93,94" m="31008" machi="53" ten="20,12000,2" yaku="0,1,7,1,9,1,52,2,54,1" doraHai="58" who="2" fromWho="2" sc="180,-62,530,-62,330,134,0,0" /><INIT seed="2,3,0,3,3,34" ten="118,468,464,0" oya="2" hai0="88,33,117,45,102,95,53,97,132,55,62,64,61" hai1="115,37,110,123,101,91,75,54,114,99,58,1,44" hai2="42,127,32,3,48,133,2,113,71,103,96,80,100" hai3=""/><V116/><F32/><T104/><D33/><U89/><N who="1" m="31520" /><U66/><E75/><V52/><F71/><T109/><D117/><U124/><E124/><V73/><F127/><T118/><D118/><U130/><E130/><V121/><N who="2" m="31008" /><V105/><F116/><T68/><D109/><U120/><N who="1" m="30752" /><U112/><E110/><V135/><F113/><T49/><D132/><N who="2" m="50762" /><F42/><T125/><D125/><U50/><E1/><N who="2" m="11" /><F100/><T98/><REACH who="0" step="1"/><D62/><REACH who="0" ten="108,468,464,0" step="2"/><U59/><E37/><V128/><F128/><T107/><D107/><U82/><E115/><V40/><F40/><AGARI ba="3,1" hai="40,45,49,53,55,61,64,68,88,95,97,98,102,104" machi="40" ten="30,3900,0" yaku="1,1,7,1,54,1,53,0" doraHai="34" doraHaiUra="122" who="0" fromWho="2" sc="108,55,468,0,464,-45,0,0" /><INIT seed="4,0,0,2,1,41" ten="163,468,419,0" oya="0" hai0="103,101,82,88,134,51,87,53,114,86,102,73,117" hai1="32,97,57,85,107,84,126,77,91,3,122,60,118" hai2="92,93,131,37,44,2,81,115,112,50,68,38,135" hai3=""/><T128/><D117/><U59/><N who="1" m="31264" /><U96/><E32/><V121/><N who="2" m="31008" /><V104/><F104/><T111/><D134/><U76/><E118/><V109/><F68/><T79/><D128/><U52/><E3/><V36/><F2/><T49/><D111/><U119/><E119/><V125/><F135/><T34/><D34/><U47/><E126/><V33/><F125/><T99/><D49/><U124/><E124/><V67/><F131/><T66/><D66/><U83/><E59/><V45/><F109/><T71/><D71/><U70/><E70/><V100/><F33/><T72/><D99/><N who="1" m="37963" /><E85/><V113/><F36/><T75/><D87/><U58/><E58/><V43/><F115/><T133/><D133/><U105/><E105/><V132/><F38/><T39/><D39/><U110/><E107/><V94/><F113/><T78/><REACH who="0" step="1"/><D114/><REACH who="0" ten="153,468,419,0" step="2"/><U0/><E110/><V98/><F112/><T129/><D129/><U46/><E0/><V64/><F132/><T123/><N who="0" m="31520" /><T62/><D62/><U120/><N who="1" m="30752" /><U127/><E127/><V108/><F108/><T63/><D63/><U90/><E76/><V35/><F35/><T42/><D42/><U56/><E56/><AGARI ba="0,1" hai="51,53,56,72,73,75,78,79,82,86,88,101,102,103" m="31520" machi="56" ten="50,12000,1" yaku="1,1,52,1,54,1,53,1" doraHai="41" doraHaiUra="48" who="0" fromWho="1" sc="153,130,468,-120,419,0,0,0" /><INIT seed="4,1,0,4,4,120" ten="283,348,419,0" oya="0" hai0="135,81,66,93,129,0,54,63,110,41,131,33,42" hai1="85,98,76,104,74,65,113,132,58,107,82,75,112" hai2="47,88,44,118,102,37,94,95,133,103,127,117,36" hai3=""/><T130/><D0/><U51/><E132/><V119/><F133/><T108/><D33/><U73/><E65/><V40/><F127/><T34/><D34/><U64/><E64/><V61/><F61/><T106/><D106/><N who="1" m="40491" /><E58/><V116/><F116/><T55/><D135/><U79/><E51/><V114/><F114/><N who="1" m="44137" /><E98/><V90/><F119/><T56/><D93/><U38/><E38/><V109/><F40/><N who="0" m="15466" /><D81/><AGARI ba="1,0" hai="73,74,75,76,79,81,82,85" m="44137,40491" machi="81" ten="30,7700,0" yaku="15,1,11,1,34,2" doraHai="120" who="1" fromWho="0" sc="283,-79,348,79,419,0,0,0" /><INIT seed="5,0,0,5,4,100" ten="204,427,419,0" oya="1" hai0="36,118,131,68,97,41,92,67,65,82,128,1,34" hai1="55,64,85,73,56,58,117,90,108,132,119,103,123" hai2="87,129,109,95,40,32,116,61,124,0,105,50,71" hai3=""/><U135/><N who="1" m="31520" /><U125/><E73/><V126/><F0/><T83/><D34/><U112/><E112/><V51/><F116/><T98/><D1/><U107/><E125/><V62/><F32/><T88/><D68/><U74/><E74/><V42/><F109/><T63/><D63/><U114/><E114/><V59/><F71/><T111/><D111/><U133/><E64/><V3/><F3/><T80/><D118/><N who="1" m="45067" /><E108/><V76/><F59/><N who="1" m="22569" /><E55/><V86/><F95/><T89/><D41/><U72/><E72/><V49/><F49/><T94/><D36/><U99/><E85/><V104/><F76/><T113/><D113/><U46/><E90/><V52/><F52/><T45/><D82/><U75/><E75/><V84/><F84/><T127/><REACH who="0" step="1"/><D45/><AGARI ba="0,0" hai="45,46,99,103,107,132,133,135" m="22569,45067,31520" machi="45" ten="40,7700,0" yaku="20,1,52,2" doraHai="100" who="1" fromWho="0" sc="204,-77,427,77,419,0,0,0" /><INIT seed="5,1,0,2,5,114" ten="127,504,419,0" oya="1" hai0="135,93,124,81,54,98,71,132,103,55,69,58,76" hai1="57,60,118,73,38,123,100,91,34,105,129,89,87" hai2="59,48,112,46,64,84,106,99,62,40,134,41,109" hai3=""/><U78/><N who="1" m="31520" /><U131/><E34/><V39/><F109/><T45/><D124/><U113/><E38/><V66/><F112/><T67/><D132/><U75/><E113/><V82/><F134/><T126/><D135/><U74/><E60/><V111/><F111/><T52/><D126/><U102/><E57/><V92/><F106/><T108/><D108/><U90/><E118/><V80/><F66/><T119/><D119/><U94/><E105/><V1/><F1/><T125/><D125/><U65/><E65/><V68/><F84/><T97/><D97/><U50/><E50/><V42/><F42/><T72/><REACH who="0" step="1"/><D45/><REACH who="0" ten="117,504,419,0" step="2"/><U51/><E131/><V127/><F127/><T115/><D115/><U56/><E129/><V53/><REACH who="2" step="1"/><F40/><REACH who="2" ten="117,504,409,0" step="2"/><T44/><D44/><U36/><E36/><V79/><F79/><T101/><D101/><AGARI ba="1,2" hai="39,41,46,48,53,59,62,64,68,80,82,92,99,101" machi="101" ten="30,8000,1" yaku="1,1,7,1,24,2,53,1" doraHai="114" doraHaiUra="95" who="2" fromWho="0" sc="117,-82,504,0,409,102,0,0" /><INIT seed="6,0,0,0,3,56" ten="35,504,511,0" oya="2" hai0="73,96,83,120,105,75,63,80,122,89,124,99,94" hai1="68,34,106,50,125,121,71,74,55,128,41,53,3" hai2="114,40,2,43,78,44,93,33,132,62,92,108,51" hai3=""/><V113/><F2/><T90/><N who="0" m="30752" /><T47/><N who="0" m="31264" /><T86/><D47/><U133/><N who="1" m="31008" /><U82/><E34/><V76/><F33/><T95/><D63/><U130/><E3/><V49/><F108/><T116/><D116/><U127/><E106/><V126/><F126/><N who="1" m="48137" /><E133/><V91/><F132/><T97/><D124/><U102/><E102/><V100/><F62/><T58/><D58/><U65/><E65/><V115/><F100/><T117/><D117/><U98/><E98/><V112/><F112/><T1/><D1/><U36/><E36/><V109/><F109/><T135/><D135/><U129/><E41/><V64/><F64/><T72/><REACH who="0" step="1"/><D105/><REACH who="0" ten="25,504,511,0" step="2"/><U42/><E42/><V118/><F118/><T77/><D77/><U87/><E74/><V84/><F40/><T57/><D57/><U107/><E107/><V69/><F69/><N who="1" m="26697" /><E50/><V66/><F66/><T46/><D46/><U79/><AGARI ba="0,1" hai="53,55,79,82,87,128,129,130" m="26697,48137,31008" machi="79" ten="40,3900,0" yaku="19,1,18,1,52,1" doraHai="56" who="1" fromWho="1" sc="25,-13,504,49,511,-26,0,0" owari="12,-59.0,553,50.0,485,9.0,0,0.0" /></mjloggm>