<mjloggm ver="2.3"><GO type="169" lobby="0"/><UN n0="%E9%9B%80%E8%8D%98%E4%B8%AD%E5%B7%9D" n1="%E3%81%8B%E3%81%A4%E3%81%A9%E3%82%93" n2="%E5%A4%95%E5%87%AA" n3="%E3%81%A9%E3%81%84%E3%83%BC%E3%82%93" dan="17,17,18,16" rate="2195.35,2247.74,2207.37,2075.90" sx="M,F,M,M"/><TAIKYOKU oya="0"/><INIT seed="0,0,0,2,0,86" ten="250,250,250,250" oya="0" hai0="40,65,104,81,12,70,5,9,134,129,56,89,50" hai1="71,76,94,117,36,7,64,15,61,125,103,100,115" hai2="27,28,43,74,19,33,109,30,31,32,58,34,91" hai3="24,2,132,18,20,131,130,82,4,69,99,97,63"/><T53/><D104/><U59/><E117/><V77/><F109/><W60/><G132/><T88/><D134/><U123/><E123/><V84/><F43/><W78/><G2/><T80/><D129/><N who="3" m="49161" /><G4/><T39/><D81/><U133/><E133/><V10/><F74/><N who="3" m="43351" /><G69/><T101/><D101/><U98/><E115/><V38/><F38/><W55/><G55/><T124/><D80/><U8/><E125/><V46/><F46/><W102/><G99/><T120/><D120/><U37/><E71/><V35/><F58/><W14/><G14/><T75/><D75/><U47/><E47/><V25/><F77/><W44/><G44/><N who="0" m="23583" /><D124/><U1/><E76/><V127/><F127/><W85/><G85/><T121/><D121/><U119/><E119/><V79/><F79/><W95/><AGARI ba="0,0" hai="18,20,24,60,63,95,97,102" m="43351,49161" machi="95" ten="30,1100,0" yaku="19,1" doraHai="86" who="3" fromWho="3" sc="250,-5,250,-3,250,-3,250,11" /><INIT seed="1,0,0,3,5,36" ten="245,247,247,261" oya="1" hai0="101,19,79,48,41,123,15,67,35,62,129,80,110" hai1="71,97,76,51,52,108,100,118,92,40,53,14,83" hai2="24,57,31,120,82,26,85,99,69,34,68,90,64" hai3="134,84,8,3,22,23,46,9,98,37,70,61,130"/><U32/><E118/><V50/><F120/><W127/><G134/><T105/><D35/><U104/><E71/><V95/><F24/><W88/><G127/><T114/><D114/><U93/><E32/><V33/><F33/><W38/><G130/><T131/><D123/><U103/><E108/><V77/><F64/><W102/><G38/><T39/><D39/><U74/><E14/><V18/><F18/><W87/><G87/><T11/><D110/><U5/><E5/><V6/><F57/><W135/><G135/><T133/><D101/><U21/><E21/><V122/><F122/><W55/><G9/><T42/><D105/><U121/><E121/><V86/><F50/><W126/><G126/><T94/><D94/><U12/><E12/><V45/><F45/><W58/><G70/><N who="0" m="42359" /><D48/><U7/><E7/><V10/><F85/><W49/><G37/><T27/><D27/><U29/><E29/><V4/><F4/><W128/><G128/><N who="0" m="49227" /><D133/><U115/><E115/><V28/><F28/><W20/><G3/><AGARI ba="0,0" hai="3,6,10,26,31,34,68,69,77,82,86,90,95,99" machi="3" ten="30,1000,0" yaku="7,1" doraHai="36" who="2" fromWho="3" sc="245,0,247,0,247,10,261,-10" /><INIT seed="2,0,0,1,4,16" ten="245,247,257,251" oya="2" hai0="4,87,103,42,125,36,81,54,109,112,83,34,41" hai1="53,39,56,98,30,3,108,129,95,113,33,79,68" hai2="117,17,75,116,40,86,69,0,26,124,134,133,90" hai3="25,50,97,126,14,13,1,21,130,100,11,99,111"/><V118/><F69/><W115/><G111/><T5/><D112/><U10/><E113/><V91/><F0/><W107/><G115/><T49/><D34/><U102/><E108/><V82/><F40/><W19/><G126/><T72/><D36/><U89/><E68/><V37/><F37/><W57/><G130/><T121/><D121/><U47/><E129/><V31/><F124/><W104/><G1/><T92/><D72/><U65/><E79/><V35/><F75/><W80/><G80/><T64/><D64/><U85/><E65/><V77/><REACH who="2" step="1"/><F17/><REACH who="2" ten="245,247,247,251" step="2"/><W22/><G104/><T51/><D109/><U88/><E39/><V70/><F70/><W132/><G132/><AGARI ba="0,1" hai="26,31,35,77,82,86,90,91,116,117,118,132,133,134" machi="132" ten="50,4800,0" yaku="1,1,20,1,53,0" doraHai="16" doraHaiUra="43" who="2" fromWho="3" sc="245,0,247,0,247,58,251,-48" /><INIT seed="2,1,0,5,1,38" ten="245,247,305,203" oya="2" hai0="87,51,23,122,131,101,24,129,34,86,103,44,111" hai1="47,91,106,126,40,7,70,100,108,68,37,3,117" hai2="1,11,82,30,63,135,52,72,8,118,31,133,76" hai3="25,53,127,17,55,39,125,93,77,18,114,21,16"/><V14/><F1/><W134/><G134/><N who="2" m="51209" /><F118/><W88/><G77/><T104/><D34/><U10/><E117/><V102/><F102/><N who="0" m="38922" /><D104/><U78/><E108/><V74/><F74/><W54/><G39/><T48/><D48/><U113/><E113/><V92/><F92/><W19/><REACH who="3" step="1"/><G114/><REACH who="3" ten="245,247,305,193" step="2"/><T130/><D122/><U49/><E37/><V61/><F76/><W90/><G90/><T43/><D111/><U28/><E78/><V73/><F73/><W41/><G41/><T29/><AGARI ba="1,1" hai="23,24,29,43,44,51,86,87,129,130,131" m="38922" machi="29" ten="40,2700,0" yaku="19,1,52,1" doraHai="38" who="0" fromWho="0" sc="245,40,247,-8,305,-14,193,-8" /><INIT seed="3,0,0,3,1,34" ten="285,239,291,185" oya="3" hai0="22,46,128,129,2,99,107,81,51,66,50,64,101" hai1="25,45,98,11,103,124,93,8,6,123,13,71,79" hai2="90,120,59,97,85,9,88,1,35,65,83,43,114" hai3="36,58,110,119,63,69,53,74,126,133,117,47,55"/><W7/><G74/><T116/><D116/><N who="3" m="44617" /><G7/><T105/><D105/><U10/><E123/><V132/><F114/><W17/><G17/><T115/><D115/><U78/><E124/><V84/><F84/><W3/><BYE who="2" /><G3/><UN n2="%E5%A4%95%E5%87%AA" /><T77/><D22/><U109/><E109/><V121/><F35/><W76/><G76/><N who="1" m="29226" /><E71/><V60/><F43/><N who="3" m="23015" /><G126/><T32/><D32/><U24/><E45/><V39/><F39/><W73/><G73/><T5/><D51/><U48/><E48/><V57/><F97/><W40/><G133/><T130/><D5/><U102/><E102/><V118/><F90/><W96/><G96/><T68/><D68/><U113/><E113/><V28/><F132/><W104/><G40/><N who="0" m="24903" /><D2/><U95/><E95/><V75/><F75/><AGARI ba="0,0" hai="64,66,75,77,81,99,101,107,128,129,130" m="24903" machi="75" ten="30,1000,0" yaku="19,1" doraHai="34" who="0" fromWho="2" sc="285,10,239,0,291,-10,185,0" /><INIT seed="4,0,0,2,5,64" ten="295,239,281,185" oya="0" hai0="90,99,83,115,73,110,78,10,71,55,119,43,62" hai1="11,34,16,69,3,18,106,51,117,132,1,58,17" hai2="8,67,13,57,126,40,6,5,81,116,30,123,48" hai3="122,15,108,93,35,23,24,98,61,113,77,74,70"/><T91/><D119/><U133/><E117/><V29/><F116/><W92/><G108/><T63/><D110/><U101/><E34/><V75/><F123/><W135/><G122/><T50/><D115/><U31/><E31/><V4/><F126/><W59/><G113/><T54/><D43/><U9/><E69/><V102/><F102/><W128/><G128/><T86/><D99/><N who="1" m="61759" /><E58/><V47/><F75/><W66/><G135/><N who="1" m="51786" /><E51/><V129/><F129/><W88/><G35/><T85/><D71/><U7/><E9/><V79/><F30/><W112/><G112/><T37/><D37/><U76/><E76/><V89/><F29/><W22/><G77/><T19/><D10/><U95/><E95/><V41/><F41/><W53/><G74/><T38/><D38/><U25/><E1/><V49/><F89/><W32/><G15/><T33/><D33/><U109/><E109/><V72/><F67/><W97/><G32/><T14/><D91/><U0/><E0/><V107/><F107/><W82/><G82/><T52/><D50/><U21/><AGARI ba="0,0" hai="3,7,11,16,17,18,21,25" m="51786,61759" machi="21" ten="30,2000,0" yaku="20,1,54,1" doraHai="64" who="1" fromWho="1" sc="295,-10,239,20,281,-5,185,-5" /><INIT seed="5,0,0,2,0,2" ten="285,259,276,180" oya="1" hai0="82,67,86,45,90,126,20,47,39,110,84,9,29" hai1="88,63,34,50,101,13,100,102,59,130,19,70,25" hai2="113,51,0,79,75,118,27,41,99,60,104,125,98" hai3="93,73,78,32,1,31,65,107,17,5,105,56,64"/><U131/><E70/><V6/><F118/><W58/><G93/><T61/><D110/><U91/><E50/><V36/><F125/><W94/><G94/><T81/><D126/><U11/><E34/><V92/><F51/><W7/><G17/><T62/><D39/><U115/><E25/><V35/><F60/><W109/><G1/><T68/><D62/><U3/><E3/><V85/><F104/><W117/><G78/><T33/><D33/><U24/><E24/><V53/><F53/><W38/><G73/><T129/><D129/><N who="1" m="49163" /><E115/><V112/><F41/><W42/><G42/><T16/><D9/><U30/><E30/><V40/><F40/><W44/><G44/><T4/><D4/><U83/><E83/><N who="2" m="45567" /><F36/><W116/><G32/><T80/><D29/><U122/><E122/><V28/><F6/><W89/><G89/><T37/><D82/><U10/><E10/><V119/><F0/><W48/><G48/><T103/><D37/><U66/><AGARI ba="0,0" hai="11,13,19,59,63,66,88,91,100,101,102" m="49163" machi="66" ten="30,3000,0" yaku="19,1,54,1" doraHai="2" who="1" fromWho="1" sc="285,-10,259,30,276,-10,180,-10" /><INIT seed="5,1,0,4,3,14" ten="275,289,266,170" oya="1" hai0="56,95,42,2,104,39,122,9,4,62,54,0,17" hai1="135,124,28,98,119,44,70,130,81,92,1,57,108" hai2="47,53,22,23,82,36,78,125,121,96,133,93,103" hai3="27,37,65,97,50,120,77,61,115,113,19,88,134"/><U80/><E70/><V99/><F121/><W34/><G120/><T10/><D104/><U11/><E119/><V84/><F133/><W91/><G37/><T129/><D129/><U83/><E130/><V29/><F125/><W89/><G77/><T118/><D122/><U75/><E135/><V25/><F36/><W101/><G134/><T40/><D118/><U38/><E124/><V79/><F79/><W63/><G50/><T7/><D39/><U100/><E108/><V131/><F131/><W72/><G72/><T5/><D5/><N who="1" m="1455" /><E57/><V68/><F68/><W73/><G73/><T21/><REACH who="0" step="1"/><D95/><REACH who="0" ten="265,289,266,170" step="2"/><U6/><E6/><V105/><F105/><W33/><G63/><T127/><D127/><U49/><E38/><V110/><F110/><W90/><G115/><T3/><D3/><U111/><E111/><V94/><F94/><W106/><G113/><T126/><D126/><U109/><E109/><V41/><F93/><W60/><G60/><T102/><D102/><U31/><E92/><V132/><F103/><W85/><G85/><T48/><D48/><U24/><E100/><V76/><F132/><W64/><N who="3" m="22528" /><DORA hai="66" /><W123/><G123/><T74/><D74/><U20/><E75/><V112/><F99/><W15/><G27/><AGARI ba="1,1" hai="0,2,4,7,9,10,17,21,27,40,42,54,56,62" machi="27" ten="30,7700,0" yaku="1,1,7,1,9,1,52,1,53,0" doraHai="14,66" doraHaiUra="114,116" who="0" fromWho="3" sc="265,90,289,0,266,0,170,-80" /><INIT seed="6,0,0,4,4,92" ten="355,289,266,90" oya="2" hai0="122,65,83,57,1,21,51,78,80,7,36,16,17" hai1="126,77,66,131,110,71,104,67,23,37,134,4,120" hai2="125,5,61,53,58,135,31,59,107,69,119,93,132" hai3="133,63,25,116,101,11,96,128,41,115,48,72,95"/><V62/><F107/><W6/><G116/><T28/><D122/><U91/><E110/><V124/><F31/><W100/><G115/><T44/><D36/><U3/><E104/><V94/><F5/><W56/><G128/><T129/><D129/><U13/><E37/><V30/><F30/><W2/><G133/><N who="2" m="51273" /><F69/><W34/><G72/><T109/><D109/><U14/><E71/><V75/><F75/><W32/><G101/><T49/><D7/><U52/><E4/><V108/><F108/><W118/><G118/><T117/><D1/><U54/><E3/><V121/><F119/><W42/><G48/><T50/><D44/><U22/><E120/><V79/><F79/><W89/><G100/><T123/><D123/><U98/><E77/><V64/><F121/><W106/><G106/><T40/><D40/><U26/><E131/><V81/><F81/><N who="0" m="31306" /><D78/><U27/><E134/><V10/><F10/><W29/><REACH who="3" step="1"/><G34/><REACH who="3" ten="355,289,266,80" step="2"/><T112/><D117/><U102/><E102/><V73/><F73/><W38/><G38/><T86/><D112/><U84/><E91/><V105/><F105/><W12/><G12/><T88/><D28/><U103/><E13/><V111/><F111/><W113/><G113/><T43/><D17/><U19/><E14/><V8/><F125/><W47/><G47/><T45/><D16/><U127/><E127/><V68/><F124/><W18/><G18/><T70/><D45/><U35/><E126/><V33/><F33/><W74/><G74/><T15/><D15/><U24/><E35/><V39/><F39/><W87/><G87/><T99/><D86/><RYUUKYOKU ba="0,1" sc="355,-10,289,-10,266,-10,80,30" hai3="2,6,11,25,29,32,41,42,56,63,89,95,96" /><INIT seed="7,1,1,5,4,12" ten="345,279,256,110" oya="3" hai0="133,24,84,21,102,27,13,121,104,106,26,60,35" hai1="22,110,59,0,98,124,20,116,16,49,68,92,80" hai2="93,62,19,113,43,77,129,108,3,58,95,39,97" hai3="134,101,1,9,40,115,61,55,82,67,65,85,31"/><W15/><G1/><T118/><D121/><U79/><E110/><V47/><F108/><W2/><G2/><T48/><D118/><U4/><E68/><V33/><F33/><W125/><G125/><T45/><D35/><U57/><E0/><V8/><F129/><W87/><G134/><T23/><D102/><U71/><E71/><V28/><F28/><W46/><G115/><T86/><D106/><U89/><E4/><V70/><F77/><W117/><G101/><T14/><D104/><U128/><E128/><V29/><F29/><W72/><G72/><T78/><D60/><U51/><E22/><N who="0" m="8201" /><D133/><U120/><E120/><V105/><F70/><W63/><G117/><T81/><D86/><N who="1" m="48415" /><E116/><V38/><F38/><W100/><G100/><T114/><D114/><U44/><E124/><V96/><F105/><W36/><G31/><T37/><D37/><U74/><E51/><V56/><F62/><W10/><G10/><T64/><D64/><U54/><E74/><V103/><F113/><W30/><G30/><T135/><D135/><U91/><E91/><N who="2" m="55359" /><F3/><W50/><G67/><T123/><D123/><U73/><E73/><V126/><F126/><W41/><G87/><T90/><D90/><U52/><E54/><AGARI ba="1,1" hai="13,14,24,26,27,45,48,54,78,81,84" m="8201" machi="54" ten="30,1000,0" yaku="8,1" doraHai="12" who="0" fromWho="1" sc="345,23,279,-13,256,0,110,0" owari="368,46.0,266,7.0,256,-14.0,110,-39.0" /></mjloggm>