<mjloggm ver="2.3"><GO type="169" lobby="0"/><UN n0="%E3%82%86%E3%81%86%E3%81%95%E3%81%8F%EF%BD%90" n1="%53%65%72%69%61" n2="%E3%83%95%E3%82%A1%E3%83%AA%E3%82%B9" n3="%70%69%6E%63%65%72%73" dan="16,19,16,16" rate="2068.16,2268.34,2126.89,2161.18" sx="M,M,F,M"/><TAIKYOKU oya="0"/><INIT seed="0,0,0,0,0,51" ten="250,250,250,250" oya="0" hai0="62,79,65,12,48,26,20,21,6,89,77,36,104" hai1="118,74,84,92,123,112,93,120,131,3,61,46,80" hai2="122,81,76,69,133,135,67,68,14,58,0,90,73" hai3="95,29,39,10,105,63,64,98,8,11,28,87,16"/><T35/><D35/><U7/><BYE who="0" /><E118/><V75/><F122/><W15/><G39/><T49/><D49/><U113/><E7/><V72/><F0/><W38/><G105/><T43/><D43/><U19/><E3/><V78/><F90/><UN n0="%E3%82%86%E3%81%86%E3%81%95%E3%81%8F%EF%BD%90" /><W41/><G87/><T42/><D36/><U25/><E46/><V119/><F119/><W102/><G41/><T114/><D114/><N who="1" m="44139" /><E61/><N who="2" m="38327" /><F14/><W70/><REACH who="3" step="1"/><G38/><REACH who="3" ten="250,250,250,240" step="2"/><T100/><D42/><U126/><E84/><V82/><F75/><W17/><G17/><T44/><D104/><U85/><E19/><V31/><F31/><AGARI ba="0,1" hai="8,10,11,15,16,28,29,31,63,64,70,95,98,102" machi="31" ten="40,5200,0" yaku="1,1,54,1,53,1" doraHai="51" doraHaiUra="97" who="3" fromWho="2" sc="250,0,250,0,250,-52,240,62" /><INIT seed="1,0,0,2,5,88" ten="250,250,198,302" oya="1" hai0="106,82,127,43,61,6,93,55,53,46,8,122,65" hai1="18,57,28,32,75,62,64,78,4,21,99,17,44" hai2="104,101,84,50,33,20,15,125,51,66,7,119,52" hai3="126,131,11,47,38,63,41,130,16,94,60,100,85"/><U121/><E121/><V72/><F72/><W79/><G126/><T89/><D122/><U135/><E135/><V76/><F119/><W0/><G79/><T123/><D123/><U12/><E75/><V129/><F33/><W2/><G2/><T69/><D127/><U117/><E117/><V113/><F129/><N who="3" m="49163" /><G0/><T91/><D106/><U105/><E78/><V86/><F113/><W77/><G77/><T103/><D103/><U110/><E110/><V10/><F66/><W73/><G73/><T14/><D82/><U71/><E44/><V70/><F70/><W111/><G111/><T83/><D83/><U22/><E4/><V45/><F125/><W107/><G107/><T26/><D26/><U124/><E124/><V35/><F35/><W118/><G118/><T42/><D42/><U67/><E28/><V108/><F108/><W97/><G85/><T80/><D80/><U92/><E32/><V9/><F76/><W116/><G116/><T30/><D30/><U115/><E105/><V40/><F104/><W54/><G54/><T34/><D34/><U96/><E115/><V13/><F86/><W31/><G31/><T109/><D109/><U24/><E99/><V74/><F84/><W90/><G100/><T102/><D102/><N who="1" m="60679" /><E71/><V48/><F74/><W58/><G58/><T112/><D112/><U81/><E81/><V59/><F101/><W5/><G5/><T29/><D29/><U120/><E120/><V128/><F128/><W95/><G95/><T3/><D3/><U25/><E67/><V114/><F114/><W36/><G36/><N who="0" m="21863" /><D93/><U39/><E39/><RYUUKYOKU ba="0,0" sc="250,10,250,10,198,-30,302,10" hai0="6,8,14,53,55,61,65,69,89,91" hai1="12,17,18,21,22,24,25,57,62,64" hai3="11,16,38,41,47,60,63,90,94,97" /><INIT seed="1,1,0,2,1,65" ten="260,260,168,312" oya="1" hai0="132,105,89,115,45,5,113,7,121,119,67,130,59" hai1="123,134,10,38,69,20,95,117,34,92,36,35,96" hai2="98,104,32,91,93,39,3,70,71,66,88,42,99" hai3="2,13,74,6,12,110,101,129,86,128,73,111,47"/><U103/><E117/><V114/><F3/><W28/><G101/><T84/><D119/><U127/><E123/><V78/><F32/><W48/><G2/><T80/><D130/><N who="3" m="50281" /><G28/><T87/><D132/><U94/><E134/><V112/><F78/><W63/><G63/><T120/><D105/><U131/><E131/><V68/><F66/><W126/><G86/><T116/><D116/><U21/><E127/><V0/><F0/><W26/><G26/><T97/><D97/><U52/><E35/><V81/><F81/><W90/><G90/><N who="0" m="51463" /><D45/><U102/><E34/><V1/><F1/><W24/><G24/><T135/><D135/><U83/><E83/><V72/><F72/><N who="3" m="27755" /><G126/><T50/><D67/><U79/><E79/><V40/><F39/><W51/><G6/><N who="0" m="2059" /><D50/><N who="3" m="18985" /><G47/><T25/><D25/><U49/><E38/><V31/><F31/><W29/><G29/><T100/><D59/><N who="1" m="33167" /><E36/><V107/><F71/><W43/><G43/><T18/><D100/><N who="1" m="38443" /><E69/><V85/><F85/><W8/><G8/><T55/><D55/><U64/><E64/><V57/><F57/><W77/><G77/><T44/><D44/><U37/><E37/><V27/><F27/><W11/><G11/><T33/><D33/><U133/><E133/><V54/><F54/><W56/><G56/><T76/><D76/><U124/><E124/><V53/><F53/><W108/><AGARI ba="1,0" hai="12,13,108,110,111" m="18985,27755,50281" machi="108" ten="40,8000,1" yaku="28,2,14,1,19,1" doraHai="65" who="3" fromWho="3" sc="260,-21,260,-41,168,-21,312,83" /><INIT seed="2,0,0,2,4,42" ten="239,219,147,395" oya="2" hai0="79,104,57,130,71,27,88,17,110,106,122,37,32" hai1="12,85,59,35,120,96,124,116,86,75,62,117,47" hai2="131,70,132,11,97,107,14,135,4,51,41,74,73" hai3="6,89,39,55,7,134,30,45,25,109,60,83,50"/><V23/><F70/><W15/><G109/><T9/><D110/><U65/><E75/><V8/><F131/><W125/><G125/><T29/><D130/><U112/><E112/><V108/><F108/><W93/><G134/><N who="2" m="51241" /><F23/><N who="3" m="15679" /><G39/><T52/><D71/><U78/><E35/><V72/><F11/><W0/><G0/><T54/><D79/><U43/><E124/><V31/><F31/><W67/><G83/><T2/><D37/><U10/><E120/><V22/><F22/><W40/><G67/><T3/><D122/><U63/><E96/><V24/><F24/><W66/><G66/><T53/><D57/><U49/><E63/><V28/><F28/><W99/><G15/><T98/><D17/><U113/><E113/><V48/><F41/><W64/><G64/><T91/><D9/><U100/><E100/><AGARI ba="0,0" hai="4,8,14,48,51,72,73,74,97,100,107" m="51241" machi="100" ten="40,2000,0" yaku="20,1" doraHai="42" who="2" fromWho="1" sc="239,0,219,-20,147,20,395,0" /><INIT seed="2,1,0,1,0,127" ten="239,199,167,395" oya="2" hai0="43,75,93,15,27,129,78,33,24,25,122,98,47" hai1="64,5,57,13,1,84,60,124,132,30,9,103,28" hai2="115,67,36,106,7,92,73,35,34,130,32,119,21" hai3="111,17,128,10,49,95,65,118,72,94,71,68,123"/><V58/><F106/><W82/><G118/><T56/><D122/><U100/><E124/><V39/><F119/><W18/><G123/><T116/><D116/><U6/><E132/><V105/><F105/><W125/><G125/><T41/><D33/><U87/><E1/><V74/><F115/><W37/><G37/><T112/><D112/><U61/><E6/><V63/><F7/><W20/><G111/><T26/><D26/><U59/><E84/><V114/><F114/><W46/><G10/><T23/><D56/><U52/><REACH who="1" step="1"/><E87/><REACH who="1" ten="239,189,167,395" step="2"/><V117/><F117/><W126/><G126/><T120/><D75/><U29/><AGARI ba="1,1" hai="5,9,13,28,29,30,52,57,59,60,61,64,100,103" machi="29" ten="30,8000,1" yaku="1,1,2,1,0,1,8,1,54,1,53,0" doraHai="127" doraHaiUra="80" who="1" fromWho="1" sc="239,-21,189,93,167,-41,395,-21" /><INIT seed="3,0,0,4,0,120" ten="218,282,126,374" oya="3" hai0="83,119,92,27,122,48,66,23,29,80,128,12,75" hai1="127,54,34,70,16,124,110,0,47,134,42,97,61" hai2="18,115,43,129,77,132,114,67,10,79,102,71,20" hai3="41,87,44,51,101,82,58,15,69,30,96,46,38"/><W109/><G69/><T31/><D128/><U13/><E34/><V117/><F129/><W99/><G30/><T19/><D119/><U28/><E28/><V111/><F117/><W24/><G24/><T36/><D36/><U33/><E33/><V81/><F102/><W45/><G58/><T107/><D107/><U4/><E134/><V7/><F132/><W93/><G38/><T64/><D122/><U32/><E32/><V106/><F106/><W35/><G35/><T118/><D118/><U65/><E97/><V49/><F67/><W21/><G96/><T6/><D92/><U11/><E54/><V78/><F71/><W62/><G62/><T52/><D75/><U76/><E76/><V55/><F43/><W14/><G109/><T135/><D6/><U57/><E110/><V91/><F111/><W104/><G104/><T26/><D66/><U89/><E89/><V56/><F91/><N who="3" m="51703" /><G14/><T22/><D64/><U108/><E70/><V68/><F68/><W105/><G105/><T112/><D112/><U5/><E108/><V121/><F121/><W17/><AGARI ba="0,0" hai="15,17,21,41,44,45,46,51,93,99,101" m="51703" machi="17" ten="30,1500,0" yaku="8,1" doraHai="120" who="3" fromWho="3" sc="218,-5,282,-5,126,-5,374,15" /><INIT seed="3,1,0,2,2,17" ten="213,277,121,389" oya="3" hai0="98,117,21,91,4,40,105,89,125,26,46,43,87" hai1="19,12,48,69,67,94,15,118,93,38,49,122,82" hai2="51,124,58,45,7,23,115,47,54,20,116,9,92" hai3="75,53,29,6,61,99,112,22,56,37,13,18,104"/><W79/><G112/><T109/><D109/><U42/><E122/><V31/><F115/><W134/><G37/><T88/><D125/><U28/><E118/><V55/><F116/><W107/><G134/><T106/><D117/><U52/><E38/><V114/><F114/><W126/><G126/><T133/><D133/><U25/><E42/><V72/><F72/><W84/><G75/><T5/><D43/><U103/><E82/><V41/><F31/><W111/><G6/><T57/><D57/><U24/><E49/><V59/><F124/><W121/><G121/><T78/><D106/><U123/><E123/><V32/><F32/><W90/><G79/><T96/><D105/><U102/><E67/><V68/><F68/><W65/><G107/><T35/><D35/><U128/><E69/><V131/><F131/><W71/><G104/><T50/><D5/><U70/><E70/><V64/><F64/><W66/><G99/><N who="0" m="37931" /><D4/><U83/><E128/><V27/><F92/><N who="1" m="35433" /><E83/><V135/><F135/><W127/><G127/><T63/><D63/><U16/><E28/><V81/><F81/><N who="3" m="49423" /><G111/><T36/><D36/><U2/><E2/><V130/><F130/><W3/><G3/><T129/><D129/><U97/><E97/><V86/><F86/><W113/><G113/><T74/><D74/><U110/><E110/><V80/><F80/><W85/><G85/><T11/><D87/><U33/><E33/><V76/><F76/><W120/><G120/><T77/><D78/><U10/><E103/><V100/><F100/><W119/><G119/><T73/><D77/><U60/><E102/><RYUUKYOKU ba="1,0" sc="213,0,277,0,121,0,389,0" /><INIT seed="4,2,0,1,2,94" ten="213,277,121,389" oya="0" hai0="95,67,125,93,108,44,43,70,115,45,24,30,91" hai1="10,36,100,75,74,22,52,60,126,33,92,47,49" hai2="131,128,110,58,13,12,41,25,7,23,113,83,117" hai3="102,4,0,61,6,123,29,73,89,72,87,79,50"/><T15/><D115/><U121/><E33/><V124/><F41/><W96/><G123/><T35/><D125/><U28/><E121/><V88/><F113/><W66/><G29/><T39/><D108/><U127/><E36/><V118/><F110/><W17/><G17/><T5/><D44/><U63/><E10/><N who="2" m="4191" /><F13/><W27/><G27/><T19/><D5/><U106/><E106/><V14/><F14/><W120/><G120/><T18/><D18/><U82/><E28/><V129/><F58/><W97/><G50/><T62/><REACH who="0" step="1"/><D91/><REACH who="0" ten="203,277,121,389" step="2"/><U32/><E47/><V65/><F124/><W46/><G46/><T1/><D1/><U34/><E127/><V9/><F131/><W86/><G89/><T80/><D80/><U133/><E82/><V105/><F83/><W38/><G0/><T122/><D122/><U40/><E126/><V20/><F88/><W134/><G4/><T109/><D109/><U11/><E133/><V111/><F111/><W59/><G6/><T3/><D3/><U76/><E74/><V85/><F129/><W64/><G134/><T112/><D112/><U56/><E75/><V71/><F128/><W16/><G16/><T81/><D81/><U48/><E76/><V90/><F90/><W8/><G79/><T54/><D54/><U21/><E52/><V77/><F77/><W98/><G72/><T135/><D135/><U104/><E40/><V84/><F118/><W55/><G73/><T107/><D107/><U132/><E104/><V26/><F105/><W51/><G55/><T31/><D31/><U42/><E132/><V116/><F116/><RYUUKYOKU ba="2,1" sc="203,30,277,-10,121,-10,389,-10" hai0="15,19,24,30,35,39,43,45,62,67,70,93,95" /><INIT seed="4,3,1,0,0,122" ten="233,267,111,379" oya="0" hai0="117,98,95,76,104,74,1,101,41,26,97,114,16" hai1="56,27,116,102,22,58,79,50,93,25,61,70,81" hai2="47,84,37,82,38,83,121,65,119,128,33,53,90" hai3="89,42,24,18,125,110,78,129,72,44,45,59,73"/><T62/><D114/><U32/><E116/><V21/><F121/><W71/><G71/><T87/><D117/><U10/><E70/><V46/><F33/><W57/><G129/><T94/><D1/><U112/><E112/><V113/><F113/><W60/><G125/><T30/><D74/><U132/><E132/><V109/><F119/><W115/><G57/><T68/><D41/><U6/><E32/><V3/><F3/><W7/><G7/><T36/><D36/><U2/><E50/><V107/><F107/><W130/><G130/><T127/><D127/><U66/><E58/><V85/><F128/><W134/><G134/><T91/><D76/><U13/><E2/><V20/><F53/><W48/><G78/><T86/><D95/><U135/><E135/><V67/><REACH who="2" step="1"/><F90/><REACH who="2" ten="233,267,101,379" step="2"/><W124/><G115/><T64/><REACH who="0" step="1"/><D16/><REACH who="0" ten="223,267,101,379" step="2"/><U40/><E40/><V133/><F133/><W49/><G18/><T88/><D88/><U12/><E79/><V52/><F52/><N who="3" m="33895" /><G89/><T23/><AGARI ba="3,3" hai="23,26,30,62,64,68,86,87,91,94,97,98,101,104" machi="23" ten="20,3900,0" yaku="1,1,0,1,7,1,53,0" doraHai="122" doraHaiUra="31" who="0" fromWho="0" sc="223,78,267,-16,101,-16,379,-16" /><INIT seed="4,4,0,5,0,24" ten="301,251,85,363" oya="0" hai0="15,41,39,46,42,133,104,112,23,130,5,96,123" hai1="20,34,47,90,82,114,17,75,98,87,56,53,31" hai2="76,77,28,118,63,115,55,129,81,110,13,106,85" hai3="26,44,97,59,50,52,35,21,122,37,60,61,68"/><T71/><D112/><U38/><E114/><V109/><F115/><W95/><G122/><T131/><D133/><U73/><E34/><V93/><F106/><W2/><G2/><T86/><D123/><U45/><E31/><V14/><F129/><W89/><G35/><T135/><D135/><U27/><E38/><V16/><F118/><W92/><G68/><T126/><D126/><U22/><E22/><V94/><F76/><W124/><G124/><T25/><D71/><U30/><E17/><V119/><F119/><W43/><REACH who="3" step="1"/><G92/><REACH who="3" ten="301,251,85,353" step="2"/><T105/><D131/><U117/><E117/><V33/><F94/><W62/><G62/><T120/><D130/><U116/><E116/><V0/><F0/><W64/><G64/><T100/><D120/><U1/><E1/><V102/><F93/><W121/><G121/><T111/><D111/><U103/><E75/><V10/><F110/><W101/><G101/><T78/><D105/><U49/><E73/><V57/><F102/><W48/><G48/><T19/><D104/><AGARI ba="4,1" hai="20,27,30,45,47,49,53,56,82,87,90,98,103,104" machi="104" ten="30,2000,0" yaku="7,1,52,1" doraHai="24" who="1" fromWho="0" sc="301,-32,251,42,85,0,353,0" /><INIT seed="5,0,0,4,5,8" ten="269,293,85,353" oya="1" hai0="66,118,38,44,125,114,75,103,64,34,135,87,105" hai1="51,2,70,86,92,49,124,100,21,123,47,28,7" hai2="126,5,23,79,113,55,121,109,3,16,84,94,122" hai3="101,134,32,19,20,43,63,130,108,133,76,50,30"/><U96/><E123/><V104/><F104/><W1/><G1/><T9/><D118/><U41/><E124/><V4/><F109/><W11/><G108/><T85/><D75/><U132/><E70/><V110/><F110/><W129/><G32/><T120/><D125/><U90/><E132/><N who="3" m="50794" /><G30/><T25/><D135/><U89/><E2/><V54/><F126/><W12/><G101/><T46/><D9/><U57/><E7/><V17/><F3/><W14/><G76/><T29/><D114/><U37/><E57/><V69/><F69/><W128/><G63/><T27/><D38/><U97/><E28/><V31/><F31/><W93/><G93/><T15/><D29/><U81/><REACH who="1" step="1"/><E21/><REACH who="1" ten="269,283,85,353" step="2"/><V88/><F121/><W77/><G77/><T91/><D120/><U78/><E78/><V10/><F122/><W68/><G68/><T111/><D34/><U65/><E65/><V26/><F79/><W45/><G129/><T48/><D66/><U95/><AGARI ba="0,1" hai="37,41,47,49,51,81,86,89,90,92,95,96,97,100" machi="95" ten="20,3900,0" yaku="1,1,0,1,7,1,53,0" doraHai="8" doraHaiUra="72" who="1" fromWho="1" sc="269,-13,283,49,85,-13,353,-13" /><INIT seed="5,1,0,3,3,120" ten="256,332,72,340" oya="1" hai0="48,36,77,98,88,72,62,95,107,37,18,47,67" hai1="76,115,121,5,2,22,59,103,10,68,78,16,50" hai2="70,87,130,51,122,25,110,116,33,43,108,52,79" hai3="105,85,42,63,12,8,74,31,41,100,73,109,34"/><U17/><E121/><V101/><F122/><W35/><G109/><T119/><D119/><U54/><E115/><V97/><F116/><W102/><G85/><T134/><D134/><U135/><E135/><V131/><F70/><W129/><G63/><T7/><D7/><U4/><E68/><V29/><F43/><N who="3" m="16395" /><G8/><T44/><D18/><U75/><E103/><N who="3" m="39466" /><G12/><T117/><D107/><U89/><E75/><N who="3" m="28682" /><G31/><T83/><D117/><U57/><E5/><V91/><F79/><W90/><G90/><T56/><REACH who="0" step="1"/><D47/><REACH who="0" ten="246,332,72,340" step="2"/><U0/><E17/><V3/><F3/><W96/><G105/><T26/><D26/><U82/><E4/><V124/><F124/><W13/><G13/><T15/><D15/><N who="1" m="9503" /><E2/><V112/><F112/><W66/><G129/><N who="2" m="49161" /><F91/><W14/><G14/><T99/><D99/><U11/><E0/><V40/><F87/><W20/><G96/><T39/><D39/><U71/><E89/><V127/><F127/><W24/><G24/><T125/><D125/><U28/><E78/><V118/><F118/><W111/><G20/><T53/><AGARI ba="1,1" hai="36,37,44,48,53,56,62,67,72,77,83,88,95,98" machi="53" ten="20,8000,1" yaku="1,1,0,1,7,1,54,1,53,1" doraHai="120" doraHaiUra="106" who="0" fromWho="0" sc="246,93,332,-41,72,-21,340,-21" /><INIT seed="6,0,0,2,2,134" ten="339,291,51,319" oya="2" hai0="96,116,29,23,46,28,48,72,55,12,50,19,51" hai1="44,100,99,90,34,78,15,133,9,121,118,124,108" hai2="18,36,26,85,74,54,114,68,65,5,79,104,128" hai3="75,81,93,63,10,2,6,62,64,60,53,3,47"/><V22/><F74/><W103/><G2/><T83/><D116/><U70/><E118/><V8/><F104/><W13/><G3/><T130/><D130/><U17/><E108/><V52/><F36/><W49/><G75/><T87/><D96/><U71/><E133/><V37/><F37/><W131/><G131/><T129/><D72/><U32/><E78/><V82/><F128/><W117/><G117/><T125/><D125/><U4/><E121/><V31/><F114/><W120/><G120/><T56/><D129/><U89/><E124/><V24/><F65/><W115/><G115/><T45/><D56/><U84/><E44/><N who="0" m="17001" /><D55/><U135/><E135/><V98/><F98/><N who="3" m="59855" /><G81/><T73/><D73/><U40/><E40/><V25/><F68/><W113/><G113/><T111/><D111/><U106/><E4/><V16/><F18/><W105/><G105/><T80/><D80/><U21/><E21/><V11/><F5/><W59/><AGARI ba="0,0" hai="6,10,13,47,49,53,59,60,62,63,64" m="59855" machi="59" ten="30,1100,0" yaku="8,1" doraHai="134" who="3" fromWho="3" sc="339,-3,291,-3,51,-5,319,11" /><INIT seed="7,0,0,5,2,107" ten="336,288,46,330" oya="3" hai0="75,2,81,31,112,37,25,131,43,8,84,118,122" hai1="110,132,117,106,14,51,17,22,30,39,109,95,26" hai2="125,83,12,70,93,71,56,19,21,79,94,66,77" hai3="124,89,69,74,48,72,24,0,10,88,101,1,16"/><W113/><G69/><T96/><D84/><U41/><E106/><V33/><F33/><W129/><G101/><T91/><D91/><N who="3" m="34889" /><G48/><T61/><D96/><U57/><E39/><V52/><F125/><W5/><G24/><T73/><D118/><U54/><E117/><V49/><F71/><W76/><G76/><T38/><D131/><U97/><E132/><V116/><F70/><W86/><G86/><T55/><D55/><U63/><E41/><V108/><F108/><W60/><G60/><T3/><D61/><U53/><E95/><V100/><F116/><W65/><G65/><T23/><D122/><U123/><E97/><V15/><F66/><W111/><G1/><T45/><D112/><U7/><E7/><V119/><F119/><W127/><G113/><T64/><D64/><U104/><E104/><V80/><F79/><W133/><G133/><T90/><D90/><U27/><E27/><V4/><F100/><W103/><G129/><T99/><D99/><U28/><E28/><V47/><F83/><W92/><G16/><T130/><D130/><U35/><REACH who="1" step="1"/><E123/><REACH who="1" ten="336,278,46,330" step="2"/><V128/><F128/><W102/><G111/><T42/><D42/><U11/><E11/><V18/><F4/><W13/><G92/><T68/><D37/><U134/><E134/><V46/><F94/><W62/><G102/><T115/><D8/><U59/><AGARI ba="0,1" hai="14,17,22,26,30,35,51,53,54,57,59,63,109,110" machi="59" ten="20,5200,0" yaku="1,1,0,1,7,1,53,1" doraHai="107" doraHaiUra="44" who="1" fromWho="1" sc="336,-13,278,62,46,-13,330,-26" owari="323,12.0,340,45.0,33,-47.0,304,-10.0" /></mjloggm>