<mjloggm ver="2.3"><GO type="225" lobby="0"/><UN n0="%E3%83%81%E3%83%BC%E3%83%88%E3%82%A4%E7%9F%AD%E6%9C%9F%E5%A4%A7%E5%AD%A6" n1="%E6%96%87%E8%B1%AA" n2="%E5%A4%A7%E5%AE%AE%E5%BF%8D%76" n3="%E7%B6%BE%E9%87%8E%E7%8F%AA%E5%AD%90" dan="16,16,17,17" rate="2117.16,2053.56,2215.95,2237.70" sx="M,M,M,F"/><TAIKYOKU oya="0"/><INIT seed="0,0,0,1,2,45" ten="250,250,250,250" oya="0" hai0="21,7,48,74,120,24,75,68,80,112,89,54,103" hai1="88,122,56,13,60,4,110,41,65,22,67,10,108" hai2="35,14,71,119,81,96,111,116,77,91,39,79,115" hai3="32,104,27,16,125,55,109,113,17,82,132,9,106"/><T15/><D112/><U47/><E122/><V63/><F115/><W57/><G113/><T128/><D120/><U19/><E65/><N who="2" m="41407" /><F111/><W85/><G109/><T0/><D68/><U42/><E88/><V59/><F39/><W98/><G132/><T28/><D0/><U95/><E95/><N who="2" m="56447" /><F35/><W99/><G106/><T130/><D103/><U114/><E114/><V31/><F31/><W78/><G104/><T34/><D89/><U33/><E33/><V51/><F14/><W5/><G32/><T124/><D124/><U117/><E42/><V66/><F66/><W123/><G125/><T61/><D61/><U83/><E83/><V76/><F59/><W133/><G133/><T93/><D93/><U40/><E40/><V20/><F20/><N who="3" m="13703" /><G5/><T135/><D80/><U58/><E58/><V30/><F30/><W46/><G46/><N who="0" m="27927" /><D135/><U6/><E6/><V49/><F81/><W64/><G64/><T18/><D7/><U105/><E105/><V12/><F12/><N who="3" m="7311" /><G123/><T38/><D38/><N who="1" m="21943" /><E108/><V43/><F43/><W11/><G11/><T72/><D34/><U92/><E92/><V50/><F116/><W26/><G26/><T3/><D3/><N who="1" m="287" /><E117/><V53/><F119/><W8/><G8/><T101/><D101/><U90/><E110/><V131/><F131/><W36/><G36/><T37/><D37/><U129/><E129/><N who="0" m="49769" /><D28/><U25/><E25/><AGARI ba="0,0" hai="15,18,21,24,25,72,74,75" m="49769,27927" machi="25" ten="40,3900,0" yaku="19,1,52,1" doraHai="45" who="0" fromWho="1" sc="250,39,250,-39,250,0,250,0" /><INIT seed="0,1,0,1,3,76" ten="289,211,250,250" oya="0" hai0="60,94,121,46,122,103,27,109,29,62,20,15,1" hai1="132,128,39,64,133,43,34,18,25,77,30,69,104" hai2="42,84,71,130,105,7,12,74,24,90,95,37,19" hai3="14,21,63,115,120,113,99,32,28,49,66,118,86"/><T78/><D1/><U51/><E128/><V96/><F71/><W58/><G118/><T114/><D114/><U80/><E104/><V134/><F130/><W47/><G120/><T123/><D109/><U48/><E18/><V67/><F67/><W3/><G3/><T10/><D46/><U107/><E107/><V5/><F74/><W38/><G38/><T97/><REACH who="0" step="1"/><D78/><REACH who="0" ten="279,211,250,250" step="2"/><U100/><E39/><V31/><F37/><W79/><G47/><T6/><AGARI ba="1,1" hai="6,10,15,20,27,29,60,62,94,97,103,121,122,123" machi="6" ten="30,6000,0" yaku="1,1,2,1,0,1,53,0" doraHai="76" doraHaiUra="110" who="0" fromWho="0" sc="279,73,211,-21,250,-21,250,-21" /><INIT seed="0,2,0,5,4,125" ten="352,190,229,229" oya="0" hai0="47,69,123,38,32,23,106,3,102,62,14,22,21" hai1="45,89,60,64,39,67,91,94,57,122,13,105,35" hai2="5,98,104,118,48,74,4,134,126,115,96,83,112" hai3="132,16,8,6,19,82,77,75,110,128,90,72,117"/><T119/><D3/><U81/><E122/><V76/><F5/><W46/><G117/><T80/><D123/><U0/><E0/><V93/><F4/><W18/><G110/><T1/><D1/><U63/><E105/><V78/><F48/><W66/><G132/><T65/><D32/><U44/><E35/><V73/><F126/><W54/><G66/><T111/><D119/><U85/><E13/><V36/><F36/><W127/><G127/><T33/><D33/><U34/><E34/><V114/><F118/><W58/><G46/><T124/><D124/><U25/><E25/><V7/><F7/><W113/><G113/><T40/><D111/><U100/><E100/><N who="2" m="62487" /><F134/><W10/><G75/><N who="2" m="28681" /><F83/><W11/><G90/><AGARI ba="2,0" hai="76,78,90,93,96,112,114,115" m="28681,62487" machi="90" ten="40,2600,0" yaku="34,2" doraHai="125" who="2" fromWho="3" sc="352,0,190,0,229,32,229,-32" /><INIT seed="1,0,0,0,0,69" ten="352,190,261,197" oya="1" hai0="63,32,107,9,116,92,14,27,31,130,47,106,28" hai1="71,24,110,44,81,51,83,36,127,68,35,73,67" hai2="95,88,79,57,133,102,99,33,23,129,82,16,91" hai3="54,125,29,96,80,42,20,76,84,101,105,58,64"/><U115/><E115/><V2/><F2/><W118/><G125/><T49/><D116/><U93/><E127/><V135/><F33/><W39/><G118/><T66/><D130/><U50/><E93/><V109/><F109/><W0/><G0/><T12/><D28/><N who="1" m="19847" /><E51/><V100/><F129/><W74/><G64/><T38/><D14/><U98/><E81/><V70/><F70/><N who="1" m="26665" /><E50/><V30/><F30/><W56/><G54/><T114/><D92/><U5/><E98/><V43/><F43/><W55/><G55/><T46/><D49/><U59/><E59/><V65/><F91/><W37/><G42/><T120/><D114/><U122/><E67/><V128/><F128/><W104/><G104/><T21/><D21/><U45/><E5/><V103/><F65/><W48/><G48/><T121/><D63/><U18/><E18/><V132/><F57/><W26/><G58/><T94/><D66/><U62/><E62/><V53/><F53/><W111/><G111/><T112/><D94/><U87/><E110/><V4/><F4/><W60/><G60/><T77/><D112/><U19/><E122/><V90/><F90/><W75/><REACH who="3" step="1"/><G56/><REACH who="3" ten="352,190,261,187" step="2"/><T123/><D120/><U17/><E45/><V40/><F40/><W85/><G85/><T97/><D46/><U52/><E87/><N who="2" m="48607" /><F102/><W126/><G126/><T25/><D121/><U131/><E131/><V89/><F103/><W13/><G13/><AGARI ba="0,1" hai="13,16,23,88,89,95,99,100,132,133,135" m="48607" machi="13" ten="30,3900,0" yaku="20,1,54,2" doraHai="69" who="2" fromWho="3" sc="352,0,190,0,261,49,187,-39" /><INIT seed="2,0,0,5,1,123" ten="352,190,310,148" oya="2" hai0="42,98,81,52,49,78,66,6,9,54,115,65,57" hai1="38,101,18,109,71,84,28,133,32,69,39,12,103" hai2="125,4,116,94,130,76,134,119,25,26,2,55,15" hai3="135,30,45,53,29,22,72,120,10,17,44,117,41"/><V36/><F36/><W89/><G120/><T7/><D115/><U58/><E58/><V11/><F76/><W91/><G72/><T86/><D98/><U129/><E84/><V121/><F121/><W122/><G122/><T102/><D102/><N who="1" m="38923" /><E28/><V67/><F67/><N who="0" m="25610" /><D42/><U14/><E32/><V21/><F94/><W48/><G135/><T61/><D9/><U64/><E14/><V51/><F134/><W127/><G127/><T108/><D108/><U88/><E133/><V79/><F79/><W63/><G117/><T82/><D82/><U74/><E74/><V112/><F112/><W95/><G10/><T126/><D126/><U27/><E109/><V43/><F125/><W13/><G91/><T132/><D132/><U124/><E88/><V131/><F43/><W60/><G60/><T73/><D73/><U50/><E50/><V0/><F51/><W47/><G63/><T3/><D3/><N who="2" m="1066" /><F55/><W85/><REACH who="3" step="1"/><G41/><REACH who="3" ten="352,190,310,138" step="2"/><T107/><D107/><U105/><E105/><V99/><F119/><W75/><G75/><T31/><D61/><U118/><E118/><V90/><F116/><W19/><G19/><T5/><D5/><U34/><E124/><V106/><F106/><W100/><G100/><T40/><D7/><U83/><E18/><N who="2" m="10463" /><F90/><W93/><G93/><T77/><D6/><U62/><E62/><V113/><F113/><W56/><AGARI ba="0,1" hai="13,17,22,29,30,44,45,47,48,53,56,85,89,95" machi="56" ten="30,8000,1" yaku="1,1,0,1,25,2,8,1,53,0" doraHai="123" doraHaiUra="128" who="3" fromWho="3" sc="352,-20,190,-20,310,-40,138,90" /><INIT seed="3,0,0,1,2,49" ten="332,170,270,228" oya="3" hai0="101,50,34,128,36,20,68,52,33,100,93,25,97" hai1="5,99,41,66,110,38,109,85,89,21,113,130,7" hai2="44,46,103,108,74,88,64,47,117,133,67,2,107" hai3="135,81,69,86,61,71,56,45,87,14,23,12,98"/><W65/><G135/><T72/><D36/><U119/><E113/><V132/><F74/><W29/><G98/><T32/><D68/><U58/><E130/><V123/><F2/><W70/><G45/><T55/><D72/><U27/><E119/><V82/><F117/><W91/><REACH who="3" step="1"/><G87/><REACH who="3" ten="332,170,270,218" step="2"/><T122/><D128/><U79/><E38/><V73/><F132/><W121/><G121/><T80/><D122/><U30/><E41/><V129/><F133/><W62/><G62/><T48/><D100/><U102/><E110/><V59/><F108/><W40/><G40/><T35/><N who="0" m="8192" /><DORA hai="95" /><T90/><D101/><U16/><E109/><V26/><F123/><W127/><G127/><T126/><D126/><U1/><E1/><V134/><F103/><W42/><G42/><T15/><D97/><U111/><E111/><V84/><F134/><W76/><G76/><T9/><D48/><U8/><E79/><V6/><F129/><W13/><G13/><T116/><D50/><U4/><E85/><V131/><F131/><W118/><G118/><T28/><D116/><U104/><E89/><V75/><F75/><W3/><G3/><T31/><D15/><U0/><REACH who="1" step="1"/><E30/><REACH who="1" ten="332,160,270,218" step="2"/><V94/><F73/><W22/><G22/><T60/><D28/><U105/><E105/><V77/><F107/><W78/><G78/><T114/><D31/><U92/><E92/><V120/><F120/><W54/><G54/><T57/><D55/><U39/><E39/><V106/><F106/><W18/><G18/><T37/><D37/><U83/><E83/><N who="2" m="49183" /><F77/><W63/><G63/><AGARI ba="0,2" hai="0,4,5,7,8,16,21,27,58,63,66,99,102,104" machi="63" ten="40,8000,1" yaku="1,1,52,1,54,1,53,1" doraHai="49,95" doraHaiUra="43,53" who="1" fromWho="3" sc="332,0,160,100,270,0,218,-80" owari="332,43.0,260,-14.0,270,7.0,138,-36.0" /></mjloggm>