<mjloggm ver="2.3"><GO type="169" lobby="0"/><UN n0="%4D%41%4B%30%31%30%34" n1="%E3%83%8E%E3%82%AA%E3%83%81%E3%83%A3%E3%83%99%E3%82%B9" n2="%E3%82%81%E3%82%93%E3%81%A9%E3%81%84" n3="%51%6F%6F%E5%9D%8A" dan="16,16,16,16" rate="2110.60,2107.82,2054.74,2116.15" sx="M,M,M,M"/><TAIKYOKU oya="0"/><INIT seed="0,0,0,3,5,80" ten="250,250,250,250" oya="0" hai0="68,75,55,58,124,133,84,62,19,34,103,83,49" hai1="37,30,8,36,115,108,111,17,2,18,56,41,48" hai2="14,63,71,45,27,39,33,127,123,120,67,57,52" hai3="11,7,51,64,53,43,24,132,20,31,99,0,116"/><T91/><D133/><U13/><E30/><V93/><F33/><W128/><G116/><T87/><D124/><U85/><E2/><V59/><F27/><W3/><G128/><T16/><D34/><U134/><E134/><V130/><F14/><W90/><G132/><T107/><D75/><U60/><E48/><N who="2" m="28687" /><F93/><W46/><G64/><T28/><D28/><U92/><E18/><V44/><F130/><W106/><G43/><T88/><D107/><U74/><E74/><V100/><F100/><W35/><G106/><T4/><D103/><U38/><E41/><N who="2" m="22591" /><F127/><W98/><G0/><T119/><D4/><U81/><E92/><V5/><F5/><W9/><G9/><T10/><D119/><U77/><REACH who="1" step="1"/><E115/><REACH who="1" ten="250,240,250,250" step="2"/><V82/><F82/><W40/><G35/><T135/><D135/><U95/><E95/><V112/><F112/><W102/><G3/><T122/><D10/><U47/><E47/><V61/><F71/><W32/><G11/><T66/><D122/><U114/><E114/><V110/><F110/><W97/><G32/><T101/><D101/><U129/><E129/><V96/><F96/><W6/><G102/><T70/><D68/><U69/><E69/><V113/><F113/><W26/><G98/><T118/><D118/><U89/><E89/><V131/><F131/><W29/><G90/><T12/><D12/><U76/><E76/><V42/><F42/><W25/><G40/><T73/><D73/><U117/><E117/><V125/><F125/><W109/><G109/><T121/><D121/><U54/><AGARI ba="0,1" hai="8,13,17,36,37,38,54,56,60,77,81,85,108,111" machi="54" ten="40,5200,0" yaku="1,1,0,1,52,1,53,0" doraHai="80" doraHaiUra="23" who="1" fromWho="1" sc="250,-26,240,62,250,-13,250,-13" /><INIT seed="1,0,0,3,2,58" ten="224,302,237,237" oya="1" hai0="22,50,83,99,88,29,109,32,90,57,129,87,121" hai1="78,110,122,123,45,124,11,92,66,112,0,96,105" hai2="37,134,104,34,91,30,59,128,64,120,16,13,38" hai3="126,106,10,84,75,43,12,89,77,14,31,71,44"/><U15/><E0/><V103/><F120/><W100/><G126/><T82/><D121/><U7/><E112/><V94/><F128/><W20/><G75/><T67/><D129/><U119/><E119/><V116/><F134/><W48/><G106/><T73/><D32/><U19/><E124/><V25/><F116/><W40/><G100/><T68/><D68/><U23/><E105/><V70/><F59/><W63/><G77/><T85/><D109/><U117/><E110/><V113/><F113/><W56/><G71/><T132/><D132/><U81/><E117/><V49/><F49/><W51/><G31/><T47/><D73/><U36/><E66/><V2/><F2/><W28/><G28/><T95/><D22/><U5/><E5/><V39/><F91/><W80/><G20/><T72/><D72/><U130/><E130/><V76/><F76/><W114/><G114/><T135/><D29/><U93/><E93/><V61/><F94/><W102/><G102/><T8/><D8/><U118/><E118/><V125/><F125/><W98/><G98/><T74/><D74/><N who="1" m="43223" /><E45/><V133/><F133/><W4/><G12/><T52/><D135/><U131/><E36/><V53/><F53/><N who="3" m="29831" /><G51/><T42/><D67/><AGARI ba="0,0" hai="4,10,14,40,43,56,63,67,80,84,89" m="29831" machi="67" ten="30,2000,0" yaku="8,1,52,1" doraHai="58" who="3" fromWho="0" sc="224,-20,302,0,237,0,237,20" /><INIT seed="2,0,0,4,0,64" ten="204,302,237,257" oya="2" hai0="0,41,33,92,12,121,109,38,9,47,78,83,35" hai1="77,24,94,79,29,91,49,55,50,25,15,58,2" hai2="31,36,127,112,28,75,44,53,103,117,26,106,45" hai3="110,101,129,5,95,123,130,6,81,104,37,97,120"/><V96/><F112/><W88/><G37/><T67/><D121/><U82/><E2/><V27/><F117/><W86/><G5/><T99/><D109/><U40/><E15/><V105/><F127/><W62/><G62/><T8/><D9/><U87/><E77/><V10/><F75/><W108/><G104/><T30/><D30/><U22/><E25/><V114/><F114/><W118/><G6/><T3/><D67/><U20/><E40/><V7/><F106/><W42/><G42/><T18/><D3/><U51/><REACH who="1" step="1"/><E22/><REACH who="1" ten="204,292,237,257" step="2"/><V46/><F36/><W85/><G118/><T63/><D0/><U14/><E14/><V115/><F7/><W133/><G133/><T52/><D78/><U119/><E119/><V54/><F10/><W113/><G113/><T71/><D35/><U107/><E107/><V134/><F115/><W23/><G23/><T4/><D33/><U102/><E102/><V74/><F134/><W56/><G120/><T69/><D4/><U17/><E17/><V111/><F111/><N who="3" m="42539" /><G123/><T34/><D34/><U59/><E59/><V68/><F105/><N who="3" m="63663" /><G56/><T100/><REACH who="0" step="1"/><D83/><REACH who="0" ten="194,292,237,257" step="2"/><U125/><E125/><V80/><F31/><W132/><G132/><T65/><D65/><U61/><E61/><V66/><F66/><W93/><G93/><T39/><D39/><U128/><E128/><V16/><F28/><W84/><G81/><T11/><D11/><U124/><E124/><V131/><F80/><W90/><G95/><T89/><D89/><AGARI ba="0,2" hai="84,85,86,88,89,90,129,130" m="63663,42539" machi="89" ten="40,8000,1" yaku="14,1,34,2,54,1" doraHai="64" who="3" fromWho="0" sc="194,-80,292,0,237,0,257,100" /><INIT seed="3,0,0,2,5,72" ten="114,292,237,357" oya="3" hai0="89,50,119,83,101,75,17,107,127,44,132,60,100" hai1="9,99,24,115,40,117,49,25,86,48,113,74,54" hai2="135,69,23,94,84,76,79,133,41,104,27,105,3" hai3="134,112,8,110,121,96,67,53,66,10,12,93,42"/><W51/><G121/><T7/><D119/><U20/><E74/><V13/><F69/><W120/><G120/><T95/><D132/><N who="2" m="50762" /><F3/><W114/><G134/><T30/><D127/><U111/><E99/><V46/><F13/><W82/><G42/><T102/><D30/><U26/><E20/><V123/><F123/><W81/><G110/><T128/><D7/><U109/><E117/><V6/><F6/><W87/><G112/><T4/><D4/><U124/><E9/><V16/><F94/><W90/><G81/><T68/><D17/><U29/><E29/><V11/><F11/><N who="3" m="4139" /><G12/><T5/><D5/><U38/><E38/><N who="2" m="21815" /><F84/><W129/><G129/><T22/><D22/><U63/><E124/><V64/><F64/><W18/><G18/><T32/><D32/><U2/><E2/><V47/><F47/><N who="3" m="27903" /><G114/><T36/><D36/><U108/><E115/><V65/><F65/><W92/><G92/><T45/><D128/><U91/><E113/><V103/><F103/><AGARI ba="0,0" hai="66,67,82,87,90,93,96,103" m="27903,4139" machi="103" ten="30,1500,0" yaku="8,1" doraHai="72" who="3" fromWho="2" sc="114,0,292,0,237,-15,357,15" /><INIT seed="3,1,0,3,0,18" ten="114,292,222,372" oya="3" hai0="59,96,40,98,82,63,52,36,35,99,12,9,83" hai1="29,42,79,44,33,26,27,70,54,107,61,38,100" hai2="105,14,0,120,131,37,3,126,89,31,25,128,55" hai3="56,4,22,46,111,94,92,5,87,62,123,97,24"/><W7/><G123/><T73/><D35/><U71/><E54/><V64/><F64/><W91/><G111/><T49/><D36/><U112/><E112/><V121/><F105/><W118/><G118/><T78/><D83/><U84/><E27/><V34/><F37/><W50/><G46/><T1/><D1/><N who="2" m="586" /><F89/><W110/><G110/><T51/><REACH who="0" step="1"/><D40/><REACH who="0" ten="104,292,222,372" step="2"/><U75/><E33/><V32/><F34/><W66/><G50/><T53/><D53/><U19/><E42/><V116/><F55/><W135/><G135/><T58/><D58/><U114/><E38/><V47/><F47/><W68/><G68/><T127/><D127/><U134/><E71/><V6/><F126/><W28/><G4/><AGARI ba="1,1" hai="4,9,12,49,51,52,59,63,73,78,82,96,98,99" machi="4" ten="40,5200,0" yaku="1,1,54,1,53,1" doraHai="18" doraHaiUra="77" who="0" fromWho="3" sc="104,65,292,0,222,0,372,-55" /><INIT seed="4,0,0,1,3,19" ten="169,292,222,317" oya="0" hai0="32,96,21,91,12,134,76,78,121,124,15,54,48" hai1="31,22,55,37,39,40,6,11,72,110,113,131,94" hai2="62,126,28,23,43,106,99,135,14,97,17,90,5" hai3="7,117,82,1,4,77,49,87,119,44,58,29,30"/><T47/><D121/><U2/><E110/><V79/><F126/><W84/><G58/><T33/><D124/><U120/><E120/><V13/><F135/><W130/><G130/><T115/><D134/><U123/><E123/><V18/><F106/><W42/><G84/><T70/><D70/><U85/><E72/><V57/><F79/><W86/><G117/><T45/><D115/><U101/><E131/><V127/><F43/><W107/><G107/><T104/><D45/><U3/><E3/><V116/><F5/><W0/><G0/><T53/><D54/><U65/><E65/><V92/><F28/><W71/><G71/><T63/><D63/><U34/><E34/><V74/><F74/><W102/><G102/><T103/><D91/><U10/><E10/><N who="2" m="6327" /><F116/><W112/><G112/><T60/><D60/><U41/><E113/><V95/><F127/><W66/><G66/><T56/><D47/><U25/><E55/><N who="2" m="34111" /><F95/><W89/><G119/><T118/><D118/><U68/><E68/><V8/><F8/><W132/><G1/><T93/><D104/><U35/><E41/><V16/><F18/><W20/><G29/><T26/><D33/><U108/><E108/><V109/><F109/><W122/><G122/><T98/><D32/><U105/><E40/><V69/><F69/><W81/><G132/><T83/><D76/><U128/><E128/><V51/><F51/><W125/><G125/><T88/><D78/><U61/><E35/><V73/><F73/><W52/><G42/><T50/><D48/><U64/><E61/><V133/><F133/><W46/><G44/><RYUUKYOKU ba="0,0" sc="169,-15,292,-15,222,15,317,15" hai2="14,16,23,90,92,97,99" hai3="4,7,20,30,46,49,52,77,81,82,86,87,89" /><INIT seed="5,1,0,2,2,73" ten="154,277,237,332" oya="1" hai0="119,42,126,85,90,57,15,107,18,94,60,24,116" hai1="75,0,9,77,86,114,127,104,112,117,99,110,28" hai2="134,88,36,124,98,67,130,66,89,53,7,135,70" hai3="82,43,91,51,118,31,80,39,65,111,83,32,79"/><U105/><E28/><V14/><F36/><W113/><G111/><T87/><D107/><U121/><E0/><V103/><F124/><W78/><G39/><T25/><D126/><U97/><E9/><N who="2" m="4415" /><F70/><W100/><G113/><N who="1" m="43626" /><E127/><V71/><F130/><W115/><G115/><T129/><D42/><U5/><E5/><V11/><F11/><W16/><G31/><T21/><D129/><U46/><E46/><V62/><F53/><W20/><G32/><T123/><D123/><U92/><E117/><V12/><F12/><W23/><G23/><T4/><D4/><U44/><E44/><V49/><F49/><W17/><G100/><T58/><D58/><U122/><E75/><V47/><F47/><N who="3" m="26111" /><G65/><T81/><D119/><U52/><E52/><V13/><F13/><N who="3" m="9231" /><G17/><T34/><D34/><U37/><E37/><V72/><F72/><W93/><G118/><T76/><REACH who="0" step="1"/><D116/><REACH who="0" ten="144,277,237,332" step="2"/><U30/><E122/><V41/><F41/><W63/><G63/><T27/><D27/><U96/><E121/><V54/><F67/><AGARI ba="1,1" hai="15,18,21,24,25,57,60,67,76,81,85,87,90,94" machi="67" ten="30,7700,0" yaku="1,1,7,1,8,1,52,1,53,0" doraHai="73" doraHaiUra="38" who="0" fromWho="2" sc="144,90,277,0,237,-80,332,0" /><INIT seed="6,0,0,4,5,118" ten="234,277,157,332" oya="2" hai0="77,49,104,131,1,22,45,23,17,99,135,114,127" hai1="55,5,35,4,38,126,88,56,66,36,93,95,72" hai2="133,122,20,130,37,10,80,103,105,16,40,107,123" hai3="41,110,19,53,96,86,85,58,89,117,70,15,12"/><V125/><F130/><W90/><G70/><T64/><D1/><U115/><E35/><V57/><F125/><W134/><G41/><T129/><D127/><U124/><E72/><V50/><F133/><W46/><G46/><T59/><D77/><U128/><E66/><V29/><F103/><W30/><G30/><T91/><D114/><U119/><E56/><V13/><F37/><W116/><G110/><T92/><D104/><U51/><E51/><V68/><F68/><W63/><G134/><T3/><D3/><U81/><E81/><V0/><F80/><W54/><G96/><T73/><D73/><U87/><E87/><V75/><F75/><W28/><G28/><T27/><D23/><U76/><E55/><V74/><F74/><W108/><G19/><T60/><REACH who="0" step="1"/><D135/><REACH who="0" ten="224,277,157,332" step="2"/><U43/><E115/><V25/><F0/><W69/><G108/><T112/><D112/><U71/><E76/><V32/><F32/><W11/><G116/><T62/><D62/><U98/><E119/><V8/><F10/><W9/><G63/><T132/><D132/><U31/><E126/><V79/><F79/><W109/><G109/><T18/><D18/><U100/><E124/><V2/><F2/><W78/><G78/><T52/><AGARI ba="0,1" hai="17,22,27,45,49,52,59,60,64,91,92,99,129,131" machi="52" ten="30,4000,0" yaku="1,1,0,1,54,1,53,0" doraHai="118" doraHaiUra="39" who="0" fromWho="0" sc="224,50,277,-10,157,-20,332,-10" /><INIT seed="7,0,0,0,1,53" ten="274,267,137,322" oya="3" hai0="51,37,93,83,17,72,12,61,43,21,75,62,66" hai1="20,94,84,87,30,28,71,24,67,108,47,124,107" hai2="48,40,80,126,55,3,86,132,116,56,102,27,74" hai3="29,82,129,59,69,85,7,76,95,104,6,125,131"/><W123/><G104/><T36/><D62/><U49/><E107/><V112/><F116/><W31/><G69/><T42/><D93/><U9/><E108/><V134/><F112/><W18/><G18/><T46/><D83/><U52/><E124/><V26/><F126/><W41/><G41/><T73/><REACH who="0" step="1"/><D42/><REACH who="0" ten="264,267,137,322" step="2"/><U39/><E94/><V5/><F74/><W92/><G125/><T15/><D15/><U117/><E117/><V89/><F132/><W122/><G92/><T11/><D11/><U22/><E39/><V65/><F134/><W78/><G95/><T35/><D35/><U88/><E88/><V58/><F102/><W34/><G34/><T63/><D63/><U109/><E109/><V101/><F101/><W68/><G82/><T121/><D121/><U23/><E9/><V14/><F3/><W103/><G103/><T10/><D10/><U127/><E127/><V91/><F40/><W60/><G60/><T100/><D100/><U79/><E79/><V106/><F106/><W105/><G105/><T2/><D2/><U0/><E0/><V54/><F65/><W81/><G81/><T38/><D38/><U115/><E115/><V50/><REACH who="2" step="1"/><F91/><REACH who="2" ten="264,267,127,322" step="2"/><W16/><G122/><T44/><D44/><U135/><E135/><V70/><F70/><AGARI ba="0,2" hai="12,17,21,36,37,43,46,51,61,66,70,72,73,75" machi="70" ten="40,1300,0" yaku="1,1,53,0" doraHai="53" doraHaiUra="77" who="0" fromWho="2" sc="264,33,267,0,127,-13,322,0" owari="297,10.0,267,-13.0,114,-39.0,322,42.0" /></mjloggm>