<mjloggm ver="2.3"><GO type="225" lobby="0"/><UN n0="%31%73%E3%81%A7%E3%81%84%E3%81%84%E3%81%9D%E3%81%86" n1="%E6%84%9B%E3%81%A8%E5%B9%B3%E5%92%8C%E3%81%A8%E5%83%95" n2="%E3%81%82%E3%81%9A%E3%81%8D%E3%81%82%E3%81%9A%E3%81%95" n3="%E8%88%B9%E8%A6%8B%E7%B5%90%E8%A1%A3%E3%81%A1%E3%82%83%E3%82%93" dan="16,17,16,16" rate="2130.70,2213.03,2110.93,2134.54" sx="M,M,M,F"/><TAIKYOKU oya="0"/><INIT seed="0,0,0,5,4,95" ten="250,250,250,250" oya="0" hai0="77,5,11,111,33,22,49,84,61,46,78,93,124" hai1="113,24,55,117,45,69,103,10,92,27,131,17,76" hai2="106,96,26,15,53,82,58,118,90,102,74,63,3" hai3="12,128,42,79,116,100,48,91,38,73,88,52,115"/><T8/><D33/><U67/><E117/><V54/><F3/><W99/><G116/><T36/><D36/><U85/><E131/><V87/><F118/><W109/><G115/><T119/><D119/><U66/><E113/><V32/><F74/><W7/><G128/><T39/><D39/><U37/><E37/><V13/><REACH who="2" step="1"/><F54/><REACH who="2" ten="250,250,240,250" step="2"/><W0/><G73/><T122/><D122/><U132/><E55/><V44/><F44/><W130/><G0/><T133/><D133/><U34/><E45/><V29/><AGARI ba="0,1" hai="13,15,26,29,32,53,58,63,82,87,90,96,102,106" machi="29" ten="30,4000,0" yaku="1,1,0,1,52,1,53,0" doraHai="95" doraHaiUra="75" who="2" fromWho="2" sc="250,-20,250,-10,240,50,250,-10" /><INIT seed="1,0,0,2,4,51" ten="230,240,290,240" oya="1" hai0="66,115,70,38,134,14,72,132,119,9,123,30,96" hai1="102,124,69,108,106,55,88,26,114,49,27,24,135" hai2="7,48,35,93,99,95,54,59,81,22,25,17,111" hai3="80,125,68,37,94,63,86,8,2,18,83,121,90"/><U21/><E114/><V5/><F111/><W41/><G121/><T42/><D119/><U3/><E124/><V47/><F35/><W91/><G125/><T76/><D115/><U97/><E135/><N who="0" m="51753" /><D123/><U31/><E69/><V19/><F81/><W13/><G2/><T84/><D72/><U36/><E36/><V29/><F59/><W57/><G68/><T60/><D30/><U6/><E108/><V122/><F122/><W98/><G37/><T120/><D120/><U4/><E3/><V50/><F50/><W101/><G41/><T16/><D96/><U74/><E74/><V126/><F126/><W65/><REACH who="3" step="1"/><G80/><REACH who="3" ten="230,240,290,230" step="2"/><N who="0" m="47111" /><D38/><U127/><E127/><V20/><F95/><W58/><G58/><T33/><D42/><U110/><E110/><V28/><F93/><W53/><G53/><T77/><D77/><AGARI ba="0,1" hai="8,13,18,57,63,65,77,83,86,90,91,94,98,101" machi="77" ten="30,3900,0" yaku="1,1,7,1,8,1,53,0" doraHai="51" doraHaiUra="116" who="3" fromWho="0" sc="230,-39,240,0,290,0,230,49" /><INIT seed="2,0,0,2,4,30" ten="191,240,290,279" oya="2" hai0="75,96,14,74,47,108,65,123,107,120,13,91,67" hai1="66,133,80,100,115,16,69,132,135,78,87,112,3" hai2="98,93,33,19,37,25,122,105,81,57,56,128,50" hai3="41,28,71,0,103,6,109,17,27,97,51,61,63"/><V7/><F122/><W10/><G109/><T77/><D108/><U95/><E3/><V9/><F37/><W70/><G17/><T38/><D107/><U106/><E66/><V46/><F128/><W2/><G2/><T94/><D120/><U22/><E69/><V85/><F105/><W11/><G11/><T82/><D123/><U4/><E4/><V52/><F19/><W73/><G73/><T31/><D75/><U117/><E117/><V111/><F111/><W127/><G127/><T5/><D31/><U84/><E16/><V116/><F116/><W24/><G24/><T121/><D121/><U43/><E43/><V34/><F25/><W42/><G71/><T39/><D39/><U102/><E22/><V76/><F57/><W29/><G29/><T18/><D5/><U125/><E125/><V54/><F54/><W86/><G86/><T88/><D91/><N who="1" m="53735" /><E106/><V90/><F56/><W126/><G126/><T8/><REACH who="0" step="1"/><D14/><AGARI ba="0,0" hai="7,9,14,33,34,46,50,52,76,81,85,90,93,98" machi="14" ten="30,11600,0" yaku="7,1,52,2,54,1" doraHai="30" who="2" fromWho="0" sc="191,-116,240,0,290,116,279,0" /><INIT seed="2,1,0,4,3,121" ten="75,240,406,279" oya="2" hai0="22,89,0,33,92,119,102,5,75,69,85,93,106" hai1="78,118,86,65,16,31,14,133,13,94,71,40,19" hai2="12,56,87,110,70,117,115,8,112,32,84,73,103" hai3="24,30,124,1,98,49,45,63,113,2,77,127,46"/><V10/><F117/><W82/><G113/><T101/><D33/><U105/><E105/><V64/><F73/><N who="3" m="43311" /><G98/><T53/><D69/><U3/><E133/><V120/><F70/><W131/><G63/><T54/><D119/><U44/><E118/><V58/><F32/><N who="3" m="20551" /><G46/><T11/><D75/><U126/><E126/><N who="3" m="48170" /><G131/><T25/><D106/><U27/><E3/><V67/><F12/><W108/><G108/><T111/><D111/><U38/><E65/><V80/><F110/><W104/><G104/><T90/><D101/><U72/><E71/><V48/><F48/><W128/><G128/><T51/><D102/><U47/><E47/><V95/><F103/><W109/><G109/><T91/><D51/><U76/><E72/><V39/><F95/><W20/><G20/><T99/><REACH who="0" step="1"/><D90/><REACH who="0" ten="65,240,406,279" step="2"/><N who="1" m="53591" /><E38/><V26/><F39/><W36/><G36/><T23/><D23/><N who="1" m="15871" /><E78/><V7/><F120/><W135/><G135/><T107/><D107/><U21/><E76/><V62/><F62/><W114/><G114/><T88/><D88/><U66/><E66/><V130/><F67/><W123/><G123/><T41/><D41/><AGARI ba="1,1" hai="1,2,41,45,49" m="48170,20551,43311" machi="41" ten="30,1000,0" yaku="18,1" doraHai="121" who="3" fromWho="0" sc="65,-13,240,0,406,0,279,23" /><INIT seed="3,0,0,0,2,123" ten="52,240,406,302" oya="3" hai0="54,5,114,127,16,31,76,70,43,72,87,7,18" hai1="45,22,118,88,48,96,21,67,56,92,80,129,113" hai2="93,133,125,116,86,107,44,134,0,34,41,128,26" hai3="74,49,17,4,91,8,73,62,3,24,79,11,61"/><W117/><G117/><T38/><D72/><U69/><E118/><V19/><F116/><W9/><G91/><T78/><D70/><U58/><E113/><V122/><F107/><W57/><G49/><T106/><D38/><U50/><E129/><V39/><F0/><W30/><G62/><T14/><D106/><U85/><E69/><V89/><F128/><W81/><G17/><T68/><D114/><U47/><E67/><V130/><F130/><W59/><G59/><T108/><D68/><U135/><E135/><N who="2" m="51723" /><F125/><W29/><G29/><T6/><D127/><U40/><E58/><V124/><F124/><W10/><G74/><T27/><D31/><U55/><REACH who="1" step="1"/><E56/><REACH who="1" ten="52,230,406,302" step="2"/><V63/><F122/><W23/><REACH who="3" step="1"/><G10/><REACH who="3" ten="52,230,406,292" step="2"/><T12/><D43/><U51/><E51/><V60/><F60/><W66/><AGARI ba="0,2" hai="3,4,8,9,11,23,24,30,57,61,66,73,79,81" machi="66" ten="20,12000,1" yaku="1,1,2,1,0,1,7,1,53,1" doraHai="123" doraHaiUra="32" who="3" fromWho="3" sc="52,-40,230,-40,406,-40,292,140" owari="12,-49.0,190,-21.0,366,17.0,432,53.0" /></mjloggm>