<mjloggm ver="2.3"><GO type="185" lobby="0"/><UN n0="%E5%A4%9A%E6%9E%97%E6%99%8B" n1="%E3%83%84%E3%83%BC%E3%82%A2%E3%82%A6%E3%83%88" n2="%63%61%6C%63%2E" n3="" dan="16,16,19,0" rate="2208.04,2106.02,2373.83,1500.00" sx="M,M,M,C"/><TAIKYOKU oya="0"/><INIT seed="0,0,0,2,2,62" ten="350,350,350,0" oya="0" hai0="97,40,129,122,50,89,85,71,101,36,69,45,2" hai1="102,48,32,82,86,83,130,70,105,84,76,119,43" hai2="34,81,90,58,135,104,73,117,110,113,33,75,87" hai3=""/><T63/><N who="0" m="31264" /><T49/><D2/><U111/><E32/><V123/><N who="2" m="31520" /><V91/><F113/><T37/><D129/><U51/><E70/><V115/><F115/><T67/><D36/><U88/><E119/><V44/><F117/><T98/><D69/><U56/><E111/><V0/><F104/><T55/><D101/><U125/><E130/><V121/><F75/><T47/><REACH who="0" step="1"/><D37/><REACH who="0" ten="340,350,350,0" step="2"/><U133/><E125/><V61/><F0/><T127/><D127/><U46/><E133/><V39/><F39/><T106/><D106/><U41/><E105/><V68/><F135/><T77/><D77/><U116/><E102/><V92/><F68/><T38/><D38/><U112/><E116/><V64/><F121/><T54/><D54/><U131/><E112/><V60/><F34/><T120/><N who="0" m="30752" /><T126/><D126/><U93/><E131/><V124/><F33/><T59/><D59/><U57/><E43/><V35/><F35/><T66/><D66/><U95/><E57/><V72/><F124/><T74/><D74/><U3/><E3/><V1/><F72/><T108/><D108/><U53/><AGARI ba="0,1" hai="41,46,48,51,53,56,76,82,83,84,86,88,93,95" machi="53" ten="30,3000,0" yaku="0,1,8,1,54,1" doraHai="62" who="1" fromWho="1" sc="340,-20,350,40,350,-10,0,0" /><INIT seed="1,0,0,2,5,83" ten="320,390,340,0" oya="1" hai0="131,58,95,66,110,128,39,67,84,69,130,102,55" hai1="127,92,115,111,79,33,51,45,54,119,122,106,62" hai2="98,78,37,108,125,121,94,97,109,93,118,59,1" hai3=""/><U40/><N who="1" m="31264" /><U70/><E33/><V91/><N who="2" m="31008" /><V41/><F1/><T38/><D110/><N who="2" m="42602" /><F118/><T65/><D69/><U50/><E111/><V112/><F125/><T2/><D2/><U53/><E106/><V116/><F116/><T105/><D105/><U100/><E119/><V124/><F124/><T126/><D126/><U44/><E127/><V56/><F78/><T0/><D0/><U46/><E79/><V134/><F134/><T52/><D55/><U120/><N who="1" m="30752" /><U123/><N who="1" m="31520" /><U101/><E115/><V32/><F32/><T64/><N who="0" m="16384" /><DORA hai="132" /><T129/><N who="0" m="32768" /><DORA hai="133" /><T77/><D102/><N who="1" m="39531" /><E70/><V104/><F112/><T135/><D135/><U90/><E62/><V47/><F104/><T114/><D114/><U75/><E75/><V103/><AGARI ba="0,0" hai="37,41,47,56,59,91,93,94,97,98,103" m="42602,31008" machi="103" ten="30,1500,0" yaku="14,1,52,1" doraHai="83,132,133" who="2" fromWho="2" sc="320,-5,390,-10,340,15,0,0" /><INIT seed="2,0,0,4,1,87" ten="315,380,355,0" oya="2" hai0="88,60,93,50,47,68,69,109,106,81,85,66,71" hai1="80,108,54,100,53,45,118,61,124,131,129,48,52" hai2="75,119,135,39,43,46,82,83,112,127,51,37,1" hai3=""/><V64/><F112/><T116/><D106/><U86/><E108/><V78/><F119/><T33/><D33/><U79/><E118/><V90/><F1/><T3/><D3/><U42/><E124/><V65/><F127/><T107/><D107/><U111/><E111/><V117/><F117/><T35/><D116/><U0/><E0/><V102/><F102/><T63/><D35/><U32/><E32/><V72/><F135/><T49/><D109/><U126/><E126/><V98/><F72/><T110/><D110/><U41/><E41/><V125/><F125/><T121/><N who="0" m="31008" /><T104/><D104/><U94/><REACH who="1" step="1"/><E61/><REACH who="1" ten="315,370,355,0" step="2"/><V55/><F37/><T101/><D60/><U97/><AGARI ba="0,1" hai="42,45,48,52,53,54,79,80,86,94,97,100,129,131" machi="97" ten="30,5900,0" yaku="1,1,2,1,0,1,54,1,53,0" doraHai="87" doraHaiUra="105" who="1" fromWho="1" sc="315,-20,370,69,355,-39,0,0" /><INIT seed="4,0,0,4,4,97" ten="295,439,316,0" oya="0" hai0="129,53,131,124,46,125,69,43,120,33,68,77,109" hai1="108,35,100,127,73,40,47,32,94,87,44,74,98" hai2="86,64,84,126,65,79,114,119,83,52,132,113,55" hai3=""/><T45/><N who="0" m="30752" /><T117/><D33/><U36/><E108/><V106/><F132/><T101/><D117/><U71/><E71/><N who="0" m="27209" /><D77/><U95/><E127/><N who="0" m="48713" /><D101/><U80/><E47/><V111/><F126/><T60/><D109/><U102/><E32/><V67/><F111/><T123/><N who="0" m="31520" /><T1/><D1/><U70/><E70/><V104/><F119/><T128/><D43/><U105/><E35/><V72/><F104/><T103/><D103/><U115/><E115/><N who="2" m="44043" /><F106/><T3/><D3/><U93/><REACH who="1" step="1"/><E102/><REACH who="1" ten="295,429,316,0" step="2"/><V38/><F38/><T51/><D60/><U57/><E57/><AGARI ba="0,1" hai="45,46,51,53,57,128,129,131" m="31520,48713,27209,30752" machi="57" ten="40,18000,2" yaku="19,1,18,1,34,2,52,2" doraHai="97" who="0" fromWho="1" sc="295,190,429,-180,316,0,0,0" /><INIT seed="4,1,0,0,2,106" ten="485,249,316,0" oya="0" hai0="58,125,86,73,135,113,119,95,72,83,37,112,52" hai1="63,121,76,124,67,81,130,100,2,94,55,77,111" hai2="36,87,61,41,54,85,132,123,98,43,38,62,32" hai3=""/><T71/><D119/><U33/><N who="1" m="31008" /><U116/><E33/><V97/><N who="2" m="31520" /><V84/><F132/><T68/><D37/><N who="2" m="14442" /><F54/><T90/><D135/><U75/><E2/><V115/><F32/><T93/><D125/><U35/><E116/><V65/><F65/><T74/><D95/><U45/><E35/><V64/><F64/><T88/><D68/><U99/><E124/><V102/><F102/><T118/><D71/><U134/><E111/><V101/><F101/><T89/><D118/><U117/><E117/><V46/><F46/><T56/><D56/><U1/><E1/><V80/><F80/><T103/><D103/><U107/><E134/><V44/><F44/><T40/><D40/><N who="2" m="15434" /><F115/><N who="0" m="44106" /><D83/><U3/><E3/><V92/><F92/><T48/><AGARI ba="1,0" hai="48,52,58,72,73,74,86,88,89,90,93" m="44106" machi="48" ten="40,12000,2" yaku="15,1,52,3,54,2" doraHai="106" who="0" fromWho="0" sc="485,122,249,-61,316,-61,0,0" /><INIT seed="4,2,0,5,2,134" ten="607,188,255,0" oya="0" hai0="130,80,89,53,76,55,122,40,106,120,39,45,125" hai1="37,112,124,61,67,104,3,48,127,57,129,43,56" hai2="54,49,97,0,69,81,85,79,108,2,91,102,47" hai3=""/><T68/><N who="0" m="30752" /><T133/><N who="0" m="31264" /><T95/><D106/><U101/><E104/><V73/><F69/><T78/><D133/><U70/><E101/><V88/><F108/><T128/><D68/><U34/><E3/><V72/><F91/><T121/><N who="0" m="31008" /><T32/><D32/><U94/><E94/><V93/><REACH who="2" step="1"/><F73/><REACH who="2" ten="607,188,245,0" step="2"/><T52/><D125/><N who="1" m="48203" /><E34/><V64/><F64/><T98/><REACH who="0" step="1"/><D78/><REACH who="0" ten="597,188,245,0" step="2"/><U107/><E107/><AGARI ba="2,2" hai="0,2,47,49,54,72,79,81,85,88,93,97,102,107" machi="107" ten="30,8000,1" yaku="1,1,7,1,24,2,54,1,53,0" doraHai="134" doraHaiUra="126" who="2" fromWho="1" sc="597,0,188,-84,245,104,0,0" /><INIT seed="5,0,0,3,5,86" ten="597,104,349,0" oya="1" hai0="131,2,81,113,90,127,135,66,120,35,125,83,84" hai1="69,87,107,114,133,100,85,102,49,119,74,99,78" hai2="97,108,105,103,117,75,77,116,43,47,62,110,56" hai3=""/><U46/><E69/><V59/><F77/><T80/><N who="0" m="30752" /><T71/><D2/><U126/><E119/><V72/><F72/><T63/><D35/><U95/><E114/><V89/><F75/><T112/><D131/><U129/><E129/><V60/><F89/><T48/><D48/><U88/><E126/><N who="0" m="48137" /><D135/><U64/><E133/><V101/><F97/><T73/><D73/><U121/><N who="1" m="31008" /><U65/><E102/><V123/><N who="2" m="31520" /><V40/><F47/><T124/><D124/><U93/><E87/><V45/><F45/><T61/><D63/><U130/><E93/><AGARI ba="0,0" hai="61,66,71,80,81,83,84,90,93,112,113" m="48137,30752" machi="93" ten="30,3900,0" yaku="18,1,52,2" doraHai="86" who="0" fromWho="1" sc="597,39,104,-39,349,0,0,0" /><INIT seed="6,0,0,5,5,91" ten="636,65,349,0" oya="2" hai0="81,130,2,1,3,46,62,64,0,108,44,135,86" hai1="79,71,72,47,94,105,120,59,106,83,68,125,32" hai2="128,61,116,104,42,133,43,93,82,77,74,34,132" hai3=""/><V122/><N who="2" m="31264" /><V52/><F116/><T54/><D0/><U75/><N who="1" m="30752" /><U40/><E59/><V48/><F104/><N who="1" m="40041" /><E94/><V97/><F34/><T80/><D130/><U92/><E92/><V95/><F128/><T53/><D135/><N who="2" m="51786" /><F61/><T37/><D108/><U90/><E90/><V38/><F38/><T103/><D37/><U41/><E83/><V112/><F112/><T60/><D1/><U55/><E55/><V39/><F39/><T65/><D103/><U78/><E47/><V89/><F95/><T57/><D57/><AGARI ba="0,0" hai="42,43,48,52,57,74,77,82,89,93,97" m="51786,31264" machi="57" ten="30,11600,0" yaku="20,1,52,2,54,1" doraHai="91" who="2" fromWho="0" sc="636,-116,65,0,349,116,0,0" /><INIT seed="6,1,0,2,1,92" ten="520,65,465,0" oya="2" hai0="104,58,120,77,74,78,43,2,64,66,119,73,103" hai1="76,90,62,100,53,131,105,38,133,130,79,35,46" hai2="129,56,123,67,51,70,87,98,91,94,97,49,48" hai3=""/><V80/><N who="2" m="31520" /><V68/><F129/><T128/><N who="0" m="30752" /><T54/><D128/><N who="1" m="49195" /><E35/><V57/><F97/><T36/><D2/><U37/><E53/><V114/><F114/><T39/><D119/><U102/><E90/><V86/><F86/><T124/><D124/><U75/><E62/><V121/><N who="2" m="31008" /><V109/><F109/><T32/><D32/><U108/><E46/><V1/><F1/><T50/><D104/><U118/><E105/><V83/><F83/><T34/><D103/><N who="1" m="39467" /><E75/><V96/><F96/><T44/><D34/><U127/><E118/><V126/><F126/><T65/><REACH who="0" step="1"/><D36/><REACH who="0" ten="510,65,465,0" step="2"/><N who="1" m="13931" /><E127/><V117/><F117/><T112/><D112/><U132/><E108/><V116/><F116/><T71/><D71/><U33/><E33/><V52/><F70/><T99/><D99/><U3/><E3/><V125/><F68/><T113/><D113/><U47/><E47/><V72/><F125/><T84/><D84/><U106/><E106/><V85/><F72/><AGARI ba="1,1" hai="39,43,44,50,54,58,64,65,66,72,73,74,77,78" m="30752" machi="72" ten="40,2600,0" yaku="1,1,52,1,53,0" doraHai="92" doraHaiUra="111" who="0" fromWho="2" sc="510,38,65,0,465,-28,0,0" owari="548,49.0,65,-53.0,437,4.0,0,0.0" /></mjloggm>