<mjloggm ver="2.3"><GO type="169" lobby="0"/><UN n0="%EF%BC%A9%EF%BC%A3%EF%BC%A8%EF%BC%A9" n1="%75%63%63%68%69%2D%30%32" n2="%4D%73%75%7A%75%74%6F" n3="%E3%83%95%E3%82%A9%E3%82%B9%E3%82%BF%E3%83%BC" dan="17,16,18,16" rate="2115.53,2185.10,2234.04,2070.59" sx="M,M,M,M"/><TAIKYOKU oya="0"/><INIT seed="0,0,0,4,1,68" ten="250,250,250,250" oya="0" hai0="76,129,71,116,34,104,94,99,126,32,110,72,95" hai1="97,61,8,98,17,79,0,15,125,123,55,133,83" hai2="90,5,93,49,30,29,56,31,6,21,13,105,16" hai3="119,102,82,65,81,19,48,103,59,2,92,45,118"/><T52/><D71/><U111/><E123/><V132/><F105/><W74/><G2/><T106/><D116/><U84/><E111/><V44/><F132/><W100/><G74/><T53/><D72/><U115/><E133/><V58/><F58/><W73/><G73/><T134/><D134/><U42/><E125/><V122/><F122/><W113/><G113/><T4/><D4/><U69/><E115/><V37/><F37/><W10/><G92/><N who="0" m="35371" /><D99/><U26/><E0/><V130/><F130/><W22/><G10/><T101/><D101/><U77/><E77/><V33/><F33/><N who="0" m="12906" /><D76/><U51/><E26/><V96/><REACH who="2" step="1"/><F56/><REACH who="2" ten="250,250,240,250" step="2"/><W112/><G112/><T62/><D62/><U54/><E69/><V18/><F18/><W50/><G119/><T109/><D129/><U64/><E61/><V128/><F128/><W24/><G118/><T107/><D126/><U89/><E98/><V80/><F80/><N who="3" m="30827" /><G45/><T7/><D7/><U27/><E97/><V124/><F124/><W47/><G47/><T121/><D121/><U35/><E83/><V88/><F88/><W114/><G114/><T14/><D110/><U28/><E89/><V66/><F66/><W1/><G65/><T117/><D117/><U36/><E64/><V23/><F23/><W11/><G59/><T25/><D109/><U12/><E35/><V41/><AGARI ba="0,1" hai="5,6,13,16,21,29,30,31,41,44,49,90,93,96" machi="41" ten="30,7900,0" yaku="1,1,0,1,8,1,54,1,53,0" doraHai="68" doraHaiUra="120" who="2" fromWho="2" sc="250,-39,250,-20,240,89,250,-20" /><INIT seed="1,0,0,3,2,111" ten="211,230,329,230" oya="1" hai0="69,1,62,114,127,107,58,20,103,118,85,79,40" hai1="73,18,14,110,46,84,115,108,105,125,45,56,32" hai2="54,64,25,131,98,70,41,63,72,86,60,26,52" hai3="124,104,90,51,93,44,23,96,88,82,28,8,39"/><U48/><E73/><V106/><F72/><W80/><G124/><T68/><D118/><U17/><E125/><V7/><F131/><W37/><G104/><T100/><D1/><U135/><E105/><V36/><F7/><W97/><G8/><T121/><D40/><U61/><E115/><V102/><F63/><W4/><G4/><T134/><D114/><U35/><E135/><V119/><F119/><W71/><G71/><T112/><D112/><U123/><E123/><V22/><F25/><N who="3" m="16447" /><G37/><T75/><D75/><U59/><E84/><V91/><F41/><N who="3" m="24975" /><G39/><T113/><D69/><U116/><E116/><V94/><REACH who="2" step="1"/><F36/><REACH who="2" ten="211,230,319,230" step="2"/><W34/><G34/><T95/><D113/><U47/><E61/><V10/><F10/><W0/><G0/><T117/><D62/><U89/><E35/><V27/><F27/><W101/><G97/><T78/><D127/><U42/><E32/><V6/><F6/><W19/><G19/><AGARI ba="0,1" hai="19,22,26,52,54,60,64,70,86,91,94,98,102,106" machi="19" ten="30,3900,0" yaku="1,1,7,1,54,1,53,0" doraHai="111" doraHaiUra="122" who="2" fromWho="3" sc="211,0,230,0,319,49,230,-39" /><INIT seed="2,0,0,5,3,25" ten="211,230,368,191" oya="2" hai0="55,42,17,68,60,110,12,97,69,103,119,94,131" hai1="96,86,56,22,130,29,82,115,19,7,49,107,59" hai2="126,58,23,14,65,39,91,73,78,11,43,36,3" hai3="72,74,40,31,77,75,52,124,117,21,66,37,71"/><V87/><F126/><W67/><G117/><T105/><D110/><U84/><E115/><V122/><F122/><W135/><G124/><T63/><D119/><U129/><E7/><V26/><F3/><W33/><G77/><T20/><D131/><U89/><E86/><V112/><F112/><W116/><G71/><T98/><D42/><U101/><E29/><V50/><F78/><W9/><G33/><T48/><D69/><U70/><E70/><V13/><F73/><W100/><G100/><T64/><D63/><U127/><E127/><V24/><F24/><W108/><G40/><T102/><D48/><U134/><E134/><V0/><F0/><W6/><G37/><T88/><D55/><U8/><E8/><V85/><F85/><W47/><G108/><T132/><REACH who="0" step="1"/><D103/><REACH who="0" ten="201,230,368,191" step="2"/><U5/><E49/><V61/><F39/><W30/><G116/><T44/><D44/><U106/><E101/><V76/><F36/><W35/><G52/><T128/><D128/><U32/><E130/><V114/><F50/><W41/><G47/><T57/><D57/><U54/><E59/><V83/><F43/><W95/><G41/><T99/><D99/><U90/><E56/><V133/><F114/><W46/><G46/><T34/><D34/><U16/><E32/><V2/><F133/><AGARI ba="0,1" hai="12,17,20,60,64,68,88,94,97,98,102,105,132,133" machi="133" ten="40,2600,0" yaku="1,1,54,1,53,0" doraHai="25" doraHaiUra="111" who="0" fromWho="2" sc="201,36,230,0,368,-26,191,0" /><INIT seed="3,0,0,5,3,95" ten="237,230,342,191" oya="3" hai0="117,38,67,24,22,0,93,72,34,94,32,88,19" hai1="63,74,51,8,130,101,105,134,127,113,119,36,86" hai2="7,89,83,5,99,2,40,14,71,102,1,44,48" hai3="28,65,107,73,112,9,33,12,85,120,46,84,43"/><W26/><G112/><T69/><D117/><U49/><E113/><V61/><F1/><W97/><G120/><T75/><D38/><U39/><E119/><V42/><F2/><W60/><G73/><T81/><D0/><U50/><E74/><V3/><F3/><W79/><G79/><T30/><D34/><U41/><E134/><V21/><F42/><W29/><G28/><T122/><D122/><U58/><E130/><V92/><F71/><W54/><G54/><T6/><D6/><U128/><E128/><V131/><F131/><W4/><G107/><T15/><D94/><U68/><E68/><V17/><F61/><W37/><REACH who="3" step="1"/><G97/><REACH who="3" ten="237,230,342,181" step="2"/><T45/><D75/><U20/><E105/><V16/><F99/><W100/><G100/><T56/><D72/><U135/><E101/><V116/><F102/><W132/><G132/><T55/><D55/><U25/><E135/><V98/><F116/><W80/><G80/><T13/><D81/><U123/><E123/><V59/><F83/><W78/><G78/><T76/><D76/><U90/><E41/><V124/><F124/><W70/><AGARI ba="0,1" hai="4,9,12,26,29,33,37,43,46,60,65,70,84,85" machi="70" ten="20,3900,0" yaku="1,1,0,1,7,1,53,0" doraHai="95" doraHaiUra="115" who="3" fromWho="3" sc="237,-13,230,-13,342,-13,181,49" /><INIT seed="3,1,0,5,2,98" ten="224,217,329,230" oya="3" hai0="110,14,53,116,33,31,121,50,79,52,114,45,42" hai1="61,102,113,25,115,46,95,82,134,28,120,5,73" hai2="23,96,60,68,105,124,117,87,111,101,32,84,4" hai3="91,94,40,49,54,132,37,99,107,72,0,48,18"/><W27/><G0/><T122/><D116/><U100/><E120/><V17/><F32/><W16/><G37/><T103/><D110/><U90/><E134/><V76/><F124/><W66/><G72/><T93/><D114/><U35/><E5/><V21/><F111/><W1/><G1/><T97/><D79/><U55/><E115/><V65/><F4/><W108/><G108/><T112/><D112/><U64/><E113/><V109/><F109/><W106/><G66/><T12/><D122/><U63/><E63/><V3/><F3/><W129/><G129/><T59/><D53/><U127/><E127/><V104/><F104/><W131/><G131/><T135/><D135/><U74/><E74/><V70/><F70/><W128/><G128/><T125/><D121/><U22/><E35/><V11/><F117/><W119/><G119/><T62/><REACH who="0" step="1"/><D125/><REACH who="0" ten="214,217,329,230" step="2"/><U8/><E55/><V75/><F76/><W86/><G132/><T30/><D30/><U85/><E28/><V26/><F75/><W36/><G54/><T41/><D41/><U83/><E73/><V2/><F2/><W130/><G40/><T15/><D15/><U57/><E25/><AGARI ba="1,1" hai="12,14,25,31,33,42,45,50,52,59,62,93,97,103" machi="25" ten="40,8000,1" yaku="1,1,52,1,54,1,53,2" doraHai="98" doraHaiUra="10" who="0" fromWho="1" sc="214,93,217,-83,329,0,230,0" /><INIT seed="4,0,0,5,0,27" ten="307,134,329,230" oya="0" hai0="7,45,91,33,120,110,40,92,94,28,49,61,21" hai1="88,135,41,123,69,59,78,19,14,11,62,100,98" hai2="115,38,131,56,23,86,73,15,51,32,76,84,29" hai3="126,22,25,20,116,46,37,36,97,105,10,48,35"/><T16/><D120/><U68/><E123/><V103/><F38/><W43/><G116/><T106/><D106/><U130/><E130/><V1/><F1/><W93/><G35/><T44/><D110/><U107/><E135/><V26/><F115/><W114/><G126/><T121/><D121/><U109/><E109/><V34/><F131/><W72/><G72/><T134/><D134/><U82/><E41/><V65/><F103/><W111/><G114/><T58/><D7/><U113/><E113/><V85/><F73/><W101/><G22/><T12/><D45/><U102/><E102/><V122/><F122/><W118/><G118/><T124/><D124/><U70/><E70/><V125/><F76/><W5/><G105/><T53/><REACH who="0" step="1"/><D91/><REACH who="0" ten="297,134,329,230" step="2"/><U3/><E3/><V4/><F125/><W6/><G6/><T77/><D77/><U117/><E117/><V80/><F4/><W30/><G111/><T66/><D66/><U79/><E79/><V119/><F119/><W60/><REACH who="3" step="1"/><G60/><REACH who="3" ten="297,134,329,220" step="2"/><T95/><D95/><U127/><E127/><V57/><F80/><W0/><AGARI ba="0,2" hai="0,5,10,20,25,30,36,37,43,46,48,93,97,101" machi="0" ten="20,8000,1" yaku="1,1,2,1,0,1,7,1,52,1,53,0" doraHai="27" doraHaiUra="50" who="3" fromWho="3" sc="297,-40,134,-20,329,-20,220,100" /><INIT seed="5,0,0,2,2,56" ten="257,114,309,320" oya="1" hai0="73,112,127,3,62,61,120,1,83,105,30,13,101" hai1="89,21,119,18,23,110,16,123,40,26,0,54,47" hai2="128,126,34,69,64,7,46,66,68,4,134,75,113" hai3="103,12,93,95,48,111,35,49,33,29,27,28,88"/><U25/><E119/><V84/><F75/><W15/><G111/><T87/><D73/><U90/><E110/><V80/><F34/><W63/><G103/><T72/><D72/><U8/><E123/><V51/><F134/><W57/><G95/><T82/><D30/><U104/><E104/><V109/><F109/><W96/><G29/><T36/><D36/><U79/><E79/><V125/><F128/><W32/><G32/><T5/><D13/><U6/><REACH who="1" step="1"/><E54/><REACH who="1" ten="257,104,309,320" step="2"/><V130/><F130/><W135/><G135/><T31/><D105/><U50/><AGARI ba="0,1" hai="0,6,8,16,18,21,23,25,26,40,47,50,89,90" machi="50" ten="20,18000,2" yaku="1,1,2,1,0,1,7,1,9,1,54,1,53,0" doraHai="56" doraHaiUra="65" who="1" fromWho="1" sc="257,-60,104,190,309,-60,320,-60" /><INIT seed="5,1,0,4,2,69" ten="197,294,249,260" oya="1" hai0="0,65,70,47,75,109,100,55,92,39,116,18,78" hai1="76,95,115,12,37,60,27,38,90,127,94,81,11" hai2="61,3,106,53,4,99,58,43,20,83,133,122,131" hai3="51,29,132,91,2,124,36,113,17,19,44,84,5"/><U28/><E115/><V52/><F122/><W15/><G124/><T23/><D109/><U64/><E127/><V130/><F133/><W35/><G132/><T66/><D116/><U134/><E134/><V85/><F43/><W111/><G111/><T30/><D0/><U45/><E45/><V16/><F4/><W104/><G104/><T101/><D30/><U68/><E95/><V77/><F3/><W63/><G2/><T1/><D1/><U105/><E105/><V62/><F99/><W41/><G63/><T31/><D70/><U73/><E94/><V125/><F106/><W114/><G5/><T121/><D31/><U93/><E93/><V13/><F125/><W135/><G135/><T46/><D46/><U82/><E82/><V87/><F87/><W80/><G51/><T25/><D121/><U57/><E90/><V26/><F26/><N who="3" m="18871" /><G15/><T89/><D101/><U50/><E50/><V120/><F120/><W8/><G8/><T118/><D100/><U96/><E96/><V10/><F10/><W6/><G6/><T110/><D110/><U102/><E102/><V48/><F48/><W32/><G32/><T56/><D92/><U7/><E68/><V34/><F34/><AGARI ba="1,0" hai="7,11,12,27,28,34,37,38,57,60,64,73,76,81" machi="34" ten="30,5800,0" yaku="7,1,52,2" doraHai="69" who="1" fromWho="2" sc="197,0,294,61,249,-61,260,0" /><INIT seed="5,2,0,4,0,6" ten="197,355,188,260" oya="1" hai0="96,70,135,42,20,113,33,81,109,94,2,60,14" hai1="23,112,130,35,133,101,13,95,22,53,118,80,0" hai2="114,120,125,91,41,21,4,30,110,116,107,1,66" hai3="39,75,52,78,27,49,46,11,83,44,25,50,36"/><U54/><E118/><V16/><F110/><W111/><G111/><T7/><D109/><U38/><E35/><V88/><F120/><W115/><G115/><T117/><D33/><U65/><E112/><V64/><F107/><W99/><G99/><T40/><D2/><U19/><E0/><V51/><F114/><W55/><REACH who="3" step="1"/><G11/><REACH who="3" ten="197,355,188,250" step="2"/><T89/><D113/><U18/><E133/><V69/><F116/><W43/><G43/><T77/><D42/><U61/><E130/><V126/><F41/><W93/><G93/><T87/><D117/><U128/><E128/><V24/><F126/><W31/><G31/><T34/><D135/><U106/><E95/><V97/><F30/><W90/><G90/><T129/><D129/><U79/><E106/><V104/><F104/><W127/><G127/><T102/><D40/><U8/><E101/><V76/><F91/><W84/><G84/><T82/><D102/><U57/><E38/><AGARI ba="2,1" hai="25,27,36,38,39,44,46,49,50,52,55,75,78,83" machi="38" ten="40,5200,0" yaku="1,1,9,1,54,1,53,0" doraHai="6" doraHaiUra="103" who="3" fromWho="1" sc="197,0,355,-58,188,0,250,68" /><INIT seed="6,0,0,2,0,34" ten="197,297,188,318" oya="2" hai0="82,96,65,41,122,131,62,134,94,35,32,127,13" hai1="112,56,106,64,123,117,29,98,17,58,31,77,95" hai2="103,84,8,118,53,80,78,110,133,102,18,125,46" hai3="26,55,12,25,69,49,93,9,4,113,75,63,2"/><V111/><F118/><W1/><G75/><T44/><D122/><U61/><E123/><V126/><F18/><W52/><G26/><T45/><D127/><N who="2" m="48650" /><F8/><W83/><G113/><T107/><D107/><U99/><E112/><V37/><F53/><W101/><G83/><T109/><D109/><N who="2" m="41482" /><F46/><W50/><G101/><N who="2" m="38409" /><F37/><W60/><G93/><T73/><D45/><U14/><E106/><V59/><F59/><W71/><G25/><T20/><D94/><U47/><E47/><V19/><F19/><W16/><G16/><T91/><D44/><U104/><E104/><V81/><F81/><W97/><G9/><T51/><D82/><U120/><E117/><V76/><F133/><W24/><G24/><T39/><D134/><U6/><E120/><V116/><F116/><W54/><G55/><T100/><D41/><U130/><E56/><V42/><F42/><W30/><G12/><T89/><D13/><U135/><E135/><V86/><F86/><W0/><G54/><T43/><D43/><U48/><E17/><V129/><F129/><W67/><G52/><T68/><D131/><U27/><E130/><V40/><F40/><W105/><G50/><T28/><D51/><U70/><E48/><V88/><AGARI ba="0,0" hai="76,78,80,84,88" m="38409,41482,48650" machi="88" ten="40,12000,1" yaku="18,1,10,1,34,2,54,1" doraHai="34" who="2" fromWho="2" sc="197,-40,297,-40,188,120,318,-40" /><INIT seed="6,1,0,4,1,104" ten="157,257,308,278" oya="2" hai0="40,111,24,10,102,43,80,112,58,16,134,25,127" hai1="119,1,38,107,20,2,63,12,122,74,54,84,52" hai2="72,21,56,0,22,26,34,46,37,133,101,89,17" hai3="131,99,105,85,70,110,19,51,135,81,126,121,67"/><V83/><F0/><W35/><G121/><T73/><D111/><U18/><E122/><V108/><F34/><W109/><G35/><T125/><D112/><U69/><E119/><V98/><F133/><W132/><G67/><T15/><D134/><N who="3" m="51241" /><G70/><T113/><D113/><U96/><E38/><V6/><F6/><W62/><G62/><T45/><D102/><U71/><E74/><V44/><F108/><W106/><G126/><T118/><D118/><U31/><E84/><V48/><F37/><W64/><G64/><T68/><D68/><U30/><E69/><V13/><F56/><W3/><G131/><T114/><D114/><U120/><E120/><V124/><F48/><W33/><G33/><T60/><D43/><U116/><E116/><V95/><F124/><W53/><G3/><T86/><D73/><U29/><E1/><V79/><REACH who="2" step="1"/><F101/><REACH who="2" ten="157,257,298,278" step="2"/><W14/><G109/><T78/><D127/><U66/><E2/><V82/><F82/><W28/><G81/><T103/><D125/><U49/><E49/><V117/><F117/><W9/><G51/><T55/><REACH who="0" step="1"/><D103/><REACH who="0" ten="147,257,298,278" step="2"/><U59/><E71/><V23/><F23/><W8/><G110/><T61/><D61/><U87/><E63/><V36/><F36/><AGARI ba="1,2" hai="10,15,16,24,25,36,40,45,55,58,60,78,80,86" machi="36" ten="30,3900,0" yaku="1,1,7,1,54,1,53,0" doraHai="104" doraHaiUra="90" who="0" fromWho="2" sc="147,62,257,0,298,-42,278,0" /><INIT seed="7,0,0,0,0,131" ten="209,257,256,278" oya="3" hai0="47,79,82,134,89,78,53,135,129,25,12,106,74" hai1="115,71,95,51,45,13,70,66,124,97,80,119,76" hai2="68,34,28,105,133,75,37,39,111,27,132,43,32" hai3="72,65,23,7,60,108,42,26,35,1,63,11,67"/><W62/><G108/><T83/><D129/><U103/><E115/><V20/><F111/><W2/><G72/><T3/><D3/><U107/><E124/><V38/><F105/><W56/><G1/><T41/><D106/><U128/><E128/><V127/><F127/><W33/><G42/><T8/><D53/><U123/><E123/><V96/><F68/><W18/><REACH who="3" step="1"/><G62/><REACH who="3" ten="209,257,256,268" step="2"/><T114/><D114/><U57/><E119/><V29/><F75/><W112/><G112/><T109/><D109/><U15/><E107/><V73/><F73/><W91/><G91/><T113/><D113/><U98/><E103/><V125/><F125/><W55/><G55/><T21/><D79/><U24/><E76/><V40/><F40/><W116/><G116/><T81/><D74/><U126/><E126/><V92/><F43/><W130/><G130/><T36/><D78/><U86/><E66/><V110/><F110/><W10/><G10/><T59/><D89/><U85/><E51/><V48/><F48/><W121/><G121/><T88/><D88/><U9/><E9/><V122/><F122/><W46/><G46/><T50/><D50/><U5/><E45/><V101/><F39/><W100/><G100/><T61/><D8/><U58/><E5/><V19/><F38/><W31/><G31/><T4/><D36/><U54/><E54/><V22/><F37/><W30/><G30/><N who="0" m="17711" /><D41/><U69/><E80/><N who="0" m="20481" /><T99/><DORA hai="90" /><D47/><U0/><E0/><V102/><F102/><W84/><G84/><T52/><D99/><U117/><E85/><V120/><F120/><W77/><G77/><RYUUKYOKU ba="0,1" sc="209,15,257,-15,256,-15,268,15" hai0="4,12,52,59,61,134,135" hai3="2,7,11,18,23,26,33,35,56,60,63,65,67" /><INIT seed="7,1,1,4,4,21" ten="224,242,241,283" oya="3" hai0="12,50,116,8,108,118,123,5,71,115,35,42,128" hai1="131,53,95,74,75,69,9,28,30,36,133,114,43" hai2="55,99,106,23,65,29,49,104,31,85,93,112,38" hai3="7,18,89,19,32,11,113,20,88,63,92,127,103"/><W87/><G32/><T17/><D71/><U124/><E69/><V13/><F38/><W39/><G39/><T1/><D108/><U60/><E114/><V47/><F65/><W67/><G127/><T90/><D123/><U79/><E124/><V86/><F112/><W62/><G103/><T6/><D115/><U64/><E131/><V70/><F70/><W119/><G119/><T25/><D128/><U2/><E64/><V130/><F106/><W72/><G72/><T27/><D90/><U16/><E133/><V37/><F104/><W33/><G33/><T34/><D50/><U66/><E95/><V14/><F37/><W48/><G48/><T97/><D97/><U80/><E75/><V125/><F130/><W24/><G19/><T10/><D42/><U120/><E120/><V132/><F132/><W82/><G67/><T77/><D77/><U41/><E66/><V94/><F94/><W58/><G58/><T134/><D134/><U57/><E16/><N who="2" m="10639" /><F14/><N who="3" m="5503" /><G113/><T73/><D73/><U101/><E101/><N who="2" m="60655" /><F125/><W59/><G59/><T109/><D109/><U22/><E43/><V56/><F56/><W107/><G107/><T61/><D17/><U126/><E126/><V45/><F45/><W135/><G135/><T78/><D12/><U81/><E81/><V96/><F96/><AGARI ba="1,1" hai="18,20,24,62,63,82,87,88,89,92,96" m="5503" machi="96" ten="30,5800,0" yaku="8,1,52,1,54,1" doraHai="21" who="3" fromWho="2" sc="224,0,242,0,241,-61,283,71" owari="224,-18.0,242,4.0,180,-32.0,354,46.0" /></mjloggm>