<mjloggm ver="2.3"><GO type="225" lobby="0"/><UN n0="%31%73%E3%81%A7%E3%81%84%E3%81%84%E3%81%9D%E3%81%86" n1="%E2%96%BD%E4%B8%8E%E4%BD%9C%28%E3%81%8A%E3%81%AB%E3%81%8E%E3%82%8A" n2="%E3%82%A4%E3%83%8A%E3%82%BA%E3%83%9E%E8%91%AC%E5%84%80" n3="%E3%81%82%E3%81%9A%E3%81%8D%E3%81%82%E3%81%9A%E3%81%95" dan="16,17,17,16" rate="2124.54,2181.13,2198.24,2116.73" sx="M,M,F,M"/><TAIKYOKU oya="0"/><INIT seed="0,0,0,0,0,134" ten="250,250,250,250" oya="0" hai0="16,28,90,45,79,118,84,72,93,22,86,57,83" hai1="122,18,40,5,50,124,64,35,58,34,97,73,13" hai2="31,75,4,21,33,69,70,17,65,71,12,100,32" hai3="104,10,49,44,36,133,80,111,123,6,108,113,106"/><T95/><D118/><U129/><E122/><V1/><F75/><W66/><G113/><T91/><D28/><U29/><E73/><V25/><F33/><W94/><G133/><T107/><D107/><U0/><E29/><V103/><REACH who="2" step="1"/><F65/><REACH who="2" ten="250,250,240,250" step="2"/><W46/><G66/><T30/><D30/><U85/><E35/><V92/><F92/><W23/><G94/><T38/><D57/><U96/><E34/><V114/><F114/><W54/><G104/><T43/><D72/><U116/><E58/><V27/><F27/><W56/><G106/><T105/><D105/><U132/><E64/><V8/><AGARI ba="0,1" hai="1,4,8,12,17,21,25,31,32,69,70,71,100,103" machi="8" ten="40,8000,1" yaku="1,1,0,1,24,2,53,1" doraHai="134" doraHaiUra="26" who="2" fromWho="2" sc="250,-40,250,-20,240,90,250,-20" /><INIT seed="1,0,0,4,2,112" ten="210,230,330,230" oya="1" hai0="63,5,125,41,115,17,75,62,49,126,57,97,90" hai1="67,28,12,14,38,123,20,119,72,89,113,21,22" hai2="78,33,68,114,104,26,61,59,8,92,16,106,53" hai3="30,120,98,31,65,128,87,110,135,95,44,58,94"/><U85/><E113/><V51/><F114/><W39/><G120/><T0/><D75/><U77/><E123/><V52/><F78/><W36/><G110/><T56/><D115/><U35/><E38/><V88/><F68/><W45/><G135/><T129/><D129/><U80/><E67/><V42/><F42/><W66/><G128/><T69/><D69/><U133/><E133/><V96/><F33/><W47/><G87/><T74/><D74/><U11/><E11/><V10/><F10/><W132/><G132/><T64/><D5/><U37/><E37/><N who="3" m="14410" /><G58/><T107/><D0/><U118/><E14/><V83/><F83/><W117/><G98/><T121/><D17/><U100/><E12/><V71/><F71/><W40/><G40/><T19/><D19/><U43/><E43/><V23/><F8/><W7/><G7/><T103/><D90/><U111/><E100/><V9/><F9/><W102/><G102/><T91/><D91/><U79/><E111/><V93/><F93/><N who="3" m="35339" /><G117/><T82/><D82/><U105/><E105/><V50/><F50/><W109/><G109/><T127/><D121/><U101/><E101/><V24/><F24/><W15/><G15/><T3/><D3/><U34/><E34/><V122/><F122/><W81/><G81/><T48/><REACH who="0" step="1"/><D41/><REACH who="0" ten="200,230,330,230" step="2"/><U70/><E70/><V4/><F4/><W29/><AGARI ba="0,1" hai="29,30,31,44,45,47,65,66" m="35339,14410" machi="29" ten="40,2700,0" yaku="28,2" doraHai="112" who="3" fromWho="3" sc="200,-7,230,-13,330,-7,230,37" /><INIT seed="2,0,0,4,5,129" ten="193,217,323,267" oya="2" hai0="47,83,72,87,43,18,80,23,130,109,68,104,94" hai1="93,62,134,124,117,48,81,116,82,69,56,77,52" hai2="38,25,84,6,89,119,97,122,67,34,133,120,64" hai3="39,125,107,74,27,7,22,19,63,53,33,76,2"/><V24/><F119/><W46/><G107/><T13/><D68/><U5/><E124/><V99/><F38/><W11/><G125/><T75/><D104/><U103/><E5/><V110/><F6/><W42/><G33/><T12/><D130/><U79/><E69/><V132/><F110/><W102/><G102/><T66/><D109/><U31/><E31/><V35/><F89/><W37/><G53/><T40/><D66/><N who="1" m="39239" /><E117/><V95/><F95/><W26/><G63/><T4/><D94/><U90/><E103/><V61/><F61/><W78/><G37/><T118/><D118/><U65/><E65/><V36/><F36/><W86/><G86/><AGARI ba="0,0" hai="24,25,34,35,64,67,84,86,97,99,120,122,132,133" machi="86" ten="25,9600,0" yaku="22,2,52,2" doraHai="129" who="2" fromWho="3" sc="193,0,217,0,323,96,267,-96" /><INIT seed="2,1,0,0,0,129" ten="193,217,419,171" oya="2" hai0="3,115,50,6,34,25,89,93,13,21,64,56,36" hai1="71,117,45,30,112,10,130,7,22,57,62,128,84" hai2="68,118,72,87,78,70,77,97,4,105,75,29,55" hai3="19,9,100,61,94,107,17,119,5,113,14,51,124"/><V42/><F118/><W44/><G119/><T108/><D36/><U24/><E117/><V32/><F42/><W40/><G124/><T69/><D115/><U88/><E112/><V54/><F4/><W37/><G113/><T132/><D69/><U63/><E45/><V121/><F121/><W46/><G107/><T126/><D108/><U0/><E71/><V81/><F32/><W133/><G133/><T60/><D126/><U103/><E103/><V16/><F29/><W66/><G94/><T111/><D111/><U35/><E35/><V135/><F135/><W2/><G100/><T67/><D34/><U43/><E43/><V110/><F110/><W99/><G99/><T23/><D3/><U101/><E101/><V1/><F1/><W74/><G74/><T33/><D50/><U109/><E109/><V83/><F87/><W82/><G82/><T76/><D33/><U15/><E0/><V8/><F97/><W120/><G120/><T27/><D76/><U102/><E102/><V125/><F125/><W85/><G85/><N who="0" m="52399" /><D67/><U18/><E30/><V38/><F38/><W28/><G28/><T116/><D132/><U48/><E128/><V11/><F105/><W95/><G95/><T41/><D41/><U79/><E79/><V59/><F59/><N who="3" m="37183" /><G2/><T92/><D92/><N who="1" m="54279" /><E130/><V65/><F65/><W31/><G31/><T122/><D122/><U53/><AGARI ba="1,0" hai="7,10,15,18,22,24,48,53,57,62,63" m="54279" machi="53" ten="30,2000,0" yaku="8,1,54,1" doraHai="129" who="1" fromWho="1" sc="193,-6,217,23,419,-11,171,-6" /><INIT seed="3,0,0,1,4,71" ten="187,240,408,165" oya="3" hai0="110,114,117,119,118,31,33,100,37,53,128,58,133" hai1="124,90,55,41,112,131,51,14,16,88,6,35,125" hai2="103,61,42,25,13,18,40,3,123,74,36,127,77" hai3="57,9,39,48,21,23,72,19,66,80,12,8,132"/><W47/><G132/><T121/><D100/><U60/><E35/><V97/><F3/><W85/><G72/><T5/><D5/><U54/><E6/><V92/><F127/><W11/><G39/><T122/><D133/><U104/><E104/><V27/><F123/><N who="0" m="47114" /><D31/><U78/><E112/><V96/><F61/><W93/><G93/><T111/><D33/><U129/><E78/><V46/><F42/><W102/><G102/><T115/><D37/><U113/><E113/><N who="0" m="43017" /><D128/><N who="1" m="49227" /><E41/><V99/><F77/><W84/><G23/><T67/><D67/><U59/><E88/><V109/><F109/><W83/><G83/><T30/><D30/><U38/><E90/><V22/><F74/><W52/><REACH who="3" step="1"/><G80/><REACH who="3" ten="187,240,408,155" step="2"/><T4/><D4/><U87/><E38/><V79/><F92/><W56/><G56/><T91/><D91/><U82/><E125/><V135/><F135/><W95/><G95/><T28/><D28/><U26/><E124/><V120/><F103/><W69/><G69/><T45/><D45/><U1/><E82/><V43/><F46/><W70/><G70/><T15/><D15/><U134/><E134/><V81/><F22/><W2/><G2/><T64/><D64/><U68/><E1/><V17/><F13/><W101/><G101/><T10/><D10/><N who="1" m="6231" /><E68/><V0/><F36/><W73/><G73/><T89/><D89/><U24/><E87/><N who="2" m="48575" /><F120/><W94/><G94/><T106/><D106/><U76/><E76/><V7/><F0/><W49/><G49/><AGARI ba="0,1" hai="49,53,58,110,111,117,118,119" m="43017,47114" machi="49" ten="40,32000,5" yakuman="50" doraHai="71" who="0" fromWho="3" sc="187,330,240,0,408,0,155,-320" owari="517,62.0,240,-16.0,408,21.0,-165,-67.0" /></mjloggm>