<mjloggm ver="2.3"><GO type="185" lobby="0"/><UN n0="%E9%95%B7%E5%85%89%E9%BA%BB%E5%A4%9C" n1="%4E%65%6D%6F%6D%6F%6D%6F" n2="%6E%69%6B%6F%6C%75%30%33" n3="" dan="16,16,17,0" rate="2230.66,2168.24,2280.21,1500.00" sx="M,M,M,C"/><TAIKYOKU oya="0"/><INIT seed="0,0,0,3,0,129" ten="350,350,350,0" oya="0" hai0="95,89,65,133,37,88,92,117,79,46,110,41,77" hai1="106,32,115,101,76,58,126,131,69,128,61,60,122" hai2="98,130,57,33,102,44,134,56,121,73,125,118,49" hai3=""/><T1/><D1/><U48/><N who="1" m="31264" /><U91/><E32/><V34/><N who="2" m="31008" /><V3/><F3/><T74/><D117/><U116/><E116/><V103/><F118/><T38/><D110/><U135/><E126/><V54/><F125/><T47/><D65/><U132/><E115/><V82/><F130/><N who="1" m="49705" /><E76/><V93/><F103/><T66/><D66/><U53/><E91/><V43/><F57/><T50/><D50/><U59/><E69/><V107/><F107/><T105/><D105/><U123/><N who="1" m="31520" /><U78/><E78/><V42/><F33/><T36/><D36/><U83/><E83/><V108/><F108/><T90/><D90/><U45/><E59/><V75/><F82/><T112/><D112/><U94/><E106/><V51/><F34/><T67/><D67/><U62/><E58/><V35/><F35/><T120/><N who="0" m="30752" /><T81/><D81/><U64/><E64/><V68/><F68/><T63/><D74/><U97/><AGARI ba="0,0" hai="45,48,53,60,61,62,94,97,101,132,135" m="31520,49705,31264" machi="97" ten="40,6000,1" yaku="19,1,52,4" doraHai="129" who="1" fromWho="1" sc="350,-40,350,60,350,-20,0,0" /><INIT seed="1,0,0,0,2,107" ten="310,410,330,0" oya="1" hai0="115,121,132,123,85,58,103,111,83,37,102,90,135" hai1="78,59,100,60,65,133,32,50,57,76,86,73,95" hai2="62,40,108,129,112,79,96,55,99,110,68,77,118" hai3=""/><U66/><E32/><V0/><F0/><T47/><N who="0" m="31008" /><T92/><N who="0" m="31520" /><T74/><D115/><U72/><E133/><N who="0" m="51273" /><D111/><U101/><E50/><V71/><F112/><T106/><D106/><U69/><E69/><V91/><F118/><T131/><D131/><U36/><E36/><V70/><F40/><T80/><D58/><U48/><E48/><V134/><F134/><T87/><D47/><U97/><E100/><N who="0" m="38441" /><D37/><U117/><E117/><V43/><F43/><T113/><D113/><U93/><E59/><V120/><N who="2" m="30752" /><V61/><F55/><T109/><D109/><N who="2" m="42090" /><F129/><T125/><D125/><U33/><E33/><V1/><F1/><T67/><D67/><U126/><E126/><V42/><F42/><T2/><D2/><U56/><E56/><V81/><F61/><T34/><D34/><U105/><E65/><V3/><F62/><T46/><D46/><U130/><E130/><V54/><F54/><T116/><D116/><U82/><REACH who="1" step="1"/><E76/><REACH who="1" ten="310,400,330,0" step="2"/><N who="2" m="29259" /><F3/><T52/><D52/><U49/><E49/><V94/><F68/><T53/><D53/><U119/><E119/><V84/><F70/><T64/><D64/><U38/><E38/><V122/><N who="2" m="31264" /><V44/><F71/><T98/><D90/><U104/><E104/><RYUUKYOKU ba="0,1" sc="310,-10,400,20,330,-10,0,0" hai1="57,60,66,72,73,78,82,86,93,95,97,101,105" /><INIT seed="1,1,1,3,0,33" ten="300,420,320,0" oya="1" hai0="118,55,47,126,59,104,72,128,108,97,38,50,67" hai1="45,44,121,48,56,133,43,66,64,42,2,116,70" hai2="39,125,102,96,77,84,58,71,79,101,51,109,41" hai3=""/><U62/><N who="1" m="31008" /><U130/><E2/><V3/><F71/><T83/><D118/><U134/><E116/><V61/><F3/><T0/><D0/><U115/><E115/><V76/><F39/><T60/><D126/><U110/><E130/><V1/><F1/><T73/><D128/><U78/><E78/><V114/><F114/><T57/><D108/><U100/><E100/><V69/><F109/><T122/><N who="0" m="31264" /><T80/><D97/><U131/><E131/><V135/><F69/><T85/><D104/><U92/><E92/><V124/><F84/><T89/><D83/><U93/><E93/><V88/><F88/><T86/><D86/><U106/><E106/><V40/><F102/><T74/><REACH who="0" step="1"/><D38/><REACH who="0" ten="290,420,320,0" step="2"/><U53/><E110/><V34/><F125/><T94/><D94/><U75/><E75/><V119/><F124/><T129/><D129/><U65/><E70/><AGARI ba="1,2" hai="47,50,55,57,59,60,67,70,72,73,74,80,85,89" m="31264" machi="70" ten="40,2600,0" yaku="1,1,52,1,53,0" doraHai="33" doraHaiUra="99" who="0" fromWho="1" sc="290,48,420,-28,320,0,0,0" /><INIT seed="2,0,0,0,5,104" ten="338,392,320,0" oya="2" hai0="0,94,42,127,99,97,71,62,131,58,87,69,101" hai1="76,79,129,95,57,102,128,64,105,120,35,121,65" hai2="74,73,47,1,38,115,90,83,109,67,59,85,125" hai3=""/><V130/><F115/><T81/><D0/><U92/><N who="1" m="30752" /><U45/><N who="1" m="31008" /><U103/><E105/><V119/><F119/><T124/><D131/><U34/><E45/><V98/><F1/><T49/><D99/><U37/><REACH who="1" step="1"/><E57/><REACH who="1" ten="338,382,320,0" step="2"/><V61/><F130/><T112/><D112/><U89/><E89/><V32/><F32/><T96/><D69/><U36/><AGARI ba="0,1" hai="34,35,36,37,64,65,76,79,92,95,102,103,128,129" m="31008,30752" machi="36" ten="25,9000,2" yaku="1,1,0,1,22,2,52,2,53,0" doraHai="104" doraHaiUra="56" who="1" fromWho="1" sc="338,-30,382,100,320,-60,0,0" /><INIT seed="4,0,0,0,0,64" ten="308,482,260,0" oya="0" hai0="32,36,63,41,116,129,121,84,126,92,49,66,100" hai1="67,61,65,90,74,59,128,37,125,104,1,44,88" hai2="123,56,35,93,76,117,48,77,86,68,55,97,40" hai3=""/><T115/><N who="0" m="31008" /><T47/><D32/><U80/><E1/><V96/><N who="2" m="31520" /><V98/><F35/><T58/><D116/><U0/><E0/><V101/><F68/><T122/><N who="0" m="31264" /><T50/><D126/><U43/><E104/><V46/><F117/><T34/><D34/><U113/><E125/><V52/><F55/><T53/><D129/><U106/><E106/><V107/><F86/><T112/><D84/><U95/><E128/><V114/><F114/><N who="0" m="43562" /><D92/><U127/><E127/><V118/><F118/><T54/><D100/><U119/><E119/><V83/><F83/><T111/><D111/><U110/><E110/><V2/><F2/><T85/><D85/><U60/><E113/><V124/><F124/><T71/><D53/><U51/><E74/><V120/><N who="2" m="30752" /><V72/><F72/><T78/><D78/><N who="2" m="30314" /><F107/><T109/><D109/><U81/><E81/><V89/><F101/><T75/><D75/><U91/><E80/><V70/><F70/><T99/><D99/><U3/><E3/><V33/><F33/><T94/><D94/><U102/><E102/><V131/><F131/><T57/><D71/><U45/><E95/><V62/><AGARI ba="0,0" hai="40,46,48,52,56,62,89,93,96,97,98" m="30314,30752,31520" machi="62" ten="30,5900,0" yaku="8,1,52,2,54,1" doraHai="64" who="2" fromWho="2" sc="308,-39,482,-20,260,59,0,0" /><INIT seed="5,0,0,4,0,104" ten="269,462,319,0" oya="1" hai0="45,90,84,127,41,56,47,81,50,115,113,55,51" hai1="48,118,109,35,108,129,86,111,132,49,117,78,60" hai2="87,97,82,98,123,119,62,75,76,133,105,0,59" hai3=""/><U101/><E35/><V125/><N who="2" m="31520" /><V120/><N who="2" m="30752" /><V122/><N who="2" m="31264" /><V92/><F119/><N who="1" m="45577" /><E101/><V112/><F0/><T40/><REACH who="0" step="1"/><D127/><REACH who="0" ten="259,462,319,0" step="2"/><U52/><E109/><V67/><F125/><T1/><D1/><U68/><E108/><V107/><F133/><T131/><D131/><U116/><E129/><V100/><F112/><T130/><D130/><U69/><E132/><V2/><F2/><T73/><D73/><U94/><E111/><V57/><F75/><T71/><D71/><U83/><E69/><V61/><REACH who="2" step="1"/><F98/><REACH who="2" ten="259,462,309,0" step="2"/><T37/><AGARI ba="0,2" hai="37,40,41,45,47,50,51,55,56,81,84,90,113,115" machi="37" ten="30,3000,0" yaku="1,1,0,1,53,1" doraHai="104" doraHaiUra="54" who="0" fromWho="0" sc="259,50,462,-20,309,-10,0,0" /><INIT seed="6,0,0,1,0,91" ten="309,442,299,0" oya="2" hai0="56,36,130,38,90,79,114,94,37,88,104,51,86" hai1="123,58,121,41,100,107,70,106,127,32,68,111,115" hai2="42,1,122,48,95,74,81,47,2,40,71,65,124" hai3=""/><V77/><N who="2" m="31264" /><V113/><F113/><T93/><D114/><U82/><N who="1" m="31008" /><U120/><N who="1" m="30752" /><U84/><N who="1" m="31520" /><U69/><E115/><V52/><F124/><T98/><D130/><U72/><E111/><V103/><F65/><T117/><D117/><U39/><E32/><V134/><F71/><T87/><D79/><U80/><E127/><V0/><REACH who="2" step="1"/><F134/><REACH who="2" ten="309,442,289,0" step="2"/><T112/><D112/><U66/><E70/><V99/><AGARI ba="0,1" hai="0,1,2,40,42,47,48,52,74,77,81,95,99,103" m="31264" machi="99" ten="40,12000,2" yaku="1,1,2,1,0,1,52,2,54,1,53,0" doraHai="91" doraHaiUra="129" who="2" fromWho="2" sc="309,-60,442,-60,289,130,0,0" owari="249,-35.0,382,-2.0,419,37.0,0,0.0" /></mjloggm>