<mjloggm ver="2.3"><GO type="169" lobby="0"/><UN n0="%4A%65%74%2E%42" n1="%E5%BD%A9%E4%BA%AC" n2="%69%6B%65%64%61%64%61" n3="%E5%AE%89%E6%96%8E" dan="18,17,16,17" rate="2199.33,2228.49,2159.89,2237.10" sx="M,M,M,F"/><TAIKYOKU oya="0"/><INIT seed="0,0,0,3,1,98" ten="250,250,250,250" oya="0" hai0="60,116,73,109,134,54,79,86,80,56,0,46,22" hai1="37,45,123,57,124,135,100,43,20,65,75,117,84" hai2="126,63,83,59,14,103,115,70,48,88,53,24,96" hai3="7,36,76,74,21,40,106,18,90,62,77,10,104"/><T11/><D116/><U87/><E117/><V133/><F115/><W52/><G36/><T72/><D134/><U39/><E123/><V128/><F133/><W85/><G40/><T32/><D32/><U94/><E135/><V13/><F128/><W30/><G30/><T49/><D109/><U69/><E75/><V105/><F126/><W121/><G121/><T29/><D0/><U108/><E39/><V31/><F83/><W4/><G74/><T17/><D11/><U120/><E120/><V131/><F131/><W97/><G104/><T35/><D29/><U91/><E108/><V118/><F88/><W38/><G38/><T25/><REACH who="0" step="1"/><D35/><REACH who="0" ten="240,250,250,250" step="2"/><U132/><E132/><V51/><F118/><W16/><G10/><T125/><D125/><U64/><E124/><V19/><F19/><W42/><G18/><T93/><D93/><U127/><E94/><V112/><F112/><W34/><G34/><T28/><D28/><U47/><E127/><V23/><F70/><W101/><G4/><T67/><AGARI ba="0,1" hai="17,22,25,46,49,54,56,60,67,72,73,79,80,86" machi="67" ten="20,3900,0" yaku="1,1,0,1,7,1,53,0" doraHai="98" doraHaiUra="66" who="0" fromWho="0" sc="240,49,250,-13,250,-13,250,-13" /><INIT seed="0,1,0,2,1,75" ten="289,237,237,237" oya="0" hai0="42,43,61,13,103,81,131,23,115,87,69,16,25" hai1="18,95,111,96,35,7,47,58,91,29,0,1,122" hai2="94,59,64,123,77,37,90,82,118,2,6,102,15" hai3="83,22,106,41,10,40,19,116,52,78,38,54,71"/><T100/><D115/><U120/><E111/><V105/><F123/><W12/><G116/><T28/><D131/><U26/><E1/><V14/><F37/><W65/><G106/><T24/><D24/><U130/><E130/><V113/><F113/><W127/><G127/><T5/><D5/><U134/><E134/><V133/><F133/><W135/><G135/><T3/><D3/><U39/><E58/><V44/><F44/><W34/><G34/><T67/><D43/><N who="3" m="16457" /><G71/><T88/><REACH who="0" step="1"/><D42/><REACH who="0" ten="279,237,237,237" step="2"/><U36/><E7/><V51/><F6/><N who="3" m="3159" /><G38/><T48/><D48/><U121/><E0/><V73/><F2/><W55/><G65/><T60/><D60/><U117/><E39/><V86/><F118/><W56/><G56/><T70/><D70/><U97/><E117/><V76/><F64/><W20/><G19/><T21/><AGARI ba="1,1" hai="13,16,21,23,25,28,61,67,69,81,87,88,100,103" machi="21" ten="20,12000,1" yaku="1,1,0,1,7,1,54,2,53,0" doraHai="75" doraHaiUra="112" who="0" fromWho="0" sc="279,133,237,-41,237,-41,237,-41" /><INIT seed="0,2,0,2,1,103" ten="412,196,196,196" oya="0" hai0="14,33,79,90,105,80,133,87,129,65,28,97,45" hai1="3,76,125,49,132,24,135,127,9,134,57,35,84" hai2="68,82,44,115,59,92,48,71,12,110,20,130,124" hai3="101,50,54,78,60,88,16,52,100,7,116,5,42"/><T104/><D65/><U93/><E35/><V23/><F115/><W18/><G116/><T70/><D70/><U51/><E24/><V8/><F110/><W30/><G78/><T34/><D28/><U106/><E57/><V114/><F114/><W131/><G30/><T123/><D33/><U111/><E111/><V37/><F37/><W36/><G36/><T121/><D34/><U21/><E21/><V29/><F59/><N who="3" m="34919" /><G42/><T119/><D14/><U89/><E76/><V83/><F92/><W58/><G131/><T81/><D45/><U0/><E106/><N who="0" m="41065" /><D119/><U62/><E62/><V109/><F130/><W112/><G112/><T39/><D39/><U74/><E74/><V56/><F56/><W66/><G66/><T117/><D117/><U64/><E64/><V11/><F109/><W40/><G40/><T13/><D13/><U67/><E67/><V26/><F71/><W2/><G2/><N who="1" m="554" /><E9/><V94/><F68/><W22/><G18/><T6/><D6/><N who="3" m="2057" /><G88/><N who="0" m="51311" /><D129/><U118/><E118/><V15/><F12/><AGARI ba="2,0" hai="12,16,22,50,54,58,100,101" m="2057,34919" machi="12" ten="30,3900,0" yaku="8,1,54,2" doraHai="103" who="3" fromWho="2" sc="412,0,196,0,196,-45,196,45" /><INIT seed="1,0,0,3,0,13" ten="412,196,151,241" oya="1" hai0="125,66,3,79,117,89,88,38,69,84,105,46,70" hai1="126,6,127,86,110,2,90,54,53,56,82,98,111" hai2="20,130,132,59,15,35,65,123,32,73,134,63,24" hai3="4,9,50,7,103,27,31,19,0,10,75,106,55"/><U57/><E2/><V109/><F123/><W133/><G75/><T52/><D117/><U122/><E6/><V113/><F73/><W22/><G106/><T93/><D105/><U5/><E5/><V102/><F102/><W16/><G103/><T36/><D125/><N who="1" m="47627" /><E98/><V78/><F78/><W64/><G64/><T80/><D89/><U100/><E100/><V114/><F15/><W76/><G76/><T45/><D3/><U41/><E41/><V94/><F94/><W97/><G97/><T62/><D70/><U11/><E11/><V112/><F130/><W72/><G72/><T14/><D14/><U17/><E122/><V33/><REACH who="2" step="1"/><F109/><REACH who="2" ten="412,196,141,241" step="2"/><N who="1" m="41481" /><E17/><AGARI ba="0,1" hai="17,20,24,32,33,35,59,63,65,112,113,114,132,134" machi="17" ten="50,6400,0" yaku="1,1,11,1,52,1,53,0" doraHai="13" doraHaiUra="42" who="2" fromWho="1" sc="412,0,196,-64,141,74,241,0" /><INIT seed="2,0,0,2,1,81" ten="412,132,215,241" oya="2" hai0="70,107,121,103,67,62,61,126,117,130,134,37,129" hai1="43,59,46,76,52,119,132,101,127,80,6,45,53" hai2="94,104,58,1,65,112,40,50,73,7,123,87,19" hai3="78,35,64,21,113,109,31,33,17,95,8,122,11"/><V120/><F104/><W54/><G122/><T83/><D121/><U98/><E119/><V15/><F73/><W47/><G109/><T28/><D117/><U66/><E132/><V99/><F112/><W39/><G113/><T82/><D134/><U100/><E127/><V42/><F7/><W3/><G64/><T10/><D37/><U69/><E6/><V30/><F1/><W55/><G78/><T86/><D83/><U118/><E118/><V51/><F30/><W49/><G3/><T116/><D28/><U29/><E29/><V77/><F123/><W44/><G95/><T96/><D126/><U74/><E69/><V23/><F120/><W128/><G128/><T63/><D10/><U48/><E66/><V41/><F77/><W26/><G33/><T13/><D13/><U27/><E27/><V22/><F22/><W34/><G35/><T90/><D116/><U57/><E101/><V133/><F133/><W84/><G84/><T115/><D115/><U105/><REACH who="1" step="1"/><E43/><REACH who="1" ten="412,122,215,241" step="2"/><V93/><F65/><W36/><G34/><T9/><D67/><U16/><E16/><V71/><F71/><W18/><G31/><T12/><REACH who="0" step="1"/><D70/><REACH who="0" ten="402,122,215,241" step="2"/><U88/><E88/><N who="2" m="53407" /><F58/><W97/><G18/><AGARI ba="0,2" hai="9,12,18,61,62,63,82,86,90,96,103,107,129,130" machi="18" ten="40,2600,0" yaku="1,1,52,1,53,0" doraHai="81" doraHaiUra="111" who="0" fromWho="3" sc="402,46,122,0,215,0,241,-26" /><INIT seed="3,0,0,3,0,86" ten="448,122,215,215" oya="3" hai0="124,16,33,97,61,60,88,45,98,4,73,57,117" hai1="54,64,83,63,46,93,20,79,87,81,59,96,36" hai2="89,24,129,51,30,109,125,128,101,100,111,13,122" hai3="92,32,78,104,108,135,0,107,72,126,102,56,84"/><W31/><G0/><T118/><D73/><U70/><E83/><V11/><F51/><W28/><G32/><T43/><D33/><U112/><E112/><V131/><F125/><W113/><G113/><T76/><D76/><U127/><E127/><V82/><F122/><W41/><G126/><T58/><D4/><U75/><E75/><V49/><F49/><W34/><G41/><T95/><D98/><U26/><E36/><V5/><F101/><W74/><G34/><T21/><D60/><U35/><E35/><N who="2" m="20935" /><F100/><W105/><G135/><T134/><D134/><U15/><E46/><V121/><F121/><W77/><G108/><N who="2" m="41545" /><F82/><N who="3" m="45351" /><G28/><T55/><D58/><U91/><E70/><V133/><F89/><N who="3" m="53287" /><G31/><T1/><D1/><U103/><E103/><V3/><F133/><W85/><G56/><T62/><D62/><U38/><E38/><V39/><F39/><W42/><G42/><T116/><D124/><U29/><REACH who="1" step="1"/><E15/><AGARI ba="0,0" hai="3,5,11,13,15,128,129,131" m="41545,20935" machi="15" ten="40,8000,1" yaku="19,1,14,1,34,2" doraHai="86" who="2" fromWho="1" sc="448,0,122,-80,215,80,215,0" /><INIT seed="4,0,0,5,1,73" ten="448,42,295,215" oya="0" hai0="86,111,76,118,122,80,9,2,70,43,104,121,132" hai1="62,77,130,89,119,22,55,90,44,7,25,29,20" hai2="59,13,112,120,131,71,32,5,79,82,129,97,21" hai3="72,115,28,38,84,1,50,92,117,127,114,4,41"/><T36/><D118/><U66/><E119/><V19/><F120/><W98/><G117/><T53/><D132/><U39/><E130/><N who="2" m="49675" /><F71/><W31/><G72/><T113/><D113/><N who="3" m="43017" /><G38/><T34/><D34/><U106/><E106/><V133/><F32/><W54/><G41/><T30/><D30/><U8/><E22/><V18/><F112/><W51/><G84/><T6/><D70/><U60/><E62/><V123/><F123/><W64/><G64/><T94/><D111/><U134/><E134/><V69/><F69/><W91/><G50/><T95/><D53/><U124/><E124/><V48/><F97/><W42/><G42/><T3/><D43/><U0/><E55/><N who="2" m="32231" /><F133/><W15/><G1/><T40/><D3/><U12/><E39/><V16/><F5/><W107/><G107/><T47/><D104/><U109/><E109/><V101/><F101/><W56/><G127/><T49/><D36/><U85/><E0/><V37/><F37/><W26/><G26/><T87/><D122/><U46/><E44/><V23/><F13/><W81/><G81/><N who="0" m="47399" /><D2/><U33/><E33/><V52/><F52/><W14/><G14/><N who="0" m="5431" /><D121/><U128/><E66/><V116/><F116/><W102/><G4/><T135/><D135/><U103/><E7/><V45/><F45/><W125/><G125/><T99/><D99/><U78/><E46/><V27/><F27/><W24/><G24/><T108/><D108/><U17/><E25/><V126/><F126/><W35/><G35/><T75/><D75/><AGARI ba="0,0" hai="16,18,19,21,23,75,79,82" m="32231,49675" machi="75" ten="30,3900,0" yaku="19,1,52,1,54,1" doraHai="73" who="2" fromWho="0" sc="448,-39,42,0,295,39,215,0" /><INIT seed="5,0,0,3,3,14" ten="409,42,334,215" oya="1" hai0="51,105,9,94,52,54,67,90,119,44,125,115,103" hai1="30,7,39,126,101,15,95,65,71,96,123,46,131" hai2="43,4,69,82,121,107,74,17,79,13,27,88,12" hai3="61,11,86,35,77,135,132,41,32,111,68,118,23"/><U128/><E123/><V120/><F107/><W122/><G111/><T117/><D105/><U92/><E126/><V1/><F69/><W87/><G122/><T89/><D115/><U31/><E71/><V20/><F43/><W40/><G118/><T109/><D109/><U134/><E65/><V76/><F76/><W0/><G23/><T26/><D125/><U73/><E73/><V93/><F1/><W36/><G61/><T45/><D67/><U10/><E134/><N who="3" m="51242" /><G68/><T99/><D9/><U100/><E39/><V110/><F110/><W106/><G106/><T2/><D2/><U6/><E46/><V24/><F13/><W104/><G104/><T8/><D8/><U28/><REACH who="1" step="1"/><E7/><REACH who="1" ten="409,32,334,215" step="2"/><V50/><F4/><N who="3" m="1415" /><G36/><T98/><D119/><U78/><E78/><V84/><F121/><W70/><G70/><T57/><D117/><U49/><E49/><V22/><F120/><W97/><G77/><T55/><D45/><U66/><E66/><V85/><F50/><W75/><G75/><T29/><D57/><U124/><E124/><V108/><F108/><W102/><G40/><T18/><D54/><U112/><E112/><V33/><F74/><W53/><G41/><T116/><D55/><U59/><E59/><V60/><F79/><W16/><G53/><T83/><D116/><U25/><E25/><V64/><F27/><W48/><G48/><T130/><D52/><U58/><E58/><V129/><F24/><W38/><G38/><T5/><D51/><U47/><E47/><V62/><F64/><W34/><G34/><N who="0" m="20791" /><D44/><U37/><E37/><V127/><F127/><RYUUKYOKU ba="0,1" sc="409,-10,32,30,334,-10,215,-10" hai1="6,10,15,28,30,31,92,95,96,100,101,128,131" /><INIT seed="5,1,1,2,5,13" ten="399,62,324,205" oya="1" hai0="87,31,103,12,129,45,8,53,1,107,83,84,27" hai1="28,78,93,119,132,39,94,50,75,71,41,110,122" hai2="88,97,67,79,99,7,52,89,58,135,134,4,74" hai3="54,62,63,23,82,21,24,17,35,37,106,85,57"/><U86/><E122/><V126/><F67/><W36/><G106/><T96/><D129/><U2/><E119/><V118/><F118/><W113/><G113/><T128/><D128/><U133/><E71/><V25/><F25/><N who="3" m="14511" /><G35/><T42/><D53/><U100/><E2/><V105/><F126/><W64/><G36/><T70/><D70/><U112/><E112/><V120/><F79/><N who="3" m="46303" /><G37/><T101/><D101/><U130/><E110/><V77/><F77/><W16/><G64/><T91/><D84/><U117/><E117/><V104/><F74/><W26/><G26/><T15/><D1/><U109/><E109/><V81/><F81/><W72/><G72/><T131/><D131/><U73/><E130/><V10/><F120/><W111/><G111/><T43/><D12/><U51/><E39/><V40/><F40/><W44/><G44/><T56/><D45/><U92/><E100/><V102/><F102/><W18/><G18/><T32/><D56/><U80/><E28/><V60/><F105/><W124/><G124/><T20/><D32/><U33/><E33/><V108/><F104/><W46/><G46/><T48/><D43/><U47/><REACH who="1" step="1"/><E51/><AGARI ba="1,1" hai="16,23,24,51,54,57,62,63" m="46303,14511" machi="51" ten="30,7700,0" yaku="8,1,52,2,54,1" doraHai="13" who="3" fromWho="1" sc="399,0,62,-80,324,0,205,90" owari="399,50.0,-18,-52.0,324,12.0,295,-10.0" /></mjloggm>