<mjloggm ver="2.3"><GO type="185" lobby="0"/><UN n0="%41%2E%4B%39%6D%65%63" n1="%E3%81%AE%E3%83%BC%E3%81%97" n2="%E6%A8%BD%E3%81%AA%E3%81%AE%E5%A3%8A%E3%81%95%E3%81%AA%E3%81%84%E3%81%A7" n3="" dan="18,18,16,0" rate="2363.30,2276.76,2175.88,1500.00" sx="M,M,M,C"/><TAIKYOKU oya="0"/><INIT seed="0,0,0,2,4,54" ten="350,350,350,0" oya="0" hai0="100,76,113,127,55,105,3,89,50,57,102,47,2" hai1="58,86,91,66,36,121,60,71,79,93,90,48,99" hai2="63,32,95,1,83,38,40,85,112,107,78,52,130" hai3=""/><T117/><D113/><U34/><N who="1" m="31008" /><U73/><E36/><V80/><F112/><T0/><D117/><U111/><E34/><V33/><F1/><T39/><D127/><U118/><E118/><V134/><F107/><T97/><D76/><U44/><E111/><V94/><F134/><T59/><D102/><U72/><E79/><V122/><N who="2" m="31264" /><V109/><F109/><T101/><D101/><U35/><E71/><V133/><F133/><T124/><D124/><U92/><REACH who="1" step="1"/><E35/><REACH who="1" ten="350,340,350,0" step="2"/><V115/><F33/><T68/><D68/><U51/><E51/><V84/><F32/><T87/><REACH who="0" step="1"/><D39/><REACH who="0" ten="340,340,350,0" step="2"/><U108/><E108/><V37/><F37/><T81/><AGARI ba="0,2" hai="0,2,3,47,50,55,57,59,81,87,89,97,100,105" machi="81" ten="30,12000,2" yaku="1,1,2,1,0,1,52,2,53,1" doraHai="54" doraHaiUra="77" who="0" fromWho="0" sc="340,140,340,-60,350,-60,0,0" /><INIT seed="0,1,0,0,2,64" ten="480,280,290,0" oya="0" hai0="57,49,51,78,130,38,107,32,94,73,47,132,118" hai1="85,60,121,86,102,66,123,77,72,62,126,108,33" hai2="52,110,35,117,135,79,46,39,34,128,74,59,41" hai3=""/><T44/><D118/><U101/><N who="1" m="31008" /><U71/><N who="1" m="31520" /><U61/><E33/><V65/><F117/><T119/><D119/><U84/><E108/><V127/><F110/><T97/><D32/><U93/><E126/><V120/><N who="2" m="30752" /><V3/><F127/><T67/><D107/><U40/><E40/><V82/><F3/><T109/><D109/><U129/><E129/><V131/><F135/><T76/><D38/><U36/><E36/><V113/><F113/><T111/><D111/><U124/><E124/><V125/><F125/><T80/><D78/><U106/><E106/><V98/><F65/><T55/><D130/><N who="2" m="49706" /><F98/><T2/><D132/><U103/><REACH who="1" step="1"/><E93/><REACH who="1" ten="480,270,290,0" step="2"/><V90/><F90/><T83/><D94/><U134/><E134/><V56/><F35/><T104/><D104/><U96/><E96/><V50/><F34/><T100/><D97/><U114/><E114/><V112/><F112/><T54/><D2/><U91/><E91/><V99/><F99/><T37/><D37/><U95/><E95/><V116/><F116/><T81/><D100/><U58/><E58/><AGARI ba="1,1" hai="39,41,46,50,52,56,58,59,74,79,82" m="49706,30752" machi="58" ten="30,3900,0" yaku="19,1,52,1,54,1" doraHai="64" who="2" fromWho="1" sc="480,0,270,-41,290,51,0,0" /><INIT seed="1,0,0,0,4,39" ten="480,229,341,0" oya="1" hai0="55,100,121,97,101,93,35,124,3,91,125,90,71" hai1="118,113,72,127,132,102,84,112,70,75,38,130,123" hai2="122,33,52,65,61,134,58,46,79,82,107,85,86" hai3=""/><U42/><RYUUKYOKU type="yao9" ba="0,0" sc="480,0,229,0,341,0,0,0" hai1="38,42,70,72,75,84,102,112,113,118,123,127,130,132" /><INIT seed="1,1,0,5,0,67" ten="480,229,341,0" oya="1" hai0="66,100,125,134,63,55,53,107,76,135,133,113,58" hai1="80,104,72,47,99,68,50,71,73,79,54,127,117" hai2="44,3,97,36,108,131,70,40,82,121,123,59,86" hai3=""/><U45/><E117/><V69/><N who="2" m="31008" /><V78/><N who="2" m="31520" /><V109/><F3/><T101/><D113/><U65/><E127/><V42/><F131/><T34/><D34/><U119/><E119/><V87/><F42/><T41/><D125/><U0/><E0/><V90/><F97/><T88/><D76/><U118/><E118/><V60/><F59/><T2/><D2/><U93/><E104/><V43/><F43/><T57/><D41/><U102/><E73/><V52/><F52/><N who="0" m="20042" /><D107/><U129/><E129/><V35/><F35/><T32/><D32/><U91/><E45/><V124/><F124/><T74/><D74/><U49/><E49/><V96/><F96/><T64/><D88/><U46/><E46/><V128/><F128/><T48/><D48/><U120/><N who="1" m="30752" /><U85/><E65/><N who="0" m="25193" /><D63/><U89/><REACH who="1" step="1"/><E72/><REACH who="1" ten="480,219,341,0" step="2"/><V92/><REACH who="2" step="1"/><F60/><REACH who="2" ten="480,219,331,0" step="2"/><T84/><D57/><U103/><E103/><V106/><F106/><T132/><D58/><U33/><E33/><V98/><F98/><T126/><D126/><U110/><E110/><AGARI ba="1,2" hai="36,40,44,69,70,78,82,86,87,90,92,108,109,110" m="31520,31008" machi="110" ten="40,12000,2" yaku="1,1,14,1,52,4,53,1" doraHai="67" doraHaiUra="77" who="2" fromWho="1" sc="480,0,219,-122,331,142,0,0" /><INIT seed="2,0,0,0,5,63" ten="480,97,473,0" oya="2" hai0="96,95,104,62,119,48,124,100,111,84,66,73,122" hai1="135,88,132,75,89,40,39,50,78,121,69,43,123" hai2="60,109,97,32,51,68,106,58,118,53,77,79,33" hai3=""/><V108/><F118/><T94/><N who="0" m="31264" /><T105/><D119/><U117/><N who="1" m="31008" /><U65/><N who="1" m="31520" /><U130/><E117/><V99/><F68/><T126/><D73/><U120/><N who="1" m="30752" /><U67/><E39/><V64/><F79/><T55/><D111/><N who="2" m="42570" /><F77/><T93/><D84/><U76/><E50/><V54/><F54/><T129/><D105/><U92/><E92/><V83/><F83/><T42/><D42/><U90/><E90/><V57/><F106/><T47/><REACH who="0" step="1"/><D129/><REACH who="0" ten="470,97,473,0" step="2"/><U127/><E130/><V61/><F51/><T56/><AGARI ba="0,1" hai="47,48,55,56,62,66,93,94,95,96,100,104,124,126" m="31264" machi="56" ten="30,6000,1" yaku="1,1,2,1,0,1,52,2,53,0" doraHai="63" doraHaiUra="38" who="0" fromWho="0" sc="470,70,97,-20,473,-40,0,0" /><INIT seed="4,0,0,4,4,122" ten="540,77,433,0" oya="0" hai0="54,104,38,111,59,65,0,131,49,34,48,106,50" hai1="57,92,89,103,83,108,115,135,53,123,39,58,56" hai2="55,94,100,129,33,60,3,64,91,88,1,116,51" hai3=""/><T63/><D34/><U69/><N who="1" m="31520" /><U74/><E39/><V86/><F33/><T96/><D0/><U125/><E69/><V112/><F112/><T90/><D38/><U127/><E115/><V66/><F129/><T87/><D131/><U78/><E135/><V130/><F130/><T81/><D111/><U85/><E108/><V101/><F116/><T62/><REACH who="0" step="1"/><D96/><REACH who="0" ten="530,77,433,0" step="2"/><U128/><E128/><V73/><F1/><T124/><D124/><N who="1" m="47691" /><E103/><V117/><F3/><T97/><D97/><U105/><E105/><V77/><F101/><T82/><D82/><U70/><E70/><AGARI ba="0,1" hai="48,49,50,54,59,62,63,65,70,81,87,90,104,106" machi="70" ten="40,3900,0" yaku="1,1,53,1" doraHai="122" doraHaiUra="67" who="0" fromWho="1" sc="530,49,77,-39,433,0,0,0" /><INIT seed="4,1,0,4,5,91" ten="579,38,433,0" oya="0" hai0="70,42,3,62,89,112,51,115,100,134,127,46,123" hai1="68,45,83,118,58,56,90,64,103,97,52,92,65" hai2="111,39,50,37,116,121,108,43,131,119,98,74,113" hai3=""/><T48/><N who="0" m="31520" /><T1/><D127/><U135/><E118/><N who="2" m="45099" /><F74/><T38/><D134/><U69/><E135/><V95/><N who="2" m="31008" /><V73/><F73/><T109/><D100/><U129/><E129/><V81/><F81/><T34/><D34/><U117/><E117/><V57/><F131/><T32/><D32/><U124/><E124/><V87/><F87/><T107/><D109/><N who="2" m="42058" /><F113/><T88/><D112/><U41/><E69/><V53/><F43/><T82/><D42/><U33/><E33/><V75/><F75/><T122/><D115/><U35/><E35/><V2/><F2/><T101/><D82/><U66/><E68/><V79/><F79/><T55/><D70/><U93/><E83/><V125/><F125/><T67/><D1/><U133/><E133/><V44/><F57/><T106/><D3/><U78/><E78/><V94/><F94/><T59/><D59/><U114/><E114/><V104/><F104/><T110/><D107/><U54/><E56/><V132/><F132/><T85/><D106/><U76/><E58/><V40/><F40/><T126/><D110/><U105/><E76/><V61/><F61/><T80/><D62/><U86/><E105/><V60/><F60/><T84/><D126/><U71/><E71/><RYUUKYOKU ba="1,0" sc="579,-20,38,10,433,10,0,0" hai1="41,45,52,54,64,65,66,86,90,92,93,97,103" hai2="37,39,44,50,53,95,98" /><INIT seed="5,2,0,4,4,91" ten="559,48,443,0" oya="1" hai0="106,85,42,54,125,52,122,71,132,1,37,130,129" hai1="68,48,121,50,124,131,77,112,2,74,94,47,99" hai2="33,95,69,105,100,96,72,35,90,126,0,107,127" hai3=""/><U114/><N who="1" m="31008" /><U53/><E2/><V67/><F0/><T61/><N who="0" m="31264" /><T119/><D106/><U116/><E68/><V80/><F69/><T111/><D1/><U56/><E116/><V89/><F67/><T38/><D111/><U51/><E131/><N who="0" m="50185" /><D125/><N who="2" m="47626" /><F107/><T93/><D132/><U40/><E124/><V109/><F109/><T78/><D78/><U97/><E51/><V123/><N who="2" m="31520" /><V104/><F104/><T133/><D133/><U79/><E97/><V64/><F64/><T115/><D119/><U3/><E3/><V101/><F101/><T117/><D117/><U55/><E40/><V57/><F57/><T81/><D42/><U110/><E110/><V44/><F44/><T98/><D115/><N who="1" m="44075" /><E74/><V32/><F105/><T128/><D128/><U66/><E66/><V108/><F108/><T62/><D71/><U84/><E84/><V46/><F46/><T102/><D85/><U82/><E82/><V73/><F73/><T45/><D81/><U83/><E83/><V135/><F135/><T60/><D45/><U76/><E76/><V36/><F36/><AGARI ba="2,0" hai="36,37,38,52,54,60,61,62,93,98,102" m="50185,31264" machi="36" ten="40,8000,1" yaku="19,1,52,2,54,1" doraHai="91" who="0" fromWho="2" sc="559,84,48,0,443,-84,0,0" /><INIT seed="6,0,0,0,4,86" ten="643,48,359,0" oya="2" hai0="2,128,131,132,42,129,83,109,61,115,121,111,39" hai1="80,47,74,66,60,49,99,105,118,32,41,106,36" hai2="44,103,79,0,100,91,40,69,124,133,62,65,97" hai3=""/><V35/><F35/><T95/><N who="0" m="31008" /><T81/><D2/><U130/><E32/><V46/><F0/><T55/><D115/><U56/><E118/><V54/><F133/><T88/><D132/><U76/><E130/><V92/><F124/><T94/><D94/><U73/><E73/><V34/><F34/><T112/><D112/><U53/><E99/><V1/><F1/><T98/><D42/><U63/><E63/><V96/><F79/><T135/><D39/><U122/><N who="1" m="31264" /><U104/><E104/><V134/><F134/><T77/><D135/><U3/><E3/><V52/><F46/><T82/><D77/><U59/><E106/><V126/><F126/><T85/><D98/><U116/><E105/><V113/><F113/><T58/><AGARI ba="0,0" hai="55,58,61,81,82,83,85,88,95,109,111,128,129,131" m="31008" machi="58" ten="40,6000,1" yaku="0,1,19,1,52,2,54,1" doraHai="86" who="0" fromWho="0" sc="643,60,48,-20,359,-40,0,0" owari="703,65.0,28,-57.0,319,-8.0,0,0.0" /></mjloggm>