<mjloggm ver="2.3"><GO type="169" lobby="0"/><UN n0="%E3%83%9E%E3%83%8A%E3%83%96%E9%9B%B6" n1="%E5%BD%A9%E4%BA%AC" n2="%E3%81%BF%E3%81%8B%E3%82%82%E3%82%81" n3="%77%72%77%72%77%72%77%72" dan="16,17,17,17" rate="2136.35,2222.38,2189.20,2163.39" sx="M,M,M,M"/><TAIKYOKU oya="0"/><INIT seed="0,0,0,5,5,49" ten="250,250,250,250" oya="0" hai0="129,12,93,1,7,53,30,94,85,92,91,35,8" hai1="126,64,111,52,114,13,102,127,80,44,134,107,4" hai2="125,32,72,79,109,112,22,104,9,106,16,117,60" hai3="20,27,130,6,41,58,70,46,43,0,83,100,118"/><T62/><D129/><U75/><E134/><V90/><F112/><W81/><G130/><T33/><D1/><U25/><E64/><V99/><F32/><W101/><G118/><T39/><D39/><U131/><E131/><V28/><F125/><W63/><G70/><T82/><REACH who="0" step="1"/><D30/><REACH who="0" ten="240,250,250,250" step="2"/><U105/><E126/><V84/><F28/><W103/><G0/><T5/><D5/><U55/><E4/><V124/><F117/><W116/><G6/><T48/><D48/><U61/><E127/><V19/><F124/><W76/><G116/><T69/><D69/><U120/><E114/><V17/><F109/><W77/><G103/><T113/><D113/><U96/><E102/><V115/><F115/><W88/><G101/><T34/><D34/><U54/><E111/><V42/><F19/><W37/><G100/><T14/><D14/><U97/><E13/><V57/><F16/><W2/><G2/><T65/><D65/><U128/><E128/><V108/><F17/><W78/><G37/><T89/><D89/><U51/><E51/><V71/><F90/><W31/><G88/><T95/><N who="0" m="23552" /><DORA hai="24" /><T123/><D123/><U68/><E68/><V122/><F71/><W87/><G83/><T29/><D29/><U98/><E80/><V3/><F108/><W45/><G81/><T133/><D133/><U132/><E120/><V21/><F122/><W86/><G31/><T11/><D11/><U26/><E132/><V74/><F9/><W40/><G20/><T66/><D66/><U56/><E107/><V73/><F104/><W47/><G27/><N who="1" m="10250" /><E105/><V10/><F106/><RYUUKYOKU ba="0,1" sc="240,15,250,-15,250,-15,250,15" hai0="7,8,12,33,35,53,62,82,85,91" hai3="40,41,43,45,46,47,58,63,76,77,78,86,87" /><INIT seed="0,1,1,3,0,61" ten="255,235,235,265" oya="0" hai0="74,22,81,42,103,100,97,135,130,32,95,101,50" hai1="19,75,48,10,21,33,79,119,4,36,107,134,5" hai2="96,17,38,120,62,82,88,72,3,13,26,28,67" hai3="11,49,59,45,14,18,31,65,78,40,25,34,53"/><T84/><D32/><U89/><E119/><V7/><F120/><W64/><REACH who="3" step="1"/><G78/><REACH who="3" ten="255,235,235,255" step="2"/><N who="0" m="46135" /><D74/><U112/><E79/><V110/><F72/><W93/><G93/><T46/><D135/><U132/><E75/><V98/><F110/><W126/><G126/><T0/><D130/><U123/><E134/><V55/><F38/><AGARI ba="1,2" hai="11,14,18,25,31,34,38,40,45,49,53,59,64,65" machi="38" ten="30,12000,2" yaku="21,2,7,1,52,2,53,1" doraHai="61" doraHaiUra="41" who="3" fromWho="2" sc="255,0,235,0,235,-123,255,143" /><INIT seed="1,0,0,3,5,57" ten="255,235,112,398" oya="1" hai0="49,84,12,127,4,53,92,35,134,124,8,97,17" hai1="117,72,86,104,3,126,40,24,135,36,32,83,34" hai2="62,132,98,70,33,18,64,87,9,14,20,80,129" hai3="1,51,130,23,61,128,74,78,0,107,21,37,7"/><U81/><E117/><V55/><F132/><W19/><G37/><T47/><D134/><U44/><E135/><V31/><F129/><W65/><G107/><T94/><D35/><U75/><E126/><V108/><F108/><W101/><G101/><T73/><D73/><U119/><E119/><V2/><F98/><W113/><G51/><T131/><D131/><N who="3" m="50217" /><G21/><T41/><D41/><U69/><E104/><V85/><F55/><W58/><G7/><T66/><D66/><U67/><E83/><V99/><F99/><W121/><G113/><T54/><D54/><U110/><E110/><V100/><F100/><W90/><G90/><T38/><D38/><U29/><E34/><V13/><F80/><N who="3" m="45143" /><G121/><T77/><D77/><U71/><E3/><V79/><F79/><W76/><G76/><T88/><REACH who="0" step="1"/><D4/><REACH who="0" ten="245,235,112,398" step="2"/><U125/><E75/><V28/><F33/><W30/><G30/><T52/><D52/><U91/><E72/><V89/><F2/><W68/><G68/><T11/><D11/><U109/><E109/><V48/><F31/><W15/><AGARI ba="0,1" hai="0,1,15,19,23,58,61,65" m="45143,50217" machi="15" ten="30,2000,0" yaku="19,1,52,1" doraHai="57" who="3" fromWho="3" sc="245,-5,235,-10,112,-5,398,30" /><INIT seed="2,0,0,0,3,83" ten="240,225,107,428" oya="2" hai0="38,22,132,110,11,102,79,39,48,90,58,29,67" hai1="6,112,40,133,21,109,131,32,14,105,23,46,84" hai2="59,26,5,118,65,12,66,45,126,20,33,74,54" hai3="129,42,107,92,117,10,93,19,106,0,56,15,127"/><V1/><F118/><W64/><G117/><T96/><D110/><U123/><E109/><V50/><F74/><W2/><G42/><T60/><D79/><U53/><E112/><V24/><F126/><W62/><G129/><T28/><D132/><U47/><E32/><V49/><F33/><W104/><REACH who="3" step="1"/><G127/><REACH who="3" ten="240,225,107,418" step="2"/><T95/><D38/><U91/><E40/><V82/><F1/><AGARI ba="0,1" hai="0,1,2,10,15,19,56,62,64,92,93,104,106,107" machi="1" ten="50,3200,0" yaku="1,1,2,1,53,0" doraHai="83" doraHaiUra="121" who="3" fromWho="2" sc="240,0,225,0,107,-32,418,42" /><INIT seed="3,0,0,5,3,131" ten="240,225,75,460" oya="3" hai0="64,84,15,18,73,129,111,37,93,65,121,61,28" hai1="132,47,29,31,14,100,92,13,104,60,34,69,107" hai2="96,89,10,49,115,116,80,66,2,79,26,43,78" hai3="57,54,12,21,58,86,128,44,77,134,106,123,50"/><W20/><G123/><T16/><D121/><U24/><E47/><V72/><F116/><W56/><G106/><T101/><D73/><U133/><E92/><V127/><F115/><W55/><G128/><T19/><D129/><U8/><E31/><V27/><F127/><W63/><G134/><N who="1" m="51818" /><E100/><V51/><F66/><N who="3" m="39271" /><G77/><T74/><D74/><U112/><E112/><V76/><F72/><W68/><G68/><T71/><D65/><N who="1" m="41127" /><E14/><V45/><F51/><N who="3" m="30975" /><G12/><T22/><D28/><U36/><E36/><V125/><F125/><W120/><G120/><T118/><D37/><U75/><E75/><V0/><F0/><W30/><G30/><T25/><D15/><U42/><E42/><V33/><F33/><W114/><G114/><T113/><D113/><U32/><E34/><V38/><F38/><W23/><G86/><T98/><D84/><U94/><E94/><V1/><F1/><W46/><AGARI ba="0,0" hai="20,21,23,44,46,50,54,58" m="30975,39271" machi="46" ten="30,1500,0" yaku="8,1" doraHai="131" who="3" fromWho="3" sc="240,-5,225,-5,75,-5,460,15" /><INIT seed="3,1,0,4,5,53" ten="235,220,70,475" oya="3" hai0="5,47,94,92,96,3,55,120,16,43,74,45,99" hai1="64,128,9,38,135,52,93,11,121,112,131,134,104" hai2="106,39,116,44,58,78,17,41,84,133,75,118,26" hai3="123,122,49,34,24,125,22,42,21,130,115,71,57"/><W79/><G71/><T61/><D120/><U51/><E104/><V10/><F75/><W117/><G115/><T109/><D109/><U85/><E112/><V83/><F133/><N who="1" m="50697" /><E38/><V89/><F106/><W132/><G117/><T48/><D74/><U7/><E64/><V102/><F102/><W68/><G68/><T63/><D5/><U105/><E105/><V27/><F118/><W88/><G79/><T33/><D33/><U59/><E121/><V90/><F116/><W67/><G125/><T127/><D3/><N who="1" m="255" /><E11/><V101/><F101/><W18/><G67/><T0/><D0/><U82/><E93/><V29/><F10/><W86/><G123/><T4/><D4/><U32/><E32/><V12/><F12/><W62/><G34/><T111/><D111/><U60/><E60/><V81/><F17/><W110/><G110/><T87/><D127/><U97/><E97/><V126/><F126/><W28/><G122/><T95/><D87/><U13/><E13/><V91/><F81/><N who="3" m="49231" /><G132/><T6/><D6/><U1/><E1/><V65/><REACH who="2" step="1"/><F29/><REACH who="2" ten="235,220,60,475" step="2"/><W73/><G28/><T36/><D16/><U129/><E131/><V37/><F37/><W103/><G130/><T20/><D36/><U119/><E119/><V76/><F76/><AGARI ba="1,1" hai="51,52,59,76,82,85,128,129" m="255,50697" machi="76" ten="30,3900,0" yaku="20,1,52,1,54,1" doraHai="53" who="1" fromWho="2" sc="235,0,220,52,60,-42,475,0" /><INIT seed="4,0,0,2,2,118" ten="235,272,18,475" oya="0" hai0="62,97,0,114,96,107,71,37,95,13,100,7,98" hai1="9,59,68,101,82,41,11,32,104,17,30,119,105" hai2="79,55,70,26,72,53,44,36,29,5,54,2,89" hai3="128,99,132,67,103,60,45,123,126,116,113,102,131"/><T73/><D114/><U28/><E68/><V40/><F70/><W110/><G110/><T75/><D37/><U91/><E41/><V14/><F14/><W12/><G116/><T122/><D122/><U78/><E91/><V129/><F129/><N who="3" m="49739" /><G132/><T8/><D98/><U94/><E94/><V61/><F61/><W42/><G126/><T121/><D121/><U47/><E101/><V66/><F66/><W133/><G133/><T16/><D62/><U52/><E47/><V85/><F72/><W81/><G123/><T134/><D71/><U39/><E39/><V27/><F79/><W57/><G81/><T124/><D124/><U25/><E30/><V69/><F69/><W33/><G33/><T4/><D134/><U46/><E46/><V50/><F2/><W115/><G12/><T111/><D111/><U18/><E119/><V6/><F36/><N who="3" m="21703" /><G99/><T112/><D112/><AGARI ba="0,0" hai="57,60,67,102,103,112,113,115" m="21703,49739" machi="112" ten="30,2000,0" yaku="15,1,19,1" doraHai="118" who="3" fromWho="0" sc="235,-20,272,0,18,0,475,20" /><INIT seed="5,0,0,2,5,53" ten="215,272,18,495" oya="1" hai0="77,103,121,26,82,59,58,106,54,42,79,118,119" hai1="52,84,122,113,7,81,67,124,78,9,48,32,131" hai2="57,16,5,18,50,66,69,47,95,0,127,14,49" hai3="21,15,102,111,129,65,12,97,63,110,100,22,19"/><U96/><E122/><V92/><F127/><W36/><G129/><T135/><D42/><U40/><E32/><V51/><F69/><W83/><G36/><T70/><D70/><U38/><E131/><V128/><F128/><W24/><G83/><T56/><D54/><U45/><E113/><V132/><F132/><W4/><G4/><T43/><D43/><U23/><E67/><V6/><F0/><W107/><G102/><T126/><D126/><U98/><E23/><V134/><F134/><W28/><G12/><T30/><D135/><U130/><E124/><V10/><F47/><W125/><G125/><T1/><D1/><U2/><E130/><V112/><F112/><W90/><G90/><T68/><D68/><AGARI ba="0,0" hai="15,19,21,22,24,28,63,65,68,97,100,107,110,111" machi="68" ten="30,1000,0" yaku="7,1" doraHai="53" who="3" fromWho="0" sc="215,-10,272,0,18,0,495,10" /><INIT seed="6,0,0,3,2,71" ten="205,272,18,505" oya="2" hai0="103,72,60,24,100,66,65,21,16,26,116,68,42" hai1="108,58,84,47,32,127,43,56,92,98,97,17,75" hai2="51,36,91,101,78,126,55,105,80,86,120,132,74" hai3="124,112,49,0,111,85,107,53,31,82,70,1,96"/><V45/><F120/><W110/><G70/><T6/><D72/><U19/><E32/><V133/><F126/><W33/><G112/><T64/><D116/><U34/><E34/><V54/><F54/><W27/><G124/><T40/><D6/><U28/><E75/><V123/><F123/><W38/><G38/><T114/><D114/><U90/><E28/><V2/><F2/><W106/><G1/><T39/><D26/><U15/><E58/><V122/><F122/><W81/><G0/><T48/><D48/><U79/><E56/><V18/><F36/><W4/><G4/><T13/><D24/><U22/><E127/><V95/><REACH who="2" step="1"/><F18/><REACH who="2" ten="205,272,8,505" step="2"/><W83/><G53/><T130/><D39/><U115/><E19/><V118/><F118/><W88/><G110/><T29/><D16/><U128/><E108/><V14/><F14/><W87/><G111/><T5/><D13/><U37/><E115/><V3/><F3/><W63/><G27/><T44/><D64/><U76/><E17/><V12/><F12/><W59/><G63/><T46/><D60/><U50/><E15/><V109/><F109/><W129/><G49/><T89/><D66/><U8/><E50/><V99/><AGARI ba="0,1" hai="45,51,55,74,78,80,86,91,95,99,101,105,132,133" machi="99" ten="30,11700,0" yaku="1,1,0,1,24,2,53,0" doraHai="71" doraHaiUra="134" who="2" fromWho="2" sc="205,-39,272,-39,8,127,505,-39" /><INIT seed="6,1,0,0,1,52" ten="166,233,135,466" oya="2" hai0="49,4,6,2,45,106,12,93,75,24,89,105,13" hai1="34,80,123,39,35,3,73,43,131,76,47,119,63" hai2="111,103,62,20,132,88,1,18,40,10,53,21,85" hai3="118,46,50,125,86,78,48,83,42,121,68,37,92"/><V128/><F128/><W84/><G118/><T56/><D75/><U29/><E119/><V113/><F113/><W135/><G121/><T64/><D2/><U32/><E131/><V23/><F132/><W7/><G68/><T66/><D24/><N who="1" m="18471" /><E63/><V91/><F103/><W110/><G125/><T82/><D82/><U96/><E96/><V95/><F111/><W112/><G112/><T74/><D74/><U122/><E3/><V67/><F40/><W8/><G135/><T41/><D106/><U9/><E9/><V71/><F53/><W130/><G110/><T27/><D27/><U28/><E28/><V108/><F108/><W51/><G37/><T17/><D13/><U14/><E14/><V98/><F1/><W120/><G120/><AGARI ba="1,0" hai="34,35,39,43,47,73,76,80,120,122,123" m="18471" machi="120" ten="30,2000,0" yaku="13,1,23,1" doraHai="52" who="1" fromWho="3" sc="166,0,233,23,135,0,466,-23" /><INIT seed="7,0,0,4,0,66" ten="166,256,135,443" oya="3" hai0="88,50,29,83,117,112,82,100,77,122,8,74,104" hai1="79,118,37,91,42,39,34,129,61,44,97,4,99" hai2="98,121,2,110,57,62,45,103,93,17,135,73,0" hai3="51,69,95,124,64,18,84,85,20,120,58,26,87"/><W15/><G69/><T106/><D122/><U24/><E91/><V19/><F110/><W92/><G124/><T70/><D70/><U67/><E79/><V53/><F121/><W59/><G120/><T46/><D117/><U9/><E39/><V12/><F135/><W52/><G15/><T48/><D29/><U94/><E94/><N who="3" m="35882" /><G64/><T23/><D23/><U5/><E5/><V89/><F73/><W132/><G132/><T107/><D8/><U40/><E40/><V119/><F119/><W111/><G111/><T38/><D38/><U134/><E24/><V108/><F108/><W43/><G43/><T7/><D7/><U32/><E34/><V96/><F0/><W10/><G10/><T60/><D60/><U116/><E32/><V31/><F2/><W1/><G1/><T71/><D71/><U131/><E129/><V114/><F114/><W102/><G102/><T56/><D56/><AGARI ba="0,0" hai="18,20,26,51,52,56,58,59,84,85,87" m="35882" machi="56" ten="30,2900,0" yaku="8,1,54,1" doraHai="66" who="3" fromWho="0" sc="166,-29,256,0,135,0,443,29" owari="137,-26.0,256,6.0,135,-36.0,472,56.0" /></mjloggm>