<mjloggm ver="2.3"><GO type="169" lobby="0"/><UN n0="%E7%A5%9E%E9%A2%A8%E3%81%A6%E3%81%83%E3%81%A3%E3%81%97%E3%82%85" n1="%E9%9B%80%E8%8D%98%E4%B8%AD%E5%B7%9D" n2="%E5%A4%A7%E8%B3%A2%E8%89%AF%E5%B8%AB" n3="%E6%88%91%E9%81%93" dan="16,17,16,16" rate="2153.37,2201.29,2051.76,2080.61" sx="M,M,M,M"/><TAIKYOKU oya="0"/><INIT seed="0,0,0,4,3,85" ten="250,250,250,250" oya="0" hai0="44,82,48,73,112,83,87,134,108,111,50,9,110" hai1="116,36,128,126,119,4,105,77,80,31,40,2,95" hai2="124,122,52,89,127,15,97,94,62,3,18,99,69" hai3="107,53,88,120,59,68,13,98,109,103,6,55,61"/><T125/><D112/><U60/><E105/><V96/><F122/><W92/><G120/><T33/><D33/><U54/><E31/><V11/><F3/><W75/><G75/><T8/><D134/><U104/><E104/><V7/><F7/><W86/><G109/><T72/><D125/><N who="2" m="48202" /><F69/><W79/><G68/><T56/><D56/><AGARI ba="0,0" hai="11,15,18,52,56,62,89,94,96,97,99" m="48202" machi="56" ten="30,3900,0" yaku="18,1,52,1,54,1" doraHai="85" who="2" fromWho="0" sc="250,-39,250,0,250,39,250,0" /><INIT seed="1,0,0,0,0,72" ten="211,250,289,250" oya="1" hai0="57,7,38,21,41,90,99,48,89,130,32,16,45" hai1="115,4,127,82,2,54,76,103,33,35,112,129,74" hai2="85,69,51,107,22,56,106,109,86,93,77,70,9" hai3="3,117,66,95,60,135,29,79,80,126,71,23,123"/><U26/><E129/><V87/><F109/><W125/><G123/><T49/><D130/><U128/><E128/><V52/><F9/><W102/><G3/><T111/><D111/><U59/><E127/><N who="3" m="48650" /><G135/><T118/><D32/><U132/><E132/><V104/><F22/><W114/><G114/><T92/><D118/><U25/><E103/><V78/><REACH who="2" step="1"/><F93/><REACH who="2" ten="211,250,279,250" step="2"/><W131/><G131/><T81/><D7/><U88/><E35/><V24/><F24/><N who="3" m="16543" /><G95/><T108/><D108/><U44/><E33/><V75/><F75/><N who="3" m="43135" /><G102/><T0/><D0/><U58/><E2/><V55/><F55/><W101/><G101/><T61/><D92/><U18/><E54/><V110/><F110/><W134/><G134/><T47/><D99/><U53/><E53/><V91/><F91/><W84/><G117/><T13/><D90/><U83/><E88/><V96/><F96/><W116/><G116/><T64/><REACH who="0" step="1"/><D47/><REACH who="0" ten="201,250,279,250" step="2"/><U28/><E44/><V122/><F122/><W5/><G5/><T17/><D17/><U1/><E4/><V43/><F43/><W15/><G15/><T46/><D46/><U42/><E18/><V50/><F50/><W100/><G100/><T20/><D20/><U133/><E42/><V6/><F6/><W40/><G40/><T105/><D105/><U67/><E1/><V14/><F14/><W31/><G31/><T63/><D63/><U65/><E28/><V113/><F113/><W120/><G120/><T97/><D97/><U119/><E133/><V34/><F34/><W62/><G62/><T30/><D30/><U8/><E115/><V36/><F36/><RYUUKYOKU ba="0,2" sc="201,10,250,-30,279,10,250,10" hai0="13,16,21,38,41,45,48,49,57,61,64,81,89" hai2="51,52,56,69,70,77,78,85,86,87,104,106,107" hai3="60,66,71,84" /><INIT seed="2,1,2,1,5,36" ten="211,220,289,260" oya="2" hai0="101,122,24,34,126,72,74,71,21,58,9,44,1" hai1="112,33,97,41,37,14,7,67,123,55,2,16,28" hai2="113,121,107,68,61,102,135,131,85,69,124,103,60" hai3="63,110,79,19,133,87,91,47,77,75,31,104,8"/><V0/><F85/><W70/><G110/><T98/><D71/><U105/><E112/><V114/><F0/><W25/><G133/><T11/><D122/><U5/><E67/><V65/><F135/><W99/><G75/><T39/><D34/><U118/><E118/><V12/><F12/><N who="3" m="7559" /><G47/><T94/><D126/><U22/><E123/><V54/><F121/><W10/><G10/><T48/><D39/><U108/><E55/><V6/><F6/><W38/><G91/><T15/><D1/><U132/><E108/><V64/><F54/><W90/><G90/><T76/><D76/><U27/><E132/><V53/><F53/><W111/><G38/><T89/><D58/><U117/><E117/><V40/><F124/><W115/><G87/><T59/><D59/><U26/><E2/><V4/><F4/><W95/><G95/><T125/><D89/><U88/><E105/><V127/><F127/><W30/><G115/><T116/><D11/><U100/><E100/><V128/><F107/><W29/><G111/><T66/><D66/><U106/><E106/><V35/><F35/><N who="3" m="20911" /><G30/><T43/><D116/><U92/><REACH who="1" step="1"/><E14/><REACH who="1" ten="211,210,289,260" step="2"/><V45/><F45/><AGARI ba="1,3" hai="5,7,16,22,26,27,28,33,37,41,45,88,92,97" machi="45" ten="40,8000,1" yaku="1,1,2,1,52,1,54,2,53,0" doraHai="36" doraHaiUra="51" who="1" fromWho="2" sc="211,0,210,113,289,-83,260,0" /><INIT seed="3,0,0,1,2,106" ten="211,323,206,260" oya="3" hai0="28,115,111,91,56,4,109,50,41,53,129,55,74" hai1="82,48,126,100,125,130,87,95,84,16,10,123,63" hai2="19,131,77,17,64,34,90,57,24,134,128,22,1" hai3="80,72,85,6,59,54,32,132,36,104,65,73,94"/><W20/><G132/><T27/><D129/><N who="2" m="49738" /><F134/><W35/><G104/><T9/><D115/><U62/><E130/><V67/><F1/><W26/><G36/><T58/><D41/><U14/><E123/><V38/><F38/><W60/><G6/><T45/><D91/><N who="1" m="53759" /><E100/><V71/><F71/><W31/><G94/><T25/><D74/><U113/><E113/><V89/><F34/><W8/><G8/><T97/><D97/><U135/><E135/><V18/><F77/><W15/><G65/><N who="2" m="25161" /><F57/><N who="0" m="22122" /><D55/><U0/><E48/><V120/><F120/><W44/><G44/><T68/><D68/><U110/><E0/><V119/><F119/><W98/><G98/><T69/><D69/><U30/><E30/><AGARI ba="0,0" hai="17,18,19,22,24,30,89,90" m="25161,49738" machi="30" ten="30,1000,0" yaku="19,1" doraHai="106" who="2" fromWho="1" sc="211,0,323,-10,206,10,260,0" /><INIT seed="4,0,0,3,5,1" ten="211,313,216,260" oya="0" hai0="49,42,134,127,55,83,80,110,95,41,73,77,135" hai1="78,66,61,75,131,79,71,52,34,65,126,72,20" hai2="53,21,35,4,37,69,120,92,63,46,27,40,8" hai3="24,19,13,33,124,38,15,102,114,43,122,14,3"/><T86/><D127/><U50/><E34/><V121/><F35/><W62/><G114/><T58/><D110/><U64/><E126/><V5/><F120/><W82/><G124/><T109/><D109/><U97/><E131/><V23/><F121/><W98/><G3/><T103/><D103/><U84/><E75/><V6/><F92/><W94/><G122/><T31/><D31/><U129/><E72/><V116/><F116/><W99/><G99/><T101/><D95/><U48/><E48/><V17/><F69/><W76/><G62/><T59/><D59/><U115/><E129/><V117/><F117/><W100/><G100/><T123/><D101/><U30/><E97/><V96/><F96/><W45/><G33/><T56/><D56/><U125/><E115/><V36/><F36/><W54/><G24/><T70/><D70/><U104/><E104/><V90/><F90/><W128/><G54/><T39/><D123/><U9/><E9/><V12/><F63/><W16/><REACH who="3" step="1"/><G128/><REACH who="3" ten="211,313,216,250" step="2"/><T88/><REACH who="0" step="1"/><D39/><REACH who="0" ten="201,313,216,250" step="2"/><U107/><E125/><V91/><F53/><W111/><G111/><T132/><AGARI ba="0,2" hai="41,42,49,55,58,73,77,80,83,86,88,132,134,135" machi="132" ten="30,18000,2" yaku="1,1,2,1,0,1,20,1,54,1,53,1" doraHai="1" doraHaiUra="106" who="0" fromWho="0" sc="201,200,313,-60,216,-60,250,-60" /><INIT seed="4,1,0,1,1,102" ten="401,253,156,190" oya="0" hai0="126,78,115,79,92,107,7,28,3,20,34,30,69" hai1="25,97,86,117,109,14,87,91,8,85,93,113,74" hai2="99,51,4,55,29,13,108,53,80,19,122,64,134" hai3="37,52,21,31,18,84,1,121,70,114,77,110,100"/><T11/><D69/><U82/><E109/><V72/><F108/><W58/><G114/><T24/><D115/><U23/><E117/><V111/><F111/><W98/><G1/><T27/><D126/><U33/><E33/><V112/><F112/><W46/><G110/><T35/><D92/><U81/><E74/><V61/><F122/><W106/><G70/><T65/><D65/><U105/><E113/><V123/><F123/><W63/><G121/><T12/><REACH who="0" step="1"/><D107/><REACH who="0" ten="391,253,156,190" step="2"/><U10/><E105/><V83/><F64/><W131/><G131/><T48/><D48/><U66/><E66/><V94/><F51/><W57/><G37/><T68/><D68/><U56/><E82/><V15/><F94/><W54/><G106/><T22/><D22/><U60/><E81/><V45/><F83/><W42/><G21/><T103/><D103/><U26/><E23/><V41/><F80/><W75/><G100/><T49/><D49/><U88/><E93/><V0/><F72/><W40/><G75/><T119/><D119/><U43/><E10/><V127/><F127/><W17/><G63/><T124/><D124/><U132/><E8/><V32/><F61/><W128/><G128/><T135/><D135/><U16/><E132/><V90/><F134/><W36/><G36/><T96/><D96/><U76/><E97/><V38/><F99/><W39/><G39/><T62/><D62/><U59/><E60/><V9/><F38/><W101/><G98/><T133/><D133/><U50/><E50/><V73/><F9/><W71/><G101/><T6/><D6/><U116/><E116/><RYUUKYOKU ba="1,1" sc="391,30,253,-10,156,-10,190,-10" hai0="3,7,11,12,20,24,27,28,30,34,35,78,79" /><INIT seed="4,2,1,0,3,34" ten="421,243,146,180" oya="0" hai0="74,109,1,86,91,67,129,55,23,66,123,120,134" hai1="41,101,103,125,33,70,53,0,56,75,60,9,76" hai2="128,133,88,2,96,51,79,93,71,49,43,117,40" hai3="36,28,118,30,15,108,27,45,110,54,131,132,31"/><T87/><D74/><U119/><E119/><V7/><F71/><W127/><G118/><T37/><D37/><U78/><E33/><V25/><F117/><W72/><G131/><T82/><D129/><U106/><E125/><V26/><F128/><W10/><G127/><T64/><D134/><U115/><E115/><V104/><F104/><W6/><G132/><T100/><D109/><U61/><E106/><V24/><F133/><W59/><G72/><T92/><D100/><U58/><E70/><V102/><F79/><W124/><G124/><T19/><D55/><U113/><E41/><N who="2" m="15947" /><F7/><W17/><G45/><T12/><REACH who="0" step="1"/><D1/><REACH who="0" ten="411,243,146,180" step="2"/><U32/><E0/><V42/><F2/><W116/><G36/><T65/><N who="0" m="16384" /><DORA hai="89" /><T22/><D22/><U38/><E53/><V99/><N who="2" m="15955" /><V83/><DORA hai="52" /><F102/><W16/><G116/><T14/><D14/><U107/><E38/><V20/><F20/><N who="3" m="13711" /><G110/><T11/><D11/><U5/><E103/><V105/><F105/><W77/><G108/><T114/><D114/><U122/><E101/><V126/><F126/><W112/><G112/><T29/><D29/><U111/><E107/><V73/><F73/><W81/><G31/><T44/><D44/><U85/><E111/><V35/><F35/><W63/><G30/><T39/><D39/><U21/><E113/><V121/><F121/><W135/><G135/><T94/><D94/><U84/><E32/><V98/><F83/><W69/><G81/><T47/><D47/><U80/><E75/><V130/><F130/><W62/><G28/><T4/><D4/><U46/><E122/><RYUUKYOKU ba="2,2" sc="411,15,243,-15,146,15,180,-15" hai0="12,19,23,82,86,87,91,92,120,123" hai2="24,25,26,49,51,88,93,96,98,99" /><INIT seed="4,3,2,1,1,95" ten="426,228,161,165" oya="0" hai0="6,60,65,29,111,114,119,2,68,17,74,3,45" hai1="48,100,4,37,94,0,126,41,43,91,15,27,39" hai2="50,116,28,40,19,109,106,69,47,130,88,84,46" hai3="101,98,89,23,120,73,86,108,83,12,52,112,25"/><T72/><D119/><U97/><E0/><V123/><F109/><W61/><G108/><T18/><D18/><U62/><E126/><V70/><F123/><W26/><G120/><T121/><D111/><U127/><E127/><V131/><F116/><W14/><G112/><T42/><D121/><U107/><E39/><V49/><F106/><W53/><G73/><N who="0" m="28267" /><D17/><U103/><E37/><V64/><F28/><W1/><G1/><T66/><D66/><U22/><E62/><V105/><F105/><W90/><G90/><T81/><D81/><U87/><E100/><V11/><F64/><W133/><G133/><T58/><D6/><U36/><E48/><V102/><F102/><W32/><G32/><T78/><D78/><U93/><E36/><V56/><F56/><N who="3" m="34951" /><G53/><T35/><D58/><U134/><E134/><V9/><F19/><N who="3" m="12543" /><G26/><N who="0" m="18871" /><D114/><U113/><E107/><V117/><F117/><W13/><G101/><T55/><D55/><U99/><E113/><V77/><F77/><W71/><G71/><T16/><D42/><U96/><E43/><V76/><F76/><W115/><G115/><T33/><D33/><U80/><E41/><V128/><F70/><W44/><G44/><T57/><D45/><U122/><E122/><V20/><F69/><W63/><G63/><T59/><D68/><U85/><E103/><V8/><F20/><W7/><G7/><T67/><D2/><U79/><E4/><V129/><N who="2" m="33280" /><DORA hai="104" /><V38/><REACH who="2" step="1"/><F47/><REACH who="2" ten="426,228,151,165" step="2"/><W34/><G34/><T75/><D67/><U51/><E22/><V30/><F30/><W24/><G24/><T132/><D65/><RYUUKYOKU ba="3,3" sc="426,-15,228,-15,151,15,165,15" hai2="8,9,11,38,40,46,49,50,84,88" hai3="12,13,14,83,86,89,98" /><INIT seed="5,4,3,2,2,58" ten="411,213,166,180" oya="1" hai0="21,13,74,90,81,86,80,131,68,40,64,25,28" hai1="29,105,24,39,130,106,41,117,124,83,15,102,95" hai2="50,121,118,27,0,42,54,73,20,99,45,1,66" hai3="49,98,69,5,31,3,53,35,91,7,18,112,8"/><U52/><E117/><V56/><F118/><W132/><G69/><T82/><D131/><U26/><E39/><V110/><F110/><W88/><G112/><T70/><D40/><U100/><E41/><V125/><F121/><W43/><G132/><T92/><D74/><U120/><E106/><V77/><F125/><W71/><G71/><T87/><D68/><U97/><E120/><V22/><F66/><W4/><G35/><T134/><D134/><U59/><E124/><V79/><F99/><W57/><G31/><T114/><D114/><U75/><E130/><V133/><F133/><W32/><G32/><T62/><REACH who="0" step="1"/><D13/><REACH who="0" ten="401,213,166,180" step="2"/><U38/><E15/><V72/><F72/><W63/><G43/><T47/><D47/><U126/><E126/><V17/><F73/><W44/><G3/><T33/><D33/><U12/><E12/><V46/><F1/><W108/><G108/><T2/><D2/><U30/><E75/><V119/><F0/><W55/><G8/><T129/><D129/><U115/><E115/><V123/><F119/><W67/><G18/><T36/><D36/><U37/><E37/><V104/><F123/><W10/><G10/><T128/><D128/><U84/><E38/><V94/><F46/><W14/><G14/><T107/><D107/><U65/><E105/><V61/><F104/><W51/><G98/><AGARI ba="4,4" hai="21,25,28,62,64,70,80,81,82,86,87,90,92,98" machi="98" ten="40,5200,0" yaku="1,1,52,1,53,1" doraHai="58" doraHaiUra="16" who="0" fromWho="3" sc="401,104,213,0,166,0,180,-64" /><INIT seed="6,0,0,4,0,95" ten="505,213,166,116" oya="2" hai0="10,109,60,35,73,87,44,98,40,1,27,84,38" hai1="42,36,96,78,106,13,108,120,43,32,105,125,46" hai2="74,20,85,37,45,135,111,102,59,4,80,79,17" hai3="8,93,68,100,39,134,7,133,30,56,122,34,128"/><V65/><F111/><W124/><G68/><T63/><D73/><U66/><E108/><V6/><F135/><W121/><G39/><T33/><D87/><U88/><E32/><V5/><F102/><W83/><G83/><T89/><D98/><U14/><E125/><V48/><F37/><W47/><G47/><T31/><D35/><U57/><E43/><V114/><F114/><W19/><G56/><T55/><D109/><U117/><E117/><V115/><F115/><W41/><G41/><T92/><D1/><U28/><E28/><V113/><F113/><W90/><G100/><T2/><D2/><U104/><E78/><V26/><F65/><W130/><G93/><T75/><D75/><U131/><E131/><N who="3" m="50218" /><G19/><T52/><D60/><U116/><E57/><V76/><F59/><W24/><G90/><T99/><D63/><U62/><E62/><V25/><F74/><W29/><G29/><T15/><D84/><U107/><E66/><V22/><F76/><W101/><G101/><T67/><D67/><U0/><E107/><V3/><F3/><N who="3" m="127" /><G124/><T50/><D38/><U23/><E106/><V16/><F4/><AGARI ba="0,0" hai="4,10,15,27,31,33,40,44,50,52,55,89,92,99" machi="4" ten="30,3900,0" yaku="7,1,52,1,54,1" doraHai="95" who="0" fromWho="2" sc="505,39,213,0,166,-39,116,0" /><INIT seed="7,0,0,0,4,131" ten="544,213,127,116" oya="3" hai0="24,55,79,114,23,119,82,125,61,40,54,46,33" hai1="56,103,1,20,10,74,128,104,68,50,81,117,57" hai2="12,28,124,67,69,118,113,16,32,94,14,48,126" hai3="73,123,35,38,15,83,58,25,80,120,47,8,115"/><W86/><G115/><T90/><D119/><U62/><E68/><V85/><F118/><W112/><G112/><T7/><D114/><U0/><E103/><V18/><F113/><W19/><G73/><T3/><D125/><N who="2" m="48234" /><F48/><W41/><G83/><T63/><D33/><U64/><E81/><V87/><F69/><W70/><G70/><T34/><D34/><U109/><E10/><V76/><F67/><W98/><G98/><T99/><D63/><U106/><E1/><V31/><F94/><W30/><REACH who="3" step="1"/><G58/><REACH who="3" ten="544,213,127,106" step="2"/><T111/><D82/><U44/><E74/><V127/><N who="2" m="48242" /><V101/><DORA hai="102" /><F76/><AGARI ba="0,1" hai="8,15,19,25,30,35,38,41,47,76,80,86,120,123" machi="76" ten="30,5800,0" yaku="1,1,7,1,53,1" doraHai="131,102" doraHaiUra="107,75" who="3" fromWho="2" sc="544,0,213,0,127,-58,106,68" /><INIT seed="7,1,0,4,1,6" ten="544,213,69,174" oya="3" hai0="93,62,23,92,12,45,135,10,71,1,123,100,82" hai1="108,115,20,134,129,70,112,90,132,88,19,83,125" hai2="109,80,50,78,87,133,64,47,31,36,53,107,98" hai3="11,33,13,68,4,15,5,91,95,57,0,75,29"/><W116/><G116/><T30/><D123/><U55/><E108/><V73/><F109/><W97/><G68/><T102/><D135/><N who="1" m="51755" /><E70/><V127/><F133/><W56/><G75/><T84/><D1/><U86/><E129/><V38/><F127/><W124/><G124/><T103/><D71/><U3/><E3/><V52/><F64/><W113/><G113/><N who="1" m="43594" /><E55/><V48/><F31/><W39/><G39/><T34/><D34/><U106/><E106/><V61/><F61/><W130/><G130/><T117/><D45/><U76/><E125/><V51/><F51/><W16/><G5/><N who="0" m="3151" /><D62/><U7/><E7/><V131/><F131/><W99/><G99/><T77/><D117/><U69/><E69/><V118/><F118/><W21/><REACH who="3" step="1"/><G15/><AGARI ba="1,0" hai="15,19,20,76,83,86,88,90" m="43594,51755" machi="15" ten="30,3900,0" yaku="20,1,15,1,54,1" doraHai="6" who="1" fromWho="3" sc="544,0,213,42,69,0,174,-42" owari="544,64.0,255,6.0,69,-43.0,132,-27.0" /></mjloggm>