<mjloggm ver="2.3"><GO type="169" lobby="0"/><UN n0="%4B%69%7A%75%6E%65%72" n1="%52%65%64%62%75%6C%6C" n2="%72%61%69%32%31%31" n3="%EF%BC%A9%EF%BC%A3%EF%BC%A8%EF%BC%A9" dan="17,18,16,17" rate="2164.51,2193.05,2076.80,2113.41" sx="F,F,M,M"/><TAIKYOKU oya="0"/><INIT seed="0,0,0,0,1,42" ten="250,250,250,250" oya="0" hai0="98,74,111,52,14,32,118,92,104,17,15,3,80" hai1="45,1,122,49,108,99,8,4,44,131,85,130,76" hai2="30,27,41,95,94,127,113,43,37,62,135,48,35" hai3="63,88,0,22,39,106,36,82,51,117,116,18,34"/><T73/><D118/><U2/><E122/><V102/><F113/><W24/><G106/><T77/><D111/><U87/><E108/><V69/><F135/><W67/><G0/><T7/><D32/><U75/><E75/><V60/><F127/><W20/><G34/><T83/><D104/><U109/><E109/><V19/><F37/><W58/><G39/><T107/><D107/><U120/><E120/><V11/><F95/><W25/><G36/><T121/><D121/><U53/><E2/><V126/><F126/><W72/><G72/><T133/><D133/><U61/><E61/><V54/><F41/><W71/><G71/><T5/><D3/><U90/><E76/><V23/><F43/><W12/><G51/><T6/><D17/><U78/><E78/><V38/><F38/><W10/><G20/><T31/><D31/><U119/><E119/><V105/><F105/><W47/><G47/><N who="1" m="17994" /><E99/><N who="2" m="59767" /><F69/><W86/><REACH who="3" step="1"/><G25/><REACH who="3" ten="250,250,250,240" step="2"/><T40/><D74/><U33/><E33/><V79/><F35/><W115/><G115/><T65/><D73/><U26/><E26/><V29/><F27/><W134/><G134/><T97/><D15/><U16/><E1/><V129/><F62/><W123/><G123/><T81/><D14/><U100/><E49/><V125/><F60/><W101/><G101/><T124/><D124/><U55/><E100/><V110/><F125/><W128/><G128/><T66/><D77/><U13/><E130/><V64/><F79/><W46/><G46/><T59/><D59/><U68/><E131/><V84/><F129/><W50/><G50/><T57/><D57/><RYUUKYOKU ba="0,1" sc="250,-10,250,-10,250,-10,240,30" hai3="10,12,18,22,24,58,63,67,82,86,88,116,117" /><INIT seed="1,1,1,2,1,52" ten="240,240,240,270" oya="1" hai0="29,108,97,57,89,33,128,124,95,105,2,31,65" hai1="62,10,115,100,59,14,106,129,82,51,67,13,110" hai2="24,32,111,93,58,64,73,84,35,75,126,42,11" hai3="130,34,70,83,12,79,8,134,122,81,27,85,127"/><U133/><E115/><V55/><F111/><W119/><G122/><T77/><D108/><U47/><E110/><V117/><F117/><W78/><G134/><T1/><D124/><U68/><E133/><V87/><F126/><W6/><G127/><T99/><D128/><U38/><E129/><V0/><F42/><W71/><G130/><T46/><D77/><U63/><E38/><V50/><F73/><W61/><G119/><T56/><D46/><U123/><E123/><V16/><F75/><W120/><G120/><T113/><D113/><U104/><E82/><V28/><F32/><W19/><G61/><T135/><D135/><U91/><E91/><V96/><F64/><W131/><G131/><T7/><D65/><U112/><E100/><V94/><F94/><W102/><G102/><T118/><D118/><U101/><E101/><V92/><F92/><W15/><G27/><T26/><D31/><U49/><E14/><V4/><F16/><W23/><REACH who="3" step="1"/><G34/><REACH who="3" ten="240,240,240,260" step="2"/><T39/><D26/><U40/><E112/><V36/><REACH who="2" step="1"/><F36/><REACH who="2" ten="240,240,230,260" step="2"/><W9/><G9/><T74/><D39/><U43/><E10/><V90/><AGARI ba="1,3" hai="0,4,11,24,28,35,50,55,58,84,87,90,93,96" machi="90" ten="20,12000,2" yaku="1,1,2,1,0,1,7,1,52,1,53,1" doraHai="52" doraHaiUra="45" who="2" fromWho="2" sc="240,-31,240,-61,230,153,260,-31" /><INIT seed="2,0,0,2,0,74" ten="209,179,383,229" oya="2" hai0="26,81,46,107,73,76,105,133,93,101,6,123,33" hai1="119,118,110,106,7,50,104,91,113,97,88,14,4" hai2="39,61,36,28,62,57,126,22,42,69,80,56,99" hai3="47,98,135,17,117,27,129,130,9,0,16,34,3"/><V95/><F126/><W122/><G47/><T128/><D123/><U102/><E113/><V55/><F69/><W44/><G122/><T86/><D128/><N who="3" m="49257" /><G98/><T127/><D127/><U77/><E110/><V78/><F42/><W49/><G117/><T85/><D133/><U41/><E14/><V94/><F28/><N who="3" m="19743" /><G135/><T79/><D6/><U116/><E104/><N who="0" m="40009" /><D26/><U72/><E4/><V5/><F22/><W68/><G68/><T90/><D33/><U66/><E7/><V37/><F5/><N who="3" m="1191" /><G3/><T121/><D46/><U114/><E66/><V120/><F120/><W24/><G24/><T63/><D63/><U89/><E114/><V48/><F48/><W43/><AGARI ba="0,0" hai="16,17,43,44,49" m="1191,19743,49257" machi="43" ten="30,2000,0" yaku="19,1,54,1" doraHai="74" who="3" fromWho="3" sc="209,-5,179,-5,383,-10,229,20" /><INIT seed="3,0,0,2,2,101" ten="204,174,373,249" oya="3" hai0="80,126,68,111,116,32,28,0,46,73,128,123,45" hai1="31,50,13,129,67,125,17,59,103,88,89,107,36" hai2="52,25,39,12,3,40,127,61,124,79,44,42,82" hai3="75,134,66,7,16,74,71,10,113,102,105,69,9"/><W53/><G113/><T5/><RYUUKYOKU type="yao9" ba="0,0" sc="204,0,174,0,373,0,249,0" hai0="0,5,28,32,45,46,68,73,80,111,116,123,126,128" /><INIT seed="3,1,0,4,4,43" ten="204,174,373,249" oya="3" hai0="70,12,47,1,107,11,120,19,35,22,17,34,109" hai1="28,58,33,110,67,119,99,123,93,89,29,4,127" hai2="108,80,15,98,91,113,64,20,102,63,26,13,100" hai3="118,44,36,27,96,31,16,2,10,92,30,75,76"/><W66/><G118/><T97/><D120/><U112/><E112/><V7/><F113/><W46/><G36/><T111/><D70/><U45/><E123/><V68/><F108/><N who="0" m="41546" /><D47/><N who="3" m="17961" /><G75/><T122/><D122/><U42/><E33/><V133/><F133/><W62/><G2/><T130/><D130/><U3/><E119/><V105/><F102/><N who="3" m="60679" /><G76/><T131/><D131/><U61/><E110/><V95/><F80/><W65/><G27/><N who="0" m="14799" /><D1/><U128/><E128/><V23/><F105/><W56/><G66/><T50/><D50/><U53/><E67/><V39/><F39/><W129/><G129/><T106/><D106/><U0/><E0/><V90/><F68/><W14/><AGARI ba="1,0" hai="10,14,16,30,31,56,62,65" m="60679,17961" machi="14" ten="30,12000,1" yaku="8,1,52,3,54,1" doraHai="43" who="3" fromWho="3" sc="204,-41,174,-41,373,-41,249,123" /><INIT seed="3,2,0,4,0,69" ten="163,133,332,372" oya="3" hai0="118,81,129,135,29,100,48,67,73,33,97,22,50" hai1="134,57,80,1,21,77,0,10,114,72,133,123,53" hai2="91,85,78,119,9,107,5,98,92,76,36,103,106" hai3="115,102,7,60,46,125,70,105,87,56,61,89,2"/><W101/><G115/><T63/><D118/><U39/><E123/><V79/><F36/><W112/><G112/><T55/><D129/><U19/><E114/><V117/><F9/><W37/><G125/><T58/><D135/><N who="1" m="51723" /><E10/><V49/><F5/><W32/><G32/><T38/><D33/><U54/><E39/><V66/><F49/><W64/><G105/><T45/><D81/><U8/><E8/><V13/><F13/><W43/><G7/><T83/><D83/><U82/><E82/><V131/><F66/><W23/><G23/><T42/><D73/><U65/><E65/><V14/><F14/><W95/><REACH who="3" step="1"/><G2/><REACH who="3" ten="163,133,332,362" step="2"/><T3/><D3/><U86/><E0/><V94/><REACH who="2" step="1"/><F131/><REACH who="2" ten="163,133,322,362" step="2"/><W108/><G108/><T25/><REACH who="0" step="1"/><D67/><AGARI ba="2,2" hai="37,43,46,56,60,61,64,67,70,87,89,95,101,102" machi="67" ten="30,12000,1" yaku="1,1,7,1,52,1,53,2" doraHai="69" doraHaiUra="99" who="3" fromWho="0" sc="163,-126,133,0,322,0,362,146" /><INIT seed="3,3,0,5,0,39" ten="37,133,322,508" oya="3" hai0="12,29,103,102,108,11,18,30,40,122,77,74,115" hai1="117,95,104,100,111,112,62,68,81,57,88,93,61" hai2="129,17,131,53,116,41,55,38,49,46,59,20,118" hai3="113,70,34,123,80,84,8,106,73,19,1,51,78"/><W45/><G113/><T110/><D77/><U66/><E112/><V50/><F20/><W24/><G123/><T83/><D83/><U76/><E111/><N who="0" m="42537" /><D74/><U7/><E7/><V3/><F17/><W96/><G70/><T71/><D115/><U92/><E104/><V54/><F3/><W72/><G106/><T35/><D71/><U37/><E37/><V32/><F32/><W56/><G96/><T4/><D122/><U107/><E100/><N who="0" m="38441" /><D35/><U16/><E107/><V64/><F64/><W75/><G34/><T82/><D82/><U33/><E33/><V26/><F26/><W48/><G73/><T132/><D132/><U15/><E81/><V120/><F120/><W31/><G75/><T79/><D79/><U5/><E76/><V44/><F54/><W60/><G72/><T36/><D4/><U121/><E5/><V69/><F69/><W2/><G78/><T114/><D114/><U90/><E121/><V99/><F99/><W119/><G84/><T91/><D91/><U52/><REACH who="1" step="1"/><E117/><AGARI ba="3,0" hai="38,41,44,46,49,50,53,55,59,116,117,118,129,131" machi="117" ten="40,8000,1" yaku="34,3,52,1" doraHai="39" who="2" fromWho="1" sc="37,0,133,-89,322,89,508,0" /><INIT seed="4,0,0,1,2,39" ten="37,44,411,508" oya="0" hai0="36,53,57,126,14,90,93,115,20,54,22,114,72" hai1="92,56,38,73,27,112,59,132,107,32,104,133,87" hai2="0,49,21,50,11,135,65,111,8,12,5,102,95" hai3="106,119,55,29,45,24,77,71,116,134,16,42,41"/><T80/><D126/><U19/><E73/><V25/><F111/><W99/><G71/><T52/><D36/><U86/><E38/><V78/><F135/><N who="1" m="51785" /><E112/><N who="0" m="43049" /><D57/><N who="1" m="22091" /><E19/><V18/><F65/><W121/><G77/><N who="0" m="44071" /><D14/><U129/><E129/><V123/><F123/><W103/><G121/><T48/><D48/><U76/><E76/><V1/><F78/><W127/><G127/><T17/><D17/><U3/><E3/><V131/><F131/><W4/><G134/><T89/><D89/><N who="1" m="53303" /><E87/><AGARI ba="0,0" hai="20,22,52,53,54,87,90,93" m="44071,43049" machi="87" ten="30,2900,0" yaku="15,1,54,1" doraHai="39" who="0" fromWho="1" sc="37,29,44,-29,411,0,508,0" /><INIT seed="4,1,0,5,2,13" ten="66,15,411,508" oya="0" hai0="80,95,104,125,18,32,127,77,59,105,9,22,58" hai1="92,6,130,57,86,100,93,112,55,4,108,75,47" hai2="84,133,51,3,70,110,106,87,7,8,11,74,34" hai3="91,63,49,27,30,71,39,83,128,129,96,85,35"/><T53/><D32/><U33/><E108/><V119/><F110/><W54/><G39/><T23/><D95/><U40/><E75/><V50/><F74/><W20/><G35/><T15/><D105/><U132/><E33/><V19/><F70/><W121/><G121/><T26/><D104/><U37/><E130/><V24/><F106/><W135/><G135/><T123/><D123/><U60/><E132/><V0/><F133/><W118/><G118/><T124/><D53/><U62/><E112/><V25/><F34/><W66/><REACH who="3" step="1"/><G96/><REACH who="3" ten="66,15,411,498" step="2"/><T117/><D117/><U69/><E100/><V107/><F119/><W67/><G67/><T116/><D116/><U21/><E37/><V36/><F36/><W94/><G94/><T99/><D99/><U56/><E92/><V78/><F107/><W98/><G98/><T5/><REACH who="0" step="1"/><D22/><REACH who="0" ten="56,15,411,498" step="2"/><U43/><E21/><V79/><F7/><W38/><G38/><T131/><D131/><U120/><E4/><V42/><F42/><W64/><G64/><T102/><D102/><U76/><E6/><V17/><AGARI ba="1,2" hai="0,3,8,11,17,19,24,25,50,51,78,79,84,87" machi="17" ten="25,8000,1" yaku="0,1,22,2,52,2" doraHai="13" who="2" fromWho="2" sc="56,-41,15,-21,411,103,498,-21" owari="15,-38.0,-6,-51.0,514,61.0,477,28.0" /></mjloggm>