<mjloggm ver="2.3"><GO type="169" lobby="0"/><UN n0="%E6%AD%A6%E5%A8%81" n1="%41%2E%4B%39%6D%65%63" n2="%E3%82%82%E3%83%BC%E3%82%8A%E3%83%BC" n3="%E3%81%8B%E3%81%A3%E9%A3%9B%E3%81%B0%E3%81%9B%E5%85%A8%E9%83%A8" dan="17,17,16,16" rate="2142.89,2268.21,2176.57,2117.42" sx="M,M,M,M"/><TAIKYOKU oya="0"/><INIT seed="0,0,0,2,1,101" ten="250,250,250,250" oya="0" hai0="45,75,11,17,19,135,49,40,117,85,90,26,30" hai1="127,80,131,102,88,2,134,111,86,52,84,87,120" hai2="15,9,106,58,93,21,12,105,29,25,59,108,51" hai3="79,44,97,38,65,6,71,64,0,104,73,125,115"/><T27/><D117/><U82/><E120/><V16/><F108/><W20/><G115/><T122/><D122/><U28/><E2/><V31/><F31/><W99/><G125/><T39/><D75/><U62/><E111/><V43/><F93/><W124/><G124/><T10/><D135/><U1/><E1/><V8/><F58/><W113/><G113/><T92/><D39/><U94/><E127/><V61/><F51/><W133/><G133/><T18/><REACH who="0" step="1"/><D27/><REACH who="0" ten="240,250,250,250" step="2"/><U91/><E134/><V46/><F43/><W96/><G73/><T112/><D112/><U66/><E131/><V5/><F46/><W55/><G44/><T3/><D3/><U22/><E102/><V41/><REACH who="2" step="1"/><F41/><REACH who="2" ten="240,250,240,250" step="2"/><W118/><G38/><T116/><D116/><U72/><E91/><V4/><F4/><W81/><G6/><T63/><D63/><U83/><E62/><V123/><F123/><W60/><G60/><T24/><D24/><U100/><E88/><V53/><AGARI ba="0,2" hai="5,8,9,12,15,16,21,25,29,53,59,61,105,106" machi="53" ten="20,12000,2" yaku="1,1,0,1,7,1,52,2,54,1,53,1" doraHai="101" doraHaiUra="56" who="2" fromWho="2" sc="240,-60,250,-30,240,140,250,-30" /><INIT seed="1,0,0,3,4,42" ten="180,220,380,220" oya="1" hai0="40,79,111,133,131,0,135,9,11,73,20,3,68" hai1="37,128,76,33,1,7,123,16,126,30,54,118,105" hai2="120,55,129,87,24,21,56,110,94,38,51,27,121" hai3="97,70,80,43,4,6,65,29,91,132,88,17,125"/><U99/><E118/><V49/><F38/><W113/><G113/><T77/><D68/><U58/><E123/><V89/><F129/><W50/><G125/><T78/><D73/><U32/><E126/><V5/><F110/><W44/><G132/><N who="0" m="50763" /><D111/><U22/><E37/><V101/><F5/><W127/><G127/><T41/><D20/><U63/><E128/><V19/><F101/><W47/><G29/><T25/><D25/><U64/><E76/><V112/><F112/><W36/><G17/><T31/><D31/><U75/><E75/><V82/><F27/><W52/><G97/><T34/><D34/><U98/><E30/><V85/><F49/><N who="3" m="28711" /><G36/><T109/><D109/><U66/><E98/><V124/><F124/><W69/><G69/><T59/><D59/><U26/><E33/><V116/><F116/><W95/><G70/><T90/><D90/><AGARI ba="0,0" hai="19,21,24,51,55,56,82,85,87,89,90,94,120,121" machi="90" ten="30,1000,0" yaku="7,1" doraHai="42" who="2" fromWho="0" sc="180,-10,220,0,380,10,220,0" /><INIT seed="2,0,0,5,5,91" ten="170,220,390,220" oya="2" hai0="10,41,76,97,111,96,9,31,43,63,107,100,105" hai1="119,121,117,23,120,73,36,86,29,27,13,16,46" hai2="33,129,81,82,92,56,19,24,90,106,0,1,103" hai3="108,40,89,123,34,62,88,7,94,60,51,69,15"/><V18/><F106/><W93/><G123/><N who="1" m="47178" /><E73/><V75/><F103/><W127/><G34/><T11/><D111/><U101/><E101/><V5/><F129/><W44/><G108/><T80/><D31/><U128/><E86/><V49/><F18/><W110/><G110/><T35/><D35/><N who="1" m="20927" /><E36/><V132/><F132/><W47/><G127/><T83/><D63/><N who="3" m="24105" /><G69/><T130/><D130/><U58/><E58/><V70/><F70/><W118/><G118/><N who="1" m="45066" /><E46/><V79/><F82/><N who="0" m="31274" /><D100/><U104/><E104/><N who="0" m="40009" /><D76/><U8/><E128/><V116/><F116/><W21/><G47/><T4/><D4/><U109/><E109/><V126/><F5/><W133/><G7/><T66/><D66/><U12/><E12/><V28/><F126/><W72/><G72/><T102/><D102/><U115/><E115/><V61/><F49/><W25/><G15/><T134/><D134/><U3/><E3/><V17/><F0/><W131/><G133/><T71/><D71/><U87/><E87/><V65/><F1/><W74/><G74/><T37/><D37/><U53/><E53/><V124/><F124/><W39/><G39/><T57/><D57/><U112/><E112/><V114/><F114/><W32/><G131/><T67/><D67/><U84/><E84/><AGARI ba="0,0" hai="17,19,24,28,33,56,61,65,75,79,81,84,90,92" machi="84" ten="30,2900,0" yaku="7,1,52,1" doraHai="91" who="2" fromWho="1" sc="170,0,220,-29,390,29,220,0" /><INIT seed="2,1,0,4,4,133" ten="170,191,419,220" oya="2" hai0="43,7,95,46,66,122,30,40,123,45,5,35,103" hai1="14,48,99,21,121,2,119,34,86,117,104,134,75" hai2="9,127,17,100,131,42,73,74,115,77,113,41,71" hai3="28,20,37,124,97,52,87,64,98,54,114,61,15"/><V6/><F71/><W69/><G114/><T102/><D66/><U68/><E48/><V109/><F131/><W82/><G37/><T19/><D95/><U1/><E86/><V128/><F128/><W92/><G124/><T24/><D19/><U38/><E99/><V27/><F127/><W94/><G92/><T57/><D57/><U8/><E21/><V60/><F73/><W33/><G33/><T130/><D130/><U32/><E14/><V67/><F100/><W65/><G65/><T18/><D18/><U0/><E8/><V110/><F77/><W83/><G98/><T25/><REACH who="0" step="1"/><D35/><REACH who="0" ten="160,191,419,220" step="2"/><U58/><E34/><V55/><F17/><W108/><G94/><T129/><D129/><U13/><E58/><V47/><F67/><W93/><G93/><T50/><D50/><U125/><E32/><V107/><F113/><W79/><G64/><T85/><D85/><U111/><E125/><V90/><F115/><W112/><G87/><T26/><D26/><U106/><E75/><V72/><F27/><W4/><G112/><T44/><D44/><U51/><E51/><V96/><F47/><W23/><G97/><T53/><D53/><U76/><E68/><V31/><F55/><W56/><G52/><T80/><D80/><U70/><E70/><V29/><F74/><W3/><G69/><T36/><D36/><U120/><E38/><V132/><F72/><W78/><G54/><T84/><D84/><U116/><E116/><V59/><F59/><W62/><G56/><T88/><D88/><U91/><E119/><V39/><F90/><W118/><G118/><RYUUKYOKU ba="1,1" sc="160,30,191,-10,419,-10,220,-10" hai0="5,7,24,25,30,40,43,45,46,102,103,122,123" /><INIT seed="3,2,1,3,2,123" ten="190,181,409,210" oya="3" hai0="19,22,90,11,99,34,84,53,48,102,78,29,96" hai1="95,45,103,114,131,120,5,79,68,128,2,109,73" hai2="49,43,129,89,98,132,110,57,135,15,83,41,91" hai3="20,35,32,118,130,51,121,31,56,17,107,111,127"/><W7/><G51/><T75/><D34/><N who="3" m="12841" /><G56/><T113/><D113/><U40/><E120/><V87/><F43/><W92/><G92/><T74/><D29/><U4/><E68/><V124/><F91/><W71/><G107/><T52/><D11/><N who="1" m="2455" /><E5/><V66/><F98/><W61/><G61/><T36/><D36/><N who="1" m="21639" /><E114/><V14/><F66/><W54/><G54/><T64/><D64/><U27/><E27/><V69/><F57/><W10/><G71/><T16/><D78/><U58/><E58/><V77/><F49/><W26/><G121/><T108/><D22/><U38/><E38/><V0/><F41/><W55/><G55/><T104/><D48/><U24/><E24/><V9/><F77/><W125/><G118/><T47/><D47/><U106/><E95/><V72/><F87/><W101/><G101/><T50/><D50/><U81/><E109/><V33/><F89/><W30/><G130/><T1/><D90/><U6/><E6/><V12/><F129/><W134/><G134/><T44/><D44/><U88/><E88/><V122/><F135/><W65/><G111/><T63/><D63/><U70/><E70/><V86/><F110/><W25/><G65/><T39/><D39/><U42/><E42/><V126/><F132/><W67/><G67/><T3/><D108/><U82/><E82/><V119/><F72/><W117/><G117/><T97/><D97/><AGARI ba="2,1" hai="73,79,81,97,103,106,128,131" m="21639,2455" machi="97" ten="30,2000,0" yaku="25,1,23,1" doraHai="123" who="1" fromWho="0" sc="190,-26,181,36,409,0,210,0" /><INIT seed="4,0,0,5,0,51" ten="164,217,409,210" oya="0" hai0="120,80,43,93,108,34,134,50,61,46,26,39,85" hai1="95,103,72,128,32,21,6,19,98,89,57,107,9" hai2="44,56,118,10,105,77,68,8,52,55,75,99,87" hai3="2,47,42,133,90,38,124,48,45,113,29,132,64"/><T13/><D120/><U33/><E128/><V5/><F68/><W30/><G2/><T25/><D134/><N who="3" m="51817" /><G113/><T111/><D93/><U114/><E72/><V58/><F75/><W82/><G124/><T3/><D3/><U54/><E114/><V71/><F71/><W15/><G64/><T130/><D130/><U23/><E9/><V1/><F118/><W101/><G101/><T74/><D74/><U17/><E6/><V79/><F44/><W41/><G15/><T78/><D61/><U121/><E121/><V27/><F27/><W116/><G116/><T131/><D131/><U67/><E67/><V63/><F8/><W83/><G90/><T18/><D39/><U76/><E76/><V112/><F112/><W36/><G36/><T110/><REACH who="0" step="1"/><D34/><REACH who="0" ten="154,217,409,210" step="2"/><U109/><E32/><V88/><F105/><W126/><G126/><T106/><D106/><U94/><E33/><V65/><F65/><W62/><G62/><T123/><D123/><U69/><E107/><V122/><F122/><W73/><G73/><T16/><D16/><U24/><E95/><V28/><F99/><W4/><G4/><T20/><AGARI ba="0,1" hai="13,18,20,25,26,43,46,50,78,80,85,108,110,111" machi="20" ten="30,11700,0" yaku="1,1,0,1,10,1,53,1" doraHai="51" doraHaiUra="37" who="0" fromWho="0" sc="154,127,217,-39,409,-39,210,-39" /><INIT seed="4,1,0,0,0,40" ten="281,178,370,171" oya="0" hai0="52,22,110,19,60,121,78,53,61,23,3,70,69" hai1="98,49,39,29,27,102,96,2,58,51,81,54,31" hai2="36,71,97,77,130,1,113,111,101,12,57,55,72" hai3="109,129,37,89,91,8,76,126,33,135,75,7,107"/><T44/><D121/><U10/><E39/><V84/><F72/><W11/><G11/><T83/><D3/><U14/><E2/><V125/><F71/><W133/><G8/><T85/><D110/><U50/><E81/><V34/><F34/><W128/><G7/><T92/><D92/><U127/><E127/><V47/><F125/><W80/><G33/><T13/><D23/><U132/><E132/><N who="3" m="50762" /><G37/><T124/><D124/><U0/><E0/><V43/><F12/><W134/><N who="3" m="50770" /><W25/><DORA hai="87" /><G25/><T38/><D69/><U93/><E98/><V131/><F97/><W108/><G107/><T88/><D78/><U95/><E95/><V90/><F77/><W74/><G74/><T94/><D94/><U65/><E65/><V68/><F36/><W17/><G17/><T35/><D35/><U64/><E64/><V30/><F30/><N who="1" m="11273" /><E27/><V42/><F1/><W79/><G79/><T62/><REACH who="0" step="1"/><D70/><REACH who="0" ten="271,178,370,171" step="2"/><U100/><E100/><V45/><F101/><W120/><G126/><T86/><D86/><U6/><AGARI ba="1,1" hai="6,10,14,49,50,51,54,58,93,96,102" m="11273" machi="6" ten="30,1100,0" yaku="8,1" doraHai="40,87" who="1" fromWho="1" sc="271,-6,178,24,370,-4,171,-4" /><INIT seed="5,0,0,4,5,61" ten="265,202,366,167" oya="1" hai0="108,37,106,71,64,30,88,120,27,55,90,31,82" hai1="79,60,32,7,118,42,111,86,14,81,21,48,47" hai2="95,83,101,92,119,63,102,84,93,105,122,89,131" hai3="113,75,72,26,36,91,19,5,112,9,10,76,129"/><U11/><E118/><V53/><F119/><W20/><G129/><T69/><D108/><U35/><E111/><V29/><F122/><W109/><G109/><T65/><D37/><U23/><REACH who="1" step="1"/><E60/><REACH who="1" ten="265,192,366,167" step="2"/><V45/><F131/><W39/><G113/><T130/><D130/><U46/><E46/><V3/><F45/><W104/><G112/><T43/><D120/><U134/><E134/><V114/><F114/><W121/><G121/><T49/><D71/><U125/><E125/><V103/><F105/><W4/><G104/><T107/><D69/><U97/><E97/><V17/><F3/><W16/><G36/><T117/><D117/><U18/><E18/><V0/><F0/><W80/><G39/><T128/><D128/><U70/><E70/><V100/><F17/><W25/><G19/><T51/><D106/><U115/><E115/><V94/><F29/><W74/><G16/><T127/><D127/><U28/><E28/><V24/><F63/><W124/><G124/><T73/><D107/><U52/><E52/><V59/><F53/><W44/><G44/><T135/><D135/><U78/><E78/><N who="2" m="46199" /><F59/><W123/><G123/><T40/><D55/><U22/><AGARI ba="0,1" hai="7,11,14,21,22,23,32,35,42,47,48,79,81,86" machi="22" ten="30,11700,0" yaku="1,1,0,1,25,2,53,0" doraHai="61" doraHaiUra="50" who="1" fromWho="1" sc="265,-39,192,127,366,-39,167,-39" /><INIT seed="5,1,0,0,3,35" ten="226,319,327,128" oya="1" hai0="107,92,134,29,20,76,61,83,65,47,44,30,60" hai1="28,64,100,14,43,115,27,54,82,1,39,120,57" hai2="68,51,25,3,6,19,112,49,131,13,105,66,127" hai3="98,88,128,119,33,124,79,130,114,42,113,59,77"/><U97/><E120/><V31/><F105/><W95/><G33/><T36/><D107/><U5/><E64/><V101/><F127/><W12/><G42/><T87/><D134/><U117/><E117/><V40/><F131/><N who="3" m="50219" /><G59/><T34/><D34/><U108/><E115/><N who="3" m="44042" /><G12/><T7/><D61/><U11/><E108/><V17/><F112/><W67/><G67/><T32/><D32/><U102/><E82/><V15/><F101/><N who="3" m="60639" /><G124/><T2/><D36/><U111/><E111/><V123/><F6/><W110/><G110/><T45/><D20/><U109/><E109/><V78/><F25/><W73/><G119/><T93/><D30/><U62/><E27/><V56/><F56/><W55/><G55/><T90/><D29/><U10/><E97/><V86/><F40/><W122/><G122/><T53/><D53/><U16/><REACH who="1" step="1"/><E28/><REACH who="1" ten="226,309,327,128" step="2"/><V21/><F31/><W18/><G73/><T63/><D65/><U81/><E81/><V103/><F66/><W23/><G79/><T70/><D76/><U89/><E89/><V69/><F78/><W74/><G88/><T22/><D90/><U46/><AGARI ba="1,1" hai="1,5,10,11,14,16,39,43,46,54,57,62,100,102" machi="46" ten="30,12000,1" yaku="1,1,0,1,52,1,54,1,53,1" doraHai="35" doraHaiUra="37" who="1" fromWho="1" sc="226,-41,309,133,327,-41,128,-41" /><INIT seed="5,2,0,4,1,48" ten="185,442,286,87" oya="1" hai0="78,46,33,124,17,56,44,99,19,31,109,80,24" hai1="131,59,21,74,77,113,108,129,29,92,100,134,6" hai2="94,85,81,14,76,10,62,26,57,45,118,84,25" hai3="128,68,87,117,9,60,50,2,52,30,38,61,75"/><U132/><E6/><V27/><F118/><W28/><G75/><T63/><D109/><U79/><E108/><V125/><F125/><W11/><G38/><T32/><D32/><U66/><E113/><V12/><F45/><W83/><G117/><T34/><D34/><U69/><E69/><V105/><F105/><W39/><G39/><T97/><D124/><U88/><E100/><V130/><F130/><N who="1" m="49673" /><E29/><N who="3" m="11370" /><G2/><T115/><D115/><U103/><E21/><V54/><F10/><N who="3" m="3595" /><G68/><T90/><D19/><U13/><E13/><V8/><F8/><W49/><G49/><T102/><D17/><U86/><E103/><V133/><F133/><N who="1" m="51305" /><E74/><V7/><F7/><W119/><G119/><T121/><D102/><U58/><E66/><V110/><F110/><W3/><G3/><T96/><D33/><U15/><E15/><V40/><F40/><W70/><G70/><T4/><D31/><U114/><E114/><V89/><AGARI ba="2,0" hai="12,14,25,26,27,54,57,62,76,81,84,85,89,94" machi="89" ten="30,4000,0" yaku="0,1,8,1,52,1" doraHai="48" who="2" fromWho="2" sc="185,-12,442,-22,286,46,87,-12" /><INIT seed="6,0,0,1,0,54" ten="173,420,332,75" oya="2" hai0="10,72,20,33,82,4,88,126,6,129,16,96,47" hai1="23,14,91,128,58,94,130,84,57,18,45,103,69" hai2="127,60,112,81,30,102,11,51,113,62,74,12,34" hai3="26,121,71,50,53,134,2,25,31,95,98,99,65"/><V111/><F111/><W40/><G121/><T66/><D33/><U39/><E69/><V37/><F37/><W124/><G2/><T35/><D35/><U15/><E103/><V27/><F102/><W75/><G75/><T105/><D126/><U119/><E119/><V68/><F127/><W87/><G124/><T52/><D105/><U5/><E5/><N who="0" m="2153" /><D72/><U1/><E15/><V38/><F38/><W100/><G134/><T116/><D129/><N who="1" m="49771" /><E1/><V36/><F36/><W123/><G123/><T133/><D133/><U110/><E110/><V92/><F51/><W120/><G40/><AGARI ba="0,0" hai="14,18,23,39,40,45,57,58,84,91,94" m="49771" machi="40" ten="30,3900,0" yaku="19,1,52,2" doraHai="54" who="1" fromWho="3" sc="173,0,420,39,332,0,75,-39" /><INIT seed="7,0,0,2,4,11" ten="173,459,332,36" oya="3" hai0="123,54,107,15,125,20,115,135,81,62,55,83,21" hai1="89,119,130,80,14,6,104,129,35,85,99,17,51" hai2="66,13,121,41,31,86,98,84,4,79,1,87,76" hai3="77,10,49,23,52,32,111,38,103,118,91,24,30"/><W43/><G118/><T133/><D123/><U9/><E35/><V58/><F1/><W7/><G111/><T12/><D107/><U67/><E119/><V120/><F41/><W19/><G103/><T26/><D125/><U28/><E28/><V56/><F31/><W44/><G77/><T37/><D37/><U0/><E67/><V88/><F66/><W71/><G71/><T134/><D115/><U3/><E51/><V97/><F87/><W114/><G114/><T122/><D122/><U128/><E6/><V18/><F4/><W53/><G91/><T8/><D8/><U65/><E65/><V73/><F73/><W22/><G19/><N who="0" m="10367" /><D12/><U131/><E131/><V63/><F63/><W90/><G90/><T57/><D55/><U105/><E105/><V116/><F116/><W109/><G109/><T101/><D101/><AGARI ba="0,0" hai="0,3,9,14,17,80,85,89,99,101,104,128,129,130" machi="101" ten="40,2600,0" yaku="19,1,52,1" doraHai="11" who="1" fromWho="0" sc="173,-26,459,26,332,0,36,0" owari="147,-25.0,485,58.0,332,13.0,36,-46.0" /></mjloggm>