<mjloggm ver="2.3"><GO type="169" lobby="0"/><UN n0="%E6%B2%B3%E5%B6%8B%4B%4B" n1="%7A%6B%75%72%74" n2="%73%68%6F%35%35%35%35%35" n3="%E3%81%96%E3%82%8A%E3%81%8C%E3%81%AB%E3%81%8F%E3%82%93" dan="19,17,16,17" rate="2272.17,2220.05,2106.85,2223.45" sx="M,M,M,M"/><TAIKYOKU oya="0"/><INIT seed="0,0,0,5,1,86" ten="250,250,250,250" oya="0" hai0="115,89,53,63,69,118,107,31,91,100,8,72,106" hai1="110,4,124,131,132,94,6,22,37,121,135,33,0" hai2="55,70,80,14,116,62,82,26,2,83,49,56,1" hai3="109,46,81,93,120,111,96,95,40,54,35,85,25"/><T28/><D115/><U23/><E37/><V41/><F116/><W122/><G54/><T101/><D72/><U66/><E66/><V75/><F75/><W7/><G7/><T52/><D8/><U16/><E94/><V9/><F26/><W119/><G25/><T27/><D27/><U127/><E33/><V3/><F70/><W112/><G35/><T114/><D114/><U51/><E51/><V32/><F32/><W10/><G10/><T65/><D65/><U105/><E105/><V24/><F24/><W61/><G61/><T21/><D63/><U19/><E110/><N who="3" m="41994" /><G112/><T77/><D77/><U71/><E71/><V58/><F41/><W108/><N who="3" m="42002" /><W17/><DORA hai="79" /><G17/><T15/><D69/><U18/><E19/><V50/><REACH who="2" step="1"/><F58/><REACH who="2" ten="250,250,240,250" step="2"/><W64/><G119/><T88/><D118/><U11/><E11/><V97/><F97/><W92/><G96/><T129/><D21/><U5/><E5/><AGARI ba="0,1" hai="1,2,3,5,9,14,49,50,55,56,62,80,82,83" machi="5" ten="50,8000,1" yaku="1,1,52,3,53,0" doraHai="86,79" doraHaiUra="123,68" who="2" fromWho="1" sc="250,0,250,-80,240,90,250,0" /><INIT seed="1,0,0,1,2,65" ten="250,170,330,250" oya="1" hai0="15,121,100,2,113,48,117,45,25,16,7,70,49" hai1="129,83,1,34,67,27,78,90,112,50,98,3,89" hai2="76,124,53,74,59,42,46,130,133,91,31,68,26" hai3="84,95,0,122,4,55,62,39,116,97,66,94,10"/><U51/><E112/><V96/><F74/><W56/><G122/><T58/><D113/><U60/><E129/><V111/><F76/><W79/><G116/><T75/><D117/><U17/><E1/><V102/><F124/><W13/><G39/><T47/><D75/><U125/><E3/><V30/><F133/><W20/><G0/><T24/><D100/><U99/><E125/><V54/><F53/><W52/><G20/><T127/><D127/><U105/><E17/><V134/><F134/><W135/><G135/><T132/><D132/><U43/><E43/><V64/><F91/><N who="3" m="53607" /><G79/><T80/><D70/><U101/><E99/><V85/><F85/><W12/><G12/><T103/><D103/><AGARI ba="0,0" hai="4,10,13,52,55,56,62,66,95,97,103" m="53607" machi="103" ten="30,2000,0" yaku="8,1,54,1" doraHai="65" who="3" fromWho="0" sc="250,-20,170,0,330,0,250,20" /><INIT seed="2,0,0,4,0,47" ten="230,170,330,270" oya="2" hai0="43,27,64,70,39,59,114,125,128,18,85,50,103" hai1="79,126,46,3,0,66,109,87,84,106,32,78,51" hai2="132,6,95,68,133,83,127,26,40,121,4,76,110" hai3="14,113,67,10,62,122,29,81,36,42,49,54,91"/><V96/><F121/><W120/><G113/><T80/><D114/><U111/><E32/><V44/><F68/><W38/><G29/><T130/><D103/><U117/><E117/><V28/><F127/><W17/><G42/><T72/><D72/><U105/><E66/><V86/><F110/><W16/><G17/><T90/><D39/><U69/><E46/><V15/><F15/><W119/><G119/><T98/><D98/><U108/><E69/><V22/><F133/><W112/><G112/><T99/><D70/><U129/><E111/><V30/><F30/><W116/><G116/><T65/><D99/><U57/><E57/><V2/><F2/><W33/><G33/><T75/><D75/><U8/><E8/><V71/><F71/><W1/><G1/><T135/><D125/><U13/><E13/><V52/><F132/><W31/><G31/><T134/><D43/><U131/><REACH who="1" step="1"/><E126/><REACH who="1" ten="230,160,330,270" step="2"/><V20/><F40/><W19/><G67/><N who="0" m="25675" /><D135/><U60/><E60/><V35/><F35/><W48/><G120/><T93/><D134/><U100/><E100/><N who="2" m="60447" /><F20/><W124/><G124/><T41/><D41/><U73/><E73/><V56/><F44/><W21/><G38/><T55/><D130/><U12/><E12/><V45/><F45/><W5/><G36/><T123/><D128/><U94/><E94/><V25/><F25/><N who="3" m="14503" /><G122/><T53/><D123/><U11/><E11/><V77/><F77/><W63/><G63/><AGARI ba="0,1" hai="4,6,22,26,28,52,56,63,76,83,86" m="60447" machi="63" ten="30,2900,0" yaku="8,1,54,1" doraHai="47" who="2" fromWho="3" sc="230,0,160,0,330,39,270,-29" /><INIT seed="2,1,0,4,4,4" ten="230,160,369,241" oya="2" hai0="114,62,19,35,119,103,64,54,97,59,77,30,75" hai1="76,47,121,11,111,126,61,90,37,65,107,82,135" hai2="12,78,109,134,81,87,3,40,96,122,7,48,36" hai3="53,83,14,55,43,115,80,20,102,94,23,29,18"/><V50/><F122/><W68/><G68/><T28/><D114/><U45/><E121/><V44/><F134/><W25/><G43/><T32/><D119/><U113/><E113/><V105/><F109/><W112/><G112/><T42/><D42/><U57/><E107/><V2/><F36/><W34/><G115/><T58/><D77/><U101/><E101/><V131/><F131/><W72/><G34/><T74/><D32/><U130/><E130/><V73/><F73/><W70/><G70/><T106/><D35/><U89/><E135/><V85/><F50/><W13/><G13/><T5/><D19/><U125/><E111/><V15/><F15/><W21/><G21/><T31/><REACH who="0" step="1"/><D5/><REACH who="0" ten="220,160,369,241" step="2"/><U10/><E126/><V100/><REACH who="2" step="1"/><F87/><REACH who="2" ten="220,160,359,241" step="2"/><W92/><G72/><T66/><D66/><U0/><E37/><V117/><F117/><W52/><G53/><T27/><D27/><U88/><E125/><V38/><F38/><W6/><G55/><T95/><D95/><U86/><E0/><V69/><F69/><W67/><G52/><T33/><D33/><U9/><AGARI ba="1,2" hai="9,10,11,45,47,57,61,65,76,82,86,88,89,90" machi="9" ten="30,12000,2" yaku="0,1,8,1,52,3,54,1" doraHai="4" who="1" fromWho="1" sc="220,-31,160,143,359,-61,241,-31" /><INIT seed="3,0,0,2,4,2" ten="189,303,298,210" oya="3" hai0="134,4,25,77,132,16,104,22,26,105,38,8,59" hai1="9,76,72,62,100,66,48,99,84,73,124,133,27" hai2="32,39,0,49,97,10,79,63,20,108,34,129,17" hai3="127,12,13,40,36,103,14,86,101,93,5,123,102"/><W121/><G127/><T109/><D38/><U82/><E124/><V119/><F39/><W37/><G40/><T135/><D109/><U87/><E133/><V61/><F119/><W89/><REACH who="3" step="1"/><G5/><REACH who="3" ten="189,303,298,200" step="2"/><T64/><D77/><U120/><E76/><V15/><F79/><W118/><G118/><T43/><D43/><U88/><E120/><AGARI ba="0,1" hai="12,13,14,36,37,86,89,93,101,102,103,120,121,123" machi="120" ten="50,2400,0" yaku="1,1,53,0" doraHai="2" doraHaiUra="44" who="3" fromWho="1" sc="189,0,303,-24,298,0,200,34" /><INIT seed="3,1,0,2,1,47" ten="189,279,298,234" oya="3" hai0="133,20,66,29,70,96,93,109,67,90,7,92,98" hai1="78,11,135,91,112,22,4,106,1,75,12,42,111" hai2="3,81,37,57,28,16,76,24,32,52,2,30,86" hai3="83,82,105,84,8,123,9,58,41,5,99,79,107"/><W23/><G123/><T127/><D109/><U19/><E112/><V35/><F37/><W44/><G99/><T118/><D118/><U101/><E111/><V131/><F131/><W15/><G58/><T14/><D127/><U64/><E135/><V0/><F16/><W10/><G83/><T18/><D70/><U61/><E91/><V104/><F104/><W129/><G129/><T100/><D133/><U54/><E54/><V103/><F103/><W17/><REACH who="3" step="1"/><G5/><REACH who="3" ten="189,279,298,224" step="2"/><T85/><D7/><U25/><E4/><V134/><F134/><W97/><G97/><T77/><D29/><U102/><E102/><V95/><F95/><W71/><G71/><T116/><D116/><U88/><E101/><V26/><REACH who="2" step="1"/><F0/><REACH who="2" ten="189,279,288,224" step="2"/><W120/><G120/><T50/><D98/><U38/><E1/><V132/><F132/><W34/><G34/><T124/><D124/><U65/><E106/><V89/><F89/><W51/><AGARI ba="1,2" hai="8,9,10,15,17,23,41,44,51,79,82,84,105,107" machi="51" ten="30,6000,0" yaku="1,1,0,1,52,1,53,0" doraHai="47" doraHaiUra="53" who="3" fromWho="3" sc="189,-21,279,-21,288,-21,224,83" /><INIT seed="3,2,0,1,2,83" ten="168,258,267,307" oya="3" hai0="86,94,76,113,87,72,71,43,33,97,31,79,6" hai1="133,103,22,13,80,58,91,78,119,89,123,4,50" hai2="101,93,131,14,47,35,102,46,3,12,104,19,105" hai3="49,57,24,84,28,25,128,77,53,67,65,92,62"/><W0/><G0/><T5/><D71/><U40/><E123/><V129/><F35/><W56/><G128/><T61/><D33/><U98/><E133/><V73/><F3/><W17/><G28/><T37/><D37/><U15/><E119/><V55/><F93/><W59/><G17/><T8/><D72/><U108/><E108/><V38/><F38/><W115/><G115/><T82/><D113/><U132/><E132/><V64/><F64/><W135/><G135/><T122/><D122/><U16/><E13/><V11/><F73/><W124/><G124/><T74/><D43/><U68/><E68/><V125/><F55/><W20/><G20/><T10/><D31/><U2/><E4/><N who="0" m="1641" /><D74/><U114/><E2/><V23/><F23/><W41/><G41/><T106/><D106/><U54/><E40/><V88/><F19/><W48/><G77/><N who="0" m="29771" /><D61/><U66/><E66/><V111/><F125/><W96/><G67/><T39/><D82/><U36/><E114/><V120/><F120/><W99/><G65/><T29/><D29/><U42/><E42/><V9/><REACH who="2" step="1"/><F111/><REACH who="2" ten="168,258,257,307" step="2"/><W109/><G53/><T45/><D39/><U63/><E36/><V52/><F52/><W100/><G109/><T75/><D75/><U134/><E134/><V51/><F51/><W44/><G48/><T30/><D30/><U81/><E50/><V90/><AGARI ba="2,1" hai="9,11,12,14,46,47,88,90,101,102,104,105,129,131" machi="90" ten="25,8000,1" yaku="1,1,0,1,22,2,54,1,53,0" doraHai="83" doraHaiUra="34" who="2" fromWho="2" sc="168,-22,258,-22,257,96,307,-42" /><INIT seed="4,0,0,5,4,99" ten="146,236,353,265" oya="0" hai0="54,29,27,44,32,51,97,77,2,117,33,126,119" hai1="42,36,130,105,21,34,50,31,115,57,78,18,129" hai2="19,134,88,61,102,55,22,98,116,76,7,71,9" hai3="23,84,48,124,74,121,118,66,6,10,95,59,80"/><T26/><D126/><U67/><E36/><V112/><F116/><W35/><G35/><T91/><D2/><U8/><E8/><V133/><F76/><W73/><G118/><T0/><D0/><U17/><E105/><V86/><F112/><W120/><G23/><T39/><D39/><U62/><E115/><V113/><F113/><W5/><G95/><T52/><D77/><U63/><E34/><V79/><F79/><W89/><G124/><T20/><D33/><U96/><E78/><V109/><F109/><W16/><G6/><T135/><D135/><U65/><E96/><V47/><F47/><W100/><G100/><T41/><D119/><U101/><E101/><V92/><F9/><W87/><G87/><T127/><D127/><U15/><E31/><V103/><F7/><W70/><G70/><T123/><D123/><N who="3" m="47177" /><G16/><T12/><D12/><U25/><E50/><V114/><F114/><W40/><G66/><T46/><D117/><U53/><E42/><V106/><F103/><W128/><G128/><N who="1" m="49258" /><E63/><V81/><F106/><W11/><G11/><T37/><D97/><U104/><E104/><V82/><F134/><W49/><G49/><T131/><D131/><U30/><E17/><V107/><F133/><W132/><G132/><T69/><D69/><U60/><E60/><V110/><F71/><W24/><G24/><T125/><D125/><U111/><E111/><V75/><F110/><W28/><G28/><N who="0" m="17479" /><D91/><U58/><E58/><N who="2" m="35039" /><F75/><W72/><G59/><T122/><D122/><U13/><E18/><V90/><F90/><W93/><G74/><T83/><D54/><RYUUKYOKU ba="0,0" sc="146,10,236,10,353,10,265,-30" hai0="27,29,32,37,41,44,46,51,52,83" hai1="13,15,21,25,30,53,57,62,65,67" hai2="19,22,81,82,86,88,92,98,102,107" /><INIT seed="4,1,0,0,4,54" ten="156,246,363,235" oya="0" hai0="99,123,109,73,103,17,79,114,37,42,34,45,33" hai1="31,3,2,9,6,60,100,115,55,86,69,8,74" hai2="65,71,39,133,81,44,59,49,28,51,89,19,56" hai3="78,105,64,110,120,84,62,135,16,4,30,107,121"/><T35/><D123/><N who="3" m="47177" /><G110/><T57/><D109/><U130/><E74/><V93/><F39/><W32/><G4/><T24/><D114/><U111/><E111/><V26/><F133/><W102/><G102/><T41/><D41/><U126/><E126/><V52/><F81/><N who="3" m="47159" /><G135/><T20/><D79/><U23/><E115/><V101/><F101/><W77/><G77/><T88/><D73/><U50/><E100/><V116/><F116/><W92/><G92/><T25/><D88/><U29/><E130/><V47/><F19/><W0/><G0/><T61/><D24/><U14/><E86/><V12/><F12/><W68/><G16/><T127/><D127/><U90/><E90/><V108/><F108/><W122/><G122/><T104/><REACH who="0" step="1"/><D34/><REACH who="0" ten="146,246,363,235" step="2"/><U113/><E113/><V36/><F26/><AGARI ba="1,1" hai="26,30,32,62,64,68,105,107" m="47159,47177" machi="26" ten="30,1000,0" yaku="13,1" doraHai="54" who="3" fromWho="2" sc="146,0,246,0,363,-13,235,23" /><INIT seed="5,0,0,2,5,4" ten="146,246,350,258" oya="1" hai0="123,117,50,86,2,16,102,120,113,119,39,5,65" hai1="78,93,89,104,71,129,51,111,43,14,96,121,23" hai2="6,135,36,1,20,56,70,84,35,115,41,79,38" hai3="62,130,101,68,42,69,49,87,52,26,64,37,30"/><U32/><E32/><V45/><F35/><W97/><G130/><T114/><D39/><U108/><E121/><N who="0" m="46665" /><D65/><U125/><E71/><V3/><F70/><W44/><G87/><T88/><D50/><U10/><E129/><V107/><F107/><W60/><G60/><T91/><D5/><U132/><E132/><V99/><F99/><W83/><G83/><T24/><D2/><U48/><E125/><V55/><F38/><W31/><G26/><T47/><D47/><U100/><E78/><V127/><F135/><W77/><G77/><T105/><D102/><U134/><E134/><V53/><F53/><W95/><REACH who="3" step="1"/><G69/><REACH who="3" ten="146,246,350,248" step="2"/><T116/><D105/><U0/><E104/><V128/><F128/><W12/><G12/><T9/><D86/><U81/><E0/><V57/><F84/><W98/><G98/><T13/><D24/><U75/><E75/><V33/><F1/><W124/><G124/><T11/><D11/><U25/><E25/><V85/><F127/><W27/><G27/><T131/><D131/><U80/><E10/><V8/><F85/><W73/><G73/><T59/><D59/><AGARI ba="0,1" hai="30,31,37,42,44,49,52,59,62,64,68,95,97,101" machi="59" ten="30,8000,1" yaku="1,1,7,1,24,2,54,1,53,0" doraHai="4" doraHaiUra="112" who="3" fromWho="0" sc="146,-80,246,0,350,0,248,90" /><INIT seed="6,0,0,4,1,59" ten="66,246,350,338" oya="2" hai0="71,109,90,77,24,62,101,17,108,42,98,49,50" hai1="118,100,119,51,5,23,133,57,19,0,69,66,31" hai2="33,110,78,12,13,106,92,128,117,73,105,14,97" hai3="15,40,25,135,22,127,3,112,65,67,121,116,43"/><V89/><F117/><W4/><G116/><T107/><D77/><U18/><E133/><V120/><F120/><W29/><G121/><T102/><D90/><U10/><E31/><V56/><F33/><W9/><G135/><T94/><D102/><U83/><E100/><V82/><F128/><W75/><G75/><T39/><D94/><U130/><E130/><V96/><F110/><W34/><G127/><T88/><D88/><U84/><E69/><V1/><F1/><W2/><G112/><T55/><D39/><U61/><E51/><V32/><F32/><W28/><G28/><T76/><D76/><U46/><E46/><V44/><F44/><W93/><G93/><T30/><D17/><U60/><E19/><V115/><F115/><W48/><G2/><T52/><D42/><N who="3" m="15913" /><G48/><T47/><D50/><U103/><E103/><V70/><F70/><W99/><G99/><T104/><D104/><U72/><E72/><V129/><F97/><W36/><G36/><T80/><D80/><U123/><E123/><V114/><F114/><W8/><G8/><T122/><D122/><U91/><REACH who="1" step="1"/><E61/><REACH who="1" ten="66,236,350,338" step="2"/><V7/><F129/><W35/><G35/><T85/><D85/><U113/><E113/><V68/><F68/><W87/><G87/><T58/><REACH who="0" step="1"/><D71/><REACH who="0" ten="56,236,350,338" step="2"/><U63/><E63/><V26/><F106/><W45/><G29/><T79/><D79/><U6/><E6/><V41/><F7/><W134/><G4/><T16/><D16/><U125/><E125/><V124/><F105/><W27/><G134/><T20/><AGARI ba="0,2" hai="20,24,30,47,49,52,55,58,62,98,101,107,108,109" machi="20" ten="20,8000,1" yaku="1,1,0,1,7,1,52,1,54,1,53,0" doraHai="59" doraHaiUra="111" who="0" fromWho="0" sc="56,100,236,-20,350,-40,338,-20" /><INIT seed="7,0,0,5,2,41" ten="156,216,310,318" oya="3" hai0="43,89,37,90,45,65,78,44,46,49,129,125,54" hai1="47,71,4,115,98,42,9,52,36,114,24,13,63" hai2="28,26,60,70,58,102,95,30,92,29,105,6,126" hai3="2,21,132,0,97,85,23,127,17,120,8,48,56"/><W83/><G120/><T82/><D125/><U88/><E24/><V134/><F70/><W1/><G132/><T15/><D129/><U59/><E71/><V40/><F105/><W31/><G127/><T34/><D34/><U117/><E117/><V33/><F126/><W20/><G97/><T25/><D65/><U67/><E67/><V84/><F40/><W50/><G31/><T130/><D130/><U118/><E118/><V22/><F33/><W7/><G17/><T18/><D25/><U66/><E66/><N who="2" m="39191" /><F6/><W10/><G56/><T93/><D93/><U96/><REACH who="1" step="1"/><E88/><REACH who="1" ten="156,206,310,318" step="2"/><N who="2" m="53255" /><F134/><W99/><G99/><AGARI ba="0,1" hai="4,9,13,36,42,47,52,59,63,96,98,99,114,115" machi="99" ten="40,5200,0" yaku="1,1,52,1,54,1,53,0" doraHai="41" doraHaiUra="107" who="1" fromWho="3" sc="156,0,206,62,310,0,318,-52" /><AGARI ba="0,0" hai="22,26,28,29,30,95,99,102" m="53255,39191" machi="99" ten="30,3900,0" yaku="25,1,8,1,54,1" doraHai="41" who="2" fromWho="3" sc="156,0,268,0,310,39,266,-39" owari="156,-34.0,268,7.0,349,44.0,227,-17.0" /></mjloggm>