<mjloggm ver="2.3"><GO type="169" lobby="0"/><UN n0="%E6%82%A0%E3%80%85%2E" n1="%E5%AE%89%E6%96%8E" n2="%E6%B2%96%E3%83%92%E3%82%AB%E3%83%AB%EF%BC%88%E6%9C%AC%E7%89%A9%EF%BC%89" n3="%E3%81%9F%E3%81%8F%E3%81%98%E3%82%8D%E3%81%86" dan="17,17,16,16" rate="2191.43,2234.95,2072.42,2098.83" sx="M,F,F,M"/><TAIKYOKU oya="0"/><INIT seed="0,0,0,1,0,118" ten="250,250,250,250" oya="0" hai0="97,96,120,78,103,7,93,39,110,69,53,1,72" hai1="134,4,33,46,92,18,71,128,108,117,2,0,125" hai2="119,16,81,48,61,32,124,6,66,65,100,116,70" hai3="37,87,114,49,126,99,22,86,109,102,89,9,113"/><T90/><D69/><U63/><E92/><V130/><F32/><W129/><G37/><T122/><D39/><U8/><E117/><V25/><F6/><W47/><G109/><T132/><D53/><U106/><E106/><V57/><F130/><W135/><G129/><T11/><D110/><U121/><E33/><V82/><F124/><W54/><G126/><T52/><D132/><U64/><E128/><V59/><F100/><W101/><G135/><T104/><REACH who="0" step="1"/><D52/><REACH who="0" ten="240,250,250,250" step="2"/><U13/><E108/><V95/><F70/><W51/><G54/><T91/><D91/><U36/><E134/><V12/><F119/><W15/><G89/><T80/><AGARI ba="0,1" hai="1,7,11,72,78,80,90,93,96,97,103,104,120,122" machi="80" ten="30,11700,0" yaku="1,1,0,1,52,2,53,0" doraHai="118" doraHaiUra="23" who="0" fromWho="0" sc="240,127,250,-39,250,-39,250,-39" /><INIT seed="0,1,0,3,5,54" ten="367,211,211,211" oya="0" hai0="94,84,26,106,76,65,71,11,10,41,93,53,66" hai1="31,51,112,62,85,12,56,45,48,61,28,117,132" hai2="16,29,21,122,81,118,100,78,55,27,18,0,69" hai3="13,64,40,129,90,128,9,92,80,83,123,101,58"/><T130/><D106/><U73/><E117/><V35/><F118/><W33/><G33/><T30/><D130/><N who="3" m="50281" /><G101/><T87/><D41/><U135/><E73/><V110/><F69/><W88/><G40/><T23/><D71/><U46/><E12/><V89/><F100/><W22/><G22/><T57/><D65/><U39/><E85/><N who="0" m="32841" /><D66/><U25/><E25/><V125/><F89/><N who="3" m="34411" /><G92/><N who="0" m="35435" /><D76/><U70/><E70/><V131/><F0/><W96/><G96/><T47/><D47/><U49/><E39/><V59/><F131/><W126/><G123/><T20/><D20/><U72/><E72/><V107/><F107/><W19/><G126/><T120/><D120/><U82/><E82/><V4/><F125/><W74/><G74/><T103/><D103/><U102/><E102/><V14/><F122/><W99/><G99/><T77/><D77/><U79/><E79/><V75/><F35/><W3/><G3/><T116/><D116/><U34/><E34/><V44/><F44/><W86/><G86/><T104/><D104/><U38/><E46/><V17/><F4/><W37/><G37/><T68/><D68/><U42/><E38/><V8/><REACH who="2" step="1"/><F110/><REACH who="2" ten="367,211,201,211" step="2"/><W115/><G115/><T114/><D114/><U15/><E112/><V133/><F133/><W105/><G105/><T50/><AGARI ba="1,1" hai="10,11,23,26,30,50,53,57" m="35435,32841" machi="50" ten="30,3000,0" yaku="8,1,52,1" doraHai="54" who="0" fromWho="0" sc="367,43,211,-11,201,-11,211,-11" /><INIT seed="0,2,0,0,3,18" ten="410,200,190,200" oya="0" hai0="45,76,53,135,122,103,65,16,78,49,35,110,61" hai1="14,85,7,38,74,128,88,46,12,52,23,67,33" hai2="58,31,72,13,44,39,21,30,17,54,86,113,43" hai3="29,87,62,71,130,93,125,20,112,36,134,124,83"/><T0/><D0/><U37/><E33/><V108/><F108/><W75/><G112/><T82/><D122/><U111/><E74/><V2/><F72/><W5/><G36/><T127/><D35/><U24/><E111/><V117/><F2/><W94/><G5/><T57/><D135/><U102/><E128/><V109/><F117/><W121/><G75/><T68/><D127/><N who="3" m="48713" /><G130/><T105/><D110/><U100/><E67/><V73/><F73/><W51/><G51/><T60/><D103/><N who="1" m="39467" /><E7/><V64/><F64/><N who="3" m="41367" /><G134/><T107/><D107/><U15/><E37/><V114/><F109/><W55/><G55/><T89/><D105/><U3/><E38/><V126/><F126/><W26/><G121/><T47/><D49/><N who="1" m="28727" /><E3/><V133/><F133/><W104/><G104/><T80/><D65/><U96/><E96/><V115/><REACH who="2" step="1"/><F86/><REACH who="2" ten="410,200,180,200" step="2"/><W8/><G8/><T92/><D68/><U42/><E42/><V50/><AGARI ba="2,1" hai="13,17,21,30,31,39,43,44,50,54,58,113,114,115" machi="50" ten="30,8000,1" yaku="1,1,2,1,0,1,52,1,53,1" doraHai="18" doraHaiUra="11" who="2" fromWho="2" sc="410,-42,200,-22,180,96,200,-22" /><INIT seed="1,0,0,2,3,120" ten="368,178,276,178" oya="1" hai0="27,71,79,105,58,76,108,6,0,12,97,118,95" hai1="121,24,38,47,9,43,111,28,119,77,36,91,35" hai2="67,21,40,129,128,125,45,134,23,66,90,42,117" hai3="22,124,25,56,18,78,50,32,114,116,15,93,41"/><U85/><E121/><V100/><F117/><W63/><G114/><T48/><D71/><U92/><E119/><V99/><F90/><W101/><G116/><T81/><D105/><U2/><E77/><V72/><F72/><W14/><G124/><T69/><D69/><U84/><E36/><V11/><F125/><W89/><G101/><T88/><D0/><U54/><E54/><V74/><F11/><W68/><G32/><T52/><D118/><U26/><E26/><V113/><F74/><W70/><G70/><T57/><D108/><U29/><E29/><V127/><F100/><W103/><G68/><T132/><D132/><U109/><REACH who="1" step="1"/><E85/><REACH who="1" ten="368,168,276,178" step="2"/><V34/><F127/><W5/><G78/><T3/><D27/><U135/><E135/><V83/><F134/><W106/><G25/><T133/><D133/><U65/><E65/><V82/><F67/><W62/><G41/><T20/><D76/><U59/><E59/><V61/><F66/><W96/><G56/><T44/><D58/><U37/><E37/><V49/><F42/><W60/><G50/><T86/><D57/><U98/><E98/><V19/><F99/><W31/><G31/><T17/><D52/><U112/><E112/><V39/><F113/><W53/><G53/><T126/><D126/><U33/><E33/><V30/><F34/><W115/><G115/><T7/><D48/><U10/><E10/><V75/><F49/><W87/><G63/><T80/><D79/><U8/><E8/><V13/><F61/><W16/><G5/><AGARI ba="0,1" hai="2,5,9,24,28,35,38,43,47,84,91,92,109,111" machi="5" ten="40,7700,0" yaku="1,1,52,2,53,0" doraHai="120" doraHaiUra="102" who="1" fromWho="3" sc="368,0,168,87,276,0,178,-77" /><INIT seed="1,1,0,2,1,114" ten="368,255,276,101" oya="1" hai0="119,5,97,129,108,66,131,55,52,8,22,110,71" hai1="42,57,76,43,13,74,7,116,30,100,81,95,25" hai2="73,32,47,68,113,29,14,36,80,37,78,54,49" hai3="67,65,69,79,117,62,6,34,124,19,40,2,11"/><U134/><E134/><V31/><F68/><W51/><G124/><T96/><D119/><U27/><E116/><V44/><F113/><W86/><G34/><T84/><D84/><U133/><E133/><V53/><F32/><W107/><G107/><T109/><D22/><U111/><E111/><V83/><F14/><W1/><G67/><T135/><D135/><U59/><E100/><V21/><F21/><W120/><G120/><T128/><D66/><U15/><E95/><V17/><F17/><W50/><G1/><N who="0" m="47" /><D71/><U16/><E7/><V115/><F115/><W87/><G117/><T104/><D97/><U101/><E101/><AGARI ba="1,0" hai="52,55,96,101,104,108,109,110,128,129,131" m="47" machi="101" ten="40,5200,0" yaku="14,1,19,1,54,1" doraHai="114" who="0" fromWho="1" sc="368,55,255,-55,276,0,101,0" /><INIT seed="2,0,0,2,2,25" ten="423,200,276,101" oya="2" hai0="51,74,128,39,0,93,133,21,92,127,43,41,59" hai1="134,31,109,135,64,2,82,124,118,7,53,67,54" hai2="114,55,17,58,85,1,76,77,44,69,30,73,4" hai3="84,3,42,90,120,65,28,111,46,117,126,94,13"/><V33/><F69/><W78/><G3/><T104/><D104/><U56/><E118/><V129/><F114/><W57/><G117/><T45/><D74/><U113/><E113/><V96/><F129/><W70/><G120/><T22/><D0/><U47/><E82/><V100/><F44/><W81/><G111/><T122/><D127/><U87/><E87/><V79/><F73/><W49/><G126/><T131/><D133/><N who="1" m="50699" /><E124/><V14/><F4/><W63/><G70/><T101/><D101/><U106/><E106/><V121/><F1/><W110/><G110/><T91/><D93/><U24/><E109/><V34/><F121/><W80/><G78/><T61/><D41/><U16/><E16/><V19/><F85/><W115/><G115/><T72/><D51/><N who="1" m="28927" /><E7/><V132/><F19/><W8/><REACH who="3" step="1"/><G28/><REACH who="3" ten="423,200,276,91" step="2"/><T88/><D122/><U6/><E2/><V95/><F132/><W10/><G10/><T5/><D128/><U119/><E119/><V68/><F68/><W125/><G125/><T108/><D108/><U23/><E6/><AGARI ba="0,1" hai="6,8,13,42,46,49,57,63,65,80,81,84,90,94" machi="6" ten="30,7700,0" yaku="1,1,7,1,8,1,53,1" doraHai="25" doraHaiUra="11" who="3" fromWho="1" sc="423,0,200,-77,276,0,91,87" /><INIT seed="3,0,0,3,2,119" ten="423,123,276,178" oya="3" hai0="43,78,62,53,104,26,131,127,107,23,98,90,35" hai1="44,84,8,113,89,71,82,18,75,108,102,76,61" hai2="124,88,101,4,92,41,21,72,30,74,40,121,14" hai3="19,58,49,126,111,6,77,28,67,64,122,13,7"/><W29/><G126/><T81/><D35/><U85/><E113/><V103/><F124/><W50/><G122/><T20/><D131/><U112/><E112/><V100/><F121/><W24/><G77/><T2/><D2/><U91/><E108/><V12/><F74/><W17/><G111/><T99/><D43/><U60/><E44/><V55/><F72/><W114/><G114/><T0/><D0/><U33/><E33/><V9/><F55/><W120/><G120/><T117/><D104/><U129/><E102/><V118/><F118/><W22/><G28/><T132/><D107/><U115/><E129/><V70/><F70/><W37/><G37/><T68/><D68/><U94/><E115/><V52/><F52/><N who="3" m="32015" /><G50/><T86/><D132/><U5/><E18/><N who="3" m="6666" /><G13/><T66/><D117/><U65/><E61/><V48/><F48/><W25/><G25/><T3/><D53/><U45/><E45/><V54/><F54/><W11/><G11/><T10/><D10/><U95/><REACH who="1" step="1"/><E8/><REACH who="1" ten="423,113,276,178" step="2"/><V46/><F46/><W130/><G130/><T110/><D110/><U15/><E15/><V59/><F14/><W56/><G56/><N who="0" m="37191" /><D127/><U38/><E38/><V135/><F59/><W34/><G34/><T39/><D39/><U97/><E97/><N who="2" m="57479" /><F135/><W83/><G83/><N who="0" m="49503" /><D99/><U128/><E128/><V42/><F42/><W51/><G51/><T36/><D98/><U109/><E109/><V32/><F32/><W125/><G125/><T87/><D36/><U73/><E73/><V134/><F134/><W79/><G79/><T63/><D63/><U123/><E123/><V80/><F80/><RYUUKYOKU ba="0,1" sc="423,-30,113,10,276,10,178,10" hai1="5,60,65,71,75,76,82,84,85,89,91,94,95" hai2="4,9,12,21,30,40,41,100,101,103" hai3="6,7,22,24,29,64,67" /><INIT seed="3,1,1,1,3,90" ten="393,123,286,188" oya="3" hai0="125,23,49,112,76,95,69,111,135,115,107,35,99" hai1="22,60,39,34,7,58,106,120,119,128,33,55,52" hai2="75,70,61,91,30,74,77,9,132,114,31,1,54" hai3="8,53,0,62,68,27,63,110,16,86,41,134,117"/><W130/><G117/><T116/><D69/><U66/><E120/><V81/><F114/><W36/><G134/><T20/><D35/><U92/><E106/><V65/><F132/><W19/><G130/><T109/><D125/><U105/><E105/><V38/><F75/><W26/><G68/><T48/><D107/><U88/><E128/><V101/><F101/><W78/><G36/><T64/><D64/><U71/><E119/><V32/><F54/><W25/><G41/><T97/><D76/><U133/><E133/><V3/><F91/><W98/><G0/><T102/><D135/><U85/><E39/><V37/><F31/><W24/><G110/><N who="0" m="41995" /><D116/><U84/><E55/><V108/><F3/><W124/><G124/><T6/><D99/><U11/><E22/><N who="0" m="8233" /><D6/><U73/><E84/><V46/><F108/><W13/><G98/><T59/><D59/><U100/><E73/><V113/><F46/><W28/><G19/><T131/><D131/><U123/><E123/><V43/><F113/><AGARI ba="1,1" hai="48,49,95,97,102,112,113,115" m="8233,41995" machi="113" ten="30,3900,0" yaku="11,1,14,1,52,1" doraHai="90" who="0" fromWho="2" sc="393,52,123,0,286,-42,188,0" /><INIT seed="4,0,0,1,2,95" ten="445,123,244,188" oya="0" hai0="77,56,70,100,4,36,28,127,21,37,125,90,75" hai1="94,34,116,113,5,53,122,91,121,9,44,102,119" hai2="130,79,8,126,118,39,0,32,129,135,73,23,35" hai3="11,65,114,104,81,74,13,103,67,110,120,84,131"/><T29/><D70/><U26/><E44/><V72/><F23/><W85/><G110/><T60/><D4/><U50/><E50/><V57/><F57/><W33/><G33/><N who="2" m="12873" /><F39/><W51/><G114/><T78/><D100/><U17/><E53/><V38/><F38/><W66/><G131/><N who="2" m="50185" /><F79/><W98/><G120/><T63/><D21/><U92/><E113/><V25/><F25/><W93/><G74/><N who="2" m="28777" /><F118/><W20/><G20/><T87/><D75/><U128/><E128/><V41/><F41/><W18/><G104/><T68/><D56/><U111/><E119/><V6/><F135/><W10/><G81/><T22/><D22/><U55/><E116/><V124/><AGARI ba="0,0" hai="0,6,8,124,126" m="28777,50185,12873" machi="124" ten="40,2700,0" yaku="19,1,23,1" doraHai="95" who="2" fromWho="2" sc="445,-13,123,-7,244,27,188,-7" /><INIT seed="5,0,0,3,2,6" ten="432,116,271,181" oya="1" hai0="36,37,16,43,68,33,113,1,125,128,0,40,19" hai1="18,20,118,78,92,27,9,50,84,122,134,123,114" hai2="57,105,4,79,5,30,116,54,52,83,132,104,41" hai3="72,31,129,99,111,86,76,130,58,87,88,59,97"/><U32/><E118/><V23/><F116/><W126/><G111/><T98/><D98/><N who="3" m="37385" /><G31/><T103/><D113/><U95/><E114/><V75/><F41/><W8/><G72/><T34/><D125/><U101/><E134/><V63/><F132/><W93/><G126/><T56/><D128/><N who="3" m="49257" /><G8/><T28/><D56/><N who="3" m="21545" /><G76/><T124/><D124/><U46/><E32/><V15/><F54/><W11/><G11/><T67/><D28/><U42/><E101/><V12/><F12/><W44/><G44/><T49/><D49/><U60/><E60/><V71/><F71/><W48/><G48/><T82/><D68/><U61/><E61/><V51/><F51/><W25/><G25/><T96/><D33/><U109/><E109/><V108/><F108/><W3/><G86/><T110/><D34/><U102/><E102/><V55/><F55/><W85/><G85/><T121/><D43/><U89/><E78/><V53/><F53/><W35/><G35/><T73/><D40/><U65/><E65/><V107/><F30/><W119/><G3/><T69/><D1/><U94/><REACH who="1" step="1"/><E9/><REACH who="1" ten="432,106,271,181" step="2"/><V13/><F79/><W100/><G100/><T38/><D103/><U131/><E131/><V21/><F63/><W39/><G119/><T17/><D67/><U62/><E62/><V106/><F106/><W2/><G2/><T14/><D0/><U10/><E10/><V135/><F107/><W24/><G39/><T26/><D38/><U29/><E29/><V115/><F105/><W81/><G81/><AGARI ba="0,1" hai="18,20,27,42,46,50,81,84,89,92,94,95,122,123" machi="81" ten="40,3900,0" yaku="1,1,53,1" doraHai="6" doraHaiUra="22" who="1" fromWho="3" sc="432,0,106,49,271,0,181,-39" /><INIT seed="5,1,0,5,1,0" ten="432,155,271,142" oya="1" hai0="118,4,40,38,29,121,93,88,55,123,103,42,46" hai1="94,3,7,105,77,100,49,37,15,111,79,5,106" hai2="9,96,61,95,6,86,134,43,135,102,31,69,112" hai3="68,41,39,25,14,64,58,17,89,97,52,124,130"/><U35/><E37/><V75/><F75/><W28/><G124/><T81/><D118/><U108/><E35/><V23/><F43/><W59/><G130/><T132/><D132/><N who="2" m="50730" /><F86/><W47/><G68/><T26/><D4/><N who="1" m="1611" /><E3/><N who="2" m="223" /><F112/><W71/><G71/><T113/><D38/><U80/><E15/><V99/><F99/><W78/><G78/><N who="1" m="29706" /><E80/><V45/><F45/><W22/><G64/><T116/><D81/><U21/><E21/><V87/><F23/><W119/><G119/><T54/><D116/><U76/><N who="1" m="29714" /><U18/><DORA hai="133" /><E18/><V72/><F72/><W66/><G66/><T12/><D12/><U44/><E94/><V8/><F95/><W27/><G28/><T101/><D113/><U107/><E100/><V98/><F31/><W2/><G2/><T67/><D103/><U125/><E125/><V53/><F102/><W129/><G129/><T92/><D101/><U50/><E44/><V63/><F69/><W126/><G126/><T24/><D29/><U82/><E82/><V48/><F8/><W115/><G115/><T104/><D46/><U10/><E10/><V110/><F87/><W127/><G127/><T13/><D13/><U114/><E114/><V122/><F98/><W73/><G73/><T34/><D34/><U20/><E20/><V30/><F96/><W65/><G97/><T120/><D93/><U62/><E62/><V117/><F63/><N who="3" m="38143" /><G89/><T70/><D88/><U36/><E36/><V131/><F61/><N who="3" m="36039" /><G39/><T16/><D92/><U57/><E57/><V32/><F32/><W109/><G22/><N who="0" m="13383" /><D70/><U60/><E60/><V51/><F117/><RYUUKYOKU ba="1,0" sc="432,-10,155,30,271,-10,142,-10" hai1="49,50,105,106,107,108,111" /><INIT seed="5,2,0,2,2,7" ten="422,185,261,132" oya="1" hai0="50,109,42,55,82,51,112,73,58,77,99,133,93" hai1="107,8,87,9,92,45,134,121,69,97,19,28,125" hai2="100,17,33,111,20,14,0,81,94,21,12,48,118" hai3="38,32,18,3,54,63,5,44,113,26,128,22,89"/><U36/><E121/><V124/><F33/><W135/><G113/><T68/><D109/><U117/><E117/><V132/><F111/><W29/><G128/><T6/><D68/><U78/><E69/><V71/><F0/><W64/><G135/><T79/><D112/><U37/><E134/><V106/><F106/><W41/><G89/><T39/><D39/><U120/><E120/><V96/><F71/><W27/><G54/><T30/><D30/><U95/><E107/><V70/><F70/><W11/><G63/><T25/><D25/><U119/><E119/><V127/><F118/><W23/><REACH who="3" step="1"/><G32/><REACH who="3" ten="422,185,261,122" step="2"/><T116/><D133/><U35/><E35/><V52/><F132/><W34/><G34/><T88/><D116/><U61/><E61/><V53/><F53/><W80/><G80/><T40/><D79/><U56/><E78/><V84/><F81/><W57/><G57/><N who="0" m="33015" /><D82/><U49/><E56/><V2/><F52/><W86/><G86/><T72/><D77/><U1/><E87/><V15/><F84/><W85/><G85/><T103/><D88/><U83/><E83/><V67/><F67/><AGARI ba="2,1" hai="3,5,11,18,22,23,26,27,29,38,41,44,64,67" machi="67" ten="40,2600,0" yaku="1,1,52,1,53,0" doraHai="7" doraHaiUra="131" who="3" fromWho="2" sc="422,0,185,0,261,-32,122,42" /><INIT seed="6,0,0,2,1,115" ten="422,185,229,164" oya="2" hai0="94,22,24,16,111,10,90,49,85,101,93,72,3" hai1="63,103,35,18,89,23,57,66,81,102,48,107,14" hai2="87,77,36,131,29,43,135,21,112,116,42,6,91" hai3="52,44,31,45,74,40,67,130,84,78,58,71,50"/><V28/><F112/><W120/><G74/><T128/><D72/><U122/><E122/><V56/><F116/><W17/><G120/><T113/><D111/><U11/><E35/><V75/><F6/><W51/><G130/><T53/><D128/><U20/><E107/><V15/><F36/><N who="3" m="21511" /><G17/><T60/><D60/><U129/><E129/><V0/><F0/><W126/><G31/><T124/><D124/><U41/><E41/><V82/><F131/><W5/><G5/><T97/><D113/><U1/><E48/><V95/><F135/><W104/><G84/><T109/><D109/><U83/><E1/><V32/><F29/><W9/><G9/><T127/><D127/><U100/><E89/><V2/><F2/><W76/><G104/><T108/><D108/><U39/><E39/><V92/><F92/><W33/><G33/><T37/><D37/><U26/><REACH who="1" step="1"/><E20/><REACH who="1" ten="422,175,229,164" step="2"/><V86/><F32/><W38/><G126/><T19/><D3/><U65/><E65/><V12/><F43/><N who="3" m="22775" /><G50/><T54/><D49/><U13/><E13/><AGARI ba="0,1" hai="10,13,16,19,22,24,53,54,85,90,93,94,97,101" machi="13" ten="40,2600,0" yaku="8,1,54,1" doraHai="115" who="0" fromWho="1" sc="422,36,175,-26,229,0,164,0" /><INIT seed="7,0,0,4,2,88" ten="458,149,229,164" oya="3" hai0="2,68,42,113,61,132,0,8,109,70,106,73,44" hai1="97,35,67,36,124,6,120,62,53,55,14,115,119" hai2="50,128,133,98,45,56,31,108,46,95,41,3,29" hai3="64,104,107,85,37,34,24,86,101,126,13,4,71"/><W93/><G37/><N who="0" m="21583" /><D109/><U39/><E35/><V134/><F3/><W19/><G4/><T111/><D113/><U72/><E72/><V77/><F108/><W52/><G126/><T58/><D58/><U26/><E26/><V131/><F77/><W127/><G127/><T130/><D130/><N who="2" m="49706" /><F56/><W117/><G117/><T33/><D132/><N who="2" m="50794" /><F46/><W105/><G64/><T84/><D84/><U51/><E124/><V91/><AGARI ba="0,0" hai="29,31,41,45,50,91,95,98" m="50794,49706" machi="91" ten="30,4000,0" yaku="19,1,20,1,52,1" doraHai="88" who="2" fromWho="2" sc="458,-10,149,-10,229,40,164,-20" owari="448,55.0,139,-36.0,269,7.0,144,-26.0" /></mjloggm>