<mjloggm ver="2.3"><GO type="169" lobby="0"/><UN n0="%E6%B9%98%E5%8C%97%E2%91%AD%E4%B8%89%E4%BA%95%E5%AF%BF" n1="%E4%BD%8E%E3%82%81%E3%82%B9%E3%83%A9%E3%82%A4%E3%83%80%E3%83%BC" n2="%E5%AE%89%E9%81%94%E3%81%95%E3%81%8F%E3%82%89" n3="%E3%81%8B%E3%81%B6%E8%8C%B6" dan="17,16,17,16" rate="2149.82,2133.81,2188.72,2166.74" sx="M,F,M,M"/><TAIKYOKU oya="0"/><INIT seed="0,0,0,3,5,61" ten="250,250,250,250" oya="0" hai0="114,75,87,48,26,68,109,103,100,107,58,111,88" hai1="43,121,135,51,105,14,11,69,53,36,134,122,92" hai2="102,17,124,32,126,60,110,98,19,79,39,90,10" hai3="112,4,50,37,96,56,52,28,59,30,47,9,74"/><T82/><D68/><U18/><E105/><V15/><F110/><N who="0" m="41994" /><D114/><U104/><E104/><V38/><F32/><W45/><G112/><T33/><D107/><U86/><E69/><V101/><F79/><W62/><G74/><T95/><D75/><U72/><E72/><V29/><F29/><W34/><G96/><T77/><D48/><U24/><E24/><V89/><F60/><W66/><G37/><T71/><D71/><U70/><E70/><V132/><F98/><W84/><G84/><N who="0" m="52615" /><D58/><U81/><E36/><V1/><F39/><W119/><G119/><T120/><D120/><U0/><E122/><V55/><F38/><W129/><G59/><T23/><D33/><U130/><E121/><V46/><F46/><W76/><G47/><T7/><D7/><U65/><E51/><V131/><F126/><W128/><G34/><T54/><D54/><U8/><E53/><V97/><F55/><W22/><G45/><T85/><D87/><U31/><E43/><V83/><F124/><W94/><G50/><T123/><D123/><U73/><E73/><V40/><F97/><W78/><G52/><T116/><D116/><U3/><E86/><V20/><F40/><W64/><G56/><T16/><AGARI ba="0,0" hai="16,23,26,77,82,85,100,103" m="52615,41994" machi="16" ten="30,11700,0" yaku="14,1,10,1,54,2" doraHai="61" who="0" fromWho="0" sc="250,117,250,-39,250,-39,250,-39" /><INIT seed="0,1,0,2,0,59" ten="367,211,211,211" oya="0" hai0="1,56,66,8,121,40,45,74,51,62,18,100,47" hai1="73,69,34,102,20,21,77,38,71,54,36,39,127" hai2="70,46,22,119,122,116,113,130,84,115,13,44,83" hai3="79,53,107,2,106,6,7,97,110,112,80,30,117"/><T23/><D74/><U132/><E34/><V124/><F13/><W109/><G112/><N who="2" m="43081" /><F22/><W92/><G117/><N who="2" m="45129" /><F84/><N who="3" m="48159" /><G30/><T118/><D121/><U95/><E132/><V108/><F83/><W64/><G64/><T57/><D118/><U17/><E127/><V88/><F88/><N who="3" m="55431" /><G53/><T48/><D100/><U31/><E102/><V135/><F124/><W87/><G87/><T104/><D104/><N who="3" m="39977" /><G2/><T24/><D1/><U76/><E73/><V35/><F35/><W42/><G42/><T32/><D32/><U9/><E9/><V15/><F15/><W43/><G43/><N who="0" m="24639" /><D56/><U114/><E114/><V3/><F3/><W81/><G81/><T65/><D65/><U90/><E31/><V86/><F86/><W93/><G93/><T27/><D8/><U75/><E75/><V37/><F135/><W4/><G4/><T33/><D33/><U126/><E126/><V111/><F70/><W128/><G6/><T68/><D68/><U89/><E71/><V61/><F37/><W67/><G7/><T12/><AGARI ba="1,0" hai="12,18,23,24,27,40,47,51,57,62,66" m="24639" machi="12" ten="30,3000,0" yaku="8,1,52,1" doraHai="59" who="0" fromWho="0" sc="367,33,211,-11,211,-11,211,-11" /><INIT seed="0,2,0,2,5,128" ten="400,200,200,200" oya="0" hai0="0,58,65,60,73,8,70,30,14,43,40,4,35" hai1="83,132,28,41,61,84,97,96,47,92,86,116,124" hai2="117,131,108,50,103,32,112,72,26,25,120,22,27" hai3="88,3,56,99,44,113,10,16,38,101,95,104,107"/><T33/><D73/><U111/><E116/><V74/><F120/><W1/><G113/><T89/><D70/><U49/><E111/><V127/><F112/><W13/><G107/><T51/><D35/><U5/><E124/><V29/><F127/><W129/><G129/><T126/><D126/><U7/><E132/><V94/><F131/><W37/><G56/><T39/><D39/><U57/><E28/><V123/><F123/><W98/><REACH who="3" step="1"/><G44/><REACH who="3" ten="400,200,200,190" step="2"/><T78/><D58/><U82/><E57/><V42/><F108/><W55/><G55/><T54/><D54/><U81/><E61/><V134/><F117/><W76/><G76/><T75/><D78/><U46/><E46/><V77/><F77/><W125/><G125/><T114/><D60/><U64/><E64/><V67/><F67/><W24/><G24/><T80/><D65/><U23/><E47/><V15/><F27/><W105/><G105/><T85/><D114/><U79/><E79/><V6/><F26/><W133/><G133/><T12/><D43/><U18/><E41/><V34/><F25/><W135/><G135/><T93/><D40/><U52/><E52/><V71/><F134/><W109/><G109/><T20/><D30/><U59/><E59/><V2/><F29/><W53/><G53/><T19/><D33/><U21/><E49/><V63/><F34/><W90/><G90/><N who="0" m="51495" /><D75/><U9/><E7/><V17/><F32/><W66/><G66/><T100/><D51/><U62/><E62/><V48/><F48/><W121/><G121/><T36/><D36/><AGARI ba="2,1" hai="1,3,10,13,16,36,37,38,88,95,98,99,101,104" machi="36" ten="40,8000,1" yaku="1,1,54,2,53,1" doraHai="128" doraHaiUra="87" who="3" fromWho="0" sc="400,-86,200,0,200,0,190,96" /><INIT seed="1,0,0,0,4,73" ten="314,200,200,286" oya="1" hai0="28,112,117,6,30,113,105,128,121,76,116,54,62" hai1="109,46,93,27,78,41,52,23,75,66,53,120,68" hai2="48,2,29,57,26,85,130,19,82,124,119,39,118" hai3="80,24,18,95,129,37,20,38,45,25,100,88,103"/><U8/><E120/><V70/><F39/><W84/><G129/><T114/><D105/><U106/><E106/><V60/><F130/><W107/><G107/><T1/><D128/><U13/><E109/><V122/><F122/><W127/><G127/><T58/><D121/><U40/><E68/><V132/><F124/><W87/><G37/><T7/><D76/><U9/><E66/><V17/><F2/><W44/><G25/><T5/><REACH who="0" step="1"/><D1/><REACH who="0" ten="304,200,200,286" step="2"/><U126/><E126/><V4/><F119/><AGARI ba="0,1" hai="5,6,7,28,30,54,58,62,112,113,114,116,117,119" machi="119" ten="50,3200,0" yaku="1,1,2,1,53,0" doraHai="73" doraHaiUra="47" who="0" fromWho="2" sc="304,42,200,0,200,-32,286,0" /><INIT seed="2,0,0,3,0,98" ten="346,200,168,286" oya="2" hai0="82,46,69,85,35,106,19,54,95,123,67,112,105" hai1="70,87,133,93,104,125,88,78,116,128,34,117,60" hai2="110,27,90,1,66,115,71,14,44,81,29,126,16" hai3="63,17,31,121,80,74,79,26,83,124,99,55,38"/><V84/><F115/><W39/><G121/><T28/><D112/><U94/><E34/><V92/><F126/><W102/><G17/><T5/><D5/><U0/><E0/><V42/><F1/><W101/><G124/><T118/><D123/><U15/><E125/><V135/><F135/><W103/><G99/><T24/><D118/><U131/><E104/><V32/><F110/><W30/><G83/><T120/><D120/><U96/><E15/><V73/><F66/><W18/><G18/><T37/><D19/><U22/><E22/><V33/><F71/><W89/><G89/><T119/><D119/><U56/><E70/><V72/><F33/><W50/><G63/><T23/><D35/><U59/><E133/><V3/><F3/><W49/><G49/><T7/><D7/><U91/><E78/><V61/><F61/><W77/><G77/><T25/><D25/><U53/><REACH who="1" step="1"/><E59/><REACH who="1" ten="346,190,168,286" step="2"/><V114/><F114/><W2/><G2/><T132/><D132/><U129/><AGARI ba="0,1" hai="53,56,60,87,88,91,93,94,96,116,117,128,129,131" machi="129" ten="30,8000,1" yaku="1,1,2,1,0,1,19,1,54,1,53,0" doraHai="98" doraHaiUra="9" who="1" fromWho="1" sc="346,-20,190,90,168,-40,286,-20" /><INIT seed="3,0,0,5,2,21" ten="326,280,128,266" oya="3" hai0="62,69,71,126,119,108,15,109,88,46,127,133,13" hai1="41,16,56,5,77,11,39,63,112,100,60,48,123" hai2="51,18,129,17,14,90,72,68,3,83,85,78,120" hai3="9,93,66,70,29,38,4,44,97,58,35,122,42"/><W131/><G122/><T94/><D119/><U102/><E112/><V87/><F120/><W30/><G131/><T74/><D74/><U53/><E123/><V114/><F114/><W1/><G70/><N who="0" m="26635" /><D62/><U47/><E77/><V61/><F129/><W54/><G66/><T124/><D46/><U10/><E63/><V89/><F3/><W106/><G106/><T59/><D59/><U33/><E33/><V65/><F51/><W45/><G45/><T82/><D82/><U110/><E110/><N who="0" m="42601" /><D133/><U57/><E57/><V23/><F72/><W118/><G118/><T95/><D95/><U80/><E80/><V75/><F75/><W111/><G111/><T73/><D73/><U96/><E39/><V12/><REACH who="2" step="1"/><F85/><AGARI ba="0,0" hai="13,15,85,88,94,124,126,127" m="42601,26635" machi="85" ten="40,5200,0" yaku="18,1,14,1,54,1" doraHai="21" who="0" fromWho="2" sc="326,52,280,0,128,-52,266,0" /><INIT seed="4,0,0,2,4,88" ten="378,280,76,266" oya="0" hai0="110,104,8,99,82,117,61,135,96,102,59,1,58" hai1="18,87,35,55,54,32,80,98,38,65,22,78,17" hai2="83,128,69,40,26,109,11,116,84,29,75,67,77" hai3="76,15,132,45,133,73,46,111,71,43,134,92,113"/><T44/><D117/><U70/><E38/><V103/><F109/><W85/><G111/><T72/><D135/><U123/><E123/><V9/><F116/><W126/><G71/><T7/><D110/><U23/><E70/><V4/><F128/><W108/><G108/><T130/><D130/><U52/><E65/><V33/><F40/><W131/><G131/><T66/><D96/><U56/><E56/><V129/><F129/><W19/><G73/><T41/><D61/><U93/><E35/><V34/><F34/><W124/><G113/><T64/><D66/><U86/><E32/><V112/><F112/><W37/><G45/><T106/><D104/><U107/><E87/><V114/><F114/><W51/><G37/><N who="0" m="21551" /><D64/><U57/><E57/><V100/><F11/><N who="3" m="6655" /><G76/><AGARI ba="0,0" hai="1,7,8,58,59,72,76,82,99,102,106" m="21551" machi="76" ten="30,1500,0" yaku="25,1" doraHai="88" who="0" fromWho="3" sc="378,15,280,0,76,0,266,-15" /><INIT seed="4,1,0,2,4,0" ten="393,280,76,251" oya="0" hai0="14,53,93,127,124,91,135,129,32,51,101,63,65" hai1="76,44,5,10,33,36,62,83,92,57,106,9,110" hai2="46,15,6,107,34,38,119,1,42,105,77,22,40" hai3="116,103,72,80,2,97,102,109,66,84,52,130,67"/><T56/><D32/><U96/><E110/><V35/><F119/><W121/><G109/><T55/><D101/><U58/><E33/><V86/><F42/><W37/><G116/><T17/><D135/><U133/><E106/><V24/><F1/><W117/><G117/><T78/><D78/><U89/><E10/><V60/><F60/><W125/><G72/><T43/><D129/><U114/><E114/><V118/><F118/><W64/><G37/><T99/><D43/><U126/><E126/><V104/><F77/><W134/><G134/><T82/><D82/><U98/><E98/><V74/><F74/><W68/><G68/><T18/><D55/><U94/><E94/><V79/><F79/><W28/><G28/><T69/><REACH who="0" step="1"/><D18/><REACH who="0" ten="383,280,76,251" step="2"/><U48/><E133/><V95/><F35/><W75/><G52/><T12/><D12/><N who="1" m="5167" /><E36/><V54/><F34/><W59/><G130/><T29/><D29/><U27/><E83/><V88/><F54/><W41/><G80/><T123/><D123/><U31/><E76/><V61/><F61/><W30/><G75/><T50/><D50/><U8/><E62/><V120/><F120/><W85/><G121/><T49/><D49/><U131/><E131/><V73/><F73/><W115/><G30/><T19/><D19/><U3/><E48/><V112/><F112/><W4/><G41/><T113/><D113/><U26/><E31/><N who="2" m="17815" /><F15/><W39/><G115/><T21/><AGARI ba="1,1" hai="14,17,21,51,53,56,63,65,69,91,93,99,124,127" machi="21" ten="30,3000,0" yaku="1,1,0,1,53,0" doraHai="0" doraHaiUra="111" who="0" fromWho="0" sc="383,43,280,-11,76,-11,251,-11" /><INIT seed="4,2,0,1,5,12" ten="426,269,65,240" oya="0" hai0="122,55,92,100,124,66,110,135,120,70,134,40,24" hai1="75,125,119,130,90,118,10,133,91,62,38,112,35" hai2="68,113,74,51,0,27,73,7,8,128,80,2,81" hai3="123,67,78,61,116,39,48,56,115,59,64,15,84"/><T105/><D105/><U111/><RYUUKYOKU type="yao9" ba="2,0" sc="426,0,269,0,65,0,240,0" hai1="10,35,38,62,75,90,91,111,112,118,119,125,130,133" /><INIT seed="4,3,0,1,5,94" ten="426,269,65,240" oya="0" hai0="122,4,19,133,118,114,31,103,99,38,8,14,84" hai1="51,63,90,37,83,48,27,56,57,32,45,1,102" hai2="81,125,79,77,132,69,40,127,25,112,104,126,70" hai3="7,65,68,42,105,15,39,100,75,9,44,22,2"/><T115/><D38/><U49/><E1/><V92/><F104/><W131/><G131/><T82/><D31/><U108/><E108/><V96/><F112/><N who="0" m="43050" /><D133/><U54/><E32/><V89/><F132/><W93/><G93/><N who="0" m="58863" /><D122/><U67/><E102/><V109/><F109/><W120/><G22/><T106/><D106/><U61/><E27/><V3/><F3/><W18/><G18/><T128/><D128/><U134/><E134/><V117/><F117/><W12/><G75/><T50/><D50/><N who="1" m="30807" /><E90/><V10/><F10/><W91/><G91/><N who="0" m="51607" /><D118/><U46/><E83/><V5/><F5/><AGARI ba="3,0" hai="4,5,8,14,19" m="51607,58863,43050" machi="5" ten="30,2900,0" yaku="15,1,52,1" doraHai="94" who="0" fromWho="2" sc="426,38,269,0,65,-38,240,0" /><INIT seed="4,4,0,3,3,77" ten="464,269,27,240" oya="0" hai0="113,127,27,131,61,19,67,124,20,104,114,105,92" hai1="85,53,14,82,95,129,2,59,9,3,87,52,45" hai2="73,123,1,117,32,47,111,64,76,11,101,69,28" hai3="15,90,97,74,58,128,106,135,56,99,118,30,98"/><T43/><D43/><U50/><E129/><V34/><F123/><W31/><G118/><T71/><D92/><U60/><E87/><V126/><F111/><W63/><G128/><T55/><D55/><U112/><E95/><V96/><F117/><W23/><G106/><N who="0" m="41067" /><D131/><U86/><E86/><V100/><F126/><AGARI ba="4,0" hai="19,20,27,61,67,71,113,114,124,126,127" m="41067" machi="126" ten="30,1500,0" yaku="18,1" doraHai="77" who="0" fromWho="2" sc="464,27,269,0,27,-27,240,0" /><INIT seed="4,5,0,4,1,56" ten="491,269,0,240" oya="0" hai0="48,27,4,1,3,133,57,7,21,64,25,124,112" hai1="41,135,117,42,9,49,51,29,15,6,100,90,31" hai2="102,123,17,46,82,0,110,62,28,134,91,83,55" hai3="60,74,77,116,52,39,106,40,33,127,54,126,20"/><T121/><D48/><N who="1" m="18507" /><E135/><V93/><F123/><W89/><G116/><T85/><D85/><U18/><E117/><V101/><F110/><W23/><G33/><T79/><D79/><U44/><E100/><N who="2" m="38507" /><F134/><W14/><G106/><T105/><D105/><U63/><E44/><V67/><F0/><W103/><G103/><T118/><D57/><U68/><E68/><V36/><F28/><N who="1" m="10825" /><E6/><V35/><F35/><W61/><G89/><T122/><D64/><U92/><E63/><N who="3" m="24138" /><G39/><T59/><D59/><U78/><E78/><V66/><F36/><W69/><G40/><T111/><D118/><U72/><E72/><V104/><F104/><W75/><G69/><T45/><D45/><U73/><E73/><N who="3" m="27658" /><G77/><T8/><D133/><U11/><E11/><V109/><F109/><W26/><G26/><T65/><D8/><U128/><E128/><V13/><F46/><W71/><G71/><T53/><D111/><U99/><AGARI ba="5,0" hai="9,15,18,41,42,90,92,99" m="10825,18507" machi="99" ten="30,1100,0" yaku="8,1" doraHai="56" who="1" fromWho="1" sc="491,-10,269,26,0,-8,240,-8" owari="481,58.0,295,10.0,-8,-51.0,232,-17.0" /></mjloggm>