<mjloggm ver="2.3"><GO type="169" lobby="0"/><UN n0="%E4%BB%8A%E6%97%A5%E4%B8%80" n1="%E4%BE%8D" n2="%64%75%72%72%72%72%72" n3="%E6%B0%B4%E6%B5%B7%E6%99%BA%E5%85%89" dan="16,18,18,16" rate="2067.69,2234.94,2250.65,2078.82" sx="F,M,M,M"/><TAIKYOKU oya="0"/><INIT seed="0,0,0,5,3,83" ten="250,250,250,250" oya="0" hai0="69,78,66,79,119,121,43,130,31,29,75,68,72" hai1="52,53,10,122,54,89,80,106,134,135,67,16,56" hai2="116,65,81,4,126,58,27,94,118,47,20,50,23" hai3="76,21,90,73,26,19,25,48,91,57,59,110,49"/><T70/><D121/><U115/><E106/><V109/><F109/><W18/><G110/><T71/><D43/><U132/><E122/><V123/><F123/><W33/><G73/><T82/><D130/><U0/><E115/><V45/><F126/><W51/><G76/><T8/><D8/><U41/><E41/><V93/><F4/><W63/><G33/><T92/><D92/><U62/><E0/><V128/><F81/><W85/><G63/><T39/><D39/><U95/><E80/><V42/><F128/><W84/><G51/><T111/><D82/><U32/><E32/><V17/><F47/><W30/><G21/><T14/><D111/><U97/><E10/><V131/><F20/><W117/><G30/><T44/><D44/><U37/><REACH who="1" step="1"/><E16/><REACH who="1" ten="250,240,250,250" step="2"/><N who="2" m="12775" /><F131/><W55/><G117/><N who="2" m="45161" /><F17/><W35/><G35/><T105/><D119/><U86/><E86/><V40/><F40/><W107/><G107/><T13/><D105/><U61/><E61/><AGARI ba="0,1" hai="42,45,50,58,61,65,93,94" m="45161,12775" machi="61" ten="30,2000,0" yaku="12,1,54,1" doraHai="83" who="2" fromWho="1" sc="250,0,240,-20,250,30,250,0" /><INIT seed="1,0,0,2,2,118" ten="250,220,280,250" oya="1" hai0="69,19,46,8,83,85,78,89,49,121,98,43,111" hai1="17,84,129,110,57,123,112,95,94,130,25,105,135" hai2="20,73,2,74,31,92,76,35,133,70,18,10,113" hai3="56,67,60,3,50,102,59,13,1,54,41,77,7"/><U100/><E112/><V116/><F70/><W115/><G115/><T44/><D69/><U47/><E135/><V61/><F113/><W90/><G102/><T23/><D111/><U131/><E110/><V86/><F116/><W117/><G117/><T65/><D65/><U30/><E17/><V52/><F133/><W58/><G77/><T87/><D121/><U22/><E123/><V81/><F35/><W104/><G104/><T33/><D33/><U99/><E57/><V127/><F127/><W36/><G36/><T62/><D62/><U82/><REACH who="1" step="1"/><E47/><REACH who="1" ten="250,210,280,250" step="2"/><V32/><F18/><W109/><G58/><T29/><D46/><U80/><E80/><V39/><F81/><W48/><G109/><T63/><D19/><U66/><E66/><V128/><F31/><W15/><G59/><T79/><D29/><U119/><E119/><V42/><F61/><W93/><G67/><T6/><D83/><U97/><E97/><V0/><F128/><W91/><G60/><T124/><D98/><U88/><AGARI ba="0,1" hai="22,25,30,82,84,88,94,95,99,100,105,129,130,131" machi="88" ten="30,12000,1" yaku="1,1,0,1,19,1,54,1,53,1" doraHai="118" doraHaiUra="96" who="1" fromWho="1" sc="250,-40,210,130,280,-40,250,-40" /><INIT seed="1,1,0,1,2,107" ten="210,340,240,210" oya="1" hai0="17,103,108,18,11,125,71,97,105,86,106,5,36" hai1="115,38,33,31,12,116,25,76,61,22,45,101,53" hai2="70,24,126,9,109,100,87,96,20,51,134,54,65" hai3="122,124,4,98,135,16,79,8,48,81,85,120,41"/><U77/><E115/><V27/><F109/><W88/><G124/><T73/><D71/><U35/><E116/><V129/><F129/><W42/><G135/><T58/><D108/><U49/><E38/><V72/><F72/><W99/><G120/><T28/><D28/><U15/><E101/><V57/><F134/><W117/><G122/><T119/><D36/><U43/><E35/><V21/><F126/><W37/><G37/><T74/><D119/><U102/><E102/><V112/><F112/><W78/><G117/><T47/><D47/><U55/><E33/><V40/><F40/><N who="3" m="15467" /><G48/><T30/><D30/><U62/><E61/><V26/><F9/><W13/><G4/><T0/><D106/><U60/><E62/><V95/><F70/><W46/><G46/><T110/><D17/><U80/><E76/><AGARI ba="1,0" hai="8,13,16,76,78,79,81,85,88,98,99" m="15467" machi="76" ten="30,3900,0" yaku="8,1,54,2" doraHai="107" who="3" fromWho="1" sc="210,0,340,-42,240,0,210,42" /><INIT seed="2,0,0,0,2,54" ten="210,298,240,252" oya="2" hai0="53,16,110,101,26,108,45,64,39,128,75,29,35" hai1="73,107,5,72,99,56,111,18,0,55,123,11,33" hai2="92,34,59,112,17,47,126,78,36,80,66,89,50" hai3="61,52,116,76,42,63,135,131,120,7,22,69,8"/><V62/><F34/><W119/><G120/><T109/><D128/><U127/><E111/><V79/><F112/><W12/><G42/><T71/><D75/><U49/><E127/><V46/><F126/><W102/><G76/><T10/><D101/><U28/><E123/><V87/><F36/><W106/><G69/><T21/><D10/><U130/><E130/><V129/><F129/><W65/><G65/><T2/><D2/><U13/><E107/><V40/><F47/><W30/><G131/><T134/><D134/><U94/><E28/><V86/><F17/><W4/><G4/><T57/><D71/><U90/><REACH who="1" step="1"/><E33/><REACH who="1" ten="210,288,240,252" step="2"/><V121/><F121/><W122/><G122/><T24/><D64/><U95/><E95/><V82/><F78/><W91/><G106/><T14/><D39/><U133/><E133/><V48/><F50/><W15/><G135/><T118/><D118/><U84/><E84/><V124/><F124/><W98/><G116/><T23/><D45/><U100/><E100/><V51/><F48/><W38/><G30/><T9/><REACH who="0" step="1"/><D26/><REACH who="0" ten="200,288,240,252" step="2"/><U74/><E74/><V41/><F92/><W132/><G119/><T93/><D93/><U32/><E32/><V6/><F6/><W31/><G132/><T96/><D96/><U105/><E105/><V125/><F125/><W44/><G38/><T58/><D58/><U60/><E60/><AGARI ba="0,2" hai="9,14,16,21,23,24,29,35,53,57,60,108,109,110" machi="60" ten="40,8000,1" yaku="1,1,14,1,52,1,54,1,53,0" doraHai="54" doraHaiUra="68" who="0" fromWho="1" sc="200,100,288,-80,240,0,252,0" /><INIT seed="3,0,0,3,2,19" ten="300,208,240,252" oya="3" hai0="78,104,12,120,116,54,64,10,37,39,109,135,92" hai1="115,86,95,114,108,112,8,122,77,130,23,20,0" hai2="29,21,25,100,81,97,27,118,49,26,96,50,119" hai3="45,61,133,84,98,38,72,103,63,24,121,101,28"/><W59/><G72/><T43/><D104/><U52/><E122/><V7/><F7/><W41/><G121/><T16/><D116/><U132/><E108/><V131/><F131/><W91/><G133/><T18/><D120/><U88/><E130/><V6/><F6/><W93/><G59/><T42/><D64/><U55/><E132/><V126/><F126/><W129/><G129/><T3/><D3/><U83/><E0/><V68/><F68/><W82/><REACH who="3" step="1"/><G103/><REACH who="3" ten="300,208,240,242" step="2"/><T34/><D135/><U127/><E127/><V31/><F118/><W32/><AGARI ba="0,1" hai="24,28,32,38,41,45,61,63,82,84,91,93,98,101" machi="32" ten="20,7800,0" yaku="1,1,2,1,0,1,7,1,53,0" doraHai="19" doraHaiUra="48" who="3" fromWho="3" sc="300,-26,208,-26,240,-26,242,88" /><INIT seed="3,1,0,3,4,48" ten="274,182,214,330" oya="3" hai0="122,12,114,119,45,20,65,81,132,134,50,9,135" hai1="83,72,4,6,107,92,58,23,57,0,64,103,55" hai2="108,67,18,93,130,125,63,8,38,79,102,74,11" hai3="69,77,106,80,35,73,27,54,75,43,13,104,76"/><W56/><G69/><T123/><D119/><U30/><E107/><V121/><F38/><W62/><G43/><T28/><D114/><U127/><E127/><V118/><F118/><W24/><G24/><N who="0" m="16391" /><D81/><U120/><E120/><V42/><F121/><W78/><G13/><T5/><D65/><U51/><E83/><V101/><F108/><W96/><G75/><T110/><D110/><U99/><E72/><V128/><F42/><AGARI ba="1,0" hai="5,9,12,42,45,50,122,123,132,134,135" m="16391" machi="42" ten="30,1000,0" yaku="20,1" doraHai="48" who="0" fromWho="2" sc="274,13,182,0,214,-13,330,0" /><INIT seed="4,0,0,0,5,52" ten="287,182,201,330" oya="0" hai0="17,104,133,114,32,125,127,44,35,49,120,39,87" hai1="8,111,63,79,38,81,76,36,82,70,13,20,67" hai2="24,107,122,53,29,106,31,97,1,112,102,19,118" hai3="84,71,91,51,89,50,121,65,105,108,72,57,22"/><T5/><D120/><U99/><E111/><V86/><F122/><W42/><G72/><T9/><D104/><U25/><E99/><V124/><F1/><W131/><G121/><T23/><D39/><U21/><E21/><V74/><F74/><W90/><G105/><T83/><D114/><U3/><E81/><V6/><F6/><W15/><G108/><T123/><D133/><U48/><E3/><V64/><F107/><W7/><G71/><T128/><D128/><U113/><E79/><V69/><F112/><W132/><G132/><T135/><D135/><U88/><E113/><V134/><F134/><W100/><G100/><T117/><D117/><U93/><E48/><N who="3" m="18474" /><G42/><T59/><D123/><U41/><E41/><V11/><F53/><W10/><G22/><T62/><D49/><U61/><E61/><V80/><F124/><W115/><G131/><T0/><D44/><U109/><E109/><V66/><F118/><W78/><G78/><T110/><D110/><U46/><E46/><V119/><F119/><W37/><G37/><T68/><D68/><U40/><E40/><V58/><F69/><W94/><G115/><T56/><D35/><U28/><E76/><N who="2" m="46343" /><F66/><W95/><G95/><T96/><D32/><U55/><E82/><V98/><F102/><W26/><G26/><N who="0" m="14703" /><D125/><U14/><E55/><V54/><F64/><W101/><G101/><T33/><D33/><U47/><E47/><V116/><F106/><W16/><G7/><N who="0" m="1255" /><D127/><U92/><E38/><V77/><F77/><W103/><G103/><T60/><D5/><N who="1" m="3215" /><E36/><V129/><F129/><W45/><G45/><RYUUKYOKU ba="0,0" sc="287,-10,182,-10,201,-10,330,30" hai3="10,15,16,57,65,84,89,90,91,94" /><INIT seed="5,1,0,0,3,46" ten="277,172,191,360" oya="1" hai0="26,133,44,75,70,135,76,39,59,66,107,95,21" hai1="73,56,82,13,85,111,112,23,37,41,11,125,132" hai2="29,35,103,57,72,45,94,98,0,119,131,109,60" hai3="104,122,52,40,6,24,48,63,67,14,22,118,108"/><U50/><E112/><V92/><F109/><W102/><G108/><T51/><D107/><U65/><E111/><V78/><F0/><W28/><G122/><T116/><D116/><U32/><E32/><V20/><F119/><W120/><G120/><T62/><D76/><U69/><E132/><N who="0" m="50761" /><D75/><U126/><E73/><V110/><F35/><W38/><G102/><T17/><D95/><U42/><E23/><V97/><F110/><W74/><G74/><T113/><D113/><U84/><E69/><V12/><F131/><W100/><G100/><T105/><D105/><U9/><E37/><V128/><F128/><W68/><G104/><T3/><D3/><U80/><E65/><N who="2" m="39055" /><F45/><N who="3" m="23703" /><G14/><T4/><D4/><U134/><E134/><V58/><F58/><N who="3" m="33031" /><G118/><T43/><D70/><U127/><E56/><V101/><F72/><W27/><G27/><T124/><D124/><U47/><E42/><V83/><F12/><W18/><G6/><T33/><D39/><U25/><E25/><N who="2" m="16551" /><F83/><N who="1" m="31785" /><E9/><V114/><F114/><W86/><G86/><T96/><D33/><U1/><E1/><V64/><F64/><W90/><G90/><T49/><D26/><U10/><E10/><V89/><F89/><W31/><AGARI ba="1,0" hai="18,22,24,28,31,63,67,68" m="33031,23703" machi="31" ten="30,4000,0" yaku="24,1,52,1,54,1" doraHai="46" who="3" fromWho="3" sc="277,-11,172,-21,191,-11,360,43" /><INIT seed="6,0,0,4,2,50" ten="266,151,180,403" oya="2" hai0="99,6,64,105,129,32,75,10,51,65,13,128,7" hai1="103,89,42,126,111,67,101,133,9,66,86,98,109" hai2="104,97,124,83,72,18,93,116,23,80,79,40,44" hai3="59,17,49,110,11,85,127,77,76,22,2,112,1"/><V0/><F0/><W56/><G110/><T35/><D75/><U37/><E133/><V115/><F116/><W84/><G11/><T21/><D105/><U134/><E134/><V88/><F104/><W68/><G68/><T27/><D99/><U31/><E126/><V16/><F124/><W26/><G127/><T132/><D132/><U58/><E37/><V92/><F115/><W122/><G122/><T70/><D7/><U107/><E103/><V71/><F71/><W38/><G38/><T19/><D64/><U117/><E117/><V36/><F83/><W39/><G39/><T29/><D51/><U15/><E31/><V14/><F18/><W54/><G112/><T90/><D90/><U119/><E42/><V8/><REACH who="2" step="1"/><F93/><REACH who="2" ten="266,151,170,403" step="2"/><W82/><G2/><T96/><D19/><U120/><E119/><V61/><F61/><W46/><G1/><T47/><D70/><U113/><E113/><V106/><F106/><W28/><G17/><T12/><D6/><N who="1" m="3511" /><E120/><V131/><F131/><W3/><G3/><T60/><D60/><U43/><E111/><V63/><F63/><W33/><G82/><T91/><D128/><U55/><E109/><V81/><F81/><W108/><G108/><T130/><D130/><U95/><E107/><V78/><F78/><W123/><G123/><T125/><D125/><U41/><E67/><V121/><F121/><W30/><G77/><T34/><D65/><U4/><E66/><V118/><F118/><W48/><G76/><T53/><D129/><U24/><E4/><V62/><F62/><W94/><G94/><N who="0" m="56415" /><D10/><AGARI ba="0,1" hai="8,10,14,16,23,36,40,44,72,79,80,88,92,97" machi="10" ten="40,7700,0" yaku="1,1,54,2,53,0" doraHai="50" doraHaiUra="20" who="2" fromWho="0" sc="266,-77,151,0,170,87,403,0" /><INIT seed="6,1,0,0,5,11" ten="189,151,257,403" oya="2" hai0="4,1,95,114,69,23,78,65,84,100,82,75,66" hai1="115,2,26,96,122,102,5,15,46,10,93,48,6" hai2="25,108,44,67,73,133,81,121,21,124,68,33,40" hai3="3,112,70,85,51,74,118,53,129,120,28,99,104"/><V24/><F121/><W80/><G118/><T41/><D114/><U32/><E115/><V9/><F133/><W117/><G117/><T131/><D131/><U97/><E122/><V22/><F33/><W103/><G112/><T47/><D69/><U8/><E32/><V123/><F124/><W12/><G70/><T128/><D128/><U63/><E26/><V125/><F108/><W119/><G119/><T52/><D23/><U111/><E111/><V27/><F123/><W16/><G129/><T39/><D52/><U54/><E63/><V91/><F125/><W59/><G28/><T37/><D37/><U90/><REACH who="1" step="1"/><E102/><REACH who="1" ten="189,141,257,403" step="2"/><V107/><F24/><W18/><G120/><T62/><D62/><U42/><E42/><V61/><F25/><W89/><G3/><T7/><D100/><U105/><E105/><V38/><F40/><W35/><G35/><T83/><D95/><U116/><E116/><V20/><F107/><W126/><G126/><T88/><REACH who="0" step="1"/><D1/><REACH who="0" ten="179,141,257,403" step="2"/><U50/><E50/><V55/><F27/><W101/><G51/><T58/><D58/><U64/><E64/><AGARI ba="1,2" hai="4,7,39,41,47,64,65,66,75,78,82,83,84,88" machi="64" ten="40,2600,0" yaku="1,1,54,1,53,0" doraHai="11" doraHaiUra="57" who="0" fromWho="1" sc="179,49,141,-29,257,0,403,0" /><INIT seed="7,0,0,5,3,97" ten="228,112,257,403" oya="3" hai0="58,110,59,38,62,114,53,0,47,113,83,119,2" hai1="52,135,8,48,21,106,4,64,99,56,18,93,29" hai2="68,11,77,45,81,74,46,14,65,19,20,117,129" hai3="124,39,108,25,131,61,60,82,109,35,50,63,72"/><W43/><G131/><T78/><D119/><U13/><E135/><V120/><F117/><W37/><G124/><T66/><D110/><N who="3" m="42601" /><G82/><T31/><D31/><U112/><E112/><N who="0" m="43113" /><D38/><U15/><E106/><V22/><F129/><W73/><G25/><T55/><D47/><U125/><E125/><V127/><F127/><W34/><G50/><N who="0" m="31031" /><D66/><U96/><E64/><V134/><F134/><W102/><G102/><T90/><D90/><U42/><E42/><V116/><F116/><W122/><G122/><T128/><D128/><U85/><E29/><V12/><F120/><W28/><G28/><T94/><D94/><U51/><E48/><V76/><F76/><W121/><G121/><T49/><D49/><U10/><E8/><V98/><F98/><W79/><G79/><T100/><D100/><U75/><E75/><AGARI ba="0,0" hai="0,2,55,59,62,75,78,83" m="31031,43113" machi="75" ten="30,2000,0" yaku="15,1,11,1" doraHai="97" who="0" fromWho="1" sc="228,20,112,-20,257,0,403,0" owari="248,-15.0,92,-41.0,257,6.0,403,50.0" /></mjloggm>