<mjloggm ver="2.3"><GO type="185" lobby="0"/><UN n0="%E5%A4%9A%E6%9E%97%E6%99%8B" n1="%63%61%6C%63%2E" n2="%41%2E%4B%39%6D%65%63" n3="" dan="16,19,18,0" rate="2214.15,2373.11,2357.51,1500.00" sx="M,M,M,C"/><TAIKYOKU oya="0"/><INIT seed="0,0,0,3,0,100" ten="350,350,350,0" oya="0" hai0="56,133,110,129,45,98,88,113,134,74,90,79,93" hai1="119,125,82,128,67,84,92,68,109,0,96,52,59" hai2="53,99,135,91,94,46,78,106,76,112,44,66,42" hai3=""/><T43/><D113/><U32/><E119/><V118/><F112/><T117/><D117/><U38/><E0/><V123/><N who="2" m="31520" /><V39/><F118/><T97/><D129/><U3/><E3/><V50/><F135/><T80/><D110/><U122/><N who="1" m="31264" /><U1/><E1/><V41/><F66/><T57/><D134/><U126/><E32/><V2/><F2/><T108/><D108/><U64/><E38/><V115/><F115/><T114/><D114/><U70/><E128/><V103/><REACH who="2" step="1"/><F42/><REACH who="2" ten="350,350,340,0" step="2"/><T104/><D133/><U63/><E67/><V55/><F55/><T40/><D43/><U47/><E109/><V75/><F75/><T58/><D104/><U69/><E64/><V62/><F62/><T111/><D111/><U35/><E35/><V33/><F33/><T121/><N who="0" m="31008" /><T61/><D61/><U49/><E63/><V120/><N who="2" m="30752" /><V85/><AGARI ba="0,1" hai="39,41,44,46,50,53,76,78,85,91,94,99,103,106" m="30752,31520" machi="85" ten="20,12000,3" yaku="1,1,4,1,0,1,7,1,52,3,53,1" doraHai="100" doraHaiUra="36" who="2" fromWho="2" sc="350,-80,350,-40,340,130,0,0" /><INIT seed="1,0,0,1,1,104" ten="270,310,470,0" oya="1" hai0="37,101,128,47,107,96,87,88,59,114,106,1,132" hai1="33,133,42,122,3,48,51,73,105,109,58,65,64" hai2="130,121,43,83,119,50,131,117,129,127,77,41,60" hai3=""/><U45/><N who="1" m="31264" /><U52/><E105/><V75/><N who="2" m="31008" /><V67/><F127/><T32/><D1/><U40/><E3/><V99/><F99/><T79/><D32/><U61/><E33/><V71/><REACH who="2" step="1"/><F50/><REACH who="2" ten="270,310,460,0" step="2"/><T86/><D96/><U126/><E126/><V85/><F85/><T113/><D86/><U76/><E133/><V62/><F62/><T103/><D87/><U80/><E109/><V125/><F125/><T110/><D132/><U38/><E38/><V108/><F108/><T120/><D110/><U46/><AGARI ba="0,1" hai="40,42,45,46,48,51,52,58,61,64,65,73,76,80" m="31264" machi="46" ten="30,8000,1" yaku="0,1,9,1,52,2,54,1" doraHai="104" who="1" fromWho="1" sc="270,-40,310,90,460,-40,0,0" /><INIT seed="1,1,0,3,4,37" ten="230,400,420,0" oya="1" hai0="45,97,79,88,72,112,52,113,63,58,65,115,76" hai1="123,92,134,86,3,70,106,124,54,121,56,74,68" hai2="32,118,101,64,96,50,111,99,36,93,69,33,34" hai3=""/><U43/><N who="1" m="31008" /><U132/><N who="1" m="31520" /><U42/><E74/><V46/><F118/><T61/><D72/><U114/><E106/><V66/><F111/><T107/><D45/><U131/><E3/><V94/><F36/><T87/><D97/><U48/><E114/><V38/><F38/><T122/><N who="0" m="31264" /><T39/><D39/><U49/><E124/><V103/><REACH who="2" step="1"/><F69/><REACH who="2" ten="230,400,410,0" step="2"/><T85/><D113/><U59/><E131/><V41/><AGARI ba="1,1" hai="32,33,34,41,46,50,64,66,93,94,96,99,101,103" machi="41" ten="30,6000,1" yaku="1,1,2,1,0,1,9,1,52,1,53,0" doraHai="37" doraHaiUra="71" who="2" fromWho="2" sc="230,-21,400,-41,410,72,0,0" /><INIT seed="2,0,0,3,1,115" ten="209,359,482,0" oya="2" hai0="90,45,114,100,103,38,63,104,40,126,82,1,117" hai1="57,125,83,112,84,93,65,105,39,46,132,91,118" hai2="44,3,121,116,35,86,61,133,75,109,70,49,47" hai3=""/><V111/><N who="2" m="31008" /><V87/><F35/><T52/><D1/><U89/><E112/><V98/><F3/><T66/><D114/><U50/><E105/><V79/><F133/><T60/><D126/><U102/><E125/><V53/><F116/><T131/><D104/><U33/><E33/><V62/><F98/><T130/><D117/><U124/><E124/><V64/><F62/><T120/><N who="0" m="30752" /><T96/><D82/><U43/><E132/><V56/><F75/><T134/><D134/><U69/><E69/><V71/><F71/><T48/><D90/><U95/><E102/><V107/><F107/><T94/><D103/><U129/><E129/><N who="0" m="49161" /><D66/><U99/><E118/><V135/><F135/><T74/><D74/><U106/><E106/><V78/><F87/><T72/><D72/><U0/><E0/><V119/><F119/><T85/><D85/><U110/><E65/><V32/><F32/><T2/><D2/><U92/><E99/><V58/><F79/><T101/><D101/><U127/><E127/><V42/><F86/><T122/><N who="0" m="31264" /><T55/><D55/><U77/><E77/><V51/><F78/><T37/><D38/><U97/><E39/><V41/><F53/><T108/><D108/><AGARI ba="0,0" hai="41,42,44,47,49,51,56,58,61,64,70,108,109,111" m="31008" machi="108" ten="40,18000,2" yaku="9,1,14,1,10,1,34,3,52,1" doraHai="115" who="2" fromWho="0" sc="209,-180,359,0,482,180,0,0" /><INIT seed="2,1,0,3,5,72" ten="29,359,662,0" oya="2" hai0="114,0,75,99,79,49,105,78,82,62,35,64,63" hai1="134,102,96,59,85,61,131,127,94,117,101,93,100" hai2="57,90,125,86,95,98,107,130,122,123,112,56,97" hai3=""/><V121/><N who="2" m="31008" /><V46/><N who="2" m="31264" /><V108/><N who="2" m="31520" /><V74/><F112/><T69/><D0/><U55/><E131/><V124/><F74/><T70/><D35/><U76/><E134/><V104/><F130/><T118/><D118/><U3/><E3/><V68/><F68/><T115/><D49/><U73/><E127/><N who="2" m="48715" /><F46/><T126/><D78/><U88/><REACH who="1" step="1"/><E117/><REACH who="1" ten="29,349,662,0" step="2"/><V34/><F34/><T77/><D126/><U53/><E53/><V60/><F108/><T44/><D75/><U43/><E43/><V65/><F57/><T33/><D33/><U45/><E45/><V67/><F67/><T54/><D44/><U41/><E41/><V89/><F98/><T37/><D99/><U128/><E128/><V109/><F109/><T36/><D64/><U113/><E113/><V83/><AGARI ba="1,1" hai="56,60,65,83,86,89,90,95,97,104,107" m="48715,31520,31264,31008" machi="83" ten="30,7800,0" yaku="18,1,52,3" doraHai="72" who="2" fromWho="2" sc="29,-40,349,-40,662,90,0,0" owari="-11,-61.0,309,-9.0,752,70.0,0,0.0" /></mjloggm>