<mjloggm ver="2.3"><GO type="169" lobby="0"/><UN n0="%E3%81%A4%E3%81%A3%E3%81%97%E3%83%BC%E3%81%BE" n1="%6B%75%72%6F%35%35%36%36" n2="%E3%82%AA%E3%82%AC%E3%83%8E%E3%83%AB%E3%83%BC%E3%83%88" n3="%E3%83%8F%E3%83%83%E3%83%88%E3%83%AA%E3%82%B9" dan="16,16,16,17" rate="2057.71,2093.53,2001.70,2165.09" sx="M,M,M,M"/><TAIKYOKU oya="0"/><INIT seed="0,0,0,4,1,76" ten="250,250,250,250" oya="0" hai0="7,100,25,65,91,48,5,3,108,118,85,17,131" hai1="113,37,90,13,35,115,71,29,87,93,47,46,64" hai2="45,114,28,88,119,128,102,127,32,12,78,82,83" hai3="122,106,54,40,84,69,10,16,104,8,58,130,99"/><T117/><D131/><U6/><E35/><V66/><F114/><N who="1" m="43529" /><E29/><V79/><F128/><W96/><G69/><T21/><D108/><U39/><E71/><V50/><F127/><W132/><G132/><T92/><D65/><U111/><E64/><V41/><F119/><W95/><G40/><T22/><D100/><U134/><E134/><V97/><F32/><W70/><G122/><T55/><D3/><U109/><E13/><V9/><F28/><W107/><G70/><T133/><D133/><U120/><E6/><V86/><F66/><W75/><G75/><T72/><D72/><U123/><E93/><N who="2" m="58671" /><F82/><W11/><G130/><T2/><D2/><U53/><E90/><V52/><F41/><W57/><G95/><T135/><D135/><U33/><E87/><V26/><F26/><W125/><G84/><T31/><D118/><U49/><E33/><V67/><F67/><W4/><G125/><T63/><D63/><U34/><E34/><V44/><F44/><W43/><G43/><T19/><D117/><U89/><E89/><V30/><F30/><W18/><G4/><AGARI ba="0,0" hai="4,9,12,45,50,52,78,79,83,86,88" m="58671" machi="4" ten="30,7700,0" yaku="8,1,52,1,54,2" doraHai="76" who="2" fromWho="3" sc="250,0,250,0,250,77,250,-77" /><INIT seed="1,0,0,1,3,42" ten="250,250,327,173" oya="1" hai0="9,30,79,106,69,108,38,133,90,91,126,35,56" hai1="68,132,73,53,16,118,119,112,58,13,12,67,54" hai2="59,131,71,88,101,94,25,60,113,97,114,110,32" hai3="76,2,85,57,27,65,4,49,125,123,87,109,121"/><U120/><E73/><V80/><F110/><W122/><G109/><T82/><D69/><U100/><E120/><V44/><F71/><W46/><G125/><T107/><D126/><U104/><E112/><V95/><F131/><W89/><G76/><T18/><D56/><U78/><E78/><V96/><F80/><W40/><G27/><T127/><D38/><U93/><E104/><V19/><F44/><W99/><G4/><T14/><D127/><U74/><E74/><V62/><F32/><W51/><G2/><T103/><D133/><U23/><E132/><V10/><F10/><W0/><G0/><T129/><D129/><U130/><E130/><V52/><REACH who="2" step="1"/><F62/><REACH who="2" ten="250,250,317,173" step="2"/><W102/><G122/><T24/><D108/><U28/><E119/><V6/><F6/><W124/><G124/><T26/><D82/><U34/><E118/><V50/><F50/><W116/><G116/><T135/><D135/><U55/><E68/><V17/><F17/><W134/><G134/><T92/><D35/><U98/><E34/><V37/><F37/><W128/><G51/><T63/><D63/><N who="1" m="38391" /><E28/><V8/><F8/><W43/><G128/><T75/><D30/><U117/><E117/><V72/><F72/><W11/><G123/><T41/><D75/><U81/><E81/><V105/><F105/><W33/><G33/><T86/><D107/><U21/><E21/><AGARI ba="0,1" hai="19,21,25,52,59,60,88,94,95,96,97,101,113,114" machi="21" ten="40,12000,2" yaku="1,1,25,2,54,2,53,1" doraHai="42" doraHaiUra="84" who="2" fromWho="1" sc="250,0,250,-120,317,130,173,0" /><INIT seed="2,0,0,2,5,16" ten="250,130,447,173" oya="2" hai0="79,36,63,49,118,6,10,111,30,9,113,133,62" hai1="108,86,93,135,97,98,128,2,117,88,50,132,110" hai2="28,123,130,26,34,85,72,44,5,66,83,92,15" hai3="76,27,90,18,81,74,125,33,67,71,51,102,38"/><V37/><F123/><W17/><G38/><T100/><D36/><U80/><E2/><V0/><F130/><W45/><G125/><T29/><D49/><U55/><E117/><V1/><F66/><W119/><G119/><T87/><D118/><U99/><E50/><V43/><F92/><W96/><G90/><T107/><D100/><U103/><E55/><V78/><F85/><W41/><G33/><T53/><D87/><U40/><E40/><V101/><F101/><W82/><G82/><T13/><D79/><U120/><E128/><V70/><F15/><W75/><G75/><T104/><D53/><U127/><E127/><V114/><F114/><W95/><REACH who="3" step="1"/><G27/><REACH who="3" ten="250,130,447,163" step="2"/><T35/><D35/><U60/><E120/><V54/><F54/><W11/><G11/><T116/><D116/><U64/><E103/><V115/><F115/><W68/><G68/><T42/><D113/><U77/><E64/><V7/><F70/><W134/><G134/><N who="1" m="51242" /><E60/><AGARI ba="0,1" hai="17,18,41,45,51,60,67,71,74,76,81,95,96,102" machi="60" ten="40,1300,0" yaku="1,1,53,0" doraHai="16" doraHaiUra="3" who="3" fromWho="1" sc="250,0,130,-13,447,0,163,23" /><INIT seed="3,0,0,3,1,108" ten="250,117,447,186" oya="3" hai0="45,31,14,33,37,90,8,126,48,80,57,82,3" hai1="124,11,125,130,10,18,75,13,4,81,53,55,6" hai2="111,74,85,92,100,9,36,98,79,105,83,35,84" hai3="51,52,104,12,134,97,78,58,88,15,22,17,106"/><W68/><G134/><T44/><D3/><U128/><E81/><N who="2" m="45303" /><F9/><W49/><G68/><T135/><D135/><U133/><E75/><V112/><F35/><W40/><G78/><T16/><D126/><N who="1" m="48747" /><E53/><V77/><F36/><W107/><G12/><T59/><D33/><U54/><E54/><V102/><F112/><W0/><G0/><T34/><D31/><U43/><E55/><V101/><F111/><W72/><G72/><T66/><D34/><U64/><E64/><V71/><F71/><W38/><G38/><T99/><D37/><U47/><E47/><N who="0" m="17993" /><D48/><U109/><E43/><V122/><F122/><W76/><G76/><T32/><D32/><U121/><E133/><V87/><F105/><W21/><G40/><T39/><D39/><U63/><E63/><V115/><F115/><W116/><G116/><T127/><D127/><U1/><E109/><V30/><F30/><W28/><G28/><T60/><D57/><U70/><E70/><V62/><F62/><W65/><G65/><T91/><D99/><U119/><E121/><V56/><F56/><W96/><G49/><T103/><D103/><AGARI ba="0,0" hai="77,83,84,85,87,92,98,100,101,102,103" m="45303" machi="103" ten="30,8000,1" yaku="35,5" doraHai="108" who="2" fromWho="0" sc="250,-80,117,0,447,80,186,0" /><INIT seed="4,0,0,4,1,129" ten="170,117,527,186" oya="0" hai0="112,38,115,26,17,95,127,15,69,54,120,110,128" hai1="32,100,76,52,47,36,10,114,20,56,9,58,61" hai2="103,88,73,63,14,50,53,101,3,130,60,98,83" hai3="82,124,59,135,132,24,86,42,75,134,99,77,66"/><T43/><D120/><U117/><E32/><V35/><F35/><W125/><G42/><T62/><D128/><U44/><E117/><V19/><F3/><W4/><G4/><T133/><D127/><N who="3" m="48713" /><G24/><T89/><D110/><U80/><E114/><N who="0" m="43561" /><D26/><U131/><E131/><V41/><F41/><W55/><G99/><T48/><D43/><U33/><E33/><V1/><F1/><W40/><G40/><T92/><D38/><U105/><E36/><V109/><F109/><W34/><G34/><T94/><D62/><N who="2" m="23594" /><F73/><W51/><G66/><T108/><D108/><U71/><E71/><V18/><F130/><W39/><G39/><T57/><D69/><U31/><E105/><V46/><F98/><W70/><G70/><T119/><D119/><U28/><E100/><N who="2" m="38475" /><F14/><W25/><G25/><T78/><D78/><U12/><E76/><V64/><F64/><W97/><G97/><T85/><D133/><U107/><E107/><V65/><F65/><W87/><AGARI ba="0,0" hai="51,55,59,75,77,82,86,87,132,134,135" m="48713" machi="87" ten="40,8000,1" yaku="20,1,18,1,52,3" doraHai="129" who="3" fromWho="3" sc="170,-40,117,-20,527,-20,186,80" /><INIT seed="5,0,0,0,0,118" ten="130,97,507,266" oya="1" hai0="25,18,58,112,81,21,87,1,65,133,3,57,93" hai1="121,61,12,91,126,90,40,36,19,113,85,71,119" hai2="122,60,127,70,26,84,46,108,99,102,49,17,104" hai3="41,73,78,37,98,131,125,105,13,66,35,69,124"/><U129/><E119/><V0/><F108/><W28/><G13/><T24/><D112/><U134/><E121/><V101/><F0/><W63/><G131/><T130/><D130/><U83/><E129/><V56/><F122/><W92/><G92/><T16/><D133/><U79/><E113/><V45/><F127/><W128/><G128/><T64/><D93/><U103/><E134/><V89/><F70/><W31/><G41/><T94/><D94/><U32/><E32/><V42/><F45/><W38/><G28/><T44/><D44/><U4/><E126/><N who="3" m="48746" /><G78/><T39/><D21/><U120/><E120/><V110/><F110/><W111/><G73/><T43/><D87/><U9/><E103/><V48/><F48/><W123/><G123/><T5/><D81/><U132/><E132/><V80/><F99/><W95/><G105/><T7/><REACH who="0" step="1"/><D43/><REACH who="0" ten="120,97,507,266" step="2"/><U114/><E114/><V10/><F104/><W47/><G95/><T11/><D11/><U75/><E75/><V86/><F86/><W76/><G47/><T62/><D62/><U117/><E117/><V54/><F10/><W2/><G63/><T33/><D33/><U55/><E40/><V15/><F15/><W29/><G35/><T72/><D72/><U6/><E36/><AGARI ba="0,1" hai="1,3,5,7,16,18,24,25,36,39,57,58,64,65" machi="36" ten="25,6400,0" yaku="1,1,22,2,54,1,53,0" doraHai="118" doraHaiUra="30" who="0" fromWho="1" sc="120,74,97,-64,507,0,266,0" /><INIT seed="6,0,0,0,0,6" ten="194,33,507,266" oya="2" hai0="35,33,46,7,108,107,0,105,60,13,56,29,102" hai1="89,135,134,1,97,127,94,104,20,28,53,123,42" hai2="50,126,23,74,112,119,38,103,84,32,100,27,54" hai3="52,71,34,81,62,59,95,37,24,30,82,115,3"/><V10/><F38/><W90/><G115/><T110/><D0/><U68/><E42/><V18/><F74/><W64/><G3/><T73/><D73/><U118/><E68/><V65/><F119/><W132/><G37/><T17/><D7/><U55/><E1/><V80/><F126/><W113/><G132/><T8/><D46/><U114/><E118/><V57/><F32/><W22/><G34/><T16/><D102/><U40/><E40/><V58/><F112/><W117/><G117/><T128/><D29/><U51/><E114/><V31/><F65/><W77/><G77/><T15/><D60/><U44/><E127/><V43/><F43/><W72/><G72/><T5/><D5/><U69/><E69/><V12/><F58/><W19/><G30/><T133/><D56/><U21/><E123/><V4/><F4/><W78/><G78/><AGARI ba="0,0" hai="10,12,18,23,27,31,50,54,57,78,80,84,100,103" machi="78" ten="30,5800,0" yaku="7,1,8,1,52,1" doraHai="6" who="2" fromWho="3" sc="194,0,33,0,507,58,266,-58" /><INIT seed="6,1,0,2,4,67" ten="194,33,565,208" oya="2" hai0="52,109,29,38,31,116,44,51,41,94,40,23,32" hai1="73,24,70,11,10,53,87,55,90,64,117,133,35" hai2="9,113,14,72,79,66,3,78,30,95,85,13,34" hai3="122,93,7,28,128,59,56,91,16,125,80,74,129"/><V127/><F72/><W99/><G122/><T46/><D109/><U5/><E73/><V111/><F127/><W110/><G110/><T20/><D32/><U83/><E117/><V86/><F113/><W48/><G125/><T97/><D116/><U123/><E133/><V75/><F75/><W43/><G7/><T84/><D84/><U131/><E131/><N who="3" m="50250" /><G16/><T108/><D108/><U89/><E123/><V102/><F3/><W100/><G28/><T118/><D118/><U106/><E106/><V107/><F34/><W104/><G48/><T33/><D33/><U15/><E90/><V68/><F107/><W36/><G43/><N who="0" m="16459" /><D38/><U119/><E119/><V39/><F39/><W19/><G19/><T65/><D65/><U103/><E103/><V47/><F47/><W63/><G63/><T114/><D44/><U77/><E10/><V112/><F30/><N who="0" m="11274" /><D114/><U18/><E5/><V124/><F124/><W98/><G36/><T49/><D51/><U58/><E77/><AGARI ba="1,0" hai="56,59,74,77,80,91,93,98,99,100,104" m="50250" machi="77" ten="30,1000,0" yaku="19,1" doraHai="67" who="3" fromWho="1" sc="194,0,33,-13,565,0,208,13" /><INIT seed="7,0,0,2,3,87" ten="194,20,565,221" oya="3" hai0="118,126,5,19,35,99,34,83,72,106,9,56,26" hai1="85,67,110,58,50,7,135,2,20,86,119,98,37" hai2="108,38,113,134,54,123,77,127,71,33,28,0,40" hai3="129,65,6,69,109,80,130,61,94,32,84,39,63"/><W122/><G122/><T24/><D118/><U62/><E37/><V105/><F54/><W112/><G112/><T97/><D126/><U4/><E110/><V1/><F28/><W52/><G32/><T23/><D97/><U3/><E3/><V78/><F78/><W111/><G94/><T53/><D26/><U103/><E119/><V102/><F102/><W21/><G6/><T128/><D128/><N who="3" m="49257" /><G21/><T121/><D121/><U116/><E135/><V92/><F92/><W49/><G63/><T31/><D83/><U133/><E133/><V120/><F40/><W57/><G39/><T29/><D72/><U15/><E116/><V95/><F77/><AGARI ba="0,0" hai="49,52,57,61,65,69,77,80,84,109,111" m="49257" machi="77" ten="30,2900,0" yaku="19,1,54,1" doraHai="87" who="3" fromWho="2" sc="194,0,20,0,565,-29,221,29" /><INIT seed="7,1,0,3,3,90" ten="194,20,536,250" oya="3" hai0="24,70,69,19,32,25,111,22,74,45,72,132,128" hai1="75,104,37,84,81,3,108,78,52,42,41,105,85" hai2="107,95,28,36,56,86,21,122,116,14,114,17,18" hai3="98,66,124,126,101,1,34,102,67,7,16,113,87"/><W96/><G34/><T100/><D111/><U93/><E3/><V44/><F116/><W12/><G113/><T23/><D132/><U65/><E65/><V5/><F107/><W15/><G87/><T118/><D32/><U8/><E108/><V50/><F114/><W92/><G7/><T58/><D100/><U59/><E8/><N who="2" m="4367" /><F122/><W0/><G16/><T80/><D45/><U131/><E131/><V29/><F56/><W31/><G31/><T13/><D13/><U73/><E37/><V43/><F36/><W83/><G83/><T115/><D115/><U103/><E41/><V26/><F17/><W46/><G46/><T49/><D128/><U57/><E42/><V53/><F43/><W27/><G27/><T47/><D58/><U106/><E57/><V77/><F77/><W121/><G121/><T99/><D47/><U82/><E59/><V79/><F79/><W4/><G4/><T125/><D49/><U48/><E48/><V60/><F60/><W88/><G88/><AGARI ba="1,0" hai="18,21,26,28,29,44,50,53,86,88,95" m="4367" machi="88" ten="30,3900,0" yaku="8,1,52,1,54,1" doraHai="90" who="2" fromWho="3" sc="194,0,20,0,536,42,250,-42" owari="194,-21.0,20,-48.0,578,68.0,208,1.0" /></mjloggm>