<mjloggm ver="2.3"><GO type="185" lobby="0"/><UN n0="%E5%A4%9A%E6%9E%97%E6%99%8B" n1="%E4%BD%8D%E9%B3%B3%E5%A4%A9" n2="%63%61%6C%63%2E" n3="" dan="16,17,19,0" rate="2208.66,2173.38,2372.82,1500.00" sx="M,M,M,C"/><TAIKYOKU oya="0"/><INIT seed="0,0,0,1,3,132" ten="350,350,350,0" oya="0" hai0="64,98,61,134,35,67,121,112,96,52,79,120,94" hai1="42,135,55,53,126,62,32,47,70,88,104,66,48" hai2="133,50,90,68,111,82,122,102,33,105,85,95,74" hai3=""/><T130/><N who="0" m="30752" /><T43/><N who="0" m="31008" /><T81/><D35/><U116/><E32/><V89/><N who="2" m="31264" /><V45/><F33/><T1/><D1/><U115/><E135/><V114/><F133/><T107/><D134/><U131/><E116/><V75/><F68/><T92/><D112/><U110/><E104/><V41/><F114/><T78/><D130/><U76/><E131/><V84/><REACH who="2" step="1"/><F111/><REACH who="2" ten="350,350,340,0" step="2"/><T58/><D107/><U93/><E115/><V129/><F129/><T97/><D43/><U44/><E110/><V113/><F113/><T54/><D54/><U63/><E55/><V2/><F2/><T83/><D64/><U109/><E109/><V51/><F51/><T127/><D67/><U117/><E117/><V77/><F77/><N who="0" m="29194" /><D127/><U59/><E126/><V103/><F103/><T56/><D56/><U108/><E108/><V72/><F72/><T71/><D71/><U125/><E125/><V38/><F38/><T49/><D49/><U124/><E124/><V36/><F36/><T34/><D34/><U86/><E76/><V91/><F91/><T123/><N who="0" m="31520" /><T65/><D65/><U119/><E119/><V73/><F73/><T3/><D3/><U128/><E128/><V40/><F40/><T69/><D69/><RYUUKYOKU ba="0,1" sc="350,0,350,0,340,0,0,0" hai0="52,58,61,81,83,92,94,96,97,98" hai1="42,44,47,48,53,59,62,63,66,70,86,88,93" hai2="41,45,50,74,75,82,84,85,89,90,95,102,105" /><INIT seed="0,1,1,5,5,125" ten="350,350,340,0" oya="0" hai0="121,112,109,74,59,91,62,102,51,95,88,97,113" hai1="87,80,53,54,127,39,38,100,41,81,82,126,57" hai2="103,48,42,60,99,52,135,2,40,117,73,79,93" hai3=""/><T89/><N who="0" m="31008" /><T61/><D74/><U75/><E75/><V70/><F2/><T1/><D1/><U122/><N who="1" m="31264" /><U77/><E100/><V33/><F33/><T92/><D109/><U85/><E77/><V67/><F135/><T119/><D119/><U76/><E76/><V134/><F134/><T44/><D95/><U101/><E101/><V68/><F68/><T111/><D111/><U106/><E106/><V131/><F117/><T46/><D44/><U72/><E72/><V123/><N who="2" m="31520" /><V49/><F49/><T58/><D59/><U107/><E107/><V55/><F55/><N who="1" m="21001" /><E57/><V3/><F3/><T71/><D71/><U114/><E114/><V47/><F73/><T108/><D108/><U86/><E41/><V104/><F104/><T66/><REACH who="0" step="1"/><D61/><REACH who="0" ten="340,350,340,0" step="2"/><U50/><E50/><V64/><F60/><T65/><D65/><U56/><E56/><V128/><F70/><T78/><D78/><U115/><E115/><V34/><F79/><T98/><D98/><U120/><N who="1" m="30752" /><U124/><AGARI ba="1,2" hai="38,39,80,81,82,85,86,87,124,126,127" m="30752,21001,31264" machi="124" ten="40,12000,3" yaku="4,1,29,2,28,2,18,1,52,2" doraHai="125" who="1" fromWho="1" sc="340,-81,350,142,340,-41,0,0" /><INIT seed="1,0,0,2,5,82" ten="259,492,299,0" oya="1" hai0="74,97,101,2,119,46,117,64,115,63,55,118,129" hai1="40,83,71,85,122,43,32,39,89,80,126,105,79" hai2="96,38,57,102,69,123,37,76,124,54,50,116,59" hai3=""/><U111/><N who="1" m="31264" /><U61/><E32/><V99/><N who="2" m="31520" /><V125/><F69/><T65/><D2/><U107/><E126/><N who="2" m="48747" /><F116/><T35/><D35/><U72/><E111/><V94/><F76/><T44/><D74/><U60/><E61/><V41/><F41/><T114/><D129/><U91/><E89/><V133/><F133/><T134/><D134/><U34/><E34/><V68/><F68/><T92/><D55/><U103/><E39/><V104/><F59/><T110/><D110/><U121/><N who="1" m="31008" /><U95/><E83/><V70/><F70/><T130/><D130/><U67/><E107/><V66/><F66/><N who="0" m="25706" /><D63/><U87/><REACH who="1" step="1"/><E85/><REACH who="1" ten="259,482,299,0" step="2"/><V90/><AGARI ba="0,1" hai="37,38,50,54,57,90,94,96,99,102,104" m="48747,31520" machi="90" ten="30,1500,0" yaku="18,1,52,1" doraHai="82" who="2" fromWho="2" sc="259,-5,482,-10,299,25,0,0" /><INIT seed="2,0,0,1,4,50" ten="254,472,324,0" oya="2" hai0="51,96,119,83,66,101,64,106,129,56,45,41,132" hai1="99,33,105,32,63,125,114,3,38,1,92,128,97" hai2="120,102,2,93,130,134,71,54,133,68,110,61,62" hai3=""/><V103/><N who="2" m="30752" /><V73/><F73/><T107/><D119/><U131/><E38/><V70/><F2/><N who="1" m="521" /><E114/><V118/><F118/><T104/><D132/><N who="2" m="50794" /><F130/><N who="1" m="49705" /><E125/><V69/><F110/><T87/><D129/><U94/><E105/><V36/><F36/><T85/><D85/><U122/><N who="1" m="31264" /><U40/><E40/><V82/><F82/><T112/><D112/><U59/><E94/><V115/><F115/><T113/><D113/><U98/><E92/><V75/><F75/><T108/><D108/><U46/><E46/><V121/><N who="2" m="31008" /><V43/><F43/><T47/><D47/><U78/><E78/><V57/><F93/><T84/><D107/><U109/><E109/><V89/><F89/><T95/><D106/><U135/><E135/><V34/><F34/><T81/><D104/><U39/><E39/><V37/><F37/><T0/><D0/><U100/><E100/><V58/><N who="2" m="17408" /><DORA hai="111" /><V35/><F35/><T60/><D81/><U116/><E116/><V91/><F91/><T90/><D87/><U123/><N who="1" m="31520" /><U88/><E88/><V42/><F42/><T117/><D117/><U126/><E32/><V65/><AGARI ba="0,0" hai="54,57,58,61,62,65,102,103" m="17408,31008,50794,30752" machi="65" ten="60,8000,1" yaku="20,1,52,3" doraHai="50,111" who="2" fromWho="2" sc="254,-40,472,-40,324,80,0,0" /><INIT seed="2,1,0,4,2,96" ten="214,432,404,0" oya="2" hai0="80,41,35,91,121,47,37,72,32,133,39,3,62" hai1="76,83,42,118,69,71,48,38,84,124,93,130,100" hai2="104,114,52,75,115,60,63,0,68,51,49,110,127" hai3=""/><V33/><F75/><T81/><N who="0" m="31008" /><T65/><D3/><U59/><E130/><V112/><F0/><T134/><D37/><U98/><E124/><V108/><F104/><T58/><D81/><U86/><E118/><V94/><F33/><T50/><D39/><U92/><E38/><V97/><F127/><T126/><D126/><U105/><E69/><V40/><F40/><T46/><D46/><U61/><E71/><V54/><F68/><T101/><D101/><U106/><E48/><N who="2" m="18507" /><F97/><T74/><D74/><U2/><E42/><V102/><F94/><T56/><D56/><U128/><E2/><V57/><F102/><T34/><REACH who="0" step="1"/><D91/><REACH who="0" ten="204,432,404,0" step="2"/><U120/><N who="1" m="30752" /><U103/><E100/><V135/><F135/><T43/><D43/><U66/><E103/><V90/><F90/><T89/><D89/><U123/><E123/><V111/><F57/><T119/><D119/><U87/><E59/><V125/><F125/><T109/><D109/><U132/><E132/><V117/><F117/><T64/><D64/><U82/><E66/><V78/><F78/><AGARI ba="1,1" hai="32,34,35,41,47,50,58,62,65,72,78,80,133,134" m="31008" machi="78" ten="50,6400,0" yaku="1,1,52,1,53,1" doraHai="96" doraHaiUra="55" who="0" fromWho="2" sc="204,76,432,0,404,-66,0,0" /><INIT seed="4,0,0,4,1,49" ten="280,432,338,0" oya="0" hai0="36,113,66,32,60,133,73,70,103,54,69,51,122" hai1="111,78,75,85,77,58,71,92,79,42,130,44,134" hai2="84,127,93,124,34,125,63,74,102,131,101,110,105" hai3=""/><T108/><N who="0" m="31264" /><T68/><D32/><U123/><N who="1" m="31520" /><U120/><N who="1" m="30752" /><U80/><E71/><V59/><F34/><T61/><D73/><U89/><E111/><V106/><F74/><T135/><D103/><N who="2" m="39434" /><F110/><T119/><D108/><U46/><E134/><N who="0" m="51209" /><D119/><U83/><E130/><V35/><F35/><T96/><D96/><U39/><E58/><V104/><F131/><T72/><D72/><U100/><E46/><V48/><F48/><T62/><D36/><U45/><E45/><V2/><F2/><T115/><D66/><U121/><N who="1" m="31008" /><U81/><REACH who="1" step="1"/><E100/><REACH who="1" ten="280,422,338,0" step="2"/><V91/><F106/><T50/><D50/><U65/><E65/><AGARI ba="0,1" hai="59,63,65,84,91,93,104,105,124,125,127" m="39434" machi="65" ten="30,1000,0" yaku="18,1" doraHai="49" who="2" fromWho="1" sc="280,0,422,-10,338,20,0,0" /><INIT seed="5,0,0,5,3,132" ten="280,412,358,0" oya="1" hai0="2,55,56,49,127,84,39,54,34,108,82,50,130" hai1="134,65,124,97,52,51,73,60,85,126,120,116,1" hai2="80,112,92,122,53,42,98,41,35,83,119,121,78" hai3=""/><U46/><N who="1" m="30752" /><U88/><E1/><V48/><N who="2" m="31008" /><V68/><N who="2" m="31264" /><V129/><F119/><T79/><D2/><U90/><E116/><V86/><F35/><T32/><D108/><U74/><E134/><V3/><F3/><T110/><D110/><U40/><E97/><V106/><F106/><T89/><D39/><U114/><E114/><V125/><F68/><T81/><D130/><U69/><E40/><V123/><N who="2" m="31520" /><V67/><F67/><T0/><D0/><U59/><E90/><V70/><F70/><T99/><D99/><U62/><E60/><V102/><F129/><T33/><D127/><N who="1" m="48683" /><E69/><V47/><F125/><T115/><D115/><U95/><AGARI ba="0,0" hai="46,51,52,59,62,65,73,74,85,88,95" m="48683,30752" machi="95" ten="30,12000,2" yaku="18,1,52,4,54,2" doraHai="132" who="1" fromWho="1" sc="280,-60,412,120,358,-60,0,0" /><INIT seed="5,1,0,4,2,111" ten="220,532,298,0" oya="1" hai0="93,91,53,127,90,59,100,65,55,40,109,97,62" hai1="132,103,112,41,82,119,49,135,116,48,89,117,75" hai2="66,101,105,98,37,71,114,69,118,83,54,102,52" hai3=""/><U67/><E67/><V58/><F118/><T32/><D32/><U70/><E70/><V85/><F37/><T0/><D0/><U39/><E103/><V36/><F36/><T77/><D109/><U51/><E112/><V131/><F131/><T99/><D127/><U106/><E106/><V76/><F102/><T80/><D40/><U45/><E89/><V35/><F35/><T73/><REACH who="0" step="1"/><D91/><REACH who="0" ten="210,532,298,0" step="2"/><U3/><E3/><V68/><REACH who="2" step="1"/><F114/><REACH who="2" ten="210,532,288,0" step="2"/><T79/><D79/><U61/><E119/><V38/><F38/><T64/><D64/><U47/><E117/><V56/><F56/><T44/><D44/><U120/><E116/><V108/><F108/><T121/><N who="0" m="31008" /><T94/><AGARI ba="1,2" hai="53,55,59,62,65,73,77,80,90,93,94,97,99,100" m="31008" machi="94" ten="20,9000,2" yaku="1,1,4,1,0,1,7,1,52,1,53,1" doraHai="111" doraHaiUra="63" who="0" fromWho="0" sc="210,112,532,-61,288,-31,0,0" /><INIT seed="6,0,0,2,3,61" ten="322,471,257,0" oya="2" hai0="80,127,33,56,70,63,92,126,1,42,110,79,58" hai1="81,60,100,69,44,111,133,68,76,93,2,114,57" hai2="89,104,55,66,48,37,125,117,108,65,36,62,132" hai3=""/><V39/><F104/><T135/><D1/><U90/><E133/><V87/><F117/><T120/><N who="0" m="30752" /><T113/><D33/><U112/><E100/><V105/><F105/><T134/><D110/><U35/><E111/><V51/><F108/><T32/><D32/><U49/><E35/><V99/><F132/><N who="0" m="50730" /><D113/><U73/><E2/><V52/><F99/><T118/><D42/><U74/><E74/><V121/><N who="2" m="31008" /><V72/><F72/><T102/><D118/><U40/><E114/><V109/><F109/><T115/><D70/><U67/><E112/><V46/><F62/><T123/><N who="0" m="31520" /><T45/><D45/><U3/><E3/><V64/><F125/><N who="0" m="47626" /><D63/><U84/><AGARI ba="0,0" hai="40,44,49,57,60,67,68,69,73,76,81,84,90,93" machi="84" ten="20,2000,0" yaku="0,1,7,1,52,1" doraHai="61" who="1" fromWho="1" sc="322,-7,471,20,257,-13,0,0" owari="315,-8.0,491,44.0,244,-36.0,0,0.0" /></mjloggm>