<mjloggm ver="2.3"><GO type="225" lobby="0"/><UN n0="%E5%BE%80%E5%B9%B4%E3%81%AE%E3%82%B4%E3%83%AA%E3%83%A9" n1="%E7%B6%BE%E9%87%8E%E7%8F%AA%E5%AD%90" n2="%E6%96%87%E8%B1%AA" n3="%E5%A4%A7%E5%AE%AE%E5%BF%8D%76" dan="16,17,16,17" rate="2071.01,2231.30,2052.08,2217.66" sx="M,F,M,M"/><TAIKYOKU oya="0"/><INIT seed="0,0,0,2,2,41" ten="250,250,250,250" oya="0" hai0="109,54,70,121,105,9,11,84,96,50,12,2,78" hai1="81,68,72,119,103,108,107,118,95,55,85,87,33" hai2="88,94,111,40,16,39,48,53,135,117,79,8,47" hai3="56,93,28,24,112,134,23,128,69,25,7,26,62"/><T10/><D121/><U104/><E68/><V63/><F111/><W17/><G112/><T74/><D74/><U71/><E33/><V19/><F135/><W20/><G134/><T97/><D70/><U67/><E71/><V90/><F117/><N who="1" m="44553" /><E55/><V18/><F79/><W73/><G73/><T66/><D66/><U21/><E21/><V115/><F115/><W61/><G128/><T131/><D131/><U6/><E6/><V29/><F29/><W42/><G26/><T59/><D109/><U113/><E67/><V57/><F39/><W100/><G7/><T82/><D2/><U129/><E108/><V114/><F114/><W38/><G69/><T120/><D120/><U52/><E52/><V43/><F43/><W125/><G125/><T91/><D105/><N who="1" m="40523" /><E129/><V116/><F116/><W80/><G80/><T14/><D78/><N who="1" m="44231" /><E113/><V124/><F124/><W27/><G27/><T92/><D82/><U13/><E13/><AGARI ba="0,0" hai="9,10,11,12,13,14,50,54,59,84,91,92,96,97" machi="13" ten="40,2000,0" yaku="8,1" doraHai="41" who="0" fromWho="1" sc="250,20,250,-20,250,0,250,0" /><INIT seed="0,1,0,5,2,13" ten="270,230,250,250" oya="0" hai0="135,38,102,119,126,22,127,27,23,80,110,0,105" hai1="131,88,97,83,50,92,115,73,111,14,30,57,18" hai2="70,45,84,77,71,107,35,48,40,79,16,76,53" hai3="65,20,58,113,17,125,41,12,54,42,62,134,51"/><T4/><D38/><U93/><E111/><V67/><F107/><W7/><G113/><T82/><D119/><U112/><E131/><V39/><F35/><W8/><G134/><T96/><D135/><U116/><E116/><V78/><F67/><W36/><G36/><T29/><D110/><U117/><E117/><V52/><F71/><W87/><G87/><T123/><D123/><U32/><E32/><V28/><F28/><W64/><G125/><N who="0" m="47627" /><D23/><N who="1" m="11735" /><E30/><V33/><F70/><W3/><REACH who="3" step="1"/><G65/><REACH who="3" ten="270,230,250,240" step="2"/><T132/><D132/><U121/><E121/><V118/><F118/><W104/><G104/><T26/><D26/><U75/><E73/><V11/><F39/><W133/><G133/><T72/><D72/><U101/><E75/><V24/><F33/><W37/><G37/><T114/><D114/><U89/><E115/><V1/><F24/><W43/><G43/><T130/><D130/><U6/><E112/><V10/><F84/><W69/><AGARI ba="1,1" hai="3,7,8,12,17,20,41,42,51,54,58,62,64,69" machi="69" ten="20,8000,1" yaku="1,1,0,1,7,1,52,1,53,1" doraHai="13" doraHaiUra="44" who="3" fromWho="3" sc="270,-41,230,-21,250,-21,240,93" /><INIT seed="1,0,0,2,0,29" ten="229,209,229,333" oya="1" hai0="34,131,128,70,17,122,28,10,21,2,39,55,15" hai1="97,94,75,99,67,116,57,113,19,32,87,92,103" hai2="33,3,77,102,53,45,109,129,134,51,40,9,89" hai3="59,83,133,107,62,64,71,117,24,49,79,38,114"/><U22/><E116/><V88/><F102/><W36/><G107/><T72/><D72/><U124/><E113/><V74/><F33/><W111/><G114/><T6/><D39/><U130/><E75/><V90/><F109/><W126/><G111/><T52/><D70/><U101/><E130/><N who="0" m="49705" /><D122/><U106/><E124/><V82/><F134/><W58/><G24/><AGARI ba="0,0" hai="2,6,10,15,17,21,24,28,34,52,55" m="49705" machi="24" ten="30,7700,0" yaku="24,1,19,1,52,1,54,1" doraHai="29" who="0" fromWho="3" sc="229,77,209,0,229,0,333,-77" /><INIT seed="2,0,0,1,3,115" ten="306,209,229,256" oya="2" hai0="132,73,130,98,36,103,105,45,125,81,18,6,68" hai1="121,43,30,109,111,38,84,131,120,20,47,44,14" hai2="0,21,93,5,61,4,54,128,33,90,1,17,11" hai3="25,75,134,76,50,99,62,133,94,13,7,53,9"/><V23/><BYE who="3" /><F33/><UN n3="%E5%A4%A7%E5%AE%AE%E5%BF%8D%76" /><W124/><G124/><T79/><D125/><U42/><E84/><V86/><F128/><W27/><G62/><T116/><D18/><U126/><E126/><V58/><REACH who="2" step="1"/><F17/><REACH who="2" ten="306,209,219,256" step="2"/><W89/><G134/><T24/><D130/><U123/><E131/><V65/><F65/><W49/><G133/><T57/><D132/><U34/><E34/><V35/><F35/><W97/><G75/><T122/><D73/><U66/><E66/><V85/><F85/><W74/><G74/><T96/><D122/><U28/><E28/><V119/><F119/><W64/><G64/><T46/><D116/><U127/><E127/><V78/><F78/><W108/><G76/><T29/><D79/><U19/><REACH who="1" step="1"/><E30/><REACH who="1" ten="306,199,219,256" step="2"/><V56/><F56/><W2/><G99/><T3/><D57/><U118/><E118/><V55/><F55/><W117/><G117/><T114/><D29/><U26/><E26/><V113/><F113/><W110/><G25/><T12/><D24/><U31/><E31/><V67/><F67/><W72/><G27/><T69/><D98/><U39/><AGARI ba="0,2" hai="14,19,20,38,39,42,43,44,47,109,111,120,121,123" machi="39" ten="40,12000,2" yaku="1,1,0,1,9,1,13,1,53,2" doraHai="115" doraHaiUra="41" who="1" fromWho="1" sc="306,-30,199,140,219,-60,256,-30" /><INIT seed="3,0,0,1,4,53" ten="276,339,159,226" oya="3" hai0="99,12,59,13,106,111,108,16,45,64,40,130,42" hai1="35,122,60,100,47,88,128,131,127,104,22,0,55" hai2="46,9,28,121,23,84,95,79,132,124,109,68,67" hai3="15,102,65,49,76,50,82,71,30,6,125,81,134"/><W101/><G30/><T98/><D130/><N who="1" m="49707" /><E122/><V103/><F121/><W113/><G113/><T115/><D115/><U116/><E35/><V62/><F109/><N who="0" m="42058" /><D106/><U90/><E0/><V8/><F124/><W85/><G125/><T70/><D70/><U11/><E116/><V126/><F132/><W5/><G65/><T34/><D34/><U129/><E127/><V86/><F126/><W56/><G71/><T83/><D83/><U117/><E117/><V26/><F46/><W87/><G134/><T123/><D12/><U69/><E11/><V110/><F110/><W74/><G74/><T89/><D89/><U21/><E47/><V43/><F43/><N who="0" m="16426" /><D45/><U114/><E114/><V133/><F133/><W96/><G15/><T32/><D32/><U14/><E14/><V44/><F44/><W120/><G120/><T37/><D37/><U25/><E69/><V135/><F135/><W17/><G76/><T61/><D123/><U48/><E90/><V20/><F20/><AGARI ba="0,0" hai="13,16,20,59,61,64,98,99" m="16426,42058" machi="20" ten="30,3900,0" yaku="14,1,52,1,54,1" doraHai="53" who="0" fromWho="2" sc="276,39,339,0,159,-39,226,0" owari="315,12.0,339,43.0,120,-38.0,226,-17.0" /></mjloggm>