<mjloggm ver="2.3"><GO type="185" lobby="0"/><UN n0="%E6%A8%BD%E3%81%AA%E3%81%AE%E5%A3%8A%E3%81%95%E3%81%AA%E3%81%84%E3%81%A7" n1="%6D%28%E3%81%AE%5F%E3%81%AE%29%6D%E2%99%AA" n2="%E5%BF%AB%E9%81%A9" n3="" dan="16,16,17,0" rate="2175.70,2173.95,2284.52,1500.00" sx="M,M,M,C"/><TAIKYOKU oya="0"/><INIT seed="0,0,0,5,1,68" ten="350,350,350,0" oya="0" hai0="71,79,105,44,82,77,40,2,104,75,63,66,112" hai1="125,130,118,46,42,94,106,73,56,57,80,111,131" hai2="108,43,121,32,49,91,96,69,117,58,89,61,62" hai3=""/><T120/><N who="0" m="30752" /><T86/><D112/><U110/><E106/><V37/><N who="2" m="31008" /><V95/><F32/><T99/><D2/><U64/><E118/><V116/><F108/><N who="1" m="41513" /><E94/><V90/><F69/><T54/><D54/><U124/><E80/><V45/><F49/><T76/><D75/><U123/><N who="1" m="31520" /><U100/><E100/><V36/><F61/><T1/><D1/><U85/><E85/><V122/><N who="2" m="31264" /><V51/><F116/><T133/><D133/><U132/><E73/><V55/><REACH who="2" step="1"/><F117/><REACH who="2" ten="350,350,340,0" step="2"/><T72/><D72/><U87/><E132/><V134/><F134/><T107/><REACH who="0" step="1"/><D99/><REACH who="0" ten="340,350,340,0" step="2"/><U97/><E97/><V119/><F119/><T135/><D135/><U0/><E0/><V98/><F98/><T114/><D114/><U52/><E87/><V103/><AGARI ba="0,2" hai="36,37,43,45,51,55,58,62,89,90,91,95,96,103" m="31264,31008" machi="103" ten="30,9000,2" yaku="1,1,0,1,52,4,53,0" doraHai="68" doraHaiUra="127" who="2" fromWho="2" sc="340,-60,350,-30,340,110,0,0" /><INIT seed="1,0,0,5,4,77" ten="280,320,450,0" oya="1" hai0="99,54,111,53,118,39,36,107,1,60,78,56,87" hai1="129,100,120,117,85,106,2,83,0,122,109,73,55" hai2="135,70,51,130,52,95,50,131,42,3,103,101,105" hai3=""/><U93/><N who="1" m="30752" /><U123/><N who="1" m="31264" /><U119/><N who="1" m="31520" /><U126/><E126/><V40/><F3/><T45/><D1/><U76/><E129/><V116/><F116/><N who="1" m="44617" /><E55/><V108/><F70/><T81/><D118/><U64/><E64/><V58/><F95/><T127/><D127/><U63/><E63/><V57/><F52/><T132/><D53/><U88/><E109/><V133/><F105/><T80/><D111/><AGARI ba="0,0" hai="40,42,50,51,57,58,101,103,108,111,130,131,133,135" machi="111" ten="25,1600,0" yaku="22,2" doraHai="77" who="2" fromWho="0" sc="280,-16,320,0,450,16,0,0" /><INIT seed="2,0,0,5,3,106" ten="264,320,466,0" oya="2" hai0="103,80,135,131,54,130,72,3,110,67,91,98,34" hai1="53,128,89,40,57,96,132,81,64,112,123,76,62" hai2="124,75,120,70,105,38,115,79,118,51,55,87,45" hai3=""/><V63/><N who="2" m="30752" /><V39/><F118/><T46/><D34/><U77/><N who="1" m="31520" /><U0/><E112/><V47/><F115/><T125/><D3/><U68/><E0/><V104/><F124/><T127/><D67/><U33/><E33/><V74/><F87/><T52/><D135/><U90/><E132/><V82/><F75/><T1/><D1/><U66/><E128/><N who="0" m="49193" /><D110/><U56/><E77/><V49/><F70/><T129/><N who="0" m="49201" /><T111/><DORA hai="61" /><D111/><U93/><E40/><V32/><F63/><T114/><D114/><U102/><E68/><V94/><F32/><T65/><D65/><N who="1" m="25195" /><E57/><V107/><REACH who="2" step="1"/><F94/><REACH who="2" ten="264,320,456,0" step="2"/><T69/><D69/><U36/><E36/><V97/><F97/><T133/><D133/><U92/><E92/><V109/><F109/><T86/><D72/><U35/><E35/><V99/><F99/><T121/><N who="0" m="31008" /><T101/><D127/><U60/><E60/><V43/><AGARI ba="0,1" hai="38,39,43,45,47,49,51,55,74,79,82,104,105,107" m="30752" machi="43" ten="30,12000,2" yaku="1,1,0,1,52,2,53,3" doraHai="106,61" doraHaiUra="44,37" who="2" fromWho="2" sc="264,-60,320,-60,456,130,0,0" /><INIT seed="2,1,0,4,2,45" ten="204,260,586,0" oya="2" hai0="95,50,100,91,90,0,121,99,3,41,128,105,86" hai1="33,92,132,35,42,38,88,102,79,48,77,109,72" hai2="133,53,61,98,56,120,112,101,131,97,130,69,108" hai3=""/><V84/><N who="2" m="30752" /><V114/><F69/><T116/><N who="0" m="31008" /><T107/><D116/><U60/><E38/><V76/><F133/><T83/><D128/><N who="2" m="49194" /><F98/><T32/><D32/><U123/><N who="1" m="31520" /><U59/><E132/><V125/><F125/><T63/><D63/><U43/><E102/><V34/><F34/><T78/><D91/><U89/><E109/><V96/><F96/><T74/><D107/><U73/><E59/><V67/><F108/><T55/><D41/><U124/><E92/><V113/><F84/><T54/><D54/><U47/><E60/><V36/><F76/><T62/><D62/><U51/><E47/><AGARI ba="1,0" hai="0,3,47,50,55,74,78,83,86,90,95,99,100,105" m="31008" machi="47" ten="30,8000,1" yaku="7,1,24,2,52,2" doraHai="45" who="0" fromWho="1" sc="204,82,260,-82,586,0,0,0" /><INIT seed="4,0,0,3,1,74" ten="286,178,586,0" oya="0" hai0="129,48,94,64,2,101,95,37,53,35,75,68,114" hai1="122,45,67,118,132,81,99,133,127,79,32,73,57" hai2="93,135,123,106,0,108,51,69,98,126,62,125,96" hai3=""/><T40/><D35/><U55/><N who="1" m="31264" /><U38/><E32/><V58/><N who="2" m="31520" /><V34/><F34/><T86/><D2/><U49/><E118/><V70/><F0/><T89/><D75/><U80/><E127/><N who="2" m="48651" /><F108/><T65/><D114/><U88/><E38/><V131/><F51/><T43/><D129/><U3/><E3/><V110/><F110/><T128/><D128/><U83/><E67/><V130/><F98/><T71/><D65/><U41/><E41/><V119/><F106/><T82/><D101/><U112/><E112/><V72/><F119/><T103/><D37/><U50/><E50/><V111/><F72/><T100/><D43/><U105/><E45/><V120/><N who="2" m="30752" /><V97/><F111/><T60/><D40/><U47/><E47/><V39/><F70/><T78/><D71/><U124/><E124/><V33/><F33/><T109/><D109/><U61/><E61/><V117/><F62/><T107/><D107/><U121/><N who="1" m="31008" /><U1/><E1/><V115/><F115/><T63/><D63/><U42/><E42/><V134/><F39/><T46/><REACH who="0" step="1"/><D95/><REACH who="0" ten="276,178,586,0" step="2"/><U59/><E105/><V92/><F131/><T84/><AGARI ba="0,1" hai="46,48,53,60,64,68,78,82,84,86,89,94,100,103" machi="84" ten="20,12000,2" yaku="1,1,2,1,0,1,7,1,52,1,53,1" doraHai="74" doraHaiUra="90" who="0" fromWho="0" sc="276,130,178,-60,586,-60,0,0" /><INIT seed="4,1,0,4,1,32" ten="406,118,526,0" oya="0" hai0="135,56,122,78,40,101,1,103,46,67,39,66,57" hai1="121,123,125,3,53,98,72,95,102,77,117,80,94" hai2="119,129,133,75,55,59,112,49,115,60,33,35,81" hai3=""/><T73/><N who="0" m="31264" /><T93/><D135/><U131/><N who="1" m="31008" /><U88/><N who="1" m="31520" /><U79/><E117/><V2/><F133/><T128/><D128/><U54/><E131/><V63/><F129/><T71/><D1/><U126/><E3/><V0/><F119/><T38/><D71/><U43/><E43/><V61/><F35/><T41/><D73/><U52/><REACH who="1" step="1"/><E79/><REACH who="1" ten="406,108,526,0" step="2"/><V36/><F33/><T68/><D78/><U82/><E82/><V74/><F81/><T50/><D41/><U116/><E116/><V65/><F0/><T111/><D40/><U64/><E64/><V89/><F65/><T51/><D68/><U96/><AGARI ba="1,1" hai="52,53,54,72,77,80,88,94,95,96,98,102,125,126" m="31520,31008" machi="96" ten="30,9000,2" yaku="1,1,0,1,52,2,54,2,53,0" doraHai="32" doraHaiUra="45" who="1" fromWho="1" sc="406,-61,108,102,526,-31,0,0" /><INIT seed="5,0,0,2,1,2" ten="345,210,495,0" oya="1" hai0="96,101,119,131,46,42,47,133,60,51,71,57,3" hai1="53,124,65,43,78,111,103,61,56,126,59,128,123" hai2="116,114,76,87,69,77,118,82,121,84,97,89,95" hai3=""/><U80/><N who="1" m="31520" /><U67/><E103/><V35/><N who="2" m="31008" /><V99/><F35/><T74/><D3/><U109/><E43/><V66/><F69/><T68/><D119/><N who="2" m="45610" /><F66/><N who="1" m="25097" /><E59/><V73/><F114/><T105/><D74/><U54/><E54/><V94/><F77/><T41/><D57/><U44/><E44/><V117/><N who="2" m="45618" /><V132/><DORA hai="108" /><F132/><T112/><D133/><U33/><E33/><V49/><F49/><T91/><D112/><U100/><E100/><AGARI ba="0,0" hai="73,76,82,84,87,89,94,95,97,99,100" m="45618,31008" machi="100" ten="40,5200,0" yaku="34,2,52,1" doraHai="2,108" who="2" fromWho="1" sc="345,0,210,-52,495,52,0,0" /><INIT seed="6,0,0,0,2,0" ten="345,158,547,0" oya="2" hai0="70,78,115,86,93,129,117,75,54,35,42,43,107" hai1="69,133,55,3,120,135,124,121,67,76,101,85,91" hai2="50,88,102,63,79,131,60,59,62,83,109,2,49" hai3=""/><V33/><F33/><T104/><D54/><U72/><N who="1" m="30752" /><U48/><N who="1" m="31008" /><U128/><E3/><V112/><F131/><T47/><D47/><U40/><E40/><V32/><F112/><T89/><D43/><U53/><E101/><V39/><F62/><T116/><D42/><U95/><E128/><V92/><F39/><T44/><D44/><U99/><E124/><V100/><F50/><T125/><D93/><U65/><E69/><V130/><F60/><T74/><D86/><U98/><E55/><V68/><F100/><T38/><D89/><U82/><E98/><V80/><F68/><T96/><D78/><U118/><E118/><V106/><F79/><T37/><D96/><U127/><E127/><V90/><F102/><T41/><D41/><U123/><N who="1" m="31520" /><U132/><E99/><V110/><F110/><T73/><D38/><U94/><E95/><V66/><F92/><T71/><D71/><U34/><E34/><V57/><F32/><T111/><D125/><U61/><E61/><V108/><F63/><T58/><D70/><U113/><E113/><V122/><F130/><T103/><D129/><U134/><N who="1" m="33792" /><DORA hai="52" /><U126/><REACH who="1" step="1"/><E126/><REACH who="1" ten="345,148,547,0" step="2"/><V45/><N who="2" m="31264" /><V36/><F2/><T77/><D115/><RYUUKYOKU ba="0,1" sc="345,-10,148,20,547,-10,0,0" hai1="48,53,65,67,72,76,82,85,91,94" owari="335,-6.0,168,-43.0,547,49.0,0,0.0" /></mjloggm>