<mjloggm ver="2.3"><GO type="169" lobby="0"/><UN n0="%E3%81%8D%E3%81%BF%E3%81%A9%E3%82%8A%E3%82%93" n1="%E3%83%9E%E3%83%8A%E3%83%96%E9%9B%B6" n2="%E4%BF%AE%E5%A3%AB%33%E5%B9%B4" n3="%31%74%61" dan="17,16,17,17" rate="2163.81,2130.29,2097.25,2174.06" sx="F,M,M,M"/><TAIKYOKU oya="0"/><INIT seed="0,0,0,4,2,44" ten="250,250,250,250" oya="0" hai0="42,68,40,132,43,7,101,66,114,84,49,29,15" hai1="121,91,117,31,34,67,129,131,51,30,18,64,11" hai2="112,45,96,0,38,41,113,126,86,56,83,61,135" hai3="46,35,106,71,8,26,82,62,74,12,97,48,1"/><T50/><D114/><U116/><E121/><V119/><F0/><W87/><G1/><T58/><D68/><U107/><E107/><V78/><F135/><W130/><G74/><T6/><D132/><U128/><E91/><V103/><F126/><W108/><G108/><T122/><D122/><U27/><E31/><V118/><F118/><W88/><G130/><T52/><D66/><U102/><E102/><V3/><F3/><W28/><G71/><T9/><D101/><U13/><REACH who="1" step="1"/><E51/><REACH who="1" ten="250,240,250,250" step="2"/><V72/><F119/><AGARI ba="0,1" hai="11,13,18,27,30,34,64,67,116,117,119,128,129,131" machi="119" ten="50,6400,0" yaku="1,1,2,1,19,1,53,0" doraHai="44" doraHaiUra="98" who="1" fromWho="2" sc="250,0,240,74,250,-64,250,0" /><INIT seed="1,0,0,2,3,15" ten="250,314,186,250" oya="1" hai0="106,76,23,115,7,93,131,114,80,33,8,109,116" hai1="92,19,20,71,68,86,17,84,13,69,135,81,66" hai2="12,62,108,63,58,95,99,104,39,100,72,43,11" hai3="88,90,103,51,110,73,45,50,24,1,113,52,2"/><U32/><E32/><V105/><F72/><W107/><G113/><T102/><D33/><U74/><E74/><V59/><F108/><W64/><G73/><T22/><D109/><U26/><E135/><V65/><F43/><W132/><G110/><T57/><D116/><U75/><E66/><V53/><REACH who="2" step="1"/><F39/><REACH who="2" ten="250,314,176,250" step="2"/><W6/><G132/><T55/><D115/><U128/><E128/><V96/><F96/><W38/><G38/><T30/><D131/><U35/><E35/><V98/><F98/><W37/><G37/><T29/><D114/><U79/><REACH who="1" step="1"/><E92/><REACH who="1" ten="250,304,176,250" step="2"/><V14/><F14/><W41/><G1/><T91/><D93/><U120/><E120/><V126/><F126/><W4/><G2/><T78/><D106/><U127/><E127/><V133/><F133/><W85/><G107/><T125/><D125/><U119/><E119/><V111/><F111/><W44/><G103/><T36/><D102/><U46/><E46/><V82/><F82/><W123/><G123/><T94/><D80/><U27/><E27/><V49/><F49/><W130/><G24/><T60/><D94/><U117/><E117/><V16/><AGARI ba="0,2" hai="11,12,16,53,58,59,62,63,65,95,99,100,104,105" machi="16" ten="20,8000,1" yaku="1,1,0,1,7,1,52,1,54,1,53,0" doraHai="15" doraHaiUra="70" who="2" fromWho="2" sc="250,-20,304,-40,176,100,250,-20" /><INIT seed="2,0,0,1,1,98" ten="230,264,276,230" oya="2" hai0="6,52,23,106,70,103,10,123,112,75,66,95,34" hai1="71,20,40,110,24,80,36,124,79,76,41,59,109" hai2="133,115,101,134,69,33,85,99,53,77,113,2,62" hai3="104,127,56,64,16,44,37,35,81,5,74,114,14"/><V26/><F2/><W57/><G127/><T111/><D111/><N who="1" m="42507" /><E71/><V22/><F33/><W42/><G35/><T0/><D123/><U68/><E68/><V100/><F85/><W89/><G114/><N who="2" m="43529" /><F99/><W108/><G108/><T8/><D106/><U25/><E124/><V21/><F77/><N who="1" m="29769" /><E80/><V118/><F118/><W39/><G74/><T132/><D75/><U48/><E36/><V93/><F93/><W135/><G37/><T1/><D34/><U55/><E25/><V60/><F53/><W73/><G73/><T61/><D112/><U119/><E119/><V78/><F78/><W63/><G104/><T105/><D105/><U47/><E47/><V130/><F130/><W120/><G120/><T30/><D52/><U43/><E43/><V18/><F21/><W131/><G131/><T96/><D23/><U84/><E84/><V128/><F128/><W29/><G44/><T54/><D54/><U45/><E45/><V91/><F91/><W19/><G89/><T65/><D65/><U51/><E51/><V11/><F11/><W90/><G42/><T58/><D10/><U72/><E72/><V9/><F9/><W102/><G90/><T117/><D0/><U129/><E129/><V121/><F121/><W7/><G64/><T17/><D117/><U82/><E82/><V116/><F116/><W92/><G81/><T13/><D1/><U67/><E67/><N who="2" m="41191" /><F62/><W126/><G63/><T49/><D61/><U87/><E87/><V3/><F3/><W12/><G126/><T31/><D70/><U38/><E38/><V83/><F83/><W4/><G39/><RYUUKYOKU ba="0,0" sc="230,-15,264,15,276,15,230,-15" hai1="20,24,40,41,48,55,59" hai2="18,22,26,100,101,133,134" /><INIT seed="2,1,0,3,1,67" ten="215,279,291,215" oya="2" hai0="9,94,113,51,90,72,77,78,66,128,68,0,91" hai1="111,80,61,20,135,15,43,70,103,48,38,88,112" hai2="11,34,23,46,134,117,95,107,64,17,104,33,49" hai3="86,84,102,96,1,47,119,89,54,18,45,74,30"/><V2/><F117/><W114/><G119/><T71/><D113/><U44/><E112/><V97/><F134/><W79/><G114/><T132/><D66/><U31/><E135/><V69/><F11/><W93/><G1/><T37/><D132/><U126/><E126/><V75/><F75/><W57/><G30/><T129/><D37/><U39/><E111/><V22/><F2/><W133/><G133/><T10/><D51/><U19/><E103/><V62/><F33/><W127/><G127/><T85/><D0/><U121/><E121/><V63/><F63/><W60/><G74/><T7/><D72/><U124/><E31/><V123/><F34/><W52/><G18/><T3/><D91/><U110/><E110/><V28/><F28/><W125/><G125/><T100/><D10/><U32/><E32/><V14/><F22/><W12/><G12/><T6/><D100/><U106/><E106/><V5/><F5/><W108/><G108/><T82/><D7/><U53/><E124/><V8/><F8/><W29/><G29/><T120/><D120/><U118/><E118/><V24/><F14/><W26/><G26/><T115/><D115/><U65/><REACH who="1" step="1"/><E43/><REACH who="1" ten="215,269,291,215" step="2"/><V50/><F123/><W59/><G79/><T131/><D78/><U16/><E16/><V73/><F107/><W36/><G36/><T40/><D40/><U109/><E109/><V101/><F104/><W55/><G102/><T4/><D4/><U116/><E116/><V58/><F101/><W130/><G130/><T42/><D42/><U87/><AGARI ba="1,1" hai="15,19,20,38,39,44,48,53,61,65,70,80,87,88" machi="87" ten="30,8000,1" yaku="1,1,0,1,52,1,54,1,53,1" doraHai="67" doraHaiUra="81" who="1" fromWho="1" sc="215,-21,269,93,291,-41,215,-21" /><INIT seed="3,0,0,3,2,35" ten="194,362,250,194" oya="3" hai0="106,12,111,95,88,94,14,55,50,113,80,43,58" hai1="100,93,86,5,32,60,109,15,124,21,4,7,31" hai2="112,82,25,97,81,129,123,9,92,84,75,47,128" hai3="39,104,120,41,0,90,76,69,99,59,20,87,67"/><W102/><G120/><T70/><D111/><U57/><E109/><V134/><F25/><W10/><G69/><T26/><D106/><U34/><E124/><V13/><F112/><W72/><G39/><T65/><D113/><U6/><E32/><V108/><F108/><W131/><G131/><T122/><D122/><U44/><E44/><V130/><F123/><W91/><G41/><T18/><D43/><U125/><E125/><V36/><F134/><W110/><G110/><T29/><D80/><U61/><E34/><V54/><F75/><W127/><G127/><T51/><D95/><U114/><E114/><V103/><F84/><W101/><G101/><T40/><D70/><U132/><E132/><V2/><F2/><W77/><G90/><T117/><D65/><U68/><E68/><V64/><F64/><W121/><G121/><T78/><D78/><U33/><E33/><V24/><F24/><W79/><G20/><N who="0" m="13591" /><D29/><U133/><E133/><V11/><F11/><W62/><G72/><T19/><D19/><U22/><E31/><V66/><F66/><W42/><G42/><T38/><D38/><U1/><E1/><V83/><F36/><W30/><G30/><T63/><D117/><U53/><E61/><V17/><F129/><W116/><G116/><T46/><D63/><U85/><E85/><AGARI ba="0,0" hai="12,14,40,46,50,51,55,58,85,88,94" m="13591" machi="85" ten="30,2000,0" yaku="8,1,54,1" doraHai="35" who="0" fromWho="1" sc="194,20,362,-20,250,0,194,0" /><INIT seed="4,0,0,2,1,22" ten="214,342,250,194" oya="0" hai0="15,65,76,69,58,94,33,3,92,133,32,111,80" hai1="4,16,125,63,127,121,35,43,55,86,9,14,74" hai2="71,59,135,132,10,128,26,44,21,79,7,6,51" hai3="29,62,87,103,119,5,34,23,131,75,100,67,56"/><T126/><D133/><N who="2" m="51274" /><F71/><W89/><G119/><T17/><D126/><N who="1" m="48139" /><E121/><V48/><F128/><W19/><G75/><T11/><D69/><U134/><E74/><V54/><F10/><W27/><G131/><T112/><D112/><U108/><E134/><V36/><F79/><W18/><G5/><T70/><D70/><U109/><E43/><N who="2" m="24991" /><F36/><W31/><G19/><AGARI ba="0,0" hai="6,7,19,21,26,48,54,59" m="24991,51274" machi="19" ten="30,2000,0" yaku="20,1,52,1" doraHai="22" who="2" fromWho="3" sc="214,0,342,0,250,20,194,-20" /><INIT seed="5,0,0,1,0,42" ten="214,342,270,174" oya="1" hai0="62,83,16,124,72,130,37,68,132,34,108,57,10" hai1="69,111,6,25,8,92,93,19,15,40,105,51,110" hai2="90,39,106,101,95,14,96,49,116,43,71,32,102" hai3="20,50,117,100,63,1,53,55,79,5,41,7,21"/><U33/><E105/><V45/><F116/><W89/><G117/><T47/><D108/><U127/><E69/><V76/><F32/><W56/><G100/><T74/><D34/><U64/><E64/><V88/><F71/><W80/><G41/><T60/><D132/><U121/><E121/><V122/><F122/><W120/><G120/><T82/><D130/><U18/><E127/><V44/><F76/><W77/><G89/><T86/><D68/><U94/><E33/><V131/><F131/><W61/><G1/><T17/><D124/><U29/><E29/><V27/><F27/><W97/><G97/><T38/><D57/><U30/><E30/><V118/><F118/><W22/><G80/><T103/><D86/><U28/><E28/><V91/><F14/><W70/><G70/><T112/><D10/><U65/><E65/><V115/><F115/><W87/><G87/><T133/><D133/><U66/><E66/><V12/><F12/><W84/><G84/><T59/><D59/><U52/><E40/><V13/><F13/><W67/><G67/><T35/><D35/><U46/><E25/><V31/><F31/><W109/><G109/><AGARI ba="0,0" hai="6,8,15,18,19,46,51,52,92,93,94,109,110,111" machi="109" ten="40,7700,0" yaku="10,1,52,1,54,1" doraHai="42" who="1" fromWho="3" sc="214,0,342,77,270,0,174,-77" /><INIT seed="5,1,0,1,5,84" ten="214,419,270,97" oya="1" hai0="32,102,0,83,112,97,34,100,58,52,108,109,64" hai1="6,72,124,105,33,57,129,130,115,120,119,23,19" hai2="37,103,80,36,22,91,79,49,45,82,67,65,29" hai3="87,20,39,122,48,66,98,86,96,95,16,113,63"/><U15/><E105/><V76/><F103/><W54/><G122/><T1/><D112/><U92/><E72/><V60/><F29/><W88/><G113/><T38/><D38/><U70/><E70/><V46/><F22/><W13/><G39/><T25/><D64/><U27/><E115/><V59/><F49/><W132/><G132/><T35/><D25/><U40/><E120/><V93/><F93/><W77/><G77/><T8/><D83/><U30/><E40/><V121/><F59/><N who="3" m="37247" /><G87/><T111/><D8/><N who="1" m="4503" /><E57/><AGARI ba="1,0" hai="13,16,20,48,54,57,86,88,95,96,98" m="37247" machi="57" ten="30,8000,1" yaku="25,1,8,1,52,1,54,2" doraHai="84" who="3" fromWho="1" sc="214,0,419,-83,270,0,97,83" /><INIT seed="6,0,0,3,2,8" ten="214,336,270,180" oya="2" hai0="22,53,52,123,20,32,79,49,45,67,38,85,100" hai1="21,119,9,122,27,134,24,57,48,4,0,115,78" hai2="75,74,126,90,17,99,11,128,82,104,129,71,109" hai3="87,14,25,103,91,77,97,94,112,120,105,127,88"/><V29/><F71/><W15/><G120/><T60/><D32/><U83/><E119/><V70/><F70/><W31/><G127/><T30/><D123/><U86/><E115/><V40/><F29/><W41/><G112/><T18/><D100/><U23/><E134/><V98/><F40/><W66/><G66/><T50/><D38/><U16/><E122/><V113/><F113/><W3/><G3/><T81/><D30/><U132/><E132/><V107/><F17/><W33/><G77/><T54/><D22/><U80/><E80/><V36/><F11/><W39/><REACH who="3" step="1"/><G91/><REACH who="3" ten="214,336,270,170" step="2"/><T96/><D67/><U117/><E117/><V37/><F90/><W92/><G92/><T110/><D110/><U56/><REACH who="1" step="1"/><E48/><REACH who="1" ten="214,326,270,170" step="2"/><V34/><F82/><W121/><G121/><T51/><D50/><U95/><E95/><V13/><F36/><W130/><G130/><T72/><D51/><U135/><E135/><V47/><F37/><W114/><G114/><T5/><D49/><U46/><E46/><AGARI ba="0,2" hai="14,15,25,31,33,39,41,46,87,88,94,97,103,105" machi="46" ten="40,8000,1" yaku="1,1,52,2,54,1,53,1" doraHai="8" doraHaiUra="43" who="3" fromWho="1" sc="214,0,326,-80,270,0,170,100" /><INIT seed="7,0,0,0,3,99" ten="214,246,270,270" oya="3" hai0="43,84,19,5,116,69,59,22,36,68,89,54,4" hai1="92,47,56,94,9,80,66,88,73,11,77,34,40" hai2="74,16,65,10,26,6,127,53,85,12,129,50,79" hai3="60,42,101,98,133,107,95,86,110,135,13,72,123"/><W64/><G123/><T93/><D116/><U122/><E34/><V113/><F113/><W126/><G72/><T44/><D68/><U87/><E122/><V1/><F127/><W130/><G126/><T27/><REACH who="0" step="1"/><D69/><REACH who="0" ten="204,246,270,270" step="2"/><U63/><REACH who="1" step="1"/><E92/><REACH who="1" ten="204,236,270,270" step="2"/><V103/><F129/><W28/><G95/><T112/><D112/><U71/><E71/><V102/><F74/><W76/><G130/><T96/><D96/><U109/><E109/><V48/><F85/><W31/><G110/><T2/><D2/><U3/><E3/><V105/><F1/><W33/><G98/><T14/><D14/><U21/><E21/><V114/><F12/><W39/><G13/><T57/><D57/><U46/><E46/><V134/><F114/><W100/><G33/><T20/><D20/><U75/><E75/><V115/><F115/><W125/><G125/><T38/><D38/><AGARI ba="0,2" hai="9,11,38,40,47,56,63,66,73,77,80,87,88,94" machi="38" ten="30,7700,0" yaku="1,1,7,1,54,1,53,1" doraHai="99" doraHaiUra="91" who="1" fromWho="0" sc="204,-77,236,97,270,0,270,0" owari="127,-37.0,333,43.0,270,7.0,270,-13.0" /></mjloggm>