<mjloggm ver="2.3"><GO type="169" lobby="0"/><UN n0="%79%6A%69%72%6F" n1="%E6%84%9B%E5%86%85%E9%87%8C%E8%8F%9C" n2="%69%6B%65%64%61%64%61" n3="%52%65%64%62%75%6C%6C" dan="17,18,16,18" rate="2213.80,2173.20,2162.13,2186.77" sx="M,F,M,F"/><TAIKYOKU oya="0"/><INIT seed="0,0,0,0,1,9" ten="250,250,250,250" oya="0" hai0="70,22,113,6,103,16,39,91,102,30,0,72,120" hai1="13,109,2,49,19,25,112,126,41,79,85,116,106" hai2="123,78,81,94,59,55,88,52,23,128,63,60,134" hai3="57,45,37,124,51,127,54,7,125,21,93,35,61"/><T18/><D113/><U108/><E116/><V74/><F123/><W114/><G114/><T101/><D120/><U77/><E2/><V97/><F134/><W32/><G37/><T26/><D39/><U90/><E106/><V130/><REACH who="2" step="1"/><F23/><REACH who="2" ten="250,250,240,250" step="2"/><W87/><G21/><T31/><D70/><U1/><E112/><V17/><F17/><W98/><G7/><T27/><D72/><U133/><E133/><V53/><F53/><N who="3" m="33967" /><G87/><T3/><D6/><U29/><E85/><V95/><F95/><W86/><G86/><T135/><D135/><U73/><E19/><N who="0" m="7209" /><D22/><U66/><E73/><V100/><F100/><AGARI ba="0,1" hai="32,35,45,51,54,93,98,100,124,125,127" m="33967" machi="100" ten="30,1000,0" yaku="18,1" doraHai="9" who="3" fromWho="2" sc="250,0,250,0,240,-10,250,20" /><INIT seed="1,0,0,4,5,59" ten="250,250,230,270" oya="1" hai0="47,2,104,39,75,16,103,20,125,58,108,48,23" hai1="121,70,27,14,120,52,113,118,44,30,96,53,4" hai2="54,10,45,38,84,62,90,46,105,68,32,21,79" hai3="95,24,36,60,87,86,33,0,129,1,13,111,109"/><U31/><E113/><V6/><F32/><W89/><G36/><T5/><D75/><U37/><E118/><V99/><F38/><W131/><G13/><T42/><D108/><N who="3" m="41545" /><G87/><T124/><D23/><U17/><E4/><V76/><F21/><W64/><G24/><T130/><D130/><N who="3" m="49673" /><G33/><T107/><D58/><AGARI ba="0,0" hai="0,1,58,60,64,86,89,95" m="49673,41545" machi="58" ten="30,3900,0" yaku="14,1,19,1,52,1" doraHai="59" who="3" fromWho="0" sc="250,-39,250,0,230,0,270,39" /><INIT seed="2,0,0,1,3,78" ten="211,250,230,309" oya="2" hai0="112,58,107,46,63,28,99,10,106,57,38,84,79" hai1="104,103,86,123,130,97,111,90,47,71,126,40,52" hai2="70,75,6,102,129,116,83,118,50,115,72,59,122" hai3="120,2,14,81,133,131,54,98,21,45,127,94,39"/><V121/><F70/><W5/><G120/><N who="2" m="46185" /><F6/><W89/><G2/><T117/><D112/><U17/><E123/><V69/><F59/><W110/><G39/><T27/><D117/><N who="2" m="45162" /><F50/><W29/><G29/><T105/><D10/><U36/><E71/><V24/><F24/><W101/><G45/><T20/><D99/><U19/><E52/><V8/><F8/><W18/><G54/><T25/><D25/><U93/><E17/><V65/><F115/><W92/><G21/><T87/><D79/><U109/><E19/><V30/><F30/><W42/><G42/><T37/><D58/><U34/><E34/><V73/><F102/><W33/><G101/><T95/><D38/><U100/><E100/><V113/><F113/><W7/><G18/><T88/><D37/><U11/><E11/><V48/><F48/><W85/><G33/><T108/><D46/><U124/><REACH who="1" step="1"/><E130/><REACH who="1" ten="211,240,230,309" step="2"/><V44/><F44/><W3/><G131/><T26/><D57/><U23/><E23/><V31/><F129/><W32/><G32/><T68/><D68/><U80/><E80/><V82/><F31/><W114/><G114/><T56/><D27/><U135/><E135/><V9/><F9/><W62/><G133/><T77/><D56/><U51/><E51/><V12/><F12/><W13/><G14/><T0/><D26/><U66/><E66/><V60/><F83/><W125/><G81/><T134/><D28/><U91/><E91/><V55/><F55/><W76/><G89/><T35/><D88/><U119/><E119/><V53/><F53/><W43/><G13/><T128/><D128/><RYUUKYOKU ba="0,1" sc="211,-15,240,15,230,15,309,-15" hai1="36,40,47,86,90,93,97,103,104,109,111,124,126" hai2="60,65,69,72,73,75,82" /><INIT seed="2,1,1,5,1,50" ten="196,255,245,294" oya="2" hai0="1,58,68,2,132,100,28,82,91,75,71,85,98" hai1="17,34,80,32,125,46,57,130,35,133,101,39,102" hai2="108,54,77,29,47,31,92,52,14,55,11,6,60" hai3="9,96,51,79,103,123,20,13,15,122,78,5,94"/><V33/><F33/><W12/><G122/><T37/><D37/><U106/><E133/><V10/><F108/><W38/><G38/><T53/><D132/><U74/><E130/><V112/><F112/><W83/><G123/><T22/><D75/><U27/><E125/><V62/><F77/><W25/><G51/><T119/><D119/><U109/><E109/><V19/><F47/><W36/><G36/><T110/><D110/><U81/><E17/><V44/><F44/><W66/><G66/><T89/><D89/><U63/><E27/><V134/><F134/><W99/><G99/><T131/><D131/><U23/><E23/><V45/><F45/><W121/><G121/><T135/><D135/><U7/><E7/><V111/><F92/><W90/><G103/><T42/><D42/><U18/><E18/><V93/><F93/><W69/><G69/><T87/><D87/><U127/><E127/><V88/><F88/><W8/><G83/><T70/><D22/><U117/><E117/><V64/><F111/><W116/><G116/><T129/><D28/><N who="2" m="10826" /><F64/><W104/><G104/><T95/><REACH who="0" step="1"/><D129/><REACH who="0" ten="186,255,245,294" step="2"/><U107/><E74/><V124/><F124/><W0/><G9/><N who="2" m="3081" /><F6/><W61/><G78/><T16/><D16/><U73/><E73/><V115/><F115/><W67/><G79/><T43/><D43/><N who="1" m="22911" /><E102/><V48/><F48/><AGARI ba="1,2" hai="1,2,48,53,58,68,70,71,82,85,91,95,98,100" machi="48" ten="40,2600,0" yaku="1,1,52,1,53,0" doraHai="50" doraHaiUra="72" who="0" fromWho="2" sc="186,49,255,0,245,-29,294,0" /><INIT seed="3,0,0,5,1,75" ten="235,255,216,294" oya="3" hai0="41,71,58,66,122,87,121,26,103,45,50,127,101" hai1="85,86,79,28,8,51,52,2,34,62,102,116,113" hai2="25,35,0,43,120,17,73,68,18,107,126,39,16" hai3="47,98,132,54,112,67,93,44,42,123,11,65,15"/><W72/><G112/><T64/><D127/><U63/><E113/><V100/><F0/><W36/><G123/><T6/><D71/><U27/><E116/><V133/><F126/><W9/><G132/><T74/><D74/><U125/><E125/><V7/><F7/><W129/><G129/><T48/><D6/><U131/><E131/><V5/><F5/><W31/><G31/><T56/><D26/><U32/><E32/><V57/><F68/><W46/><G72/><T13/><D13/><U69/><E8/><N who="3" m="3146" /><G15/><T14/><D14/><U96/><E2/><V134/><F73/><W130/><G36/><T88/><D121/><U76/><E85/><V1/><F1/><W83/><G83/><T92/><D122/><U59/><E86/><V82/><F82/><W124/><G42/><T23/><D23/><U106/><E63/><V118/><F118/><W114/><G114/><T81/><D81/><U77/><E76/><V78/><F78/><W21/><G21/><T84/><D84/><U119/><E119/><V30/><F120/><W117/><G117/><T89/><D89/><U80/><E80/><V104/><F104/><W12/><G130/><T20/><D20/><U115/><E115/><V70/><F70/><W109/><G12/><T108/><D108/><U90/><E90/><V33/><F33/><W97/><G109/><T135/><D135/><U110/><E110/><V37/><F134/><W3/><G3/><T53/><D58/><U24/><E27/><V128/><F133/><W4/><G124/><T10/><D10/><U111/><E111/><V60/><F128/><RYUUKYOKU ba="0,0" sc="235,15,255,15,216,-15,294,-15" hai0="41,45,48,50,53,56,64,66,87,88,92,101,103" hai1="24,28,34,51,52,59,62,69,77,79,96,102,106" /><INIT seed="4,1,0,1,1,128" ten="250,270,201,279" oya="0" hai0="119,97,83,129,95,63,111,76,112,11,79,78,100" hai1="36,67,54,8,101,74,1,28,115,65,37,73,130" hai2="121,34,33,15,20,9,48,93,13,14,12,47,66" hai3="106,122,132,30,44,51,134,110,99,71,2,18,0"/><T59/><D119/><U55/><E130/><V108/><F66/><W125/><G110/><T102/><D129/><U52/><E28/><V22/><F93/><W120/><G71/><T5/><D111/><U107/><E8/><V56/><F56/><W98/><G30/><T70/><D70/><U60/><E1/><N who="3" m="618" /><G18/><T38/><D38/><U29/><E29/><V135/><F108/><W114/><G114/><T46/><D46/><U92/><E107/><V58/><F58/><W49/><G125/><T64/><D112/><U39/><E115/><V81/><F81/><W42/><G51/><T68/><D68/><U41/><E41/><V86/><F86/><W87/><G87/><T53/><D64/><U84/><E60/><V19/><F121/><N who="3" m="46699" /><G99/><T10/><D10/><U23/><E23/><N who="2" m="8747" /><F48/><W3/><G3/><T32/><D32/><N who="2" m="12394" /><F47/><W91/><G91/><N who="0" m="55551" /><D83/><U40/><E67/><V17/><F135/><W72/><G72/><T109/><D109/><U75/><E65/><V131/><F131/><W35/><G35/><T24/><D100/><AGARI ba="1,0" hai="42,44,49,98,100,106,132,134" m="46699,618" machi="100" ten="40,5200,0" yaku="13,1,52,2" doraHai="128" who="3" fromWho="0" sc="250,-55,270,0,201,0,279,55" /><INIT seed="5,0,0,1,3,49" ten="195,270,201,334" oya="1" hai0="46,105,122,130,27,90,124,133,34,72,45,126,3" hai1="40,2,42,35,84,11,6,5,121,135,108,75,26" hai2="81,41,71,111,38,85,57,68,86,15,4,8,30" hai3="97,106,50,82,87,48,43,77,36,80,98,14,70"/><U23/><E135/><V59/><F111/><W7/><G70/><T29/><D133/><U73/><E121/><V22/><F86/><N who="3" m="48399" /><G36/><T51/><D122/><U103/><E35/><V113/><F113/><W127/><G106/><T39/><D3/><U66/><E108/><V128/><F128/><W44/><G50/><T24/><D130/><U9/><E103/><V109/><F109/><W115/><G127/><N who="0" m="48683" /><D72/><U19/><E66/><V131/><F131/><W76/><G115/><T114/><D114/><U21/><E84/><V102/><F102/><W95/><G95/><T37/><D105/><U88/><E88/><V52/><F59/><W74/><G74/><T132/><D132/><U118/><E118/><V56/><F56/><W101/><G101/><T61/><D61/><U53/><E73/><V54/><F38/><N who="0" m="14346" /><D51/><U13/><E75/><V16/><F71/><W92/><G92/><T119/><D119/><U1/><E40/><V116/><F41/><W96/><G96/><T28/><D90/><U123/><E42/><V125/><F68/><W62/><G62/><T120/><D120/><U10/><E123/><V83/><F116/><W32/><G98/><T64/><D64/><U58/><E1/><V129/><F129/><W0/><G0/><T31/><D34/><U12/><E2/><V99/><F99/><W93/><G32/><T20/><D20/><N who="1" m="13599" /><E9/><V55/><F125/><W18/><G97/><T107/><D107/><U79/><E79/><N who="2" m="46271" /><F83/><W94/><G94/><T60/><D60/><AGARI ba="0,0" hai="5,6,10,11,12,13,21,23,53,58,60" m="13599" machi="60" ten="30,2900,0" yaku="8,1,52,1" doraHai="49" who="1" fromWho="0" sc="195,-29,270,29,201,0,334,0" /><INIT seed="5,1,0,5,2,15" ten="166,299,201,334" oya="1" hai0="37,38,99,134,58,67,65,17,11,54,30,50,90" hai1="132,105,119,124,91,109,47,26,92,115,76,125,55" hai2="83,86,88,81,129,95,133,94,51,77,34,113,122" hai3="103,135,123,12,111,59,74,89,39,127,70,49,19"/><U114/><E55/><V79/><F34/><W9/><G39/><T108/><D108/><U57/><E57/><V23/><F122/><W22/><G70/><T80/><D134/><U73/><E47/><V64/><F133/><W56/><G74/><T100/><D30/><U97/><E132/><V1/><F1/><W112/><G111/><T63/><D80/><N who="1" m="45071" /><E26/><V31/><F64/><W78/><G78/><T24/><D90/><U45/><E45/><V52/><F129/><W46/><G123/><T44/><D67/><U28/><E28/><V25/><F113/><N who="1" m="43017" /><E109/><V75/><REACH who="2" step="1"/><F79/><REACH who="2" ten="166,299,191,334" step="2"/><W85/><G112/><T69/><D69/><U102/><E119/><V71/><F71/><W117/><G117/><T35/><D35/><U110/><E110/><V93/><F93/><W62/><G135/><T53/><D65/><U41/><E41/><V14/><F14/><W7/><G12/><T2/><D2/><U118/><E118/><V0/><F0/><W66/><G66/><T3/><D3/><U121/><E121/><V6/><F6/><W72/><G7/><T96/><D11/><U18/><E92/><V68/><F68/><W29/><G9/><T48/><D63/><U131/><E131/><V5/><F5/><W36/><G62/><T16/><D24/><U60/><E60/><V107/><F107/><W61/><G61/><T82/><D82/><U32/><E32/><V120/><F120/><W20/><G20/><T43/><D43/><U42/><E105/><V104/><F104/><W116/><G116/><T8/><D8/><U106/><E42/><V98/><F98/><RYUUKYOKU ba="1,1" sc="166,-10,299,-10,191,30,334,-10" hai2="23,25,31,51,52,75,77,81,83,86,88,94,95" /><INIT seed="6,2,1,4,5,68" ten="156,289,221,324" oya="2" hai0="29,97,127,134,89,74,15,83,71,66,73,117,40" hai1="103,85,14,0,112,27,77,37,34,63,76,116,6" hai2="16,80,35,9,24,95,21,23,130,4,28,32,109" hai3="81,70,122,94,36,93,69,39,13,75,17,92,48"/><V131/><F80/><W110/><G110/><T125/><D134/><U104/><E0/><N who="2" m="135" /><F95/><W86/><G122/><T96/><D15/><U12/><E85/><V100/><F100/><W59/><G75/><N who="0" m="28683" /><D29/><U25/><E103/><V84/><F84/><W3/><G3/><T50/><D50/><U53/><E77/><V49/><F109/><W22/><G69/><T119/><D40/><U33/><E76/><V106/><F49/><W42/><G70/><T1/><D66/><U61/><E104/><V18/><F106/><W10/><G10/><T129/><D71/><U46/><E6/><V67/><F67/><W120/><G120/><T128/><D1/><U82/><E82/><V11/><F11/><W44/><G59/><T43/><D43/><U38/><E116/><N who="0" m="44617" /><D83/><U118/><E118/><V88/><F88/><W60/><G60/><T7/><D7/><U5/><E5/><V65/><F65/><W72/><G72/><T113/><D89/><U78/><E78/><V101/><F101/><W2/><G2/><T41/><D41/><U124/><E53/><V98/><F28/><W133/><G42/><T30/><D30/><U107/><E46/><V87/><F35/><W55/><G44/><T126/><D113/><U114/><E107/><V132/><F32/><W62/><G55/><T56/><D56/><U105/><E105/><V123/><F123/><W79/><G48/><T19/><D19/><U51/><E51/><V47/><F18/><W99/><G79/><T31/><D31/><U8/><E8/><V54/><F16/><W115/><G17/><T135/><D135/><RYUUKYOKU ba="2,1" sc="156,15,289,15,221,-15,324,-15" hai0="96,97,125,126,127,128,129" hai1="12,14,25,27,33,34,37,38,61,63,112,114,124" /><INIT seed="7,3,1,1,0,8" ten="171,304,206,309" oya="3" hai0="10,70,26,5,64,81,87,15,60,125,61,115,13" hai1="27,2,24,89,51,38,54,82,117,126,79,44,67" hai2="83,86,104,41,47,105,133,107,122,96,130,118,45" hai3="12,77,99,37,93,123,23,48,110,135,94,95,46"/><W112/><G123/><T40/><D125/><U4/><E126/><V134/><F118/><W63/><G37/><T49/><D115/><U16/><E117/><V65/><F122/><W42/><G110/><T30/><D61/><U121/><E67/><V36/><F130/><W71/><G71/><T57/><D15/><U21/><E38/><V22/><F47/><W18/><G135/><N who="2" m="51721" /><F22/><W25/><G77/><N who="0" m="46511" /><D70/><U103/><E121/><V131/><F65/><W52/><G112/><T80/><D80/><U120/><E82/><V102/><F131/><W58/><G25/><T84/><D84/><U73/><E27/><V91/><AGARI ba="3,1" hai="36,41,45,83,86,91,96,102,104,105,107" m="51721" machi="91" ten="30,1100,0" yaku="20,1" doraHai="8" who="2" fromWho="2" sc="171,-6,304,-6,206,30,309,-8" owari="165,-33.0,298,10.0,236,-16.0,301,39.0" /></mjloggm>