<mjloggm ver="2.3"><GO type="169" lobby="0"/><UN n0="%69%6E%61%7A%6F" n1="%48%4F%4D%4F%E5%A5%B3" n2="%E3%83%95%E3%83%84%E3%82%A6%E3%81%AE%E6%81%8B%E3%81%AE%E7%B5%90%E6%9C%AB" n3="%E3%81%A6%E3%82%93%E3%81%A6%E3%81%93%E7%8B%90" dan="16,16,17,16" rate="2145.25,2132.35,2191.60,2170.37" sx="M,M,M,M"/><TAIKYOKU oya="0"/><INIT seed="0,0,0,1,4,132" ten="250,250,250,250" oya="0" hai0="74,53,13,85,90,72,64,94,23,119,2,79,37" hai1="59,75,134,83,78,99,133,123,30,91,109,19,29" hai2="82,88,20,56,9,96,43,18,93,101,125,113,70" hai3="121,22,52,48,58,124,131,110,103,14,65,62,115"/><T86/><D2/><U49/><E123/><V122/><F122/><W8/><G121/><T73/><D37/><U126/><E126/><V28/><F113/><W61/><G115/><T57/><D64/><U106/><E19/><V80/><F70/><W54/><G110/><T7/><D119/><U97/><E109/><V55/><F43/><W68/><G131/><T95/><D7/><U89/><E59/><V60/><F125/><W92/><G124/><T67/><D67/><U10/><E10/><V27/><F9/><W32/><G32/><T98/><D79/><U66/><E49/><V26/><REACH who="2" step="1"/><F101/><REACH who="2" ten="250,250,240,250" step="2"/><W77/><G8/><T84/><D23/><AGARI ba="0,1" hai="18,20,23,26,27,28,55,56,60,80,82,88,93,96" machi="23" ten="30,12000,2" yaku="1,1,2,1,7,1,25,2,8,1,54,1,53,0" doraHai="132" doraHaiUra="112" who="2" fromWho="0" sc="250,-120,250,0,240,130,250,0" /><INIT seed="1,0,0,4,2,32" ten="130,250,370,250" oya="1" hai0="120,48,23,47,2,25,66,50,70,107,79,44,72" hai1="89,15,94,95,18,135,105,29,43,133,119,46,37" hai2="93,103,130,52,126,125,71,73,26,5,118,117,124" hai3="13,14,101,35,53,62,17,90,68,122,59,87,19"/><U33/><E105/><V91/><F71/><W78/><G122/><T22/><D107/><U60/><E119/><V4/><F103/><W7/><G35/><T116/><D116/><N who="2" m="44650" /><F73/><W64/><G78/><T1/><D70/><U3/><E60/><V112/><F130/><W80/><G7/><T99/><D99/><U114/><E114/><V131/><F131/><W98/><G13/><T85/><D85/><U49/><E37/><V34/><F112/><W10/><G19/><T127/><D25/><U8/><E3/><V83/><F83/><W104/><REACH who="3" step="1"/><G68/><REACH who="3" ten="130,250,370,240" step="2"/><T6/><D6/><U16/><E18/><V113/><F113/><W129/><G129/><T123/><D79/><U132/><E33/><V92/><F34/><W27/><G27/><T88/><D72/><U30/><REACH who="1" step="1"/><E95/><REACH who="1" ten="130,240,370,240" step="2"/><V31/><F93/><W65/><AGARI ba="0,2" hai="10,14,17,53,59,62,64,65,80,87,90,98,101,104" machi="65" ten="30,2000,0" yaku="1,1,0,1,53,0" doraHai="32" doraHaiUra="110" who="3" fromWho="3" sc="130,-5,240,-10,370,-5,240,40" /><INIT seed="2,0,0,2,4,52" ten="125,230,365,280" oya="2" hai0="77,129,110,113,125,86,45,16,20,38,75,85,103" hai1="101,71,54,58,55,116,114,12,112,61,102,56,0" hai2="30,64,46,115,121,23,67,15,127,8,89,31,68" hai3="51,98,37,27,81,79,109,63,21,111,87,22,60"/><V124/><F121/><W100/><G37/><T104/><D113/><U10/><E0/><V66/><F115/><W65/><G51/><T18/><D110/><U122/><E116/><V73/><F73/><W28/><G21/><T25/><D129/><U106/><E122/><V72/><F72/><W123/><G123/><T134/><D134/><U135/><E71/><V95/><F46/><W84/><G84/><T59/><D125/><N who="2" m="48202" /><F23/><W42/><G42/><T6/><D6/><U4/><E135/><V118/><F68/><W48/><G48/><T11/><D75/><U90/><E106/><V69/><F69/><W105/><G65/><T43/><D77/><U2/><E2/><V132/><F118/><W32/><G32/><T119/><D103/><U107/><E107/><V133/><F133/><W49/><G111/><T70/><D104/><U131/><E131/><V53/><F53/><W35/><G35/><T117/><D70/><U76/><E76/><V14/><F132/><W126/><G126/><T108/><D108/><U40/><E40/><V92/><F92/><W88/><G79/><T41/><D41/><U128/><E128/><V1/><F1/><W93/><G105/><T9/><D119/><U80/><E114/><V3/><F3/><W82/><G109/><T96/><D117/><U24/><E112/><V57/><F95/><W7/><G93/><T99/><D38/><U50/><E24/><V130/><F130/><W78/><G27/><T26/><D43/><U120/><E120/><V74/><F74/><W29/><G78/><T13/><D26/><U44/><E44/><RYUUKYOKU ba="0,0" sc="125,-10,230,30,365,-10,280,-10" hai1="4,10,12,50,54,55,56,58,61,80,90,101,102" /><INIT seed="3,1,0,0,0,128" ten="115,260,355,270" oya="3" hai0="66,36,117,109,10,59,43,21,78,80,123,14,89" hai1="113,33,6,81,134,82,42,119,11,54,16,87,28" hai2="103,55,34,47,56,122,127,25,101,126,95,79,61" hai3="99,72,68,27,71,58,84,86,3,39,77,26,104"/><W131/><G72/><T88/><D117/><U20/><E113/><V32/><F122/><W12/><G3/><T112/><D109/><U65/><E119/><V2/><F2/><W90/><G39/><T124/><D112/><U102/><E102/><V73/><F79/><W18/><G71/><T48/><D124/><N who="2" m="47658" /><F73/><W62/><G68/><T121/><D121/><U31/><E65/><V108/><F108/><W133/><G99/><T93/><D36/><U97/><E97/><N who="2" m="59583" /><F103/><W40/><G104/><T50/><D21/><U76/><E33/><V129/><F129/><W1/><G1/><T5/><D123/><U41/><E76/><V125/><F125/><W37/><G84/><N who="0" m="48151" /><D43/><U35/><E42/><V24/><F47/><W110/><G77/><T7/><D5/><U85/><E6/><V67/><F67/><W64/><G110/><T29/><D89/><U69/><E41/><V9/><F9/><W52/><G64/><T94/><D29/><U114/><E31/><V115/><F115/><W92/><G131/><T91/><D91/><U30/><E28/><V107/><F107/><W105/><G105/><T106/><D94/><U44/><E30/><V57/><F57/><W98/><G98/><N who="0" m="57639" /><D106/><U130/><E114/><V8/><F8/><N who="3" m="6407" /><G40/><T17/><D7/><U74/><E130/><V135/><F32/><W23/><G37/><T132/><D66/><U118/><E118/><V100/><F34/><W49/><G23/><T70/><D70/><U63/><E69/><V53/><F100/><W75/><G75/><T45/><D10/><U46/><E11/><V22/><F22/><RYUUKYOKU ba="1,0" sc="115,0,260,0,355,0,270,0" /><INIT seed="4,2,0,0,3,15" ten="115,260,355,270" oya="0" hai0="121,76,19,77,97,111,11,91,18,100,126,49,21" hai1="12,96,29,80,81,5,79,110,94,130,84,103,89" hai2="108,113,52,14,101,9,40,85,104,132,13,3,117" hai3="53,57,33,34,16,26,66,72,58,27,51,2,17"/><T71/><D71/><U134/><E110/><V87/><F108/><W35/><G72/><T98/><D121/><U55/><E29/><V61/><F40/><W64/><G2/><T56/><D126/><U25/><E25/><V42/><F42/><W43/><G43/><T129/><D129/><U119/><E119/><V24/><F3/><W4/><G4/><T133/><D133/><U65/><E65/><V32/><F132/><W69/><G69/><T99/><D100/><U38/><E38/><V102/><F113/><W45/><G45/><T70/><D70/><U109/><E109/><V63/><F117/><W135/><G135/><T47/><D56/><U125/><E125/><V30/><F104/><W60/><REACH who="3" step="1"/><G66/><REACH who="3" ten="115,260,355,260" step="2"/><T114/><D114/><U95/><E134/><V44/><F44/><W124/><G124/><T115/><D115/><U1/><E1/><V112/><F112/><W128/><G128/><T82/><D111/><U107/><E5/><V93/><F52/><W62/><G62/><T59/><D59/><U8/><E55/><V28/><F63/><W131/><G131/><T86/><D11/><U106/><E130/><V118/><F9/><W92/><G92/><T10/><D10/><U31/><E8/><V23/><F93/><W78/><G78/><N who="0" m="30315" /><D21/><U74/><E106/><V37/><F23/><W123/><G123/><T122/><D122/><U90/><E107/><V105/><F105/><W46/><G46/><T39/><D39/><U68/><E68/><V50/><F37/><W120/><G120/><T83/><D82/><U7/><E80/><V88/><F118/><RYUUKYOKU ba="2,1" sc="115,15,260,-15,355,-15,260,15" hai0="18,19,47,49,83,86,91,97,98,99" hai3="16,17,26,27,33,34,35,51,53,57,58,60,64" /><INIT seed="4,3,1,0,3,1" ten="130,245,340,275" oya="0" hai0="117,104,122,32,0,66,125,14,27,113,12,30,11" hai1="47,121,85,94,55,112,69,83,81,24,43,116,106" hai2="9,100,19,133,8,25,76,35,48,130,34,39,18" hai3="119,4,63,115,89,91,57,22,110,129,58,20,93"/><T135/><D104/><U118/><E106/><V72/><F39/><W80/><G110/><T50/><D117/><U44/><E121/><V2/><F100/><W68/><G68/><T16/><D122/><U17/><E69/><V28/><F48/><W98/><G119/><T61/><D113/><U56/><E112/><V42/><F42/><W53/><G115/><T36/><D36/><U67/><E67/><V29/><F76/><W77/><G129/><T64/><D135/><U92/><E24/><N who="2" m="18695" /><F72/><W70/><G4/><N who="0" m="1415" /><D14/><U13/><E13/><V128/><F133/><W114/><G70/><T124/><D50/><U107/><E107/><V65/><F65/><W33/><G33/><T84/><D84/><U105/><E85/><V23/><F19/><W132/><G132/><T111/><D111/><U101/><E17/><V134/><F134/><W41/><G114/><T49/><D49/><U15/><E105/><V99/><F99/><W10/><G89/><T45/><D45/><U88/><E47/><V3/><F3/><W87/><G58/><N who="0" m="36919" /><D66/><U120/><E44/><V126/><F2/><W127/><G57/><T78/><D78/><U51/><E56/><V82/><F130/><W86/><G86/><T90/><D90/><U74/><E88/><V40/><F128/><W60/><G53/><T79/><D79/><U59/><E55/><V6/><F35/><W131/><G131/><T37/><D37/><U26/><E118/><V31/><F40/><W103/><G41/><T96/><D96/><U62/><E43/><V95/><F95/><W7/><G77/><T73/><D73/><RYUUKYOKU ba="3,1" sc="130,30,245,-10,340,-10,275,-10" hai0="12,16,27,30,32,124,125" /><INIT seed="4,4,1,5,3,46" ten="160,235,330,265" oya="0" hai0="1,33,90,30,80,21,48,125,79,15,132,73,88" hai1="50,105,17,58,94,115,45,18,130,106,6,99,104" hai2="120,24,12,70,25,72,117,8,4,3,75,65,36" hai3="74,103,121,29,44,129,91,63,78,86,32,101,93"/><T113/><D1/><U81/><E130/><V28/><F120/><W123/><G32/><T27/><D113/><U51/><E115/><V9/><F36/><W59/><G29/><T108/><D132/><U23/><E6/><V122/><F122/><N who="3" m="46603" /><G129/><T116/><D125/><U77/><E58/><V41/><F41/><W98/><G44/><T97/><D116/><U13/><E18/><V2/><F117/><W95/><G103/><T69/><D69/><U34/><E45/><V11/><F11/><W66/><G78/><T83/><D108/><U118/><E34/><V128/><F128/><W26/><G26/><T31/><D31/><U126/><E126/><V131/><F131/><W22/><G22/><T71/><D71/><U20/><E20/><V112/><F112/><W60/><G60/><T134/><D134/><U84/><REACH who="1" step="1"/><E118/><REACH who="1" ten="160,225,330,265" step="2"/><V16/><F28/><W82/><G74/><T10/><D33/><U19/><E19/><V92/><F75/><W87/><G87/><N who="0" m="50279" /><D73/><U55/><E55/><V109/><F72/><W89/><G59/><T5/><D79/><U37/><E37/><V96/><F70/><W43/><G66/><T62/><D62/><U53/><E53/><V39/><F65/><W61/><G43/><T42/><D97/><U68/><E68/><V52/><F39/><W110/><G110/><T56/><D42/><U47/><E47/><V107/><F109/><W40/><G40/><T119/><D119/><U133/><E133/><V135/><F96/><N who="3" m="59551" /><G61/><T85/><D56/><U127/><E127/><V49/><F135/><W35/><G35/><T57/><D57/><RYUUKYOKU ba="4,2" sc="160,10,225,10,330,-30,265,10" hai0="5,10,15,21,27,30,48,83,85,90" hai1="13,17,23,50,51,77,81,84,94,99,104,105,106" hai3="63,82,86,89,91,93,98" /><INIT seed="4,5,2,4,3,27" ten="170,235,300,275" oya="0" hai0="101,87,14,95,135,47,1,133,130,12,76,7,51" hai1="112,59,19,30,97,42,6,55,93,17,50,103,32" hai2="102,15,16,119,111,18,62,53,8,20,128,75,129" hai3="40,33,26,117,126,63,114,9,21,123,77,37,67"/><T60/><D130/><N who="2" m="50282" /><F111/><W57/><G117/><T35/><D1/><U11/><E112/><V124/><F124/><W58/><G114/><T134/><D35/><U61/><E32/><V88/><F119/><W82/><G126/><T13/><D60/><U131/><E131/><V91/><F75/><W92/><G123/><T125/><D125/><U25/><E42/><V121/><F102/><W116/><G116/><T36/><D36/><U109/><E109/><V85/><F85/><W81/><G33/><T49/><D7/><U52/><E30/><V74/><F74/><W72/><G92/><T68/><D68/><U99/><E25/><N who="2" m="14471" /><F121/><W38/><G82/><N who="0" m="47559" /><D47/><N who="1" m="27743" /><E99/><AGARI ba="5,2" hai="12,13,14,49,51,95,99,101,133,134,135" m="47559" machi="99" ten="40,2000,0" yaku="20,1" doraHai="27" who="0" fromWho="1" sc="170,55,235,-35,300,0,275,0" /><INIT seed="4,6,0,0,2,13" ten="225,200,300,275" oya="0" hai0="73,103,24,96,135,83,111,115,78,128,35,58,9" hai1="11,66,61,134,124,6,46,85,21,20,131,76,38" hai2="8,113,10,88,14,100,120,68,25,15,45,5,74" hai3="47,43,29,102,19,92,97,90,0,63,40,108,125"/><T23/><D35/><U77/><E131/><V2/><F120/><W48/><G108/><T1/><D128/><U37/><E124/><V95/><F68/><W132/><G132/><T27/><D135/><U52/><E134/><V33/><F74/><W59/><G125/><T7/><D115/><U86/><E38/><V44/><F100/><W98/><G0/><T106/><D111/><U50/><E37/><V60/><F60/><W65/><G29/><T51/><REACH who="0" step="1"/><D23/><REACH who="0" ten="215,200,300,275" step="2"/><U91/><E21/><V104/><F113/><W42/><REACH who="3" step="1"/><G19/><REACH who="3" ten="215,200,300,265" step="2"/><T55/><AGARI ba="6,2" hai="1,7,9,24,27,51,55,58,73,78,83,96,103,106" machi="55" ten="30,6000,0" yaku="1,1,2,1,0,1,53,0" doraHai="13" doraHaiUra="121" who="0" fromWho="0" sc="215,98,200,-26,300,-26,265,-26" /><INIT seed="4,7,0,3,3,75" ten="313,174,274,239" oya="0" hai0="27,131,14,134,11,127,44,78,123,63,26,34,104" hai1="117,20,48,118,122,115,129,59,49,91,38,111,71" hai2="52,2,24,7,0,125,89,114,15,32,58,110,39" hai3="19,101,46,70,95,10,121,135,51,22,17,79,124"/><T120/><D104/><U54/><E122/><V68/><F110/><W66/><G135/><T12/><D134/><U113/><E111/><V9/><F68/><W100/><G124/><T90/><D127/><U107/><E107/><V87/><F39/><W86/><G121/><T94/><D131/><U4/><E4/><V41/><F41/><W99/><G70/><T3/><D3/><U64/><E20/><V74/><F74/><W57/><G101/><T112/><D14/><U5/><E5/><V81/><F114/><N who="1" m="43529" /><E38/><V40/><F40/><W83/><G10/><T67/><D112/><U130/><E91/><V30/><REACH who="2" step="1"/><F125/><REACH who="2" ten="313,174,264,239" step="2"/><W21/><G17/><T23/><D123/><U56/><E71/><V1/><F1/><W13/><G19/><T72/><D72/><U85/><E85/><V25/><F25/><W73/><G13/><T69/><D27/><U126/><E126/><V106/><F106/><W133/><G73/><T116/><D26/><U65/><E118/><V36/><F36/><W102/><G133/><T132/><D69/><U84/><E84/><V6/><F6/><W42/><G102/><T33/><D132/><U28/><E117/><V8/><F8/><W103/><G100/><T62/><D116/><U96/><E129/><V92/><F92/><W60/><AGARI ba="7,1" hai="21,22,42,46,51,57,60,66,79,83,86,95,99,103" machi="60" ten="30,4000,0" yaku="0,1,8,1,52,1" doraHai="75" who="3" fromWho="3" sc="313,-27,174,-17,264,-17,239,71" /><INIT seed="5,0,0,3,4,123" ten="286,157,247,310" oya="1" hai0="113,105,55,7,70,121,46,45,87,35,106,53,27" hai1="51,75,6,129,80,28,127,18,83,120,36,19,81" hai2="64,89,135,33,2,8,108,104,134,59,90,71,79" hai3="91,122,21,0,107,114,68,102,62,10,100,5,24"/><U95/><E120/><V38/><F38/><W63/><G122/><T15/><D70/><U13/><E127/><V31/><F104/><W43/><G114/><T9/><D121/><U118/><E36/><V132/><F71/><W66/><G43/><T88/><D113/><U78/><E129/><V133/><F79/><W40/><G40/><T73/><D73/><U54/><E118/><V17/><F135/><W103/><G62/><T29/><D105/><U34/><E6/><N who="2" m="1111" /><F17/><W97/><REACH who="3" step="1"/><G91/><REACH who="3" ten="286,157,247,300" step="2"/><T26/><D106/><U56/><E78/><V3/><F90/><W99/><G99/><T67/><D67/><U94/><E75/><V86/><F64/><W60/><G60/><T57/><D53/><U112/><E112/><V61/><F61/><W69/><G69/><T85/><D85/><U12/><E34/><V110/><F86/><W117/><G117/><T93/><D27/><U119/><E119/><V115/><F115/><W22/><G22/><T14/><REACH who="0" step="1"/><D15/><REACH who="0" ten="276,157,247,300" step="2"/><U128/><E13/><V131/><F133/><W20/><G20/><T92/><D92/><U125/><E12/><V77/><F134/><W47/><G47/><T23/><D23/><U50/><E95/><V30/><F132/><W25/><G25/><T58/><D58/><U65/><E94/><V52/><F59/><W11/><G11/><T74/><D74/><U84/><E56/><V32/><F52/><W39/><G39/><T96/><D96/><U124/><E54/><V82/><F33/><W44/><G44/><T16/><D16/><AGARI ba="0,2" hai="0,5,10,16,21,24,63,66,68,97,100,102,103,107" machi="16" ten="30,3900,0" yaku="1,1,7,1,54,1,53,0" doraHai="123" doraHaiUra="130" who="3" fromWho="0" sc="276,-39,157,0,247,0,300,59" /><INIT seed="6,0,0,3,2,48" ten="237,157,247,359" oya="2" hai0="107,81,87,111,6,68,34,120,104,60,21,18,110" hai1="92,59,108,102,51,3,97,100,99,43,76,79,36" hai2="11,78,17,9,93,4,109,113,74,103,20,65,44" hai3="61,41,52,23,94,121,84,88,123,15,91,37,19"/><V13/><F113/><W67/><G37/><T106/><D120/><U54/><E108/><V101/><F109/><W63/><G41/><T117/><D34/><U90/><E3/><V118/><F118/><W66/><G91/><T30/><D30/><U131/><E131/><V134/><F134/><W50/><G123/><T27/><D117/><U114/><E114/><V73/><F65/><N who="3" m="24587" /><G121/><T82/><D68/><U0/><E0/><V112/><F112/><W89/><G89/><T29/><D60/><U83/><E36/><V130/><F130/><W115/><G115/><T2/><D82/><U40/><E90/><V39/><F11/><W80/><G80/><T35/><D87/><U72/><REACH who="1" step="1"/><E79/><REACH who="1" ten="237,147,247,359" step="2"/><V85/><F78/><W22/><G22/><T116/><D116/><U127/><E127/><V28/><F20/><W119/><G119/><T26/><D110/><U32/><E32/><V24/><F39/><W56/><AGARI ba="0,1" hai="15,19,23,50,52,56,61,63,84,88,94" m="24587" machi="56" ten="30,8000,1" yaku="25,1,8,1,52,1,54,2" doraHai="48" who="3" fromWho="3" sc="237,-20,147,-20,247,-40,359,90" /><INIT seed="7,0,0,3,1,91" ten="217,127,207,449" oya="3" hai0="122,107,29,33,132,111,52,64,24,70,49,95,114" hai1="103,14,129,45,5,42,125,58,38,0,126,102,59" hai2="54,134,12,1,104,112,68,37,6,50,85,100,130" hai3="53,13,117,113,118,28,31,79,108,81,74,35,106"/><W120/><G120/><T22/><D111/><U86/><E129/><V21/><F37/><W57/><G106/><T36/><D107/><U110/><E110/><V121/><F68/><W80/><G108/><T2/><D36/><U92/><E0/><V10/><F130/><W4/><G113/><T8/><D122/><U19/><E5/><V3/><F121/><W27/><G28/><T109/><D109/><U69/><E69/><V41/><F41/><W89/><G4/><T66/><D70/><U46/><E46/><V39/><F39/><W75/><G13/><T20/><D132/><U9/><E103/><V32/><F32/><W135/><G135/><T65/><D114/><U61/><E59/><V84/><F134/><W47/><G47/><T34/><D34/><U63/><E61/><V127/><F127/><W101/><G101/><T40/><D40/><U133/><E133/><V26/><F112/><W55/><G55/><T15/><D2/><U105/><E105/><V99/><F3/><W7/><G7/><N who="0" m="3487" /><D33/><U76/><E76/><V96/><F1/><W62/><G89/><T77/><D77/><AGARI ba="0,0" hai="27,31,35,53,57,62,74,75,77,79,80,81,117,118" machi="77" ten="40,2000,0" yaku="9,1" doraHai="91" who="3" fromWho="0" sc="217,-20,127,0,207,0,449,20" owari="197,-20.0,127,-37.0,207,1.0,469,56.0" /></mjloggm>