<mjloggm ver="2.3"><GO type="169" lobby="0"/><UN n0="%E5%BD%A9%E4%BA%AC" n1="%73%65%61%73%74%6F%72%79" n2="%77%72%77%72%77%72%77%72" n3="%E3%83%8F%E3%82%B9%E5%A4%AA" dan="17,16,17,16" rate="2224.16,2088.66,2169.47,2140.68" sx="M,M,M,M"/><TAIKYOKU oya="0"/><INIT seed="0,0,0,5,3,80" ten="250,250,250,250" oya="0" hai0="68,75,16,5,54,105,0,12,8,46,9,59,61" hai1="23,18,81,32,109,118,82,28,113,45,92,132,65" hai2="72,67,93,123,110,121,17,119,91,94,89,63,52" hai3="39,77,124,78,117,88,90,60,44,98,29,49,14"/><T21/><D105/><U112/><E118/><V2/><F2/><W95/><G117/><T111/><D75/><U4/><E132/><V133/><F72/><W131/><G131/><T55/><D111/><U43/><E109/><V86/><F119/><W66/><G124/><T58/><D68/><U35/><E4/><V76/><F76/><W41/><G29/><T97/><D97/><U20/><E92/><V74/><F74/><W10/><G39/><T100/><D100/><U11/><E65/><V79/><F79/><W30/><G30/><T134/><D134/><U7/><E28/><V126/><F126/><W62/><G62/><T71/><D71/><U114/><E35/><V106/><F106/><W37/><G37/><T38/><D38/><U26/><E23/><V57/><F110/><W56/><REACH who="3" step="1"/><G90/><REACH who="3" ten="250,250,250,240" step="2"/><T15/><D46/><U125/><E125/><V40/><F133/><W13/><G13/><T31/><D31/><U51/><REACH who="1" step="1"/><E32/><REACH who="1" ten="250,240,250,240" step="2"/><V73/><F121/><W102/><G102/><T19/><REACH who="0" step="1"/><D59/><REACH who="0" ten="240,240,250,240" step="2"/><U129/><E129/><V103/><F57/><W33/><G33/><T22/><D22/><U120/><E120/><V1/><F103/><W84/><G84/><T128/><D128/><U108/><E108/><V53/><F86/><W25/><G25/><T135/><D135/><U87/><E87/><V50/><F123/><W36/><G36/><T85/><D85/><U69/><E69/><V96/><F73/><W64/><G64/><AGARI ba="0,3" hai="0,5,8,9,12,15,16,19,21,54,55,58,61,64" machi="64" ten="30,5800,0" yaku="1,1,7,1,54,1,53,0" doraHai="80" doraHaiUra="116" who="0" fromWho="3" sc="240,88,240,0,250,0,240,-58" /><INIT seed="0,1,0,3,2,21" ten="328,240,250,182" oya="0" hai0="26,100,29,51,15,132,78,33,5,1,37,69,110" hai1="108,127,124,133,116,40,55,22,93,75,49,121,113" hai2="106,58,57,18,16,74,95,118,98,52,46,99,129" hai3="104,97,48,2,10,47,31,12,14,123,81,71,105"/><T72/><D132/><U43/><E75/><V119/><F129/><W79/><G123/><T120/><D120/><U87/><E121/><V96/><F74/><W65/><G2/><T68/><D37/><U70/><E116/><N who="2" m="44587" /><F106/><W91/><G71/><T109/><D100/><U73/><E73/><V50/><F95/><W112/><G112/><T76/><D1/><U27/><E133/><V92/><F92/><W45/><G65/><T20/><D51/><U28/><E70/><N who="0" m="27241" /><D72/><U126/><E113/><V88/><F88/><W41/><G91/><T107/><D107/><U59/><E108/><N who="0" m="41577" /><D33/><U42/><E93/><V39/><F57/><W122/><G48/><T34/><D34/><U19/><E87/><V90/><F90/><W30/><G122/><T0/><D0/><U89/><E89/><V86/><F86/><W44/><G104/><T84/><D84/><U32/><E32/><V135/><F135/><W83/><G105/><T101/><D101/><U3/><E3/><V61/><F39/><W7/><G97/><T8/><AGARI ba="1,0" hai="5,8,15,20,26,29,76,78" m="41577,27241" machi="8" ten="40,7800,0" yaku="14,1,10,1,52,1" doraHai="21" who="0" fromWho="0" sc="328,81,240,-27,250,-27,182,-27" /><INIT seed="0,2,0,5,1,9" ten="409,213,223,155" oya="0" hai0="59,51,15,65,113,37,111,73,84,100,21,85,31" hai1="44,50,92,88,23,45,8,60,41,87,90,34,97" hai2="56,89,76,27,43,119,7,64,133,11,28,118,62" hai3="32,54,93,17,69,1,110,18,106,79,22,42,81"/><T46/><D73/><U4/><E34/><V99/><F133/><W36/><G106/><T25/><D113/><U3/><E60/><V14/><F76/><W123/><G32/><T47/><D100/><U130/><E23/><V125/><F125/><W48/><G110/><T82/><D37/><U128/><REACH who="1" step="1"/><E45/><REACH who="1" ten="409,203,223,155" step="2"/><V98/><F119/><W35/><G22/><T91/><D47/><U80/><AGARI ba="2,1" hai="3,4,8,41,44,50,80,87,88,90,92,97,128,130" machi="80" ten="30,7900,0" yaku="1,1,2,1,0,1,54,1,53,0" doraHai="9" doraHaiUra="24" who="1" fromWho="1" sc="409,-41,203,95,223,-22,155,-22" /><INIT seed="1,0,0,0,3,51" ten="368,298,201,133" oya="1" hai0="78,128,108,16,45,19,5,119,80,28,43,74,122" hai1="84,55,10,44,4,57,24,21,124,79,70,50,59" hai2="105,131,25,65,107,95,134,8,112,14,116,92,26" hai3="39,87,40,62,66,23,93,127,42,86,3,61,48"/><U73/><E70/><V7/><F116/><W32/><G32/><T99/><D119/><U20/><E73/><V110/><F110/><W106/><G106/><T98/><D108/><U111/><E111/><V113/><F131/><W118/><G118/><T126/><D128/><U132/><E132/><V68/><F65/><W88/><G3/><T17/><D126/><U115/><E115/><N who="2" m="44107" /><F68/><W29/><G127/><T83/><D122/><U71/><E71/><V103/><F95/><W36/><G36/><T100/><D28/><U53/><E124/><V109/><F109/><W22/><G39/><T77/><D5/><U67/><E67/><V104/><F134/><W121/><G121/><T41/><D45/><U46/><E79/><V63/><F63/><W34/><G34/><T120/><D120/><U1/><E84/><V72/><F72/><W97/><G29/><T130/><D130/><U125/><E125/><V94/><F94/><W102/><G86/><T133/><D133/><U76/><E76/><V9/><F9/><W82/><G62/><T38/><D99/><AGARI ba="0,0" hai="7,8,14,25,26,92,99,103,104,105,107" m="44107" machi="99" ten="40,1300,0" yaku="11,1" doraHai="51" who="2" fromWho="0" sc="368,-13,298,0,201,13,133,0" /><INIT seed="2,0,0,3,5,65" ten="355,298,214,133" oya="2" hai0="88,51,2,68,72,35,52,7,49,102,63,19,96" hai1="53,82,123,64,22,103,10,92,93,85,125,73,132" hai2="29,55,9,94,84,128,50,28,101,78,127,133,41" hai3="38,0,110,42,17,111,37,86,34,25,12,20,66"/><V15/><F128/><W60/><G0/><T118/><D72/><U27/><E123/><V62/><F133/><W105/><G86/><T76/><D76/><U48/><E73/><V89/><F41/><W98/><G42/><T119/><D35/><U131/><E132/><V130/><F62/><W124/><G124/><T11/><D19/><U61/><E125/><V83/><F101/><W71/><G38/><T24/><D24/><U33/><E33/><V79/><F130/><W115/><G37/><T58/><D88/><N who="1" m="51255" /><E10/><V121/><F121/><W36/><G36/><T67/><REACH who="0" step="1"/><D51/><REACH who="0" ten="345,298,214,133" step="2"/><U5/><E131/><V90/><F90/><W23/><G115/><T44/><D44/><N who="1" m="27783" /><E5/><N who="2" m="3503" /><F127/><W134/><G134/><T14/><D14/><U122/><E122/><V107/><F79/><W129/><G129/><T116/><D116/><U46/><E46/><N who="2" m="28119" /><F107/><AGARI ba="0,1" hai="2,7,11,49,52,58,63,67,68,96,102,107,118,119" machi="107" ten="40,5200,0" yaku="1,1,52,1,54,1,53,0" doraHai="65" doraHaiUra="18" who="0" fromWho="2" sc="345,62,298,0,214,-52,133,0" /><INIT seed="3,0,0,3,5,117" ten="407,298,162,133" oya="3" hai0="82,80,83,30,12,18,90,85,23,121,56,19,134" hai1="33,44,79,4,45,37,58,100,75,106,46,32,17" hai2="27,104,22,15,135,8,26,29,31,128,120,61,72" hai3="52,113,110,91,119,43,70,131,69,25,53,6,124"/><W127/><G119/><T116/><D116/><U10/><E37/><V132/><F72/><W76/><G76/><T97/><D121/><U114/><E114/><V65/><F104/><W126/><G113/><T129/><D129/><U48/><E17/><V59/><F128/><W55/><G131/><T5/><D134/><U103/><E79/><V94/><F120/><W108/><G6/><T28/><D97/><U39/><E75/><V35/><REACH who="2" step="1"/><F94/><REACH who="2" ten="407,298,152,133" step="2"/><W50/><G25/><T36/><D83/><U2/><E106/><V105/><F105/><W14/><G91/><T93/><D82/><U125/><E39/><V130/><F130/><W86/><G86/><T84/><D84/><U98/><E125/><N who="3" m="32002" /><W77/><DORA hai="51" /><G77/><T47/><D90/><U42/><E42/><V109/><F109/><N who="3" m="42091" /><G14/><T38/><D12/><U40/><E40/><V16/><AGARI ba="0,1" hai="8,15,16,22,26,27,29,31,35,59,61,65,132,135" machi="16" ten="30,4000,0" yaku="1,1,0,1,54,1,53,0" doraHai="117,51" doraHaiUra="0,34" who="2" fromWho="2" sc="407,-10,298,-10,152,50,133,-20" /><INIT seed="4,0,0,4,5,77" ten="397,288,202,113" oya="0" hai0="122,129,94,111,80,9,70,62,38,32,6,25,120" hai1="92,37,84,24,45,76,17,39,60,22,126,108,133" hai2="13,63,7,128,18,0,54,42,96,8,15,50,79" hai3="44,58,14,55,51,65,100,106,23,83,64,134,59"/><T112/><D38/><U107/><E108/><V35/><F128/><W12/><G134/><T43/><D43/><U105/><E133/><V124/><F124/><W121/><G121/><T98/><D111/><U67/><E126/><V110/><F35/><W71/><G71/><T53/><D112/><U1/><E1/><V73/><F63/><W104/><G100/><T99/><D99/><U29/><E39/><V91/><F42/><W10/><G23/><T93/><D93/><U85/><E45/><V16/><F110/><W27/><G27/><T21/><D32/><U78/><E37/><V72/><F79/><W117/><G117/><T89/><D129/><U49/><E49/><V86/><F7/><W90/><G104/><T4/><D4/><U3/><E3/><V81/><F0/><W57/><G106/><T61/><D70/><U2/><E2/><V125/><F96/><W33/><G33/><T68/><D68/><U28/><E107/><V74/><F125/><W88/><G90/><T109/><D109/><U115/><E105/><V135/><F135/><W123/><G123/><T103/><D122/><U40/><E40/><V48/><REACH who="2" step="1"/><F54/><REACH who="2" ten="397,288,192,113" step="2"/><W130/><G130/><T97/><D53/><U26/><E115/><V36/><F36/><W113/><G113/><T87/><D120/><U69/><E78/><V5/><F5/><N who="3" m="3151" /><G14/><N who="0" m="5431" /><D98/><U30/><E26/><V131/><F131/><W20/><G20/><AGARI ba="0,1" hai="8,13,15,16,18,20,48,50,72,73,74,81,86,91" machi="20" ten="40,8000,1" yaku="1,1,52,1,54,1,53,1" doraHai="77" doraHaiUra="82" who="2" fromWho="3" sc="397,0,288,0,192,90,113,-80" /><INIT seed="5,0,0,4,2,29" ten="397,288,282,33" oya="1" hai0="135,6,22,115,9,2,23,86,123,40,104,1,33" hai1="91,96,66,128,50,27,101,20,60,16,52,41,18" hai2="112,73,26,88,109,59,99,5,24,69,72,65,116" hai3="132,47,30,13,90,120,83,70,39,130,76,133,38"/><U4/><E128/><V28/><F109/><W111/><G111/><T37/><D104/><U25/><E4/><V32/><F116/><W49/><G130/><T7/><D115/><U80/><E41/><V105/><F5/><W8/><G70/><T118/><D118/><U43/><E43/><V58/><F24/><W3/><G120/><T56/><D40/><U113/><E113/><V45/><F45/><W46/><G3/><T75/><D9/><U97/><E101/><V108/><F108/><W98/><G30/><T93/><D123/><U129/><E129/><V55/><F55/><W107/><G46/><T117/><D75/><U63/><E66/><V85/><F69/><W102/><G90/><T89/><D37/><U10/><E10/><V42/><F42/><W48/><G39/><T103/><D103/><U54/><E80/><V34/><F65/><W14/><G38/><T11/><D7/><U31/><E91/><V119/><F73/><W87/><G14/><T35/><D6/><U19/><E27/><V79/><F79/><W62/><G62/><N who="1" m="23594" /><E54/><V131/><F72/><W15/><G15/><T122/><D1/><U67/><E67/><V106/><F119/><W84/><G47/><AGARI ba="0,0" hai="16,18,19,20,25,31,47,50,52,96,97" m="23594" machi="47" ten="30,5800,0" yaku="8,1,54,2" doraHai="29" who="1" fromWho="3" sc="397,0,288,58,282,0,33,-58" owari="397,50.0,346,15.0,282,-12.0,-25,-53.0" /></mjloggm>