<mjloggm ver="2.3"><GO type="225" lobby="0"/><UN n0="%31%73%E3%81%A7%E3%81%84%E3%81%84%E3%81%9D%E3%81%86" n1="%E3%81%82%E3%81%9A%E3%81%8D%E3%81%82%E3%81%9A%E3%81%95" n2="%E8%88%B9%E8%A6%8B%E7%B5%90%E8%A1%A3%E3%81%A1%E3%82%83%E3%82%93" n3="%E6%96%87%E8%B1%AA" dan="16,16,16,16" rate="2126.66,2113.12,2138.40,2040.80" sx="M,M,F,M"/><TAIKYOKU oya="0"/><INIT seed="0,0,0,0,0,68" ten="250,250,250,250" oya="0" hai0="47,112,70,14,110,95,103,9,63,19,43,98,135" hai1="17,58,51,96,12,36,65,66,13,71,29,73,32" hai2="104,33,1,122,22,16,45,78,77,109,7,113,55" hai3="28,88,67,27,56,105,37,134,80,8,18,50,49"/><T54/><D112/><U48/><E73/><V69/><F122/><W2/><G105/><T94/><D135/><U5/><E71/><V52/><F113/><W90/><G37/><T44/><D110/><U39/><E5/><V62/><F104/><W15/><G2/><T131/><D131/><U76/><E76/><V132/><F33/><W92/><G134/><T34/><D34/><U75/><E75/><V83/><F132/><W85/><G67/><N who="1" m="25610" /><E58/><V82/><F109/><W41/><G41/><T74/><D74/><U99/><E17/><V125/><F125/><W30/><G56/><N who="0" m="35223" /><D70/><U79/><E79/><V84/><F69/><W3/><G3/><T118/><D118/><U91/><E91/><V10/><F62/><W0/><G0/><T23/><D43/><U121/><E29/><N who="3" m="11370" /><G27/><N who="0" m="14847" /><D94/><U6/><E121/><V130/><F45/><W61/><G61/><T117/><D117/><U115/><E115/><V128/><F128/><W21/><G21/><T127/><D127/><U114/><E114/><V42/><F42/><W40/><G40/><T129/><D129/><U106/><E106/><V123/><F130/><W116/><G116/><T11/><D11/><U124/><E124/><V26/><REACH who="2" step="1"/><F123/><REACH who="2" ten="250,250,240,250" step="2"/><W20/><G20/><T89/><D103/><U57/><E32/><V111/><F111/><W38/><G38/><N who="1" m="14378" /><E57/><V87/><AGARI ba="0,1" hai="1,7,10,16,22,26,52,55,77,78,82,83,84,87" machi="87" ten="20,16000,3" yaku="1,1,0,1,7,1,9,1,54,2,53,2" doraHai="68" doraHaiUra="81" who="2" fromWho="2" sc="250,-80,250,-40,240,170,250,-40" /><INIT seed="1,0,0,0,4,42" ten="170,210,410,210" oya="1" hai0="63,46,64,130,119,61,125,77,30,116,110,0,79" hai1="36,37,7,1,2,133,113,128,34,104,73,106,67" hai2="57,32,48,54,91,127,33,25,4,111,17,132,74" hai3="9,52,82,98,27,38,10,71,31,114,126,6,41"/><U47/><E113/><V89/><F111/><W72/><G114/><T129/><D0/><N who="1" m="107" /><E7/><V120/><F74/><W107/><G126/><T35/><D30/><U44/><E67/><V88/><F132/><W28/><G71/><T105/><D35/><U11/><E34/><V92/><F120/><W102/><G52/><T95/><D105/><N who="1" m="40555" /><E11/><V43/><F127/><W121/><G10/><T87/><D125/><U51/><E51/><V20/><F4/><W100/><G100/><T58/><D110/><U115/><E115/><V108/><F108/><W14/><G27/><T80/><D79/><U109/><E109/><V117/><F117/><W123/><G123/><T103/><D63/><U15/><E15/><V84/><F43/><W26/><G26/><T24/><D24/><U135/><E73/><V8/><F8/><W21/><G21/><T66/><D66/><U85/><E85/><V5/><F5/><W62/><G62/><T131/><REACH who="0" step="1"/><D46/><REACH who="0" ten="160,210,410,210" step="2"/><N who="1" m="17451" /><E128/><V97/><F33/><W75/><G121/><T122/><D122/><U16/><E16/><V39/><F32/><W18/><G18/><T96/><AGARI ba="0,1" hai="58,61,64,77,80,87,95,96,103,116,119,129,130,131" machi="96" ten="40,8000,1" yaku="1,1,0,1,19,1,53,1" doraHai="42" doraHaiUra="83" who="0" fromWho="0" sc="160,90,210,-40,410,-20,210,-20" /><INIT seed="2,0,0,1,3,4" ten="250,170,390,190" oya="2" hai0="25,12,41,24,44,94,73,90,33,8,11,52,64" hai1="106,60,75,66,27,128,101,117,96,83,36,77,42" hai2="78,5,14,130,72,129,61,55,19,3,34,105,119" hai3="104,22,113,31,102,111,54,126,48,51,74,123,115"/><V38/><F119/><W80/><G123/><T69/><D73/><U45/><E117/><V21/><F105/><W79/><G111/><T84/><D33/><U116/><E116/><V1/><F38/><W134/><G126/><T109/><D109/><U110/><E110/><V93/><F34/><W98/><G134/><T100/><D69/><U18/><E18/><V124/><F124/><W108/><G108/><T125/><D64/><U88/><E27/><N who="0" m="10313" /><D125/><U71/><REACH who="1" step="1"/><E88/><REACH who="1" ten="250,160,390,190" step="2"/><V13/><F19/><W29/><G22/><T135/><D135/><U70/><E70/><V81/><F21/><W49/><REACH who="3" step="1"/><G54/><REACH who="3" ten="250,160,390,180" step="2"/><T121/><D52/><U82/><E82/><N who="2" m="45383" /><F55/><W57/><G57/><T112/><D121/><U89/><E89/><V40/><F81/><W76/><G76/><T39/><D90/><U30/><E30/><AGARI ba="0,2" hai="29,30,31,48,49,51,74,79,80,98,102,104,113,115" machi="30" ten="40,1300,0" yaku="1,1,53,0" doraHai="4" doraHaiUra="0" who="3" fromWho="1" sc="250,0,160,-13,390,0,180,33" /><INIT seed="3,0,0,5,1,56" ten="250,147,390,213" oya="3" hai0="117,64,101,50,135,121,4,42,19,78,133,123,49" hai1="99,82,125,111,104,51,57,70,95,129,132,62,115" hai2="39,25,21,61,96,54,88,65,35,59,75,44,6" hai3="0,29,43,41,89,28,11,45,83,91,128,58,37"/><W122/><G122/><N who="0" m="46603" /><D4/><U77/><E115/><V98/><F75/><W119/><G119/><T114/><D101/><U87/><E125/><V17/><F35/><W107/><G107/><T5/><D5/><U52/><E111/><V108/><F108/><W100/><G100/><T31/><D31/><U79/><E129/><V46/><F6/><W102/><G102/><T14/><D78/><U60/><E132/><N who="0" m="50761" /><D117/><U3/><E3/><V80/><F39/><N who="3" m="21695" /><G128/><T86/><D114/><U8/><E104/><V92/><F80/><W66/><G28/><T26/><D26/><U105/><E105/><V130/><F130/><W16/><G29/><T126/><D126/><U73/><E70/><V20/><F98/><W116/><G116/><T106/><D106/><U47/><E8/><V120/><F120/><W38/><G89/><T113/><D113/><U40/><E73/><V48/><F21/><W13/><G91/><T23/><D42/><U22/><E22/><V30/><F30/><W7/><G83/><T15/><D86/><U32/><E32/><V84/><F84/><W27/><G43/><T36/><D36/><U34/><E34/><V9/><F9/><N who="3" m="6191" /><G27/><N who="0" m="14847" /><D64/><U134/><E134/><V74/><F74/><W24/><G24/><T118/><D118/><U53/><E77/><V12/><F25/><W69/><G69/><AGARI ba="0,0" hai="12,17,20,44,46,48,54,59,61,65,69,88,92,96" machi="69" ten="30,3900,0" yaku="7,1,52,1,54,1" doraHai="56" who="2" fromWho="3" sc="250,0,147,0,390,39,213,-39" owari="250,5.0,147,-35.0,429,53.0,174,-23.0" /></mjloggm>