<mjloggm ver="2.3"><GO type="225" lobby="0"/><UN n0="%E6%96%87%E8%B1%AA" n1="%31%73%E3%81%A7%E3%81%84%E3%81%84%E3%81%9D%E3%81%86" n2="%E8%88%B9%E8%A6%8B%E7%B5%90%E8%A1%A3%E3%81%A1%E3%82%83%E3%82%93" n3="%E3%81%82%E3%81%A3%E3%81%8D%E3%83%BC%E2%99%AA" dan="16,16,16,16" rate="2046.54,2124.79,2140.61,2080.93" sx="M,M,F,M"/><TAIKYOKU oya="0"/><INIT seed="0,0,0,3,3,135" ten="250,250,250,250" oya="0" hai0="86,2,75,36,10,5,117,127,45,46,58,80,93" hai1="111,34,61,116,55,99,84,59,38,23,11,97,63" hai2="113,130,17,89,41,28,128,48,14,60,57,96,85" hai3="6,68,22,129,121,131,104,105,4,65,47,109,29"/><T18/><D117/><U3/><E34/><V52/><F113/><W70/><G47/><T118/><D118/><U122/><E116/><V25/><F96/><W42/><G42/><N who="0" m="22727" /><D46/><U110/><E122/><V27/><F41/><W82/><G82/><T9/><D93/><U126/><E38/><V31/><F60/><W78/><G78/><N who="0" m="44127" /><D86/><U15/><E84/><V74/><F74/><W49/><G49/><T7/><D18/><U73/><E73/><V37/><F37/><W72/><G72/><T30/><D58/><U67/><E3/><V134/><F134/><W81/><G81/><T44/><D44/><U56/><E23/><N who="2" m="11703" /><F31/><W13/><G29/><T115/><D30/><U1/><E1/><V95/><F28/><W103/><G121/><T26/><D26/><AGARI ba="0,0" hai="25,26,27,48,52,57,85,89,95,128,130" m="11703" machi="26" ten="30,2000,0" yaku="25,1,54,1" doraHai="135" who="2" fromWho="0" sc="250,-20,250,0,250,20,250,0" /><INIT seed="1,0,0,1,3,128" ten="230,250,270,250" oya="1" hai0="5,53,64,10,18,36,102,88,59,30,94,79,91" hai1="62,4,55,129,31,33,105,19,16,73,9,133,2" hai2="96,42,85,111,78,114,50,6,29,81,116,14,75" hai3="127,51,104,86,71,68,130,25,32,100,34,125,12"/><U13/><E73/><V118/><F111/><W66/><G130/><T35/><D36/><U74/><E129/><V46/><F114/><W134/><G104/><T1/><D79/><U37/><E74/><V77/><F29/><W58/><G100/><T120/><D120/><U101/><E37/><V93/><F78/><W95/><G12/><T61/><D18/><U49/><E62/><V97/><F97/><W48/><G48/><T67/><D102/><U57/><E101/><N who="2" m="60559" /><F75/><W103/><G103/><T89/><REACH who="0" step="1"/><D94/><REACH who="0" ten="220,250,270,250" step="2"/><U117/><E105/><V41/><F118/><W90/><G95/><T106/><D106/><U131/><E117/><V115/><F116/><W52/><G90/><T87/><D87/><U40/><E19/><V22/><F115/><W135/><G86/><T83/><D83/><U121/><E131/><V27/><F6/><W110/><G110/><T20/><D20/><N who="1" m="11279" /><E121/><V3/><F22/><W24/><G32/><T124/><D124/><N who="3" m="47689" /><G34/><T60/><D60/><U82/><E82/><V21/><F81/><W126/><G126/><T99/><D99/><U112/><E112/><V113/><F113/><W38/><G38/><T119/><D119/><U8/><E8/><V63/><F63/><N who="3" m="40031" /><G71/><T98/><D98/><U15/><E33/><V47/><F77/><W54/><G54/><T11/><D11/><N who="1" m="2455" /><E31/><V28/><F28/><W107/><G107/><T65/><D65/><U70/><E70/><V132/><F21/><W122/><G122/><T44/><D44/><U7/><E40/><V56/><F41/><W26/><AGARI ba="0,1" hai="24,25,26,51,52,58,134,135" m="40031,47689" machi="26" ten="40,8000,1" yaku="18,1,52,2,54,1" doraHai="128" who="3" fromWho="3" sc="220,-20,250,-40,270,-20,250,90" /><INIT seed="2,0,0,3,2,35" ten="200,210,250,340" oya="2" hai0="88,56,124,105,33,5,29,77,109,58,15,112,103" hai1="60,4,51,0,114,75,23,83,125,93,28,98,8" hai2="17,45,65,102,110,90,48,127,68,95,131,113,38" hai3="47,130,44,97,70,111,89,92,62,100,57,67,50"/><V13/><F113/><W132/><G111/><T74/><D112/><U7/><E114/><V59/><F110/><W32/><G132/><T69/><D109/><U134/><E125/><V42/><F127/><W106/><G130/><T120/><D120/><U123/><E134/><V72/><F72/><W63/><G32/><T12/><D124/><U3/><E123/><V79/><F131/><W73/><G73/><T61/><D77/><U108/><E108/><V81/><F102/><W99/><REACH who="3" step="1"/><G50/><REACH who="3" ten="200,210,250,330" step="2"/><T16/><D74/><U133/><E51/><V94/><F48/><W49/><G49/><T9/><D33/><U54/><E133/><V26/><F38/><W52/><AGARI ba="0,1" hai="44,47,52,57,62,63,67,70,89,92,97,99,100,106" machi="52" ten="20,8000,1" yaku="1,1,0,1,7,1,54,1,53,1" doraHai="35" doraHaiUra="84" who="3" fromWho="3" sc="200,-20,210,-20,250,-40,330,90" /><INIT seed="3,0,0,1,5,127" ten="180,190,210,420" oya="3" hai0="72,30,63,47,110,10,32,109,74,31,103,113,115" hai1="81,36,18,11,128,62,89,14,23,117,69,130,9" hai2="51,26,64,104,60,55,91,111,5,16,119,4,17" hai3="34,85,45,46,49,8,52,56,50,6,22,67,28"/><W93/><G34/><T13/><D103/><U20/><E36/><V29/><F119/><W75/><G75/><N who="0" m="28715" /><D47/><U19/><E117/><V80/><F104/><W94/><G67/><T59/><D32/><U86/><E62/><V65/><F111/><N who="0" m="42506" /><D113/><U54/><E69/><V108/><F108/><W76/><G76/><T15/><D115/><U101/><E54/><V41/><F41/><W99/><G46/><T2/><D2/><U12/><E101/><V131/><F29/><N who="0" m="10762" /><D10/><AGARI ba="0,0" hai="9,10,11,12,14,18,19,20,23,81,86,89,128,130" machi="10" ten="40,5200,0" yaku="9,1,52,2" doraHai="127" who="1" fromWho="0" sc="180,-52,190,52,210,0,420,0" owari="128,-37.0,242,4.0,210,-19.0,420,52.0" /></mjloggm>