<mjloggm ver="2.3"><GO type="185" lobby="0"/><UN n0="%E9%95%B7%E5%85%89%E9%BA%BB%E5%A4%9C" n1="%6E%69%6B%6F%6C%75%30%33" n2="%E3%81%82%E3%81%B9%E3%81%97%E3%81%A3%E3%81%A3" n3="" dan="16,17,16,0" rate="2224.64,2285.95,2225.88,1500.00" sx="M,M,M,C"/><TAIKYOKU oya="0"/><INIT seed="0,0,0,5,3,42" ten="350,350,350,0" oya="0" hai0="123,37,36,83,135,122,76,57,50,104,129,113,86" hai1="3,53,112,95,91,118,44,88,39,106,89,117,109" hai2="48,131,54,116,111,98,130,125,47,102,126,74,94" hai3=""/><T81/><N who="0" m="31264" /><T85/><N who="0" m="31520" /><T55/><D135/><U0/><E106/><V43/><F74/><T108/><D113/><U61/><E112/><V103/><F111/><T120/><N who="0" m="30752" /><T33/><D33/><U69/><E109/><V78/><F78/><T2/><D108/><U79/><E79/><V87/><F116/><T65/><D104/><U52/><E95/><V93/><F43/><T67/><D2/><N who="1" m="555" /><E61/><V133/><F133/><T97/><D97/><U114/><E114/><V75/><F75/><T38/><REACH who="0" step="1"/><D129/><REACH who="0" ten="340,350,350,0" step="2"/><N who="2" m="49162" /><F103/><T68/><D68/><U127/><E69/><V46/><F102/><T101/><D101/><U45/><E118/><V62/><F98/><T128/><D128/><U64/><E117/><V70/><F70/><T72/><D72/><U71/><E71/><V56/><F87/><T90/><AGARI ba="0,1" hai="36,37,38,50,55,57,65,67,76,81,83,85,86,90" m="30752,31520,31264" machi="90" ten="30,8000,1" yaku="1,1,0,1,52,3,53,0" doraHai="42" doraHaiUra="121" who="0" fromWho="0" sc="340,90,350,-40,350,-40,0,0" /><INIT seed="0,1,0,5,5,86" ten="430,310,310,0" oya="0" hai0="69,109,70,56,96,63,81,89,38,103,73,85,66" hai1="102,51,36,113,134,91,37,42,94,95,106,52,61" hai2="57,100,67,40,79,116,45,115,117,133,2,3,77" hai3=""/><T35/><D35/><U105/><E134/><V118/><F115/><T39/><D109/><U90/><E61/><V126/><F133/><T87/><D73/><U62/><E62/><V78/><F126/><T54/><D87/><U47/><E102/><V99/><F57/><T34/><D34/><U0/><E0/><V60/><F60/><T121/><N who="0" m="31008" /><T65/><D66/><U130/><E113/><V104/><REACH who="2" step="1"/><F67/><REACH who="2" ten="430,310,300,0" step="2"/><T112/><D112/><U88/><E130/><V53/><F53/><T125/><D125/><U93/><REACH who="1" step="1"/><E37/><AGARI ba="1,1" hai="2,3,37,40,45,77,78,79,99,100,104,116,117,118" machi="37" ten="50,3200,0" yaku="1,1,12,1,53,0" doraHai="86" doraHaiUra="123" who="2" fromWho="1" sc="430,0,310,-34,300,44,0,0" /><INIT seed="1,0,0,5,1,68" ten="430,276,344,0" oya="1" hai0="54,47,53,60,76,91,57,129,64,110,41,2,39" hai1="44,111,56,51,123,132,42,61,35,62,3,63,1" hai2="131,114,81,71,55,46,125,66,135,52,94,43,32" hai3=""/><U120/><N who="1" m="30752" /><U77/><N who="1" m="31520" /><U119/><E119/><V127/><F32/><T102/><D2/><U95/><E35/><V90/><F114/><T38/><D129/><U96/><E132/><V116/><F116/><T103/><D110/><U59/><E111/><V98/><F135/><T33/><D33/><U70/><E70/><V87/><F131/><T58/><D76/><U37/><E77/><V115/><F115/><T49/><D91/><U73/><E73/><V105/><F105/><T50/><D102/><U122/><N who="1" m="31264" /><U130/><E130/><V108/><F108/><T112/><D103/><U128/><E128/><V79/><F66/><T133/><D133/><U118/><E118/><V92/><F92/><T106/><D106/><U93/><E93/><V97/><F97/><T69/><D112/><U104/><E104/><V0/><F0/><T124/><D124/><N who="2" m="47690" /><F71/><T89/><D89/><U121/><N who="1" m="31008" /><U117/><E117/><V48/><AGARI ba="0,0" hai="43,46,48,52,55,79,81,87,90,94,98" m="47690" machi="48" ten="30,1500,0" yaku="18,1,54,1" doraHai="68" who="2" fromWho="2" sc="430,-5,276,-10,344,15,0,0" /><INIT seed="2,0,0,0,3,103" ten="425,266,359,0" oya="2" hai0="99,53,108,122,112,124,93,94,110,125,130,2,126" hai1="62,40,90,32,35,95,87,109,85,102,38,55,75" hai2="83,76,33,3,88,1,60,45,129,64,73,47,77" hai3=""/><V57/><F33/><T34/><N who="0" m="31264" /><T79/><D34/><U117/><E75/><V91/><F129/><T0/><D112/><U107/><E109/><N who="0" m="42089" /><D130/><U71/><E117/><V41/><F47/><T120/><N who="0" m="30752" /><T97/><D79/><U106/><E102/><V131/><F131/><T63/><D63/><U134/><E134/><V48/><REACH who="2" step="1"/><F77/><REACH who="2" ten="425,266,349,0" step="2"/><T61/><D2/><AGARI ba="0,1" hai="1,2,3,41,45,48,57,60,64,73,76,83,88,91" machi="2" ten="40,12000,1" yaku="1,1,2,1,54,1,53,1" doraHai="103" doraHaiUra="78" who="2" fromWho="0" sc="425,-120,266,0,349,130,0,0" /><INIT seed="2,1,0,3,5,37" ten="305,266,479,0" oya="2" hai0="124,128,94,88,95,1,122,63,90,86,42,76,129" hai1="120,81,71,121,48,38,0,60,127,47,64,118,51" hai2="126,84,111,73,59,115,130,49,107,82,98,55,52" hai3=""/><V117/><F117/><T2/><N who="0" m="31264" /><T67/><D76/><U132/><N who="1" m="30752" /><U96/><N who="1" m="31008" /><U113/><E0/><V70/><F115/><T110/><D110/><U125/><E113/><V43/><F70/><T119/><D119/><U87/><E118/><V58/><F73/><T34/><D34/><U40/><E96/><V102/><F126/><N who="1" m="48137" /><E132/><V103/><F130/><N who="0" m="50282" /><D42/><U79/><AGARI ba="1,0" hai="38,40,47,48,51,60,64,71,79,81,87" m="48137,31008,30752" machi="79" ten="30,5900,0" yaku="18,1,52,3" doraHai="37" who="1" fromWho="1" sc="305,-21,266,61,479,-40,0,0" /><INIT seed="4,0,0,4,2,63" ten="284,327,439,0" oya="0" hai0="126,91,72,77,86,125,96,110,43,107,97,127,84" hai1="76,59,117,70,88,60,87,134,66,116,112,100,58" hai2="111,119,124,64,69,67,44,103,133,45,74,128,129" hai3=""/><T73/><D43/><U32/><E32/><V47/><F74/><N who="0" m="28778" /><D110/><U90/><E76/><V54/><F111/><T101/><D77/><U85/><E100/><V65/><F119/><T48/><D48/><U39/><E39/><V38/><F103/><T104/><D104/><U75/><E75/><V108/><F108/><T36/><D36/><U68/><E60/><V83/><F38/><T118/><D118/><U130/><E130/><N who="2" m="50283" /><F83/><T51/><D51/><U121/><N who="1" m="31008" /><U94/><E94/><AGARI ba="0,0" hai="84,86,91,94,96,97,101,107,125,126,127" m="28778" machi="94" ten="40,7700,0" yaku="18,1,34,2" doraHai="63" who="0" fromWho="1" sc="284,77,327,-77,439,0,0,0" /><INIT seed="4,1,0,2,5,123" ten="361,250,439,0" oya="0" hai0="118,77,53,68,133,36,108,120,34,83,2,130,94" hai1="95,100,104,80,63,1,90,75,127,57,85,103,71" hai2="50,44,79,115,132,124,43,117,102,61,54,62,67" hai3=""/><T47/><RYUUKYOKU type="yao9" ba="1,0" sc="361,0,250,0,439,0,0,0" hai0="2,34,36,47,53,68,77,83,94,108,118,120,130,133" /><INIT seed="4,2,0,0,5,128" ten="361,250,439,0" oya="0" hai0="3,125,82,2,102,86,104,56,42,94,91,64,126" hai1="121,116,77,0,34,32,73,127,71,133,103,61,57" hai2="44,117,60,83,51,79,49,48,129,93,122,105,81" hai3=""/><T115/><D115/><U50/><N who="1" m="31008" /><U108/><E116/><V72/><N who="2" m="31264" /><V110/><F110/><T107/><D42/><U36/><E36/><V100/><F129/><T119/><D119/><U106/><E108/><V84/><F117/><T59/><D59/><U74/><E0/><V130/><F105/><T89/><D3/><U92/><E106/><N who="0" m="40489" /><D56/><U114/><E114/><V63/><F130/><T132/><D64/><U134/><E71/><V109/><F109/><T96/><D2/><U67/><E77/><V43/><F60/><T88/><D132/><N who="1" m="50795" /><E50/><V87/><F63/><T46/><D46/><U33/><E127/><AGARI ba="2,0" hai="82,86,88,89,91,94,96,102,125,126,127" m="40489" machi="127" ten="30,11600,0" yaku="18,1,34,2,54,1" doraHai="128" who="0" fromWho="1" sc="361,120,250,-120,439,0,0,0" /><INIT seed="4,3,0,4,5,40" ten="481,130,439,0" oya="0" hai0="53,101,90,112,56,100,107,77,34,58,47,3,110" hai1="95,131,49,119,132,38,2,32,128,114,92,76,134" hai2="89,60,111,45,39,88,85,71,65,79,118,61,64" hai3=""/><T124/><D34/><U54/><E32/><V130/><F111/><T80/><D3/><U46/><E2/><V44/><F130/><N who="1" m="49705" /><E119/><V123/><N who="2" m="31520" /><V135/><F135/><N who="1" m="51753" /><E114/><V57/><F118/><T62/><D112/><U109/><E109/><V74/><F39/><T78/><D110/><U36/><E76/><V115/><F115/><T63/><D107/><U99/><E95/><V66/><F66/><T97/><D90/><AGARI ba="3,0" hai="36,38,46,49,54,90,92,99" m="51753,49705" machi="90" ten="30,3900,0" yaku="19,1,20,1,52,1" doraHai="40" who="1" fromWho="0" sc="481,-45,130,45,439,0,0,0" /><INIT seed="5,0,0,4,1,36" ten="436,175,439,0" oya="1" hai0="114,67,61,105,115,80,125,101,109,43,119,71,99" hai1="64,32,128,74,38,87,120,106,73,46,92,98,112" hai2="127,58,94,79,37,90,72,53,100,84,48,124,88" hai3=""/><U35/><N who="1" m="30752" /><U52/><E112/><N who="0" m="43049" /><D109/><U69/><E128/><V107/><F37/><T41/><D125/><N who="2" m="48202" /><F90/><T47/><D119/><U118/><E118/><V102/><F107/><T39/><D43/><U49/><E38/><V85/><F72/><T54/><D54/><U134/><E134/><V2/><F2/><T122/><N who="0" m="31264" /><T130/><D80/><AGARI ba="0,0" hai="48,53,58,79,80,84,85,88,94,100,102" m="48202" machi="80" ten="30,2000,0" yaku="18,1,54,1" doraHai="36" who="2" fromWho="0" sc="436,-20,175,0,439,20,0,0" /><INIT seed="6,0,0,2,2,37" ten="416,175,459,0" oya="2" hai0="107,54,125,46,33,65,44,100,38,40,55,72,51" hai1="90,3,112,129,84,58,122,57,62,36,89,78,124" hai2="119,120,53,35,102,110,121,52,98,43,91,42,76" hai3=""/><V101/><N who="2" m="30752" /><V131/><N who="2" m="31008" /><V79/><F35/><T92/><D33/><U39/><N who="1" m="31264" /><U47/><E3/><V75/><F119/><T127/><D72/><U67/><E78/><N who="2" m="29739" /><F131/><T86/><D107/><U49/><E129/><V105/><F105/><T41/><D65/><U130/><E130/><V108/><F91/><T69/><D69/><U34/><E34/><V88/><F88/><T114/><D114/><U93/><E112/><V73/><F98/><T94/><D86/><U77/><E77/><V135/><F135/><T87/><D87/><U59/><E124/><N who="0" m="47689" /><D94/><U48/><E36/><V113/><F113/><T83/><D83/><U80/><E39/><V117/><F75/><T68/><D68/><U118/><E118/><V45/><F73/><T1/><D1/><U134/><E134/><V128/><F128/><T50/><D38/><U63/><E63/><V70/><F117/><T123/><N who="0" m="31520" /><T96/><AGARI ba="0,0" hai="40,41,44,46,50,51,54,55,92,96,100" m="31520,47689" machi="96" ten="30,6000,1" yaku="4,1,18,1,52,3" doraHai="37" who="0" fromWho="0" sc="416,60,175,-20,459,-40,0,0" owari="476,42.0,155,-44.0,419,2.0,0,0.0" /></mjloggm>