<mjloggm ver="2.3"><GO type="185" lobby="0"/><UN n0="%E5%A4%9A%E6%9E%97%E6%99%8B" n1="%68%69%72%6F%6E%6E%32%30" n2="%E3%81%B5%E3%81%96%E3%81%91%E3%82%8B%E3%83%9F%EF%BC%81" n3="" dan="16,17,17,0" rate="2213.99,2241.11,2214.30,1500.00" sx="M,M,M,C"/><TAIKYOKU oya="0"/><INIT seed="0,0,0,0,0,100" ten="350,350,350,0" oya="0" hai0="69,126,80,132,44,3,42,61,0,47,33,55,104" hai1="120,98,134,72,92,48,78,53,105,71,119,118,94" hai2="79,128,37,50,124,43,64,122,113,46,51,85,109" hai3=""/><T34/><D126/><U1/><N who="1" m="30752" /><U97/><E71/><V108/><N who="2" m="31264" /><V63/><F113/><T107/><D132/><U90/><E134/><V106/><F106/><T59/><D80/><U49/><E72/><V56/><F85/><T111/><D69/><U88/><E78/><V38/><F79/><T84/><D84/><U57/><E1/><V62/><F128/><T70/><D70/><U58/><E105/><V95/><F95/><T41/><D55/><AGARI ba="0,0" hai="48,49,53,55,57,58,88,90,92,94,97,98,118,119" m="30752" machi="55" ten="40,8000,1" yaku="32,3,52,1,54,1" doraHai="100" who="1" fromWho="0" sc="350,-80,350,80,350,0,0,0" /><INIT seed="1,0,0,2,1,98" ten="270,430,350,0" oya="1" hai0="134,81,66,2,78,97,46,35,1,34,83,40,93" hai1="82,63,55,61,75,51,129,52,122,60,45,42,79" hai2="33,54,48,70,85,112,80,71,91,50,77,123,105" hai3=""/><U130/><N who="1" m="31264" /><U58/><REACH who="1" step="1"/><E55/><REACH who="1" ten="270,420,350,0" step="2"/><V72/><F54/><T49/><D34/><U100/><E100/><V92/><F33/><T115/><D35/><U89/><E89/><V99/><N who="2" m="31520" /><V0/><F0/><T107/><D1/><U65/><E65/><V69/><F112/><T59/><D2/><U106/><E106/><V101/><AGARI ba="0,1" hai="48,50,69,70,71,72,77,80,85,91,92,99,101,105" m="31520" machi="101" ten="40,6000,1" yaku="0,1,24,2,52,2" doraHai="98" who="2" fromWho="2" sc="270,-20,420,-40,350,70,0,0" /><INIT seed="2,0,0,1,1,41" ten="250,380,420,0" oya="2" hai0="104,120,124,85,128,116,109,118,52,96,53,75,73" hai1="83,34,97,32,55,102,126,35,119,0,74,99,67" hai2="47,135,78,71,125,46,59,64,82,79,68,112,60" hai3=""/><V81/><F112/><T114/><N who="0" m="30752" /><T84/><D114/><U76/><E0/><V129/><F129/><T90/><D128/><U86/><E126/><V130/><F130/><T45/><D124/><U77/><E119/><V105/><F125/><T101/><D109/><U54/><E67/><V131/><F105/><T43/><D118/><U100/><E74/><V48/><F131/><T36/><D84/><U106/><REACH who="1" step="1"/><E76/><REACH who="1" ten="250,370,420,0" step="2"/><V91/><F135/><T50/><D116/><U3/><E3/><V2/><F2/><T38/><D36/><U113/><E113/><V89/><F78/><T121/><N who="0" m="31008" /><T40/><D73/><U70/><E70/><V111/><F71/><T103/><D75/><U58/><E58/><V107/><F111/><T72/><D72/><U44/><E44/><V127/><F127/><T57/><D103/><U134/><E134/><V80/><F79/><T66/><D66/><U132/><E132/><V110/><F110/><T98/><D38/><U87/><E87/><V62/><F107/><AGARI ba="0,1" hai="32,34,35,54,55,77,83,86,97,99,100,102,106,107" machi="107" ten="40,2600,0" yaku="1,1,9,1,53,0" doraHai="41" doraHaiUra="39" who="1" fromWho="2" sc="250,0,370,36,420,-26,0,0" /><INIT seed="4,0,0,3,5,69" ten="250,406,394,0" oya="0" hai0="76,107,124,50,97,65,108,45,125,51,135,118,112" hai1="81,55,95,37,48,66,130,133,131,32,105,117,59" hai2="121,111,122,75,73,34,102,103,67,106,86,92,77" hai3=""/><T126/><D118/><U80/><E32/><V119/><N who="2" m="31008" /><V96/><N who="2" m="31264" /><V40/><F34/><T43/><D108/><U41/><E105/><V114/><F40/><T53/><D135/><U93/><E133/><V58/><F67/><T42/><D76/><U116/><E66/><V87/><F58/><T91/><D112/><U0/><E0/><V3/><F3/><T79/><D79/><U100/><E100/><V72/><F119/><T54/><D65/><U1/><E1/><V90/><F114/><T38/><D107/><U88/><E93/><V39/><F39/><T57/><D91/><U101/><E101/><V61/><F61/><T84/><D84/><N who="2" m="32298" /><F111/><T128/><D97/><U104/><E104/><V44/><F44/><T83/><D83/><U52/><E55/><V85/><F103/><T129/><D42/><U56/><E117/><V33/><F33/><T110/><D110/><U64/><E116/><V120/><N who="2" m="30752" /><V89/><F89/><T70/><D70/><U127/><E64/><V115/><F115/><T82/><D82/><AGARI ba="0,0" hai="72,73,75,77,82,85,90,92,96,102,106" m="30752,32298,31264,31008" machi="82" ten="30,16000,3" yaku="24,1,35,5,52,3" doraHai="69" who="2" fromWho="0" sc="250,-160,406,0,394,160,0,0" /><INIT seed="5,0,0,3,1,62" ten="90,406,554,0" oya="1" hai0="76,81,43,128,105,65,110,91,78,88,32,95,40" hai1="79,71,104,103,132,108,69,66,33,77,114,72,50" hai2="51,85,93,60,80,67,94,48,99,90,34,134,46" hai3=""/><U98/><E33/><V107/><F134/><T54/><D32/><U116/><E116/><V86/><F34/><T122/><N who="0" m="31264" /><T0/><D0/><U102/><E132/><V55/><F51/><T84/><D105/><U47/><E114/><V58/><F107/><T36/><D110/><U87/><E103/><V100/><F80/><T89/><D128/><U120/><N who="1" m="30752" /><U117/><E117/><V1/><F1/><T115/><D115/><U45/><E45/><V59/><F85/><T37/><D54/><U130/><E130/><V53/><F58/><T38/><D65/><AGARI ba="0,0" hai="46,48,53,55,59,60,65,67,86,90,93,94,99,100" machi="65" ten="40,5200,0" yaku="8,1,52,2" doraHai="62" who="2" fromWho="0" sc="90,-52,406,0,554,52,0,0" /><INIT seed="6,0,0,1,1,116" ten="38,406,606,0" oya="2" hai0="120,105,134,127,35,101,80,110,1,96,52,79,135" hai1="71,131,124,119,118,53,95,68,38,43,39,113,109" hai2="106,45,76,46,84,91,125,128,94,57,112,60,32" hai3=""/><V40/><F32/><T34/><N who="0" m="30752" /><T55/><D1/><U115/><E95/><V129/><F125/><T83/><D127/><U62/><E124/><V42/><F112/><T103/><D110/><U2/><E2/><V50/><F106/><T59/><D59/><U133/><E43/><V126/><F76/><T77/><D34/><U70/><E109/><V93/><F93/><T3/><D55/><U104/><E104/><V102/><F102/><T58/><D52/><U92/><E92/><V36/><F126/><T75/><D58/><U123/><N who="1" m="31520" /><U97/><E97/><V72/><F72/><T63/><D63/><U87/><E87/><V69/><F69/><T85/><D35/><U56/><E131/><V86/><F86/><T82/><D3/><U33/><E133/><V111/><F111/><T65/><D65/><U48/><E62/><V73/><F73/><T99/><D135/><U54/><E54/><V49/><F128/><T107/><D134/><U67/><E67/><V61/><F129/><T90/><REACH who="0" step="1"/><D77/><REACH who="0" ten="28,406,606,0" step="2"/><U78/><E33/><V47/><F61/><T64/><D64/><U130/><E78/><V122/><F60/><T0/><D0/><U89/><E130/><V108/><F108/><T66/><D66/><RYUUKYOKU ba="0,1" sc="28,20,406,-10,606,-10,0,0" hai0="75,79,80,82,83,85,90,96,99,101,103,105,107" owari="48,-55.0,396,0.0,606,55.0,0,0.0" /></mjloggm>