<mjloggm ver="2.3"><GO type="169" lobby="0"/><UN n0="%E3%81%A8%E3%81%B3%E3%81%BE%E3%81%93" n1="%E7%B6%BE%E7%80%AC%E5%B8%82%E6%B0%91" n2="%E8%91%B5%E3%81%A1%E3%82%83%E3%82%93" n3="%E3%83%8E%E3%82%AA%E3%83%81%E3%83%A3%E3%83%99%E3%82%B9" dan="16,17,16,16" rate="2100.84,2137.34,2116.38,2072.44" sx="M,M,F,M"/><TAIKYOKU oya="0"/><INIT seed="0,0,0,5,3,67" ten="250,250,250,250" oya="0" hai0="131,97,93,19,48,100,13,94,91,128,35,82,16" hai1="121,44,129,52,17,1,70,43,20,111,10,126,68" hai2="33,114,98,4,96,31,5,88,108,132,64,105,78" hai3="51,115,3,15,90,38,41,60,118,21,85,14,124"/><T99/><D35/><U123/><E1/><V79/><F114/><W12/><G3/><T18/><D48/><U30/><E30/><V80/><F108/><W7/><G38/><T112/><D112/><U77/><E10/><V92/><F132/><W84/><G118/><T75/><D75/><U119/><E77/><V107/><F64/><W72/><G72/><T66/><D66/><U65/><E119/><V81/><F92/><W9/><G124/><T102/><D13/><U133/><E20/><V95/><F95/><W47/><G60/><T134/><D134/><U29/><E17/><V8/><F8/><W28/><G115/><T61/><D61/><U0/><E29/><V130/><F31/><W109/><G109/><T27/><D27/><U101/><E101/><V2/><F2/><W69/><G85/><AGARI ba="0,0" hai="16,18,19,82,85,91,93,94,97,99,100,102,128,131" machi="85" ten="40,3900,0" yaku="9,1,54,1" doraHai="67" who="0" fromWho="3" sc="250,39,250,0,250,0,250,-39" /><INIT seed="0,1,0,5,5,87" ten="289,250,250,211" oya="0" hai0="74,35,102,134,135,29,133,18,130,63,104,30,41" hai1="8,28,113,0,66,84,128,81,124,56,132,67,2" hai2="4,110,91,1,38,80,7,105,58,22,89,131,75" hai3="50,97,94,83,106,27,31,85,72,115,121,44,92"/><T125/><D74/><U123/><E123/><V47/><F110/><W101/><G72/><T54/><D125/><U78/><E128/><V13/><F105/><W5/><G5/><T55/><D130/><U32/><E132/><V98/><F131/><W86/><G86/><T64/><D41/><U96/><E124/><V93/><F1/><W49/><G49/><T117/><D117/><U82/><E113/><V107/><F107/><W103/><G103/><T24/><D30/><U116/><E116/><V37/><F58/><W40/><G115/><T60/><D18/><U62/><E96/><V118/><F118/><W43/><G43/><T114/><D114/><U53/><E8/><V127/><F127/><W25/><G25/><T46/><D46/><U61/><E53/><V111/><F111/><W99/><G99/><N who="0" m="61535" /><D60/><U48/><E48/><V36/><F47/><W120/><G120/><T51/><D51/><U9/><E9/><V23/><F13/><W20/><REACH who="3" step="1"/><G121/><REACH who="3" ten="289,250,250,201" step="2"/><T19/><D19/><U10/><E0/><V122/><F122/><W16/><G16/><T79/><D79/><AGARI ba="1,1" hai="20,27,31,40,44,50,79,83,85,92,94,97,101,106" machi="79" ten="30,7700,0" yaku="1,1,7,1,53,2" doraHai="87" doraHaiUra="88" who="3" fromWho="0" sc="289,-80,250,0,250,0,201,90" /><INIT seed="1,0,0,4,1,14" ten="209,250,250,291" oya="1" hai0="93,126,127,65,84,41,95,51,85,75,107,100,71" hai1="20,26,12,27,82,30,130,5,8,7,40,46,79" hai2="98,2,17,108,18,24,69,34,10,105,134,135,36" hai3="49,72,120,31,39,42,121,57,106,68,0,52,91"/><U44/><E130/><V109/><F69/><W6/><G106/><T110/><D71/><U112/><E112/><V132/><F36/><W13/><G0/><T48/><D65/><U115/><E115/><V32/><F98/><W114/><G72/><T123/><D75/><U122/><E122/><V4/><F105/><W16/><G6/><T43/><D107/><U33/><E7/><V101/><F101/><W28/><G114/><T76/><D100/><U83/><E40/><V19/><F24/><W111/><G111/><AGARI ba="0,0" hai="2,4,10,17,18,19,32,34,108,109,111,132,134,135" machi="111" ten="50,16000,3" yaku="14,1,20,1,34,3,52,3" doraHai="14" who="2" fromWho="3" sc="209,0,250,0,250,160,291,-160" /><INIT seed="2,0,0,0,3,59" ten="209,250,410,131" oya="2" hai0="60,22,83,111,110,130,90,135,5,52,75,11,53" hai1="36,67,94,132,48,124,28,18,87,39,35,51,49" hai2="81,68,108,118,92,105,3,119,106,21,99,101,96" hai3="121,37,13,55,109,9,44,20,56,71,80,93,128"/><V84/><F68/><W112/><G71/><T26/><D130/><U33/><E132/><V42/><F3/><W120/><G128/><T115/><D115/><U50/><E124/><V113/><F42/><W40/><G112/><T69/><D135/><U78/><E18/><V76/><F113/><W14/><G109/><N who="0" m="41483" /><D90/><U70/><N who="1" m="12288" /><DORA hai="74" /><U61/><E28/><V38/><F38/><W17/><G93/><T62/><D83/><U47/><E94/><N who="2" m="58519" /><F21/><W32/><G32/><T0/><D75/><U100/><E100/><N who="2" m="60519" /><F108/><W7/><REACH who="3" step="1"/><G80/><REACH who="3" ten="209,250,410,121" step="2"/><T123/><D123/><U8/><E47/><V19/><F119/><W85/><G85/><T131/><D131/><U58/><E70/><V79/><F118/><W89/><G89/><T102/><D102/><U126/><E35/><V114/><F114/><W29/><G29/><N who="0" m="17623" /><D69/><U23/><E33/><V91/><F19/><W27/><G27/><T15/><D0/><U41/><E41/><V54/><F54/><AGARI ba="0,1" hai="5,11,15,52,53,54,60,62" m="17623,41483" machi="54" ten="30,7700,0" yaku="14,1,52,2,54,1" doraHai="59,74" who="0" fromWho="2" sc="209,87,250,0,410,-77,121,0" /><INIT seed="3,0,0,5,0,109" ten="296,250,333,121" oya="3" hai0="64,6,9,118,135,42,28,26,61,110,80,127,60" hai1="134,44,76,126,121,49,19,97,46,41,116,29,71" hai2="117,74,62,125,67,20,87,107,32,86,25,82,47" hai3="77,30,12,52,115,14,53,78,122,39,73,100,114"/><W84/><G39/><T133/><D118/><U99/><E116/><V75/><F117/><W65/><G65/><T70/><D110/><U22/><E121/><V51/><F32/><W66/><G66/><T58/><D42/><U132/><E71/><V128/><F107/><W50/><G122/><T43/><D43/><U131/><E126/><V85/><F125/><W95/><G30/><T63/><D127/><U104/><E131/><V101/><F101/><W24/><G24/><T54/><D80/><U120/><E120/><V7/><F7/><W31/><G31/><T111/><D111/><U106/><E29/><V37/><F37/><W11/><G73/><T40/><D40/><U0/><E0/><V119/><F119/><W1/><G1/><N who="0" m="207" /><D70/><U18/><E76/><V27/><F20/><W21/><G21/><N who="0" m="15439" /><D64/><U130/><E130/><V15/><F75/><W105/><G105/><T3/><D3/><U112/><E22/><V102/><F82/><W55/><G50/><T124/><D124/><U94/><E94/><V34/><F51/><W45/><G45/><T103/><D103/><U48/><REACH who="1" step="1"/><E41/><REACH who="1" ten="296,240,333,121" step="2"/><V72/><F128/><W83/><G78/><T79/><D79/><U16/><E16/><V10/><F74/><W36/><G36/><T69/><D69/><U57/><E57/><V38/><F72/><W89/><G77/><T91/><D58/><U123/><E123/><V23/><F38/><W33/><G33/><T56/><D56/><U88/><E88/><V90/><F34/><W13/><G11/><T2/><D2/><U93/><E93/><V17/><F10/><RYUUKYOKU ba="0,1" sc="296,-15,240,15,333,-15,121,15" hai1="18,19,44,46,48,49,97,99,104,106,112,132,134" hai3="12,13,14,52,53,55,83,84,89,95,100,114,115" /><INIT seed="3,1,1,2,3,67" ten="281,255,318,136" oya="3" hai0="62,30,56,0,33,13,61,41,51,83,11,45,3" hai1="1,123,55,73,106,90,59,75,44,121,69,2,118" hai2="54,32,103,21,60,87,79,74,78,93,47,4,99" hai3="133,105,36,28,72,42,101,58,66,43,135,22,100"/><W9/><G72/><T8/><D33/><U91/><E106/><V109/><F32/><W63/><G9/><T128/><D128/><U52/><E59/><V80/><F109/><W40/><G36/><T24/><D24/><U115/><E115/><V120/><F120/><W111/><G105/><T65/><D30/><U89/><E44/><V7/><F21/><W116/><G116/><T122/><D122/><N who="1" m="46603" /><E69/><V10/><F7/><W17/><G28/><T46/><D83/><U131/><E131/><V112/><F112/><W6/><G6/><T25/><D25/><U20/><E20/><V23/><F23/><W84/><G111/><T29/><D29/><U127/><E127/><V27/><F27/><W85/><G135/><T97/><D97/><U82/><E82/><V39/><F39/><W70/><G70/><T119/><D119/><U76/><E76/><V64/><F54/><N who="1" m="20521" /><E118/><V102/><F47/><W92/><G133/><T57/><D45/><U49/><E49/><V12/><F103/><N who="3" m="39499" /><G92/><T126/><D126/><U68/><E68/><V114/><F114/><W130/><G130/><T15/><D11/><U35/><E35/><V95/><F95/><W38/><G38/><T53/><D8/><U104/><E104/><V19/><F4/><W113/><G113/><T14/><AGARI ba="1,1" hai="0,3,13,14,15,41,46,51,53,56,57,61,62,65" machi="14" ten="30,1100,0" yaku="0,1" doraHai="67" who="0" fromWho="0" sc="281,24,255,-4,318,-4,136,-6" /><INIT seed="4,0,0,2,0,118" ten="305,251,314,130" oya="0" hai0="20,62,134,87,97,37,53,132,5,101,82,33,32" hai1="111,9,121,75,135,18,50,116,131,21,2,133,44" hai2="13,84,69,47,67,7,83,17,77,85,89,46,76" hai3="35,125,117,59,16,98,92,130,29,51,10,40,25"/><T0/><D37/><U95/><E75/><V78/><F7/><W122/><G117/><T106/><D20/><U1/><E116/><V126/><F126/><W107/><G107/><T71/><D5/><U108/><E95/><V128/><F128/><W39/><G39/><T127/><D127/><U114/><E50/><V61/><REACH who="2" step="1"/><F84/><REACH who="2" ten="305,251,304,130" step="2"/><W81/><G130/><T72/><D0/><U80/><E131/><V22/><AGARI ba="0,1" hai="13,17,22,46,47,61,67,69,76,77,78,83,85,89" machi="22" ten="30,7900,0" yaku="1,1,2,1,0,1,53,1" doraHai="118" doraHaiUra="65" who="2" fromWho="2" sc="305,-39,251,-20,304,89,130,-20" /><INIT seed="5,0,0,1,0,129" ten="266,231,393,110" oya="1" hai0="103,70,97,115,28,88,10,62,43,101,83,30,22" hai1="51,57,106,55,105,102,56,124,108,0,21,11,117" hai2="69,132,13,126,60,66,110,98,135,36,96,32,85" hai3="38,34,119,18,78,81,25,67,100,87,125,26,134"/><U5/><E117/><V75/><F110/><W46/><G119/><T86/><D115/><U99/><E124/><V23/><F75/><W7/><G7/><T76/><D43/><U72/><E108/><V63/><F32/><W116/><G116/><T27/><D28/><U17/><E72/><V64/><F36/><W91/><G100/><T80/><D10/><U122/><E122/><V53/><F53/><W40/><G125/><T24/><D24/><U31/><E31/><V120/><F126/><W111/><G111/><T118/><D118/><U47/><REACH who="1" step="1"/><E105/><REACH who="1" ten="266,221,393,110" step="2"/><V123/><F123/><W37/><G34/><T79/><D79/><U130/><E130/><V2/><F120/><W84/><G78/><T8/><D76/><U73/><E73/><V95/><F2/><W61/><G38/><T54/><D30/><U58/><E58/><V92/><F69/><W33/><G33/><T128/><D70/><U107/><E107/><V131/><F131/><W109/><G109/><T29/><D128/><U12/><AGARI ba="0,1" hai="0,5,11,12,17,21,47,51,55,56,57,99,102,106" machi="12" ten="20,7800,0" yaku="1,1,0,1,7,1,53,1" doraHai="129" doraHaiUra="4" who="1" fromWho="1" sc="266,-26,221,88,393,-26,110,-26" /><INIT seed="5,1,0,5,1,88" ten="240,309,367,84" oya="1" hai0="84,52,19,10,63,26,22,117,36,30,130,101,121" hai1="89,39,119,111,59,90,66,69,77,120,74,125,45" hai2="131,99,16,40,128,14,102,86,3,83,113,38,55" hai3="87,60,107,32,68,97,98,67,70,76,46,91,4"/><U12/><E119/><V53/><F3/><W42/><G32/><T127/><D117/><U0/><E120/><V57/><F40/><W71/><G4/><T13/><D121/><U41/><E0/><V65/><F38/><W43/><G43/><T31/><D36/><U80/><E125/><V64/><F113/><W34/><G34/><T62/><D127/><U123/><E123/><V116/><F116/><W109/><G76/><T61/><D130/><N who="2" m="49706" /><F86/><W112/><G112/><T93/><D31/><U28/><E111/><V9/><F83/><W81/><G109/><T114/><D114/><U92/><E69/><V115/><F115/><W6/><G6/><T95/><D101/><U94/><E28/><V47/><F47/><W18/><G18/><T132/><D132/><U33/><E33/><V7/><F7/><W104/><G104/><T2/><D2/><U72/><E72/><V124/><F55/><W96/><REACH who="3" step="1"/><G107/><REACH who="3" ten="240,309,367,74" step="2"/><T50/><D84/><U135/><E135/><V103/><F124/><W11/><G11/><T51/><D50/><AGARI ba="1,1" hai="42,46,50,60,67,68,70,71,81,87,91,96,97,98" machi="50" ten="40,1300,0" yaku="1,1,53,0" doraHai="88" doraHaiUra="105" who="3" fromWho="0" sc="240,-16,309,0,367,0,74,26" /><INIT seed="6,0,0,2,0,134" ten="224,309,367,100" oya="2" hai0="1,46,15,62,68,50,106,115,51,120,5,125,47" hai1="117,135,30,64,108,109,18,35,93,128,95,112,84" hai2="130,94,127,102,70,52,89,36,40,72,133,44,80" hai3="71,27,48,24,96,54,26,107,14,43,105,90,74"/><V131/><F70/><W123/><G71/><T3/><D120/><U58/><E117/><V78/><F133/><W11/><G74/><T17/><D106/><U7/><E135/><V61/><F102/><W87/><G43/><T111/><D111/><U37/><E37/><V38/><F38/><W83/><G123/><T73/><D73/><U25/><E7/><V12/><F12/><W97/><G107/><T33/><D33/><U19/><E112/><V119/><F127/><W29/><G29/><T53/><D115/><U41/><E41/><V110/><F110/><W114/><G105/><T88/><D5/><U49/><E95/><V118/><F118/><W21/><G21/><T79/><D79/><U103/><E128/><V55/><F61/><W82/><G82/><T75/><D75/><U23/><E103/><V69/><F69/><W39/><G39/><T63/><D88/><N who="1" m="53383" /><E49/><V32/><F32/><W31/><G31/><T9/><D125/><U13/><E19/><V56/><F56/><W57/><REACH who="3" step="1"/><G114/><REACH who="3" ten="224,309,367,90" step="2"/><T86/><D68/><U4/><E109/><V85/><F119/><W113/><G113/><T121/><D121/><U2/><E108/><V91/><F131/><W22/><G22/><T81/><D81/><U126/><E35/><V101/><F130/><W132/><G132/><T20/><D20/><U116/><E116/><V77/><F72/><W98/><G98/><T65/><D86/><U99/><E99/><N who="2" m="59639" /><F78/><W45/><G45/><T66/><D47/><U6/><E30/><V28/><F77/><W16/><AGARI ba="0,1" hai="11,14,16,24,26,27,48,54,57,83,87,90,96,97" machi="16" ten="30,8000,1" yaku="1,1,0,1,8,1,54,1,53,1" doraHai="134" doraHaiUra="8" who="3" fromWho="3" sc="224,-20,309,-20,367,-40,90,90" /><INIT seed="7,0,0,2,4,78" ten="204,289,327,180" oya="3" hai0="91,37,86,83,47,20,120,116,74,54,19,127,73" hai1="11,32,60,80,94,17,7,118,16,107,45,117,14" hai2="90,68,123,87,66,43,69,0,130,70,21,10,58" hai3="99,98,100,23,119,49,131,101,133,92,6,128,42"/><W31/><G119/><N who="1" m="45578" /><E107/><V2/><F43/><W132/><G6/><T55/><D116/><U82/><E32/><V38/><F38/><W81/><G31/><T72/><D120/><U3/><E45/><V95/><F123/><W39/><G39/><T104/><D104/><U102/><E60/><V36/><F36/><W103/><G23/><T5/><D5/><U8/><E17/><V46/><F46/><W126/><G49/><T13/><REACH who="0" step="1"/><D127/><REACH who="0" ten="194,289,327,180" step="2"/><U108/><E108/><V33/><F2/><W84/><G126/><T40/><AGARI ba="0,1" hai="13,19,20,37,40,47,54,55,72,73,74,83,86,91" machi="40" ten="40,8000,1" yaku="1,1,2,1,0,1,52,1,53,0" doraHai="78" doraHaiUra="114" who="0" fromWho="0" sc="194,90,289,-20,327,-20,180,-40" owari="284,8.0,269,-13.0,307,41.0,140,-36.0" /></mjloggm>