<mjloggm ver="2.3"><GO type="169" lobby="0"/><UN n0="%E3%81%94%E3%81%96%E3%83%BC%E3%82%8B%E3%81%94%E3%81%96%E3%82%8B" n1="%63%6C%75%74%63%68%37%33" n2="%E6%B1%A0%E7%94%B0%E3%81%AD%E3%81%93" n3="%E8%88%AC%E5%8D%93%E6%B0%91%E3%81%AE%E6%9C%9D%E3%81%AF%E6%97%A9%E3%81%84" dan="17,17,16,17" rate="2144.17,2175.28,2046.34,2224.75" sx="M,M,F,M"/><TAIKYOKU oya="0"/><INIT seed="0,0,0,4,1,92" ten="250,250,250,250" oya="0" hai0="59,56,135,60,106,90,33,11,6,95,32,19,17" hai1="40,3,43,54,20,97,99,13,130,129,16,87,118" hai2="120,108,109,107,133,121,5,10,73,67,26,22,24" hai3="2,44,66,62,77,94,65,132,15,35,84,25,110"/><T4/><D106/><U127/><E118/><V41/><F73/><W102/><G2/><T93/><D135/><U89/><E3/><V47/><F107/><W36/><G132/><T123/><D11/><U23/><E127/><V76/><F76/><W0/><G0/><T134/><D134/><U131/><E23/><V46/><F67/><W119/><G119/><T28/><D28/><U80/><E54/><V58/><F58/><W37/><G110/><N who="2" m="42601" /><F133/><W70/><G65/><T75/><D75/><U113/><E113/><V53/><F53/><W31/><G44/><N who="2" m="16937" /><F22/><W88/><G15/><T21/><D21/><U101/><E101/><V57/><F57/><W112/><G112/><T71/><D71/><U103/><E103/><V55/><F55/><W61/><G61/><T63/><D90/><U115/><E115/><V1/><F41/><AGARI ba="0,0" hai="13,16,20,40,41,43,80,87,89,97,99,129,130,131" machi="41" ten="40,8000,1" yaku="19,1,52,2,54,1" doraHai="92" who="1" fromWho="2" sc="250,0,250,80,250,-80,250,0" /><INIT seed="1,0,0,4,5,12" ten="250,330,170,250" oya="1" hai0="0,67,57,41,35,90,96,54,17,135,45,3,62" hai1="79,122,114,52,28,99,15,83,120,8,34,20,47" hai2="107,123,77,63,82,110,30,70,60,133,50,19,37" hai3="108,89,73,121,48,68,7,66,24,61,31,101,117"/><U111/><E114/><V132/><F123/><W85/><G121/><T51/><D35/><U4/><E111/><V104/><F37/><W2/><G108/><T11/><D135/><N who="2" m="51786" /><F110/><W25/><G117/><T84/><D96/><U18/><E99/><V95/><F30/><W59/><G73/><T22/><D11/><U69/><E69/><V6/><F6/><W119/><G119/><T49/><D67/><U103/><E103/><V13/><F95/><W65/><G2/><T130/><D62/><N who="2" m="23594" /><F50/><W9/><G66/><T53/><D41/><U56/><E47/><V75/><F70/><W33/><G101/><T76/><D76/><U27/><E56/><V10/><AGARI ba="0,0" hai="10,13,19,75,77,82,104,107" m="23594,51786" machi="10" ten="30,2000,0" yaku="20,1,52,1" doraHai="12" who="2" fromWho="2" sc="250,-5,330,-10,170,20,250,-5" /><INIT seed="2,0,0,1,0,30" ten="245,320,190,245" oya="2" hai0="95,66,118,19,7,99,40,28,62,94,128,3,24" hai1="110,106,37,116,83,89,5,127,26,132,47,44,135" hai2="13,52,75,48,34,16,87,49,14,46,92,51,117" hai3="53,32,54,80,115,18,112,72,41,61,120,31,111"/><V57/><F117/><W134/><G120/><T68/><D128/><U2/><E116/><V91/><F75/><W108/><G41/><T50/><D118/><U101/><E127/><V33/><F13/><W82/><G134/><T70/><D70/><U15/><E2/><V131/><F131/><W58/><G18/><T77/><D77/><U0/><E0/><V130/><F130/><W85/><G72/><T39/><D39/><U8/><E37/><V63/><REACH who="2" step="1"/><F46/><REACH who="2" ten="245,320,180,245" step="2"/><W105/><G112/><T121/><D3/><U123/><E44/><V35/><F35/><W23/><G115/><T59/><D121/><U25/><E47/><V1/><F1/><W124/><G32/><T11/><D7/><U93/><E123/><V90/><F90/><W100/><G124/><T67/><D11/><AGARI ba="0,1" hai="11,14,16,33,34,48,49,51,52,57,63,87,91,92" machi="11" ten="40,12000,1" yaku="1,1,52,2,54,2,53,0" doraHai="30" doraHaiUra="109" who="2" fromWho="0" sc="245,-120,320,0,180,130,245,0" /><INIT seed="2,1,0,5,5,77" ten="125,320,310,245" oya="2" hai0="59,46,31,48,94,61,119,32,68,34,19,43,58" hai1="66,33,29,131,52,9,110,22,1,127,124,3,64" hai2="36,55,81,87,118,109,21,65,2,23,83,132,26" hai3="54,30,80,123,50,20,71,74,112,38,89,10,92"/><V27/><F118/><W86/><G123/><T128/><D119/><U78/><E110/><V45/><F2/><W105/><G112/><T12/><D128/><U25/><E131/><V15/><F109/><W101/><G38/><T53/><D31/><U135/><E135/><V90/><F132/><W121/><G121/><T75/><D75/><U117/><E117/><V72/><F65/><W122/><G122/><T63/><D94/><U102/><E102/><V4/><F36/><W67/><G10/><T11/><REACH who="0" step="1"/><D68/><REACH who="0" ten="115,320,310,245" step="2"/><U16/><E29/><N who="2" m="17615" /><F72/><W5/><G71/><T49/><D49/><U82/><E127/><V88/><F83/><W115/><G74/><T13/><D13/><U7/><E124/><V129/><F129/><W73/><G73/><T79/><D79/><U28/><E3/><V116/><F116/><W14/><G80/><T113/><D113/><U96/><E82/><V6/><F15/><W125/><G14/><T104/><D104/><U18/><E78/><V0/><F0/><W84/><G105/><T106/><D106/><U98/><E28/><N who="2" m="17535" /><F90/><W99/><G89/><T37/><D37/><U111/><E111/><V100/><F100/><W40/><G101/><T44/><D44/><U8/><E1/><V70/><F70/><W51/><G115/><T130/><D130/><U47/><E47/><V107/><F107/><W35/><G125/><T97/><D97/><U114/><E114/><V69/><F69/><W56/><G99/><T85/><D85/><U95/><E98/><V120/><F120/><W103/><G103/><T133/><D133/><U39/><E96/><RYUUKYOKU ba="1,1" sc="115,15,320,-15,310,15,245,-15" hai0="11,12,19,32,34,43,46,48,53,58,59,61,63" hai2="4,6,45,55,81,87,88" /><INIT seed="2,2,1,4,5,33" ten="130,305,325,230" oya="2" hai0="107,103,66,127,53,73,58,6,2,92,130,27,69" hai1="36,120,122,96,20,30,0,38,65,67,116,57,56" hai2="98,68,8,21,1,55,108,42,16,94,115,39,4" hai3="61,87,134,17,23,22,112,24,25,3,97,44,32"/><V35/><F115/><W47/><G112/><T110/><D73/><U70/><E116/><V129/><F68/><W5/><G134/><T11/><D110/><U19/><E30/><V111/><F35/><W80/><G32/><T113/><D113/><U88/><E0/><V91/><F129/><W75/><G75/><T18/><D127/><U62/><E38/><V59/><F42/><W131/><G131/><T37/><D37/><U118/><E36/><V29/><F29/><W9/><G97/><T31/><D107/><U102/><E118/><V119/><F39/><W83/><G61/><T26/><D66/><U100/><E100/><V45/><F45/><W114/><G83/><T72/><D72/><U7/><E7/><V46/><F46/><W48/><G48/><T76/><D76/><U89/><E70/><V60/><REACH who="2" step="1"/><F119/><REACH who="2" ten="130,305,315,230" step="2"/><W99/><G114/><T84/><D69/><U109/><E109/><V78/><F78/><W41/><G41/><T15/><D130/><U93/><E122/><V82/><F82/><W101/><G80/><T123/><D31/><U90/><E120/><V121/><F121/><W79/><G79/><T81/><D123/><U12/><E57/><V43/><F43/><W86/><G47/><T10/><D81/><U85/><E67/><V28/><F28/><W14/><G44/><T135/><D135/><U51/><E51/><V133/><F133/><W54/><G54/><T40/><D40/><U117/><E117/><V50/><F50/><W52/><G52/><T49/><D103/><U128/><E128/><V105/><F105/><AGARI ba="2,2" hai="12,19,20,56,62,65,85,88,89,90,93,96,102,105" machi="105" ten="30,2000,0" yaku="7,1,54,1" doraHai="33" who="1" fromWho="2" sc="130,0,305,46,315,-26,230,0" /><INIT seed="3,0,0,2,2,22" ten="130,351,289,230" oya="3" hai0="122,111,18,120,30,39,42,108,123,58,88,113,65" hai1="80,16,5,134,118,84,101,40,71,26,107,133,67" hai2="92,78,115,93,48,37,7,98,29,66,10,51,82" hai3="38,99,33,45,21,24,53,74,106,110,125,129,32"/><W13/><G74/><T124/><D30/><U81/><E118/><V8/><F115/><W50/><G125/><T126/><D18/><U34/><E5/><V4/><F37/><W52/><G129/><T127/><D88/><N who="1" m="51207" /><E40/><V25/><F66/><W11/><G110/><N who="0" m="42027" /><D113/><U72/><E72/><V27/><F29/><W87/><G38/><T2/><D2/><U54/><E34/><V103/><F93/><W109/><G109/><T70/><D70/><U95/><E107/><V23/><F23/><W14/><G87/><T64/><D58/><U1/><E1/><V41/><F7/><W49/><G99/><T100/><D100/><U28/><E28/><V46/><F51/><W76/><G76/><T63/><D63/><U43/><E67/><V55/><F55/><W36/><G36/><T90/><D90/><U59/><E43/><V0/><REACH who="2" step="1"/><F10/><REACH who="2" ten="130,351,279,230" step="2"/><W131/><G11/><T117/><D117/><U112/><E112/><V6/><F6/><W85/><G32/><T132/><D132/><U19/><E134/><V15/><F15/><W102/><G33/><T20/><D20/><U114/><E114/><V135/><F135/><W94/><G106/><T56/><D56/><U73/><E59/><V61/><F61/><W91/><G14/><T97/><D97/><U79/><E95/><V105/><F105/><W69/><G13/><T17/><D17/><U86/><E16/><V77/><F77/><W130/><G69/><T119/><D119/><U47/><E71/><V60/><F60/><W12/><G12/><T128/><D128/><N who="3" m="49193" /><G21/><T83/><D83/><U57/><E133/><RYUUKYOKU ba="0,1" sc="130,15,351,-15,279,15,230,-15" hai0="39,42,64,65,120,122,123,124,126,127" hai2="0,4,8,25,27,41,46,48,78,82,92,98,103" /><INIT seed="4,1,1,2,5,100" ten="145,336,294,215" oya="0" hai0="122,128,14,31,22,65,97,41,36,44,90,93,4" hai1="32,106,115,45,112,19,17,84,8,127,6,37,118" hai2="111,3,0,124,50,29,47,30,23,77,79,83,10" hai3="119,92,123,74,91,11,80,98,73,70,27,49,38"/><T35/><D122/><U78/><E118/><V130/><F111/><W89/><G38/><T52/><D128/><U54/><E32/><V87/><F130/><W105/><G70/><T108/><D108/><U71/><E71/><V67/><F124/><W113/><G27/><T46/><D65/><U129/><E129/><V55/><F67/><W13/><G49/><T40/><D35/><U56/><E106/><V104/><F104/><W48/><G48/><T66/><D66/><U58/><E58/><V7/><F0/><W69/><G69/><T64/><D64/><U134/><E134/><V75/><F79/><W2/><G2/><T15/><D4/><U21/><E84/><V26/><REACH who="2" step="1"/><F75/><REACH who="2" ten="145,336,284,215" step="2"/><W135/><G74/><T25/><REACH who="0" step="1"/><D52/><REACH who="0" ten="135,336,284,215" step="2"/><U9/><E54/><V109/><F109/><W53/><G53/><T20/><D20/><U61/><E21/><V33/><F33/><W96/><G123/><T132/><D132/><U60/><E127/><V51/><F51/><AGARI ba="1,3" hai="14,15,22,25,31,36,40,41,44,46,51,90,93,97" machi="51" ten="30,2900,0" yaku="1,1,7,1,53,0" doraHai="100" doraHaiUra="34" who="0" fromWho="2" sc="135,62,336,0,284,-32,215,0" /><INIT seed="4,2,0,2,4,15" ten="197,336,252,215" oya="0" hai0="82,62,86,85,93,54,4,65,19,123,56,127,14" hai1="9,125,29,134,37,31,110,133,17,41,111,34,25" hai2="58,1,101,121,38,90,8,61,22,92,60,42,53" hai3="40,104,120,129,18,35,95,117,109,43,7,102,126"/><T45/><D123/><U96/><E96/><V72/><F121/><W91/><G35/><T23/><D127/><U88/><E88/><V59/><F72/><W32/><G32/><T100/><D100/><U69/><E69/><V99/><F38/><W89/><G120/><T28/><D93/><U77/><E77/><V30/><F42/><W71/><G71/><T98/><D98/><U50/><E50/><V97/><F8/><W2/><G117/><T16/><D4/><U112/><E125/><V3/><F30/><W5/><G2/><T6/><D6/><U135/><E112/><V78/><F78/><W49/><G104/><T130/><D28/><U106/><E106/><V75/><F75/><W26/><G126/><T66/><D130/><U12/><REACH who="1" step="1"/><E31/><REACH who="1" ten="197,326,252,215" step="2"/><V118/><F118/><W76/><G76/><N who="0" m="46279" /><D86/><U128/><E128/><V84/><F99/><W107/><G107/><T87/><D87/><U0/><E0/><V80/><F1/><W132/><G129/><T39/><D39/><U105/><E105/><V47/><F3/><W21/><G91/><T119/><D119/><U20/><E20/><V124/><F124/><W114/><G89/><T103/><D103/><U94/><E94/><V70/><F70/><W67/><G95/><T10/><D45/><AGARI ba="2,1" hai="9,12,17,25,29,34,37,41,45,110,111,133,134,135" machi="45" ten="40,5200,0" yaku="1,1,20,1,52,1,53,0" doraHai="15" doraHaiUra="81" who="1" fromWho="0" sc="197,-58,326,68,252,0,215,0" /><INIT seed="5,0,0,4,4,127" ten="139,394,252,215" oya="1" hai0="113,109,119,53,68,114,122,120,12,99,11,79,31" hai1="69,33,134,101,131,98,118,74,24,56,80,77,40" hai2="37,1,105,48,124,64,30,107,92,21,19,94,14" hai3="10,58,65,2,46,132,43,39,15,41,57,126,0"/><U91/><E131/><V110/><F110/><W62/><G126/><T47/><D79/><U89/><E134/><V116/><F37/><W103/><G132/><T102/><D99/><U27/><E27/><V86/><F116/><W3/><G103/><T78/><D102/><U13/><E40/><V25/><F1/><W112/><G112/><T28/><D78/><U55/><E69/><V72/><F72/><W54/><G43/><T6/><D68/><U129/><E129/><V108/><F108/><W60/><G0/><T96/><D96/><U52/><E55/><V66/><F107/><W117/><G117/><T35/><D47/><U23/><E13/><V9/><F105/><W130/><G130/><T87/><D53/><U106/><E33/><V17/><F48/><W7/><AGARI ba="0,0" hai="2,3,7,10,15,39,41,46,54,57,58,60,62,65" machi="7" ten="20,1500,0" yaku="0,1,7,1" doraHai="127" who="3" fromWho="3" sc="139,-4,394,-7,252,-4,215,15" /><INIT seed="6,0,0,3,2,60" ten="135,387,248,230" oya="2" hai0="123,79,61,57,47,28,22,86,30,38,125,126,96" hai1="111,17,23,27,84,100,109,26,73,7,58,6,76" hai2="71,115,120,63,56,1,18,80,67,64,132,118,117" hai3="116,135,42,104,2,103,108,107,12,74,65,127,51"/><V19/><F1/><W32/><G2/><T72/><D123/><U40/><E73/><V122/><F80/><W39/><G39/><T55/><D72/><U105/><E105/><V133/><F18/><W89/><G32/><T114/><D114/><U70/><E70/><V35/><F35/><W21/><G74/><T69/><D96/><U91/><E100/><V121/><F115/><W4/><G116/><N who="2" m="44649" /><F19/><W50/><G108/><T130/><D22/><U13/><E76/><V131/><F131/><W41/><G103/><T3/><D3/><U24/><E111/><V77/><F77/><W128/><G21/><T48/><D86/><U31/><E31/><V93/><F93/><W52/><G128/><T68/><D79/><U14/><E14/><V46/><F46/><W82/><G12/><T20/><D20/><U113/><E113/><V10/><F10/><W25/><G82/><T5/><D5/><U75/><E75/><V101/><F101/><W16/><G4/><T44/><D130/><U49/><E109/><V11/><F11/><W83/><G83/><T53/><D28/><U15/><E15/><V99/><F99/><W8/><G8/><T98/><D98/><U88/><E84/><V92/><F92/><W124/><G104/><T33/><D30/><U66/><E7/><V78/><F78/><W95/><G95/><T62/><D33/><U9/><E23/><V134/><F71/><N who="0" m="27210" /><D62/><N who="1" m="38231" /><E6/><V112/><F112/><W102/><G107/><T90/><D90/><U119/><E119/><V29/><F29/><W106/><G106/><T45/><D44/><AGARI ba="0,0" hai="9,13,17,24,26,27,40,44,49,88,91" m="38231" machi="44" ten="30,3900,0" yaku="8,1,52,1,54,1" doraHai="60" who="1" fromWho="0" sc="135,-39,387,39,248,0,230,0" /><INIT seed="7,0,0,1,5,135" ten="96,426,248,230" oya="3" hai0="121,57,40,2,4,61,55,75,58,27,37,49,124" hai1="119,89,34,133,108,68,33,45,80,51,54,28,25" hai2="72,59,10,23,77,134,125,84,86,116,24,30,15" hai3="110,100,20,1,39,129,107,36,109,43,66,90,91"/><W131/><G1/><T12/><D75/><U126/><E133/><V123/><F134/><W93/><G66/><T71/><D121/><U122/><E122/><V96/><F123/><W105/><G43/><T132/><D2/><U48/><E119/><V87/><F125/><W130/><G20/><T70/><D27/><U67/><E126/><V14/><F116/><W16/><G16/><T69/><D12/><U13/><E68/><V65/><F96/><N who="3" m="59407" /><G39/><T101/><D101/><U102/><E102/><V6/><F72/><W53/><G53/><T11/><D11/><U50/><E67/><V106/><F106/><N who="3" m="40459" /><G36/><T114/><D4/><U17/><E34/><V95/><F15/><W41/><G41/><T85/><D85/><U26/><E26/><V7/><F6/><W73/><G73/><T42/><D132/><U103/><E54/><V47/><F47/><W113/><G113/><T115/><D124/><U46/><E46/><V3/><F3/><W76/><G76/><T52/><D37/><U29/><E45/><V82/><F95/><W22/><G22/><T128/><D128/><U112/><E112/><V127/><F127/><W81/><G81/><T32/><D32/><U60/><E33/><V120/><F120/><W0/><G0/><T74/><D74/><U5/><E80/><V18/><F7/><W111/><AGARI ba="0,0" hai="90,91,109,110,111,129,130,131" m="40459,59407" machi="111" ten="50,12000,1" yaku="10,1,19,1,34,2" doraHai="135" who="3" fromWho="3" sc="96,-40,426,-40,248,-40,230,120" /><INIT seed="7,1,0,2,2,91" ten="56,386,208,350" oya="3" hai0="14,2,1,76,25,58,37,68,57,115,51,132,107" hai1="54,32,44,77,130,105,81,120,26,129,21,104,10" hai2="31,96,0,128,127,19,89,55,86,80,3,6,29" hai3="9,45,12,79,112,13,83,101,82,61,121,109,63"/><W93/><G121/><T71/><D51/><N who="1" m="29031" /><E32/><V125/><F128/><N who="1" m="49257" /><E120/><V64/><F64/><W111/><G112/><T43/><D14/><N who="3" m="5737" /><G9/><T103/><D25/><U69/><E69/><V52/><F19/><W18/><G45/><T24/><D103/><U90/><E90/><V50/><F55/><W70/><G18/><T16/><D76/><U22/><E10/><V119/><F119/><W110/><G70/><T53/><D24/><U72/><E22/><V41/><F41/><W23/><G23/><T74/><D43/><U33/><E33/><V62/><F62/><N who="3" m="23563" /><G79/><T34/><D34/><U100/><E100/><V65/><F65/><W49/><G49/><T47/><D47/><U46/><E46/><N who="2" m="27735" /><F96/><AGARI ba="1,0" hai="82,83,93,96,101,109,110,111" m="23563,5737" machi="96" ten="40,3900,0" yaku="10,1,52,1" doraHai="91" who="3" fromWho="2" sc="56,0,386,0,208,-42,350,42" owari="56,-44.0,386,19.0,166,-23.0,392,48.0" /></mjloggm>