<mjloggm ver="2.3"><GO type="169" lobby="0"/><UN n0="%E3%81%8B%E3%81%A5%E3%81%8D%EF%BC%B8%EF%BC%A9" n1="%6B%5F%6D%5F%62" n2="%E3%81%BF%E3%81%A3%E3%81%8D%E3%83%BC" n3="%E3%83%81%E3%82%A7%EF%BC%81%E3%83%86%E3%83%90%E3%83%A9" dan="17,16,17,16" rate="2115.41,2115.88,2193.71,2033.37" sx="M,M,M,M"/><TAIKYOKU oya="0"/><INIT seed="0,0,0,4,4,132" ten="250,250,250,250" oya="0" hai0="108,56,44,19,21,50,79,70,38,60,80,95,43" hai1="126,2,7,94,125,17,135,84,18,59,83,26,27" hai2="55,62,20,76,63,61,104,114,14,12,82,86,117" hai3="64,9,0,4,119,31,93,96,5,131,71,30,8"/><T48/><D70/><U124/><E135/><V113/><F104/><W107/><G131/><T121/><D95/><U67/><E94/><V54/><F117/><W112/><G119/><T52/><D121/><U10/><E67/><V36/><F36/><W42/><G112/><T116/><D108/><U1/><E1/><V129/><F129/><W77/><G107/><T118/><D118/><U3/><E3/><V6/><F114/><W47/><G77/><T32/><D32/><U73/><E73/><V33/><F33/><W92/><G64/><T16/><D116/><U115/><E59/><V58/><F113/><W41/><G92/><T46/><D21/><U74/><E74/><V123/><F123/><W75/><G75/><T65/><REACH who="0" step="1"/><D38/><REACH who="0" ten="240,250,250,250" step="2"/><U69/><E69/><V101/><F101/><W53/><G71/><T66/><D66/><U34/><E115/><V28/><F20/><W109/><G109/><T120/><D120/><U102/><E102/><V103/><F103/><W78/><G93/><T87/><AGARI ba="0,1" hai="16,19,43,44,46,48,50,52,56,60,65,79,80,87" machi="87" ten="20,18000,2" yaku="1,1,0,1,7,1,8,1,54,2,53,0" doraHai="132" doraHaiUra="111" who="0" fromWho="0" sc="240,190,250,-60,250,-60,250,-60" /><INIT seed="0,1,0,5,4,21" ten="430,190,190,190" oya="0" hai0="82,10,20,126,111,96,22,35,128,27,11,8,36" hai1="24,26,132,50,57,67,16,134,28,83,109,55,99" hai2="122,44,41,110,103,49,108,121,94,5,56,12,4" hai3="80,42,19,102,86,71,15,51,30,98,114,0,129"/><T25/><D36/><U38/><E38/><V92/><F56/><W68/><G114/><T40/><D40/><U90/><E109/><N who="2" m="42091" /><F103/><W131/><G0/><T37/><D37/><U97/><E67/><V54/><F12/><W61/><G30/><T101/><D126/><U7/><E7/><N who="2" m="2635" /><F41/><W31/><G31/><T9/><D128/><N who="3" m="49225" /><G51/><T120/><D120/><AGARI ba="1,0" hai="44,49,54,92,94,120,121,122" m="2635,42091" machi="120" ten="30,1000,0" yaku="14,1" doraHai="21" who="2" fromWho="0" sc="430,-13,190,0,190,13,190,0" /><INIT seed="1,0,0,3,1,115" ten="417,190,203,190" oya="1" hai0="79,47,0,121,93,99,56,101,105,65,51,72,32" hai1="132,104,114,63,107,11,48,106,14,36,61,76,133" hai2="64,52,55,43,26,38,95,39,35,7,111,109,59" hai3="120,44,77,69,9,31,78,129,58,42,113,103,123"/><U91/><E36/><N who="2" m="13867" /><F7/><W3/><G113/><T33/><D0/><U80/><E114/><V16/><F35/><W119/><G69/><T75/><D93/><U124/><E124/><V6/><F6/><W23/><G58/><T98/><D98/><U90/><E48/><V112/><F112/><W97/><G23/><T85/><D121/><U128/><E128/><V5/><F5/><W66/><G66/><T87/><D87/><N who="1" m="48519" /><E14/><V57/><F95/><W13/><G13/><T25/><D75/><U53/><E11/><V134/><F43/><W126/><G42/><T81/><D72/><U62/><E53/><N who="2" m="20555" /><F64/><W92/><G9/><T89/><D33/><U125/><E125/><V135/><F26/><W60/><G126/><T86/><D32/><U84/><E84/><V20/><F20/><W96/><G123/><T21/><D65/><U17/><E17/><V41/><F16/><W127/><G120/><T15/><D15/><U116/><E116/><V102/><F41/><W19/><G127/><T49/><D21/><U83/><E83/><V18/><F18/><W82/><G82/><T108/><D25/><U122/><E122/><V27/><F27/><W50/><G19/><T54/><D86/><U130/><E130/><V22/><F22/><W94/><G129/><T68/><D81/><U30/><E30/><V131/><F131/><W67/><G31/><T29/><D29/><U37/><E37/><V1/><F1/><W100/><G3/><T4/><D4/><U2/><E2/><V110/><F102/><W45/><G103/><T40/><D40/><U28/><E28/><RYUUKYOKU ba="0,0" sc="417,-15,190,15,203,15,190,-15" hai1="61,62,63,90,91,104,106,107,132,133" hai2="57,59,109,110,111,134,135" /><INIT seed="1,1,0,0,1,47" ten="402,205,218,175" oya="1" hai0="30,127,9,95,107,48,54,32,66,59,100,50,112" hai1="5,117,129,130,118,67,77,7,114,64,84,13,73" hai2="126,40,93,106,46,120,101,85,38,75,1,133,109" hai3="105,37,131,11,86,44,20,116,68,71,2,35,0"/><U22/><E73/><V104/><F120/><W4/><G35/><T39/><D39/><U97/><E114/><V6/><F109/><W61/><G105/><T70/><D107/><U17/><E97/><V8/><F126/><W58/><G131/><N who="1" m="50186" /><E77/><V124/><F124/><W110/><G110/><T63/><D112/><U128/><E84/><V135/><F75/><W123/><G123/><T108/><D108/><U24/><N who="1" m="50194" /><U3/><DORA hai="69" /><E67/><V36/><F104/><W52/><G2/><T119/><D119/><N who="1" m="45579" /><E64/><V94/><F106/><W125/><G125/><T62/><D127/><U41/><E41/><V134/><F101/><W89/><G20/><T56/><D70/><U72/><E72/><V76/><F76/><W28/><G28/><T42/><D42/><U57/><E57/><V49/><F85/><W33/><G33/><T60/><D66/><U83/><E83/><V10/><F8/><W21/><G21/><T90/><D100/><U23/><E3/><V43/><F40/><W80/><G116/><T82/><D82/><U98/><E98/><V81/><F81/><W55/><REACH who="3" step="1"/><G37/><AGARI ba="1,0" hai="1,6,10,36,37,38,43,46,49,93,94,133,134,135" machi="37" ten="50,8000,1" yaku="20,1,52,4" doraHai="47,69" who="2" fromWho="3" sc="402,0,205,0,218,83,175,-83" /><INIT seed="2,0,0,3,1,104" ten="402,205,301,92" oya="2" hai0="119,1,40,54,12,61,16,111,57,27,55,10,37" hai1="131,128,92,68,52,101,134,117,91,113,23,88,105" hai2="69,77,29,42,127,15,107,78,129,24,17,106,103" hai3="58,4,120,94,110,22,97,132,86,98,67,126,51"/><V7/><F42/><W102/><G120/><T72/><D111/><U25/><E113/><V28/><F7/><W2/><G110/><T56/><D119/><U50/><E117/><V47/><F47/><W39/><G39/><T121/><D121/><U81/><E68/><V60/><F29/><W116/><G2/><T9/><D72/><U45/><E134/><V125/><F129/><N who="1" m="49737" /><E105/><V70/><F70/><W44/><G126/><N who="2" m="48137" /><F60/><W3/><G132/><T89/><D27/><U74/><E92/><V41/><F41/><W53/><G116/><T83/><D1/><U123/><E101/><V13/><F13/><W35/><G35/><T43/><D10/><U31/><E123/><V100/><F69/><W130/><G130/><T33/><D33/><U115/><E115/><V135/><F106/><W79/><G3/><T118/><D118/><U96/><E96/><N who="2" m="61831" /><F103/><W6/><G102/><T73/><D37/><U84/><E84/><V62/><F62/><W114/><G86/><N who="0" m="50399" /><D73/><U46/><E46/><V20/><F135/><W66/><G44/><T112/><D112/><U75/><E75/><V0/><F0/><W36/><G114/><T32/><D32/><AGARI ba="0,0" hai="15,17,20,24,28,32,77,78" m="61831,48137" machi="32" ten="30,1500,0" yaku="18,1" doraHai="104" who="2" fromWho="0" sc="402,-15,205,0,301,15,92,0" /><INIT seed="2,1,0,0,0,17" ten="387,205,316,92" oya="2" hai0="75,78,57,123,101,90,53,72,34,35,60,2,63" hai1="6,74,89,87,7,130,114,117,36,49,50,44,14" hai2="3,15,120,26,88,65,4,102,97,21,121,0,125" hai3="94,32,8,85,98,128,11,33,39,96,83,25,28"/><V12/><F65/><W135/><G128/><T95/><D2/><N who="2" m="554" /><F102/><W127/><G127/><T42/><D101/><U81/><E114/><V31/><F97/><W84/><G135/><T9/><D123/><N who="2" m="47178" /><F88/><W108/><G108/><T91/><D42/><U30/><E130/><V68/><F68/><W86/><G39/><T41/><D41/><U1/><E117/><V100/><F100/><W116/><G116/><T24/><D78/><U23/><E1/><V29/><F125/><W46/><G33/><T64/><D91/><U105/><E36/><V19/><F15/><W92/><G83/><T62/><D75/><U51/><E105/><V73/><F73/><W119/><G119/><T13/><D72/><U76/><E14/><V43/><F43/><W20/><G46/><T82/><D82/><U115/><E115/><V67/><F67/><W134/><G98/><T70/><D70/><U93/><E44/><V5/><F29/><W55/><G94/><T18/><D64/><U69/><E69/><V132/><F132/><W80/><G92/><T99/><D62/><U52/><E52/><V58/><F58/><W106/><G55/><T133/><D60/><U124/><E124/><V40/><F40/><W103/><G134/><T113/><D133/><U61/><E61/><V10/><AGARI ba="1,0" hai="4,5,10,12,19,21,26,31" m="47178,554" machi="10" ten="30,6000,0" yaku="34,2,52,1" doraHai="17" who="2" fromWho="2" sc="387,-21,205,-21,316,63,92,-21" /><INIT seed="2,2,0,3,0,21" ten="366,184,379,71" oya="2" hai0="20,1,7,64,107,58,85,83,30,48,40,33,118" hai1="54,19,5,95,112,45,131,79,25,3,124,35,59" hai2="8,113,117,49,135,130,72,6,133,90,29,4,55" hai3="28,53,93,125,82,57,110,17,86,127,60,74,24"/><V99/><F113/><W84/><G110/><T80/><D107/><U26/><E112/><V71/><F117/><W92/><G17/><T39/><D33/><U68/><E68/><V100/><F72/><W77/><G74/><T103/><D39/><U61/><E79/><V114/><F114/><W101/><G101/><T67/><D1/><U41/><E124/><V94/><F71/><W98/><G98/><T36/><D36/><U73/><E73/><V87/><F29/><W11/><G11/><T56/><D7/><U102/><E131/><V91/><F91/><W116/><G116/><T108/><D108/><U109/><E109/><V38/><F38/><W34/><REACH who="3" step="1"/><G86/><REACH who="3" ten="366,184,379,61" step="2"/><T120/><D85/><U27/><E19/><V104/><F130/><W70/><G70/><T132/><D103/><U32/><E5/><V44/><REACH who="2" step="1"/><F6/><REACH who="2" ten="366,184,369,61" step="2"/><W126/><AGARI ba="2,2" hai="24,28,34,53,57,60,77,82,84,92,93,125,126,127" machi="126" ten="30,8000,1" yaku="1,1,0,1,18,1,52,1,53,1" doraHai="21" doraHaiUra="81" who="3" fromWho="3" sc="366,-22,184,-22,369,-42,61,106" /><INIT seed="3,0,0,1,3,3" ten="344,162,327,167" oya="3" hai0="117,78,59,89,68,25,13,50,21,46,100,43,51" hai1="96,118,92,14,133,98,34,19,53,24,18,17,67" hai2="27,44,109,58,103,41,90,55,11,83,99,95,87" hai3="84,130,123,129,120,121,15,110,134,10,125,20,111"/><W105/><G105/><T86/><D68/><U42/><E133/><V60/><F109/><N who="3" m="41483" /><G84/><T112/><D117/><U28/><E118/><V61/><F27/><W128/><G20/><T85/><D100/><U4/><E42/><V1/><F1/><W93/><G93/><T22/><D112/><U126/><E126/><V49/><F11/><W38/><G38/><AGARI ba="0,0" hai="38,41,44,49,55,58,60,61,83,87,90,95,99,103" machi="38" ten="30,1000,0" yaku="7,1" doraHai="3" who="2" fromWho="3" sc="344,0,162,0,327,10,167,-10" /><INIT seed="4,0,0,2,0,45" ten="344,162,337,157" oya="0" hai0="49,88,65,37,69,95,46,83,105,39,85,128,29" hai1="77,81,111,19,13,84,8,107,27,89,68,130,131" hai2="96,38,14,31,59,36,98,100,134,94,132,118,43" hai3="114,135,74,6,67,106,5,20,127,113,103,10,12"/><T21/><D105/><U119/><E119/><V44/><F118/><W93/><G106/><T117/><D128/><N who="1" m="49195" /><E111/><V30/><F38/><W1/><G74/><T90/><D69/><U61/><E107/><V108/><F108/><W40/><G67/><T80/><D65/><N who="1" m="41007" /><E27/><V16/><F59/><W23/><G40/><T72/><D72/><U133/><E133/><N who="2" m="51307" /><F98/><N who="3" m="59855" /><G135/><T116/><D116/><U64/><E64/><V7/><F7/><W82/><G82/><T122/><D122/><U70/><E70/><V76/><F76/><AGARI ba="0,0" hai="8,13,19,76,77,81,84,89" m="41007,49195" machi="76" ten="30,1000,0" yaku="19,1" doraHai="45" who="1" fromWho="2" sc="344,0,162,10,337,-10,157,0" /><INIT seed="5,0,0,1,0,40" ten="344,172,327,157" oya="1" hai0="121,108,20,66,112,76,82,9,59,73,62,84,48" hai1="17,32,132,52,117,87,44,91,89,72,119,70,125" hai2="104,113,36,34,61,78,111,29,30,16,1,116,88" hai3="71,39,97,42,13,53,51,46,92,23,5,2,110"/><U12/><E72/><V77/><F111/><W28/><G110/><T58/><D112/><U31/><E70/><V105/><F1/><W35/><G71/><T100/><D121/><U95/><E132/><V123/><F116/><W11/><G35/><T45/><D9/><N who="1" m="6287" /><E125/><V131/><F78/><W85/><G85/><T55/><D100/><U37/><E37/><V127/><F77/><W67/><G67/><T99/><D99/><N who="1" m="57839" /><E32/><V80/><F36/><W75/><G75/><T24/><D108/><U25/><E25/><V14/><F34/><W41/><G2/><T33/><D33/><U109/><E109/><V106/><F123/><W126/><G126/><T115/><D115/><U63/><E63/><V18/><F113/><W129/><G129/><T22/><D73/><U74/><E74/><V54/><F131/><W15/><G39/><T101/><D101/><U19/><E19/><V47/><F18/><N who="3" m="10719" /><G28/><N who="2" m="10857" /><F127/><W7/><G7/><T124/><D124/><U86/><E86/><N who="2" m="50247" /><F61/><W83/><G83/><T122/><D122/><U50/><E31/><V27/><F27/><W56/><G97/><T49/><D24/><U68/><E68/><V4/><F16/><W134/><G134/><T64/><D64/><U43/><E43/><AGARI ba="0,0" hai="20,22,43,45,48,49,55,58,59,62,66,76,82,84" machi="43" ten="30,3900,0" yaku="7,1,8,1,52,1" doraHai="40" who="0" fromWho="1" sc="344,39,172,-39,327,0,157,0" /><INIT seed="6,0,0,2,4,92" ten="383,133,327,157" oya="2" hai0="83,12,84,86,53,127,74,54,78,79,11,109,129" hai1="77,27,81,29,65,91,103,87,124,44,26,36,18" hai2="98,97,82,61,128,28,4,39,57,113,15,118,135" hai3="17,16,22,60,49,69,122,114,31,5,20,0,48"/><V119/><F39/><W40/><G122/><T94/><D109/><U9/><E124/><V42/><F42/><W7/><G69/><T80/><D127/><U25/><E65/><V50/><F50/><W67/><G0/><T41/><D129/><U72/><E103/><V19/><F128/><W34/><G34/><T55/><D74/><U121/><E121/><V88/><F28/><W99/><G31/><T51/><D94/><U52/><E36/><V63/><F63/><W32/><G32/><T23/><D23/><N who="1" m="15615" /><E72/><V43/><F43/><W3/><G3/><T47/><D55/><U59/><E77/><V126/><F113/><W1/><G1/><T116/><D116/><U75/><E75/><V110/><F135/><W68/><G114/><T38/><D38/><U120/><E120/><V101/><F4/><AGARI ba="0,0" hai="4,11,12,41,47,51,53,54,78,79,80,83,84,86" machi="4" ten="30,8000,1" yaku="7,1,9,1,25,2,8,1" doraHai="92" who="0" fromWho="2" sc="383,80,133,0,327,-80,157,0" /><INIT seed="7,0,0,5,1,58" ten="463,133,247,157" oya="3" hai0="15,131,99,18,117,3,2,30,134,100,83,130,45" hai1="89,46,110,47,84,59,54,102,1,5,73,80,41" hai2="101,48,40,82,37,27,133,72,28,118,119,103,70" hai3="53,60,16,31,77,87,69,64,129,67,21,32,75"/><W17/><G75/><T121/><D117/><U20/><E110/><V33/><F70/><W79/><G32/><T65/><D121/><U127/><E127/><V120/><F37/><W81/><G129/><N who="0" m="49163" /><D134/><U49/><E73/><V74/><F103/><W55/><G31/><T24/><D45/><U36/><E102/><V112/><F133/><W135/><G135/><T35/><D65/><U123/><E123/><V111/><F111/><W93/><G79/><T109/><D83/><U29/><E47/><V4/><F4/><W97/><G17/><T10/><D109/><U26/><E5/><V106/><F112/><W61/><G93/><AGARI ba="0,0" hai="2,3,10,15,18,24,30,35,93,99,100" m="49163" machi="93" ten="30,1000,0" yaku="19,1" doraHai="58" who="0" fromWho="3" sc="463,10,133,0,247,0,157,-10" owari="473,57.0,133,-37.0,247,5.0,147,-25.0" /></mjloggm>