<mjloggm ver="2.3"><GO type="169" lobby="0"/><UN n0="%E3%81%8B%E3%81%B6%E8%8C%B6" n1="%E3%83%81%E3%82%A7%EF%BC%81%E3%83%86%E3%83%90%E3%83%A9" n2="%E8%8C%B6%E8%89%B2%E3%81%AE%E3%82%A2%E3%83%AC" n3="%6B%69%6D%38" dan="16,16,17,18" rate="2136.32,2038.80,2183.47,2251.50" sx="M,M,M,M"/><TAIKYOKU oya="0"/><INIT seed="0,0,0,0,1,9" ten="250,250,250,250" oya="0" hai0="48,122,99,115,96,8,1,5,125,20,43,41,11" hai1="124,35,129,103,14,45,13,21,50,121,112,17,118" hai2="22,89,108,71,127,0,77,66,135,2,98,39,120" hai3="67,4,109,28,79,110,60,53,91,101,93,55,126"/><T27/><D115/><U134/><E118/><V72/><F120/><W90/><G79/><T64/><D122/><U15/><E121/><V128/><F39/><W119/><G119/><T65/><D125/><U56/><E35/><V34/><F34/><W58/><G126/><T49/><D20/><U97/><E124/><V132/><F108/><N who="3" m="41579" /><G28/><T3/><D5/><U113/><E129/><V63/><F77/><W94/><G101/><T6/><D6/><U75/><E75/><V107/><F72/><W95/><G4/><T32/><D32/><U123/><E123/><V104/><F22/><W74/><G74/><T82/><REACH who="0" step="1"/><D82/><REACH who="0" ten="240,250,250,250" step="2"/><U117/><E117/><V86/><F127/><W25/><G25/><AGARI ba="0,1" hai="1,3,8,11,25,27,41,43,48,49,64,65,96,99" machi="25" ten="25,9600,0" yaku="1,1,2,1,22,2,53,0" doraHai="9" doraHaiUra="106" who="0" fromWho="3" sc="240,106,250,0,250,0,250,-96" /><INIT seed="0,1,0,3,3,11" ten="346,250,250,154" oya="0" hai0="52,7,34,75,24,88,31,123,92,54,48,46,119" hai1="128,64,118,109,39,25,86,135,3,5,83,102,129" hai2="93,76,49,68,29,100,132,97,30,33,36,2,22" hai3="107,73,74,67,10,0,51,96,70,95,130,63,85"/><T84/><D123/><U27/><E39/><V32/><F36/><W125/><G125/><T82/><D119/><U111/><E64/><V126/><F2/><W91/><G130/><N who="1" m="50282" /><E102/><V59/><F68/><W120/><G120/><T58/><D7/><U101/><E101/><V131/><F131/><W9/><G107/><T78/><REACH who="0" step="1"/><D58/><REACH who="0" ten="336,250,250,154" step="2"/><U40/><E118/><V53/><F59/><W80/><G0/><T122/><D122/><U121/><E121/><V56/><F56/><W6/><G6/><T41/><AGARI ba="1,1" hai="24,31,34,41,46,48,52,54,75,78,82,84,88,92" machi="41" ten="20,18000,2" yaku="1,1,0,1,7,1,54,2,53,1" doraHai="11" doraHaiUra="81" who="0" fromWho="0" sc="336,193,250,-61,250,-61,154,-61" /><INIT seed="0,2,0,4,1,105" ten="529,189,189,93" oya="0" hai0="42,32,29,19,83,18,75,104,31,44,65,130,2" hai1="115,93,124,35,80,119,27,63,45,10,55,62,108" hai2="67,82,122,66,7,78,59,103,8,100,23,118,13" hai3="91,95,101,117,14,71,128,111,38,73,76,5,16"/><T11/><D104/><U39/><E119/><V116/><F122/><W85/><G117/><N who="2" m="45161" /><F23/><W57/><G71/><T50/><D130/><U37/><E108/><V43/><F43/><W81/><G128/><T92/><D65/><N who="2" m="24586" /><F59/><W70/><G70/><T121/><D121/><U36/><E124/><V96/><F96/><W107/><G5/><T22/><D92/><U61/><E93/><V15/><F15/><W90/><G38/><T4/><D32/><U69/><E69/><V48/><F48/><W0/><G0/><T34/><D34/><U114/><E10/><V64/><N who="2" m="24594" /><V120/><DORA hai="9" /><F120/><W88/><G111/><T25/><REACH who="0" step="1"/><D29/><REACH who="0" ten="519,189,189,93" step="2"/><U46/><E35/><V17/><F7/><W6/><G6/><T47/><D47/><U20/><E46/><V113/><F113/><W134/><G107/><T98/><D98/><U125/><E115/><V54/><F54/><W109/><G109/><T89/><D89/><U126/><E114/><V3/><F3/><W68/><G68/><T52/><D52/><U131/><E131/><V129/><F129/><W87/><G101/><T12/><D12/><U53/><E45/><V110/><F110/><W21/><G57/><T123/><D123/><U28/><E55/><V94/><F94/><W79/><G95/><T26/><D26/><U112/><E53/><V135/><F135/><W60/><G134/><T86/><D86/><AGARI ba="2,1" hai="8,13,17,78,82,86,100,103" m="24594,45161" machi="86" ten="40,2600,0" yaku="12,1,52,1" doraHai="105,9" who="2" fromWho="0" sc="519,-32,189,0,189,42,93,0" /><INIT seed="1,0,0,0,0,133" ten="487,189,231,93" oya="1" hai0="53,107,45,25,59,90,24,135,35,14,127,114,117" hai1="119,82,110,94,123,48,65,78,38,8,77,60,118" hai2="88,41,134,2,19,116,128,104,86,23,6,81,52" hai3="13,49,44,27,39,76,100,22,103,75,20,55,62"/><U10/><E123/><V74/><F116/><W68/><G75/><T126/><D114/><U29/><E38/><V43/><F134/><W72/><G72/><T115/><D115/><U132/><E132/><V85/><F74/><W21/><G76/><T12/><D117/><U79/><E119/><V11/><F128/><W4/><G39/><T66/><D107/><U63/><E118/><V54/><F104/><W87/><G68/><T102/><D102/><U37/><E37/><V69/><F69/><W16/><G87/><T89/><D66/><U0/><E0/><V97/><F97/><W31/><G4/><T106/><D45/><U130/><E130/><V42/><REACH who="2" step="1"/><F86/><REACH who="2" ten="487,189,221,93" step="2"/><W30/><REACH who="3" step="1"/><G62/><REACH who="3" ten="487,189,221,83" step="2"/><T113/><D135/><U3/><E63/><V98/><F98/><W124/><G124/><T131/><D113/><U108/><E60/><V26/><AGARI ba="0,2" hai="2,6,11,19,23,26,41,42,43,52,54,81,85,88" machi="26" ten="30,7900,0" yaku="1,1,0,1,54,2,53,0" doraHai="133" doraHaiUra="120" who="2" fromWho="2" sc="487,-20,189,-39,221,99,83,-20" /><INIT seed="2,0,0,5,1,2" ten="467,150,320,63" oya="2" hai0="26,29,59,78,25,109,41,119,15,27,40,96,114" hai1="92,46,53,134,98,72,85,73,127,112,56,63,38" hai2="74,122,5,91,8,90,60,113,132,50,123,35,44" hai3="93,64,94,115,11,104,69,32,101,130,43,89,57"/><V71/><F35/><W14/><G130/><T67/><D114/><U48/><E112/><V52/><F74/><W54/><G115/><T108/><D119/><U66/><E134/><V79/><F79/><W84/><G32/><T106/><D29/><U135/><E127/><V129/><F113/><W42/><G104/><T110/><D78/><U17/><E135/><V30/><F30/><W117/><G69/><T95/><D106/><U47/><E47/><V99/><F129/><W24/><G64/><T128/><D15/><U62/><E62/><V39/><F99/><N who="3" m="59639" /><G24/><T23/><D23/><U76/><E85/><V88/><F132/><W37/><G37/><T28/><D28/><U10/><E76/><V80/><F80/><W83/><G83/><T133/><D133/><U51/><E38/><V16/><F39/><W131/><G117/><T81/><D81/><U68/><E17/><V102/><F102/><W12/><G12/><T82/><D82/><U21/><E10/><V111/><F16/><N who="3" m="8287" /><G131/><T124/><D128/><U0/><E21/><V4/><F111/><W70/><G70/><T105/><D105/><U22/><E22/><V126/><F126/><W33/><G33/><T61/><D124/><U34/><E34/><V121/><REACH who="2" step="1"/><F8/><REACH who="2" ten="467,150,310,63" step="2"/><W3/><G89/><AGARI ba="0,1" hai="25,26,27,40,41,59,61,67,89,95,96,108,109,110" machi="89" ten="50,1600,0" yaku="14,1" doraHai="2" who="0" fromWho="3" sc="467,26,150,0,310,0,63,-16" /><INIT seed="3,0,0,3,0,90" ten="493,150,310,47" oya="3" hai0="31,58,67,103,25,135,66,127,24,124,119,39,1" hai1="70,43,5,75,71,3,52,18,108,20,89,105,113" hai2="48,13,64,57,97,9,55,40,6,112,47,99,102" hai3="8,63,65,91,45,26,129,11,126,27,68,12,130"/><W80/><G126/><N who="0" m="48171" /><D119/><U84/><E108/><V88/><F112/><W76/><G45/><T56/><D1/><U116/><E113/><V73/><F73/><W69/><G69/><T94/><D39/><U54/><E75/><V104/><F64/><N who="0" m="24618" /><D135/><U22/><E105/><V32/><F32/><W100/><G100/><T134/><D24/><U93/><E43/><V35/><F35/><W92/><G27/><T120/><D120/><U81/><E116/><V28/><F28/><W109/><G26/><T95/><D134/><U33/><E33/><V30/><F30/><W16/><G109/><T101/><D101/><U106/><E106/><V34/><F34/><W132/><G132/><T83/><D95/><U107/><E107/><V50/><F104/><W38/><G38/><T41/><D41/><U23/><E81/><V77/><F77/><W125/><G11/><T15/><D15/><U19/><E71/><V123/><F123/><W114/><G114/><T46/><D46/><U85/><E70/><V128/><F102/><W87/><REACH who="3" step="1"/><G125/><REACH who="3" ten="493,150,310,37" step="2"/><T37/><D37/><U96/><E3/><V110/><F110/><W36/><G36/><T62/><D25/><U122/><E122/><V121/><F121/><W117/><G117/><T79/><D31/><U72/><E72/><AGARI ba="0,1" hai="8,12,16,63,65,68,72,76,80,87,91,92,129,130" machi="72" ten="40,7700,0" yaku="1,1,52,1,54,1,53,0" doraHai="90" doraHaiUra="49" who="3" fromWho="1" sc="493,0,150,-77,310,0,37,87" /><INIT seed="3,1,0,4,2,4" ten="493,73,310,124" oya="3" hai0="125,3,60,109,52,65,93,104,88,116,80,76,108" hai1="42,14,66,81,29,2,1,110,90,39,130,50,96" hai2="87,128,103,57,38,100,11,71,25,63,68,18,7" hai3="97,114,20,111,95,117,98,26,22,67,51,5,43"/><W115/><G117/><T48/><D104/><U131/><E110/><V84/><F38/><W36/><G36/><T85/><D3/><U62/><E39/><V105/><F128/><N who="1" m="49193" /><E29/><V70/><F25/><W73/><G73/><T107/><D107/><U102/><E14/><V99/><F18/><W32/><G67/><T92/><D125/><U106/><E90/><V35/><F35/><W112/><G111/><T79/><D93/><U17/><E17/><V122/><F103/><W19/><G5/><T31/><D76/><U0/><E81/><V69/><F69/><W9/><G32/><T40/><D40/><U16/><E16/><V56/><F56/><W132/><G20/><T27/><D116/><U64/><E62/><V13/><F122/><W134/><G98/><T83/><D109/><U78/><E78/><V24/><F24/><W59/><G43/><T49/><D27/><U133/><E133/><V45/><F87/><W101/><G26/><T120/><D85/><U30/><E30/><V15/><F84/><W61/><G22/><T127/><D31/><U82/><E82/><V47/><F15/><N who="3" m="7663" /><G61/><T123/><D60/><U8/><E8/><V129/><F129/><W75/><G75/><T34/><D108/><U6/><E6/><V55/><AGARI ba="1,0" hai="7,11,13,45,47,55,57,63,68,70,71,99,100,105" machi="55" ten="30,2000,0" yaku="0,1,52,1" doraHai="4" who="2" fromWho="2" sc="493,-6,73,-6,310,23,124,-11" /><INIT seed="4,0,0,0,5,133" ten="487,67,333,113" oya="0" hai0="12,69,64,88,96,111,14,65,97,46,103,110,120" hai1="52,62,104,127,113,129,107,41,25,102,31,4,30" hai2="83,90,44,40,123,114,98,101,43,72,21,22,91" hai3="124,5,6,117,68,121,80,19,100,26,108,74,60"/><T93/><D120/><U84/><E129/><V87/><F123/><W94/><G117/><T32/><D32/><U61/><E41/><V122/><F122/><W48/><G121/><T9/><D46/><U76/><E4/><V78/><F114/><W73/><G48/><T131/><D131/><U70/><E113/><V51/><F43/><W119/><G108/><N who="0" m="41515" /><D69/><U53/><E25/><V35/><F35/><W79/><G74/><T27/><D27/><U135/><E84/><V36/><F36/><W49/><G49/><T126/><D126/><U81/><E81/><V16/><F72/><W128/><G128/><T17/><D14/><U0/><E102/><V99/><F22/><W45/><G100/><T34/><D34/><U47/><E47/><V7/><F7/><W66/><G45/><T50/><D50/><U132/><E76/><V58/><F58/><W85/><G119/><T11/><D9/><U56/><E56/><V77/><F77/><W54/><G26/><T75/><D75/><U125/><E0/><V130/><F130/><W3/><G3/><T95/><AGARI ba="0,0" hai="11,12,17,64,65,88,93,95,96,97,103" m="41515" machi="95" ten="30,3000,0" yaku="10,1,54,1" doraHai="133" who="0" fromWho="0" sc="487,30,67,-10,333,-10,113,-10" /><INIT seed="4,1,0,4,1,0" ten="517,57,323,103" oya="0" hai0="67,122,20,77,105,43,10,135,26,12,106,99,91" hai1="32,27,45,22,125,127,121,81,25,82,118,61,68" hai2="130,11,44,57,134,80,119,75,94,124,71,51,83" hai3="28,112,37,35,52,58,18,79,30,40,13,85,96"/><T1/><D122/><U55/><E118/><V36/><F119/><W78/><G112/><T42/><D1/><U46/><E121/><V54/><F75/><W53/><G35/><T29/><D135/><U63/><E32/><V16/><F124/><W4/><G96/><T60/><D77/><U117/><E22/><V17/><F130/><W104/><G104/><T133/><D133/><U8/><E8/><V65/><F94/><W114/><G114/><T132/><D132/><U74/><E117/><V23/><F11/><N who="3" m="4327" /><G40/><T107/><D91/><U24/><E55/><V115/><F115/><W87/><G37/><T111/><D99/><U14/><E14/><V97/><F97/><W59/><G18/><T131/><D131/><U76/><E68/><V128/><F17/><W109/><G109/><T92/><D92/><U48/><E82/><V9/><F9/><W47/><G47/><N who="1" m="17930" /><E48/><V33/><F33/><W56/><G79/><T6/><REACH who="0" step="1"/><D111/><REACH who="0" ten="507,57,323,103" step="2"/><U110/><E110/><V2/><F2/><W120/><G120/><T50/><D50/><U88/><E88/><V39/><F128/><W108/><G108/><T64/><D64/><U86/><E127/><V41/><F134/><W95/><G95/><T90/><D90/><U113/><E125/><V116/><F116/><W98/><G98/><T102/><D102/><U69/><E113/><V101/><F101/><W84/><G78/><T19/><D19/><U70/><E74/><V31/><F39/><W7/><G7/><T5/><D5/><U123/><E123/><V73/><F36/><W129/><G129/><T3/><D3/><RYUUKYOKU ba="1,1" sc="507,10,57,10,323,-30,103,10" hai0="6,10,12,20,26,29,42,43,60,67,105,106,107" hai1="24,25,27,61,63,69,70,76,81,86" hai3="28,30,52,53,56,58,59,84,85,87" /><INIT seed="4,2,1,1,0,7" ten="517,67,293,113" oya="0" hai0="92,115,77,41,18,38,65,71,35,81,94,124,91" hai1="48,13,111,119,54,105,5,34,72,82,61,74,43" hai2="52,123,70,37,73,25,128,75,95,129,79,83,53" hai3="26,102,46,96,66,19,3,50,14,120,98,39,12"/><T112/><D35/><U55/><E111/><V17/><F123/><W64/><G39/><T4/><D65/><N who="3" m="25193" /><G3/><T101/><D71/><U1/><E119/><V20/><F70/><W89/><G102/><T97/><D38/><U108/><E1/><V88/><F75/><W121/><G26/><T10/><D18/><U62/><E105/><V15/><F25/><W42/><G14/><T32/><D41/><U125/><E48/><V2/><F2/><W45/><G45/><T76/><D32/><U85/><E13/><V67/><F67/><W84/><G121/><T99/><D10/><U109/><E85/><N who="2" m="52623" /><F37/><W59/><G59/><T58/><D4/><U117/><E5/><V21/><F21/><N who="3" m="11495" /><G120/><T86/><D58/><U113/><E34/><V30/><F30/><W135/><G135/><T110/><D110/><U87/><E117/><V47/><F47/><W116/><G116/><T22/><D22/><U132/><E132/><V44/><F44/><W56/><G56/><T106/><D124/><U103/><E125/><V69/><F69/><W29/><G29/><T11/><D11/><U40/><E109/><V78/><F53/><W68/><G68/><T100/><D106/><U63/><E108/><V107/><F52/><W118/><G118/><T23/><D23/><U127/><E55/><V49/><F49/><W6/><G6/><T57/><D57/><U131/><E127/><V31/><F107/><W60/><G60/><T28/><D28/><U126/><E63/><V0/><F31/><W104/><G104/><T27/><D27/><U90/><E126/><V134/><F0/><RYUUKYOKU ba="2,1" sc="517,15,67,-15,293,-15,113,15" hai0="76,77,81,86,91,92,94,97,99,100,101,112,115" hai3="42,46,50,84,89,96,98" /><INIT seed="4,3,1,4,0,108" ten="532,52,278,128" oya="0" hai0="113,118,25,89,110,45,71,119,126,60,30,61,72" hai1="19,94,75,115,101,96,43,32,92,68,91,117,134" hai2="49,128,31,53,47,120,46,54,80,24,116,93,97" hai3="122,6,62,4,11,42,48,99,73,84,51,2,50"/><T1/><D110/><U28/><E68/><V78/><F120/><W21/><G73/><T77/><D1/><U104/><E117/><V98/><F116/><W132/><G132/><T39/><D126/><U95/><E43/><V69/><F69/><W41/><G122/><T15/><D15/><U33/><E28/><V127/><F127/><W125/><G99/><T14/><D14/><U34/><E75/><V131/><F47/><W18/><G6/><T29/><D89/><U5/><E5/><V22/><F54/><W65/><G84/><T106/><D25/><U79/><E79/><V16/><F31/><W111/><G111/><T44/><D71/><U36/><E36/><V52/><F53/><W123/><G123/><T63/><D63/><U130/><E134/><V7/><F7/><W59/><REACH who="3" step="1"/><G125/><REACH who="3" ten="532,52,278,118" step="2"/><T133/><D72/><U114/><E130/><N who="2" m="49707" /><F93/><W8/><G8/><T17/><D133/><U38/><E38/><V27/><F98/><W107/><G107/><T82/><D106/><U0/><E0/><V13/><F97/><W74/><G74/><AGARI ba="3,2" hai="13,16,22,24,27,46,49,52,74,78,80" m="49707" machi="74" ten="30,3900,0" yaku="19,1,54,2" doraHai="108" who="2" fromWho="3" sc="532,0,52,0,278,68,118,-48" /><INIT seed="5,0,0,4,5,111" ten="532,52,346,70" oya="1" hai0="33,0,85,51,54,103,86,57,23,25,32,108,82" hai1="7,49,87,68,130,18,119,89,107,52,117,96,12" hai2="5,30,106,109,48,2,42,104,53,17,39,115,1" hai3="90,78,112,4,80,10,76,61,44,99,133,102,113"/><U128/><E68/><V100/><F30/><W22/><G22/><T47/><D108/><U81/><E7/><V14/><F109/><W3/><G133/><T60/><D0/><U73/><E73/><V31/><F31/><W129/><G129/><N who="1" m="49770" /><E96/><V8/><F42/><W55/><G90/><T40/><D103/><U84/><E84/><V98/><F39/><W66/><G55/><T116/><D116/><U93/><E107/><V26/><F115/><N who="3" m="44107" /><G44/><T88/><D86/><U101/><E101/><V27/><F106/><N who="3" m="63839" /><G80/><T70/><D82/><U65/><E65/><V41/><F41/><W105/><G105/><T125/><D40/><U69/><E69/><AGARI ba="0,0" hai="3,4,10,61,66,69,76,78" m="63839,44107" machi="69" ten="30,7700,0" yaku="15,1,52,3" doraHai="111" who="3" fromWho="1" sc="532,0,52,-77,346,0,70,77" owari="532,63.0,-25,-53.0,346,15.0,147,-25.0" /></mjloggm>