<mjloggm ver="2.3"><GO type="169" lobby="0"/><UN n0="%E3%81%8B%E3%81%A5%E3%81%8D%EF%BC%B8%EF%BC%A9" n1="%E9%87%8C%E6%9C%A8%E4%BB%81" n2="%E7%AB%8B%E7%9B%B4%E5%BE%8C%E5%8D%B3%E6%94%BE%E9%8A%83" n3="%E6%9B%BF%E7%8E%89%E5%9B%BA%E9%BA%BA" dan="17,16,16,16" rate="2113.39,2125.28,2081.99,2146.12" sx="M,M,F,M"/><TAIKYOKU oya="0"/><INIT seed="0,0,0,0,1,125" ten="250,250,250,250" oya="0" hai0="73,129,71,124,80,99,107,122,76,92,6,104,60" hai1="97,4,10,117,81,61,48,31,0,127,83,11,134" hai2="30,40,93,77,130,54,72,87,90,102,103,51,135" hai3="32,101,24,79,131,112,42,13,109,74,57,37,91"/><T110/><D122/><U65/><E117/><V34/><F135/><W62/><G112/><T17/><D6/><U39/><E127/><V1/><F1/><W88/><G109/><T78/><D71/><U106/><E39/><V63/><F40/><W21/><G101/><T52/><D124/><U126/><E126/><V23/><F34/><W8/><G32/><T22/><D78/><U111/><E134/><V38/><F63/><W132/><G132/><T86/><D110/><U108/><E31/><V68/><F68/><W98/><G131/><T56/><D129/><U12/><E48/><V5/><F5/><W58/><G58/><T118/><D73/><U9/><E111/><V3/><F3/><W85/><G74/><T75/><D75/><U25/><E108/><V7/><F7/><W15/><G37/><T26/><REACH who="0" step="1"/><D118/><REACH who="0" ten="240,250,250,250" step="2"/><U119/><E4/><V113/><F130/><W128/><G128/><T29/><D29/><U43/><E119/><V53/><F30/><W27/><G79/><T19/><D19/><U69/><E69/><V120/><F77/><W67/><G8/><T82/><D82/><U84/><E81/><V33/><F72/><W50/><G42/><T44/><D44/><U123/><E43/><V49/><F120/><W2/><G57/><T16/><D16/><U28/><E10/><V114/><F114/><W96/><G2/><T100/><AGARI ba="0,1" hai="17,22,26,52,56,60,76,80,86,92,99,100,104,107" machi="100" ten="20,7800,0" yaku="1,1,0,1,7,1,54,1,53,0" doraHai="125" doraHaiUra="133" who="0" fromWho="0" sc="240,88,250,-26,250,-26,250,-26" /><INIT seed="0,1,0,1,2,34" ten="328,224,224,224" oya="0" hai0="129,120,10,105,126,133,101,98,41,87,112,44,14" hai1="11,113,106,77,116,115,2,84,26,45,56,1,24" hai2="22,42,63,21,114,119,74,57,53,33,124,66,75" hai3="76,79,82,15,23,99,19,18,132,31,83,100,60"/><T38/><D112/><N who="1" m="43083" /><E116/><V123/><F124/><W134/><G31/><T73/><D120/><U107/><E56/><V58/><F123/><W29/><G29/><T61/><D126/><U92/><E45/><V68/><F114/><W88/><G60/><T110/><D129/><U27/><E11/><V109/><F109/><W49/><G49/><T12/><D133/><N who="3" m="51305" /><G19/><T131/><D131/><U78/><E92/><V71/><F33/><W121/><G121/><T37/><D37/><U36/><E36/><V135/><F135/><W32/><G32/><T96/><D73/><U9/><E9/><V13/><F13/><W8/><G23/><T69/><D110/><U35/><E35/><V47/><F119/><W50/><G50/><T70/><D70/><U25/><N who="1" m="6144" /><DORA hai="104" /><U64/><E64/><V54/><F66/><W93/><G100/><T4/><D69/><U102/><E102/><V130/><F130/><W122/><G122/><T7/><D101/><U52/><E52/><V51/><F51/><W48/><G48/><T46/><D46/><U6/><E6/><V30/><F30/><W72/><G79/><N who="1" m="30218" /><E84/><V5/><F5/><W111/><G83/><T103/><D4/><U117/><E117/><V94/><F94/><W118/><G111/><T40/><D7/><U59/><E59/><V67/><F67/><W90/><G118/><T128/><D128/><U65/><E65/><V108/><F108/><W95/><G95/><T80/><D38/><U97/><E97/><V85/><F47/><W125/><G125/><T20/><D44/><U62/><E62/><V43/><F63/><RYUUKYOKU ba="1,0" sc="328,-30,224,10,224,10,224,10" hai1="1,2,106,107" hai2="21,22,42,43,53,54,57,58,68,71,74,75,85" hai3="8,15,18,72,76,82,88,90,93,99" /><INIT seed="1,2,0,4,3,117" ten="298,234,234,234" oya="1" hai0="115,134,83,14,118,107,61,96,48,109,131,28,27" hai1="97,73,68,39,25,21,81,112,37,86,65,13,22" hai2="64,12,120,46,6,15,11,19,42,10,1,44,84" hai3="67,49,29,24,56,0,122,23,26,108,110,130,90"/><U70/><E112/><V123/><F64/><W133/><G0/><T71/><D109/><N who="3" m="42089" /><G133/><T36/><D115/><U55/><E73/><V50/><F1/><W30/><G130/><T111/><D118/><U127/><E127/><V66/><F66/><W102/><G102/><T99/><D111/><U91/><E55/><V105/><F105/><W59/><G122/><T54/><D36/><U128/><E128/><V119/><F119/><W103/><G103/><T124/><D124/><U89/><E13/><V32/><F32/><W75/><G75/><T100/><D131/><U51/><E51/><V62/><F62/><W20/><G67/><T74/><D99/><U34/><E34/><V31/><F31/><W88/><G49/><T87/><D74/><U72/><E72/><V94/><F46/><W101/><G101/><T114/><D114/><U45/><E22/><V33/><F33/><W104/><G104/><T125/><D125/><U132/><E132/><V80/><REACH who="2" step="1"/><F94/><REACH who="2" ten="298,234,224,234" step="2"/><W43/><G43/><T129/><D129/><U8/><E65/><V41/><F41/><W121/><G121/><T52/><D134/><U113/><E45/><V2/><F2/><W126/><G126/><T7/><D61/><U3/><E3/><V40/><F40/><W69/><G69/><T35/><D71/><U16/><E70/><V63/><F63/><W60/><G60/><T79/><D48/><U116/><E68/><V76/><AGARI ba="2,1" hai="6,10,11,12,15,19,42,44,50,76,80,84,120,123" machi="76" ten="20,16000,3" yaku="1,1,0,1,7,1,25,2,52,2,53,2" doraHai="117" doraHaiUra="4" who="2" fromWho="2" sc="298,-42,234,-82,224,176,234,-42" /><INIT seed="2,0,0,4,2,119" ten="256,152,400,192" oya="2" hai0="47,75,63,23,116,34,66,82,21,72,18,124,133" hai1="93,50,53,43,131,62,37,114,110,13,117,40,67" hai2="95,22,32,97,87,120,24,121,98,11,88,55,42" hai3="0,104,16,49,96,35,76,52,1,28,115,44,15"/><V81/><F32/><W80/><G115/><T85/><D34/><U91/><E117/><V19/><F42/><W5/><G5/><T125/><D116/><U65/><E114/><V59/><F11/><W14/><G14/><T58/><D47/><N who="1" m="27871" /><E37/><V101/><F98/><W64/><G64/><N who="1" m="24650" /><E110/><V109/><F109/><W100/><G28/><T71/><D71/><U31/><E131/><V30/><F30/><W134/><G35/><T61/><D61/><AGARI ba="0,0" hai="19,22,24,55,59,61,81,87,88,95,97,101,120,121" machi="61" ten="30,11600,0" yaku="7,1,52,2,54,1" doraHai="119" who="2" fromWho="0" sc="256,-116,152,0,400,116,192,0" /><INIT seed="2,1,0,5,2,103" ten="140,152,516,192" oya="2" hai0="91,28,4,41,20,93,64,85,53,132,19,48,42" hai1="119,45,40,32,5,61,82,35,134,3,66,44,104" hai2="84,72,21,101,128,14,12,11,100,33,92,106,79" hai3="126,94,114,80,86,7,83,133,39,29,67,34,55"/><V27/><F128/><W50/><G39/><T131/><D131/><U122/><E119/><V111/><F111/><W15/><G126/><T22/><D132/><U9/><E134/><V49/><F100/><W30/><G133/><T129/><D64/><U70/><E122/><V130/><F130/><W23/><G114/><T54/><D4/><U18/><E104/><V51/><F33/><W105/><G105/><T112/><D112/><U78/><E18/><V6/><F14/><W81/><G67/><T118/><D118/><U76/><E45/><V74/><F74/><W117/><G117/><T113/><D113/><U121/><E121/><V120/><F120/><W13/><G34/><T59/><D54/><U123/><E123/><V65/><F65/><W68/><G68/><T58/><D58/><U89/><E89/><V110/><F110/><W95/><G7/><T8/><D8/><U115/><E115/><V124/><F124/><W36/><G36/><T108/><D108/><U60/><E60/><V90/><F21/><W135/><G135/><T98/><D98/><U37/><REACH who="1" step="1"/><E78/><REACH who="1" ten="140,142,516,192" step="2"/><V52/><F79/><W75/><G30/><T2/><D129/><U107/><E107/><V116/><F106/><W63/><G63/><T43/><D28/><U69/><E69/><V97/><F116/><W99/><G29/><T77/><D77/><U56/><E56/><V88/><F90/><W57/><G57/><T96/><D19/><U127/><E127/><V87/><F88/><W125/><G125/><T47/><D59/><U25/><E25/><V73/><F27/><W62/><G62/><RYUUKYOKU ba="1,1" sc="140,-10,142,30,516,-10,192,-10" hai1="3,5,9,32,35,37,40,44,61,66,70,76,82" /><INIT seed="3,2,1,4,1,10" ten="130,172,506,182" oya="3" hai0="135,15,126,51,12,115,35,131,91,69,65,50,27" hai1="54,94,130,59,121,58,93,2,66,81,105,82,103" hai2="83,49,16,86,5,79,28,125,4,74,17,39,90" hai3="47,96,99,89,111,71,48,73,128,88,116,53,113"/><W124/><G113/><T76/><D115/><U29/><E2/><V104/><F125/><W60/><G116/><T37/><D37/><U11/><E121/><V109/><F109/><W129/><G73/><T26/><D76/><U52/><E130/><N who="3" m="50282" /><G124/><T18/><D126/><U24/><E105/><V1/><F39/><W0/><G0/><T20/><D135/><U98/><E66/><V80/><F104/><W133/><G133/><T44/><D131/><U62/><E94/><V46/><F28/><W114/><G114/><T55/><D69/><U8/><E11/><V87/><F74/><W22/><G111/><T117/><D65/><U127/><E8/><V61/><F61/><W14/><G71/><T78/><D78/><U120/><E120/><V21/><F1/><W77/><G77/><T68/><D68/><U97/><E97/><N who="3" m="37450" /><G60/><T30/><D117/><U72/><E72/><V64/><F64/><W100/><G100/><T42/><REACH who="0" step="1"/><D91/><REACH who="0" ten="120,172,506,182" step="2"/><U134/><E127/><V70/><F70/><W25/><G89/><T32/><D32/><U132/><E134/><V3/><F90/><W38/><G38/><T36/><D36/><U63/><REACH who="1" step="1"/><E132/><REACH who="1" ten="120,162,506,182" step="2"/><V101/><F3/><W19/><G88/><T75/><D75/><U67/><E67/><V106/><F101/><W6/><G6/><T123/><D123/><U31/><E31/><V85/><F5/><W40/><G40/><T119/><D119/><U95/><E95/><V107/><F4/><W9/><G53/><T110/><D110/><U7/><E7/><V122/><F107/><W41/><G41/><T102/><D102/><RYUUKYOKU ba="2,3" sc="120,15,162,15,506,-15,182,-15" hai0="12,15,18,20,26,27,30,35,42,44,50,51,55" hai1="24,29,52,54,58,59,62,63,81,82,93,98,103" /><INIT seed="4,3,3,3,3,54" ten="135,177,491,167" oya="0" hai0="26,42,1,39,35,49,81,92,63,60,65,126,18" hai1="89,64,91,27,101,25,9,100,61,34,132,135,47" hai2="110,131,33,72,7,21,32,99,88,83,73,14,57" hai3="104,70,103,22,53,50,16,30,38,134,43,36,56"/><T105/><D105/><U23/><E34/><V6/><F110/><W59/><G134/><N who="1" m="51242" /><E9/><V87/><F131/><W71/><G30/><T68/><D1/><U128/><E128/><V15/><F99/><W95/><G104/><T74/><D126/><U124/><E124/><V113/><F113/><W29/><G29/><T90/><D35/><U8/><E8/><V69/><F69/><W106/><G106/><T114/><D114/><U125/><E125/><V85/><F21/><W52/><G103/><N who="1" m="39498" /><E47/><V44/><F44/><W12/><G95/><T10/><D10/><U117/><E117/><V108/><F108/><W118/><G118/><T133/><D133/><U41/><E41/><V5/><F33/><W120/><G120/><T76/><D39/><U112/><E112/><V58/><F32/><W28/><G28/><T4/><D4/><U0/><E0/><V84/><F73/><W78/><G78/><T19/><D26/><N who="1" m="9739" /><E23/><V107/><F72/><W20/><G43/><T62/><D68/><AGARI ba="3,3" hai="61,64,68,89,91" m="9739,39498,51242" machi="68" ten="30,1000,0" yaku="20,1" doraHai="54" who="1" fromWho="0" sc="135,-19,177,49,491,0,167,0" /><INIT seed="5,0,0,5,4,121" ten="116,226,491,167" oya="1" hai0="68,106,47,48,75,64,24,113,97,101,53,63,78" hai1="22,114,70,82,125,18,59,95,17,34,12,29,91" hai2="1,71,26,90,52,124,81,115,56,76,79,10,38" hai3="11,103,119,116,85,51,84,134,39,73,57,13,44"/><U128/><E70/><V86/><F124/><W28/><G73/><T99/><D113/><U130/><E114/><V83/><F115/><W49/><G134/><T14/><D75/><U129/><E125/><V32/><F38/><W102/><G28/><T127/><D78/><U62/><E82/><V8/><F71/><W93/><G39/><T61/><D61/><U120/><E120/><V94/><F32/><W3/><G3/><T27/><D127/><U9/><E34/><V43/><F43/><W54/><G116/><T100/><REACH who="0" step="1"/><D14/><REACH who="0" ten="106,226,491,167" step="2"/><U133/><E133/><V0/><F79/><W2/><G119/><T104/><AGARI ba="0,1" hai="24,27,47,48,53,63,64,68,97,99,100,101,104,106" machi="104" ten="20,12000,2" yaku="1,1,2,1,0,1,7,1,9,1,53,2" doraHai="121" doraHaiUra="21" who="0" fromWho="0" sc="106,130,226,-60,491,-30,167,-30" /><INIT seed="6,0,0,0,5,117" ten="236,166,461,137" oya="2" hai0="101,113,126,135,118,125,69,109,61,40,75,51,104" hai1="84,0,86,52,68,79,10,131,98,7,30,43,128" hai2="54,120,88,112,38,33,123,6,66,21,59,77,23" hai3="5,9,8,29,41,73,22,99,94,83,91,67,19"/><V95/><F33/><W96/><G41/><T92/><D75/><U105/><E68/><V12/><F38/><W130/><G130/><N who="1" m="49706" /><E43/><V106/><F106/><W39/><G39/><T124/><D104/><U3/><E3/><V80/><F112/><W87/><G67/><N who="0" m="41199" /><D101/><N who="1" m="62647" /><E30/><V114/><F114/><W15/><G29/><T47/><D113/><U100/><E100/><V27/><F66/><W76/><REACH who="3" step="1"/><G9/><REACH who="3" ten="236,166,461,127" step="2"/><T107/><D40/><U11/><E11/><V18/><F21/><W81/><G81/><T89/><D125/><U122/><E122/><V127/><F123/><W74/><G74/><T64/><D126/><U57/><E79/><V24/><F127/><W42/><G42/><T44/><D124/><U50/><AGARI ba="0,1" hai="0,7,10,50,52,57,84,86" m="62647,49706" machi="50" ten="30,2000,0" yaku="19,1,54,1" doraHai="117" who="1" fromWho="1" sc="236,-5,166,30,461,-10,127,-5" /><INIT seed="7,0,0,5,3,79" ten="231,196,451,122" oya="3" hai0="91,133,76,13,1,106,52,126,128,118,7,70,78" hai1="89,134,30,98,25,87,75,122,56,109,42,38,50" hai2="47,121,44,66,73,32,83,127,3,85,46,10,117" hai3="132,33,43,84,103,18,60,95,125,58,86,123,16"/><W37/><G123/><T71/><D106/><U49/><E122/><V111/><F121/><W9/><G33/><T120/><D1/><U11/><E109/><V112/><F111/><W51/><G125/><T77/><D118/><U12/><E75/><V135/><F127/><W4/><G132/><T72/><D72/><U64/><E134/><V24/><F135/><W99/><G37/><T67/><D67/><U97/><E38/><V115/><F117/><W34/><G34/><T82/><D133/><U110/><E110/><V48/><F73/><W100/><G100/><T65/><D65/><U80/><E64/><V102/><F102/><W124/><G124/><T104/><D104/><U15/><E15/><V130/><F66/><W28/><G28/><T96/><D128/><U2/><E2/><V53/><F130/><W31/><G31/><T131/><D131/><U39/><E39/><V26/><F32/><W22/><G60/><T101/><D71/><U119/><E119/><V36/><F10/><W90/><G22/><T105/><D70/><U21/><E50/><N who="2" m="28895" /><F36/><W8/><G86/><N who="0" m="50647" /><D126/><U74/><E74/><V20/><F3/><N who="3" m="31" /><G9/><N who="0" m="4287" /><D120/><U69/><E69/><V40/><F44/><N who="3" m="26015" /><G58/><T17/><D17/><N who="1" m="8351" /><E42/><V41/><F20/><W88/><G103/><T27/><D27/><U14/><E14/><V55/><F55/><AGARI ba="0,0" hai="21,25,30,49,55,56,80,87,89,97,98" m="8351" machi="55" ten="30,2000,0" yaku="8,1,52,1" doraHai="79" who="1" fromWho="2" sc="231,0,196,20,451,-20,122,0" owari="231,3.0,216,-18.0,431,53.0,122,-38.0" /></mjloggm>