<mjloggm ver="2.3"><GO type="169" lobby="0"/><UN n0="%4E%45%4F%E3%81%B5%E3%81%A3%E3%81%8F%E3%82%93" n1="%48%2E%4D%65%74%61%6C" n2="%E3%83%8E%E3%82%AA%E3%83%81%E3%83%A3%E3%83%99%E3%82%B9" n3="%28%3B%E3%83%BB%E2%88%80%E3%83%BB%29" dan="16,16,16,16" rate="2087.37,2030.58,2078.35,2182.32" sx="M,M,M,M"/><TAIKYOKU oya="0"/><INIT seed="0,0,0,1,4,76" ten="250,250,250,250" oya="0" hai0="26,22,53,107,46,72,27,99,14,124,39,66,20" hai1="113,63,58,132,94,110,11,92,123,71,49,4,35" hai2="115,84,79,121,101,73,112,61,75,130,8,25,129" hai3="12,19,127,88,80,21,106,17,29,51,44,104,133"/><T55/><D124/><U13/><E123/><V34/><F61/><W52/><G133/><T64/><D72/><N who="2" m="27722" /><F25/><W5/><G127/><T28/><D107/><U119/><E35/><V68/><F8/><N who="3" m="6279" /><G104/><T32/><D99/><U102/><E71/><V0/><F0/><W36/><G106/><T116/><D116/><U117/><E132/><V45/><F45/><W41/><G36/><T38/><D46/><U67/><E102/><V105/><F34/><W126/><G126/><T77/><D32/><U78/><E113/><N who="2" m="43595" /><F68/><W128/><G128/><N who="2" m="49257" /><F121/><W122/><G122/><T100/><D14/><U47/><E13/><V109/><F109/><W40/><G5/><T48/><D100/><U59/><E110/><V95/><F105/><W15/><G29/><T108/><D108/><U125/><E125/><V97/><F79/><W24/><G24/><T16/><D77/><U18/><E78/><V82/><F84/><AGARI ba="0,0" hai="15,19,21,40,41,44,51,52,80,84,88" m="6279" machi="84" ten="30,8000,1" yaku="25,1,8,1,52,1,54,2" doraHai="76" who="3" fromWho="2" sc="250,0,250,0,250,-80,250,80" /><INIT seed="1,0,0,5,3,13" ten="250,250,170,330" oya="1" hai0="59,95,46,19,129,22,52,3,15,55,56,35,98" hai1="90,38,75,36,131,81,0,14,53,26,70,79,31" hai2="61,130,89,113,18,109,69,112,100,80,92,110,73" hai3="37,63,135,88,94,105,107,2,118,77,102,99,44"/><U91/><E0/><V60/><F130/><W8/><G135/><T103/><D129/><U47/><E70/><V28/><F28/><W51/><G37/><T104/><D35/><U27/><E131/><V29/><F29/><W23/><G118/><T58/><D3/><U49/><E26/><V62/><F69/><W116/><G116/><T101/><D101/><U33/><REACH who="1" step="1"/><E14/><REACH who="1" ten="250,240,170,330" step="2"/><V134/><F112/><W111/><G2/><T34/><D34/><U48/><E48/><V64/><F113/><W57/><G51/><N who="0" m="28791" /><D104/><U45/><E45/><V83/><F62/><AGARI ba="0,1" hai="15,19,22,55,56,58,59,62,95,98,103" m="28791" machi="62" ten="30,3900,0" yaku="8,1,52,1,54,1" doraHai="13" who="0" fromWho="2" sc="250,49,240,0,170,-39,330,0" /><INIT seed="2,0,0,2,0,108" ten="299,240,131,330" oya="2" hai0="1,30,95,71,73,114,63,50,75,34,24,14,12" hai1="17,70,11,25,83,45,4,29,120,9,126,113,35" hai2="43,52,67,111,64,33,74,42,127,135,81,115,66" hai3="72,91,105,53,112,10,28,106,31,48,101,93,132"/><V84/><F74/><W88/><G72/><T5/><D114/><U134/><E70/><V41/><F33/><W3/><G101/><T7/><D95/><U68/><E68/><V78/><F111/><W92/><G3/><T69/><D50/><U38/><E83/><V56/><F127/><W133/><G10/><T15/><D69/><U6/><E45/><V94/><F135/><W0/><G0/><T46/><D46/><U117/><E38/><V103/><F115/><W2/><G2/><T90/><D90/><U60/><E60/><V89/><F103/><W77/><G48/><T27/><D71/><U18/><E113/><V130/><F130/><W125/><G112/><T85/><D63/><U123/><E117/><V124/><F124/><W128/><G125/><T51/><D85/><U57/><E57/><V62/><REACH who="2" step="1"/><F94/><REACH who="2" ten="299,240,121,330" step="2"/><W97/><G128/><T76/><D73/><U61/><E126/><V23/><F23/><W100/><G133/><T44/><D75/><U116/><E134/><V40/><N who="2" m="10240" /><DORA hai="36" /><V13/><F13/><W8/><G132/><T58/><D14/><N who="1" m="5415" /><E116/><V104/><F104/><W47/><G105/><T87/><D15/><N who="1" m="5623" /><E61/><V110/><F110/><W59/><G106/><T118/><D12/><U16/><AGARI ba="0,1" hai="16,17,18,25,29,35,120,123" m="5623,5415" machi="16" ten="30,4000,0" yaku="34,2,54,1" doraHai="108,36" who="1" fromWho="1" sc="299,-10,240,50,121,-20,330,-10" /><INIT seed="3,0,0,2,5,90" ten="289,290,101,320" oya="3" hai0="3,99,26,28,19,88,64,89,130,77,108,9,49" hai1="48,38,11,20,100,98,22,50,134,79,135,119,59" hai2="55,82,84,114,65,116,41,42,113,56,103,71,4" hai3="61,30,46,7,92,127,74,93,5,63,58,62,6"/><W34/><G74/><T39/><D39/><U124/><E38/><V2/><F116/><W104/><G104/><T95/><D108/><U86/><E119/><V31/><F31/><W21/><G34/><T73/><D130/><U18/><E124/><V23/><F65/><W66/><G127/><T91/><D64/><U25/><E11/><V121/><F71/><W57/><G46/><T83/><D49/><U115/><E115/><V24/><F121/><W16/><G30/><T120/><D120/><U44/><E59/><N who="3" m="22538" /><G66/><T132/><D132/><N who="1" m="50731" /><E44/><V36/><F36/><W54/><G54/><T76/><D76/><U33/><E33/><V94/><F2/><W129/><G129/><T118/><D118/><U97/><E97/><V109/><F109/><W126/><G126/><T43/><D43/><U15/><E86/><V87/><F4/><W111/><G111/><T131/><D131/><U0/><E79/><V13/><F114/><W110/><G110/><T102/><D3/><U17/><E0/><V69/><F69/><W80/><G80/><T125/><D125/><U106/><AGARI ba="0,0" hai="15,17,18,20,22,25,48,50,98,100,106" m="50731" machi="106" ten="30,1100,0" yaku="20,1" doraHai="90" who="1" fromWho="1" sc="289,-3,290,11,101,-3,320,-5" /><INIT seed="4,0,0,0,5,57" ten="286,301,98,315" oya="0" hai0="19,16,133,9,40,120,90,56,65,74,100,75,29" hai1="78,35,110,117,81,31,10,80,60,7,53,26,89" hai2="27,99,92,30,112,3,38,8,36,126,115,6,79" hai3="49,33,88,24,106,62,94,101,52,68,12,87,129"/><T111/><D120/><U25/><E117/><V59/><F79/><W86/><G129/><T105/><D111/><U45/><E110/><V1/><F1/><W121/><G121/><T63/><D133/><U67/><E26/><V22/><F126/><W70/><G12/><T32/><D40/><U18/><E18/><V102/><REACH who="2" step="1"/><F59/><REACH who="2" ten="286,301,88,315" step="2"/><W42/><G70/><T104/><D74/><U15/><E78/><V43/><F43/><W85/><G42/><T122/><D75/><U95/><E45/><V73/><F73/><W23/><G33/><T4/><D122/><U51/><E51/><V21/><F21/><W58/><G106/><T125/><D125/><U130/><E130/><V97/><F97/><W28/><REACH who="3" step="1"/><G101/><REACH who="3" ten="286,301,88,305" step="2"/><T11/><D105/><U116/><E35/><V91/><F91/><W34/><G34/><T96/><D104/><U20/><E89/><V76/><F76/><W134/><G134/><T14/><D100/><U64/><E116/><V127/><F127/><W44/><G44/><T5/><D90/><U13/><E20/><V109/><F109/><W0/><G0/><T71/><D71/><U98/><E98/><V103/><F103/><W39/><G39/><AGARI ba="0,2" hai="3,6,8,22,27,30,36,38,39,92,99,102,112,115" machi="39" ten="40,1300,0" yaku="1,1,53,0" doraHai="57" doraHaiUra="55" who="2" fromWho="3" sc="286,0,301,0,88,33,305,-13" /><INIT seed="5,0,0,1,0,29" ten="286,301,121,292" oya="1" hai0="103,77,101,19,51,123,88,64,93,84,55,122,1" hai1="61,99,65,102,25,8,75,3,59,54,50,14,60" hai2="28,53,78,44,34,4,118,120,68,36,69,30,56" hai3="27,52,124,130,98,100,35,43,40,91,26,10,95"/><U121/><E121/><N who="0" m="46089" /><D1/><U133/><E75/><V94/><F118/><W108/><G108/><T58/><D64/><U85/><E133/><V127/><F120/><W128/><G124/><T104/><D104/><U37/><E37/><V20/><F127/><W134/><G10/><T45/><D77/><U42/><E3/><V117/><F117/><W132/><G100/><N who="0" m="38475" /><D19/><U90/><E25/><N who="3" m="9226" /><G35/><T107/><D107/><U11/><E42/><N who="3" m="15914" /><G52/><T106/><D106/><U96/><E61/><V73/><F44/><AGARI ba="0,0" hai="44,45,51,55,58,84,88,93" m="38475,46089" machi="44" ten="30,2000,0" yaku="13,1,54,1" doraHai="29" who="0" fromWho="2" sc="286,20,301,0,121,-20,292,0" /><INIT seed="6,0,0,5,4,40" ten="306,301,101,292" oya="2" hai0="7,2,56,23,135,77,131,98,65,111,129,47,87" hai1="24,122,5,28,99,25,15,79,93,36,12,95,113" hai2="44,115,117,0,57,89,83,37,112,68,127,114,26" hai3="32,62,128,100,132,121,13,67,124,50,88,75,126"/><V80/><F68/><W86/><G121/><T71/><D111/><U101/><E36/><V45/><F37/><W38/><G75/><T33/><D71/><U103/><E113/><V119/><F0/><W105/><G38/><T9/><D33/><U31/><E122/><V27/><F57/><W46/><G32/><T72/><D72/><U11/><E79/><V60/><F60/><W21/><G128/><N who="0" m="49227" /><D98/><N who="1" m="59599" /><E15/><V90/><REACH who="2" step="1"/><F112/><REACH who="2" ten="306,301,91,292" step="2"/><W70/><G62/><T123/><D56/><U35/><E35/><V120/><F120/><W22/><G70/><T109/><D2/><U59/><E59/><V94/><F94/><W6/><G67/><T118/><D65/><U52/><E95/><V96/><F96/><W106/><G105/><T49/><D123/><U133/><E99/><V92/><F92/><W42/><G106/><T84/><D118/><U108/><E103/><V34/><F34/><W61/><G61/><T107/><D107/><U53/><E108/><V3/><F3/><W4/><G100/><T19/><D109/><U78/><E28/><V30/><F30/><W73/><G132/><T54/><D135/><U130/><E133/><V76/><F76/><W82/><G124/><AGARI ba="0,1" hai="26,27,44,45,80,83,89,90,114,115,117,119,124,127" machi="124" ten="25,12000,1" yaku="1,1,22,2,52,2,53,0" doraHai="40" doraHaiUra="29" who="2" fromWho="3" sc="306,0,301,0,91,130,292,-120" /><INIT seed="6,1,0,0,1,130" ten="306,301,221,172" oya="2" hai0="131,6,133,79,43,103,66,16,33,74,54,64,116" hai1="48,1,46,61,41,81,87,51,86,22,114,50,93" hai2="123,62,53,18,118,135,124,96,121,127,77,73,4" hai3="125,88,91,112,117,89,97,27,20,11,72,25,109"/><V104/><F4/><W83/><G109/><T101/><D131/><U3/><E114/><V65/><F53/><W2/><G117/><T82/><D33/><U13/><E61/><V10/><F118/><W29/><G112/><T17/><D116/><U0/><E93/><V75/><F18/><W134/><G125/><N who="2" m="48201" /><F10/><W8/><G2/><T23/><D43/><U57/><E57/><V80/><F75/><W30/><G97/><T47/><D17/><U92/><E22/><V36/><F36/><W110/><G110/><T9/><D66/><U94/><E13/><V26/><F26/><W99/><G99/><T115/><D64/><U49/><REACH who="1" step="1"/><E87/><REACH who="1" ten="306,291,221,172" step="2"/><V102/><F135/><W19/><G134/><T58/><D133/><U14/><E14/><V34/><F34/><W129/><G129/><T56/><D115/><U55/><E55/><V7/><F7/><W70/><G70/><AGARI ba="1,1" hai="62,65,70,73,77,80,96,102,104,121,123" m="48201" machi="70" ten="30,2900,0" yaku="18,1,23,1" doraHai="130" who="2" fromWho="3" sc="306,0,291,0,221,42,172,-32" /><INIT seed="6,2,0,4,3,12" ten="306,291,263,140" oya="2" hai0="120,64,65,72,9,96,121,128,130,54,27,44,32" hai1="11,43,99,48,60,85,83,7,95,92,118,134,45" hai2="30,87,108,49,69,112,57,13,59,105,24,41,28" hai3="73,46,6,127,39,114,104,122,71,3,16,0,106"/><V40/><F69/><W125/><G122/><T34/><D96/><U94/><E118/><V131/><F105/><W107/><G71/><T56/><D44/><U62/><E134/><V103/><F103/><W126/><G6/><T110/><D72/><U58/><E99/><V77/><F108/><W15/><G73/><T53/><D9/><U18/><E18/><V20/><F112/><W21/><REACH who="3" step="1"/><G114/><REACH who="3" ten="306,291,263,130" step="2"/><T51/><D110/><U47/><E58/><V14/><F131/><N who="0" m="50218" /><D121/><U124/><E47/><V109/><F109/><W23/><G23/><T68/><D68/><U79/><REACH who="1" step="1"/><E124/><REACH who="1" ten="306,281,263,130" step="2"/><V80/><F59/><W113/><G113/><T123/><D56/><U135/><E135/><V17/><F57/><W67/><G67/><T102/><D65/><U26/><E26/><V38/><F38/><W91/><G91/><T75/><D64/><U93/><N who="1" m="24064" /><DORA hai="2" /><U10/><E10/><V132/><F132/><W61/><G61/><T42/><D123/><U37/><E37/><V119/><F119/><W97/><G97/><T33/><D27/><U82/><E82/><V90/><F90/><W111/><G111/><T100/><D120/><U63/><E63/><V101/><F101/><W117/><G117/><T133/><D100/><U78/><E78/><V66/><F66/><W4/><G4/><T19/><D102/><U81/><E81/><V86/><F77/><W129/><G129/><T35/><D133/><U74/><E74/><V116/><F116/><W89/><G89/><T84/><D75/><U5/><E5/><V52/><F80/><W29/><G29/><T76/><D76/><RYUUKYOKU ba="2,2" sc="306,-15,281,15,263,-15,130,15" hai1="7,11,43,45,48,60,62,79,83,85" hai3="0,3,15,16,21,39,46,104,106,107,125,126,127" /><INIT seed="7,3,2,5,0,47" ten="291,296,248,145" oya="3" hai0="44,93,24,78,26,81,33,88,48,9,65,19,135" hai1="2,43,69,39,5,97,91,113,21,25,56,98,125" hai2="101,111,45,37,63,40,7,66,90,116,108,128,87" hai3="41,36,20,109,14,68,133,10,112,0,12,76,57"/><W110/><G68/><T42/><D33/><U3/><E69/><V126/><F116/><W79/><G0/><T53/><D65/><U106/><E5/><V124/><F101/><W86/><G133/><T13/><D135/><U131/><E98/><V27/><F27/><W115/><G41/><T129/><D129/><U38/><E131/><V99/><F99/><W102/><G36/><T121/><D121/><U134/><E134/><V31/><F31/><W23/><G102/><T104/><D104/><U100/><E125/><N who="2" m="48235" /><F7/><W8/><G57/><T70/><D70/><U52/><E91/><V55/><F55/><W73/><REACH who="3" step="1"/><G86/><REACH who="3" ten="291,296,248,135" step="2"/><N who="0" m="48439" /><D42/><U15/><E43/><V58/><F128/><W16/><G16/><T119/><D119/><U120/><E2/><V34/><F34/><W89/><G89/><T51/><D51/><U118/><E3/><V46/><F46/><W123/><G123/><T1/><D1/><U92/><E118/><V35/><F35/><W74/><AGARI ba="3,3" hai="8,10,12,14,20,23,73,74,76,79,109,110,112,115" machi="74" ten="25,18000,2" yaku="1,1,0,1,22,2,53,2" doraHai="47" doraHaiUra="18" who="3" fromWho="3" sc="291,-63,296,-63,248,-63,135,219" owari="228,-17.0,233,3.0,185,-31.0,354,45.0" /></mjloggm>