<mjloggm ver="2.3"><GO type="225" lobby="0"/><UN n0="%E9%9F%93%E8%A1%9B%E9%9D%92" n1="%E3%82%AB%E3%83%9C%E3%83%81%E3%83%A3%E3%82%BF%E3%83%8D" n2="%E3%81%82%E3%81%9A%E3%81%8D%E3%81%82%E3%81%9A%E3%81%95" n3="%E8%88%B9%E8%A6%8B%E7%B5%90%E8%A1%A3%E3%81%A1%E3%82%83%E3%82%93" dan="16,16,16,16" rate="2185.96,2087.03,2125.96,2128.52" sx="F,M,M,F"/><TAIKYOKU oya="0"/><INIT seed="0,0,0,3,5,13" ten="250,250,250,250" oya="0" hai0="95,52,47,18,23,84,120,41,5,19,126,38,97" hai1="106,113,102,94,129,75,87,103,68,6,114,99,15" hai2="117,125,3,82,130,35,121,60,93,111,122,28,27" hai3="86,22,132,14,73,55,64,74,69,91,24,36,81"/><T66/><D120/><U50/><E68/><V123/><F3/><W61/><G132/><T20/><D126/><U30/><E30/><V2/><F2/><W134/><G134/><T133/><D133/><U71/><E71/><V58/><F125/><W45/><G14/><T44/><D66/><U124/><E124/><V57/><F111/><W48/><REACH who="3" step="1"/><G36/><REACH who="3" ten="250,250,250,240" step="2"/><T80/><D38/><U70/><E15/><V12/><F12/><W85/><G85/><T89/><D5/><U56/><E6/><V43/><F122/><W26/><G26/><T25/><D41/><U29/><E87/><V31/><F27/><W62/><G62/><T53/><D44/><U107/><E113/><V119/><F60/><W67/><G67/><T88/><D47/><U110/><E114/><V32/><F43/><W112/><G112/><T54/><D23/><U115/><E115/><V1/><F1/><W118/><G118/><T90/><D19/><AGARI ba="0,1" hai="19,22,24,45,48,55,61,64,69,73,74,81,86,91" machi="19" ten="30,7700,0" yaku="1,1,7,1,52,1,53,1" doraHai="13" doraHaiUra="42" who="3" fromWho="0" sc="250,-77,250,0,250,0,240,87" /><BYE who="0" /><UN n0="%E9%9F%93%E8%A1%9B%E9%9D%92" /><INIT seed="1,0,0,3,5,94" ten="173,250,250,327" oya="1" hai0="39,24,68,92,13,29,105,22,58,99,55,117,50" hai1="37,121,14,113,97,123,98,23,112,108,15,89,31" hai2="63,93,85,109,43,126,7,36,12,42,62,30,60" hai3="5,20,100,95,103,84,65,4,71,86,128,111,34"/><U104/><E37/><V77/><F36/><W10/><G34/><T129/><D117/><U119/><E89/><N who="2" m="53423" /><F109/><W33/><G33/><T47/><D129/><U26/><E119/><V107/><F107/><W40/><G128/><T124/><D124/><U115/><E108/><V116/><F116/><W67/><G40/><T38/><D68/><U54/><E54/><V19/><F126/><W61/><G111/><T56/><D105/><U74/><E74/><V78/><F30/><W73/><G73/><T51/><D39/><U79/><E79/><N who="2" m="30219" /><F7/><W75/><G75/><T52/><D38/><U125/><E125/><V8/><AGARI ba="0,0" hai="8,12,19,42,43,60,62,63" m="30219,53423" machi="8" ten="30,1100,0" yaku="8,1" doraHai="94" who="2" fromWho="2" sc="173,-3,250,-5,250,11,327,-3" /><INIT seed="2,0,0,1,1,113" ten="170,245,261,324" oya="2" hai0="92,135,134,72,91,85,71,4,56,2,121,54,75" hai1="111,115,33,90,81,49,45,36,82,67,129,79,133" hai2="50,14,29,10,69,132,124,98,86,96,74,70,17" hai3="116,84,59,16,3,117,114,58,126,101,89,62,64"/><V94/><F74/><W68/><G3/><T125/><D71/><U110/><E115/><V77/><F132/><W106/><G126/><T99/><D2/><U80/><E133/><N who="0" m="50697" /><D4/><U24/><E36/><V95/><F124/><W109/><G109/><N who="1" m="41482" /><E129/><V57/><F29/><W21/><G114/><T34/><D34/><U8/><E67/><V63/><F50/><W48/><G101/><N who="0" m="60647" /><D56/><U131/><E131/><V78/><F86/><W100/><G100/><T76/><D54/><N who="1" m="29999" /><E90/><N who="2" m="55383" /><F69/><W31/><G106/><T104/><D125/><U118/><E8/><V28/><F28/><W26/><G31/><T13/><D13/><U108/><E108/><V65/><F70/><W97/><G97/><T120/><D104/><U18/><E33/><V60/><F60/><W51/><G68/><T47/><D47/><U39/><E39/><V37/><F37/><W43/><G51/><T7/><D7/><U128/><E128/><V15/><F15/><W19/><G48/><T112/><D112/><U55/><E55/><V22/><F10/><W27/><G43/><T30/><D30/><U41/><E41/><V88/><AGARI ba="0,0" hai="14,17,22,57,63,65,77,78,88,95,98" m="55383" machi="88" ten="30,3000,0" yaku="8,1,54,1" doraHai="113" who="2" fromWho="2" sc="170,-10,245,-10,261,30,324,-10" /><INIT seed="2,1,0,5,1,134" ten="160,235,291,314" oya="2" hai0="42,32,94,15,122,4,51,111,56,54,38,50,40" hai1="26,82,92,47,97,83,28,128,34,29,3,49,117" hai2="43,70,108,95,86,131,39,37,63,89,135,125,127" hai3="112,68,84,121,9,130,8,99,110,14,17,77,118"/><V120/><F120/><W0/><G121/><T79/><D122/><U75/><E117/><V93/><F131/><W45/><G118/><T53/><D32/><U119/><E119/><V126/><F135/><W96/><G68/><T31/><D111/><U115/><E115/><V30/><F108/><W52/><G130/><T113/><D113/><U44/><E128/><V1/><F1/><W19/><G110/><T64/><D31/><U5/><E29/><V133/><F133/><W11/><G0/><T67/><D79/><U65/><E65/><N who="0" m="25161" /><D4/><U61/><E61/><V66/><F43/><N who="0" m="16426" /><D94/><N who="2" m="35850" /><F30/><W85/><G112/><T13/><D13/><U90/><E47/><V102/><F102/><W74/><G74/><T103/><D103/><U18/><E75/><V69/><F69/><W87/><G77/><T100/><D15/><U105/><E105/><V20/><F20/><N who="3" m="11319" /><G19/><T7/><D7/><U88/><E5/><V46/><F46/><W12/><G12/><T59/><D100/><U124/><E3/><V33/><F33/><W10/><G10/><T35/><D35/><U101/><E18/><V60/><F60/><W81/><G81/><AGARI ba="1,0" hai="37,39,63,66,70,81,86,89,125,126,127" m="35850" machi="81" ten="30,11600,0" yaku="18,1,52,3" doraHai="134" who="2" fromWho="3" sc="160,0,235,0,291,119,314,-119" /><INIT seed="2,2,0,0,4,77" ten="160,235,410,195" oya="2" hai0="120,119,96,35,22,11,17,125,127,135,45,79,126" hai1="123,6,10,66,21,82,15,57,67,9,40,128,100" hai2="41,83,32,3,52,133,107,94,121,97,1,8,20" hai3="14,88,86,132,73,87,58,18,98,110,68,46,39"/><V4/><F121/><W29/><G68/><T108/><D120/><U44/><E123/><V114/><F114/><W109/><G73/><T63/><D108/><N who="3" m="41577" /><G132/><T23/><D135/><U37/><E128/><V116/><F116/><W131/><G131/><T117/><D45/><U69/><E69/><V50/><F32/><W76/><G29/><T26/><D63/><U38/><E38/><V28/><F133/><W101/><G58/><T47/><D47/><U85/><E100/><V5/><F41/><N who="3" m="22847" /><G76/><T130/><D96/><U30/><E57/><V134/><F28/><W84/><G98/><T62/><D62/><U104/><E104/><V124/><F107/><W102/><G88/><T74/><D130/><U55/><E55/><V71/><F97/><W80/><G80/><N who="0" m="45175" /><D35/><U48/><E37/><V106/><F71/><W70/><G70/><T113/><D113/><U51/><E10/><AGARI ba="2,0" hai="10,14,18,84,86,87,101,102" m="22847,41577" machi="10" ten="30,1000,0" yaku="14,1" doraHai="77" who="3" fromWho="1" sc="160,0,235,-16,410,0,195,16" /><INIT seed="3,0,0,0,2,35" ten="160,219,410,211" oya="3" hai0="106,30,92,19,73,68,43,15,119,56,25,27,33" hai1="122,53,135,130,99,67,127,3,20,113,129,131,126" hai2="8,4,77,65,86,101,71,62,117,64,10,42,94" hai3="74,125,93,28,59,132,120,97,100,13,90,24,22"/><W133/><G120/><T17/><D119/><U89/><E122/><V46/><F117/><W118/><G74/><T34/><D106/><U109/><E113/><V11/><F65/><W52/><G125/><N who="1" m="47626" /><E109/><V110/><F110/><W38/><G38/><T124/><D124/><U6/><E67/><V23/><F23/><W37/><G37/><T47/><D73/><U98/><E20/><V32/><F32/><W29/><G29/><T1/><D68/><U21/><E21/><V88/><F101/><W87/><G13/><T44/><D56/><U0/><E6/><V5/><REACH who="2" step="1"/><F77/><REACH who="2" ten="160,219,400,211" step="2"/><W103/><G118/><T18/><D92/><U82/><E89/><V107/><F107/><W84/><G103/><T69/><D69/><U45/><E82/><V54/><F54/><W16/><G28/><N who="0" m="19599" /><D43/><U50/><E135/><N who="3" m="51786" /><G100/><T7/><D47/><U85/><E85/><V76/><F76/><W81/><G81/><T80/><D44/><U55/><E55/><V66/><F66/><W63/><AGARI ba="0,1" hai="16,22,24,52,59,63,84,87,90,93,97" m="51786" machi="63" ten="30,11700,0" yaku="25,1,20,1,54,2" doraHai="35" who="3" fromWho="3" sc="160,-39,219,-39,400,-39,211,127" /><INIT seed="3,1,0,1,1,13" ten="121,180,361,338" oya="3" hai0="9,55,89,88,90,4,127,21,110,25,122,50,133" hai1="113,121,23,132,97,106,26,75,99,52,135,73,14" hai2="36,84,117,74,123,5,47,12,19,112,72,124,103" hai3="46,39,98,33,28,68,118,7,43,65,10,83,130"/><W134/><G118/><T29/><D122/><U94/><E121/><V131/><F112/><W129/><G134/><N who="1" m="51242" /><E14/><V108/><F117/><W42/><G42/><T58/><D133/><U51/><E106/><V41/><F124/><W3/><G98/><N who="1" m="37386" /><E94/><V100/><F108/><W70/><G83/><T15/><D110/><U16/><E113/><V18/><F84/><W24/><G65/><T111/><D111/><U38/><E38/><V87/><F87/><W64/><G64/><T85/><REACH who="0" step="1"/><D127/><REACH who="0" ten="111,180,361,338" step="2"/><U105/><E105/><V44/><F123/><W63/><G63/><T91/><D91/><U8/><E8/><V77/><F103/><W48/><G48/><T126/><D126/><U34/><E34/><V95/><F100/><W104/><G104/><T62/><D62/><U40/><E40/><V27/><F41/><W96/><G96/><T69/><D69/><AGARI ba="1,1" hai="3,7,10,24,28,33,39,43,46,68,69,70,129,130" machi="69" ten="40,3900,0" yaku="23,2" doraHai="13" who="3" fromWho="0" sc="111,-42,180,0,361,0,338,52" owari="69,-43.0,180,-22.0,361,16.0,390,49.0" /></mjloggm>