<mjloggm ver="2.3"><GO type="169" lobby="0"/><UN n0="%E3%82%AB%E3%83%83%E3%82%AB%E3%83%83%E3%82%AB%E3%83%83" n1="%67%6F%74%61%70%6F%6F%68" n2="%6D%61%74%6F%30%36%30%33" n3="%E3%82%8A%E3%82%86%E3%83%BC" dan="16,16,18,17" rate="2101.72,2178.58,2279.45,2256.89" sx="M,M,M,M"/><TAIKYOKU oya="0"/><INIT seed="0,0,0,3,1,10" ten="250,250,250,250" oya="0" hai0="72,81,58,97,46,24,135,18,39,71,20,15,29" hai1="19,4,25,57,79,1,123,69,16,62,52,120,107" hai2="116,98,59,11,88,32,119,105,118,85,55,48,96" hai3="21,8,111,67,64,13,33,76,74,86,109,63,133"/><T91/><D71/><U104/><E79/><V66/><F32/><W47/><G33/><T77/><D135/><U114/><E1/><V2/><F105/><W12/><G133/><T40/><D58/><U131/><E4/><V73/><F73/><W110/><G74/><T92/><REACH who="0" step="1"/><D29/><REACH who="0" ten="240,250,250,250" step="2"/><U30/><E69/><V27/><F59/><W78/><G111/><T14/><AGARI ba="0,1" hai="14,15,18,20,24,39,40,46,72,77,81,91,92,97" machi="14" ten="30,12000,1" yaku="1,1,2,1,0,1,52,2,53,0" doraHai="10" doraHaiUra="45" who="0" fromWho="0" sc="240,130,250,-40,250,-40,250,-40" /><INIT seed="0,1,0,1,2,115" ten="370,210,210,210" oya="0" hai0="22,127,11,99,73,133,42,63,54,104,132,33,14" hai1="87,24,123,122,40,84,79,49,71,45,108,120,130" hai2="88,31,3,97,69,134,43,38,48,50,5,72,57" hai3="67,82,74,109,52,91,0,13,64,32,83,131,75"/><T92/><D33/><U27/><E108/><V93/><F69/><W2/><G109/><T135/><D73/><U47/><E71/><V102/><F72/><W59/><G32/><T113/><D113/><U61/><E61/><V23/><F134/><W20/><G74/><T30/><D127/><U98/><E130/><V46/><F57/><W128/><G20/><T107/><D42/><U118/><E118/><V125/><F125/><W86/><G13/><T80/><D80/><U81/><E98/><V110/><F110/><W36/><G36/><T21/><D54/><U1/><E1/><N who="3" m="618" /><G82/><T12/><D63/><U60/><E87/><V119/><F119/><W68/><G68/><T53/><D53/><U16/><E60/><V51/><F3/><W112/><G112/><T90/><D14/><U126/><E126/><V117/><F5/><W10/><G10/><T56/><D56/><U95/><E95/><V39/><F39/><W8/><G8/><T114/><D114/><U76/><E76/><V25/><REACH who="2" step="1"/><F117/><REACH who="2" ten="370,210,200,210" step="2"/><W7/><G7/><N who="0" m="3199" /><D30/><U34/><E122/><V116/><F116/><W62/><G75/><T58/><D58/><U111/><E111/><V121/><F121/><W77/><G131/><T55/><D132/><U106/><E120/><V17/><F17/><W66/><G128/><T44/><D135/><U96/><E123/><V89/><AGARI ba="1,1" hai="23,25,31,38,43,46,48,50,51,88,89,93,97,102" machi="89" ten="30,7900,0" yaku="1,1,0,1,54,1,53,1" doraHai="115" doraHaiUra="70" who="2" fromWho="2" sc="370,-40,210,-21,200,92,210,-21" /><INIT seed="1,0,0,5,3,57" ten="330,189,292,189" oya="1" hai0="44,18,114,94,100,109,116,130,127,83,39,92,93" hai1="103,30,31,29,62,75,133,88,72,52,5,27,129" hai2="67,91,45,51,49,47,134,124,26,10,97,131,16" hai3="66,87,24,108,61,46,121,73,12,11,102,21,48"/><U85/><E75/><V81/><F131/><W20/><G108/><T14/><D109/><U70/><E72/><V2/><F134/><W33/><G121/><T89/><D114/><U71/><E133/><V9/><F124/><W111/><G111/><T63/><D116/><U79/><E79/><V95/><F67/><W6/><G73/><T80/><D127/><U41/><E129/><V105/><F105/><W96/><G87/><T15/><D130/><U25/><E103/><V7/><F81/><W123/><G123/><T135/><D14/><U34/><E41/><N who="2" m="24751" /><F7/><W64/><G64/><T132/><D100/><U112/><E112/><V113/><F2/><W4/><G4/><T19/><D80/><U8/><E70/><V86/><F97/><W107/><G24/><T69/><D83/><N who="1" m="49215" /><E71/><V65/><F65/><W3/><G3/><T58/><D69/><U110/><E34/><V68/><F68/><W99/><G33/><T74/><D74/><U1/><E1/><V82/><F82/><W0/><G99/><T28/><D39/><U38/><E38/><V126/><F113/><W106/><G106/><T98/><D98/><U77/><E77/><V90/><F90/><W59/><REACH who="3" step="1"/><G0/><REACH who="3" ten="330,189,292,179" step="2"/><T60/><D132/><U84/><E84/><V43/><F126/><W104/><G104/><T35/><D35/><U119/><E110/><V36/><F86/><W56/><G56/><T40/><D58/><N who="1" m="35143" /><E119/><V101/><F101/><W42/><AGARI ba="0,1" hai="6,11,12,20,21,42,46,48,59,61,66,96,102,107" machi="42" ten="20,8000,1" yaku="1,1,0,1,7,1,52,1,53,1" doraHai="57" doraHaiUra="54" who="3" fromWho="3" sc="330,-20,189,-40,292,-20,179,90" /><INIT seed="2,0,0,5,5,70" ten="310,149,272,269" oya="2" hai0="113,132,95,54,100,121,33,87,119,29,14,105,59" hai1="19,99,52,96,75,25,31,117,22,81,17,84,123" hai2="38,51,0,71,80,61,2,131,15,24,69,104,110" hai3="118,116,67,4,79,115,102,91,58,36,124,6,10"/><V16/><F104/><W83/><G124/><T21/><D113/><U60/><E117/><V9/><F38/><W97/><G91/><T62/><D121/><U68/><E75/><V73/><F131/><W23/><G115/><T65/><D119/><U129/><E129/><V125/><F125/><W107/><G23/><T66/><D132/><U30/><E123/><V103/><F103/><W135/><G135/><T5/><D105/><U40/><E40/><V55/><F110/><W133/><G133/><T37/><D37/><U57/><E68/><V56/><F24/><W39/><G4/><T63/><D33/><U11/><E19/><V109/><F109/><W32/><G32/><T106/><D106/><U13/><REACH who="1" step="1"/><E31/><REACH who="1" ten="310,139,272,269" step="2"/><V76/><F71/><W82/><G118/><T77/><D29/><U50/><E50/><V8/><F69/><W72/><G116/><T98/><D5/><U18/><E18/><V12/><REACH who="2" step="1"/><F51/><REACH who="2" ten="310,139,262,269" step="2"/><W94/><G39/><T112/><D112/><U111/><E111/><V86/><F86/><W89/><G36/><T34/><D87/><U85/><E85/><V92/><F92/><W45/><G107/><T126/><D95/><U1/><E1/><V78/><F78/><AGARI ba="0,2" hai="11,13,17,22,25,30,52,57,60,78,81,84,96,99" machi="78" ten="30,8000,1" yaku="1,1,7,1,8,1,54,1,53,1" doraHai="70" doraHaiUra="74" who="1" fromWho="2" sc="310,0,139,100,262,-80,269,0" /><INIT seed="3,0,0,2,3,97" ten="310,239,182,269" oya="3" hai0="42,72,40,110,118,121,79,48,10,130,3,37,34" hai1="88,29,6,12,70,106,125,132,21,134,28,86,41" hai2="65,85,92,105,108,1,93,9,84,55,131,76,117" hai3="46,30,32,59,36,54,74,4,112,71,20,120,62"/><W96/><G112/><T24/><D110/><U111/><E111/><V33/><F33/><W98/><G120/><T51/><D118/><U73/><E73/><V53/><F108/><W104/><G74/><T135/><D121/><U50/><E70/><V129/><F117/><W103/><G4/><T100/><D130/><N who="2" m="49674" /><F105/><W116/><G116/><T115/><D115/><U2/><E106/><V122/><F65/><W64/><G96/><T15/><D135/><U68/><E68/><V16/><F122/><W80/><G80/><T109/><D37/><U60/><E2/><V127/><F127/><W78/><G78/><T47/><D3/><U102/><E60/><V124/><F124/><W43/><G20/><T27/><D109/><U17/><E6/><N who="2" m="1231" /><F16/><W23/><G23/><T69/><D34/><U7/><E7/><V83/><F85/><W11/><G11/><T99/><D69/><U113/><E125/><V114/><F114/><W44/><G44/><T18/><D72/><U91/><E86/><V123/><F123/><W38/><G38/><T31/><D31/><N who="1" m="11851" /><E113/><V8/><F8/><W119/><G119/><T19/><D10/><U61/><E61/><V39/><F39/><W89/><G30/><T126/><D18/><U5/><E5/><V90/><F76/><W57/><G32/><T133/><D79/><U67/><E67/><V26/><F26/><W63/><G71/><T13/><D126/><U35/><E35/><V22/><F22/><W95/><G104/><N who="0" m="63519" /><D24/><U94/><E134/><V77/><F77/><W87/><G87/><T45/><D133/><U0/><E132/><RYUUKYOKU ba="0,0" sc="310,10,239,-30,182,10,269,10" hai0="13,15,19,27,40,42,45,47,48,51" hai2="53,55,83,84,90,92,93" hai3="36,43,46,54,57,59,62,63,64,89,95,98,103" /><INIT seed="3,1,0,3,3,124" ten="320,209,192,279" oya="3" hai0="93,115,130,46,0,67,100,24,64,88,91,51,90" hai1="69,15,36,56,14,116,42,7,16,38,118,39,98" hai2="26,59,106,83,79,125,22,132,77,126,48,87,9" hai3="82,19,11,122,6,37,35,17,60,86,117,101,53"/><W65/><G117/><N who="1" m="45162" /><E69/><V119/><F119/><W28/><G122/><T81/><D130/><U12/><E7/><V1/><F106/><W105/><G37/><T114/><D0/><U29/><E42/><V74/><F132/><W31/><G53/><T89/><D100/><U80/><E29/><N who="2" m="17623" /><F74/><W134/><G134/><T27/><D81/><U47/><E47/><V50/><F77/><W102/><G102/><T8/><D8/><U113/><E113/><N who="0" m="43017" /><D27/><U62/><E98/><V111/><F59/><W123/><G123/><T107/><D107/><U85/><E56/><V131/><F111/><W71/><G101/><T4/><D24/><U72/><E62/><V110/><F110/><W112/><G105/><T13/><D13/><U5/><E72/><V104/><F104/><W3/><G112/><T70/><D4/><U96/><E96/><V66/><F66/><W34/><G31/><T95/><D70/><U32/><E32/><V49/><F1/><W54/><G28/><T58/><D67/><U23/><E5/><V63/><F63/><W127/><G35/><T129/><D58/><U73/><E73/><V33/><F33/><W133/><G34/><T57/><D57/><U128/><E128/><V21/><F131/><W103/><G103/><T61/><D129/><U30/><E30/><V44/><F44/><W99/><G133/><T55/><N who="0" m="22528" /><DORA hai="97" /><T10/><D10/><U109/><E109/><V68/><F9/><N who="3" m="2271" /><G71/><T92/><D64/><U94/><E94/><V75/><F68/><N who="3" m="42023" /><G11/><T40/><D61/><U135/><E135/><V45/><F75/><W25/><G99/><RYUUKYOKU ba="1,0" sc="320,15,209,15,192,-15,279,-15" hai0="40,46,51,55,92,93,95" hai1="12,14,15,16,23,36,38,39,80,85" /><INIT seed="4,2,0,1,0,99" ten="335,224,177,264" oya="0" hai0="73,50,0,100,119,70,95,4,134,46,120,49,29" hai1="12,16,18,76,57,40,1,15,32,63,47,77,88" hai2="80,55,52,125,24,132,26,17,91,107,25,109,121" hai3="3,21,81,115,23,11,93,68,122,62,106,34,41"/><T97/><D119/><U54/><E1/><V8/><F109/><W60/><G106/><T129/><D120/><U75/><E32/><V10/><F121/><W96/><G34/><T67/><D129/><U133/><E133/><V130/><F130/><W111/><G111/><T5/><D134/><U110/><E110/><V98/><F132/><W126/><G122/><T2/><D73/><U104/><E104/><V118/><F118/><W112/><G126/><T7/><D29/><U105/><E105/><V123/><F123/><W114/><G41/><T117/><D117/><U135/><E75/><V56/><F125/><W66/><G62/><T51/><REACH who="0" step="1"/><D46/><REACH who="0" ten="325,224,177,264" step="2"/><U48/><E135/><V20/><F26/><W43/><G115/><T39/><D39/><U61/><E77/><V30/><F25/><W13/><G114/><T35/><D35/><U113/><E76/><V89/><F30/><W90/><G112/><T87/><D87/><U64/><E113/><V42/><F24/><W6/><G3/><T22/><D22/><U44/><E12/><V37/><F37/><W94/><G21/><T74/><D74/><U84/><E15/><V28/><F28/><W19/><G23/><T116/><D116/><U92/><REACH who="1" step="1"/><E47/><REACH who="1" ten="325,214,177,264" step="2"/><V78/><F78/><W33/><G13/><T72/><D72/><U14/><E14/><V128/><F128/><W131/><G131/><T59/><D59/><AGARI ba="2,2" hai="16,18,40,44,48,54,57,59,61,63,64,84,88,92" machi="59" ten="30,8000,1" yaku="1,1,7,1,8,1,54,2,53,0" doraHai="99" doraHaiUra="101" who="1" fromWho="0" sc="325,-86,214,106,177,0,264,0" /><INIT seed="5,0,0,5,1,95" ten="239,320,177,264" oya="1" hai0="133,121,43,97,107,35,78,99,105,2,58,111,112" hai1="76,51,70,16,71,113,135,36,30,114,98,26,15" hai2="81,44,25,124,90,54,53,106,117,50,88,132,4" hai3="40,126,80,101,21,33,84,129,115,103,89,38,110"/><U120/><E36/><V48/><F117/><W7/><G110/><T128/><D2/><U37/><E37/><V119/><F119/><W13/><G33/><T1/><D35/><N who="1" m="20951" /><E76/><V62/><F124/><W102/><G126/><T83/><D1/><U63/><E51/><V3/><F132/><W127/><G127/><T75/><D111/><U100/><E120/><V122/><F122/><W65/><G115/><N who="1" m="44042" /><E63/><V131/><F131/><W134/><G129/><T11/><D128/><U73/><E73/><V87/><F106/><W32/><G40/><T10/><D121/><U104/><E135/><V39/><F39/><W28/><G38/><T55/><D43/><U91/><E91/><V19/><F62/><W29/><G134/><T93/><D133/><U118/><E118/><V77/><F4/><W109/><G109/><T94/><D107/><U59/><E59/><V92/><F3/><W31/><G32/><T24/><D105/><U125/><E125/><V82/><F82/><W12/><G7/><T64/><D112/><U49/><E49/><V68/><F68/><W42/><G42/><T5/><D78/><U86/><E86/><V0/><F0/><W17/><G65/><T27/><D64/><U108/><E108/><V96/><F50/><W74/><G74/><T6/><D75/><U9/><AGARI ba="0,0" hai="9,15,16,70,71,98,100,104" m="44042,20951" machi="9" ten="30,6000,0" yaku="15,1,52,1,54,1" doraHai="95" who="1" fromWho="1" sc="239,-20,320,60,177,-20,264,-20" /><INIT seed="5,1,0,4,0,67" ten="219,380,157,244" oya="1" hai0="125,131,40,92,61,42,72,25,51,113,11,55,73" hai1="87,52,59,118,36,110,33,71,103,31,53,99,116" hai2="135,75,54,35,62,13,93,44,15,117,130,115,123" hai3="0,85,102,84,19,100,27,86,8,21,58,91,77"/><U4/><E36/><V74/><F117/><W69/><G69/><T70/><D113/><U83/><E4/><V2/><F2/><W88/><G77/><T78/><D125/><U126/><E126/><V119/><F119/><W120/><G120/><T82/><D131/><U3/><E3/><V128/><F35/><W7/><G58/><T48/><D73/><U38/><E38/><V94/><F123/><W32/><G32/><T89/><D11/><U132/><E71/><V57/><F135/><W96/><REACH who="3" step="1"/><G102/><REACH who="3" ten="219,380,157,234" step="2"/><T29/><D70/><U97/><E59/><V18/><F115/><W101/><G101/><T107/><D78/><U24/><E116/><V43/><F130/><W80/><G80/><T98/><D82/><U23/><E33/><V17/><F128/><W56/><G56/><T95/><D72/><U105/><E118/><V47/><F75/><W81/><G81/><T109/><D109/><U64/><E103/><V68/><F74/><W65/><G65/><T26/><D89/><U133/><E64/><V112/><F112/><W20/><G20/><T34/><D34/><U127/><E110/><V66/><F68/><W63/><G63/><T39/><D61/><U37/><E83/><V9/><F66/><W50/><G50/><T14/><D51/><U5/><E37/><V129/><F129/><W111/><G111/><T134/><D48/><U46/><E127/><V114/><F114/><W90/><G90/><T104/><D39/><U28/><E133/><V10/><REACH who="2" step="1"/><F43/><REACH who="2" ten="219,380,147,234" step="2"/><W122/><G122/><T30/><D42/><U76/><E132/><V6/><F6/><RYUUKYOKU ba="1,2" sc="219,-15,380,-15,147,15,234,15" hai2="9,10,13,15,17,18,44,47,54,57,62,93,94" hai3="0,7,8,19,21,27,84,85,86,88,91,96,100" /><INIT seed="6,2,2,5,1,33" ten="204,365,162,249" oya="2" hai0="51,40,34,53,41,69,111,117,64,22,109,103,134" hai1="39,23,92,87,90,49,93,86,133,67,68,4,126" hai2="118,102,106,26,125,38,88,52,37,58,2,13,112" hai3="79,32,16,15,84,30,74,119,48,19,99,113,6"/><V9/><F118/><W130/><G119/><T95/><D34/><U55/><E39/><V89/><F2/><W98/><G74/><T78/><D78/><U107/><E107/><V44/><F112/><W43/><G130/><T110/><D117/><U0/><E68/><V3/><F3/><W124/><G113/><T10/><D134/><U5/><E67/><V29/><F125/><W116/><G124/><T24/><D10/><U94/><E133/><V21/><F102/><W1/><G116/><T105/><D105/><U14/><E0/><V70/><F70/><W31/><G32/><T85/><D64/><U66/><E66/><V8/><F106/><W115/><G19/><T132/><D69/><U50/><E50/><V101/><F101/><W72/><G72/><T76/><D132/><U80/><E87/><V45/><F38/><W63/><G63/><T131/><D131/><U56/><E126/><V73/><F73/><W46/><G6/><T65/><D65/><U122/><E122/><V100/><F100/><W135/><G135/><T123/><D123/><U35/><E35/><V7/><F8/><N who="3" m="6247" /><G1/><T96/><D22/><U121/><E121/><V28/><F28/><N who="3" m="10795" /><G115/><T91/><D24/><U82/><E82/><AGARI ba="2,2" hai="43,46,48,79,82,84,98,99" m="10795,6247" machi="82" ten="30,2000,0" yaku="8,1,54,1" doraHai="33" who="3" fromWho="1" sc="204,0,365,-26,162,0,249,46" /><INIT seed="7,0,0,5,5,76" ten="204,339,162,295" oya="3" hai0="106,70,41,8,65,35,13,1,98,102,96,121,77" hai1="6,9,55,110,78,126,54,20,62,39,90,123,115" hai2="71,117,88,135,116,118,0,2,58,33,134,32,107" hai3="67,108,26,31,66,19,27,10,29,120,109,128,99"/><W42/><G120/><T23/><D121/><U69/><E123/><V43/><F43/><W38/><G128/><T11/><D35/><N who="2" m="13386" /><F58/><W57/><G99/><T111/><D111/><N who="3" m="42569" /><G19/><T22/><D1/><N who="2" m="618" /><F71/><W25/><G10/><T113/><D113/><U124/><E20/><N who="0" m="7721" /><D70/><U15/><E39/><V119/><F119/><W130/><G130/><T80/><D65/><N who="3" m="24585" /><G57/><T74/><D11/><U83/><E115/><V49/><F49/><W53/><G53/><T18/><D106/><U40/><E110/><V24/><F107/><W82/><G42/><T97/><D74/><N who="1" m="43479" /><E40/><V112/><F112/><W122/><G122/><T36/><D41/><U64/><E55/><V45/><F45/><W75/><G38/><T104/><D36/><U14/><E54/><V87/><F24/><W132/><G29/><T81/><D104/><U48/><E64/><V7/><F7/><W85/><G31/><T3/><D3/><N who="1" m="223" /><E48/><V56/><F56/><W84/><G75/><T93/><D77/><U44/><E69/><V60/><F60/><W37/><G37/><T133/><D97/><U89/><E62/><V127/><F127/><N who="1" m="48681" /><E44/><V100/><F100/><W73/><G73/><T92/><D98/><U12/><AGARI ba="0,0" hai="12,14,15,89,90" m="48681,223,43479" machi="12" ten="30,2000,0" yaku="18,1,52,1" doraHai="76" who="1" fromWho="1" sc="204,-5,339,20,162,-5,295,-10" owari="199,-20.0,359,45.0,157,-34.0,285,9.0" /></mjloggm>