<mjloggm ver="2.3"><GO type="185" lobby="0"/><UN n0="%E9%9B%80%E3%82%B0%E3%83%A9%E3%83%BC" n1="%E9%95%B7%E5%85%89%E9%BA%BB%E5%A4%9C" n2="%54%61%6B%61%52%6F%6E" n3="" dan="16,16,17,0" rate="2124.34,2224.00,2207.41,1500.00" sx="M,M,M,C"/><TAIKYOKU oya="0"/><INIT seed="0,0,0,1,1,126" ten="350,350,350,0" oya="0" hai0="84,71,86,68,55,59,92,79,120,119,131,101,56" hai1="54,46,118,36,42,129,123,38,70,65,93,66,116" hai2="80,49,32,110,105,88,113,82,117,81,124,112,39" hai3=""/><T74/><N who="0" m="30752" /><T90/><D119/><N who="1" m="45611" /><E93/><V33/><F39/><N who="1" m="14889" /><E129/><V78/><F117/><T99/><D59/><U94/><N who="1" m="31520" /><U75/><E75/><V51/><F78/><T58/><D56/><U37/><E94/><V130/><F105/><T133/><D133/><U115/><E115/><N who="2" m="44107" /><F88/><T43/><D43/><U48/><E70/><V114/><F114/><T85/><D90/><U135/><E135/><V83/><F83/><T62/><REACH who="0" step="1"/><D131/><REACH who="0" ten="340,350,350,0" step="2"/><U97/><E97/><V121/><N who="2" m="31008" /><V44/><F130/><T45/><D45/><AGARI ba="0,1" hai="37,42,45,46,48,54,65,66" m="31520,14889,45611" machi="45" ten="30,3900,0" yaku="34,2,52,1" doraHai="126" who="1" fromWho="0" sc="340,-39,350,49,350,0,0,0" /><INIT seed="1,0,0,0,5,90" ten="301,399,350,0" oya="1" hai0="95,3,2,132,130,39,52,112,37,73,123,61,65" hai1="74,103,107,57,134,108,85,88,125,33,51,67,72" hai2="114,59,128,119,71,109,48,66,53,100,77,32,43" hai3=""/><U62/><E33/><V99/><F32/><T116/><N who="0" m="31520" /><T106/><D106/><U83/><E134/><V58/><F119/><T34/><D73/><U46/><E125/><V98/><F114/><T41/><D112/><U94/><E107/><V127/><F127/><T75/><D75/><U87/><E108/><V86/><F71/><T104/><D104/><U81/><E81/><V54/><F66/><T135/><D34/><U96/><REACH who="1" step="1"/><E85/><REACH who="1" ten="301,389,350,0" step="2"/><V126/><F126/><T50/><D135/><U63/><E63/><V55/><F109/><T131/><D132/><U35/><E35/><V118/><F86/><T89/><D131/><U120/><N who="1" m="30752" /><U36/><E36/><V79/><F128/><T105/><D39/><U69/><E69/><V115/><F115/><T44/><D105/><U84/><E84/><V1/><F99/><T76/><D130/><U117/><E117/><V45/><F118/><T38/><D38/><U101/><E101/><V56/><F100/><T60/><D116/><U97/><E97/><V110/><F98/><T70/><D37/><U78/><E78/><N who="2" m="29707" /><F110/><T122/><D70/><U49/><E49/><V133/><F133/><T92/><D122/><U93/><E93/><V102/><F102/><T82/><D2/><AGARI ba="0,1" hai="1,2,43,45,48,53,54,55,56,58,59" m="29707" machi="2" ten="40,1300,0" yaku="6,1" doraHai="90" who="2" fromWho="0" sc="301,-13,389,0,350,23,0,0" /><INIT seed="2,0,0,4,1,85" ten="288,389,373,0" oya="2" hai0="67,109,96,1,111,75,123,83,52,40,76,48,71" hai1="97,37,2,89,130,56,135,87,84,39,59,114,53" hai2="117,66,57,81,64,54,95,107,36,86,90,33,79" hai3=""/><V77/><F33/><T131/><N who="0" m="31520" /><T80/><D1/><U122/><N who="1" m="31264" /><U112/><E2/><V104/><F117/><T46/><D131/><U88/><E130/><V128/><F36/><T82/><D71/><U120/><N who="1" m="30752" /><U49/><E97/><V125/><F128/><T68/><D68/><U32/><E32/><V121/><N who="2" m="31008" /><V70/><F125/><T99/><D67/><U98/><E98/><N who="0" m="37417" /><D40/><U124/><E124/><V51/><F79/><T105/><D105/><U78/><E78/><V35/><F35/><T91/><D91/><U43/><E43/><V58/><F70/><T106/><D106/><U110/><E110/><AGARI ba="0,0" hai="46,48,52,75,76,80,82,83,109,110,111" m="37417,31520" machi="110" ten="30,3900,0" yaku="14,1,52,1,54,1" doraHai="85" who="0" fromWho="1" sc="288,39,389,-39,373,0,0,0" /><INIT seed="4,0,0,1,0,91" ten="327,350,373,0" oya="0" hai0="99,41,117,62,95,131,61,69,134,119,125,32,109" hai1="135,112,101,34,114,120,35,72,121,133,103,64,36" hai2="87,93,76,81,132,122,84,89,43,110,102,100,118" hai3=""/><T111/><D32/><N who="1" m="12331" /><E36/><V116/><N who="2" m="31264" /><V57/><F110/><N who="0" m="41994" /><D125/><U94/><N who="1" m="30752" /><U48/><N who="1" m="31008" /><U83/><E64/><V65/><F132/><N who="1" m="50761" /><E48/><V78/><F43/><T60/><D134/><U98/><E103/><N who="2" m="39467" /><F57/><T88/><D131/><U129/><E129/><V73/><F65/><T70/><D41/><U1/><E1/><V0/><F0/><T77/><D77/><AGARI ba="0,0" hai="72,77,83,94,98,101,112,114" m="50761,31008,30752,12331" machi="77" ten="40,8000,1" yaku="20,1,52,3" doraHai="91" who="1" fromWho="0" sc="327,-80,350,80,373,0,0,0" /><INIT seed="5,0,0,1,1,74" ten="247,430,373,0" oya="1" hai0="67,69,113,125,71,51,55,65,118,57,89,70,99" hai1="50,54,131,109,41,130,85,135,90,87,101,81,53" hai2="84,88,107,117,100,116,105,32,46,73,48,126,63" hai3=""/><U0/><E0/><V47/><F32/><T79/><D113/><U134/><E109/><V75/><F126/><T1/><D1/><U94/><E41/><V104/><F100/><T128/><D125/><U2/><E2/><V119/><F63/><T124/><D124/><U120/><N who="1" m="30752" /><U93/><E93/><V129/><F129/><N who="1" m="49161" /><E101/><V3/><F3/><T64/><D128/><U56/><E54/><V59/><F59/><T36/><D118/><U102/><E102/><V44/><F48/><T78/><REACH who="0" step="1"/><D36/><REACH who="0" ten="237,430,373,0" step="2"/><U42/><E42/><V83/><AGARI ba="0,1" hai="44,46,47,73,75,83,84,88,104,105,107,116,117,119" machi="83" ten="50,6000,1" yaku="0,1,29,2,54,1" doraHai="74" who="2" fromWho="2" sc="237,-20,430,-40,373,70,0,0" /><INIT seed="6,0,0,3,4,66" ten="217,390,443,0" oya="2" hai0="90,1,112,2,43,111,71,95,70,38,124,44,82" hai1="121,78,113,92,101,41,107,76,50,98,40,109,32" hai2="81,36,60,133,122,86,129,117,132,91,85,126,103" hai3=""/><V49/><N who="2" m="31264" /><V83/><F36/><T42/><D111/><U79/><N who="1" m="31008" /><U77/><E32/><V125/><F117/><T39/><D82/><U0/><E0/><V102/><F60/><T97/><D124/><N who="2" m="47722" /><F49/><T106/><D112/><U37/><E113/><V55/><F55/><T123/><N who="0" m="31520" /><T89/><D106/><U47/><E109/><V62/><F62/><T58/><D58/><U67/><E67/><V45/><F45/><T110/><D110/><U108/><E108/><V120/><N who="2" m="30752" /><V105/><F129/><T80/><D80/><U135/><E135/><N who="2" m="51787" /><F105/><T84/><D1/><U63/><E63/><V61/><F61/><T93/><REACH who="0" step="1"/><D2/><REACH who="0" ten="207,390,443,0" step="2"/><U104/><N who="1" m="19456" /><DORA hai="33" /><U119/><E119/><V72/><F72/><T118/><D118/><U130/><E130/><V3/><F3/><T65/><D65/><U35/><E35/><V87/><F81/><T100/><D100/><AGARI ba="0,1" hai="83,85,86,87,91,100,102,103" m="51787,30752,47722,31264" machi="100" ten="30,18000,2" yaku="18,1,20,1,34,2,52,2" doraHai="66,33" who="2" fromWho="0" sc="207,-180,390,0,443,190,0,0" owari="27,-57.0,390,-1.0,633,58.0,0,0.0" /></mjloggm>