<mjloggm ver="2.3"><GO type="185" lobby="0"/><UN n0="%E5%A4%9A%E6%9E%97%E6%99%8B" n1="%E3%81%82%E3%81%9F%E3%82%89%E3%81%AA%E3%81%84%E3%81%A7%EF%BC%81" n2="%E3%81%B5%E3%81%96%E3%81%91%E3%82%8B%E3%83%9F%EF%BC%81" n3="" dan="16,16,17,0" rate="2189.41,2142.04,2238.91,1500.00" sx="M,M,M,C"/><TAIKYOKU oya="0"/><INIT seed="0,0,0,5,4,87" ten="350,350,350,0" oya="0" hai0="61,126,108,32,3,115,123,69,51,58,64,88,70" hai1="134,130,40,34,101,102,52,35,80,84,56,119,77" hai2="97,100,42,114,47,89,62,50,78,54,132,46,107" hai3=""/><T36/><N who="0" m="31520" /><T106/><D3/><U59/><E119/><V74/><F132/><T95/><D32/><U45/><E134/><V57/><F114/><T93/><D115/><U128/><E34/><V43/><F78/><T71/><D106/><U33/><E33/><V113/><F74/><T133/><D36/><U85/><E85/><V112/><F89/><T73/><D133/><U75/><E75/><V122/><N who="2" m="31264" /><V120/><N who="2" m="30752" /><V83/><REACH who="2" step="1"/><F83/><REACH who="2" ten="350,350,340,0" step="2"/><T94/><D73/><U118/><E35/><V127/><F127/><T49/><D126/><U135/><E135/><V76/><F76/><T121/><N who="0" m="31008" /><T55/><D108/><U39/><E101/><V2/><F2/><T104/><D104/><U92/><E118/><V0/><F0/><T72/><D72/><U116/><E116/><V66/><F66/><T125/><D125/><U68/><E102/><V63/><F63/><T79/><D79/><U96/><E80/><V103/><F103/><T1/><D1/><U82/><E82/><V124/><F124/><T37/><D88/><U129/><E77/><V81/><F81/><T41/><D64/><U98/><E128/><V105/><F105/><T38/><D61/><U67/><E129/><V90/><F90/><RYUUKYOKU ba="0,1" sc="350,10,350,-20,340,10,0,0" hai0="37,38,41,49,51,55,58,69,70,71,93,94,95" hai2="42,43,46,47,50,54,57,62,97,100,107,112,113" /><INIT seed="0,1,1,4,2,127" ten="360,330,350,0" oya="0" hai0="101,52,100,132,65,85,60,77,58,63,32,104,119" hai1="46,122,50,36,66,117,112,69,81,128,34,102,105" hai2="78,76,97,110,116,95,80,120,91,74,48,103,118" hai3=""/><T87/><D32/><U35/><N who="1" m="31264" /><U57/><E117/><N who="2" m="45163" /><F48/><T83/><D119/><U79/><E69/><V121/><N who="2" m="30752" /><V96/><N who="2" m="31008" /><V82/><F110/><T90/><D132/><U41/><E112/><V72/><F97/><T42/><D42/><U130/><E102/><AGARI ba="1,1" hai="72,74,76,78,80,82,91,95,96,102,103" m="31008,30752,45163" machi="102" ten="30,8000,1" yaku="12,1,34,2,52,2" doraHai="127" who="2" fromWho="1" sc="360,0,330,-82,350,92,0,0" /><INIT seed="1,0,0,0,1,58" ten="360,248,442,0" oya="1" hai0="66,109,106,98,93,76,63,49,57,90,134,44,108" hai1="72,64,55,69,87,111,103,112,101,117,65,94,68" hai2="127,99,84,102,88,126,116,123,36,67,46,78,56" hai3=""/><U61/><E117/><V122/><N who="2" m="31264" /><V34/><N who="2" m="31520" /><V97/><F116/><T92/><D106/><U62/><E72/><V81/><F34/><T135/><D76/><U110/><E112/><V125/><F102/><T51/><D92/><U104/><E55/><V54/><F67/><T118/><D118/><U107/><E94/><V75/><F36/><T32/><D32/><U120/><E87/><V113/><F46/><T40/><REACH who="0" step="1"/><D49/><REACH who="0" ten="350,248,442,0" step="2"/><U96/><N who="1" m="30752" /><U77/><REACH who="1" step="1"/><E77/><REACH who="1" ten="350,238,442,0" step="2"/><V48/><F113/><T59/><D59/><U52/><E52/><V131/><F78/><T105/><D105/><U129/><E129/><V83/><F131/><T73/><D73/><U37/><E37/><V86/><F75/><T80/><D80/><U1/><E1/><V53/><F53/><T74/><D74/><U35/><E35/><V121/><N who="2" m="31008" /><V2/><F2/><T128/><D128/><U33/><E33/><V42/><F83/><T60/><D60/><U95/><E95/><V133/><F81/><T124/><D124/><U79/><E79/><V38/><F38/><T91/><D91/><U89/><E89/><V114/><F88/><T43/><D43/><U50/><E50/><V71/><F42/><T82/><D82/><RYUUKYOKU ba="0,2" sc="350,10,238,10,442,-20,0,0" hai0="40,44,51,57,63,66,90,93,98,108,109,134,135" hai1="61,62,64,65,68,69,96,101,103,104,107,110,111" /><INIT seed="1,1,2,3,5,101" ten="360,248,422,0" oya="1" hai0="122,129,62,53,132,61,3,99,48,47,130,35,43" hai1="83,69,102,45,36,81,120,65,42,115,107,97,82" hai2="34,117,38,54,41,133,104,56,32,73,70,80,1" hai3=""/><U123/><N who="1" m="30752" /><U118/><N who="1" m="31520" /><U89/><E118/><V72/><F117/><T68/><N who="0" m="31264" /><T95/><D3/><U66/><E115/><V55/><F56/><T74/><D35/><U91/><REACH who="1" step="1"/><E69/><REACH who="1" ten="360,238,422,0" step="2"/><V0/><F70/><T71/><D68/><U44/><E44/><V103/><F32/><T75/><D71/><U100/><E100/><V94/><F103/><T79/><D47/><U58/><E58/><V33/><F34/><T77/><D130/><U2/><E2/><V76/><F33/><T92/><D129/><U40/><E40/><V109/><F41/><T121/><D43/><U110/><E110/><V52/><F109/><T63/><D121/><U51/><E51/><V127/><F0/><T114/><D48/><U96/><E96/><V60/><F1/><T119/><D114/><U93/><E93/><V131/><F94/><T105/><D119/><U39/><E39/><V90/><F38/><T59/><D95/><U85/><E85/><V78/><F131/><T134/><D92/><U108/><E108/><V135/><F73/><T64/><D75/><U106/><E106/><V116/><F104/><T126/><D74/><U87/><E87/><V124/><F72/><T49/><D105/><U46/><E46/><RYUUKYOKU ba="1,3" sc="360,-10,238,20,422,-10,0,0" hai1="36,42,45,65,66,81,82,83,89,91,97,102,107" /><INIT seed="1,2,3,2,2,103" ten="350,258,412,0" oya="1" hai0="64,73,110,50,67,97,125,101,0,3,113,120,105" hai1="52,94,53,135,39,59,75,77,96,83,65,81,124" hai2="61,58,37,91,127,88,114,68,133,108,122,72,84" hai3=""/><U132/><E124/><V62/><N who="2" m="31264" /><V117/><F117/><T95/><N who="0" m="30752" /><T49/><D113/><U128/><E128/><V32/><F37/><T112/><D112/><U99/><E39/><V40/><F32/><T2/><D125/><U55/><E96/><V1/><F72/><T100/><D73/><U36/><E36/><V93/><F68/><T119/><D119/><U98/><E98/><V131/><F1/><T71/><D110/><U121/><N who="1" m="31008" /><U86/><E65/><V69/><F108/><T79/><D79/><U47/><E47/><V90/><F131/><T123/><N who="0" m="31520" /><T38/><D38/><U92/><E59/><V66/><F127/><T116/><D116/><U109/><E109/><V44/><F114/><T70/><D71/><U54/><N who="1" m="13312" /><DORA hai="80" /><U33/><E33/><V63/><F58/><T107/><D70/><U134/><REACH who="1" step="1"/><E99/><REACH who="1" ten="350,248,412,0" step="2"/><V34/><F34/><T57/><D97/><U60/><E60/><V35/><F62/><T43/><D0/><U89/><AGARI ba="2,4" hai="75,77,81,83,86,89,92,94,132,134,135" m="13312,31008" machi="89" ten="50,16000,3" yaku="1,1,0,1,20,1,52,2,54,1,53,3" doraHai="103,80" doraHaiUra="130,41" who="1" fromWho="1" sc="350,-82,248,204,412,-82,0,0" /><INIT seed="1,3,0,1,1,135" ten="268,452,330,0" oya="1" hai0="71,36,82,101,33,129,106,1,85,83,38,74,0" hai1="79,42,43,86,99,41,80,131,53,62,113,77,60" hai2="63,92,95,59,118,49,72,125,134,126,110,91,108" hai3=""/><U121/><N who="1" m="31008" /><U88/><E113/><V133/><F118/><T58/><D33/><U35/><E35/><V55/><F72/><T67/><D71/><U46/><E131/><V87/><F92/><T105/><D129/><U39/><E39/><V45/><F134/><T34/><D34/><U48/><E79/><V66/><REACH who="2" step="1"/><F133/><REACH who="2" ten="268,452,320,0" step="2"/><T119/><D119/><U51/><E51/><V100/><F100/><T130/><D101/><U102/><REACH who="1" step="1"/><E77/><REACH who="1" ten="268,442,320,0" step="2"/><V44/><F44/><T37/><D130/><U68/><E68/><V93/><F93/><AGARI ba="3,2" hai="41,42,43,46,48,53,60,62,80,86,88,93,99,102" m="31008" machi="93" ten="40,12000,1" yaku="1,1,8,1,52,1,54,1,53,1" doraHai="135" doraHaiUra="97" who="1" fromWho="2" sc="268,0,442,146,320,-126,0,0" /><INIT seed="1,4,0,2,4,67" ten="268,588,194,0" oya="1" hai0="101,77,93,96,91,71,81,79,34,121,117,41,61" hai1="133,109,59,111,87,32,82,89,73,69,36,131,78" hai2="72,128,63,62,50,116,95,55,68,132,64,60,122" hai3=""/><U2/><E59/><V110/><N who="2" m="31264" /><V45/><F72/><T56/><N who="0" m="31008" /><T74/><D34/><U49/><E49/><V54/><F110/><T120/><N who="0" m="30752" /><T119/><D77/><U100/><E89/><V127/><F127/><T103/><D71/><U130/><E87/><V113/><F132/><T135/><D135/><U58/><E58/><V125/><F116/><N who="0" m="44618" /><D41/><U53/><E53/><AGARI ba="4,0" hai="53,56,61,74,79,81,91,93,96,101,103" m="44618,30752,31008" machi="53" ten="30,3900,0" yaku="12,1,52,2" doraHai="67" who="0" fromWho="1" sc="268,47,588,-47,194,0,0,0" /><INIT seed="2,0,0,5,5,85" ten="315,541,194,0" oya="2" hai0="96,72,131,73,107,122,53,88,103,99,80,56,123" hai1="104,100,114,101,59,112,86,39,32,79,109,111,62" hai2="102,116,97,98,94,81,52,105,91,71,58,126,69" hai3=""/><V42/><F126/><T95/><N who="0" m="31264" /><T90/><N who="0" m="31520" /><T63/><D131/><U70/><E39/><V82/><F116/><T76/><REACH who="0" step="1"/><D73/><REACH who="0" ten="305,541,194,0" step="2"/><U38/><E32/><V3/><F3/><T54/><D54/><U120/><E120/><V115/><F115/><T64/><D64/><U83/><E114/><V49/><REACH who="2" step="1"/><F42/><REACH who="2" ten="305,541,184,0" step="2"/><T55/><D55/><U108/><E112/><V134/><F134/><T43/><D43/><U117/><E117/><V74/><F74/><T129/><D129/><U45/><E108/><V40/><F40/><T36/><D36/><U130/><E109/><V68/><AGARI ba="0,2" hai="49,52,58,68,69,71,81,82,91,94,97,98,102,105" machi="68" ten="30,7800,0" yaku="1,1,0,1,52,1,54,1,53,0" doraHai="85" doraHaiUra="35" who="2" fromWho="2" sc="305,-39,541,-39,184,98,0,0" /><INIT seed="2,1,0,3,3,115" ten="266,502,282,0" oya="2" hai0="85,104,69,89,32,97,49,101,66,135,98,61,114" hai1="39,57,119,47,133,60,45,123,1,102,33,95,111" hai2="79,42,126,105,46,72,52,93,106,40,63,117,55" hai3=""/><V56/><F117/><T59/><D114/><U110/><N who="1" m="31520" /><U108/><E1/><V92/><F126/><T80/><D135/><U83/><E33/><V99/><F93/><T118/><D32/><U128/><E133/><V36/><F40/><T37/><D37/><U38/><E83/><V34/><F34/><T73/><D73/><U43/><E128/><V96/><F55/><T131/><D131/><U86/><E119/><V41/><F41/><T75/><D75/><U122/><N who="1" m="31264" /><U67/><E45/><V65/><F96/><T91/><D118/><U121/><N who="1" m="31008" /><U107/><E107/><V88/><REACH who="2" step="1"/><F65/><REACH who="2" ten="266,502,272,0" step="2"/><T48/><D98/><U130/><E130/><V134/><F134/><T70/><D97/><U90/><E102/><V100/><F100/><T51/><D101/><U127/><E127/><V64/><F64/><T71/><REACH who="0" step="1"/><D104/><REACH who="0" ten="256,502,272,0" step="2"/><U76/><E38/><V94/><F94/><T54/><D54/><U78/><AGARI ba="1,2" hai="39,43,47,57,60,67,76,78,86,90,95,108,110,111" m="31008,31264,31520" machi="78" ten="40,6000,1" yaku="0,1,14,1,52,3" doraHai="115" who="1" fromWho="1" sc="256,-21,502,82,272,-41,0,0" /><INIT seed="4,0,0,2,3,79" ten="235,584,231,0" oya="0" hai0="63,115,118,88,100,58,114,40,99,57,128,38,3" hai1="51,95,98,116,96,67,73,103,111,104,119,124,41" hai2="74,2,112,87,82,60,81,92,0,64,46,110,47" hai3=""/><T72/><D3/><U105/><E73/><V36/><F110/><T69/><D118/><U1/><E1/><V45/><F36/><T71/><D72/><U134/><E111/><V33/><F33/><T49/><D128/><U48/><E124/><V77/><F92/><T120/><N who="0" m="30752" /><T113/><D38/><U65/><E95/><V43/><F43/><T50/><D88/><U68/><E68/><N who="0" m="26185" /><D40/><U52/><E41/><V122/><N who="2" m="31264" /><V75/><F112/><N who="0" m="28674" /><T129/><DORA hai="44" /><D129/><U34/><E34/><V61/><F75/><T132/><D132/><U55/><E103/><V93/><F0/><T126/><D126/><U97/><E97/><V123/><N who="2" m="31520" /><V59/><F2/><T39/><D39/><U125/><E125/><V133/><F133/><AGARI ba="0,0" hai="48,51,52,55,65,67,96,98,104,105,116,119,133,134" machi="133" ten="25,8000,1" yaku="22,2,52,2,54,1" doraHai="79,44" who="1" fromWho="2" sc="235,0,584,80,231,-80,0,0" /><INIT seed="5,0,0,2,4,72" ten="235,664,151,0" oya="1" hai0="88,100,115,116,135,76,107,122,118,101,132,38,110" hai1="106,126,84,43,127,61,36,42,105,67,113,52,37" hai2="40,125,59,71,51,109,63,93,92,75,64,47,82" hai3=""/><U133/><E133/><N who="0" m="51273" /><D38/><U77/><E113/><V131/><F125/><T99/><N who="0" m="31264" /><T96/><D115/><U80/><E52/><V94/><F131/><T102/><D110/><U97/><E37/><V33/><F33/><T111/><D111/><U91/><E105/><V83/><F109/><T54/><D54/><U78/><E42/><V117/><F117/><N who="0" m="45162" /><D76/><U44/><E78/><V69/><REACH who="2" step="1"/><F75/><REACH who="2" ten="235,664,141,0" step="2"/><T66/><D66/><U46/><E127/><V70/><AGARI ba="0,1" hai="40,47,51,59,63,64,69,70,71,82,83,92,93,94" machi="70" ten="40,3900,0" yaku="1,1,2,1,0,1,53,0" doraHai="72" doraHaiUra="130" who="2" fromWho="2" sc="235,-13,664,-26,141,49,0,0" /><INIT seed="6,0,0,1,4,66" ten="222,638,190,0" oya="2" hai0="105,38,63,103,118,124,41,112,97,61,135,37,94" hai1="81,86,121,44,116,77,56,123,93,113,107,132,120" hai2="111,48,0,125,69,104,36,60,54,55,134,85,46" hai3=""/><V95/><F0/><T70/><D118/><U75/><E116/><V3/><F3/><T68/><D124/><U65/><E107/><V131/><F104/><T106/><D135/><U130/><E132/><V78/><F134/><T50/><D112/><U92/><E113/><V67/><F125/><T128/><D128/><U82/><E130/><V127/><F131/><T2/><D2/><U59/><E44/><V80/><F127/><T114/><D114/><U115/><E115/><V34/><F34/><T83/><D83/><U47/><E47/><V126/><F126/><T99/><D50/><U91/><E59/><V43/><F111/><T101/><D94/><U49/><E49/><V76/><F76/><T110/><D41/><U89/><E65/><V96/><REACH who="2" step="1"/><F48/><REACH who="2" ten="222,638,180,0" step="2"/><T72/><D110/><U52/><N who="1" m="30752" /><U64/><E77/><V39/><F39/><T109/><D109/><U35/><E35/><V108/><F108/><T122/><N who="0" m="31264" /><T57/><D72/><U42/><E75/><V71/><F71/><T84/><D57/><U100/><E56/><V74/><F74/><T51/><D51/><U1/><E1/><V79/><F79/><T117/><D117/><U58/><E58/><V98/><F98/><T33/><D33/><RYUUKYOKU ba="0,1" sc="222,10,638,-20,180,10,0,0" hai0="37,38,61,63,68,70,84,97,99,101,103,105,106" hai2="36,43,46,54,55,60,67,69,78,80,85,95,96" /><INIT seed="6,1,1,1,1,120" ten="232,618,190,0" oya="2" hai0="58,69,62,46,45,123,83,97,100,34,87,38,134" hai1="93,116,90,133,47,37,67,35,44,48,59,103,94" hai2="33,71,77,32,80,61,55,127,76,2,52,124,0" hai3=""/><V98/><F98/><T122/><N who="0" m="31264" /><T84/><N who="0" m="31520" /><T96/><D34/><N who="2" m="13418" /><F71/><T102/><D69/><U132/><E116/><V36/><F36/><T53/><D134/><U39/><E35/><V63/><F80/><T112/><D112/><U64/><E59/><V41/><F41/><T66/><D38/><U131/><E90/><V91/><F91/><T40/><D40/><U42/><E42/><V118/><F118/><T86/><D83/><U75/><E48/><V81/><F81/><T126/><D126/><N who="2" m="48170" /><F63/><T129/><D129/><U57/><E131/><V43/><F43/><T108/><D97/><U88/><E88/><V70/><F70/><T95/><D102/><U54/><E103/><V114/><F114/><T106/><D62/><U99/><E99/><V89/><F89/><T51/><D96/><U72/><E37/><V113/><F113/><T128/><D100/><U74/><E39/><V50/><F61/><T119/><D128/><U101/><E101/><V104/><F104/><T121/><D106/><U135/><E135/><V111/><F111/><T49/><D108/><U1/><E133/><V82/><F55/><T79/><D119/><U56/><E132/><V117/><F117/><T92/><N who="0" m="31008" /><T107/><D107/><RYUUKYOKU ba="1,1" sc="232,0,618,0,190,0,0,0" owari="232,-17.0,628,58.0,190,-41.0,0,0.0" /></mjloggm>