<mjloggm ver="2.3"><GO type="169" lobby="0"/><UN n0="%E5%BD%A9%E4%BA%AC" n1="%E3%81%9F%E3%81%8B%E3%81%A3%E3%81%A6%E3%81%83%E3%83%BC" n2="%E9%96%A2%E3%82%B1%E5%8E%9F" n3="%E3%81%8D%E3%81%BF%E3%81%A9%E3%82%8A%E3%82%93" dan="17,17,16,17" rate="2202.39,2224.12,2169.87,2160.62" sx="M,F,M,F"/><TAIKYOKU oya="0"/><INIT seed="0,0,0,1,2,25" ten="250,250,250,250" oya="0" hai0="96,91,64,38,15,7,3,69,37,9,132,116,127" hai1="107,18,10,55,102,52,66,131,74,130,14,13,0" hai2="114,106,12,99,70,26,113,125,78,112,8,39,34" hai3="82,59,19,1,32,111,48,2,89,40,20,108,5"/><T79/><D116/><U97/><E74/><V4/><F39/><W28/><G40/><T92/><D132/><U71/><E0/><V36/><F36/><W122/><G48/><T129/><D129/><N who="1" m="49163" /><E14/><V81/><F70/><W109/><G59/><T72/><D127/><U124/><E124/><V119/><F125/><W100/><G100/><T98/><D72/><U35/><E35/><V21/><F34/><W121/><G89/><T88/><D79/><U46/><E46/><V11/><F11/><N who="3" m="2479" /><G82/><T105/><D15/><U133/><E133/><V22/><F119/><W95/><G95/><T45/><D45/><U76/><E76/><V30/><F21/><W118/><G118/><T6/><D6/><U115/><E115/><V53/><F53/><W110/><G2/><T49/><D49/><U90/><E90/><V54/><F54/><W27/><G111/><T128/><D91/><U87/><E87/><V101/><REACH who="2" step="1"/><F112/><REACH who="2" ten="250,250,240,250" step="2"/><W83/><G83/><T42/><D38/><U86/><E86/><AGARI ba="0,1" hai="4,8,12,22,26,30,78,81,86,99,101,106,113,114" machi="86" ten="30,7700,0" yaku="1,1,2,1,7,1,52,1,53,0" doraHai="25" doraHaiUra="85" who="2" fromWho="1" sc="250,0,250,-77,240,87,250,0" /><INIT seed="1,0,0,1,3,18" ten="250,173,327,250" oya="1" hai0="8,97,21,24,103,70,15,28,40,31,32,19,34" hai1="92,96,10,33,110,113,100,61,5,51,46,72,60" hai2="95,22,12,45,30,76,29,71,0,78,47,85,62" hai3="79,41,122,99,130,16,77,54,125,49,88,117,68"/><U48/><E113/><V26/><F0/><W86/><G122/><T105/><D70/><U13/><E33/><V67/><F30/><W63/><G130/><T93/><D31/><U133/><E72/><V2/><F2/><W56/><G125/><T126/><D126/><U106/><E133/><V1/><F1/><W114/><G114/><T135/><D135/><U7/><E110/><V20/><F95/><W121/><G121/><T128/><D128/><U131/><E131/><V84/><F84/><W4/><G4/><T39/><REACH who="0" step="1"/><D105/><REACH who="0" ten="240,173,327,250" step="2"/><U25/><E106/><V43/><F29/><W89/><G68/><T112/><D112/><U3/><E25/><V129/><F26/><W65/><G117/><T37/><D37/><U6/><E51/><V36/><F129/><W58/><G41/><T73/><D73/><U75/><E75/><V38/><F38/><W90/><G99/><T69/><D69/><U81/><E3/><V132/><F132/><W98/><G98/><T91/><D91/><U102/><E102/><V107/><F107/><W23/><G86/><T127/><D127/><U17/><REACH who="1" step="1"/><E81/><REACH who="1" ten="240,163,327,250" step="2"/><V134/><F134/><W11/><REACH who="3" step="1"/><G11/><REACH who="3" ten="240,163,327,240" step="2"/><T52/><D52/><AGARI ba="0,3" hai="5,6,7,10,13,17,46,48,52,60,61,92,96,100" machi="52" ten="40,12000,1" yaku="1,1,2,1,8,1,54,1,53,0" doraHai="18" doraHaiUra="123" who="1" fromWho="0" sc="240,-120,163,150,327,0,240,0" /><INIT seed="1,1,0,4,1,103" ten="120,313,327,240" oya="1" hai0="98,73,63,72,31,132,92,102,64,20,129,4,14" hai1="37,104,58,62,80,53,54,133,9,0,38,41,49" hai2="65,78,97,108,96,134,32,88,42,12,67,77,94" hai3="124,113,30,119,57,44,127,17,106,89,34,111,68"/><U7/><E133/><V35/><F134/><W56/><G113/><T114/><D132/><U6/><E104/><V75/><F42/><W21/><G111/><T70/><D114/><U128/><E128/><V28/><F108/><W59/><G68/><T22/><D129/><U60/><E7/><V51/><F51/><W10/><G10/><T117/><D117/><U50/><E80/><V83/><F77/><W122/><G122/><T25/><D20/><U3/><E3/><V85/><F75/><W112/><G44/><T29/><D29/><U82/><E82/><V86/><F35/><W40/><G40/><T107/><REACH who="0" step="1"/><D92/><REACH who="0" ten="110,313,327,240" step="2"/><U11/><E11/><AGARI ba="1,1" hai="4,11,14,22,25,31,63,64,70,72,73,98,102,107" machi="11" ten="40,5200,0" yaku="1,1,2,1,52,1,53,0" doraHai="103" doraHaiUra="74" who="0" fromWho="1" sc="110,65,313,-55,327,0,240,0" /><INIT seed="2,0,0,2,3,24" ten="175,258,327,240" oya="2" hai0="9,30,129,133,87,90,108,130,58,123,68,41,1" hai1="71,12,34,49,3,17,112,77,97,37,27,31,80" hai2="53,10,117,65,57,6,88,28,64,113,56,4,33" hai3="78,14,79,19,84,47,16,125,115,20,35,42,94"/><V23/><F33/><W0/><G125/><T75/><D123/><U40/><E112/><V22/><F117/><W43/><G115/><T66/><D75/><U103/><E71/><V67/><F113/><W11/><G35/><T134/><D68/><U102/><E3/><V85/><F56/><W51/><G43/><T104/><D104/><U95/><E37/><V59/><F59/><W96/><G0/><T128/><D41/><U114/><E114/><V73/><F73/><W69/><G69/><T91/><D108/><U110/><E110/><V99/><F99/><W54/><G54/><T82/><D91/><U135/><E135/><N who="0" m="51721" /><D1/><U124/><E124/><V93/><F10/><W131/><G131/><T111/><D9/><U48/><E103/><V81/><F81/><W32/><G84/><T89/><D89/><U122/><E40/><V109/><F109/><W26/><REACH who="3" step="1"/><G32/><REACH who="3" ten="175,258,327,230" step="2"/><T72/><D111/><U107/><E122/><V120/><F120/><W15/><G15/><T132/><D132/><U76/><E107/><V100/><F53/><W7/><G7/><T106/><D106/><U121/><E121/><V25/><F4/><W46/><G46/><T118/><D118/><U29/><E12/><V21/><F6/><W5/><G5/><T8/><D72/><U36/><E34/><V92/><F57/><W74/><G74/><T45/><D45/><U18/><E36/><V52/><F52/><W39/><G39/><T98/><D130/><U38/><E38/><V70/><F70/><W83/><G83/><T60/><D129/><U2/><E80/><V119/><F119/><RYUUKYOKU ba="0,1" sc="175,-15,258,-15,327,15,230,15" hai2="21,22,23,25,28,64,65,67,85,88,92,93,100" hai3="11,14,16,19,20,26,42,47,51,78,79,94,96" /><INIT seed="2,1,1,5,4,55" ten="160,243,342,245" oya="2" hai0="10,50,8,40,5,83,25,16,38,125,54,119,122" hai1="127,82,61,53,133,106,105,79,114,11,13,43,7" hai2="39,92,110,94,108,60,129,97,112,29,26,95,12" hai3="81,63,76,56,71,123,132,134,9,104,23,77,72"/><V90/><F39/><W99/><G123/><T1/><D122/><U28/><E114/><V33/><F112/><W109/><G109/><N who="2" m="42089" /><F129/><W31/><G77/><T78/><D125/><U2/><E127/><V101/><F12/><W27/><G71/><T96/><D119/><U36/><E133/><N who="3" m="51306" /><G9/><T65/><D65/><U117/><E117/><V70/><F90/><W17/><G104/><T69/><D96/><U88/><E13/><V58/><F70/><W93/><G17/><T6/><D69/><U135/><E135/><V126/><F126/><W32/><G32/><T124/><D124/><U87/><E28/><V130/><F130/><W52/><G93/><T68/><D68/><U20/><E106/><V118/><F118/><W4/><G4/><T49/><D6/><U113/><E105/><V18/><F18/><W85/><G99/><T24/><D10/><U116/><E116/><V100/><F97/><W120/><G120/><T57/><D16/><U19/><E113/><V46/><F46/><W84/><AGARI ba="1,1" hai="23,27,31,52,56,63,72,76,81,84,85" m="51306" machi="84" ten="30,4000,0" yaku="20,1,52,1,54,1" doraHai="55" who="3" fromWho="3" sc="160,-11,243,-11,342,-21,245,53" /><INIT seed="3,0,0,3,2,15" ten="149,232,321,298" oya="3" hai0="120,10,95,4,128,57,61,113,109,84,7,60,133" hai1="30,93,72,98,47,20,42,124,118,131,40,103,22" hai2="53,127,35,101,33,0,117,50,44,130,67,114,49" hai3="21,115,104,65,18,71,31,86,100,96,32,108,14"/><W43/><G115/><T13/><D120/><U83/><E131/><V80/><F114/><W122/><G122/><T58/><D128/><U121/><E121/><V107/><F0/><W81/><G108/><T70/><D109/><U91/><E124/><V39/><F117/><W119/><G119/><T36/><D36/><U125/><E125/><V24/><F39/><W78/><G43/><T5/><D133/><U48/><E118/><V8/><F127/><W75/><G31/><T94/><D70/><U116/><E116/><V97/><F67/><W69/><G32/><T38/><D38/><U11/><E40/><V45/><F130/><W132/><G132/><T29/><D29/><U74/><E11/><V99/><F8/><W79/><G79/><T59/><D113/><U126/><E126/><V129/><F129/><W112/><G112/><T102/><D95/><U123/><E123/><V77/><F97/><W92/><G65/><T111/><D111/><U110/><E110/><V64/><F64/><W87/><G86/><T12/><D12/><U134/><E134/><V2/><F2/><W23/><G21/><T105/><D105/><U55/><E42/><V41/><F24/><W85/><G85/><AGARI ba="0,0" hai="33,35,41,44,45,49,50,53,77,80,85,99,101,107" machi="85" ten="30,1000,0" yaku="7,1" doraHai="15" who="2" fromWho="3" sc="149,0,232,0,321,10,298,-10" /><INIT seed="4,0,0,2,5,112" ten="149,232,331,288" oya="0" hai0="93,129,108,99,9,74,135,25,31,109,82,49,111" hai1="34,4,33,113,131,103,11,57,116,59,47,133,95" hai2="21,46,38,36,3,45,39,48,85,54,18,121,60" hai3="5,53,71,30,37,65,2,24,62,128,69,58,91"/><T56/><D129/><U29/><E131/><V77/><F3/><W40/><G128/><T64/><D135/><U122/><E122/><V27/><F121/><W84/><G2/><T44/><D9/><U83/><E133/><V76/><F60/><W50/><G5/><T7/><D7/><U35/><E29/><V72/><F72/><W92/><G37/><T63/><D74/><U10/><E116/><V1/><F1/><W26/><G26/><T101/><D82/><U98/><E113/><V73/><F73/><W75/><G40/><T102/><D102/><U32/><N who="1" m="8192" /><DORA hai="97" /><U68/><E68/><V120/><F120/><W134/><G75/><T12/><D12/><U55/><E83/><V117/><F117/><W106/><G106/><T15/><D15/><U81/><E81/><V124/><F85/><W17/><G17/><T16/><D16/><U104/><E104/><V87/><F87/><W51/><G51/><T8/><D8/><U105/><E105/><V20/><F20/><W70/><G134/><T67/><D67/><U66/><E4/><V22/><F22/><AGARI ba="0,0" hai="22,24,30,50,53,58,62,65,69,70,71,84,91,92" machi="22" ten="30,1000,0" yaku="7,1" doraHai="112,97" who="3" fromWho="2" sc="149,0,232,0,331,-10,288,10" /><INIT seed="5,0,0,3,4,90" ten="149,232,321,298" oya="1" hai0="19,92,94,118,20,107,32,5,77,50,127,48,116" hai1="62,84,3,81,53,23,14,125,6,83,24,7,26" hai2="126,28,123,4,108,8,85,97,66,133,72,121,87" hai3="31,131,10,96,34,99,101,117,112,64,68,17,93"/><U18/><E125/><V42/><F126/><W27/><G112/><T103/><D32/><U47/><E83/><V49/><F72/><W113/><G113/><T38/><D127/><U74/><E74/><V22/><F108/><W69/><G131/><T78/><D5/><N who="1" m="1547" /><E3/><V80/><F66/><W106/><G117/><T105/><D20/><U128/><E128/><V37/><F37/><W76/><G76/><T98/><D19/><U21/><E21/><V114/><F114/><W130/><G130/><T119/><D38/><U134/><E134/><V55/><F42/><W65/><G65/><T25/><D25/><U40/><E40/><V2/><F133/><W88/><G64/><T91/><D107/><U0/><E0/><V135/><F135/><W12/><AGARI ba="0,0" hai="10,12,17,27,31,34,68,69,88,93,96,99,101,106" machi="12" ten="30,4000,0" yaku="0,1,52,1,54,1" doraHai="90" who="3" fromWho="3" sc="149,-10,232,-20,321,-10,298,40" /><INIT seed="6,0,0,1,2,128" ten="139,212,311,338" oya="2" hai0="4,31,130,48,33,10,80,116,2,49,95,88,57" hai1="9,24,93,81,64,70,38,18,22,27,66,75,15" hai2="125,121,110,82,21,53,71,11,122,62,96,13,36" hai3="17,39,115,47,101,72,132,43,127,87,109,0,59"/><V58/><F36/><W107/><G127/><T12/><D116/><U51/><E38/><V113/><F125/><W73/><G132/><T69/><D69/><U99/><E70/><V68/><F121/><W124/><G0/><T90/><D130/><U97/><E27/><V74/><F122/><W28/><G109/><T78/><D2/><U46/><E81/><V119/><F119/><W41/><G41/><T84/><D90/><N who="1" m="55479" /><E99/><V6/><F110/><W54/><G28/><T45/><D33/><U100/><E100/><V94/><F113/><W60/><G115/><T120/><D31/><N who="1" m="17815" /><E75/><V131/><F131/><W34/><G34/><T55/><D120/><U98/><E98/><V30/><F30/><W25/><G101/><T1/><D1/><U92/><E92/><V117/><F117/><W42/><G107/><T106/><D106/><U89/><E89/><V79/><REACH who="2" step="1"/><F21/><REACH who="2" ten="139,212,301,338" step="2"/><W61/><G124/><T23/><D23/><U112/><E112/><V19/><F19/><W44/><G17/><T129/><D129/><U3/><E3/><V126/><F126/><W20/><G20/><T32/><D32/><U52/><AGARI ba="0,1" hai="9,15,18,46,51,52,64,66" m="17815,55479" machi="52" ten="30,2000,0" yaku="8,1,54,1" doraHai="128" who="1" fromWho="1" sc="139,-5,212,30,301,-10,338,-5" /><INIT seed="7,0,0,1,3,57" ten="134,242,291,333" oya="3" hai0="22,93,85,133,67,36,16,130,113,40,37,78,56" hai1="31,66,121,90,2,28,11,62,104,95,77,49,46" hai2="125,10,101,82,30,14,33,103,131,83,120,17,47" hai3="42,3,119,24,96,21,15,94,129,87,69,39,106"/><W68/><G119/><T38/><D130/><U132/><E104/><V58/><F131/><W5/><G106/><T35/><D35/><U53/><E121/><V88/><F120/><W124/><G3/><T98/><D133/><U4/><E77/><V48/><F125/><W89/><G124/><T25/><D113/><U52/><E53/><V51/><F30/><W59/><G39/><T79/><D40/><U65/><E65/><V34/><F34/><W91/><G42/><T9/><D9/><U99/><REACH who="1" step="1"/><E132/><REACH who="1" ten="134,232,291,333" step="2"/><V75/><F75/><W54/><G129/><T128/><D128/><U86/><E86/><V92/><F33/><W108/><G87/><T63/><REACH who="0" step="1"/><D85/><REACH who="0" ten="124,232,291,333" step="2"/><U6/><E6/><V114/><F114/><W0/><G108/><T73/><D73/><U109/><E109/><V112/><F112/><W44/><G96/><T1/><D1/><U43/><E43/><V126/><F126/><W107/><G0/><T97/><D97/><U123/><E123/><V115/><F115/><W102/><G5/><T76/><D76/><U55/><E55/><V111/><F111/><W29/><G54/><T8/><D8/><U20/><E20/><V70/><F10/><W64/><G21/><T32/><D32/><U80/><E80/><V27/><F82/><W71/><G64/><T105/><D105/><U23/><E23/><V61/><F83/><W135/><G107/><T110/><D110/><U19/><E19/><V7/><F17/><W100/><G135/><T41/><D41/><U45/><E45/><V13/><F7/><W50/><G44/><T18/><D18/><RYUUKYOKU ba="0,2" sc="124,15,232,15,291,-15,333,-15" hai0="16,22,25,36,37,38,56,63,67,78,79,93,98" hai1="2,4,11,28,31,46,49,52,62,66,90,95,99" owari="139,-36.0,247,-15.0,276,8.0,338,43.0" /></mjloggm>