<mjloggm ver="2.3"><GO type="169" lobby="0"/><UN n0="%E2%80%A0%E7%99%BD%E5%85%8E%E2%80%A0" n1="%E4%BE%8D" n2="%E3%81%9F%E3%81%A3%E3%81%B4%E3%83%BC" n3="%45%75%6D%65%6E%65%73" dan="16,18,16,17" rate="2159.50,2239.68,2148.71,2190.84" sx="M,M,M,M"/><TAIKYOKU oya="0"/><INIT seed="0,0,0,5,2,106" ten="250,250,250,250" oya="0" hai0="132,44,51,103,6,56,128,34,46,18,2,4,52" hai1="121,87,57,32,76,74,86,31,96,72,29,54,11" hai2="55,108,113,95,110,38,107,5,99,36,92,98,105" hai3="39,126,7,81,41,9,49,14,79,78,66,85,120"/><T61/><D128/><U35/><E76/><V97/><F55/><W16/><G126/><T20/><D132/><U127/><E11/><V119/><F5/><W30/><G120/><T77/><D34/><U59/><E96/><V91/><F91/><W12/><G30/><T115/><D115/><U0/><E54/><V117/><REACH who="2" step="1"/><F98/><REACH who="2" ten="250,250,240,250" step="2"/><W124/><G124/><T133/><D133/><U65/><E127/><V70/><F70/><W102/><G66/><T129/><D129/><U116/><E65/><V114/><AGARI ba="0,1" hai="36,38,92,95,97,99,105,107,108,110,113,114,117,119" machi="114" ten="25,6400,0" yaku="1,1,0,1,22,2,53,0" doraHai="106" doraHaiUra="23" who="2" fromWho="2" sc="250,-32,250,-16,240,74,250,-16" /><INIT seed="1,0,0,5,3,10" ten="218,234,314,234" oya="1" hai0="1,55,2,76,31,107,9,95,106,40,102,80,68" hai1="43,131,44,56,60,35,52,74,8,24,94,134,45" hai2="69,112,20,90,42,16,17,81,61,116,98,86,32" hai3="15,97,63,113,3,75,14,119,104,33,25,49,57"/><U30/><E134/><V12/><F32/><W28/><G113/><T19/><D68/><U54/><E131/><V6/><F116/><W78/><G3/><T53/><D31/><U108/><E108/><V129/><F129/><W11/><G119/><T96/><D40/><U122/><E122/><V0/><F0/><W46/><G11/><T85/><D2/><U105/><E105/><V91/><F6/><W72/><G104/><T127/><D127/><U124/><E124/><V7/><F7/><W83/><G97/><T82/><D107/><U18/><E74/><V34/><F42/><W39/><G72/><T21/><D106/><U22/><E8/><V126/><F34/><W48/><G39/><T133/><D133/><U13/><E94/><N who="2" m="56663" /><F17/><W50/><REACH who="3" step="1"/><G46/><REACH who="3" ten="218,234,314,224" step="2"/><T130/><D130/><U59/><REACH who="1" step="1"/><E43/><REACH who="1" ten="218,224,314,224" step="2"/><V93/><F126/><W128/><G128/><T79/><D1/><U114/><E114/><V67/><F112/><W125/><G125/><T100/><D9/><U29/><E29/><V37/><F37/><W87/><G87/><T66/><D85/><U5/><E5/><V77/><F86/><W135/><G135/><T65/><D19/><U38/><E38/><V118/><F118/><W51/><N who="3" m="12800" /><DORA hai="117" /><W58/><G58/><T123/><D95/><U88/><E88/><V99/><F77/><W84/><G84/><T36/><D36/><U23/><E23/><V132/><F132/><W121/><G121/><T120/><D21/><U47/><E47/><V26/><F81/><W92/><G92/><T89/><D89/><U110/><E110/><V70/><F70/><RYUUKYOKU ba="0,2" sc="218,0,224,0,314,0,224,0" hai0="53,55,65,66,76,79,80,82,96,100,102,120,123" hai1="13,18,22,24,30,35,44,45,52,54,56,59,60" hai2="12,16,20,26,61,67,69,91,93,99" hai3="14,15,25,28,33,57,63,75,78,83" /><INIT seed="1,1,2,5,1,38" ten="218,224,314,224" oya="1" hai0="122,113,0,1,4,27,106,82,30,46,131,71,134" hai1="72,119,133,108,114,62,65,61,22,76,126,60,118" hai2="67,19,47,48,104,70,88,63,83,100,26,37,2" hai3="109,35,112,6,11,12,89,17,68,124,29,24,53"/><U59/><E72/><V25/><F2/><W16/><G68/><T73/><D113/><U116/><E76/><V94/><F37/><W5/><G109/><T125/><D71/><U23/><E114/><V58/><F70/><W84/><G124/><T91/><D106/><U105/><E105/><V14/><F83/><W8/><G112/><T50/><D125/><U117/><E126/><V85/><F100/><W31/><G53/><T111/><D111/><U18/><E108/><V20/><REACH who="2" step="1"/><F104/><REACH who="2" ten="218,224,304,224" step="2"/><W15/><REACH who="3" step="1"/><G31/><REACH who="3" ten="218,224,304,214" step="2"/><T52/><D30/><U92/><E119/><V3/><F3/><W95/><AGARI ba="1,4" hai="5,6,8,11,12,15,16,17,24,29,35,84,89,95" machi="95" ten="20,12000,2" yaku="1,1,2,1,0,1,7,1,9,1,54,1,53,0" doraHai="38" doraHaiUra="93" who="3" fromWho="3" sc="218,-31,224,-61,304,-31,214,163" /><INIT seed="2,0,0,3,2,24" ten="187,163,273,377" oya="2" hai0="70,95,53,84,16,108,45,81,78,87,36,129,125" hai1="3,116,82,19,96,35,106,120,7,55,60,77,50" hai2="0,97,62,130,48,132,110,75,10,14,12,107,91" hai3="103,90,118,33,100,102,99,121,15,54,22,52,39"/><V126/><F75/><W127/><G121/><T133/><D108/><U41/><E116/><V71/><F110/><W92/><G127/><T17/><D125/><U9/><E120/><V85/><F126/><W47/><G118/><T56/><D70/><U23/><E35/><V124/><F48/><W122/><G33/><T61/><D133/><U74/><E60/><V29/><F130/><W5/><G122/><T20/><D129/><U88/><E41/><V31/><F124/><W49/><G39/><T89/><D36/><U128/><E128/><V8/><F0/><W28/><G5/><T117/><D117/><U80/><E106/><V68/><F85/><W86/><G54/><T34/><D34/><U93/><E77/><V111/><F91/><W76/><G76/><T119/><D119/><U104/><E104/><V109/><F107/><W113/><G113/><T115/><D115/><U51/><E74/><V27/><F62/><W1/><G1/><T26/><REACH who="0" step="1"/><D45/><REACH who="0" ten="177,163,273,377" step="2"/><U59/><REACH who="1" step="1"/><E51/><REACH who="1" ten="177,153,273,377" step="2"/><V135/><REACH who="2" step="1"/><F97/><REACH who="2" ten="177,153,263,377" step="2"/><W64/><G99/><T123/><D123/><U32/><E32/><V69/><F69/><W114/><G114/><T25/><D25/><AGARI ba="0,3" hai="3,7,9,19,23,25,50,55,59,80,82,88,93,96" machi="25" ten="30,3900,0" yaku="1,1,7,1,54,1,53,0" doraHai="24" doraHaiUra="73" who="1" fromWho="0" sc="177,-39,153,69,263,0,377,0" /><AGARI ba="0,0" hai="8,10,12,14,25,27,29,31,68,71,109,111,132,135" machi="25" ten="25,12000,1" yaku="1,1,22,2,52,2,53,0" doraHai="24" doraHaiUra="73" who="2" fromWho="0" sc="138,-120,222,0,263,120,377,0" /><INIT seed="2,1,0,4,3,56" ten="18,222,383,377" oya="2" hai0="91,12,81,37,3,121,22,58,133,120,60,48,107" hai1="116,125,108,42,114,45,130,110,41,0,102,105,9" hai2="10,79,132,129,38,66,104,47,67,51,78,27,71" hai3="52,112,68,103,18,39,25,95,97,64,8,69,50"/><V70/><F104/><W53/><G39/><T118/><D37/><U17/><E114/><V31/><F132/><W33/><G112/><T134/><D3/><U34/><E116/><V61/><F38/><W24/><G33/><T117/><D107/><U57/><E34/><V28/><F129/><W15/><G53/><N who="0" m="33871" /><D81/><U115/><E115/><V63/><F10/><W7/><G7/><T29/><D91/><U122/><E130/><V101/><F101/><W106/><G106/><T82/><D82/><U4/><E122/><N who="0" m="47209" /><D12/><U54/><E45/><V62/><F27/><W88/><G103/><T1/><D1/><U124/><E17/><V32/><F32/><W59/><REACH who="3" step="1"/><G69/><REACH who="3" ten="18,222,383,367" step="2"/><N who="2" m="26121" /><F47/><W131/><G131/><T19/><D29/><N who="2" m="11338" /><F51/><W92/><G92/><T16/><D48/><N who="1" m="30919" /><E102/><V76/><AGARI ba="1,1" hai="61,62,63,66,67,76,78,79" m="11338,26121" machi="76" ten="40,12000,1" yaku="28,2,52,3" doraHai="56" who="2" fromWho="2" sc="18,-41,222,-41,383,133,367,-41" owari="-23,-52.0,181,-22.0,516,61.0,326,13.0" /></mjloggm>