<mjloggm ver="2.3"><GO type="169" lobby="0"/><UN n0="%E3%81%88%E3%81%8C%E3%82%8F%E3%82%8A%E3%81%8A" n1="%52%45%49%4E%E6%A3%AE%E4%B9%85%E4%BF%9D%50" n2="%E9%95%B7%E5%B2%A1" n3="%E5%BD%97%E6%98%9F%E5%85%A5%E3%83%92%E3%82%B3" dan="16,16,17,16" rate="2073.69,2150.41,2178.81,2129.79" sx="M,M,M,M"/><TAIKYOKU oya="0"/><INIT seed="0,0,0,3,4,75" ten="250,250,250,250" oya="0" hai0="9,72,38,87,126,115,3,91,118,43,135,51,79" hai1="52,119,111,95,35,128,13,73,36,88,108,71,39" hai2="133,81,82,102,26,120,46,58,106,25,40,21,125" hai3="101,84,33,123,130,48,29,6,53,66,131,32,24"/><T0/><D115/><U100/><E71/><V60/><F120/><W94/><G123/><T77/><D118/><U62/><E73/><V107/><F125/><W76/><G66/><T22/><D38/><U96/><E35/><V69/><F133/><W68/><G68/><T109/><D72/><U12/><E128/><V117/><F69/><W127/><G127/><T99/><D126/><U114/><E114/><V50/><F117/><W19/><G6/><T49/><D135/><U41/><E119/><V113/><F26/><W20/><G101/><T110/><D22/><U63/><E63/><V116/><F116/><W85/><G33/><T5/><D99/><U23/><E41/><V132/><F132/><W97/><G97/><T44/><D49/><U86/><E39/><V55/><F113/><W27/><G94/><T54/><D43/><U83/><E36/><V17/><REACH who="2" step="1"/><F102/><REACH who="2" ten="250,250,240,250" step="2"/><W18/><G131/><T28/><D28/><U65/><E65/><V45/><F45/><W59/><G130/><T105/><D0/><U8/><E108/><N who="0" m="41577" /><D105/><AGARI ba="0,1" hai="17,21,25,40,46,50,55,58,60,81,82,105,106,107" machi="105" ten="40,2600,0" yaku="1,1,53,1" doraHai="75" doraHaiUra="16" who="2" fromWho="0" sc="250,-26,250,0,240,36,250,0" /><INIT seed="1,0,0,3,2,90" ten="224,250,276,250" oya="1" hai0="8,24,120,44,105,73,32,46,102,94,92,83,76" hai1="68,20,6,58,26,59,37,125,13,28,108,3,121" hai2="74,123,110,62,93,17,98,15,19,81,103,109,119" hai3="54,9,95,85,11,51,101,64,87,129,4,97,113"/><U135/><E37/><V117/><F62/><W27/><G113/><T82/><D120/><U14/><E68/><V100/><F19/><W86/><G129/><T99/><D82/><U34/><E121/><V116/><F123/><W52/><G64/><T1/><D32/><U78/><E125/><V61/><F61/><W47/><G27/><T29/><D29/><U69/><E69/><V134/><F134/><W60/><G4/><T40/><D24/><U25/><E78/><N who="2" m="44247" /><F15/><N who="1" m="5641" /><E59/><AGARI ba="0,0" hai="9,11,47,51,52,54,59,60,85,86,87,95,97,101" machi="59" ten="40,5200,0" yaku="8,1,52,1,54,1" doraHai="90" who="3" fromWho="1" sc="224,0,250,-52,276,0,250,52" /><INIT seed="2,0,0,4,5,42" ten="224,198,276,302" oya="2" hai0="130,15,55,11,108,63,53,32,8,93,28,26,86" hai1="21,41,10,131,77,110,121,116,19,104,62,40,0" hai2="70,58,79,61,82,65,111,92,66,107,94,73,14" hai3="125,9,43,13,103,51,2,106,44,78,89,85,122"/><V74/><F107/><W7/><G122/><T126/><D108/><U4/><E116/><V6/><F111/><W109/><G109/><T27/><D130/><U90/><E110/><V120/><F120/><W22/><G125/><T39/><D126/><U119/><E119/><V24/><F73/><W100/><G100/><T3/><BYE who="3" /><D39/><U97/><E131/><V67/><F24/><W38/><G38/><T1/><D63/><U64/><E77/><V91/><F70/><W129/><G129/><T99/><D26/><U71/><E121/><V114/><F114/><W75/><G75/><T35/><D32/><U80/><E104/><UN n3="%E5%BD%97%E6%98%9F%E5%85%A5%E3%83%92%E3%82%B3" /><V16/><F6/><W102/><G106/><T5/><D86/><U17/><E17/><V29/><F29/><W117/><G78/><T47/><D47/><U20/><E20/><V45/><F45/><W83/><G117/><T69/><D69/><U34/><E34/><V48/><F48/><W30/><G2/><T12/><D3/><U49/><E49/><V81/><F81/><W87/><G87/><T18/><REACH who="0" step="1"/><D1/><REACH who="0" ten="214,198,276,302" step="2"/><U127/><E127/><V128/><F128/><W113/><G113/><T37/><D37/><U50/><E50/><V135/><F135/><W84/><G85/><T25/><D25/><AGARI ba="0,1" hai="7,9,13,22,25,30,43,44,51,83,84,89,102,103" machi="25" ten="40,2600,0" yaku="8,1,52,1" doraHai="42" who="3" fromWho="0" sc="214,-26,198,0,276,0,302,36" /><INIT seed="3,0,0,4,3,85" ten="188,198,276,338" oya="3" hai0="125,97,78,32,93,14,79,69,121,102,71,19,25" hai1="83,28,4,76,109,8,43,10,34,12,58,1,135" hai2="123,65,63,118,35,80,75,7,22,26,62,73,46" hai3="105,119,91,74,45,6,49,51,110,95,42,61,20"/><W72/><G119/><T47/><D121/><U50/><E109/><V18/><F118/><W17/><G105/><T86/><D86/><BYE who="0" /><U124/><E135/><V44/><F123/><W134/><G110/><T70/><D70/><U37/><E124/><V82/><F7/><W132/><G6/><T104/><D104/><U15/><E28/><UN n0="%E3%81%88%E3%81%8C%E3%82%8F%E3%82%8A%E3%81%8A" /><V120/><F120/><W9/><G9/><T67/><D125/><U57/><E34/><V52/><F35/><W77/><G51/><T87/><D47/><U133/><E133/><N who="3" m="51306" /><G61/><T5/><D5/><U90/><E37/><V59/><F73/><W113/><G77/><T27/><D78/><U96/><E1/><V101/><F101/><W40/><G40/><T111/><D111/><U106/><E106/><V122/><F122/><W11/><G11/><T56/><D71/><U130/><E130/><V60/><F75/><W84/><G113/><T107/><D69/><U68/><E68/><V114/><F114/><W38/><G38/><T13/><D32/><U100/><E100/><V127/><F127/><W66/><G66/><T112/><D112/><U116/><E116/><V31/><F31/><W81/><G81/><N who="2" m="31337" /><F65/><W99/><G84/><T41/><D79/><U30/><E10/><V117/><F117/><W23/><G23/><T98/><D41/><U24/><E76/><V115/><F115/><W94/><G94/><T3/><D107/><U2/><E8/><V0/><F0/><W16/><G17/><T48/><D19/><U88/><E2/><V54/><F63/><W92/><G92/><T126/><D3/><U64/><E4/><RYUUKYOKU ba="0,0" sc="188,-15,198,-15,276,15,338,15" hai2="18,22,26,44,46,52,54,59,60,62" hai3="16,20,42,45,49,72,74,91,95,99" /><INIT seed="3,1,0,0,0,1" ten="173,183,291,353" oya="3" hai0="39,123,117,32,124,102,90,86,107,12,40,55,42" hai1="45,125,122,65,109,115,77,70,56,134,108,128,19" hai2="18,126,88,6,129,35,75,5,26,23,104,3,120" hai3="60,101,84,87,112,36,83,25,57,58,4,24,73"/><W116/><G112/><T94/><D117/><U78/><E115/><V81/><F104/><W50/><G116/><T49/><D123/><U15/><E122/><V68/><F120/><W30/><G36/><T46/><D124/><U135/><E70/><V127/><F68/><W111/><G111/><N who="1" m="42570" /><E45/><V121/><F121/><W51/><G101/><T91/><D32/><U92/><E125/><N who="2" m="47627" /><F129/><W8/><G73/><T96/><D91/><U100/><E128/><V64/><F64/><W52/><G30/><T118/><D118/><U7/><E56/><V34/><F3/><W113/><G113/><T98/><D98/><N who="1" m="59463" /><E65/><V33/><F88/><N who="3" m="51231" /><G87/><T132/><D132/><N who="1" m="50731" /><E7/><V9/><F9/><AGARI ba="1,0" hai="9,15,19,77,78" m="50731,59463,42570" machi="9" ten="30,2000,0" yaku="14,1,20,1" doraHai="1" who="1" fromWho="2" sc="173,0,183,23,291,-23,353,0" /><INIT seed="4,0,0,1,0,90" ten="173,206,268,353" oya="0" hai0="98,47,95,116,6,130,87,101,28,119,83,84,82" hai1="61,16,12,125,63,99,26,103,54,30,36,126,66" hai2="102,37,118,79,19,73,38,128,80,20,29,34,8" hai3="120,78,7,135,69,121,33,5,129,89,111,100,97"/><T124/><D28/><U41/><E41/><V39/><F128/><W13/><G111/><T42/><D130/><U81/><E36/><V122/><F122/><N who="3" m="47211" /><G129/><T105/><D124/><N who="1" m="47723" /><E81/><V104/><F118/><W23/><G33/><T49/><D105/><N who="1" m="63743" /><E54/><V75/><F8/><W133/><G69/><T86/><REACH who="0" step="1"/><D6/><REACH who="0" ten="163,206,268,353" step="2"/><U68/><E68/><V114/><F29/><W51/><G5/><T112/><D112/><U77/><E66/><V2/><F114/><W43/><G7/><T44/><D44/><U106/><E106/><V48/><F104/><W21/><G135/><T115/><D115/><U25/><E30/><V110/><F110/><W14/><G133/><T134/><D134/><U46/><E46/><V132/><F132/><W60/><G23/><T74/><D74/><U9/><E77/><V117/><F34/><W70/><G78/><T40/><D40/><U4/><E4/><V32/><F32/><W56/><G43/><T113/><D113/><U94/><E26/><V35/><F35/><W3/><G70/><T123/><D123/><U64/><E25/><V24/><F24/><W131/><G21/><T53/><D53/><U107/><E107/><V55/><F73/><W71/><G71/><T67/><D67/><U11/><E64/><V57/><F20/><W58/><G131/><T0/><D0/><U109/><E9/><V93/><F2/><W22/><G22/><T92/><D92/><U59/><E109/><V65/><F65/><N who="3" m="39047" /><G3/><T18/><D18/><U108/><E108/><V27/><F19/><W15/><G15/><T88/><D88/><U10/><E10/><RYUUKYOKU ba="0,1" sc="163,30,206,-10,268,-10,353,-10" hai0="42,47,49,82,83,84,86,87,95,98,101,116,119" /><INIT seed="4,1,1,3,4,8" ten="193,196,258,343" oya="0" hai0="115,81,9,31,19,10,58,79,89,120,55,54,70" hai1="117,131,42,17,15,4,38,30,14,121,114,69,20" hai2="119,65,112,3,48,66,16,24,105,102,94,84,13" hai3="116,50,0,67,27,124,7,62,82,123,87,44,57"/><T95/><D120/><U107/><E69/><V18/><F3/><W45/><G116/><T93/><D115/><U83/><E107/><V101/><F112/><W32/><G123/><T85/><D70/><U132/><E117/><V74/><F74/><W35/><G124/><T133/><D133/><U23/><E121/><V5/><F105/><W56/><G0/><T41/><D41/><U68/><E68/><V39/><F39/><W51/><G7/><T77/><D31/><U125/><E114/><V127/><F127/><W22/><G35/><T110/><D110/><U108/><E108/><V76/><F5/><W53/><G32/><T25/><D93/><U122/><E125/><V60/><F48/><W86/><G82/><T33/><D77/><U64/><E122/><V97/><F102/><W75/><G75/><T129/><D129/><U36/><E64/><V40/><F40/><N who="3" m="24839" /><G45/><T90/><D90/><U109/><E109/><V61/><F119/><W98/><G98/><N who="0" m="57711" /><D33/><U43/><E131/><V118/><F118/><W88/><G88/><T12/><D25/><N who="1" m="16703" /><E36/><V126/><F126/><W134/><G134/><T113/><D113/><U106/><E106/><V91/><F76/><W128/><G128/><T96/><D96/><U28/><E28/><AGARI ba="1,1" hai="22,27,28,51,53,56,57,62,67,86,87" m="24839" machi="28" ten="30,1000,0" yaku="8,1" doraHai="8" who="3" fromWho="1" sc="193,0,196,-13,258,0,343,23" /><INIT seed="5,0,0,1,1,9" ten="193,183,258,366" oya="1" hai0="88,83,81,29,35,63,36,78,34,104,67,39,91" hai1="20,16,43,32,106,1,114,49,133,101,69,116,33" hai2="118,99,122,40,42,130,5,65,45,77,76,26,12" hai3="82,111,135,128,100,110,71,3,73,55,27,11,94"/><U85/><E69/><V93/><F122/><W108/><G71/><T74/><D104/><U10/><E116/><V57/><F130/><W38/><G128/><T6/><D6/><U113/><E133/><V17/><F26/><W119/><G135/><T95/><D83/><U97/><E85/><V105/><F5/><W28/><G119/><T68/><D91/><U64/><E10/><V84/><F105/><W134/><G134/><T86/><REACH who="0" step="1"/><D29/><REACH who="0" ten="183,183,258,366" step="2"/><U22/><E1/><V61/><F118/><W124/><G82/><T72/><D72/><U47/><E22/><N who="2" m="11559" /><F84/><W123/><G73/><T75/><D75/><U13/><REACH who="1" step="1"/><E64/><REACH who="1" ten="183,173,258,366" step="2"/><V50/><F77/><W90/><G111/><T80/><D80/><U37/><E37/><AGARI ba="0,2" hai="34,35,36,37,39,63,67,68,74,78,81,86,88,95" machi="37" ten="40,5200,0" yaku="1,1,54,1,53,1" doraHai="9" doraHaiUra="107" who="0" fromWho="1" sc="183,72,173,-52,258,0,366,0" /><INIT seed="6,0,0,2,1,47" ten="255,121,258,366" oya="2" hai0="27,131,6,52,11,102,97,55,45,43,21,46,80" hai1="130,17,67,99,76,129,34,10,126,8,70,86,38" hai2="112,115,111,90,64,96,5,49,132,12,116,40,41" hai3="134,83,32,95,105,0,122,14,127,109,20,1,125"/><V110/><F5/><W26/><G122/><T7/><D131/><U118/><E38/><V77/><F77/><W54/><G105/><T29/><D80/><U24/><E118/><V28/><F28/><W119/><G119/><T79/><D79/><U44/><E126/><N who="3" m="48138" /><G134/><T3/><D6/><U57/><E70/><V135/><F12/><W42/><G42/><N who="2" m="16489" /><F116/><W31/><G109/><N who="2" m="41481" /><F64/><W91/><G83/><T71/><D46/><U75/><E67/><V37/><F37/><W61/><G14/><T92/><D71/><U19/><E44/><V16/><F16/><W93/><G20/><T85/><D85/><U100/><E76/><V117/><F117/><W78/><G78/><T59/><D59/><U30/><E86/><V2/><F2/><N who="3" m="1131" /><G91/><T108/><D108/><U121/><E75/><V58/><F90/><W13/><G13/><T35/><D35/><U120/><E57/><AGARI ba="0,0" hai="26,31,32,54,57,61,93,95" m="1131,48138" machi="57" ten="30,1000,0" yaku="18,1" doraHai="47" who="3" fromWho="1" sc="255,0,121,-10,258,0,366,10" /><INIT seed="7,0,0,4,4,18" ten="255,111,258,376" oya="3" hai0="98,57,47,67,71,59,20,21,124,102,65,133,116" hai1="80,15,64,92,1,91,110,114,79,126,26,75,48" hai2="33,97,99,132,56,44,30,38,96,131,13,112,104" hai3="60,2,88,119,35,0,52,46,36,66,101,34,54"/><W51/><G119/><T85/><D116/><U45/><E1/><V95/><F104/><W63/><G101/><T120/><D120/><U69/><E110/><V7/><F95/><W87/><G36/><T3/><D3/><U31/><E114/><V89/><F112/><W73/><G73/><T118/><D118/><U108/><E126/><V4/><F89/><W72/><G72/><T68/><D124/><U17/><E108/><V43/><F131/><W134/><G134/><T11/><D11/><U81/><E69/><V127/><F127/><W5/><G0/><T61/><D47/><U27/><E64/><V50/><F13/><W23/><G2/><T121/><D121/><U128/><E128/><V109/><F109/><W62/><G5/><N who="2" m="2121" /><F38/><W39/><G39/><T9/><D9/><U129/><E129/><V25/><F132/><W58/><G35/><T90/><D68/><U10/><E31/><V107/><F107/><W100/><G100/><T70/><D70/><U130/><E92/><V111/><F111/><W16/><G34/><T29/><D29/><U76/><E130/><V74/><F74/><W84/><G66/><T105/><D133/><U28/><E28/><V83/><F83/><N who="3" m="49183" /><G87/><T106/><D105/><U77/><E75/><V82/><F82/><W40/><G40/><T14/><D14/><U135/><E80/><V19/><F33/><W12/><AGARI ba="0,0" hai="12,16,23,46,51,52,54,58,60,62,63" m="49183" machi="12" ten="30,12000,1" yaku="8,1,52,1,54,3" doraHai="18" who="3" fromWho="3" sc="255,-40,111,-40,258,-40,376,120" owari="215,-18.0,71,-43.0,218,2.0,496,59.0" /></mjloggm>