<mjloggm ver="2.3"><GO type="185" lobby="0"/><UN n0="%6D%75%63%68" n1="%E3%81%82%E3%81%9F%E3%82%89%E3%81%AA%E3%81%84%E3%81%A7%EF%BC%81" n2="%54%61%6B%61%52%6F%6E" n3="" dan="16,16,17,0" rate="2068.93,2148.09,2196.03,1500.00" sx="M,M,M,C"/><TAIKYOKU oya="0"/><INIT seed="0,0,0,5,4,3" ten="350,350,350,0" oya="0" hai0="42,130,123,125,70,118,129,39,62,109,95,76,116" hai1="102,131,0,64,97,68,112,101,65,2,34,96,105" hai2="46,79,55,108,98,67,111,73,72,134,135,113,106" hai3=""/><T61/><N who="0" m="31520" /><T114/><D76/><U85/><E131/><N who="0" m="50185" /><D114/><U66/><E112/><V36/><F113/><T44/><D95/><U133/><E133/><N who="2" m="50699" /><F67/><T110/><D125/><U52/><E68/><V128/><F128/><T90/><D90/><U38/><E38/><V40/><F55/><T91/><D91/><U1/><E85/><V32/><F79/><T107/><D107/><U53/><E34/><V93/><F32/><T45/><D45/><U89/><E89/><V49/><F36/><T83/><D83/><U94/><AGARI ba="0,0" hai="0,1,2,52,53,64,65,66,94,96,97,101,102,105" machi="94" ten="40,2000,0" yaku="0,1,54,1" doraHai="3" who="1" fromWho="1" sc="350,-13,350,20,350,-7,0,0" /><INIT seed="1,0,0,2,2,91" ten="337,370,343,0" oya="1" hai0="73,39,84,65,72,47,130,71,88,48,134,56,92" hai1="132,101,126,68,115,2,122,60,128,118,1,61,90" hai2="103,54,80,105,131,37,111,99,87,102,106,114,64" hai3=""/><U96/><N who="1" m="31264" /><U66/><E118/><V76/><F37/><T125/><D130/><U69/><E115/><V57/><F114/><T45/><D125/><U52/><E128/><V51/><F131/><T117/><D134/><U41/><E132/><V94/><F111/><T43/><D117/><U67/><E126/><V98/><REACH who="2" step="1"/><F64/><REACH who="2" ten="337,370,333,0" step="2"/><T85/><D71/><U78/><E1/><V44/><F44/><T119/><D119/><U120/><E2/><V59/><F59/><T36/><D65/><U124/><E124/><V83/><F83/><T46/><D56/><U40/><E67/><V100/><F100/><T123/><N who="0" m="31520" /><T107/><D39/><U133/><E66/><V38/><F38/><T109/><D109/><U70/><E133/><V93/><AGARI ba="0,1" hai="51,54,57,76,80,87,93,94,98,99,102,103,105,106" machi="93" ten="20,9000,2" yaku="1,1,0,1,7,1,9,1,52,2,53,0" doraHai="91" doraHaiUra="129" who="2" fromWho="2" sc="337,-30,370,-60,333,100,0,0" /><INIT seed="2,0,0,3,3,91" ten="307,310,433,0" oya="2" hai0="83,99,106,82,103,89,132,94,40,36,135,44,86" hai1="78,124,84,121,60,120,134,88,62,114,0,52,97" hai2="56,131,43,77,65,110,58,105,118,87,42,46,115" hai3=""/><V3/><F3/><T117/><REACH who="0" step="1"/><D117/><REACH who="0" ten="297,310,433,0" step="2"/><U80/><E0/><V61/><F118/><T75/><D75/><U37/><E114/><V72/><F115/><T1/><D1/><U128/><E128/><V38/><F72/><T45/><D45/><U104/><E124/><V107/><F131/><T92/><D92/><U47/><E134/><AGARI ba="0,1" hai="36,40,44,82,83,86,89,94,99,103,106,132,134,135" machi="134" ten="40,8000,1" yaku="21,2,20,1,52,1,53,1" doraHai="91" doraHaiUra="81" who="0" fromWho="1" sc="297,90,310,-80,433,0,0,0" /><INIT seed="4,0,0,5,1,105" ten="387,230,433,0" oya="0" hai0="72,62,86,56,75,73,94,64,96,133,50,85,117" hai1="111,33,116,55,41,92,107,113,103,102,2,88,3" hai2="42,126,106,57,100,104,130,46,68,37,45,90,77" hai3=""/><T40/><D117/><U61/><E116/><V34/><F68/><T128/><D133/><U54/><E111/><V74/><F34/><T112/><D128/><U52/><E33/><V98/><F130/><T80/><D112/><U87/><E113/><V49/><F126/><T120/><N who="0" m="30752" /><T135/><D135/><U97/><E103/><V81/><F57/><T110/><D110/><U119/><E119/><V47/><F106/><T127/><D127/><U63/><REACH who="1" step="1"/><E41/><REACH who="1" ten="387,220,433,0" step="2"/><V118/><F118/><T131/><D131/><U115/><E115/><V38/><F42/><T79/><D40/><U76/><E76/><V108/><F108/><T53/><D79/><U83/><E83/><V122/><N who="2" m="31264" /><V39/><F90/><T69/><REACH who="0" step="1"/><D80/><REACH who="0" ten="377,220,433,0" step="2"/><U1/><AGARI ba="0,2" hai="1,2,3,52,54,55,61,63,87,88,92,97,102,107" machi="1" ten="40,6000,1" yaku="1,1,0,1,54,2,53,1" doraHai="105" doraHaiUra="82" who="1" fromWho="1" sc="377,-40,220,80,433,-20,0,0" /><INIT seed="5,0,0,3,2,42" ten="337,300,413,0" oya="1" hai0="60,55,51,109,127,110,115,129,70,56,50,103,82" hai1="121,107,134,68,43,38,114,59,53,84,106,126,117" hai2="71,86,118,65,73,48,41,77,52,112,62,131,40" hai3=""/><U111/><RYUUKYOKU type="yao9" ba="0,0" sc="337,0,300,0,413,0,0,0" hai1="38,43,53,59,68,84,106,107,111,114,117,121,126,134" /><INIT seed="5,1,0,4,3,64" ten="337,300,413,0" oya="1" hai0="115,113,87,130,114,1,134,78,41,3,95,105,42" hai1="128,112,0,85,77,56,99,60,127,73,79,35,52" hai2="38,45,107,44,90,76,126,103,34,48,98,61,102" hai3=""/><U91/><E0/><N who="0" m="73" /><D105/><U133/><E35/><V70/><F103/><T96/><D130/><U84/><E128/><V49/><F38/><T55/><D55/><U109/><E109/><V110/><F110/><T81/><D134/><U106/><E133/><V89/><F76/><T71/><D71/><U121/><N who="1" m="31008" /><U116/><E116/><V108/><F34/><T135/><D135/><U2/><E2/><V123/><N who="2" m="31520" /><V43/><F108/><T118/><D118/><U65/><E73/><V120/><N who="2" m="30752" /><V122/><N who="2" m="31264" /><V74/><F74/><T32/><D32/><U69/><E85/><V119/><F119/><T117/><D117/><U86/><E84/><V59/><F70/><T37/><D37/><U67/><E67/><V40/><REACH who="2" step="1"/><F126/><REACH who="2" ten="337,300,403,0" step="2"/><T93/><D78/><U75/><E75/><V104/><F104/><T129/><D129/><U57/><E127/><V125/><F125/><T82/><D114/><U54/><E112/><V111/><F111/><T131/><D131/><U83/><E77/><V124/><F124/><T100/><D113/><U62/><E79/><V97/><F97/><T46/><D115/><U72/><E72/><V50/><F50/><T51/><D51/><U132/><E132/><V80/><F80/><RYUUKYOKU ba="1,1" sc="337,-10,300,-10,403,20,0,0" hai2="40,43,44,45,48,49,59,61,89,90,98,102,107" /><INIT seed="6,2,1,1,0,74" ten="327,290,423,0" oya="2" hai0="131,78,107,108,121,64,36,67,120,130,129,32,43" hai1="35,48,123,37,72,92,119,45,46,51,106,104,97" hai2="110,58,128,1,102,73,68,91,52,87,54,39,80" hai3=""/><V76/><F1/><T95/><N who="0" m="30752" /><T82/><N who="0" m="31008" /><T88/><D107/><U62/><N who="1" m="31520" /><U57/><E72/><V94/><F68/><T86/><D108/><U103/><E35/><V81/><F39/><T127/><D127/><U99/><E119/><V114/><F128/><T42/><D32/><U0/><E0/><V75/><F114/><T56/><D56/><U83/><E83/><V105/><F110/><T70/><D70/><U84/><E84/><V79/><F58/><T2/><D2/><U96/><E37/><V77/><F77/><T59/><D59/><U55/><E104/><V53/><F102/><T41/><D36/><U44/><E106/><AGARI ba="2,1" hai="52,53,54,73,75,76,79,80,81,87,91,94,105,106" machi="106" ten="40,12000,1" yaku="9,1,52,2,54,1" doraHai="74" who="2" fromWho="1" sc="327,0,290,-124,423,134,0,0" owari="327,-7.0,166,-43.0,557,50.0,0,0.0" /></mjloggm>