<mjloggm ver="2.3"><GO type="185" lobby="0"/><UN n0="%68%69%72%6F%6E%6E%32%30" n1="%44%75%73%6B" n2="%E9%95%B7%E5%85%89%E9%BA%BB%E5%A4%9C" n3="" dan="17,16,16,0" rate="2247.74,2146.62,2224.09,1500.00" sx="M,M,M,C"/><TAIKYOKU oya="0"/><INIT seed="0,0,0,5,5,90" ten="350,350,350,0" oya="0" hai0="86,122,48,105,91,58,51,1,115,121,84,49,85" hai1="62,123,95,110,55,75,113,98,71,126,52,124,70" hai2="40,135,104,119,46,42,37,118,67,83,97,100,88" hai3=""/><T73/><N who="0" m="31008" /><T66/><N who="0" m="31264" /><T107/><D1/><U76/><N who="1" m="31520" /><U53/><E110/><V87/><F135/><T77/><D115/><U120/><N who="1" m="30752" /><U35/><E35/><V82/><F42/><T117/><D117/><U134/><E134/><V111/><F111/><T60/><REACH who="0" step="1"/><D91/><REACH who="0" ten="340,350,350,0" step="2"/><U59/><E113/><V132/><F132/><T56/><D56/><U32/><E32/><V89/><F67/><T2/><D2/><U81/><E70/><V129/><F129/><T57/><D57/><U78/><E71/><V3/><F3/><T50/><N who="0" m="12288" /><DORA hai="74" /><T65/><D65/><U63/><E59/><V93/><F89/><T103/><D103/><U79/><E62/><V109/><F109/><T44/><D44/><U112/><E63/><V96/><F118/><T80/><AGARI ba="0,1" hai="58,60,66,73,77,80,84,85,86,105,107" m="12288,31264,31008" machi="80" ten="50,8000,1" yaku="1,1,0,1,52,3,53,0" doraHai="90,74" doraHaiUra="39,133" who="0" fromWho="0" sc="340,90,350,-40,350,-40,0,0" /><INIT seed="0,1,0,5,1,123" ten="430,310,310,0" oya="0" hai0="94,116,68,121,69,62,60,85,63,38,98,71,33" hai1="133,3,2,88,115,118,72,135,91,86,36,125,90" hai2="130,34,100,47,124,76,99,44,41,73,110,93,50" hai3=""/><T107/><N who="0" m="31008" /><T104/><D116/><U79/><E118/><V77/><F34/><T109/><D33/><U40/><E125/><V65/><F124/><T32/><D38/><U83/><E115/><V102/><F130/><T97/><D32/><U81/><E36/><V80/><F77/><T64/><D64/><U132/><E40/><V129/><F129/><T82/><D109/><U103/><E3/><V0/><F0/><T96/><D94/><U57/><E57/><V49/><F110/><T61/><N who="0" m="15360" /><DORA hai="48" /><T53/><D53/><U117/><E2/><V67/><REACH who="2" step="1"/><F102/><REACH who="2" ten="430,310,300,0" step="2"/><T127/><D127/><U58/><E117/><V75/><F75/><T112/><D112/><U128/><E128/><V92/><F92/><T46/><D46/><U84/><E103/><V55/><AGARI ba="1,1" hai="41,44,47,49,50,55,65,67,73,76,80,93,99,100" machi="55" ten="20,3900,0" yaku="1,1,0,1,7,1,52,1,53,0" doraHai="123,48" doraHaiUra="114,108" who="2" fromWho="2" sc="430,-27,310,-14,300,51,0,0" /><INIT seed="1,0,0,1,2,119" ten="403,296,351,0" oya="1" hai0="72,122,90,113,100,127,36,98,55,61,81,128,0" hai1="47,105,34,32,117,129,67,65,59,43,1,108,110" hai2="107,40,125,130,56,84,79,120,76,85,92,44,118" hai3=""/><U35/><E117/><V135/><N who="2" m="30752" /><V58/><F118/><T63/><N who="0" m="31264" /><T89/><D113/><U121/><N who="1" m="31008" /><U82/><E1/><V132/><F107/><T94/><D36/><U124/><E105/><V68/><F68/><T116/><D116/><U48/><E129/><V102/><F130/><T54/><D0/><U53/><E82/><V86/><F125/><T111/><D111/><N who="1" m="42539" /><E124/><V95/><F102/><T80/><D72/><U123/><N who="1" m="31520" /><U78/><E78/><N who="2" m="29739" /><F92/><T69/><D69/><U73/><E73/><V103/><F103/><T62/><D128/><U101/><E101/><V114/><F95/><T96/><D127/><U134/><E134/><N who="2" m="51243" /><F114/><T33/><D33/><N who="1" m="8451" /><U52/><DORA hai="112" /><E53/><N who="0" m="19977" /><D98/><U2/><E2/><V104/><F104/><T126/><D126/><U93/><E93/><V75/><F75/><T49/><D100/><U109/><N who="1" m="42547" /><U106/><DORA hai="41" /><E106/><V71/><F71/><T97/><D94/><U77/><E77/><V46/><F86/><T64/><D97/><U38/><AGARI ba="0,0" hai="38,43,47,48,52,59,65,67" m="8451,31520,42547,31008" machi="38" ten="60,16000,3" yaku="14,1,10,1,52,5,54,1" doraHai="119,112,41" who="1" fromWho="1" sc="403,-80,296,160,351,-80,0,0" /><INIT seed="1,1,0,1,4,55" ten="323,456,271,0" oya="1" hai0="87,105,134,104,98,40,68,62,129,121,74,43,128" hai1="83,73,50,91,70,32,64,72,94,109,77,107,75" hai2="99,57,48,130,133,38,67,86,34,95,96,46,65" hai3=""/><U37/><E37/><V90/><F34/><T122/><N who="0" m="31008" /><T69/><N who="0" m="31264" /><T61/><D134/><U41/><E32/><V79/><F133/><T100/><D87/><U1/><E1/><V131/><F38/><T101/><REACH who="0" step="1"/><D98/><REACH who="0" ten="313,456,271,0" step="2"/><U2/><E2/><V51/><F99/><T117/><D117/><U60/><E109/><V103/><F130/><T116/><D116/><U35/><E35/><V78/><F131/><T110/><D110/><U112/><E112/><V63/><F67/><T102/><D102/><U115/><E115/><V92/><REACH who="2" step="1"/><F51/><REACH who="2" ten="313,456,261,0" step="2"/><T53/><D53/><AGARI ba="1,2" hai="46,48,53,57,63,65,78,79,86,90,92,95,96,103" machi="53" ten="30,12000,2" yaku="1,1,2,1,7,1,8,1,52,1,53,1" doraHai="55" doraHaiUra="47" who="2" fromWho="0" sc="313,-122,456,0,261,142,0,0" /><INIT seed="2,0,0,4,1,41" ten="191,456,403,0" oya="2" hai0="112,117,56,85,35,49,134,55,69,77,105,32,125" hai1="124,110,107,97,96,133,99,48,2,76,57,89,3" hai2="64,95,115,44,75,83,53,103,109,131,50,100,58" hai3=""/><V80/><F115/><T61/><D117/><U63/><E110/><V127/><F127/><T52/><D105/><U130/><E130/><V38/><F109/><T51/><D125/><U104/><E124/><V68/><F131/><T39/><D134/><U86/><E133/><V36/><F36/><T65/><D112/><U116/><E116/><V33/><F33/><T72/><D72/><U106/><E76/><V43/><F75/><T45/><D77/><U81/><REACH who="1" step="1"/><E48/><REACH who="1" ten="191,446,403,0" step="2"/><V84/><F100/><T129/><D129/><U122/><N who="1" m="31264" /><U98/><N who="1" m="24576" /><DORA hai="62" /><U71/><E71/><V135/><F103/><T0/><D0/><U88/><E88/><V111/><F135/><T47/><D39/><U73/><E73/><V78/><F111/><T46/><REACH who="0" step="1"/><D85/><REACH who="0" ten="181,446,403,0" step="2"/><U92/><E92/><V59/><F95/><T60/><D60/><U87/><E87/><V74/><F74/><T70/><D70/><U91/><E91/><V128/><F128/><T114/><D114/><U79/><E79/><V54/><F78/><T118/><D118/><U102/><E102/><V40/><F84/><T108/><D108/><U123/><N who="1" m="31520" /><U126/><E126/><V113/><F113/><T93/><D93/><U42/><E42/><V67/><F43/><RYUUKYOKU ba="0,2" sc="181,10,446,10,403,-20,0,0" hai0="32,35,45,46,47,49,51,52,55,56,61,65,69" hai1="2,3,57,63,81,86,89,104,106,107" /><INIT seed="4,1,2,1,0,126" ten="191,456,383,0" oya="0" hai0="108,55,1,127,70,34,60,66,125,119,3,80,123" hai1="47,42,128,130,107,38,72,73,92,61,52,78,48" hai2="90,57,45,37,77,124,74,101,36,100,113,41,59" hai3=""/><T110/><N who="0" m="31520" /><T54/><D34/><U49/><E107/><V63/><F124/><N who="0" m="47690" /><D80/><U85/><E61/><V46/><F113/><T69/><D69/><U133/><E133/><V82/><F90/><T56/><D119/><U112/><E112/><V135/><F135/><T97/><D97/><U91/><E38/><V71/><F71/><T2/><D70/><U84/><E85/><V86/><F74/><T122/><N who="0" m="31264" /><T43/><D43/><U120/><N who="1" m="30752" /><U121/><N who="1" m="31008" /><U129/><E78/><V76/><F76/><T134/><D134/><U40/><E40/><V83/><F77/><T0/><N who="0" m="0" /><DORA hai="102" /><T87/><D87/><U95/><E95/><V115/><F41/><T93/><D93/><U88/><E91/><V50/><F115/><T104/><D104/><U44/><AGARI ba="1,2" hai="42,44,47,48,49,52,72,73,84,88,92,128,129,130" m="31008,30752" machi="44" ten="40,12000,3" yaku="0,1,19,1,52,5,54,2" doraHai="126,102" who="1" fromWho="1" sc="191,-81,456,142,383,-41,0,0" /><INIT seed="5,0,0,5,0,93" ten="110,598,342,0" oya="1" hai0="58,82,33,135,110,108,72,0,55,36,122,64,41" hai1="73,2,117,92,60,102,45,89,32,115,69,129,103" hai2="113,78,38,106,107,47,74,130,101,90,40,124,96" hai3=""/><U83/><E117/><V34/><F34/><T49/><N who="0" m="31264" /><T109/><D0/><U39/><E115/><V53/><F113/><T128/><D33/><U118/><E118/><V105/><F130/><T35/><D35/><U120/><N who="1" m="30752" /><U112/><E129/><V86/><F124/><T97/><D128/><U44/><E112/><V114/><F114/><T61/><D72/><U98/><E2/><V91/><F91/><T125/><D82/><U123/><N who="1" m="31520" /><U121/><N who="1" m="31008" /><U62/><E32/><V94/><F53/><T111/><D97/><U42/><E45/><V99/><F99/><T70/><N who="0" m="27648" /><DORA hai="133" /><T54/><D135/><U50/><E39/><V43/><F43/><T1/><D1/><U100/><E69/><V63/><F63/><T3/><D55/><U80/><E73/><V132/><F132/><T134/><D134/><U37/><E37/><V57/><F57/><T65/><D3/><U119/><E119/><V81/><AGARI ba="0,0" hai="38,40,47,74,78,81,86,90,94,96,101,105,106,107" machi="81" ten="30,5900,0" yaku="0,1,24,2,52,1" doraHai="93,133" who="2" fromWho="2" sc="110,-20,598,-39,342,59,0,0" /><INIT seed="6,0,0,0,2,84" ten="90,559,401,0" oya="2" hai0="2,87,89,121,105,120,52,59,129,63,46,44,70" hai1="47,77,104,68,57,34,113,61,42,65,102,1,35" hai2="69,81,93,45,83,3,131,71,94,0,133,74,128" hai3=""/><V112/><F133/><T101/><N who="0" m="30752" /><T53/><N who="0" m="31008" /><T37/><D2/><U58/><E1/><V80/><F74/><T124/><D124/><U56/><E77/><V135/><F135/><T95/><D129/><N who="2" m="49738" /><F112/><T86/><D70/><N who="2" m="26634" /><F45/><T126/><D126/><U41/><E113/><V115/><F115/><T79/><D37/><U36/><REACH who="1" step="1"/><E42/><REACH who="1" ten="90,549,401,0" step="2"/><V51/><F51/><T118/><D52/><U117/><E117/><V62/><F62/><T109/><D89/><U116/><E116/><V123/><N who="2" m="31520" /><V64/><F64/><T130/><D87/><U114/><E114/><V66/><F66/><T108/><D95/><AGARI ba="0,1" hai="0,3,80,81,83,93,94,95" m="31520,26634,49738" machi="95" ten="40,12000,1" yaku="28,2,19,1,52,1" doraHai="84" who="2" fromWho="0" sc="90,-120,549,0,401,130,0,0" owari="-30,-63.0,549,50.0,531,13.0,0,0.0" /></mjloggm>