<mjloggm ver="2.3"><GO type="169" lobby="0"/><UN n0="%E6%B3%A2%E7%91%A0" n1="%E9%9B%80%E8%8D%98%E4%B8%AD%E5%B7%9D" n2="%E3%83%8E%E3%82%AA%E3%83%81%E3%83%A3%E3%83%99%E3%82%B9" n3="%E8%83%83%E3%81%A8%E8%85%B8" dan="16,17,16,18" rate="2158.30,2186.02,2076.51,2226.55" sx="F,M,M,M"/><TAIKYOKU oya="0"/><INIT seed="0,0,0,2,3,37" ten="250,250,250,250" oya="0" hai0="106,28,62,86,87,58,80,46,2,116,134,51,85" hai1="119,7,68,72,35,63,67,77,96,43,5,57,135" hai2="115,90,118,47,74,21,16,54,100,93,89,10,107" hai3="105,12,44,25,48,41,97,102,92,11,23,111,49"/><T52/><D2/><U127/><E119/><V0/><F74/><W128/><G111/><T76/><D106/><U75/><E35/><V108/><F108/><W22/><G128/><T26/><D116/><U99/><E135/><V73/><F73/><W6/><G105/><T132/><D132/><U83/><E75/><V24/><F118/><W39/><REACH who="3" step="1"/><G22/><REACH who="3" ten="250,250,250,240" step="2"/><T124/><D124/><U64/><E127/><V70/><F107/><W56/><G56/><T103/><D134/><U53/><E57/><V82/><F70/><W32/><G32/><T27/><D103/><U50/><E68/><V3/><F115/><W60/><G60/><T20/><REACH who="0" step="1"/><D27/><REACH who="0" ten="240,250,250,240" step="2"/><U29/><E63/><V114/><F100/><W110/><G110/><T17/><D17/><AGARI ba="0,2" hai="6,11,12,17,23,25,39,41,44,48,49,92,97,102" machi="17" ten="30,7700,0" yaku="1,1,7,1,52,1,53,1" doraHai="37" doraHaiUra="69" who="3" fromWho="0" sc="240,-77,250,0,250,0,240,97" /><INIT seed="1,0,0,4,3,42" ten="163,250,250,337" oya="1" hai0="56,34,114,18,106,32,33,57,132,46,116,105,19" hai1="70,44,86,31,126,103,100,85,117,109,74,23,67" hai2="112,38,115,50,111,102,101,3,94,129,0,43,87" hai3="127,62,30,41,81,71,99,135,22,96,92,37,13"/><U60/><E117/><V90/><F38/><W47/><G127/><T2/><D2/><U104/><E74/><V6/><F111/><W77/><G135/><T82/><D132/><U25/><E126/><V84/><F129/><W98/><G71/><T21/><D116/><U118/><E118/><V61/><F61/><W55/><G62/><T10/><D114/><N who="2" m="43562" /><F84/><W9/><G55/><T11/><D82/><U121/><E121/><V45/><F6/><W95/><G22/><T76/><D76/><U93/><E109/><V52/><F43/><W110/><G30/><T79/><D79/><U124/><E124/><V131/><F131/><W128/><G128/><T66/><D66/><U78/><E104/><V54/><F54/><W48/><G37/><T53/><D53/><U1/><E1/><AGARI ba="0,0" hai="0,1,3,45,50,52,87,90,94,101,102" m="43562" machi="1" ten="30,3900,0" yaku="11,1,52,1,54,1" doraHai="42" who="2" fromWho="1" sc="163,0,250,-39,250,39,337,0" /><INIT seed="2,0,0,0,3,73" ten="163,211,289,337" oya="2" hai0="62,69,25,37,77,65,34,83,54,3,82,11,115" hai1="104,17,79,46,31,118,63,70,38,87,33,120,13" hai2="26,124,90,105,94,101,121,44,100,68,89,23,80" hai3="93,6,78,53,16,133,56,72,52,18,8,14,61"/><V48/><F68/><W111/><G111/><T57/><D37/><U96/><E118/><V12/><F105/><W40/><G133/><T85/><D115/><U102/><E120/><V135/><F135/><W22/><G40/><T123/><D123/><U20/><E38/><V9/><F124/><W113/><G113/><T126/><D126/><U112/><E46/><V30/><F121/><W45/><G93/><T59/><D69/><U0/><E0/><V4/><F80/><W122/><G122/><T129/><D129/><U116/><E112/><V117/><F117/><W131/><G131/><T66/><D66/><U114/><E114/><V21/><F23/><W60/><G72/><T106/><D106/><U84/><E116/><V107/><F107/><W49/><G60/><T2/><D11/><U67/><REACH who="1" step="1"/><E79/><REACH who="1" ten="163,201,289,337" step="2"/><V39/><F39/><W51/><G78/><T125/><D125/><U64/><E64/><V92/><F92/><W128/><G128/><T127/><D127/><U10/><E10/><V99/><REACH who="2" step="1"/><F89/><REACH who="2" ten="163,201,279,337" step="2"/><W88/><G88/><T27/><D83/><U32/><E32/><V15/><F15/><W50/><REACH who="3" step="1"/><G18/><REACH who="3" ten="163,201,279,327" step="2"/><T97/><D77/><U108/><E108/><V130/><F130/><W36/><G36/><T91/><D91/><U119/><E119/><V81/><F81/><W76/><G76/><T43/><D82/><U58/><E58/><V24/><F24/><AGARI ba="0,3" hai="6,8,14,16,22,24,45,49,50,51,52,53,56,61" machi="24" ten="30,8000,1" yaku="1,1,7,1,8,1,54,2,53,0" doraHai="73" doraHaiUra="86" who="3" fromWho="2" sc="163,0,201,0,279,-80,327,110" /><AGARI ba="0,0" hai="13,17,20,24,31,33,63,67,70,84,87,96,102,104" machi="24" ten="40,5200,0" yaku="1,1,25,2,53,0" doraHai="73" doraHaiUra="86" who="1" fromWho="2" sc="163,0,201,52,199,-52,437,0" /><INIT seed="3,0,0,4,3,18" ten="163,253,147,437" oya="3" hai0="85,44,105,112,41,96,74,61,57,81,79,23,47" hai1="19,4,1,135,29,15,91,98,40,16,48,102,27" hai2="128,42,22,66,72,70,52,100,54,127,124,59,45" hai3="122,62,8,114,92,78,133,37,11,109,32,10,101"/><W12/><G114/><T35/><D35/><U118/><E135/><V30/><F72/><W75/><G122/><T90/><D112/><U86/><E118/><V68/><F100/><W5/><G133/><T38/><D47/><N who="1" m="25703" /><E1/><V2/><F2/><W25/><G37/><T28/><D105/><U17/><E102/><V60/><F128/><W80/><G109/><T53/><D96/><U83/><E98/><V67/><F30/><W108/><G108/><T46/><D46/><U69/><E69/><N who="2" m="26731" /><F22/><W3/><G101/><T130/><D130/><U89/><E4/><V65/><F54/><W94/><G8/><T123/><D123/><U131/><E131/><V13/><F13/><W6/><G62/><T132/><D132/><U0/><E0/><V88/><F88/><N who="1" m="33865" /><E83/><V56/><F56/><W21/><G32/><T43/><D43/><U82/><E15/><V104/><F104/><W110/><G110/><T73/><REACH who="0" step="1"/><D90/><REACH who="0" ten="153,253,147,437" step="2"/><N who="1" m="51543" /><E29/><AGARI ba="0,1" hai="3,5,6,10,11,12,21,25,29,75,78,80,92,94" machi="29" ten="30,2900,0" yaku="7,1,52,1" doraHai="18" who="3" fromWho="1" sc="153,0,253,-29,147,0,437,39" /><INIT seed="3,1,0,0,1,18" ten="153,224,147,476" oya="3" hai0="105,21,0,83,84,110,112,69,135,58,79,90,51" hai1="117,54,93,111,92,57,13,103,91,47,35,14,15" hai2="5,129,2,78,87,32,29,107,33,126,50,106,41" hai3="134,68,104,113,81,71,77,23,96,100,116,22,65"/><W122/><G113/><T75/><D0/><U53/><E35/><V60/><F60/><W101/><G116/><T76/><D69/><U108/><E117/><V97/><F129/><W4/><G122/><T72/><D105/><U12/><N who="1" m="3072" /><DORA hai="119" /><U49/><E103/><V89/><F78/><W80/><G134/><T3/><D3/><U48/><REACH who="1" step="1"/><E91/><REACH who="1" ten="153,214,147,476" step="2"/><V94/><F33/><W121/><G100/><T120/><D90/><U95/><AGARI ba="1,1" hai="47,48,49,53,54,57,92,93,95,108,111" m="3072" machi="95" ten="50,6400,0" yaku="1,1,2,1,0,1,53,0" doraHai="18,119" doraHaiUra="70,63" who="1" fromWho="1" sc="153,-17,214,77,147,-17,476,-33" /><INIT seed="4,0,0,4,3,83" ten="136,291,130,443" oya="0" hai0="82,119,84,122,118,12,8,66,90,42,91,19,78" hai1="100,120,69,131,116,57,127,14,124,51,38,111,1" hai2="76,35,92,9,87,32,15,5,56,20,101,39,121" hai3="47,123,85,102,21,64,50,97,11,130,103,62,126"/><T114/><D122/><U27/><E1/><V22/><F39/><W68/><G123/><T110/><D114/><U36/><E100/><V37/><F37/><N who="1" m="14441" /><E14/><V133/><F121/><W104/><G126/><N who="1" m="48170" /><E27/><V4/><F56/><W18/><G130/><T48/><D110/><U94/><E94/><V34/><F133/><W44/><G11/><T60/><D119/><U10/><E10/><V89/><F5/><W81/><G50/><T96/><D96/><U70/><E120/><V54/><F54/><W17/><G102/><T88/><D118/><U45/><E111/><V13/><F13/><W135/><G135/><T125/><D125/><U33/><E33/><V74/><F101/><W75/><G75/><T128/><D128/><U129/><E116/><V86/><REACH who="2" step="1"/><F74/><REACH who="2" ten="136,291,120,443" step="2"/><W29/><G103/><T53/><D42/><N who="1" m="25015" /><E57/><V49/><F49/><W30/><G44/><T93/><D93/><U23/><E131/><V65/><F65/><W106/><G64/><T28/><D28/><U55/><E129/><V98/><F98/><W2/><G97/><T67/><REACH who="0" step="1"/><D60/><REACH who="0" ten="126,291,120,443" step="2"/><U52/><E70/><V109/><F109/><W77/><G68/><T24/><D24/><U71/><E69/><V7/><F7/><W113/><G29/><T63/><D63/><U0/><E71/><V25/><F25/><W132/><G30/><T115/><D115/><U43/><E43/><V26/><F26/><W99/><G113/><T40/><D40/><U72/><E72/><V80/><AGARI ba="0,2" hai="4,9,15,20,22,32,34,35,76,80,86,87,89,92" machi="80" ten="40,12000,2" yaku="1,1,0,1,52,2,53,2" doraHai="83" doraHaiUra="16" who="2" fromWho="2" sc="126,-60,291,-30,120,140,443,-30" /><INIT seed="5,0,0,1,0,40" ten="66,261,260,413" oya="1" hai0="22,110,63,54,21,29,91,123,87,43,60,92,85" hai1="81,67,8,48,68,25,50,82,45,73,126,12,120" hai2="80,130,33,61,41,131,100,6,114,86,34,128,66" hai3="119,24,15,51,94,31,42,134,1,52,71,78,49"/><U62/><E120/><V56/><F114/><W129/><G129/><T75/><D75/><U3/><E126/><V90/><F6/><W117/><G1/><T70/><D110/><U26/><E3/><V4/><F4/><W77/><G71/><T133/><D133/><U2/><E2/><V99/><REACH who="2" step="1"/><F41/><REACH who="2" ten="66,261,250,413" step="2"/><W79/><G42/><T118/><D123/><U57/><E68/><V18/><F18/><W132/><G132/><T39/><D118/><U96/><E73/><V103/><F103/><W46/><G134/><T104/><D104/><AGARI ba="0,1" hai="33,34,56,61,66,80,86,90,99,100,104,128,130,131" machi="104" ten="40,5200,0" yaku="1,1,19,1,53,1" doraHai="40" doraHaiUra="59" who="2" fromWho="0" sc="66,-52,261,0,250,62,413,0" /><INIT seed="6,0,0,0,0,116" ten="14,261,312,413" oya="2" hai0="19,9,56,14,74,72,43,7,131,102,28,100,95" hai1="91,62,68,27,60,26,2,129,84,118,37,6,99" hai2="49,40,89,12,77,96,132,10,133,71,21,45,47" hai3="57,90,1,73,83,87,76,134,81,17,120,117,93"/><V8/><F71/><W30/><G117/><T53/><D131/><U54/><E118/><V135/><F77/><W15/><G134/><T59/><D74/><U106/><E37/><V110/><F110/><W16/><G1/><T101/><D72/><U121/><E129/><V32/><F32/><W52/><G30/><T127/><D127/><U124/><E124/><V13/><F21/><W78/><G120/><T55/><D43/><U51/><E6/><V18/><F47/><W122/><G122/><T50/><D7/><U48/><E2/><V104/><F104/><W64/><G64/><T11/><D28/><U92/><E51/><V80/><F96/><W24/><G24/><T38/><D38/><U4/><E4/><N who="2" m="3079" /><F89/><W108/><G108/><T34/><D34/><U0/><E0/><V119/><F119/><W126/><G126/><T35/><D35/><U113/><E113/><V107/><F107/><W61/><G15/><T42/><D42/><U39/><E39/><V31/><F80/><W103/><G103/><T22/><REACH who="0" step="1"/><D95/><REACH who="0" ten="4,261,312,413" step="2"/><U97/><E92/><V85/><F31/><W130/><G130/><T114/><D114/><U65/><E106/><V94/><F94/><W46/><G46/><T125/><D125/><U44/><E44/><V69/><F85/><AGARI ba="0,1" hai="16,17,52,57,61,73,76,78,81,83,85,87,90,93" machi="85" ten="30,3900,0" yaku="7,1,54,2" doraHai="116" who="3" fromWho="2" sc="4,0,261,0,312,-39,413,49" /><INIT seed="7,0,0,2,5,25" ten="4,261,273,462" oya="3" hai0="51,105,60,73,130,93,112,104,12,103,36,88,49" hai1="121,11,59,5,72,90,129,83,17,30,56,68,54" hai2="107,75,100,38,35,81,52,132,87,131,92,111,91" hai3="96,127,27,0,4,85,134,48,32,97,14,94,128"/><W39/><G39/><T66/><D36/><U41/><E121/><V122/><F38/><W33/><G96/><T7/><D7/><U82/><E68/><V106/><F122/><W47/><G97/><T29/><D29/><U71/><E71/><V69/><F69/><W1/><G85/><T13/><D13/><N who="1" m="5359" /><E129/><V65/><F65/><W9/><G94/><T19/><D19/><U62/><E72/><V80/><F35/><W61/><G61/><T63/><D63/><N who="1" m="36247" /><E41/><V23/><F111/><W22/><G48/><T109/><D109/><U2/><E2/><V31/><F131/><W16/><G47/><T125/><D125/><U70/><E70/><V34/><F34/><W18/><G128/><T67/><D67/><N who="1" m="39391" /><E30/><V135/><F52/><W8/><G127/><T101/><D101/><U42/><E42/><V43/><F43/><W117/><G117/><T44/><D44/><U3/><E3/><N who="3" m="1098" /><G134/><N who="2" m="51241" /><F75/><W116/><G116/><T77/><D77/><U6/><E6/><V89/><F100/><W124/><G124/><T84/><D84/><U53/><E53/><V46/><F46/><W57/><G57/><T123/><D123/><U102/><E102/><V28/><F81/><W45/><G45/><T110/><D110/><U15/><E90/><V86/><F31/><W120/><G120/><T24/><D24/><AGARI ba="0,0" hai="23,24,28,80,86,87,89,91,92,106,107" m="51241" machi="24" ten="30,2000,0" yaku="20,1,52,1" doraHai="25" who="2" fromWho="0" sc="4,-20,261,0,273,20,462,0" owari="-16,-52.0,261,-14.0,293,9.0,462,57.0" /></mjloggm>