<mjloggm ver="2.3"><GO type="225" lobby="0"/><UN n0="%79%6A%69%72%6F" n1="%E8%A8%88%E7%AE%97%E6%A9%9F%E8%87%AA%E7%84%B6" n2="%E3%82%AB%E3%83%9C%E3%83%81%E3%83%A3%E3%82%BF%E3%83%8D" n3="%E8%A5%BF%E5%B2%A1%E8%82%B2%E6%9C%AA%E2%99%AA" dan="17,17,16,16" rate="2191.64,2285.37,2084.63,2096.43" sx="M,M,M,F"/><TAIKYOKU oya="0"/><INIT seed="0,0,0,3,1,133" ten="250,250,250,250" oya="0" hai0="43,99,18,12,3,51,106,119,49,81,127,30,102" hai1="21,130,108,93,135,112,10,61,60,64,114,101,123" hai2="0,8,7,31,41,95,32,129,131,62,11,118,16" hai3="24,109,116,47,13,67,4,98,38,57,105,83,90"/><T26/><D119/><U82/><E123/><V97/><F41/><W124/><G116/><T100/><D3/><U86/><E135/><V66/><F118/><W48/><G38/><T9/><D102/><U74/><E108/><V53/><F31/><W120/><G105/><T72/><D43/><U73/><E130/><N who="2" m="49675" /><F32/><W46/><G46/><T44/><D44/><U37/><E37/><V96/><F53/><W87/><G124/><T117/><D117/><U84/><E10/><N who="2" m="2407" /><F16/><W103/><G109/><T78/><REACH who="0" step="1"/><D127/><REACH who="0" ten="240,250,250,250" step="2"/><U45/><E45/><V39/><F39/><W35/><G47/><T52/><D52/><U58/><E101/><N who="2" m="60575" /><F97/><W2/><G98/><T54/><D54/><U68/><E114/><V23/><F23/><AGARI ba="0,1" hai="9,12,18,23,26,30,49,51,72,78,81,99,100,106" machi="23" ten="30,2900,0" yaku="1,1,7,1,53,0" doraHai="133" doraHaiUra="70" who="0" fromWho="2" sc="240,39,250,0,250,-29,250,0" /><INIT seed="0,1,0,2,3,134" ten="279,250,221,250" oya="0" hai0="102,62,128,122,56,75,52,72,119,100,41,21,26" hai1="2,25,27,111,105,92,64,44,109,49,133,18,19" hai2="57,132,13,115,0,22,135,101,129,54,71,126,77" hai3="55,1,118,116,121,78,124,53,95,6,48,83,86"/><T61/><D119/><U127/><E105/><V80/><F71/><W82/><G1/><T33/><D122/><U9/><E64/><V94/><F0/><W97/><G6/><T63/><D33/><U91/><E133/><N who="2" m="51275" /><F13/><W85/><G124/><T39/><D128/><U79/><E79/><V28/><F115/><W65/><G65/><T123/><D123/><U67/><E67/><V73/><F22/><W31/><G31/><T29/><D39/><U40/><E127/><V89/><F28/><W103/><G121/><T81/><D41/><U107/><E107/><V47/><F47/><W76/><G55/><T14/><D81/><U45/><E45/><AGARI ba="1,0" hai="45,48,53,76,78,82,83,85,86,95,97,103,116,118" machi="45" ten="30,2000,0" yaku="7,1,9,1" doraHai="134" who="3" fromWho="1" sc="279,0,250,-23,221,0,250,23" /><INIT seed="1,0,0,0,5,38" ten="279,227,221,273" oya="1" hai0="81,111,3,5,68,58,26,127,36,104,17,101,62" hai1="14,74,113,88,0,25,75,24,70,67,103,84,90" hai2="93,44,77,107,109,78,97,7,114,4,82,20,129" hai3="73,40,116,121,128,35,102,60,119,42,30,112,63"/><U91/><E0/><V56/><F107/><W83/><G112/><T55/><D111/><U120/><E113/><V66/><F114/><W132/><G128/><T69/><D127/><U41/><E120/><V31/><F109/><W72/><G102/><T71/><D36/><U65/><E103/><V9/><F129/><W16/><G121/><T115/><D115/><U11/><E84/><V117/><F117/><N who="3" m="45131" /><G83/><T98/><D81/><U94/><E94/><V57/><F9/><W89/><G16/><T64/><D5/><U122/><E122/><V61/><F57/><W54/><G54/><T110/><D3/><U22/><E24/><N who="2" m="16775" /><F44/><W134/><G89/><T6/><D6/><N who="2" m="2090" /><F82/><W133/><G30/><T118/><D110/><U85/><E85/><V86/><F86/><W23/><G23/><T27/><D118/><U18/><E74/><N who="3" m="28778" /><G35/><T92/><D104/><U99/><E75/><V49/><F49/><W123/><G123/><T96/><D96/><U51/><E99/><V34/><F34/><W87/><G87/><T76/><D98/><U1/><E1/><V47/><F47/><W37/><G37/><T135/><D101/><AGARI ba="0,0" hai="56,61,66,77,78,93,97,101" m="2090,16775" machi="101" ten="30,2000,0" yaku="25,1,8,1" doraHai="38" who="2" fromWho="0" sc="279,-20,227,0,221,20,273,0" /><INIT seed="2,0,0,5,4,71" ten="259,227,241,273" oya="2" hai0="67,37,40,28,36,61,16,25,9,43,66,86,121" hai1="130,116,2,85,0,135,6,107,42,94,127,19,101" hai2="38,14,7,113,15,30,27,133,56,12,3,21,50" hai3="117,64,44,81,41,22,103,73,68,123,34,90,4"/><V17/><F113/><W126/><G22/><T57/><D121/><U92/><E116/><V132/><F50/><W106/><G90/><T20/><D67/><U11/><E127/><V52/><F56/><W8/><G126/><T96/><D96/><U24/><E0/><V110/><F52/><W129/><G129/><T111/><D111/><U112/><E112/><V45/><F110/><W95/><G95/><T88/><D36/><U124/><E124/><V105/><F105/><W13/><G34/><T31/><D37/><U102/><E130/><V131/><F131/><W120/><G117/><T89/><D89/><U5/><E5/><V76/><F76/><W49/><G103/><T99/><D99/><U63/><E135/><N who="2" m="51787" /><F45/><N who="3" m="25775" /><G106/><T46/><D46/><U74/><E107/><V84/><F84/><W134/><G134/><T70/><D70/><U108/><E108/><V18/><F38/><W91/><G44/><T128/><D128/><U59/><E85/><V65/><F65/><W77/><G64/><T72/><D72/><U53/><E74/><V80/><F80/><W1/><G68/><T55/><D66/><U62/><E92/><V109/><F109/><W51/><G51/><T23/><D9/><AGARI ba="0,0" hai="3,7,9,12,14,15,17,18,21,27,30" m="51787" machi="9" ten="30,5800,0" yaku="20,1,34,2" doraHai="71" who="2" fromWho="0" sc="259,-58,227,0,241,58,273,0" /><INIT seed="2,1,0,1,3,116" ten="201,227,299,273" oya="2" hai0="29,93,33,43,66,61,48,77,7,82,42,69,13" hai1="4,85,133,18,37,110,131,28,112,100,27,71,84" hai2="41,51,22,127,25,121,90,102,80,44,120,135,47" hai3="105,97,65,56,108,81,118,57,39,30,12,23,62"/><V88/><F102/><W31/><G39/><T11/><D93/><U83/><E112/><V73/><F135/><W24/><G118/><T53/><D29/><U45/><E71/><V1/><F1/><W109/><G30/><T8/><D8/><U58/><E4/><V89/><F127/><W130/><G130/><T63/><D63/><U91/><E131/><V60/><F60/><W36/><G36/><T67/><D67/><U75/><E133/><V79/><REACH who="2" step="1"/><F44/><REACH who="2" ten="201,227,289,273" step="2"/><W19/><G62/><T32/><D32/><U129/><E100/><V95/><F95/><W113/><G113/><T15/><D33/><U10/><E45/><V3/><F3/><W115/><G115/><T76/><D15/><U94/><E94/><V52/><F52/><W124/><G124/><T35/><D35/><U123/><E129/><V86/><F86/><W114/><G114/><T104/><D104/><U55/><E85/><V68/><F68/><W122/><G105/><T59/><REACH who="0" step="1"/><D77/><REACH who="0" ten="191,227,289,273" step="2"/><U98/><E91/><V117/><F117/><W21/><G65/><T99/><D99/><U34/><E98/><V92/><F92/><W103/><G97/><T9/><D9/><U50/><E10/><V134/><F134/><W6/><G103/><T70/><D70/><U5/><E34/><V20/><F20/><W132/><G132/><T64/><D64/><U96/><E96/><V74/><F74/><AGARI ba="1,2" hai="7,11,13,42,43,48,53,59,61,66,69,74,76,82" machi="74" ten="30,2000,0" yaku="1,1,7,1,53,0" doraHai="116" doraHaiUra="26" who="0" fromWho="2" sc="191,43,227,0,289,-23,273,0" /><INIT seed="3,0,0,2,5,34" ten="234,227,266,273" oya="3" hai0="59,67,18,3,65,86,30,80,51,52,110,9,87" hai1="114,75,115,125,23,93,48,53,91,135,24,28,7" hai2="98,25,32,61,113,62,11,6,79,77,27,74,85" hai3="16,4,103,14,40,108,70,131,43,76,118,81,112"/><W96/><G112/><T0/><D110/><U29/><E75/><V47/><F113/><W55/><G118/><T73/><D73/><U72/><E72/><V116/><F116/><W117/><G117/><T84/><D80/><U104/><E104/><V31/><F74/><W89/><G89/><T36/><D36/><U101/><E101/><V127/><F127/><W20/><G70/><T109/><D109/><U106/><E106/><V120/><F120/><W10/><G108/><T39/><D39/><U64/><E125/><V107/><F27/><W71/><G71/><T42/><D42/><U8/><E64/><V26/><F26/><W57/><G81/><T68/><D30/><U119/><E119/><V121/><F121/><W17/><G76/><T19/><D67/><U12/><E135/><V97/><F85/><W123/><G17/><T33/><D33/><U15/><E15/><V124/><F124/><W13/><G131/><T102/><D102/><U69/><E69/><V41/><F107/><W83/><G83/><T82/><D82/><U132/><E132/><V95/><F79/><W46/><G46/><T22/><D65/><U50/><E50/><N who="2" m="26991" /><F77/><W133/><G123/><T45/><D45/><N who="1" m="27791" /><E28/><V105/><F105/><W78/><G78/><T38/><D38/><U99/><E115/><V37/><F37/><W35/><G35/><T134/><D68/><U58/><E114/><V126/><F126/><W1/><G133/><T44/><D134/><U63/><E58/><V60/><F95/><N who="3" m="58783" /><G1/><N who="0" m="587" /><D9/><U94/><E94/><V2/><F11/><N who="3" m="4327" /><G20/><T54/><D22/><U130/><E130/><RYUUKYOKU ba="0,0" sc="234,0,227,0,266,0,273,0" hai0="18,19,44,51,52,54,59,84,86,87" hai1="7,8,12,23,24,29,63,91,93,99" hai2="2,6,25,31,32,60,61,62,97,98" hai3="10,14,16,40,43,55,57" /><INIT seed="3,1,0,1,0,66" ten="234,227,266,273" oya="3" hai0="29,118,99,31,123,129,103,26,110,35,6,59,124" hai1="130,48,7,42,30,134,98,2,28,34,13,36,83" hai2="52,20,55,71,108,120,133,114,51,80,116,115,125" hai3="25,23,132,3,62,82,45,58,40,97,107,106,111"/><W33/><G3/><T39/><D118/><U18/><E134/><V93/><F116/><W86/><G33/><T57/><D123/><U24/><E130/><V72/><F133/><W32/><G32/><T19/><D39/><U117/><E117/><V77/><F120/><W91/><G97/><T131/><D31/><U50/><E30/><V102/><F108/><W16/><G111/><T38/><D110/><U67/><E67/><V79/><F125/><W81/><G82/><T11/><D38/><U75/><E98/><V68/><F77/><W53/><G132/><T121/><D19/><U78/><E36/><AGARI ba="1,0" hai="16,23,25,36,40,45,53,58,62,81,86,91,106,107" machi="36" ten="30,2900,0" yaku="7,1,54,1" doraHai="66" who="3" fromWho="1" sc="234,0,227,-32,266,0,273,32" owari="234,-17.0,195,-30.0,266,7.0,305,40.0" /></mjloggm>