<mjloggm ver="2.3"><GO type="169" lobby="0"/><UN n0="%E3%81%9F%E3%81%A3%E3%81%B4%E3%83%BC" n1="%E3%83%99%E3%82%B8%E2%80%95%E3%82%BF" n2="%EF%BC%BC%28%EF%BC%BE%6F%EF%BC%BE%29%EF%BC%8F%E2%98%85" n3="%E2%80%A0%E7%99%BD%E5%85%8E%E2%80%A0" dan="16,16,17,16" rate="2154.89,2139.25,2223.02,2155.65" sx="M,M,M,M"/><TAIKYOKU oya="0"/><INIT seed="0,0,0,4,5,47" ten="250,250,250,250" oya="0" hai0="46,60,101,69,57,126,15,84,103,79,117,33,35" hai1="32,6,63,39,11,78,107,26,42,25,55,131,50" hai2="52,70,37,27,40,82,120,67,0,100,86,74,59" hai3="99,54,12,5,89,29,81,49,134,66,14,45,20"/><T38/><D117/><U127/><E107/><V64/><F74/><W113/><G113/><T110/><D110/><U13/><E127/><V111/><F0/><W114/><G114/><T133/><D133/><U19/><E131/><V102/><F120/><W48/><G134/><T97/><D69/><U118/><E118/><V130/><F130/><W87/><G66/><T112/><D112/><U3/><E78/><V122/><F122/><W61/><G61/><T104/><D103/><U135/><E135/><V18/><F40/><N who="3" m="24615" /><G5/><T116/><D126/><U17/><E63/><V132/><F37/><W98/><G29/><T58/><D15/><N who="3" m="5673" /><G20/><T123/><D123/><U30/><E39/><V91/><F111/><W88/><G89/><T106/><D104/><U7/><E42/><V41/><F41/><W76/><G76/><T21/><D38/><U108/><E108/><V128/><F128/><W28/><G28/><T71/><D116/><U72/><E72/><V93/><F70/><W125/><G125/><T129/><D21/><U94/><E94/><V1/><F1/><W43/><G43/><T65/><D129/><U56/><E3/><V2/><F2/><W124/><G124/><T73/><D73/><U119/><E119/><V44/><F132/><W4/><G4/><T115/><D115/><U83/><E83/><V34/><F34/><W68/><G68/><T96/><D33/><U109/><E109/><V75/><F75/><W10/><G10/><T53/><D35/><U36/><E36/><V121/><F121/><W9/><G9/><T22/><D71/><U23/><AGARI ba="0,0" hai="6,7,11,13,17,19,23,25,26,30,32,50,55,56" machi="23" ten="30,4000,0" yaku="5,1,0,1,52,1" doraHai="47" who="1" fromWho="1" sc="250,-20,250,40,250,-10,250,-10" /><INIT seed="1,0,0,0,1,4" ten="230,290,240,240" oya="1" hai0="57,110,61,19,111,30,103,32,36,102,105,38,107" hai1="8,104,29,125,80,93,42,59,51,17,35,64,122" hai2="88,98,106,118,124,62,95,27,2,131,134,117,126" hai3="65,97,115,63,46,54,6,22,23,0,55,44,91"/><U108/><E104/><V25/><F2/><W28/><G115/><T116/><D116/><U14/><E122/><V1/><F1/><W127/><G127/><N who="2" m="48681" /><F134/><W20/><G28/><T71/><D71/><U74/><E125/><V90/><F131/><W81/><G46/><T12/><D30/><U112/><E112/><V67/><F106/><W73/><G73/><T92/><D32/><U66/><E108/><N who="0" m="41513" /><D107/><U89/><E35/><V70/><F90/><W43/><G6/><T130/><D105/><U84/><E29/><V119/><AGARI ba="0,0" hai="25,27,62,67,70,88,95,98,117,118,119" m="48681" machi="119" ten="40,2700,0" yaku="18,1,54,1" doraHai="4" who="2" fromWho="2" sc="230,-7,290,-13,240,27,240,-7" /><INIT seed="2,0,0,5,2,70" ten="223,277,267,233" oya="2" hai0="5,74,40,47,103,63,9,11,80,25,125,117,104" hai1="42,61,130,65,89,94,14,48,129,68,77,133,101" hai2="123,105,30,126,29,1,24,87,120,57,45,12,86" hai3="90,39,83,116,95,93,102,134,3,92,128,67,112"/><V26/><F1/><W124/><G3/><T55/><D125/><U49/><E101/><V99/><F12/><W34/><G34/><T10/><D25/><U37/><E77/><V64/><F126/><W59/><G124/><T51/><D117/><U62/><E133/><V36/><F64/><W18/><G128/><N who="1" m="49258" /><E14/><V108/><F57/><W7/><G7/><T33/><D33/><U121/><E121/><V46/><F99/><W96/><G112/><T38/><D63/><U16/><E16/><V79/><F79/><W44/><G116/><T119/><D119/><U19/><E19/><V127/><F127/><W56/><G18/><T88/><D103/><U8/><E8/><V27/><F27/><W85/><G134/><T17/><D17/><U23/><E23/><V50/><F50/><W69/><G69/><T84/><D104/><U91/><E62/><V109/><F105/><W78/><G67/><T111/><D111/><U132/><E132/><V53/><F53/><W71/><G71/><T106/><D106/><U72/><E72/><V113/><F113/><W135/><G135/><T81/><D74/><U52/><E94/><V6/><F6/><W118/><G118/><T114/><D114/><U97/><E97/><V73/><F73/><N who="3" m="43471" /><G95/><T60/><D5/><U21/><E21/><V100/><F100/><W35/><G35/><T54/><D60/><U22/><E22/><V28/><F28/><W131/><G131/><T76/><D76/><U4/><E4/><V2/><F2/><W41/><G102/><T43/><D81/><U82/><E82/><V32/><F32/><RYUUKYOKU ba="0,0" sc="223,10,277,-30,267,10,233,10" hai0="9,10,11,38,40,43,47,51,54,55,80,84,88" hai2="24,26,29,30,36,45,46,86,87,108,109,120,123" hai3="39,41,44,56,59,85,90,92,93,96" /><INIT seed="2,1,0,4,1,53" ten="233,247,277,243" oya="2" hai0="119,62,46,82,4,114,17,0,123,101,124,18,29" hai1="52,77,132,23,113,22,15,96,89,98,5,92,39" hai2="44,110,7,102,88,86,95,35,125,1,94,56,115" hai3="67,70,6,21,116,80,103,128,73,133,49,84,12"/><V27/><F115/><W25/><G116/><T26/><D123/><U31/><E113/><V131/><F125/><W37/><G37/><T14/><D124/><U105/><E39/><V66/><F131/><W10/><G133/><T69/><D114/><U130/><E132/><V112/><F112/><W97/><G73/><T91/><D101/><U16/><E77/><V58/><F66/><W79/><G128/><T78/><D0/><U24/><E130/><V93/><F110/><W83/><G83/><T43/><D91/><U117/><E117/><V109/><F109/><W99/><G103/><T64/><D4/><U30/><E5/><V76/><F76/><W40/><G67/><T121/><D14/><U11/><E105/><V55/><F35/><W50/><G50/><T9/><D9/><U81/><E81/><N who="2" m="49231" /><F1/><W104/><G70/><T34/><D119/><U41/><E41/><V71/><F71/><W74/><G74/><T129/><D129/><U68/><E68/><V8/><F27/><W134/><G104/><T135/><D135/><U61/><E98/><V54/><F102/><W118/><G118/><T72/><D121/><U59/><E30/><V19/><F7/><W38/><G38/><AGARI ba="1,0" hai="17,18,26,29,34,38,43,46,62,64,69,72,78,82" machi="38" ten="30,1000,0" yaku="7,1" doraHai="53" who="0" fromWho="3" sc="233,13,247,0,277,0,243,-13" /><INIT seed="3,0,0,1,4,116" ten="246,247,277,230" oya="3" hai0="44,133,127,16,103,53,57,79,19,24,87,129,46" hai1="26,41,42,5,81,108,59,67,11,106,23,118,47" hai2="50,18,2,60,97,121,51,14,107,68,27,132,77" hai3="40,124,56,9,93,12,109,36,30,104,122,126,89"/><W1/><G104/><T32/><D133/><U58/><E108/><V100/><F2/><W101/><G1/><T114/><D129/><U113/><E113/><V35/><F77/><W29/><G101/><T63/><D103/><U90/><E106/><V62/><F132/><W128/><G128/><T111/><D127/><N who="3" m="48681" /><G56/><T20/><D32/><U123/><E118/><V17/><F121/><W83/><G83/><N who="0" m="47615" /><D111/><U82/><E123/><V69/><F69/><W22/><G22/><N who="0" m="13383" /><D114/><U6/><E11/><V65/><F62/><W31/><G109/><T96/><D96/><U70/><E70/><V38/><F38/><W54/><G54/><T43/><D43/><N who="1" m="16395" /><E47/><V37/><F37/><W49/><G36/><T0/><D0/><U120/><E120/><V80/><F80/><N who="1" m="30825" /><E90/><V134/><F134/><W61/><G122/><T135/><D135/><U98/><E98/><V115/><F115/><W7/><G89/><T102/><D102/><U117/><E117/><V131/><F131/><W64/><G93/><T39/><D39/><U88/><E88/><V110/><F110/><W28/><N who="3" m="7168" /><DORA hai="34" /><W99/><G99/><T78/><D78/><U130/><E130/><V91/><F91/><W73/><G73/><T71/><D71/><U3/><E3/><V15/><F35/><W72/><G72/><T8/><D46/><U94/><E94/><V10/><F27/><W92/><G92/><T95/><D44/><U125/><E125/><V75/><F75/><W76/><G76/><T21/><D95/><U119/><E119/><V45/><F45/><N who="3" m="25767" /><G64/><T52/><D53/><U74/><E67/><RYUUKYOKU ba="0,0" sc="246,10,247,-30,277,10,230,10" hai0="8,19,20,21,52,57,63" hai2="10,14,15,17,18,50,51,60,65,68,97,100,107" hai3="7,9,12,61" /><INIT seed="3,1,0,3,3,71" ten="256,217,287,240" oya="3" hai0="114,124,94,135,32,69,12,103,109,77,116,14,76" hai1="92,50,44,18,119,112,100,98,93,57,87,54,65" hai2="22,33,107,46,58,110,42,53,125,122,131,121,73" hai3="115,91,49,29,117,3,17,95,60,10,108,45,51"/><W62/><G115/><T0/><D116/><U85/><E119/><V134/><F22/><W8/><G117/><T80/><D69/><U105/><E112/><V129/><F33/><W96/><G108/><T106/><D114/><U75/><E75/><V47/><F73/><W78/><G29/><T88/><D109/><U2/><E2/><V83/><F107/><W89/><G78/><T52/><D32/><U9/><E105/><V99/><F110/><W19/><G3/><T11/><D135/><U1/><E1/><V102/><F83/><W72/><G72/><T130/><D130/><N who="2" m="49674" /><F99/><W86/><G51/><T48/><D103/><U133/><E133/><V111/><F102/><W39/><G39/><T30/><D106/><U97/><E65/><V27/><F27/><W55/><G10/><T28/><D80/><U24/><E57/><V35/><F35/><W123/><G123/><N who="2" m="47113" /><F111/><W37/><G8/><T132/><D132/><U61/><E61/><N who="2" m="36047" /><F134/><W70/><G70/><T40/><D0/><U56/><E24/><V90/><F90/><W127/><G17/><N who="0" m="8351" /><D14/><U64/><E18/><V43/><F125/><W126/><G19/><T16/><D124/><U118/><E9/><V101/><F101/><W4/><G127/><T104/><D104/><U26/><E26/><V34/><F34/><W79/><G126/><T15/><D28/><U13/><E13/><V20/><F20/><W6/><G6/><T66/><D30/><U113/><E118/><V25/><F25/><W128/><G4/><T68/><D76/><U31/><E113/><V23/><F23/><W81/><G128/><RYUUKYOKU ba="1,0" sc="256,-10,217,-10,287,30,240,-10" hai2="42,43,46,47" /><INIT seed="4,2,0,2,1,32" ten="246,207,317,230" oya="0" hai0="51,88,99,33,113,74,94,133,56,35,7,84,57" hai1="52,114,97,0,63,58,27,2,81,6,87,45,48" hai2="112,129,11,61,64,109,100,22,36,120,76,135,80" hai3="53,55,23,69,85,34,128,1,12,37,4,19,47"/><T31/><D133/><U106/><E114/><V73/><F109/><W68/><G34/><T102/><D74/><U110/><E110/><V93/><F120/><W42/><G128/><T71/><D71/><U67/><E6/><V46/><F112/><W124/><G124/><T72/><D113/><U49/><E27/><V17/><F135/><W86/><G69/><T107/><D7/><U44/><E97/><V10/><F129/><W122/><G68/><T15/><D15/><U41/><E106/><V29/><F29/><W111/><G122/><T96/><D31/><U40/><E67/><V39/><F100/><W18/><G18/><T115/><D115/><U14/><E14/><V116/><F93/><W60/><G111/><T20/><D20/><U66/><E66/><V26/><F116/><W65/><G65/><T127/><D127/><U82/><E82/><V125/><F125/><W83/><G60/><T79/><D99/><U95/><E95/><V54/><F39/><W134/><G86/><T98/><D98/><U130/><E130/><V123/><F123/><W105/><G105/><T103/><D103/><U89/><AGARI ba="2,0" hai="0,2,40,41,44,45,48,49,52,58,63,81,87,89" machi="89" ten="20,12000,2" yaku="0,1,7,1,9,1,52,2,54,1" doraHai="32" who="1" fromWho="1" sc="246,-62,207,126,317,-32,230,-32" /><INIT seed="5,0,0,5,3,87" ten="184,333,285,198" oya="1" hai0="86,79,28,42,4,49,45,110,134,98,102,66,0" hai1="31,40,6,100,18,104,123,17,21,133,83,96,59" hai2="48,25,88,113,13,55,33,90,67,84,118,128,94" hai3="5,97,122,109,125,121,53,10,101,71,69,62,65"/><U3/><E123/><V12/><F118/><W9/><G109/><T24/><D134/><U7/><E133/><V76/><F76/><W107/><G125/><T132/><D66/><U116/><E116/><V131/><F67/><W51/><G71/><T39/><D110/><U85/><E40/><V103/><F103/><W11/><REACH who="3" step="1"/><G5/><REACH who="3" ten="184,333,285,188" step="2"/><T32/><D132/><U74/><E7/><V89/><F113/><W99/><G99/><T93/><D4/><U105/><E96/><V73/><F131/><W117/><G117/><T91/><D0/><U126/><E6/><V30/><F128/><W112/><G112/><T77/><REACH who="0" step="1"/><D39/><REACH who="0" ten="174,333,285,188" step="2"/><U52/><E3/><V43/><F43/><W57/><AGARI ba="0,2" hai="9,10,11,51,53,57,62,65,69,97,101,107,121,122" machi="57" ten="30,4000,0" yaku="1,1,0,1,53,1" doraHai="87" doraHaiUra="61" who="3" fromWho="3" sc="174,-10,333,-20,285,-10,188,60" /><INIT seed="6,0,0,0,1,39" ten="164,313,275,248" oya="2" hai0="74,48,83,44,50,80,32,116,133,20,40,37,91" hai1="9,104,108,90,93,68,123,21,6,16,124,42,29" hai2="117,98,112,100,11,85,59,119,35,125,92,81,63" hai3="27,121,88,89,51,113,24,34,33,36,99,82,2"/><V122/><F122/><W73/><G36/><T72/><D116/><U13/><E108/><V62/><F35/><W64/><G121/><T5/><D32/><U107/><E68/><V97/><F112/><W19/><G2/><T87/><D133/><U38/><E123/><V8/><F125/><W52/><G64/><T43/><D5/><U41/><E124/><V131/><F131/><W58/><G113/><T78/><D37/><U126/><E126/><V30/><F30/><W69/><G69/><T76/><D20/><U75/><E75/><V23/><F23/><W118/><G118/><T53/><REACH who="0" step="1"/><D48/><REACH who="0" ten="154,313,275,248" step="2"/><U45/><E38/><V66/><F119/><W47/><G34/><T115/><D115/><U31/><E21/><V95/><F117/><W46/><G33/><T3/><D3/><U12/><E6/><V60/><F11/><W110/><G110/><T128/><D128/><U132/><E9/><V86/><F8/><W135/><G135/><T1/><D1/><U84/><E132/><V102/><REACH who="2" step="1"/><F86/><REACH who="2" ten="154,313,265,248" step="2"/><W61/><G73/><T55/><D55/><U67/><E84/><V120/><F120/><W114/><G52/><T105/><D105/><U129/><E107/><V54/><F54/><W28/><G114/><T0/><D0/><U57/><E104/><V56/><F56/><W96/><G58/><T15/><D15/><U130/><E12/><V14/><F14/><W4/><G27/><T134/><D134/><U7/><E130/><V17/><F17/><W26/><G19/><T109/><D109/><U71/><E129/><V10/><F10/><W25/><G26/><RYUUKYOKU ba="0,2" sc="154,15,313,-15,265,15,248,-15" hai0="40,43,44,50,53,72,74,76,78,80,83,87,91" hai2="59,60,62,63,66,81,85,92,95,97,98,100,102" /><INIT seed="6,1,2,0,0,63" ten="169,298,280,233" oya="2" hai0="102,131,65,47,116,90,23,106,28,12,89,109,17" hai1="133,77,113,70,37,58,100,130,43,85,108,105,39" hai2="1,21,8,54,13,86,97,0,120,94,125,5,101" hai3="81,11,42,36,88,112,55,25,46,93,60,96,92"/><V67/><F120/><W27/><G112/><T66/><D116/><U30/><E108/><V56/><F125/><W78/><G93/><T91/><D109/><U31/><E113/><V48/><F67/><N who="0" m="25610" /><D102/><U3/><E3/><V122/><F122/><W10/><G60/><T22/><D106/><U24/><E70/><V115/><F115/><W40/><G40/><T52/><D131/><U20/><E31/><V76/><F21/><W61/><G61/><T51/><D28/><U34/><E130/><V79/><F79/><W9/><REACH who="3" step="1"/><G55/><REACH who="3" ten="169,298,280,223" step="2"/><T16/><D17/><U123/><E43/><V2/><F94/><W111/><G111/><T128/><D128/><U15/><E123/><V82/><F101/><W74/><AGARI ba="1,3" hai="9,10,11,25,27,36,42,46,74,78,81,88,92,96" machi="74" ten="30,4000,0" yaku="1,1,0,1,54,1,53,0" doraHai="63" doraHaiUra="33" who="3" fromWho="3" sc="169,-11,298,-11,280,-21,223,73" /><INIT seed="7,0,0,4,3,96" ten="158,287,259,296" oya="3" hai0="14,12,2,124,126,98,86,37,108,20,1,68,25" hai1="32,135,42,60,130,62,94,10,115,49,110,31,50" hai2="40,53,84,79,118,66,0,33,122,13,127,15,26" hai3="30,7,109,47,116,133,93,113,70,119,35,22,123"/><W28/><G123/><T75/><D75/><U134/><E110/><V64/><F0/><W129/><G70/><T58/><D68/><U45/><E115/><V112/><F118/><W43/><G35/><T73/><D73/><U4/><E130/><V9/><F40/><W120/><G120/><T87/><D37/><U6/><E50/><V95/><F122/><W18/><G113/><T77/><D58/><U92/><E31/><V89/><F112/><W111/><G7/><N who="1" m="2602" /><E10/><V56/><F127/><N who="0" m="48682" /><D108/><N who="3" m="41545" /><G93/><N who="1" m="35946" /><E32/><V51/><F79/><W107/><G107/><T76/><D98/><U55/><E42/><V74/><F74/><W82/><G82/><T3/><D76/><U19/><E19/><V8/><F33/><W11/><G133/><AGARI ba="0,0" hai="45,49,55,60,62,133,134,135" m="35946,2602" machi="133" ten="30,1000,0" yaku="20,1" doraHai="96" who="1" fromWho="3" sc="158,0,287,10,259,0,296,-10" /><INIT seed="8,0,0,2,5,62" ten="158,297,259,286" oya="0" hai0="77,60,134,83,71,3,109,112,0,131,44,26,81" hai1="11,15,29,40,38,114,123,17,133,54,119,41,99" hai2="55,115,106,13,95,53,52,69,73,22,128,82,63" hai3="102,7,68,65,132,34,90,110,75,45,56,5,88"/><T51/><D112/><U50/><E123/><V93/><F106/><W79/><G34/><T24/><D131/><U18/><E114/><V101/><F115/><W46/><G68/><T127/><D134/><U43/><E133/><V104/><F128/><W10/><G102/><T37/><D127/><U80/><E38/><V47/><F47/><W124/><G110/><T135/><D135/><U100/><E119/><V117/><F117/><W14/><G7/><T97/><D109/><U31/><E80/><V42/><F42/><W21/><G75/><T16/><D37/><U25/><E18/><V1/><F1/><W111/><G111/><T39/><D39/><U125/><E125/><V64/><F13/><W66/><G79/><T4/><D97/><U20/><E100/><V92/><F22/><W28/><G124/><T32/><D32/><U8/><E99/><V67/><F67/><N who="3" m="25611" /><G56/><T122/><D122/><U121/><E121/><V91/><F104/><W27/><G132/><T12/><D60/><U9/><E15/><V103/><F73/><W19/><G28/><T116/><D71/><U129/><E129/><V48/><F48/><W59/><G59/><AGARI ba="0,0" hai="8,9,11,17,20,25,29,31,40,41,43,50,54,59" machi="59" ten="40,1300,0" yaku="8,1" doraHai="62" who="1" fromWho="3" sc="158,0,297,13,259,0,286,-13" owari="158,-34.0,310,41.0,259,-14.0,273,7.0" /></mjloggm>