<mjloggm ver="2.3"><GO type="185" lobby="0"/><UN n0="%E3%81%82%E3%81%9F%E3%82%89%E3%81%AA%E3%81%84%E3%81%A7%EF%BC%81" n1="%67%6C%61%6E%7A%39%30" n2="%69%6E%75%73%61%6E%38%34" n3="" dan="16,18,16,0" rate="2148.29,2340.42,2123.41,1500.00" sx="M,M,M,C"/><TAIKYOKU oya="0"/><INIT seed="0,0,0,1,0,128" ten="350,350,350,0" oya="0" hai0="124,3,122,114,84,72,92,43,44,101,112,61,132" hai1="104,67,39,88,34,91,37,0,108,38,53,95,100" hai2="74,87,69,82,113,56,68,90,47,97,115,52,120" hai3=""/><T49/><N who="0" m="31264" /><T116/><D3/><U80/><E0/><V83/><N who="2" m="30752" /><V41/><F97/><T54/><D116/><U75/><E34/><V123/><N who="2" m="31520" /><V1/><F1/><T78/><D124/><U133/><E108/><V107/><F107/><T131/><D131/><U81/><E67/><V121/><N who="2" m="31008" /><V42/><F42/><T2/><D2/><U71/><E71/><V36/><F74/><T33/><D33/><U59/><E133/><V130/><F130/><T66/><D72/><U79/><E81/><V60/><REACH who="2" step="1"/><F83/><REACH who="2" ten="350,350,340,0" step="2"/><T117/><D43/><U76/><E104/><V109/><F109/><T98/><D117/><U65/><E75/><V62/><F62/><T51/><D61/><U63/><E80/><V40/><F40/><T135/><D135/><U86/><E100/><V134/><F134/><T94/><D132/><U77/><E95/><V85/><F85/><T46/><D84/><U70/><REACH who="1" step="1"/><E86/><REACH who="1" ten="350,340,340,0" step="2"/><V99/><F99/><T64/><D98/><U119/><E119/><V32/><F32/><T126/><D101/><U45/><E45/><V93/><F93/><T96/><D96/><U50/><AGARI ba="0,2" hai="37,38,39,50,53,59,63,65,70,76,77,79,88,91" machi="50" ten="40,3900,0" yaku="1,1,0,1,54,1,53,0" doraHai="128" doraHaiUra="110" who="1" fromWho="1" sc="350,-26,340,59,340,-13,0,0" /><INIT seed="1,0,0,4,5,118" ten="324,399,327,0" oya="1" hai0="92,36,113,105,90,93,115,99,70,97,128,67,50" hai1="78,59,52,39,111,75,61,110,38,51,73,84,34" hai2="95,40,63,101,121,64,120,42,100,98,33,96,83" hai3=""/><U119/><E34/><V103/><N who="2" m="30752" /><V129/><N who="2" m="31008" /><V135/><F33/><T81/><D36/><N who="1" m="13867" /><E119/><V43/><F129/><T132/><D128/><U37/><N who="1" m="13875" /><U127/><DORA hai="86" /><E127/><V72/><F135/><T134/><D70/><U65/><E84/><V108/><F108/><N who="1" m="41513" /><E78/><V104/><F72/><T126/><D126/><U133/><E133/><V87/><F104/><T124/><D124/><U71/><AGARI ba="0,0" hai="51,52,59,61,65,71,73,75" m="41513,13875" machi="71" ten="50,6400,0" yaku="14,1,10,1,54,1" doraHai="118,86" who="1" fromWho="1" sc="324,-32,399,64,327,-32,0,0" /><INIT seed="1,1,0,4,5,63" ten="292,463,295,0" oya="1" hai0="44,72,68,96,115,84,67,43,116,92,99,113,100" hai1="46,73,70,40,41,55,76,126,125,48,32,0,87" hai2="111,114,102,51,54,53,80,56,131,61,104,129,59" hai3=""/><U83/><E0/><V91/><F111/><T3/><D3/><U33/><E70/><V89/><F114/><T127/><D72/><U95/><E41/><V37/><F37/><T119/><D127/><N who="1" m="48651" /><E40/><V34/><F34/><N who="1" m="13417" /><E95/><V101/><F104/><T86/><D68/><U78/><E78/><V79/><F79/><T49/><D115/><U47/><E47/><V71/><F71/><T45/><D113/><U66/><E66/><V50/><F61/><T81/><D67/><U1/><E1/><V94/><F94/><T35/><D35/><U82/><E82/><AGARI ba="1,0" hai="50,51,53,54,56,59,80,82,89,91,101,102,129,131" machi="82" ten="25,1600,0" yaku="22,2" doraHai="63" who="2" fromWho="1" sc="292,0,463,-18,295,18,0,0" /><INIT seed="2,0,0,1,1,39" ten="292,445,313,0" oya="2" hai0="52,77,47,76,108,134,119,91,101,103,43,120,111" hai1="87,118,50,75,78,124,0,92,88,57,129,1,70" hai2="99,54,81,107,69,109,121,64,65,85,105,33,80" hai3=""/><V117/><N who="2" m="31008" /><V71/><F117/><T106/><N who="0" m="30752" /><T112/><D119/><U73/><E118/><V44/><F33/><T123/><N who="0" m="31520" /><T135/><D112/><U62/><E129/><V114/><F114/><T66/><D66/><U58/><E124/><V2/><F2/><T113/><D113/><U55/><E70/><V45/><F99/><T3/><D3/><U104/><E104/><V56/><F109/><N who="0" m="42058" /><D91/><U72/><REACH who="1" step="1"/><E78/><REACH who="1" ten="292,435,313,0" step="2"/><V86/><F56/><T82/><D76/><U48/><E48/><V32/><F32/><T126/><D126/><U94/><E94/><V116/><F116/><T41/><D106/><U98/><E98/><V130/><F130/><T133/><D77/><U110/><E110/><V37/><F37/><T53/><D82/><U60/><E60/><V49/><F49/><T132/><D132/><U122/><N who="1" m="31264" /><U96/><E96/><V59/><F59/><T128/><D128/><U84/><E84/><V68/><F68/><T79/><D79/><U125/><E125/><V61/><F61/><T46/><D46/><U89/><E89/><V36/><F36/><T42/><D47/><U51/><E51/><V40/><F54/><AGARI ba="0,1" hai="41,42,43,52,53,54,101,103,133,134,135" m="42058,31520,30752" machi="54" ten="40,16000,3" yaku="28,2,20,1,14,1,52,5,54,1" doraHai="39" who="0" fromWho="2" sc="292,170,435,0,313,-160,0,0" /><AGARI ba="0,0" hai="0,1,50,54,55,57,58,62,72,73,75,87,88,92" m="31264" machi="54" ten="40,5200,0" yaku="1,1,52,1,54,1,53,0" doraHai="39" doraHaiUra="131" who="1" fromWho="2" sc="462,0,435,52,153,-52,0,0" /><INIT seed="4,0,0,1,0,89" ten="462,487,101,0" oya="0" hai0="61,116,125,74,64,111,75,32,112,87,98,119,45" hai1="107,85,95,47,129,41,55,77,94,72,1,127,122" hai2="133,53,101,80,48,83,40,78,103,99,36,81,3" hai3=""/><T79/><D32/><U117/><N who="1" m="31264" /><U130/><E1/><V42/><F3/><T132/><D112/><U73/><E117/><V113/><F113/><T84/><D125/><U65/><E127/><V126/><F126/><T69/><D132/><U106/><E55/><V88/><F133/><T66/><D111/><U135/><E65/><V76/><F36/><T91/><D45/><U59/><E59/><V131/><F131/><N who="1" m="50185" /><E135/><V114/><F114/><T34/><D34/><U93/><E85/><V115/><F115/><T92/><D66/><U58/><E58/><V108/><F108/><T128/><D128/><U100/><E77/><V96/><F53/><T62/><D62/><U44/><E44/><V123/><N who="2" m="31520" /><V120/><N who="2" m="30752" /><V110/><F110/><T71/><D71/><U33/><E33/><V46/><F42/><T51/><D51/><U105/><E100/><V0/><F0/><T134/><D134/><U82/><E82/><V67/><F67/><T118/><D79/><U86/><E86/><V104/><F78/><T35/><D35/><U70/><E70/><V50/><F76/><T57/><D69/><U54/><E54/><V60/><F60/><T121/><N who="0" m="31008" /><T109/><D109/><U37/><AGARI ba="0,0" hai="37,41,47,72,73,93,94,95,105,106,107" m="50185,31264" machi="37" ten="40,9000,2" yaku="5,1,19,1,52,4" doraHai="89" who="1" fromWho="1" sc="462,-60,487,90,101,-30,0,0" /><INIT seed="5,0,0,1,0,1" ten="402,577,71,0" oya="1" hai0="53,0,135,75,112,74,41,45,51,85,98,117,43" hai1="57,106,107,132,55,83,88,82,40,131,103,79,66" hai2="50,42,52,116,69,119,101,94,113,91,130,73,90" hai3=""/><U39/><E131/><V111/><F111/><T36/><D0/><U68/><E132/><V108/><F108/><T72/><D135/><U65/><E68/><V118/><F69/><T44/><D112/><U89/><E39/><V126/><F130/><T125/><D125/><U81/><E40/><V123/><N who="2" m="31520" /><V80/><F126/><T60/><D117/><U110/><E79/><V70/><F70/><T46/><D85/><U84/><E110/><V87/><F42/><T109/><D109/><U105/><E103/><V99/><F113/><T97/><REACH who="0" step="1"/><D60/><REACH who="0" ten="392,577,71,0" step="2"/><U63/><REACH who="1" step="1"/><E84/><REACH who="1" ten="392,567,71,0" step="2"/><V2/><F2/><T76/><D76/><U96/><E96/><V122/><N who="2" m="31264" /><V115/><F115/><T124/><D124/><U67/><AGARI ba="0,2" hai="55,57,63,65,66,67,81,82,83,88,89,105,106,107" machi="67" ten="40,8000,1" yaku="1,1,0,1,29,2,54,1,53,0" doraHai="1" doraHaiUra="33" who="1" fromWho="1" sc="392,-40,567,100,71,-40,0,0" /><INIT seed="5,1,0,0,0,40" ten="352,667,31,0" oya="1" hai0="48,70,63,75,87,50,110,79,83,60,116,115,32" hai1="51,119,121,62,65,64,114,117,41,73,84,128,45" hai2="104,111,76,95,0,106,78,74,107,102,134,1,109" hai3=""/><U33/><N who="1" m="31008" /><U34/><E73/><V3/><F134/><T101/><D110/><U90/><E114/><V49/><F74/><T80/><D32/><U54/><E128/><V96/><REACH who="2" step="1"/><F49/><REACH who="2" ten="352,667,21,0" step="2"/><T37/><D48/><U46/><E34/><V92/><F92/><T35/><D50/><U59/><E33/><V61/><F61/><T123/><D63/><U93/><E65/><V112/><F112/><T88/><D115/><U131/><E131/><V133/><F133/><T38/><D35/><U71/><E46/><V72/><F72/><T97/><D60/><AGARI ba="1,1" hai="41,45,51,54,59,60,62,64,71,84,90,93,117,119" m="31008" machi="60" ten="30,5800,0" yaku="7,1,52,2" doraHai="40" who="1" fromWho="0" sc="352,-60,667,70,21,0,0,0" /><INIT seed="5,2,0,2,3,83" ten="292,737,21,0" oya="1" hai0="130,36,125,45,54,86,70,56,40,115,41,122,39" hai1="61,59,2,68,121,91,42,107,108,95,60,133,98" hai2="32,77,58,47,53,111,63,118,71,103,85,117,49" hai3=""/><U127/><N who="1" m="31008" /><U34/><E34/><V131/><F32/><T69/><N who="0" m="31264" /><T87/><D115/><U135/><E2/><V129/><F111/><T114/><D114/><U35/><E35/><V96/><F71/><T57/><D125/><U113/><E113/><V37/><F37/><T110/><D110/><U51/><E108/><V44/><F44/><T76/><D76/><U92/><E127/><V33/><F33/><T120/><N who="0" m="30752" /><T102/><D102/><U81/><E107/><V50/><F50/><T0/><D45/><U65/><E81/><V55/><F77/><T80/><D80/><U97/><E51/><V48/><F63/><T123/><N who="0" m="31520" /><T100/><D100/><U78/><E78/><V106/><REACH who="2" step="1"/><F85/><REACH who="2" ten="292,737,11,0" step="2"/><T90/><D0/><U62/><E42/><V119/><AGARI ba="2,1" hai="47,48,49,53,55,58,96,103,106,117,118,119,129,131" machi="119" ten="40,3900,0" yaku="1,1,2,1,0,1,53,0" doraHai="83" doraHaiUra="84" who="2" fromWho="2" sc="292,-15,737,-28,11,53,0,0" /><INIT seed="6,0,0,0,5,33" ten="277,709,64,0" oya="2" hai0="81,125,107,3,105,99,78,104,115,112,49,79,75" hai1="109,35,84,62,64,132,41,77,51,111,1,71,34" hai2="102,66,131,76,93,46,43,97,118,52,70,69,72" hai3=""/><V116/><F131/><T82/><D3/><U39/><E1/><V58/><F72/><T68/><D68/><U60/><E132/><V108/><F76/><T119/><D119/><U122/><E60/><V57/><F108/><T101/><D49/><U127/><E127/><V120/><N who="2" m="30752" /><V92/><F58/><T73/><REACH who="0" step="1"/><D125/><REACH who="0" ten="267,709,64,0" step="2"/><U48/><E77/><V133/><F133/><T94/><AGARI ba="0,1" hai="73,75,78,79,81,82,94,99,101,104,105,107,112,115" machi="94" ten="40,12000,3" yaku="1,1,2,1,0,1,9,1,34,3,53,3" doraHai="33" doraHaiUra="100" who="0" fromWho="0" sc="267,130,709,-40,64,-80,0,0" owari="397,0.0,669,62.0,-16,-62.0,0,0.0" /></mjloggm>