<mjloggm ver="2.3"><GO type="185" lobby="0"/><UN n0="%6D%28%E3%81%AE%5F%E3%81%AE%29%6D%E2%99%AA" n1="%E3%81%BF%E3%83%BC%E3%82%8F" n2="%E3%81%9F%E3%81%BE%E3%82%89%E3%82%93%E3%82%AC%E3%83%83%E3%83%91" n3="" dan="16,17,16,0" rate="2168.21,2250.22,2132.60,1500.00" sx="M,M,M,C"/><TAIKYOKU oya="0"/><INIT seed="0,0,0,3,5,104" ten="350,350,350,0" oya="0" hai0="122,107,131,98,134,103,70,132,60,44,133,115,80" hai1="110,106,89,37,69,101,43,128,79,113,34,93,45" hai2="83,66,112,114,36,55,92,64,65,42,129,84,49" hai3=""/><T105/><N who="0" m="31264" /><T68/><D115/><U32/><E113/><V97/><F129/><T2/><D2/><U40/><E128/><V54/><F36/><T1/><D1/><U57/><E69/><N who="0" m="26729" /><D131/><U58/><E79/><V3/><F3/><T120/><N who="0" m="30752" /><T87/><D60/><U33/><E110/><V135/><F135/><N who="0" m="34562" /><T117/><DORA hai="48" /><D44/><U77/><E77/><V102/><F114/><T118/><D107/><U100/><E106/><V46/><REACH who="2" step="1"/><F112/><REACH who="2" ten="350,350,340,0" step="2"/><T125/><D125/><U73/><E32/><V130/><F130/><T53/><D53/><U74/><E33/><V76/><AGARI ba="0,1" hai="42,46,49,54,55,64,65,66,76,83,84,92,97,102" machi="76" ten="30,6000,1" yaku="1,1,0,1,8,1,52,2,53,0" doraHai="104,48" doraHaiUra="56,121" who="2" fromWho="2" sc="350,-40,350,-20,340,70,0,0" /><INIT seed="1,0,0,1,4,93" ten="310,330,410,0" oya="1" hai0="86,105,50,54,78,85,40,127,131,101,87,95,81" hai1="45,47,74,72,56,34,100,119,39,106,134,123,63" hai2="125,91,111,132,33,3,94,121,107,128,48,103,75" hai3=""/><U79/><N who="1" m="31520" /><U90/><E119/><V108/><F48/><T98/><D131/><U41/><E34/><V38/><F91/><T61/><D127/><U37/><E134/><V35/><F94/><T80/><D105/><U124/><E124/><V110/><F103/><T83/><D61/><U135/><E135/><V51/><F51/><T49/><D40/><U53/><E90/><V60/><F60/><T122/><N who="0" m="31264" /><T57/><REACH who="0" step="1"/><D50/><REACH who="0" ten="300,330,410,0" step="2"/><U118/><E118/><V96/><F110/><T77/><AGARI ba="0,1" hai="49,54,57,77,78,80,81,83,85,86,87,95,98,101" m="31264" machi="77" ten="40,9000,2" yaku="1,1,2,1,0,1,8,1,52,2,53,0" doraHai="93" doraHaiUra="71" who="0" fromWho="0" sc="300,100,330,-60,410,-30,0,0" /><INIT seed="2,0,0,4,5,86" ten="400,270,380,0" oya="2" hai0="83,65,69,121,79,90,84,133,120,80,85,59,132" hai1="33,135,125,93,131,134,122,117,103,54,50,3,44" hai2="72,119,75,34,76,57,52,81,37,42,110,88,35" hai3=""/><V99/><F119/><T97/><N who="0" m="30752" /><T92/><N who="0" m="31008" /><T63/><REACH who="0" step="1"/><D69/><REACH who="0" ten="390,270,380,0" step="2"/><U62/><E122/><V102/><F34/><T53/><D53/><U38/><E33/><V107/><F35/><T115/><D115/><U67/><E134/><V96/><F110/><T112/><D112/><U43/><E135/><V0/><F0/><T100/><AGARI ba="0,1" hai="59,63,65,79,80,83,84,85,90,92,97,100,132,133" m="31008,30752" machi="100" ten="30,9000,2" yaku="1,1,0,1,52,3,53,1" doraHai="86" doraHaiUra="91" who="0" fromWho="0" sc="390,100,270,-30,380,-60,0,0" /><INIT seed="4,0,0,5,1,88" ten="490,240,320,0" oya="0" hai0="122,89,127,130,100,116,117,45,124,81,97,102,125" hai1="37,70,110,58,120,71,132,44,35,128,105,76,50" hai2="56,77,42,93,66,83,107,114,94,2,40,108,64" hai3=""/><T65/><N who="0" m="31264" /><T48/><D65/><U74/><E76/><V61/><F2/><T1/><D1/><U106/><E58/><V67/><F114/><T115/><D115/><U39/><E50/><V54/><F107/><T62/><D62/><U47/><N who="1" m="30752" /><U104/><E110/><V95/><REACH who="2" step="1"/><F108/><REACH who="2" ten="490,240,310,0" step="2"/><T111/><D111/><U78/><E106/><V98/><F98/><T101/><D130/><U34/><E128/><V82/><F82/><T49/><D81/><U80/><E80/><V59/><F59/><T32/><D32/><U60/><E34/><V38/><F38/><T109/><D109/><U119/><E35/><V131/><F131/><T99/><D99/><U55/><E37/><V85/><AGARI ba="0,1" hai="40,42,54,56,61,64,66,67,77,83,85,93,94,95" machi="85" ten="30,9000,2" yaku="1,1,0,1,8,1,52,3,53,0" doraHai="88" doraHaiUra="135" who="2" fromWho="2" sc="490,-60,240,-30,310,100,0,0" /><INIT seed="5,0,0,1,0,106" ten="430,210,410,0" oya="1" hai0="124,36,84,94,45,49,66,69,90,2,64,131,133" hai1="95,41,62,91,118,82,0,48,120,43,67,68,55" hai2="1,71,122,134,135,102,80,77,105,100,52,59,87" hai3=""/><U103/><N who="1" m="30752" /><U107/><E118/><V85/><N who="2" m="31264" /><V3/><F71/><T75/><D75/><U73/><E0/><V93/><F105/><T92/><D36/><U129/><E129/><V78/><F93/><T57/><D2/><U38/><E38/><V117/><F117/><T128/><D69/><U58/><E103/><V89/><F89/><T114/><D114/><U130/><E107/><V116/><F116/><T34/><D34/><U81/><E130/><N who="0" m="49705" /><D133/><N who="2" m="50698" /><F102/><T74/><D74/><U40/><REACH who="1" step="1"/><E73/><REACH who="1" ten="430,200,410,0" step="2"/><V119/><F100/><T115/><D115/><U53/><E53/><V60/><F119/><T72/><D72/><U35/><E35/><V113/><F113/><T46/><D66/><U96/><AGARI ba="0,1" hai="40,41,43,48,55,58,62,67,68,81,82,91,95,96" m="30752" machi="96" ten="30,7800,0" yaku="1,1,0,1,52,1,53,1" doraHai="106" doraHaiUra="44" who="1" fromWho="1" sc="430,-39,200,88,410,-39,0,0" /><INIT seed="5,1,0,3,3,81" ten="391,288,371,0" oya="1" hai0="68,86,132,34,95,94,109,84,51,128,56,96,1" hai1="110,121,129,65,78,71,106,50,102,59,117,0,133" hai2="64,97,55,116,75,112,120,83,41,131,63,36,44" hai3=""/><U76/><N who="1" m="31008" /><U115/><E117/><V46/><N who="2" m="30752" /><V105/><F116/><T111/><D109/><U90/><E0/><V48/><F131/><T113/><D111/><U127/><E110/><V85/><F112/><T92/><D68/><U35/><E35/><V88/><F75/><T69/><D69/><U60/><E115/><V33/><F33/><T67/><D113/><U3/><E129/><V58/><F105/><T130/><D132/><U93/><E3/><V53/><REACH who="2" step="1"/><F97/><REACH who="2" ten="391,288,361,0" step="2"/><T74/><D74/><U135/><E135/><V82/><F82/><T77/><D34/><U32/><E32/><V100/><F100/><T52/><D1/><U37/><E133/><V70/><F70/><T62/><D96/><U79/><E106/><V2/><F2/><T91/><D130/><U125/><E102/><V108/><F108/><T45/><D128/><U101/><E101/><V73/><F73/><T39/><D39/><U114/><E114/><V98/><F98/><T61/><D61/><U104/><E37/><V42/><AGARI ba="1,1" hai="36,41,42,44,46,48,53,55,58,63,64,83,85,88" m="30752" machi="42" ten="20,9000,2" yaku="1,1,0,1,7,1,52,2,54,1,53,0" doraHai="81" doraHaiUra="126" who="2" fromWho="2" sc="391,-31,288,-61,361,102,0,0" /><INIT seed="6,0,0,3,3,109" ten="360,227,463,0" oya="2" hai0="125,118,40,82,47,3,69,112,104,102,60,53,85" hai1="83,36,59,41,134,74,110,35,37,84,45,122,129" hai2="114,65,68,108,103,80,62,121,81,90,111,124,128" hai3=""/><V2/><N who="2" m="31008" /><V126/><F2/><T101/><D118/><U106/><N who="1" m="31264" /><U66/><E106/><V50/><F114/><T119/><D3/><U91/><E74/><V93/><F128/><T76/><D119/><U105/><E105/><V56/><F103/><T77/><D125/><N who="2" m="48234" /><F81/><T34/><D34/><U131/><E35/><V100/><F100/><T87/><D104/><U113/><E113/><V78/><F50/><T117/><D117/><U120/><N who="1" m="30752" /><U58/><E110/><V54/><F54/><T71/><D71/><U132/><E36/><V38/><F68/><T98/><D98/><U51/><E51/><V39/><F39/><T127/><D127/><U61/><REACH who="1" step="1"/><E58/><REACH who="1" ten="360,217,463,0" step="2"/><V57/><F56/><T44/><D112/><U46/><E46/><V67/><F38/><T70/><D69/><U123/><N who="1" m="31520" /><U116/><E116/><V52/><F111/><T94/><D70/><U115/><E115/><V55/><F108/><T96/><D44/><U48/><E48/><V42/><F57/><T92/><D47/><U75/><E75/><V130/><F130/><AGARI ba="0,1" hai="37,41,45,59,61,66,83,84,91,129,130,131,132,134" m="31520,30752,31264" machi="130" ten="40,8000,1" yaku="1,1,19,1,52,3,53,0" doraHai="109" doraHaiUra="1" who="1" fromWho="2" sc="360,0,217,90,463,-80,0,0" /><INIT seed="8,0,0,5,1,130" ten="360,307,383,0" oya="0" hai0="47,53,75,34,135,117,59,104,95,132,118,3,70" hai1="123,79,65,107,33,78,97,101,54,48,74,39,113" hai2="127,112,73,77,110,89,85,129,105,51,69,81,80" hai3=""/><T1/><D34/><U93/><N who="1" m="31520" /><U100/><E33/><V134/><F110/><T32/><D32/><U102/><E39/><V58/><F129/><T84/><D75/><U82/><E65/><V43/><F69/><T111/><D104/><U55/><E113/><V76/><F112/><T119/><D70/><U35/><E35/><V125/><F134/><N who="0" m="51242" /><D47/><U61/><E79/><V44/><F105/><T96/><D84/><U120/><N who="1" m="30752" /><U116/><E116/><V133/><F133/><T63/><D111/><U94/><E61/><V90/><F58/><T41/><D41/><U52/><E107/><V66/><F127/><T122/><N who="0" m="31264" /><T91/><AGARI ba="0,0" hai="1,3,53,59,63,91,95,96,117,118,119" m="31264,51242" machi="91" ten="40,12000,2" yaku="4,1,16,1,20,1,52,4" doraHai="130" who="0" fromWho="0" sc="360,120,307,-60,383,-60,0,0" owari="480,43.0,247,-35.0,323,-8.0,0,0.0" /></mjloggm>