<mjloggm ver="2.3"><GO type="185" lobby="0"/><UN n0="%6D%75%63%68" n1="%54%61%6B%61%52%6F%6E" n2="%E9%96%A2%E8%A5%BF%E9%9B%80%E5%A3%AB%E4%BC%9A" n3="" dan="16,17,16,0" rate="2069.28,2201.74,2130.79,1500.00" sx="M,M,M,C"/><TAIKYOKU oya="0"/><INIT seed="0,0,0,4,5,58" ten="350,350,350,0" oya="0" hai0="70,119,87,38,85,42,82,102,57,65,90,122,52" hai1="132,44,60,101,117,48,33,103,115,73,134,120,54" hai2="83,114,39,74,78,99,128,34,36,66,46,32,106" hai3=""/><T37/><N who="0" m="31264" /><T125/><D119/><U108/><N who="1" m="30752" /><U84/><E73/><V121/><N who="2" m="31008" /><V130/><F114/><T80/><D125/><U69/><E117/><V111/><F111/><T97/><D42/><U127/><E108/><V79/><F79/><T2/><D2/><U43/><E33/><V91/><F66/><T129/><D129/><N who="2" m="49770" /><F46/><T64/><D70/><U86/><E115/><V94/><F106/><T71/><D71/><U77/><E127/><V68/><F68/><T1/><D1/><U56/><E69/><V107/><F107/><T110/><D110/><U88/><E77/><V124/><F124/><T41/><D65/><U96/><E86/><V3/><F3/><T105/><D64/><U76/><E76/><V118/><F118/><T47/><D87/><U93/><REACH who="1" step="1"/><E103/><REACH who="1" ten="350,340,350,0" step="2"/><V89/><F91/><T113/><D113/><U59/><E59/><V40/><F32/><T131/><D131/><U104/><AGARI ba="0,1" hai="43,44,48,54,56,60,84,88,93,96,101,104,132,134" m="30752" machi="104" ten="30,9000,2" yaku="1,1,0,1,52,2,54,1,53,1" doraHai="58" doraHaiUra="45" who="1" fromWho="1" sc="350,-60,340,100,350,-30,0,0" /><INIT seed="1,0,0,2,4,132" ten="290,440,320,0" oya="1" hai0="60,78,97,94,52,1,90,125,123,126,108,46,102" hai1="74,35,119,64,85,111,129,32,42,62,3,39,87" hai2="112,109,99,70,41,2,93,40,86,51,130,134,127" hai3=""/><U91/><E74/><V55/><F2/><T92/><N who="0" m="31520" /><T68/><D1/><U34/><E119/><V77/><F70/><T117/><D117/><U107/><E107/><V118/><F118/><T75/><D108/><U122/><N who="1" m="31264" /><U58/><E3/><V120/><N who="2" m="30752" /><V57/><F109/><T69/><D78/><U54/><E111/><V33/><F33/><T88/><D75/><U50/><E129/><V110/><F110/><T45/><D102/><U101/><E101/><V48/><F134/><T95/><D95/><U37/><E42/><V71/><F71/><T121/><N who="0" m="31008" /><T115/><D115/><U0/><E87/><V43/><F130/><T47/><D68/><U133/><E133/><V53/><F112/><T80/><D69/><U116/><E116/><V103/><F86/><T83/><D60/><U65/><E0/><V89/><F77/><T56/><D56/><U114/><E114/><V84/><F127/><N who="0" m="48650" /><D52/><N who="2" m="20042" /><F57/><T36/><D36/><U49/><E39/><V113/><F113/><T81/><D81/><AGARI ba="0,0" hai="40,41,43,48,51,81,84,89,93,99,103" m="20042,30752" machi="81" ten="30,3900,0" yaku="8,1,52,1,54,1" doraHai="132" who="2" fromWho="0" sc="290,-39,440,0,320,39,0,0" /><INIT seed="2,0,0,5,1,116" ten="251,440,359,0" oya="2" hai0="97,38,80,88,34,39,127,130,2,1,102,44,92" hai1="110,89,58,76,134,71,33,87,104,40,55,69,82" hai2="37,83,42,62,73,94,0,135,101,126,72,90,41" hai3=""/><V70/><F0/><T125/><D34/><U68/><E33/><V74/><F135/><T112/><D112/><U119/><E134/><V117/><F117/><T128/><D44/><U75/><E40/><V51/><F126/><N who="0" m="48138" /><D80/><U35/><E35/><V59/><F37/><N who="0" m="13834" /><D102/><U96/><E110/><V84/><F70/><T108/><D108/><U57/><E119/><V91/><F51/><T113/><D113/><U121/><N who="1" m="31008" /><U3/><E3/><AGARI ba="0,0" hai="1,2,3,88,92,97,128,130" m="13834,48138" machi="3" ten="40,2600,0" yaku="18,1,54,1" doraHai="116" who="0" fromWho="1" sc="251,26,440,-26,359,0,0,0" /><INIT seed="4,0,0,5,5,89" ten="277,414,359,0" oya="0" hai0="81,96,3,65,1,99,85,60,135,80,76,41,53" hai1="51,84,102,91,54,125,86,97,46,72,40,130,49" hai2="69,92,132,48,114,62,2,39,79,112,119,45,127" hai3=""/><T116/><D116/><U124/><E72/><V73/><F2/><T108/><D135/><U33/><E130/><V61/><F132/><T113/><D113/><N who="2" m="43626" /><F127/><N who="1" m="48713" /><E33/><V38/><F79/><T109/><D41/><U94/><E102/><V67/><F73/><T78/><D53/><U64/><E64/><V107/><F107/><T71/><D3/><U131/><E131/><V95/><F62/><T55/><D55/><U74/><E74/><V120/><N who="2" m="30752" /><V117/><F117/><T106/><D1/><U83/><E83/><V115/><F115/><T104/><D104/><U56/><AGARI ba="0,0" hai="40,46,49,51,54,56,84,86,91,94,97" m="48713" machi="56" ten="30,1500,0" yaku="18,1,52,1" doraHai="89" who="1" fromWho="1" sc="277,-10,414,15,359,-5,0,0" /><INIT seed="5,0,0,3,4,68" ten="267,429,354,0" oya="1" hai0="57,78,126,117,94,54,32,46,95,129,42,106,60" hai1="71,128,122,110,83,75,103,61,63,98,125,43,86" hai2="50,59,101,100,124,134,131,49,81,132,44,40,2" hai3=""/><U67/><N who="1" m="31264" /><U108/><E75/><V92/><F2/><T127/><D32/><U69/><E128/><V3/><F3/><T107/><D117/><U84/><E125/><N who="0" m="47625" /><D78/><U33/><E33/><V1/><F1/><T90/><D129/><U36/><E69/><V105/><F105/><N who="0" m="39946" /><D90/><U45/><E63/><V53/><F131/><T48/><AGARI ba="0,0" hai="42,46,48,54,57,60,94,95" m="39946,47625" machi="48" ten="30,800,0" yaku="18,1" doraHai="68" who="0" fromWho="0" sc="267,8,429,-5,354,-3,0,0" /><INIT seed="6,0,0,4,0,66" ten="275,424,351,0" oya="2" hai0="84,91,71,37,133,38,86,104,92,69,128,75,135" hai1="129,106,54,61,74,122,76,1,121,111,55,72,107" hai2="112,126,65,77,95,108,100,134,79,117,88,116,46" hai3=""/><V130/><F65/><T131/><D75/><U87/><N who="1" m="31008" /><U124/><N who="1" m="31264" /><U41/><E1/><V110/><F46/><T0/><D104/><U52/><E111/><N who="2" m="42539" /><F134/><N who="0" m="51210" /><D0/><U125/><E129/><N who="0" m="49737" /><D86/><U34/><E34/><V36/><F36/><AGARI ba="0,0" hai="36,37,38,69,71,84,91,92" m="49737,51210" machi="36" ten="40,8000,1" yaku="20,1,19,1,52,2" doraHai="66" who="0" fromWho="2" sc="275,80,424,0,351,-80,0,0" owari="355,-4.0,424,37.0,271,-33.0,0,0.0" /></mjloggm>