<mjloggm ver="2.3"><GO type="169" lobby="0"/><UN n0="%E3%81%B3%E3%82%8A%E3%81%B3%E3%82%8A%E2%98%86%E3%83%93%E3%83%AA%E3%83%BC" n1="%E3%81%B2%E3%81%90%E3%81%A1" n2="%74%6F%6D%75%74%6F%6D%69" n3="%70%69%6E%63%65%72%73" dan="17,17,16,16" rate="2162.61,2243.48,2067.92,2148.74" sx="M,M,M,M"/><TAIKYOKU oya="0"/><INIT seed="0,0,0,3,5,125" ten="250,250,250,250" oya="0" hai0="23,113,72,17,95,105,52,8,1,9,88,56,4" hai1="42,133,5,86,47,93,20,120,108,48,131,94,64" hai2="74,89,107,35,29,25,87,21,135,69,77,115,40" hai3="46,80,79,67,59,112,71,51,106,130,41,66,75"/><T32/><D113/><U34/><E34/><V116/><F115/><W68/><G112/><T11/><D32/><U91/><E120/><V65/><F135/><W6/><G106/><T24/><D72/><U27/><E108/><V43/><F116/><W97/><G6/><T85/><REACH who="0" step="1"/><D105/><REACH who="0" ten="240,250,250,250" step="2"/><U82/><E133/><V121/><F107/><W60/><G75/><T126/><D126/><U99/><E5/><V7/><F74/><W102/><G79/><T16/><D16/><U127/><E127/><V3/><F77/><W54/><G80/><T98/><D98/><U124/><E124/><V38/><F7/><W111/><G97/><T100/><D100/><U57/><E99/><V31/><F35/><W83/><G83/><T10/><D10/><U81/><E81/><V55/><F121/><W45/><G102/><T78/><D78/><U37/><E82/><V122/><F89/><W39/><G111/><T119/><D119/><U13/><E91/><V132/><F122/><W49/><G130/><T15/><D15/><U22/><E13/><V73/><F73/><W0/><G0/><T30/><D30/><U36/><E93/><V109/><F31/><W50/><REACH who="3" step="1"/><G66/><REACH who="3" ten="240,250,250,240" step="2"/><T90/><D90/><U118/><E64/><V28/><F3/><W96/><G96/><T128/><D128/><U62/><E131/><V110/><F65/><W114/><G114/><T53/><D53/><U103/><E103/><V2/><F110/><W14/><G14/><T19/><D19/><U12/><E12/><V92/><F109/><W33/><G33/><T70/><D70/><AGARI ba="0,2" hai="39,41,45,46,49,50,51,54,59,60,67,68,70,71" machi="70" ten="40,12000,2" yaku="1,1,35,6,53,0" doraHai="125" doraHaiUra="76" who="3" fromWho="0" sc="240,-120,250,0,250,0,240,140" /><INIT seed="1,0,0,2,1,14" ten="120,250,250,380" oya="1" hai0="31,92,124,10,99,112,76,68,61,115,26,104,111" hai1="90,85,49,56,130,4,28,126,8,54,106,57,32" hai2="110,118,97,77,38,59,79,20,78,75,63,87,114" hai3="43,40,91,94,135,65,35,7,120,101,16,69,0"/><U50/><E126/><V44/><F118/><W117/><G117/><T83/><D124/><U125/><E125/><V33/><F33/><W3/><G120/><T128/><D111/><U67/><E106/><V24/><F110/><W15/><G135/><T74/><D128/><U17/><E130/><V25/><F75/><W55/><G35/><T41/><D41/><U119/><E119/><V9/><F114/><W51/><G101/><T2/><D2/><U23/><E32/><V133/><F133/><W121/><G121/><T62/><D10/><U134/><E28/><V72/><F72/><W39/><G39/><T113/><D104/><U52/><E67/><V93/><F9/><W108/><G7/><T127/><D127/><U80/><E134/><V89/><F25/><W30/><G30/><T82/><D82/><U73/><E73/><V1/><F1/><W66/><G0/><T64/><D62/><U42/><E42/><N who="3" m="15914" /><G69/><T53/><D53/><U116/><E116/><V27/><F44/><N who="3" m="28135" /><G3/><T34/><REACH who="0" step="1"/><D113/><REACH who="0" ten="110,250,250,380" step="2"/><U11/><REACH who="1" step="1"/><E4/><REACH who="1" ten="110,240,250,380" step="2"/><V131/><F131/><W21/><G108/><T58/><D58/><U70/><E70/><V132/><F132/><W29/><G29/><T22/><D22/><U105/><E105/><V98/><F38/><W36/><G36/><T48/><D48/><U19/><E19/><N who="2" m="12319" /><F59/><W45/><G45/><T60/><D60/><U109/><E109/><V81/><F63/><W107/><G107/><T5/><D5/><U129/><E129/><V95/><F27/><AGARI ba="0,2" hai="8,11,17,23,27,49,50,52,54,56,57,80,85,90" machi="27" ten="30,18000,2" yaku="1,1,7,1,9,1,8,1,52,1,54,1,53,1" doraHai="14" doraHaiUra="86" who="1" fromWho="2" sc="110,0,240,200,250,-180,380,0" /><INIT seed="1,1,0,0,5,73" ten="110,440,70,380" oya="1" hai0="17,3,27,47,4,23,122,101,98,41,26,20,121" hai1="70,135,29,43,89,58,68,30,79,81,15,78,37" hai2="16,36,131,28,45,69,120,110,55,114,72,0,125" hai3="65,42,111,130,61,13,91,102,5,21,126,96,84"/><U64/><E135/><V60/><F28/><N who="1" m="10857" /><E37/><V66/><F16/><N who="3" m="10383" /><G130/><T38/><D4/><U34/><E68/><V62/><F72/><W83/><G126/><T46/><D3/><U94/><E70/><V7/><F7/><W123/><G111/><T59/><D46/><U85/><E34/><V32/><F0/><W103/><G123/><T124/><D124/><U1/><E1/><V100/><F100/><W74/><G74/><T8/><D8/><U134/><E134/><V106/><F106/><W54/><G42/><T22/><D59/><U75/><E75/><V53/><F32/><W10/><G65/><T80/><D80/><U113/><E113/><V116/><F125/><W44/><G96/><T82/><D82/><U67/><E43/><N who="2" m="22759" /><F120/><N who="0" m="46186" /><D17/><U2/><E2/><V31/><F31/><W12/><G61/><T19/><D19/><U127/><E127/><V76/><F131/><W63/><G44/><T33/><D33/><U118/><E118/><V95/><F116/><W50/><G50/><T52/><D38/><U35/><E35/><V128/><F128/><W57/><AGARI ba="1,0" hai="5,10,12,54,57,63,83,84,91,102,103" m="10383" machi="57" ten="30,2000,0" yaku="8,1,54,1" doraHai="73" who="3" fromWho="3" sc="110,-6,440,-11,70,-6,380,23" /><INIT seed="2,0,0,5,4,21" ten="104,429,64,403" oya="2" hai0="105,33,109,11,107,128,103,119,51,91,117,49,4" hai1="129,65,70,13,132,84,135,55,35,29,43,47,126" hai2="17,82,67,127,54,37,95,16,102,36,72,60,100" hai3="116,57,92,133,73,25,71,113,6,12,9,134,30"/><V23/><F127/><W96/><G71/><T2/><D33/><U61/><E126/><V10/><F54/><W66/><G73/><T56/><D109/><U108/><E108/><V131/><F131/><W74/><G74/><T8/><D128/><U31/><E129/><V48/><F48/><W122/><G122/><T63/><D11/><U90/><E55/><V42/><F42/><W58/><G113/><T77/><D77/><U7/><E7/><V99/><F102/><N who="3" m="60679" /><G116/><N who="0" m="44619" /><D91/><U81/><E13/><V19/><F10/><W14/><G14/><T46/><D103/><U64/><E64/><V123/><F123/><W120/><G120/><T44/><D49/><U53/><E53/><V124/><F124/><W101/><G101/><T38/><D38/><U125/><E125/><V88/><F37/><W76/><G76/><T79/><D79/><U75/><E75/><V83/><F36/><W5/><G5/><T98/><D51/><N who="1" m="27135" /><E35/><V62/><F72/><W40/><G40/><T89/><D105/><U85/><E85/><N who="2" m="50231" /><F83/><W110/><G110/><T32/><D32/><U78/><E78/><V34/><F34/><N who="3" m="20815" /><G66/><N who="0" m="39271" /><D107/><U111/><E111/><V41/><F41/><W118/><G118/><T114/><D114/><U130/><E130/><V20/><F62/><W59/><G59/><AGARI ba="0,0" hai="16,17,19,20,23,59,60,67,95,99,100" m="50231" machi="59" ten="30,5800,0" yaku="8,1,54,2" doraHai="21" who="2" fromWho="3" sc="104,0,429,0,64,58,403,-58" /><INIT seed="2,1,0,5,3,89" ten="104,429,122,345" oya="2" hai0="119,102,44,69,117,106,67,75,29,72,100,90,109" hai1="94,65,57,39,22,88,60,121,80,62,83,4,63" hai2="59,70,99,135,126,43,84,130,30,6,24,64,104" hai3="0,48,50,114,87,96,27,52,9,17,13,61,129"/><V113/><F113/><W45/><G129/><T35/><D44/><U34/><E34/><V19/><F130/><W103/><G114/><T10/><D10/><U12/><E39/><V92/><F126/><W111/><G111/><T71/><D109/><U118/><E118/><V68/><F135/><W32/><G0/><T98/><D90/><U33/><E33/><V58/><F6/><W51/><G87/><T79/><D102/><U108/><E108/><V95/><F104/><W74/><G74/><T3/><D3/><U86/><E121/><V101/><F19/><W55/><G61/><N who="1" m="23658" /><E22/><N who="2" m="15639" /><F43/><W82/><G82/><N who="0" m="45415" /><D75/><U81/><E81/><V134/><F134/><W76/><G76/><T11/><D11/><AGARI ba="1,0" hai="4,11,12,57,63,65,80,83,86,88,94" m="23658" machi="11" ten="30,3900,0" yaku="8,1,52,1,54,1" doraHai="89" who="1" fromWho="0" sc="104,-42,429,42,122,0,345,0" /><INIT seed="3,0,0,3,3,35" ten="62,471,122,345" oya="3" hai0="69,38,100,74,25,28,60,75,62,90,32,78,81" hai1="16,26,93,17,70,50,12,87,41,37,116,80,66" hai2="8,13,1,45,117,109,34,79,105,43,102,130,53" hai3="88,132,119,103,73,131,118,7,51,63,126,36,92"/><W123/><G36/><T91/><D38/><U19/><E116/><V6/><F109/><W31/><G123/><T77/><D100/><U0/><E37/><V46/><F130/><W86/><G73/><T54/><D62/><U99/><E0/><V114/><F114/><W44/><G131/><T96/><D96/><U111/><E111/><V120/><F117/><W108/><G108/><T127/><D127/><U59/><E70/><V112/><F120/><W48/><G48/><T110/><D110/><U71/><E71/><V95/><F112/><W52/><G126/><T122/><D122/><U3/><E3/><V24/><F53/><W55/><G132/><T15/><D15/><U107/><E107/><V106/><F46/><W84/><G84/><T29/><D29/><U18/><E26/><V57/><F57/><N who="3" m="35263" /><G31/><T94/><D94/><U49/><E41/><V22/><F79/><W133/><G133/><T89/><D54/><U98/><E66/><V129/><F129/><W27/><G27/><T76/><REACH who="0" step="1"/><D81/><REACH who="0" ten="52,471,122,345" step="2"/><U113/><E113/><V134/><F95/><N who="3" m="54679" /><G119/><T56/><D56/><U124/><E124/><V2/><F134/><W40/><G118/><T23/><D23/><N who="1" m="11655" /><E59/><V104/><F34/><W115/><G115/><T128/><D128/><U4/><E99/><V10/><F106/><W58/><G92/><T64/><AGARI ba="0,1" hai="25,28,32,60,64,69,74,75,76,77,78,89,90,91" machi="64" ten="40,5200,0" yaku="1,1,0,1,53,1" doraHai="35" doraHaiUra="67" who="0" fromWho="0" sc="52,62,471,-13,122,-13,345,-26" /><INIT seed="4,0,0,1,5,71" ten="114,458,109,319" oya="0" hai0="79,91,77,81,72,107,53,73,7,31,106,86,47" hai1="64,12,128,133,40,116,135,114,88,14,50,66,11" hai2="49,56,85,111,16,27,75,69,25,30,60,10,38" hai3="42,80,104,39,44,4,45,132,46,29,76,105,1"/><T112/><D31/><U123/><E116/><V122/><F111/><W82/><G132/><T108/><D7/><U3/><E3/><V41/><F122/><W0/><G29/><T99/><D53/><U93/><E123/><V58/><F75/><N who="0" m="28746" /><D47/><N who="1" m="25959" /><E114/><V129/><F129/><W2/><G4/><T15/><D15/><N who="1" m="5675" /><E11/><V89/><F69/><W9/><G9/><T36/><D36/><U13/><E13/><N who="2" m="7223" /><F38/><W117/><G117/><T78/><D112/><U28/><E128/><V63/><F49/><W97/><G46/><T70/><D70/><U100/><E100/><V131/><F41/><W32/><G32/><T34/><D34/><U8/><E28/><V67/><F30/><W21/><G21/><T110/><D99/><N who="1" m="57767" /><E8/><V87/><F87/><W33/><G33/><T113/><D113/><U55/><E55/><N who="2" m="33823" /><F131/><W92/><G39/><T22/><D22/><U96/><E96/><V98/><F98/><W57/><G42/><T134/><D134/><AGARI ba="0,0" hai="64,66,133,134,135" m="57767,5675,25959" machi="134" ten="30,2000,0" yaku="20,1,54,1" doraHai="71" who="1" fromWho="0" sc="114,-20,458,20,109,0,319,0" /><INIT seed="5,0,0,1,5,62" ten="94,478,109,319" oya="1" hai0="84,112,76,2,39,71,130,29,27,117,67,38,85" hai1="118,64,128,127,25,75,86,21,46,42,68,43,63" hai2="89,124,126,26,37,104,65,99,55,78,19,49,92" hai3="18,50,100,103,129,133,13,9,15,6,24,91,115"/><U69/><E118/><V23/><F37/><W57/><G115/><T102/><D117/><U110/><E75/><V83/><F104/><W44/><G129/><T131/><D2/><U47/><E128/><N who="0" m="49193" /><D112/><U94/><E127/><V79/><F83/><W70/><G70/><T77/><D102/><N who="3" m="38953" /><G133/><T51/><D51/><U93/><E110/><V4/><F4/><W66/><G24/><T41/><D84/><U58/><E69/><V82/><F65/><W125/><G91/><T3/><D3/><U7/><E7/><V87/><REACH who="2" step="1"/><F79/><REACH who="2" ten="94,478,99,319" step="2"/><W111/><G111/><T31/><D77/><U52/><E64/><V1/><F1/><W135/><G135/><T54/><D39/><U60/><E94/><V108/><F108/><W123/><G125/><T22/><D67/><U72/><E93/><V80/><F80/><W119/><G119/><T11/><D38/><U34/><E68/><V32/><F32/><W56/><G123/><T30/><D71/><U40/><E34/><V95/><F95/><W28/><G66/><T35/><D35/><U114/><E114/><V106/><F106/><W74/><G74/><T90/><D76/><U61/><E72/><V10/><F10/><N who="3" m="6519" /><G28/><T134/><D134/><U36/><E36/><V107/><F107/><W98/><G98/><T109/><D109/><U45/><E86/><V101/><F101/><W113/><G113/><T120/><D120/><U122/><E122/><V8/><F8/><W48/><G9/><T17/><D11/><U88/><E88/><V12/><F12/><W116/><G13/><T14/><D90/><U105/><E105/><RYUUKYOKU ba="0,1" sc="94,-15,478,15,99,15,319,-15" hai1="21,25,40,42,43,45,46,47,52,58,60,61,63" hai2="19,23,26,49,55,78,82,87,89,92,99,124,126" /><INIT seed="5,1,1,4,3,127" ten="79,493,114,304" oya="1" hai0="70,133,90,131,44,65,49,103,0,26,68,45,80" hai1="37,11,64,119,108,35,97,120,50,91,42,96,113" hai2="34,13,48,36,105,7,130,73,46,32,21,38,57" hai3="69,122,92,12,19,4,60,132,6,88,87,82,117"/><U25/><E119/><V61/><F105/><W126/><G126/><T9/><D133/><U40/><E120/><V2/><F73/><W79/><G132/><T100/><D26/><U23/><E35/><V128/><F2/><W85/><G122/><T1/><D65/><U123/><E123/><V78/><F78/><W107/><G107/><T53/><D9/><U102/><E37/><V29/><F38/><W77/><G117/><T76/><D90/><U106/><E113/><V47/><F36/><W18/><G77/><T115/><D76/><U66/><E108/><V93/><F93/><W71/><G18/><T72/><D80/><U56/><E11/><N who="2" m="4351" /><F21/><W30/><G30/><T89/><D89/><U31/><E64/><N who="2" m="38959" /><F29/><W86/><G69/><T43/><D72/><U121/><E121/><V124/><F47/><W17/><G17/><T110/><D110/><U8/><E8/><V55/><F124/><W99/><G71/><T116/><D116/><U84/><E97/><V28/><F28/><W95/><G60/><T51/><D115/><U75/><E75/><V3/><F3/><W15/><G15/><T134/><D134/><U114/><E114/><V94/><F94/><W101/><REACH who="3" step="1"/><G85/><REACH who="3" ten="79,493,114,294" step="2"/><T81/><D68/><U74/><E74/><V118/><F118/><W20/><AGARI ba="1,2" hai="4,6,12,19,20,79,82,86,87,88,92,95,99,101" machi="20" ten="20,12000,2" yaku="1,1,2,1,0,1,7,1,8,1,54,1,53,1" doraHai="127" doraHaiUra="10" who="3" fromWho="3" sc="79,-31,493,-61,114,-31,294,143" /><INIT seed="6,0,0,1,0,41" ten="48,432,83,437" oya="2" hai0="50,99,113,39,115,112,60,96,75,77,15,70,52" hai1="118,79,31,20,105,7,1,120,119,131,55,56,9" hai2="86,4,114,98,84,58,125,71,133,57,18,68,17" hai3="122,73,51,25,117,14,102,3,35,72,121,22,92"/><V108/><F114/><W0/><G117/><T94/><D39/><U47/><E105/><V135/><F98/><N who="3" m="59719" /><G35/><T69/><D96/><U43/><E131/><V53/><F4/><W24/><G3/><T12/><D77/><U87/><E120/><V33/><F33/><W16/><G0/><T116/><D75/><U89/><E79/><V29/><F29/><N who="3" m="17559" /><G72/><T106/><D106/><U129/><E129/><V28/><F28/><W83/><G73/><T101/><D116/><U34/><E34/><V80/><F80/><W127/><G127/><T126/><D126/><U38/><E20/><V62/><F125/><W81/><G122/><T128/><D128/><U36/><E36/><V64/><F108/><W90/><G121/><T23/><D23/><U74/><E31/><V59/><F53/><W30/><G90/><T124/><D124/><U82/><REACH who="1" step="1"/><E74/><REACH who="1" ten="48,422,83,437" step="2"/><V85/><REACH who="2" step="1"/><F71/><REACH who="2" ten="48,422,73,437" step="2"/><W107/><G30/><T27/><D70/><U21/><E21/><V8/><F8/><W42/><G107/><T130/><D130/><U32/><E32/><V97/><F97/><W2/><G25/><T11/><D11/><U48/><AGARI ba="0,2" hai="1,7,9,38,43,47,48,55,56,82,87,89,118,119" machi="48" ten="20,5200,0" yaku="1,1,0,1,7,1,52,1,53,0" doraHai="41" doraHaiUra="65" who="1" fromWho="1" sc="48,-13,422,72,73,-26,437,-13" /><INIT seed="7,0,0,0,5,24" ten="35,494,47,424" oya="3" hai0="13,86,120,1,59,55,2,123,126,82,129,43,66" hai1="67,5,71,131,62,87,117,108,84,49,39,9,64" hai2="68,92,98,130,32,38,20,103,56,74,65,10,34" hai3="7,29,33,76,44,109,54,4,114,69,22,112,30"/><W53/><G69/><T116/><D116/><U0/><E108/><V8/><F74/><W46/><G33/><T75/><D75/><U121/><E121/><V63/><F38/><W60/><G109/><T89/><D129/><U21/><E131/><V15/><F130/><W77/><G60/><T135/><D135/><U11/><E67/><V28/><F68/><W19/><G19/><T101/><D126/><U95/><E39/><V72/><F72/><W31/><G31/><T102/><D43/><U119/><E21/><AGARI ba="0,0" hai="4,7,21,22,29,30,44,46,53,54,76,77,112,114" machi="21" ten="25,9600,0" yaku="22,2,52,2" doraHai="24" who="3" fromWho="1" sc="35,0,494,-96,47,0,424,96" owari="35,-46.0,398,20.0,47,-35.0,520,61.0" /></mjloggm>