<mjloggm ver="2.3"><GO type="169" lobby="0"/><UN n0="%41%2E%4B%39%6D%65%63" n1="%E4%BE%8D" n2="%E3%81%B4%E3%82%8C" n3="%E4%B9%BE%E5%9D%A4%E5%8D%81%E4%BA%94%E6%93%B2" dan="17,18,16,16" rate="2273.20,2237.41,2104.98,2133.18" sx="M,M,M,M"/><TAIKYOKU oya="0"/><INIT seed="0,0,0,5,2,134" ten="250,250,250,250" oya="0" hai0="48,98,42,11,44,33,83,72,110,64,40,114,119" hai1="123,8,111,55,37,78,104,69,2,7,62,18,28" hai2="76,115,107,88,75,65,10,47,80,96,85,17,36" hai3="95,118,112,41,73,4,39,130,16,12,25,90,105"/><T43/><D114/><U27/><E123/><V71/><F115/><W128/><G118/><T21/><D119/><U0/><E111/><V19/><F10/><W52/><G105/><T20/><D33/><U101/><E78/><V127/><F127/><W117/><G73/><T58/><D110/><U82/><E82/><V22/><F22/><W135/><G117/><T59/><D11/><U89/><E89/><V5/><F5/><W32/><G112/><T23/><D98/><U45/><E18/><V6/><F6/><W68/><G68/><T116/><D116/><U133/><E133/><V35/><F35/><W129/><G135/><T24/><D24/><U81/><E81/><V14/><F14/><W124/><G124/><T46/><D83/><U122/><E55/><V54/><F65/><W70/><G70/><T66/><D72/><U121/><E45/><N who="0" m="17513" /><D48/><U125/><E37/><V13/><F13/><W9/><G39/><T34/><D34/><N who="1" m="20767" /><E0/><V56/><F71/><W132/><G132/><T108/><D108/><U57/><E125/><V26/><F26/><W61/><G32/><T49/><D49/><U31/><E122/><V113/><F113/><W60/><G41/><T91/><D91/><U100/><E69/><V87/><F75/><W106/><G130/><T126/><D126/><U86/><E121/><V63/><F96/><W120/><G120/><T15/><D15/><U92/><E104/><V97/><F97/><W102/><G129/><T51/><D51/><U131/><E131/><V103/><F107/><W3/><G128/><T109/><D109/><U53/><E31/><RYUUKYOKU ba="0,0" sc="250,15,250,15,250,-15,250,-15" hai0="20,21,23,40,42,43,58,59,64,66" hai1="2,7,8,53,57,62,86,92,100,101" /><INIT seed="0,1,0,2,3,4" ten="265,265,235,235" oya="0" hai0="117,52,71,66,23,82,135,31,57,89,30,131,43" hai1="46,79,51,0,77,32,84,44,62,127,26,121,45" hai2="55,21,76,101,8,29,70,11,63,123,74,114,9" hai3="24,95,91,97,128,111,87,13,126,5,83,64,93"/><T72/><D117/><U85/><E121/><V18/><F123/><W81/><G111/><T119/><D119/><U65/><E0/><V22/><F114/><W33/><G126/><T19/><D135/><U60/><E127/><V41/><F41/><W113/><G128/><T6/><D131/><U39/><E39/><V14/><F101/><W98/><G113/><T116/><D116/><U96/><E51/><V50/><F74/><W120/><G120/><T124/><D124/><U38/><E38/><V73/><F73/><W47/><G64/><T88/><D43/><U118/><E118/><V35/><F35/><W17/><G47/><T37/><D37/><U122/><E122/><V16/><F76/><N who="1" m="29257" /><E32/><V67/><F29/><W102/><G87/><N who="1" m="33354" /><E26/><V110/><F110/><W100/><G102/><T2/><D72/><U92/><E65/><V133/><F133/><W68/><G68/><T134/><D134/><U104/><E104/><V49/><REACH who="2" step="1"/><F55/><REACH who="2" ten="265,265,225,235" step="2"/><W99/><G33/><T129/><D129/><U28/><E28/><V103/><F103/><AGARI ba="1,1" hai="44,45,46,60,62,92,96,103" m="33354,29257" machi="103" ten="30,1000,0" yaku="8,1" doraHai="4" who="1" fromWho="2" sc="265,0,265,23,225,-13,235,0" /><INIT seed="1,0,0,5,3,11" ten="265,288,212,235" oya="1" hai0="25,94,62,43,117,70,34,66,14,80,31,114,61" hai1="42,44,133,30,125,120,21,84,22,100,135,29,107" hai2="132,82,65,89,108,116,18,97,111,38,67,75,93" hai3="112,8,50,85,57,86,90,49,99,127,58,69,48"/><U128/><E120/><V45/><F116/><W73/><G73/><T36/><D117/><U63/><E84/><V72/><F132/><N who="1" m="50761" /><E107/><V98/><F38/><W24/><G112/><T105/><D105/><U129/><E100/><V35/><F35/><W55/><G69/><T121/><D114/><U109/><E63/><V52/><F97/><W20/><G127/><T103/><D121/><U60/><E60/><V7/><F7/><W123/><G123/><T32/><D62/><U15/><E109/><N who="2" m="42059" /><F18/><W33/><G33/><T76/><D34/><U10/><E44/><V59/><F45/><W130/><G130/><N who="1" m="50282" /><E42/><V2/><F2/><W27/><G99/><T47/><D103/><U77/><E77/><N who="2" m="44327" /><F75/><W74/><G74/><T110/><D110/><U17/><E125/><V96/><F96/><W91/><G49/><AGARI ba="0,0" hai="49,52,59,65,67,89,93,98" m="44327,42059" machi="49" ten="30,2000,0" yaku="14,1,54,1" doraHai="11" who="2" fromWho="3" sc="265,0,288,0,212,20,235,-20" /><INIT seed="2,0,0,5,3,34" ten="265,288,232,215" oya="2" hai0="99,112,92,4,94,132,128,102,80,82,49,16,59" hai1="41,101,134,61,66,12,81,114,69,87,55,74,104" hai2="130,90,15,120,21,96,108,110,10,67,60,28,64" hai3="38,47,65,97,63,6,109,0,98,18,86,35,126"/><V85/><F120/><W32/><G109/><N who="2" m="42089" /><F130/><W72/><G126/><T135/><D112/><U70/><E114/><V27/><F96/><W93/><G72/><T43/><D4/><U95/><E134/><N who="0" m="51241" /><D128/><U20/><E41/><V2/><F60/><W111/><G111/><T53/><D43/><U113/><E74/><V19/><F2/><W123/><G123/><T76/><D76/><U11/><E20/><V118/><F118/><W7/><G47/><T25/><D94/><AGARI ba="0,0" hai="10,15,19,21,27,28,64,67,85,90,94" m="42089" machi="94" ten="30,2900,0" yaku="14,1,10,1" doraHai="34" who="2" fromWho="0" sc="265,-29,288,0,232,29,215,0" /><INIT seed="2,1,0,4,2,90" ten="236,288,261,215" oya="2" hai0="89,124,1,3,92,121,55,105,27,134,7,81,99" hai1="128,14,21,77,59,74,129,22,112,125,94,2,107" hai2="58,56,122,75,53,85,126,44,115,10,104,12,96" hai3="116,6,39,108,109,34,66,49,48,69,130,41,45"/><V100/><F115/><W11/><G34/><T50/><D121/><U68/><E112/><V110/><F122/><W42/><G116/><T25/><D134/><U37/><E68/><V64/><F75/><W46/><G11/><T135/><D135/><U73/><E107/><V71/><F126/><W4/><G4/><T24/><D124/><U5/><E37/><V76/><F110/><W111/><G6/><T57/><D7/><U8/><E125/><V113/><F113/><W33/><G33/><T101/><REACH who="0" step="1"/><D81/><REACH who="0" ten="226,288,261,215" step="2"/><U83/><E2/><V97/><F71/><W95/><G130/><T19/><D19/><U123/><E123/><V61/><F96/><AGARI ba="1,1" hai="1,3,24,25,27,50,55,57,89,92,96,99,101,105" machi="96" ten="40,2600,0" yaku="1,1,52,1,53,0" doraHai="90" doraHaiUra="29" who="0" fromWho="2" sc="226,39,288,0,261,-29,215,0" /><INIT seed="3,0,0,2,0,78" ten="265,288,232,215" oya="3" hai0="110,43,29,94,127,20,89,86,123,36,30,115,28" hai1="63,92,106,131,38,97,100,76,41,25,31,56,39" hai2="6,84,2,58,46,64,77,125,67,128,42,103,35" hai3="129,34,79,5,71,59,68,124,53,55,32,7,22"/><W44/><G124/><T104/><D123/><U121/><E131/><V49/><F35/><W99/><G129/><T108/><D127/><U15/><E121/><V133/><F125/><W118/><G118/><T90/><D104/><U134/><E134/><V40/><F133/><W13/><G99/><T66/><D115/><U48/><E106/><V8/><F128/><W54/><G44/><T114/><D114/><U95/><E76/><V81/><F58/><W52/><G79/><T62/><D20/><U96/><E15/><V19/><F42/><W132/><G132/><T91/><D36/><U75/><E75/><V82/><F103/><W3/><G3/><T24/><D24/><U88/><E48/><V4/><F4/><W50/><G34/><T12/><D12/><U122/><E41/><V17/><REACH who="2" step="1"/><F82/><REACH who="2" ten="265,288,222,215" step="2"/><W61/><G32/><T26/><D43/><U21/><REACH who="1" step="1"/><E122/><REACH who="1" ten="265,278,222,215" step="2"/><V65/><AGARI ba="0,2" hai="2,6,8,17,19,40,46,49,64,65,67,77,81,84" machi="65" ten="30,7900,0" yaku="1,1,2,1,0,1,52,1,53,0" doraHai="78" doraHaiUra="87" who="2" fromWho="2" sc="265,-20,278,-20,222,99,215,-39" /><INIT seed="4,0,0,3,4,92" ten="245,258,321,176" oya="0" hai0="60,58,84,129,25,120,102,135,3,59,128,69,108" hai1="80,41,43,46,134,89,51,132,62,70,105,124,27" hai2="63,87,12,110,68,121,34,91,16,6,95,33,55" hai3="131,4,8,113,127,96,79,39,17,122,65,49,112"/><T2/><D120/><U115/><E105/><V42/><F121/><W133/><G39/><T30/><D135/><N who="1" m="51755" /><E27/><V61/><F110/><W86/><G133/><T7/><D108/><U71/><E89/><V118/><F6/><W98/><G122/><T5/><D84/><U45/><E80/><V23/><F118/><W117/><G117/><T14/><D69/><N who="1" m="26123" /><E124/><V130/><F130/><N who="0" m="50282" /><D102/><U103/><E103/><V74/><F42/><N who="1" m="15881" /><E115/><N who="3" m="44106" /><G131/><T123/><D123/><U19/><E19/><V66/><F74/><W24/><G127/><T37/><D37/><U88/><E88/><V18/><F18/><W0/><G17/><T53/><D59/><U85/><E85/><V82/><F82/><W22/><G22/><N who="0" m="15671" /><D14/><U94/><E94/><V47/><F34/><W10/><G24/><T52/><D53/><U1/><E1/><AGARI ba="0,0" hai="1,2,3,5,7,52,58,60" m="15671,50282" machi="1" ten="30,2900,0" yaku="19,1,54,1" doraHai="92" who="0" fromWho="1" sc="245,29,258,-29,321,0,176,0" /><INIT seed="4,1,0,5,2,42" ten="274,229,321,176" oya="0" hai0="3,74,101,62,106,43,119,18,29,46,88,107,114" hai1="16,128,49,100,0,9,24,61,31,98,30,120,22" hai2="96,95,112,87,127,79,67,11,57,38,50,93,129" hai3="6,86,83,32,28,14,115,77,89,72,132,41,82"/><T54/><D119/><U84/><E120/><V52/><F38/><W15/><G132/><T36/><D74/><U126/><E128/><V131/><F112/><W110/><G115/><T135/><D114/><U111/><E111/><V4/><F127/><W97/><G110/><T56/><D135/><U76/><E126/><V90/><F67/><W71/><G71/><T94/><D101/><U69/><E76/><V37/><F37/><W133/><G133/><T105/><D29/><U27/><E84/><V39/><F39/><W51/><G28/><T78/><D78/><U59/><E69/><V117/><F117/><W10/><G32/><T64/><D3/><U60/><E0/><V123/><F123/><W121/><G97/><T33/><D33/><U23/><E49/><V34/><F34/><W134/><G134/><T65/><REACH who="0" step="1"/><D18/><REACH who="0" ten="264,229,321,176" step="2"/><U103/><E100/><V99/><F79/><W20/><G121/><T108/><D108/><U118/><E118/><V85/><F129/><W125/><G125/><T116/><D116/><U91/><E103/><V44/><F131/><W122/><G122/><T130/><D130/><U53/><E31/><V45/><F4/><W109/><G109/><T47/><D47/><N who="2" m="17994" /><F11/><W104/><G77/><T75/><D75/><U92/><E9/><V21/><F21/><W26/><G72/><T80/><D80/><U58/><E58/><V102/><AGARI ba="1,1" hai="50,52,57,85,87,90,93,95,96,99,102" m="17994" machi="102" ten="30,8000,1" yaku="8,1,52,3,54,1" doraHai="42" who="2" fromWho="2" sc="264,-41,229,-21,321,93,176,-21" /><INIT seed="5,0,0,5,0,53" ten="223,208,414,155" oya="1" hai0="9,121,7,119,84,0,110,59,91,128,117,48,70" hai1="101,83,38,34,28,47,50,135,3,99,1,11,95" hai2="86,80,130,22,46,2,87,36,100,18,125,68,131" hai3="15,78,29,134,19,14,85,77,71,106,97,72,107"/><U21/><E135/><V93/><F68/><W55/><G71/><T133/><D110/><U112/><E112/><V60/><F2/><W105/><G72/><T45/><D70/><U89/><E38/><V56/><F125/><W35/><G134/><T126/><D133/><U10/><E34/><V123/><F123/><W124/><G124/><T42/><D126/><U44/><E1/><V30/><F30/><W120/><G120/><T33/><D33/><U66/><E3/><V24/><F46/><W54/><G97/><T25/><D128/><N who="2" m="49194" /><F36/><W16/><G29/><T127/><D121/><U113/><E113/><V114/><F114/><W79/><G85/><T62/><D25/><N who="1" m="16431" /><E66/><N who="2" m="39175" /><F80/><W13/><REACH who="3" step="1"/><G35/><REACH who="3" ten="223,208,414,145" step="2"/><T122/><D122/><U81/><E101/><V118/><F118/><W61/><G61/><T73/><D127/><U41/><E44/><V23/><F23/><W39/><G39/><T12/><D119/><U43/><E41/><V20/><F20/><W92/><G92/><T111/><D117/><U115/><E115/><V49/><F49/><W98/><G98/><AGARI ba="0,1" hai="18,22,24,86,87,93,98,100" m="39175,49194" machi="98" ten="30,2000,0" yaku="19,1,52,1" doraHai="53" who="2" fromWho="3" sc="223,0,208,0,414,30,145,-20" /><INIT seed="6,0,0,0,0,86" ten="223,208,444,125" oya="2" hai0="62,54,45,74,15,13,40,30,114,34,46,61,121" hai1="26,73,57,36,76,31,66,10,124,32,67,35,21" hai2="16,93,99,60,20,5,113,95,18,100,80,118,128" hai3="0,106,135,81,68,87,39,122,91,126,116,98,77"/><V1/><F118/><W119/><G68/><T134/><D121/><U82/><E124/><V88/><F113/><W112/><G39/><T3/><D3/><U49/><E36/><V107/><F128/><W58/><G0/><T25/><D74/><U27/><E10/><V22/><F107/><W120/><G58/><T51/><D114/><U92/><E67/><V103/><F80/><W29/><G29/><T59/><D134/><U7/><E7/><V14/><F60/><W84/><G112/><T132/><D132/><U47/><E92/><V85/><F1/><W70/><G70/><T105/><D105/><U42/><REACH who="1" step="1"/><E26/><REACH who="1" ten="223,198,444,125" step="2"/><N who="2" m="14615" /><F5/><W72/><G126/><T94/><D94/><U33/><E33/><V28/><F28/><W102/><G135/><T129/><D30/><U55/><E55/><V125/><F125/><W53/><G53/><T90/><D54/><U71/><E71/><V127/><F127/><W130/><G130/><T63/><D34/><U8/><E8/><V24/><F24/><W64/><G64/><T9/><D25/><U2/><E2/><V50/><F50/><W12/><G12/><T65/><D15/><U43/><E43/><V111/><F111/><W4/><G4/><T44/><D40/><U109/><E109/><V11/><F11/><W133/><G133/><T104/><D129/><U52/><E52/><V56/><F95/><N who="3" m="54783" /><G84/><T38/><D38/><U19/><E19/><V97/><F16/><W117/><AGARI ba="0,1" hai="72,77,81,98,102,106,116,117,119,120,122" m="54783" machi="117" ten="30,7900,0" yaku="24,1,34,2,52,1" doraHai="86" who="3" fromWho="3" sc="223,-20,198,-20,444,-39,125,89" /><INIT seed="7,0,0,5,2,52" ten="203,178,405,214" oya="3" hai0="34,5,30,112,88,111,46,37,100,79,48,61,2" hai1="39,115,19,16,107,91,113,116,60,18,76,73,3" hai2="47,120,50,62,86,53,13,11,78,67,28,64,49" hai3="131,83,90,77,43,85,59,132,38,72,32,103,14"/><W71/><G71/><T105/><D111/><U110/><E110/><V27/><F120/><W57/><G32/><T124/><D37/><U128/><E39/><V98/><F98/><W121/><G121/><T66/><D79/><U87/><E3/><V31/><F50/><W22/><G103/><T102/><D105/><U94/><E128/><V54/><F54/><W51/><G131/><T68/><D124/><U101/><E116/><V4/><F27/><W130/><G130/><T17/><D112/><N who="1" m="43083" /><E60/><V36/><F36/><W134/><G38/><T65/><D65/><N who="2" m="25162" /><F62/><W74/><G74/><T45/><D61/><U21/><E107/><V122/><F122/><W55/><G43/><T81/><D66/><U33/><E33/><V129/><F129/><W109/><G109/><T8/><D68/><U126/><E101/><V117/><F117/><W20/><G134/><T89/><D102/><U70/><E70/><V118/><F118/><W106/><G106/><T7/><D100/><U56/><E126/><V1/><F1/><W135/><G135/><T29/><D34/><U24/><E56/><N who="3" m="21578" /><G132/><T97/><D2/><U133/><E133/><V25/><F25/><W41/><G41/><T127/><D127/><U119/><E119/><V114/><F114/><W26/><G26/><T15/><D48/><U92/><E92/><V82/><AGARI ba="0,0" hai="4,11,13,28,31,47,49,53,78,82,86" m="25162" machi="82" ten="30,1100,0" yaku="8,1" doraHai="52" who="2" fromWho="2" sc="203,-3,178,-3,405,11,214,-5" owari="200,-20.0,175,-32.0,416,51.0,209,1.0" /></mjloggm>