<mjloggm ver="2.3"><GO type="169" lobby="0"/><UN n0="%E3%81%9F%E3%81%8B%E3%81%A3%E3%81%A6%E3%81%83%E3%83%BC" n1="%E5%BD%A9%E4%BA%AC" n2="%68%61%72%75%6B%61%73" n3="%E8%A5%BF%E6%9D%91%E9%9B%84%E4%B8%80%E9%83%8E" dan="17,17,17,18" rate="2221.95,2196.33,2120.64,2320.36" sx="F,M,M,M"/><TAIKYOKU oya="0"/><INIT seed="0,0,0,3,3,0" ten="250,250,250,250" oya="0" hai0="75,21,109,14,96,7,59,82,12,127,33,65,115" hai1="114,8,98,79,11,99,15,97,17,121,61,37,89" hai2="45,67,87,40,63,4,113,124,76,74,119,62,22" hai3="71,102,92,28,105,117,112,91,78,70,51,101,100"/><T38/><D33/><U30/><E121/><V39/><F113/><W41/><G105/><T110/><D115/><U116/><E116/><V126/><F119/><W24/><G117/><T47/><D127/><U118/><E118/><V54/><F74/><W31/><G78/><T26/><D96/><U80/><E37/><V25/><F54/><W52/><G41/><T55/><D65/><U1/><E114/><V122/><F122/><W35/><G31/><T32/><D32/><U50/><E30/><V95/><F4/><W29/><G29/><T128/><D128/><U88/><E61/><V130/><F130/><W53/><G53/><T16/><D75/><U106/><E106/><V132/><F132/><W3/><G3/><T81/><D47/><U60/><E60/><V66/><F63/><W69/><G112/><T46/><D46/><U36/><E36/><V27/><F66/><W9/><G9/><N who="0" m="4159" /><D38/><U13/><E50/><V85/><F87/><W90/><REACH who="3" step="1"/><G92/><REACH who="3" ten="250,250,250,240" step="2"/><T68/><D55/><U93/><E1/><V48/><F95/><W34/><G34/><T83/><D68/><U23/><E93/><V43/><F126/><W5/><G5/><T73/><D73/><U135/><E135/><V6/><F6/><W58/><AGARI ba="0,1" hai="24,28,35,51,52,58,69,70,71,90,91,100,101,102" machi="58" ten="40,5200,0" yaku="1,1,0,1,54,1,53,0" doraHai="0" doraHaiUra="77" who="3" fromWho="3" sc="250,-26,250,-13,250,-13,240,62" /><INIT seed="1,0,0,4,5,84" ten="224,237,237,302" oya="1" hai0="47,42,35,99,81,0,11,88,21,91,86,28,46" hai1="3,94,93,52,92,48,119,74,85,31,114,133,69" hai2="12,26,101,54,72,9,87,90,49,13,80,62,15" hai3="50,82,24,109,8,112,41,134,63,100,70,71,59"/><U106/><E119/><V113/><F72/><W29/><G112/><T127/><D35/><U120/><E114/><V36/><F36/><W23/><G109/><T77/><D127/><U129/><E120/><V96/><F26/><W56/><G134/><T51/><D0/><U7/><E69/><V79/><F62/><W43/><G100/><T5/><D99/><U125/><E74/><V60/><F60/><W73/><G8/><T132/><D132/><U108/><E106/><V40/><F40/><W6/><G6/><T83/><D83/><U118/><E118/><V64/><F64/><W97/><G97/><T61/><D61/><U39/><E39/><V2/><F2/><W68/><G59/><T22/><D47/><U66/><E133/><V111/><F111/><W27/><G50/><T117/><D117/><U128/><E108/><V25/><F25/><W34/><G82/><T1/><REACH who="0" step="1"/><D28/><REACH who="0" ten="214,237,237,302" step="2"/><U58/><E31/><V10/><F113/><W116/><G116/><T104/><D104/><U123/><E125/><V131/><F131/><N who="1" m="50249" /><E123/><V124/><F124/><W103/><G34/><T55/><D55/><U135/><E135/><V122/><F122/><W32/><G32/><T4/><D4/><U121/><E121/><V45/><REACH who="2" step="1"/><F79/><REACH who="2" ten="214,237,227,302" step="2"/><W18/><G29/><T57/><D57/><U107/><E66/><V19/><F19/><W110/><G18/><T126/><D126/><U95/><E3/><V76/><F76/><W102/><G110/><T16/><D16/><U37/><E7/><V115/><F115/><W17/><G70/><T98/><D98/><U20/><E52/><RYUUKYOKU ba="0,2" sc="214,15,237,-15,227,15,302,-15" hai0="1,5,11,21,22,42,46,51,77,81,86,88,91" hai2="9,10,12,13,15,45,49,54,80,87,90,96,101" /><INIT seed="2,1,2,3,3,67" ten="229,222,242,287" oya="2" hai0="78,7,48,68,37,27,85,89,6,116,51,8,35" hai1="93,110,55,4,28,101,128,10,57,38,12,30,2" hai2="105,3,59,94,134,49,11,100,121,114,70,132,58" hai3="135,88,40,90,130,9,84,81,103,82,42,54,50"/><V47/><F114/><W75/><G130/><T60/><D37/><U133/><E128/><V97/><F121/><W64/><G135/><N who="2" m="51753" /><F105/><W98/><G64/><T13/><D116/><U16/><E133/><V34/><F34/><W24/><G24/><T108/><D78/><U1/><E38/><V15/><F3/><W119/><G9/><T79/><D79/><U92/><E110/><V62/><F62/><W91/><G75/><T86/><D108/><U104/><E2/><V74/><F70/><W5/><G5/><T102/><D102/><U72/><E72/><V95/><F95/><N who="3" m="58847" /><G119/><T125/><D7/><U76/><E76/><V113/><F113/><W39/><G39/><T87/><D89/><N who="3" m="34409" /><G81/><T118/><D118/><U80/><E80/><V129/><F74/><W123/><G123/><T83/><D83/><U52/><E104/><V120/><F120/><W122/><G122/><T43/><D43/><U65/><E101/><V73/><F73/><W131/><G131/><T19/><D35/><U17/><E1/><V44/><F129/><W115/><G115/><T31/><D6/><U22/><E4/><N who="2" m="3559" /><F44/><AGARI ba="1,2" hai="40,42,44,50,54,82,84,91" m="34409,58847" machi="44" ten="30,2000,0" yaku="8,1,54,1" doraHai="67" who="3" fromWho="2" sc="229,0,222,0,242,-23,287,43" /><INIT seed="3,0,0,0,1,46" ten="229,222,219,330" oya="3" hai0="36,78,77,5,7,100,28,25,17,105,38,97,40" hai1="81,1,22,4,13,48,133,95,115,44,19,8,37" hai2="134,51,114,83,121,49,26,52,47,31,116,6,125" hai3="10,72,111,21,130,20,74,54,86,24,27,112,104"/><W11/><G104/><T3/><D17/><U118/><E115/><V129/><F114/><W50/><G112/><T34/><D40/><U61/><E133/><V79/><F116/><W2/><G130/><T102/><D102/><U103/><E118/><V120/><F134/><W18/><G111/><T128/><D128/><U110/><E110/><V23/><F129/><W99/><G99/><T107/><D107/><U132/><E132/><V42/><F6/><W91/><G2/><T41/><D41/><U84/><E37/><V67/><F67/><W71/><G71/><T29/><D29/><U0/><E61/><V64/><F64/><W14/><G72/><T63/><D63/><U98/><E1/><V90/><F90/><W58/><G74/><T80/><D78/><U75/><E75/><V35/><F125/><W70/><G70/><T122/><D122/><N who="2" m="47210" /><F83/><W66/><G66/><T127/><D127/><U55/><E0/><V113/><F79/><W82/><G14/><T88/><D88/><N who="1" m="51215" /><E22/><V9/><F9/><W131/><G131/><T45/><D3/><U87/><E87/><V16/><F113/><W73/><G73/><T135/><D135/><U123/><E123/><V53/><F51/><W126/><G126/><T85/><D38/><U65/><E65/><V32/><F32/><W109/><G109/><T76/><D76/><U15/><E4/><V60/><F60/><W94/><G82/><T89/><D77/><U92/><E92/><V124/><F124/><W101/><G101/><T96/><D96/><U69/><E69/><V59/><F59/><W43/><G58/><RYUUKYOKU ba="0,0" sc="229,10,222,10,219,10,330,-30" hai0="5,7,25,28,34,36,45,80,85,89,97,100,105" hai1="8,13,15,19,44,48,55,95,98,103" hai2="16,23,26,31,35,42,47,49,52,53" /><INIT seed="4,1,0,4,0,77" ten="239,232,229,300" oya="0" hai0="64,33,59,124,30,83,88,81,22,122,5,72,108" hai1="24,116,57,0,42,129,67,76,121,135,43,125,46" hai2="103,110,69,38,128,126,120,68,134,94,85,62,82" hai3="32,50,111,107,44,89,6,99,117,15,23,65,114"/><T21/><D122/><U37/><E0/><V40/><F110/><W73/><G32/><T101/><D108/><U105/><E105/><V55/><F120/><W92/><G111/><T132/><D132/><U4/><E121/><V119/><F134/><W45/><G73/><T71/><D71/><U90/><E135/><V20/><F128/><W133/><G117/><T3/><D101/><U87/><E116/><V102/><F119/><W63/><G114/><T100/><D100/><U93/><E129/><V51/><F38/><W41/><G107/><T35/><D124/><U39/><E4/><V131/><F126/><W106/><G106/><T28/><D72/><U113/><E113/><V115/><F115/><W79/><G79/><T118/><D118/><U13/><E13/><V52/><F69/><W109/><G109/><T96/><D5/><U14/><E14/><V49/><F40/><W123/><G123/><T130/><D3/><U26/><E125/><V9/><F9/><W19/><G44/><T48/><D130/><U86/><E43/><V12/><F68/><W70/><G6/><T17/><D35/><U95/><E39/><V74/><F62/><W25/><G15/><N who="0" m="9407" /><D33/><U11/><E11/><V60/><F74/><W10/><G10/><T56/><D48/><U47/><E37/><V1/><F51/><W91/><G133/><T84/><D96/><U104/><E104/><V112/><F1/><W29/><G19/><T98/><D30/><U80/><E26/><V8/><F112/><W66/><G66/><T7/><D7/><U127/><E24/><V54/><F131/><RYUUKYOKU ba="1,0" sc="239,-10,232,-10,229,-10,300,30" hai3="23,25,29,41,45,50,63,65,70,89,91,92,99" /><INIT seed="5,2,0,5,1,114" ten="229,222,219,330" oya="1" hai0="72,85,108,56,77,100,27,24,130,33,74,43,55" hai1="60,22,40,127,15,30,68,17,75,3,0,44,132" hai2="103,26,36,109,48,106,9,115,29,4,19,58,135" hai3="95,102,50,59,73,37,131,34,25,94,2,8,20"/><U62/><E75/><V7/><F36/><W46/><G34/><T101/><D108/><U41/><E132/><V93/><F106/><W120/><G120/><T81/><D130/><U54/><E127/><V82/><F109/><W105/><G73/><T13/><D43/><U107/><E107/><V121/><F121/><W57/><G37/><T14/><D74/><U67/><E41/><V86/><F135/><W134/><G2/><T88/><D100/><U18/><E30/><V71/><F71/><W42/><G8/><T11/><D101/><U10/><E60/><V23/><F115/><W76/><G76/><T98/><D33/><U116/><E54/><N who="2" m="32071" /><F9/><W51/><G131/><T99/><D14/><U117/><E3/><V110/><F29/><W28/><G134/><T49/><D72/><U104/><E104/><V63/><F63/><W118/><G118/><T70/><D70/><U66/><E66/><V78/><F110/><W126/><G126/><T113/><D113/><U79/><E79/><V111/><F111/><W64/><G64/><T90/><D77/><U47/><E0/><V1/><F1/><W123/><G123/><T122/><D122/><U97/><E97/><AGARI ba="2,0" hai="4,7,19,23,26,78,82,86,93,97,103" m="32071" machi="97" ten="30,1000,0" yaku="8,1" doraHai="114" who="2" fromWho="1" sc="229,0,222,-16,219,16,330,0" /><INIT seed="6,0,0,1,0,53" ten="229,206,235,330" oya="2" hai0="37,64,95,0,120,32,68,61,91,110,63,49,118" hai1="96,9,107,42,25,14,101,20,59,24,94,113,19" hai2="128,115,119,29,85,103,16,135,66,79,127,55,126" hai3="13,23,6,123,86,43,51,73,35,102,33,54,48"/><V108/><F119/><W93/><G73/><T132/><D37/><U97/><E113/><V109/><F115/><W1/><G1/><T133/><D120/><U83/><E42/><V50/><F66/><W100/><G33/><T104/><D104/><U82/><E25/><V31/><F103/><W62/><G35/><T88/><D110/><N who="2" m="42602" /><F128/><W52/><G43/><T74/><D32/><U47/><E47/><V130/><F130/><W7/><G62/><T72/><D0/><U60/><E97/><V10/><F79/><W76/><G123/><T77/><D118/><U27/><E27/><V3/><F85/><W12/><G86/><T5/><D5/><N who="1" m="3375" /><E107/><V134/><F16/><W18/><G76/><T58/><D77/><U105/><E105/><V39/><F10/><N who="3" m="4191" /><G93/><T8/><D8/><U34/><E34/><V84/><F84/><W46/><G6/><T40/><D74/><U67/><AGARI ba="0,0" hai="19,20,24,59,60,67,82,83,94,96,101" m="3375" machi="67" ten="30,2000,0" yaku="8,1,52,1" doraHai="53" who="1" fromWho="1" sc="229,-5,206,20,235,-10,330,-5" /><INIT seed="7,0,0,5,0,76" ten="224,226,225,325" oya="3" hai0="134,38,77,112,75,129,52,41,124,1,57,93,30" hai1="113,67,2,88,18,64,55,117,51,44,54,115,118" hai2="16,102,43,101,50,86,48,84,125,100,91,45,108" hai3="39,81,60,121,20,23,63,105,58,92,40,65,79"/><W61/><G105/><T94/><D1/><U120/><E2/><V128/><F125/><W74/><G121/><T85/><D124/><U34/><E34/><V73/><F73/><W72/><G72/><T35/><D75/><U27/><E120/><V13/><F128/><W24/><G20/><T15/><D129/><U59/><E88/><V127/><F108/><W109/><G109/><T98/><D134/><U78/><E78/><V96/><F127/><W62/><G40/><T25/><D112/><N who="1" m="43083" /><E18/><V122/><F122/><W89/><G39/><T107/><D15/><U12/><E12/><V32/><F32/><W71/><G23/><T31/><D31/><U119/><E27/><V126/><F126/><W95/><G95/><T6/><D6/><U3/><E3/><V114/><F114/><W70/><REACH who="3" step="1"/><G24/><REACH who="3" ten="224,226,225,315" step="2"/><T10/><D38/><U80/><E80/><V26/><F26/><W8/><G8/><T99/><D10/><U83/><E83/><V17/><F43/><W90/><G90/><T29/><D41/><U132/><E132/><V22/><F91/><W28/><G28/><T106/><D30/><U66/><E119/><V9/><F22/><W36/><G36/><T42/><D42/><U130/><E130/><V46/><F17/><W111/><G111/><T135/><D135/><U0/><E118/><V5/><F16/><W68/><G68/><T14/><D14/><U110/><E110/><V82/><F82/><W53/><G53/><T33/><D33/><U97/><E117/><V47/><F96/><AGARI ba="0,1" hai="58,60,61,62,63,65,70,71,74,79,81,89,92,96" machi="96" ten="40,3900,0" yaku="1,1,52,1,53,0" doraHai="76" doraHaiUra="11" who="3" fromWho="2" sc="224,0,226,0,225,-39,315,49" owari="224,-18.0,226,3.0,186,-31.0,364,46.0" /></mjloggm>