<mjloggm ver="2.3"><GO type="185" lobby="0"/><UN n0="%6E%69%6B%6F%6C%75%30%33" n1="%E3%81%BF%E3%83%BC%E3%82%8F" n2="%E4%B8%96%E7%9B%B4%E3%81%97%E4%BA%BA" n3="" dan="17,17,17,0" rate="2263.66,2250.18,2234.46,1500.00" sx="M,M,M,C"/><TAIKYOKU oya="0"/><INIT seed="0,0,0,5,1,59" ten="350,350,350,0" oya="0" hai0="126,130,114,91,52,38,74,76,55,128,41,90,111" hai1="87,97,83,34,135,56,2,81,70,1,101,93,118" hai2="77,113,68,127,79,46,67,131,121,50,49,108,99" hai3=""/><T84/><D114/><U102/><E118/><V57/><N who="2" m="31008" /><V51/><F113/><T69/><D126/><U129/><E34/><V112/><F112/><T78/><D69/><U110/><E70/><V43/><F127/><T133/><D133/><U120/><N who="1" m="30752" /><U119/><E119/><V82/><F108/><T92/><D111/><U32/><E110/><V109/><F109/><T72/><D41/><U60/><E32/><V96/><F68/><T66/><D66/><U116/><E116/><V61/><F131/><N who="0" m="50218" /><D38/><U73/><E129/><V122/><N who="2" m="31264" /><V85/><REACH who="2" step="1"/><F79/><REACH who="2" ten="350,350,340,0" step="2"/><N who="0" m="30250" /><D90/><U124/><E124/><V134/><F134/><T45/><D45/><U53/><E135/><V37/><AGARI ba="0,1" hai="37,43,46,49,50,51,57,61,67,77,82,85,96,99" m="31264,31008" machi="37" ten="30,6000,1" yaku="1,1,0,1,52,3,53,0" doraHai="59" doraHaiUra="64" who="2" fromWho="2" sc="350,-40,350,-20,340,70,0,0" /><INIT seed="1,0,0,4,4,66" ten="310,330,410,0" oya="1" hai0="97,55,99,39,62,69,53,51,54,35,84,135,113" hai1="45,134,38,112,70,87,124,78,105,106,60,73,128" hai2="117,37,2,101,96,88,68,46,114,115,3,42,129" hai3=""/><U126/><E112/><V111/><F117/><T89/><D113/><U58/><E128/><V71/><F115/><T67/><D35/><U95/><E134/><V40/><F114/><T48/><D39/><U108/><E108/><V98/><F111/><T74/><D74/><U56/><E38/><V0/><F129/><T49/><REACH who="0" step="1"/><D135/><REACH who="0" ten="300,330,410,0" step="2"/><U33/><E33/><V50/><F42/><T36/><D36/><U57/><E124/><V85/><F37/><T72/><D72/><U94/><E73/><V32/><F32/><T131/><D131/><U109/><E126/><V125/><F125/><T82/><AGARI ba="0,1" hai="48,49,51,53,54,55,62,67,69,82,84,89,97,99" machi="82" ten="30,5900,0" yaku="1,1,0,1,52,1,53,1" doraHai="66" doraHaiUra="59" who="0" fromWho="0" sc="300,69,330,-39,410,-20,0,0" /><INIT seed="2,0,0,3,3,48" ten="369,291,390,0" oya="2" hai0="86,35,61,0,98,45,53,44,123,74,73,65,110" hai1="133,39,131,99,130,121,114,34,104,42,36,66,38" hai2="81,62,87,107,76,112,75,124,59,43,111,134,128" hai3=""/><V135/><F112/><T70/><N who="0" m="31520" /><T91/><D0/><U47/><N who="1" m="31008" /><U96/><E34/><V118/><F118/><T64/><D35/><U37/><E114/><V102/><F128/><N who="1" m="49193" /><E104/><V132/><F124/><T117/><D117/><U97/><E66/><V71/><F71/><T103/><D65/><U77/><E77/><V2/><F2/><T115/><D115/><U60/><E60/><V63/><F111/><T120/><N who="0" m="30752" /><T32/><D32/><U40/><E42/><V33/><F33/><T82/><D110/><U80/><E80/><V46/><F75/><T113/><D113/><U122/><N who="1" m="31264" /><U89/><E133/><V69/><F69/><T105/><REACH who="0" step="1"/><D53/><REACH who="0" ten="359,291,390,0" step="2"/><U58/><E58/><V106/><F59/><T57/><D57/><U49/><N who="1" m="9216" /><DORA hai="108" /><U83/><E83/><V94/><F134/><T84/><D84/><U68/><E68/><V90/><F135/><T79/><D79/><U85/><E85/><V88/><F132/><T127/><D127/><U72/><E72/><AGARI ba="0,1" hai="44,45,61,64,70,72,73,74,82,86,91,98,103,105" m="30752,31520" machi="72" ten="40,8000,1" yaku="1,1,52,2,53,1" doraHai="48,108" doraHaiUra="67,109" who="0" fromWho="1" sc="359,90,291,-80,390,0,0,0" /><INIT seed="4,0,0,3,1,75" ten="449,211,390,0" oya="0" hai0="114,110,77,41,126,128,96,107,103,35,97,78,65" hai1="48,62,46,54,83,125,119,42,57,120,90,124,45" hai2="133,131,135,99,72,109,64,70,134,127,94,47,59" hai3=""/><T95/><D114/><U53/><N who="1" m="30752" /><U129/><E119/><V100/><F109/><T86/><D35/><U98/><E98/><V50/><F70/><T69/><D110/><U108/><E108/><V67/><F131/><T76/><D128/><U73/><E129/><V38/><F127/><N who="1" m="48713" /><E90/><V121/><N who="2" m="31008" /><V63/><F38/><T74/><D41/><U122/><N who="1" m="31264" /><U111/><E111/><V123/><N who="2" m="31520" /><V84/><F72/><T44/><D44/><U93/><E93/><V106/><F67/><T58/><D69/><U115/><E115/><V80/><F106/><T132/><D126/><U71/><E71/><V91/><REACH who="2" step="1"/><F135/><REACH who="2" ten="449,211,380,0" step="2"/><T55/><D65/><U82/><E73/><V88/><F88/><T68/><D68/><U3/><E3/><V0/><F0/><T1/><D1/><U2/><E2/><V34/><F34/><T87/><D132/><U36/><AGARI ba="0,1" hai="36,42,45,46,48,53,54,57,62,82,83" m="31264,48713,30752" machi="36" ten="30,3000,0" yaku="18,1,52,2" doraHai="75" who="1" fromWho="1" sc="449,-20,211,40,380,-10,0,0" /><INIT seed="5,0,0,2,2,93" ten="429,251,370,0" oya="1" hai0="49,72,79,73,94,129,33,77,106,40,83,91,70" hai1="134,130,80,99,123,44,32,117,41,69,59,36,86" hai2="125,74,53,55,39,78,51,89,0,127,100,81,102" hai3=""/><U66/><N who="1" m="31520" /><U62/><E117/><V63/><F39/><T43/><D33/><U105/><E32/><V111/><F111/><T98/><D70/><U50/><E130/><V110/><F110/><T1/><D1/><U48/><E134/><V97/><F0/><T34/><D34/><U128/><E128/><V37/><F37/><T107/><D129/><U56/><E50/><V132/><F63/><T115/><D115/><U96/><E105/><V113/><F132/><T84/><D49/><U85/><E86/><V122/><N who="2" m="31264" /><V71/><F71/><T104/><D43/><U52/><E59/><V116/><F116/><T3/><D40/><U118/><E118/><V46/><F55/><T47/><D47/><U92/><E92/><V101/><F113/><T82/><D3/><U35/><E35/><V119/><F119/><T114/><D114/><U112/><E112/><V135/><F135/><T87/><AGARI ba="0,0" hai="72,73,77,79,82,83,84,87,91,94,98,104,106,107" machi="87" ten="40,12000,3" yaku="0,1,9,1,35,6,52,1" doraHai="93" who="0" fromWho="0" sc="429,120,251,-80,370,-40,0,0" /><INIT seed="6,0,0,0,0,2" ten="549,171,330,0" oya="2" hai0="41,124,57,61,42,38,121,35,47,83,126,97,114" hai1="123,117,82,64,34,129,68,98,71,77,130,32,109" hai2="111,91,128,85,119,60,36,99,0,45,39,132,94" hai3=""/><V49/><F0/><T70/><N who="0" m="31008" /><T122/><N who="0" m="31264" /><T43/><D35/><N who="1" m="13355" /><E109/><V52/><F119/><T134/><D114/><U69/><N who="1" m="31520" /><U78/><E64/><V33/><F33/><T125/><D134/><U90/><E117/><V116/><F116/><T74/><D70/><N who="1" m="17923" /><U37/><DORA hai="79" /><E37/><V1/><F1/><T127/><D124/><U93/><E82/><V56/><F132/><T100/><D83/><U73/><E73/><V107/><F111/><T51/><D74/><U131/><E77/><V95/><F107/><T89/><D38/><U106/><E78/><V54/><REACH who="2" step="1"/><F128/><REACH who="2" ten="549,171,320,0" step="2"/><T86/><D126/><U76/><E76/><V62/><F62/><T104/><D127/><U118/><E118/><V102/><AGARI ba="0,1" hai="36,39,45,49,52,54,56,60,85,91,94,95,99,102" machi="102" ten="20,5200,0" yaku="1,1,0,1,7,1,54,1,53,0" doraHai="2,79" doraHaiUra="103,66" who="2" fromWho="2" sc="549,-26,171,-26,320,62,0,0" /><INIT seed="6,1,0,1,4,44" ten="523,145,382,0" oya="2" hai0="132,107,125,33,61,112,32,80,82,58,72,53,41" hai1="76,117,91,109,124,129,135,68,104,49,34,86,93" hai2="79,39,0,67,105,55,57,85,115,88,114,47,90" hai3=""/><V1/><F105/><T43/><D112/><U40/><E76/><V78/><F67/><T37/><D107/><U134/><E86/><V111/><F111/><T126/><D132/><U99/><E91/><V69/><F69/><T38/><D53/><U36/><E93/><V121/><N who="2" m="31008" /><V81/><F47/><T51/><D51/><U97/><E99/><V95/><F39/><T42/><D58/><U128/><E49/><V120/><N who="2" m="30752" /><V118/><F118/><T60/><D42/><U94/><E97/><V84/><F1/><T116/><D72/><U89/><E94/><V46/><F46/><T119/><AGARI ba="1,0" hai="32,33,37,38,41,43,60,61,80,82,116,119,125,126" machi="119" ten="25,2400,0" yaku="0,1,22,2" doraHai="44" who="0" fromWho="0" sc="523,26,145,-9,382,-17,0,0" owari="549,49.0,136,-46.0,365,-3.0,0,0.0" /></mjloggm>