<mjloggm ver="2.3"><GO type="169" lobby="0"/><UN n0="%E8%B7%AF%E5%9C%B0%E8%A3%8F%E3%81%AE%E3%81%B2%E3%81%BE%E3%82%8F%E3%82%8A" n1="%E5%A4%A7%E5%92%8C%E7%94%B0%E9%A0%AD%E5%8F%96" n2="%E3%83%AD%E3%83%83%E3%82%BD" n3="%E3%81%BF%E3%81%8B%E3%82%82%E3%82%81" dan="16,18,17,17" rate="2127.68,2230.33,2169.46,2195.96" sx="M,M,F,M"/><TAIKYOKU oya="0"/><INIT seed="0,0,0,5,3,106" ten="250,250,250,250" oya="0" hai0="24,43,129,122,112,30,83,56,119,52,114,1,60" hai1="7,109,15,13,72,37,21,11,26,96,46,133,132" hai2="4,74,31,63,86,97,105,69,44,38,98,113,76" hai3="85,18,53,115,68,0,123,66,116,65,61,23,87"/><T19/><D119/><U126/><E96/><V20/><F113/><W58/><G116/><T45/><D122/><U71/><E71/><V22/><F86/><W99/><G115/><T134/><D134/><N who="1" m="51819" /><E37/><V62/><F4/><W36/><G0/><T49/><D129/><U94/><E94/><V82/><F98/><W118/><G118/><T50/><D1/><N who="1" m="495" /><E46/><V111/><F111/><W59/><G36/><T92/><D83/><U14/><E72/><V48/><F38/><W130/><G130/><T108/><D108/><U51/><E51/><V57/><F69/><W3/><G3/><T34/><D19/><N who="1" m="12607" /><E126/><V101/><F31/><W90/><G123/><T125/><D125/><U80/><E80/><V39/><F39/><W10/><G68/><T100/><D50/><U27/><E27/><V47/><F63/><W29/><G66/><T117/><D117/><U17/><E109/><V81/><F82/><W131/><G99/><T33/><D92/><U73/><E73/><V35/><F47/><W28/><G87/><T79/><D100/><U135/><N who="1" m="51827" /><U5/><DORA hai="95" /><E5/><V41/><REACH who="2" step="1"/><F35/><REACH who="2" ten="250,250,240,250" step="2"/><W70/><G61/><T40/><D34/><U121/><E121/><V42/><F42/><W8/><G70/><T89/><D40/><U6/><E6/><V75/><F75/><W107/><G58/><T88/><D79/><U124/><E124/><V93/><F93/><W102/><G85/><T55/><D43/><U104/><E104/><V67/><AGARI ba="0,1" hai="20,22,41,44,48,57,62,67,74,76,81,97,101,105" machi="67" ten="20,8000,1" yaku="1,1,0,1,7,1,52,2,53,0" doraHai="106,95" doraHaiUra="120,127" who="2" fromWho="2" sc="250,-40,250,-20,240,90,250,-20" /><INIT seed="1,0,0,1,4,60" ten="210,230,330,230" oya="1" hai0="19,86,3,84,124,33,55,96,49,129,30,71,128" hai1="14,67,118,81,75,93,5,48,11,126,121,110,16" hai2="47,2,41,12,18,85,105,36,95,58,106,15,134" hai3="100,68,114,119,26,21,102,40,27,89,82,52,8"/><U23/><E118/><V88/><F134/><W104/><G114/><T53/><D3/><U57/><E121/><V51/><F2/><W10/><G40/><T24/><D124/><U111/><E126/><V62/><F36/><W32/><G32/><T4/><D4/><U83/><E93/><V116/><F116/><W78/><G68/><T109/><D109/><N who="1" m="41483" /><E75/><V7/><F7/><W59/><G89/><T0/><D0/><N who="1" m="423" /><E48/><V6/><F6/><W17/><G27/><T127/><D127/><U25/><E25/><V56/><F56/><W98/><G102/><T87/><D71/><U122/><E122/><V44/><F44/><W125/><G119/><T133/><D133/><U28/><E28/><V38/><F38/><W54/><G54/><T9/><D96/><U115/><E115/><V131/><F131/><N who="0" m="50250" /><D49/><U99/><E99/><V39/><F39/><W103/><G103/><T73/><D73/><U120/><E120/><V34/><F34/><W79/><G125/><T113/><D113/><U20/><E23/><V135/><F135/><W63/><REACH who="3" step="1"/><G79/><REACH who="3" ten="210,230,330,220" step="2"/><T107/><D107/><U76/><E76/><V42/><F41/><W35/><G35/><T69/><D33/><U65/><E57/><V91/><F91/><W80/><G80/><AGARI ba="0,1" hai="14,16,20,65,67,80,81,83" m="423,41483" machi="80" ten="30,12000,1" yaku="14,1,10,1,52,2,54,1" doraHai="60" who="1" fromWho="3" sc="210,0,230,130,330,0,220,-120" /><INIT seed="1,1,0,3,0,120" ten="210,360,330,100" oya="1" hai0="106,92,67,27,114,85,6,104,131,93,118,65,18" hai1="37,38,90,134,73,59,46,35,101,109,30,57,86" hai2="66,56,43,105,94,77,91,4,26,53,28,40,68" hai3="61,74,48,14,115,122,47,50,60,126,20,58,127"/><U98/><E73/><V33/><F105/><W31/><G122/><T125/><D114/><U13/><E134/><V103/><F103/><W116/><G115/><T89/><D118/><U99/><E13/><V64/><F77/><W10/><G74/><T102/><D6/><U96/><E101/><V23/><F33/><W87/><G116/><T110/><D125/><N who="3" m="47625" /><G87/><T54/><D131/><U21/><E35/><V112/><F112/><W79/><G79/><T0/><D0/><U75/><E75/><V24/><F4/><N who="3" m="3399" /><G58/><T117/><D117/><U123/><E59/><V3/><F3/><W128/><G50/><T29/><D54/><U41/><E38/><V100/><F100/><W34/><G34/><T12/><D102/><U11/><E57/><V51/><F26/><N who="3" m="16839" /><G128/><T49/><D49/><U71/><E37/><V22/><F22/><W63/><G63/><T1/><D106/><U32/><E21/><V36/><F36/><W76/><G76/><T119/><D104/><U5/><E32/><V42/><F68/><W78/><G78/><T81/><D119/><U97/><E71/><V70/><F70/><W130/><G130/><T69/><D69/><U135/><E123/><V19/><F28/><W107/><G107/><T9/><D29/><U44/><E30/><V113/><F113/><W62/><G62/><T129/><D129/><U121/><E121/><V45/><F45/><W82/><G82/><T55/><D81/><U25/><E46/><V39/><F39/><W8/><G8/><T7/><D9/><U84/><E44/><V72/><F72/><W88/><G88/><RYUUKYOKU ba="1,0" sc="210,-15,360,-15,330,15,100,15" hai2="19,23,24,40,42,43,51,53,56,64,66,91,94" hai3="47,48,60,61" /><INIT seed="2,2,0,4,5,32" ten="195,345,345,115" oya="2" hai0="101,43,96,49,95,69,100,6,119,31,57,130,1" hai1="102,35,48,39,76,83,129,63,104,75,50,29,19" hai2="5,55,97,20,99,82,52,0,54,21,92,70,36" hai3="9,59,86,84,56,120,131,117,87,40,71,30,18"/><V26/><F70/><W109/><G117/><T12/><D69/><U13/><E39/><V123/><F123/><W77/><G120/><T67/><D119/><U58/><E129/><V91/><F36/><W41/><G109/><T74/><D74/><U133/><E133/><V80/><F21/><W107/><G107/><T45/><D130/><U116/><E116/><V72/><F72/><W114/><G71/><T90/><D1/><U42/><E42/><N who="3" m="16490" /><G30/><T88/><D31/><U98/><E29/><V115/><F115/><W24/><G114/><T4/><D90/><U34/><E34/><V38/><F38/><W93/><G93/><T68/><D68/><U127/><E127/><V28/><REACH who="2" step="1"/><F97/><REACH who="2" ten="195,345,335,115" step="2"/><W124/><G124/><T14/><D96/><U7/><E35/><V66/><F66/><W105/><G131/><T106/><D67/><U73/><E75/><V25/><F25/><W15/><G24/><T108/><D108/><U110/><E110/><V33/><F33/><W134/><G87/><T128/><D128/><U2/><E98/><V46/><F46/><W53/><G86/><T22/><D22/><U112/><E112/><V78/><F78/><W122/><G77/><T113/><D45/><U125/><E125/><V10/><AGARI ba="2,1" hai="0,5,10,20,26,28,52,54,55,80,82,91,92,99" machi="10" ten="30,11700,0" yaku="1,1,0,1,52,1,54,1,53,0" doraHai="32" doraHaiUra="81" who="2" fromWho="2" sc="195,-41,345,-41,335,133,115,-41" /><INIT seed="2,3,0,0,3,94" ten="154,304,468,74" oya="2" hai0="113,107,78,33,17,31,82,28,9,73,133,3,110" hai1="57,80,52,12,14,22,83,93,81,67,119,13,48" hai2="5,118,132,101,106,55,77,105,46,64,122,8,130" hai3="85,88,49,6,26,38,70,15,58,103,84,20,56"/><V0/><F118/><W21/><G38/><T54/><D113/><U104/><E104/><V90/><F122/><W36/><G36/><T27/><D31/><U109/><E109/><V60/><F132/><W18/><G70/><T23/><D110/><U127/><E127/><V97/><F130/><W76/><G103/><T10/><D133/><U32/><E32/><V92/><F77/><W29/><G6/><T71/><D71/><U16/><E119/><V112/><F112/><W100/><G100/><T7/><D10/><U51/><E67/><V125/><F125/><W30/><G30/><T111/><D111/><U134/><E134/><V68/><F55/><W87/><G76/><T116/><D107/><U75/><E75/><V4/><F5/><W35/><G35/><T1/><D116/><U19/><E19/><V61/><F61/><W117/><G117/><T74/><D54/><N who="1" m="31943" /><E93/><V91/><F91/><W59/><REACH who="3" step="1"/><G49/><REACH who="3" ten="154,304,468,64" step="2"/><T11/><D1/><U50/><E51/><V34/><F34/><W123/><G123/><T62/><D3/><U121/><E121/><V128/><F128/><W40/><G40/><T72/><D7/><U129/><E129/><V115/><F115/><W95/><AGARI ba="3,1" hai="15,18,20,21,26,29,56,58,59,84,85,87,88,95" machi="95" ten="30,7900,0" yaku="1,1,0,1,8,1,54,1,53,0" doraHai="94" doraHaiUra="43" who="3" fromWho="3" sc="154,-23,304,-23,468,-42,64,98" /><INIT seed="3,0,0,5,5,14" ten="131,281,426,162" oya="3" hai0="120,22,100,50,93,135,11,128,73,65,0,108,95" hai1="98,122,89,43,78,6,49,3,71,92,40,1,62" hai2="84,64,4,16,90,24,32,101,105,75,110,51,81" hai3="72,33,60,77,83,47,39,131,123,69,74,48,126"/><W97/><G123/><T28/><D120/><U52/><E122/><V80/><F110/><W36/><G74/><T88/><D108/><U13/><E78/><V113/><F113/><W119/><G119/><T17/><D73/><U27/><E27/><V109/><F109/><W67/><G126/><T117/><D117/><U30/><E30/><V106/><F4/><W44/><G33/><T132/><D128/><U29/><E29/><V7/><F7/><W10/><G131/><T54/><D65/><U63/><E1/><V21/><F32/><W68/><G68/><T56/><D28/><U134/><E3/><V9/><F9/><W25/><G25/><T70/><D70/><U37/><E134/><V133/><F133/><W59/><G10/><T96/><D11/><N who="1" m="4343" /><E37/><V53/><F64/><W42/><G97/><T31/><D31/><U46/><E71/><V57/><REACH who="2" step="1"/><F101/><REACH who="2" ten="131,281,416,162" step="2"/><W91/><G47/><T102/><D0/><U104/><E46/><V111/><F111/><W20/><G20/><T55/><D102/><U34/><E34/><V86/><F86/><W116/><G116/><T114/><D114/><U2/><E2/><V107/><F107/><W15/><G44/><T129/><D135/><U58/><E104/><V19/><F19/><W87/><G87/><N who="0" m="52383" /><D132/><U118/><E118/><V76/><AGARI ba="0,1" hai="16,21,24,51,53,57,75,76,80,81,84,90,105,106" machi="76" ten="30,7900,0" yaku="1,1,0,1,52,1,54,1,53,0" doraHai="14" doraHaiUra="124" who="2" fromWho="2" sc="131,-20,281,-20,416,89,162,-39" /><INIT seed="4,0,0,0,4,73" ten="111,261,505,123" oya="0" hai0="18,31,111,108,1,9,131,59,121,125,49,83,84" hai1="96,104,117,102,24,0,15,40,128,130,134,14,74" hai2="65,58,87,45,36,95,19,120,127,5,20,129,51" hai3="126,39,34,56,30,29,62,119,82,10,123,16,25"/><T41/><D121/><U132/><E117/><V122/><F36/><W50/><G119/><T17/><D31/><U85/><E74/><V86/><F129/><N who="1" m="49769" /><E0/><V110/><F110/><N who="0" m="42026" /><D131/><U26/><E40/><V78/><F5/><W2/><G123/><T91/><D125/><U105/><E105/><V11/><F11/><W94/><G39/><T69/><D69/><U133/><E85/><V68/><F68/><W81/><G30/><T22/><D22/><U4/><E14/><V55/><F127/><W100/><G50/><T28/><D28/><U90/><E90/><N who="2" m="53727" /><F120/><W93/><G126/><T77/><D91/><U116/><E116/><V27/><F122/><W23/><G94/><T32/><D32/><U118/><E118/><V101/><F101/><W75/><G75/><T113/><D113/><U70/><E70/><V63/><F86/><W66/><G34/><T72/><D72/><U135/><E133/><V43/><F78/><W6/><REACH who="3" step="1"/><G16/><REACH who="3" ten="111,261,505,113" step="2"/><T37/><D37/><U92/><E92/><V79/><F79/><W33/><G33/><T48/><D48/><U53/><E134/><V88/><F88/><W47/><G47/><T52/><D41/><AGARI ba="0,1" hai="19,20,27,41,43,45,51,55,58,63,65" m="53727" machi="41" ten="30,1000,0" yaku="8,1" doraHai="73" who="2" fromWho="0" sc="111,-10,261,0,505,20,113,0" /><INIT seed="5,0,0,0,5,81" ten="101,261,525,113" oya="1" hai0="78,42,55,84,16,98,63,53,94,114,121,135,122" hai1="134,41,115,103,99,132,125,73,36,90,18,129,61" hai2="62,130,57,35,25,52,79,65,113,105,96,9,116" hai3="37,85,89,71,72,76,5,17,38,6,44,30,47"/><U8/><E73/><V45/><F116/><W80/><G71/><T23/><D114/><U120/><E120/><N who="0" m="46185" /><D42/><U1/><E115/><V3/><F79/><W59/><G30/><T66/><D135/><U14/><E125/><V34/><F130/><W111/><G111/><T123/><N who="0" m="46193" /><T75/><DORA hai="69" /><D75/><U83/><E129/><V22/><F113/><W27/><G59/><N who="0" m="37247" /><D78/><U124/><E41/><V28/><F3/><W29/><G17/><T21/><D21/><U40/><E1/><V126/><F126/><W109/><G109/><T119/><D119/><U49/><E40/><V33/><F9/><W39/><G5/><T2/><D2/><U12/><E18/><V0/><F0/><W48/><G6/><T102/><D84/><U11/><E124/><V101/><REACH who="2" step="1"/><F45/><REACH who="2" ten="101,261,515,113" step="2"/><W64/><G64/><AGARI ba="0,1" hai="22,25,28,33,34,35,52,57,62,64,65,96,101,105" machi="64" ten="40,5200,0" yaku="1,1,2,1,54,1,53,0" doraHai="81,69" doraHaiUra="110,86" who="2" fromWho="3" sc="101,0,261,0,515,62,113,-52" /><INIT seed="6,0,0,2,0,61" ten="101,261,577,61" oya="2" hai0="71,16,10,92,114,75,27,3,86,103,62,39,20" hai1="106,91,64,133,115,18,30,126,83,0,97,45,87" hai2="74,78,33,120,60,14,122,13,12,35,19,7,134" hai3="93,90,80,128,98,125,131,54,89,47,56,99,29"/><V118/><F78/><W107/><G29/><T41/><D75/><U25/><E0/><V88/><F74/><W117/><G117/><T65/><D114/><U21/><E126/><V50/><F50/><W96/><G47/><T68/><D39/><U70/><E133/><V69/><F69/><W4/><G4/><T22/><D41/><U109/><E109/><V15/><F60/><W8/><G8/><T49/><D49/><U6/><E6/><V72/><F88/><N who="3" m="55335" /><G54/><T105/><D105/><U40/><E115/><V59/><F72/><W124/><G56/><T34/><D34/><U116/><E45/><V5/><F59/><W111/><G111/><T108/><D108/><U82/><E30/><V17/><F134/><W76/><G90/><T94/><D71/><U48/><E91/><V95/><F118/><W51/><G51/><T53/><D53/><U129/><E116/><V100/><F35/><W85/><G99/><N who="0" m="59879" /><D22/><U9/><E21/><V2/><F33/><W38/><G38/><T26/><D10/><U43/><E9/><V79/><F2/><W55/><G55/><T113/><D3/><U32/><E32/><V31/><F31/><W11/><G11/><T73/><D113/><U52/><E70/><V102/><F7/><W63/><G63/><T121/><D26/><U23/><E25/><V46/><F5/><W130/><G89/><T57/><D68/><U24/><E24/><V58/><F46/><W67/><G67/><T132/><D65/><U84/><E64/><V110/><F110/><W104/><G104/><T135/><D135/><U101/><E106/><RYUUKYOKU ba="0,0" sc="101,-10,261,-10,577,-10,61,30" hai3="76,80,85,98,107,124,125,128,130,131" /><INIT seed="7,1,0,5,3,8" ten="91,251,567,91" oya="3" hai0="69,93,23,97,5,57,58,113,29,95,115,21,72" hai1="37,117,54,134,116,60,76,128,55,7,0,105,133" hai2="82,14,135,103,124,38,10,131,92,67,65,26,106" hai3="9,78,31,119,46,30,122,73,42,130,41,71,94"/><W114/><G119/><T44/><D69/><U129/><E105/><V110/><F110/><W53/><G122/><T12/><D72/><U24/><E37/><V102/><F106/><W61/><G114/><N who="0" m="43531" /><D44/><U32/><E76/><V85/><F38/><W74/><G130/><T99/><D23/><U1/><E24/><V34/><F34/><W62/><G73/><T127/><D127/><U70/><E7/><V118/><F124/><W87/><G74/><T68/><D68/><U49/><E70/><V48/><F26/><W101/><G71/><T81/><D81/><U43/><E32/><V84/><F67/><W121/><G121/><T15/><D29/><N who="3" m="10761" /><G9/><N who="0" m="4143" /><D15/><U22/><E128/><V35/><F10/><W4/><G4/><T89/><D21/><U80/><E22/><V86/><F131/><W75/><G75/><T66/><D66/><U107/><E129/><V27/><F118/><W96/><G53/><T2/><D2/><U20/><E55/><V77/><F35/><W79/><G79/><T108/><D108/><U111/><E54/><V120/><F120/><W52/><G52/><T83/><D83/><U90/><E111/><V59/><F77/><W112/><G112/><T100/><AGARI ba="1,0" hai="57,58,89,93,95,97,99,100" m="4143,43531" machi="100" ten="30,4000,0" yaku="15,1,11,1,52,1" doraHai="8" who="0" fromWho="0" sc="91,43,251,-11,567,-11,91,-21" owari="134,-27.0,240,4.0,556,66.0,70,-43.0" /></mjloggm>