<mjloggm ver="2.3"><GO type="225" lobby="0"/><UN n0="%E3%81%82%E3%82%89%E3%81%8C%E3%81%8D%E3%81%82%E3%82%84%E3%81%9B" n1="%79%6A%69%72%6F" n2="%E3%81%82%E3%81%9A%E3%81%8D%E3%81%82%E3%81%9A%E3%81%95" n3="%E9%9F%93%E8%A1%9B%E9%9D%92" dan="16,17,16,16" rate="2134.37,2187.35,2127.99,2179.69" sx="F,M,M,F"/><TAIKYOKU oya="0"/><INIT seed="0,0,0,5,5,54" ten="250,250,250,250" oya="0" hai0="8,34,113,99,89,122,110,67,47,80,44,82,32" hai1="58,51,100,130,59,112,16,17,41,27,19,46,26" hai2="14,83,56,84,108,94,50,30,20,36,24,37,109" hai3="22,68,33,13,79,62,28,129,9,53,78,114,40"/><T132/><D113/><U45/><E130/><V107/><F107/><W63/><G114/><T111/><D122/><U93/><E112/><V3/><F3/><W133/><G129/><T81/><D67/><U135/><E135/><V60/><F94/><W69/><G133/><T105/><D132/><U90/><E100/><V124/><F50/><W96/><G40/><T6/><D89/><U39/><E27/><V115/><F14/><W98/><G33/><N who="0" m="12907" /><D99/><U86/><REACH who="1" step="1"/><E26/><REACH who="1" ten="250,240,250,250" step="2"/><V75/><F115/><W92/><G28/><T49/><D105/><U121/><E121/><V15/><F24/><W57/><G22/><T73/><D73/><U118/><E118/><V85/><F75/><W12/><G9/><T5/><D8/><U88/><E88/><V43/><F20/><W125/><G125/><T97/><D97/><U102/><E102/><V76/><F30/><W70/><G96/><T7/><D49/><U91/><E91/><V21/><F124/><W35/><G35/><T2/><D2/><U10/><E10/><V123/><F21/><W31/><G31/><T11/><D11/><U25/><E25/><V1/><F123/><W55/><G79/><T0/><D0/><U116/><E116/><V77/><F76/><W119/><G78/><T42/><D42/><AGARI ba="0,1" hai="16,17,19,39,41,42,45,46,51,58,59,86,90,93" machi="42" ten="40,8000,1" yaku="1,1,52,2,54,1,53,0" doraHai="54" doraHaiUra="72" who="1" fromWho="0" sc="250,-80,240,90,250,0,250,0" /><INIT seed="1,0,0,4,3,75" ten="170,330,250,250" oya="1" hai0="94,16,54,121,63,66,71,65,8,29,19,45,62" hai1="70,6,68,57,21,119,69,42,50,46,91,125,97" hai2="84,60,98,133,10,122,4,128,5,30,105,80,100" hai3="110,35,3,113,82,59,95,41,22,14,109,40,74"/><U53/><E119/><V99/><F122/><W76/><G35/><T72/><D121/><U114/><E114/><V86/><F128/><W85/><G3/><T9/><D29/><U115/><E115/><V134/><F30/><W31/><G113/><T52/><D72/><U12/><E12/><N who="2" m="5191" /><F5/><W87/><G59/><T26/><D94/><U32/><E32/><V25/><F25/><W2/><G2/><T7/><D26/><U89/><E21/><V47/><F47/><W104/><G104/><T34/><D34/><U112/><E6/><V39/><F39/><W116/><G116/><T55/><D45/><U58/><E125/><V93/><F60/><N who="0" m="23082" /><D7/><U1/><E1/><V117/><F80/><W27/><G14/><T135/><D135/><N who="2" m="51722" /><F117/><W43/><REACH who="3" step="1"/><G95/><REACH who="3" ten="170,330,250,240" step="2"/><T36/><D71/><U118/><E70/><V51/><F51/><W73/><G73/><T44/><D36/><U123/><E68/><V78/><F93/><W0/><G0/><T120/><D120/><U103/><E69/><V102/><F105/><W132/><G132/><T61/><D44/><U90/><E46/><V107/><F107/><W28/><G28/><T88/><D61/><U96/><E123/><V11/><F86/><AGARI ba="0,1" hai="22,27,31,40,41,43,74,76,82,85,86,87,109,110" machi="86" ten="40,8000,1" yaku="1,1,52,1,53,3" doraHai="75" doraHaiUra="81" who="3" fromWho="2" sc="170,0,330,0,250,-80,240,90" /><INIT seed="2,0,0,3,5,100" ten="170,330,170,330" oya="2" hai0="36,86,11,64,48,109,18,135,116,127,27,68,39" hai1="94,90,97,95,81,70,49,38,31,62,37,126,24" hai2="17,111,19,55,133,73,16,43,123,72,23,78,132" hai3="91,34,42,59,6,29,82,52,131,110,101,67,129"/><V56/><F123/><W87/><G110/><T92/><D109/><U98/><E126/><V93/><F111/><W112/><G6/><T83/><D127/><U46/><E81/><V50/><F23/><W13/><G13/><T75/><D135/><N who="2" m="51786" /><F78/><W65/><G112/><T88/><D116/><U71/><E71/><V76/><F76/><W124/><G124/><T8/><D75/><U103/><E70/><V58/><F43/><W1/><G1/><T41/><D68/><U84/><E62/><N who="2" m="36127" /><F93/><W14/><G14/><T121/><D121/><U117/><E117/><V15/><F15/><W9/><G9/><N who="0" m="3659" /><D64/><U22/><E98/><V7/><F7/><W30/><G42/><AGARI ba="0,0" hai="22,24,31,37,38,42,46,49,84,90,94,95,97,103" machi="42" ten="30,1000,0" yaku="7,1" doraHai="100" who="1" fromWho="3" sc="170,0,330,10,170,0,330,-10" /><INIT seed="3,0,0,1,5,39" ten="170,340,170,320" oya="3" hai0="59,83,91,57,17,56,87,40,24,64,132,103,122" hai1="33,10,1,101,54,94,129,121,131,15,45,92,0" hai2="18,98,3,11,99,134,53,71,81,38,107,74,31" hai3="44,135,100,6,130,28,70,47,62,124,77,78,55"/><W76/><G70/><T43/><D122/><U95/><E33/><V119/><F119/><W37/><G37/><T125/><D132/><U68/><E68/><V116/><F116/><W52/><G135/><T85/><D125/><U12/><E121/><V48/><F38/><W88/><G124/><T113/><D113/><U61/><E101/><V7/><F134/><W34/><G130/><N who="1" m="49674" /><E15/><V46/><F71/><W97/><G6/><T120/><D120/><U9/><E9/><V66/><F66/><W36/><G36/><T63/><D103/><U89/><E89/><V21/><F31/><W93/><G34/><T67/><D63/><U90/><E90/><V13/><REACH who="2" step="1"/><F107/><REACH who="2" ten="170,340,160,320" step="2"/><W106/><G28/><T32/><D32/><U118/><E118/><V42/><F42/><W104/><G104/><T112/><D112/><U79/><E1/><V73/><F73/><W29/><G29/><T51/><D43/><U82/><E0/><V49/><F49/><N who="3" m="28711" /><G106/><T80/><D51/><N who="1" m="29039" /><E61/><V123/><F123/><W2/><G2/><T128/><D128/><U105/><E105/><V50/><F50/><N who="3" m="29151" /><G62/><T4/><D40/><U109/><E109/><V58/><F58/><W14/><G14/><T27/><D27/><U69/><E69/><V35/><F35/><W19/><G19/><T110/><D110/><U75/><E12/><V8/><F8/><W22/><G22/><N who="0" m="13391" /><D4/><U111/><E10/><V133/><F133/><W84/><G100/><T114/><D114/><U20/><E111/><V127/><F127/><W60/><G60/><T65/><D59/><U72/><E20/><V26/><F26/><RYUUKYOKU ba="0,1" sc="170,0,340,0,160,0,320,0" hai0="56,57,64,65,67,80,83,85,87,91" hai1="72,75,79,82,92,94,95" hai2="3,7,11,13,18,21,46,48,53,74,81,98,99" hai3="76,77,78,84,88,93,97" /><INIT seed="3,1,1,1,3,12" ten="170,340,160,320" oya="3" hai0="113,9,85,32,100,19,75,122,27,116,36,79,89" hai1="76,109,123,57,5,16,98,4,124,87,120,135,77" hai2="94,47,71,65,104,51,37,20,1,50,74,40,38" hai3="129,102,84,126,6,31,114,106,64,127,119,133,25"/><W115/><G119/><T128/><D116/><U132/><E109/><V2/><F104/><W81/><G129/><T45/><D122/><N who="1" m="46635" /><E124/><N who="3" m="47658" /><G133/><N who="1" m="51274" /><E98/><V52/><F74/><W131/><G131/><T73/><D100/><U83/><E77/><V121/><F121/><W22/><G64/><T63/><D63/><U111/><E111/><V23/><F38/><W21/><G6/><N who="1" m="2666" /><E16/><V86/><F50/><W54/><G54/><T134/><D79/><U15/><E15/><V33/><F33/><W88/><G21/><N who="2" m="8265" /><F94/><W11/><G11/><T49/><D32/><U110/><E110/><V112/><F86/><W26/><G26/><T130/><D9/><U35/><E35/><V62/><F112/><W68/><G68/><T60/><D113/><U99/><E99/><AGARI ba="1,1" hai="22,25,31,81,84,88,99,102,106,114,115" m="47658" machi="99" ten="30,2900,0" yaku="18,1,54,1" doraHai="12" who="3" fromWho="1" sc="170,0,340,-32,160,0,320,42" owari="170,-23.0,308,11.0,160,-34.0,362,46.0" /></mjloggm>