<mjloggm ver="2.3"><GO type="169" lobby="0"/><UN n0="%61%6E%6C%75%6E" n1="%E3%82%A2%E3%83%A1%E3%83%B3%E3%83%9D%E3%81%A6%E3%81%B5" n2="%6F%63%69%6E%70%6F%70%6F" n3="%E7%94%B0%E6%89%80%E3%81%8D%E3%82%89%E3%81%84" dan="16,17,16,17" rate="2121.06,2201.20,2112.52,2131.64" sx="M,M,F,F"/><TAIKYOKU oya="0"/><INIT seed="0,0,0,4,5,13" ten="250,250,250,250" oya="0" hai0="4,47,70,75,46,17,1,0,26,95,86,99,56" hai1="21,27,127,83,116,10,130,66,85,94,107,108,49" hai2="104,7,89,72,20,74,118,114,57,12,103,28,96" hai3="80,68,18,62,122,106,109,125,121,60,38,35,124"/><T128/><D75/><U25/><E116/><V44/><F114/><W79/><G35/><T23/><D70/><U5/><E107/><V113/><F113/><W54/><G38/><T132/><D132/><U51/><E127/><N who="3" m="48714" /><G106/><T84/><D128/><U115/><E130/><V61/><F118/><W126/><N who="3" m="48722" /><W31/><DORA hai="63" /><G31/><T11/><D1/><U34/><E115/><V65/><F44/><W22/><G54/><T37/><D47/><U97/><E27/><V105/><F105/><W123/><G68/><T43/><REACH who="0" step="1"/><D56/><REACH who="0" ten="240,250,250,250" step="2"/><U8/><E34/><V88/><F72/><N who="3" m="43111" /><G109/><T55/><D55/><U41/><E108/><V42/><F74/><W87/><G87/><T3/><D3/><U15/><E85/><V64/><F42/><W134/><G134/><T24/><D24/><AGARI ba="0,1" hai="18,22,24,60,62,121,122,123" m="43111,48722" machi="24" ten="50,6400,0" yaku="13,1,18,1,52,1" doraHai="13,63" who="3" fromWho="0" sc="240,-64,250,0,250,0,250,74" /><INIT seed="1,0,0,1,2,28" ten="176,250,250,324" oya="1" hai0="60,9,98,29,47,25,18,114,39,113,91,77,75" hai1="6,103,129,86,59,85,53,135,30,49,130,33,118" hai2="15,124,40,94,73,66,125,74,11,44,76,107,109" hai3="108,115,48,126,123,16,4,14,96,24,62,46,63"/><U81/><E118/><V106/><F66/><W121/><G115/><T80/><D60/><U116/><E116/><V93/><F109/><W35/><G108/><T10/><D113/><U7/><E103/><V111/><F111/><W20/><G126/><N who="2" m="48745" /><F93/><W54/><G123/><T78/><D114/><U61/><E135/><V13/><F94/><W83/><G121/><T31/><D78/><U50/><E81/><N who="2" m="45199" /><F13/><W65/><G96/><T70/><D70/><U36/><E36/><N who="2" m="21511" /><F74/><W69/><G83/><T128/><D91/><U23/><E86/><V117/><F117/><W37/><G37/><T17/><D98/><U57/><E85/><V127/><N who="2" m="48753" /><V105/><DORA hai="8" /><F105/><W5/><REACH who="3" step="1"/><G63/><REACH who="3" ten="176,250,250,314" step="2"/><T32/><D128/><U51/><E61/><V2/><F2/><W102/><G102/><T97/><D97/><U71/><E130/><V3/><F3/><W122/><G122/><T21/><D39/><U38/><E38/><V22/><F22/><W12/><G12/><T104/><D104/><U120/><E23/><V131/><F131/><W87/><G87/><T84/><D75/><U41/><E120/><V133/><F133/><W19/><G19/><AGARI ba="0,1" hai="11,15,19,106,107" m="21511,45199,48753" machi="19" ten="40,2600,0" yaku="18,1,52,1" doraHai="28,8" who="2" fromWho="3" sc="176,0,250,0,250,36,314,-26" /><INIT seed="2,0,0,0,0,44" ten="176,250,286,288" oya="2" hai0="71,36,6,124,60,104,87,92,129,79,65,78,55" hai1="114,49,103,84,62,116,120,18,112,106,128,10,133" hai2="54,48,27,125,107,17,40,45,38,67,95,113,42" hai3="73,81,23,77,9,85,13,22,90,86,11,32,46"/><V20/><F125/><W130/><G32/><T47/><D104/><U115/><E116/><V100/><F113/><W59/><G73/><T93/><D124/><U69/><E133/><V26/><F107/><W63/><G46/><T7/><D129/><U5/><E128/><V108/><F108/><W8/><G13/><T52/><D92/><U76/><E18/><V72/><F72/><W24/><G130/><T131/><D131/><U29/><E29/><V83/><F83/><W25/><G25/><T15/><D79/><U132/><E132/><V64/><F26/><W68/><G68/><T88/><D78/><U70/><E120/><V80/><F80/><N who="3" m="49447" /><G24/><T109/><D109/><U123/><E84/><V58/><REACH who="2" step="1"/><F40/><REACH who="2" ten="176,250,276,288" step="2"/><W89/><G77/><T3/><D3/><U53/><E76/><V94/><F94/><W91/><G91/><T96/><D15/><U19/><E115/><V33/><F33/><W56/><G56/><T41/><REACH who="0" step="1"/><D96/><AGARI ba="0,1" hai="17,20,27,38,42,45,48,54,58,64,67,95,96,100" machi="96" ten="40,3900,0" yaku="1,1,52,1,53,0" doraHai="44" doraHaiUra="57" who="2" fromWho="0" sc="176,-39,250,0,276,49,288,0" /><INIT seed="2,1,0,4,3,25" ten="137,250,325,288" oya="2" hai0="7,78,100,21,18,6,68,107,87,123,35,15,24" hai1="116,28,19,1,51,0,114,50,92,75,99,36,54" hai2="64,43,108,85,65,113,63,90,112,115,83,60,89" hai3="101,96,27,126,80,104,39,53,48,33,117,125,71"/><V34/><F34/><W59/><G39/><T134/><D123/><U91/><E116/><V31/><F108/><W42/><G42/><T67/><D134/><U88/><E36/><V93/><F43/><W122/><G122/><T133/><D133/><U121/><E121/><V4/><F4/><W45/><G59/><T109/><D109/><U69/><E75/><V66/><REACH who="2" step="1"/><F31/><REACH who="2" ten="137,250,315,288" step="2"/><W124/><G117/><T10/><D7/><U44/><E28/><V127/><F127/><W82/><G71/><T74/><D35/><U77/><E69/><V132/><F132/><W11/><G11/><T102/><D107/><U72/><E19/><V111/><F111/><W46/><G46/><T30/><D6/><U128/><E44/><V52/><F52/><W86/><G33/><T118/><D118/><U8/><E54/><V98/><AGARI ba="1,1" hai="60,63,64,65,66,83,85,89,90,93,98,112,113,115" machi="98" ten="40,3900,0" yaku="1,1,0,1,53,0" doraHai="25" doraHaiUra="17" who="2" fromWho="2" sc="137,-14,250,-14,315,52,288,-14" /><INIT seed="2,2,0,4,4,24" ten="123,236,367,274" oya="2" hai0="3,87,130,48,116,82,65,8,96,101,18,46,50" hai1="106,127,103,108,117,59,45,57,129,54,19,88,69" hai2="122,126,133,13,84,9,92,77,5,42,71,53,99" hai3="80,121,104,20,111,23,89,60,102,134,125,94,78"/><V110/><F122/><W41/><G121/><T72/><D72/><U135/><E117/><V68/><F126/><W107/><G111/><T115/><D115/><U79/><E108/><V109/><F133/><W33/><G33/><T118/><D130/><U14/><E69/><V37/><F68/><W15/><G20/><T105/><D65/><U55/><E135/><V128/><F71/><W91/><G102/><T4/><D18/><U1/><E79/><V131/><F53/><W44/><G60/><T25/><D25/><U27/><E1/><V32/><F32/><W93/><G23/><T16/><D16/><U52/><E103/><V64/><F64/><W75/><G15/><T62/><D62/><U26/><E106/><V83/><F37/><W43/><G43/><T112/><D112/><U73/><E73/><V61/><F61/><W70/><G70/><T51/><REACH who="0" step="1"/><D46/><REACH who="0" ten="113,236,367,274" step="2"/><U49/><E129/><V17/><F128/><W74/><G44/><T63/><D63/><U97/><E27/><V35/><F131/><W30/><G75/><T90/><AGARI ba="2,1" hai="3,4,8,48,50,51,82,87,90,96,101,105,116,118" machi="90" ten="30,2000,0" yaku="1,1,0,1,53,0" doraHai="24" doraHaiUra="67" who="0" fromWho="0" sc="113,36,236,-7,367,-12,274,-7" /><INIT seed="3,0,0,3,2,7" ten="149,229,355,267" oya="3" hai0="62,80,48,27,86,58,124,112,6,114,25,123,59" hai1="98,52,20,116,21,49,92,133,118,97,68,40,16" hai2="134,121,19,29,82,56,126,64,45,69,83,131,53" hai3="55,32,70,10,24,57,39,60,38,71,75,26,93"/><W36/><G75/><T104/><D104/><U17/><E68/><V128/><F29/><W95/><G32/><T9/><D123/><U22/><E40/><V115/><F115/><N who="0" m="44074" /><D48/><U2/><E2/><V77/><F69/><W43/><G70/><T113/><N who="0" m="44082" /><T72/><DORA hai="110" /><D72/><U5/><E5/><V11/><F64/><W54/><G71/><T132/><D132/><U3/><E3/><V96/><F45/><W81/><G81/><T130/><D130/><U122/><E122/><V12/><F126/><W94/><G43/><T31/><D124/><U120/><E120/><V74/><F82/><W84/><G84/><T23/><D27/><U108/><E133/><V73/><F73/><W63/><G10/><T87/><D59/><AGARI ba="0,0" hai="24,26,36,38,39,54,55,57,59,60,63,93,94,95" machi="59" ten="50,2400,0" yaku="9,1" doraHai="7,110" who="3" fromWho="0" sc="149,-24,229,0,355,0,267,24" /><INIT seed="3,1,0,0,0,42" ten="125,229,355,291" oya="3" hai0="27,85,109,44,10,29,3,68,101,36,127,97,48" hai1="94,119,40,39,20,95,76,98,115,90,58,11,63" hai2="79,61,71,1,82,9,13,67,37,135,46,93,47" hai3="66,18,122,51,26,126,121,49,74,24,100,102,114"/><W106/><G74/><T89/><D109/><U84/><E115/><V53/><F1/><W132/><G114/><T111/><D111/><U33/><E119/><V83/><F135/><W32/><G126/><T91/><D127/><U77/><E33/><V19/><F37/><W38/><G38/><T80/><D36/><U117/><E117/><V120/><F120/><W124/><G124/><T118/><D68/><U35/><E35/><V0/><F53/><W57/><G132/><T113/><D118/><U7/><E20/><V14/><F0/><W87/><G87/><T16/><D113/><U112/><E112/><V65/><F65/><W2/><G2/><T12/><D3/><U5/><E40/><V23/><F93/><W105/><G57/><T70/><D70/><U43/><E43/><V45/><REACH who="2" step="1"/><F79/><REACH who="2" ten="125,229,345,291" step="2"/><W34/><G66/><T116/><D116/><U6/><E39/><V99/><F99/><W56/><G56/><T15/><D91/><U28/><E77/><V88/><F88/><W73/><G121/><T52/><D97/><U86/><E76/><V125/><F125/><W22/><G122/><T75/><D75/><U133/><E133/><V64/><F64/><W78/><G78/><T108/><D108/><U30/><E95/><V128/><F128/><W110/><G73/><T21/><D101/><U92/><E92/><V129/><F129/><W69/><G110/><T72/><D72/><U50/><E98/><V59/><F59/><W4/><G102/><T17/><REACH who="0" step="1"/><D15/><REACH who="0" ten="115,229,345,291" step="2"/><N who="1" m="5615" /><E90/><V41/><F41/><W31/><G100/><T54/><D54/><N who="1" m="32087" /><E86/><V81/><F81/><RYUUKYOKU ba="1,2" sc="115,15,229,-15,345,15,291,-15" hai0="10,12,16,17,21,27,29,44,48,52,80,85,89" hai2="9,13,14,19,23,45,46,47,61,67,71,82,83" /><INIT seed="4,2,2,5,3,87" ten="130,214,360,276" oya="0" hai0="131,116,13,42,89,82,34,63,86,21,97,65,74" hai1="57,107,14,90,8,23,28,60,52,12,69,126,66" hai2="73,51,58,30,132,64,11,83,118,67,133,35,9" hai3="53,72,75,70,101,102,114,95,84,38,18,79,71"/><T22/><D116/><U61/><E107/><V106/><F106/><W44/><G75/><T3/><D131/><U105/><E105/><V78/><F35/><W31/><G72/><T1/><D34/><U39/><E39/><V59/><F30/><W96/><G101/><T10/><D74/><U135/><E126/><V93/><F118/><W32/><G18/><T15/><D42/><U130/><E130/><V2/><F2/><W46/><G46/><T111/><D111/><U20/><E135/><N who="2" m="51787" /><F93/><W40/><G53/><T17/><D97/><U5/><E14/><V128/><F128/><W109/><G79/><T112/><D112/><U26/><E90/><V125/><F125/><W113/><G109/><T134/><D134/><U117/><E117/><V127/><F127/><W55/><G55/><T85/><D86/><U123/><REACH who="1" step="1"/><E123/><REACH who="1" ten="130,204,360,276" step="2"/><V94/><F94/><W92/><G113/><T62/><D62/><U121/><E121/><V81/><F81/><W120/><G114/><T98/><D98/><U104/><E104/><V6/><F51/><W80/><G95/><T122/><D122/><U54/><E54/><V115/><F115/><W45/><G92/><T25/><D15/><U108/><E108/><V33/><F83/><W7/><G80/><T99/><D99/><U41/><E41/><V49/><F49/><W36/><G40/><T37/><D37/><U88/><E88/><V91/><F91/><W19/><G38/><T48/><D48/><U43/><E43/><V76/><F76/><W124/><G36/><T129/><D129/><U29/><E29/><V27/><F78/><RYUUKYOKU ba="2,3" sc="130,-10,204,30,360,-10,276,-10" hai1="5,8,12,20,23,26,28,52,57,60,61,66,69" /><INIT seed="5,3,3,0,2,33" ten="120,234,350,266" oya="1" hai0="127,6,114,85,120,115,15,49,22,12,122,79,95" hai1="66,111,46,50,96,26,41,107,86,130,73,82,14" hai2="101,4,108,18,133,23,63,43,78,7,16,56,40" hai3="44,112,126,64,28,34,25,110,62,81,29,87,21"/><U88/><E130/><V38/><F108/><W104/><G110/><T135/><D127/><U42/><E111/><V128/><F133/><W125/><G104/><T99/><D135/><U27/><E73/><V17/><F128/><W97/><G97/><T30/><D49/><U116/><E116/><V10/><F38/><W11/><G11/><N who="0" m="4215" /><D85/><U68/><E46/><V13/><F4/><W70/><G44/><T3/><D79/><U83/><E50/><V76/><F101/><W32/><G112/><N who="0" m="43051" /><D99/><U131/><E96/><V75/><F23/><W113/><G113/><T98/><D98/><U31/><E131/><V90/><F90/><W54/><G54/><T106/><D106/><U100/><E107/><V72/><F72/><W109/><G109/><T80/><D80/><U51/><E83/><V48/><F48/><W94/><G94/><T36/><D95/><U69/><E51/><V74/><F74/><W58/><G70/><T53/><D53/><U119/><E69/><V67/><F75/><W77/><REACH who="3" step="1"/><G28/><REACH who="3" ten="120,234,350,256" step="2"/><T129/><D129/><U8/><E31/><V103/><F103/><W92/><G92/><T52/><D52/><U37/><E100/><V0/><F43/><W60/><G60/><T117/><D117/><U89/><E119/><V124/><F40/><W61/><G61/><T123/><D36/><U35/><E37/><V102/><F124/><AGARI ba="3,4" hai="21,25,29,32,34,58,62,64,77,81,87,124,125,126" machi="124" ten="40,5200,0" yaku="1,1,18,1,53,1" doraHai="33" doraHaiUra="20" who="3" fromWho="2" sc="120,0,234,0,350,-61,256,101" /><INIT seed="6,0,0,1,3,76" ten="120,234,289,357" oya="2" hai0="50,28,7,92,51,104,59,22,80,102,14,72,77" hai1="131,68,19,38,94,58,89,133,23,112,69,107,56" hai2="13,46,36,43,96,10,114,106,78,67,61,32,120" hai3="0,84,2,55,132,85,49,33,103,48,45,115,118"/><V35/><F120/><W65/><G33/><T93/><D104/><U39/><E107/><V34/><F114/><W73/><G73/><T91/><D7/><U101/><E101/><V26/><F78/><W44/><G118/><T41/><D102/><U18/><E23/><V12/><F12/><W60/><G103/><T110/><D110/><U117/><E94/><V97/><F26/><W83/><G85/><T6/><D6/><U52/><E89/><V54/><F54/><W70/><G132/><T88/><D41/><U1/><E1/><V62/><F106/><W127/><G127/><T129/><D129/><U79/><E79/><V9/><F9/><W66/><G66/><T121/><D121/><U87/><E87/><V8/><F8/><W81/><G81/><T11/><D11/><U113/><E117/><V95/><F67/><W74/><G74/><T16/><D28/><U37/><E133/><V4/><REACH who="2" step="1"/><F96/><REACH who="2" ten="120,234,279,357" step="2"/><W116/><G115/><T86/><D59/><U64/><E113/><V17/><F17/><W111/><G116/><T99/><AGARI ba="0,1" hai="14,16,22,50,51,72,77,80,86,88,91,92,93,99" machi="99" ten="20,8000,1" yaku="0,1,7,1,52,1,54,2" doraHai="76" who="0" fromWho="0" sc="120,90,234,-20,279,-40,357,-20" /><INIT seed="7,0,0,4,1,31" ten="210,214,239,337" oya="3" hai0="41,38,28,72,53,33,65,100,134,74,23,79,11" hai1="27,55,35,71,84,12,89,2,42,56,102,75,32" hai2="92,78,94,47,39,10,105,26,46,58,45,83,98" hai3="67,118,111,81,130,128,85,80,91,112,103,13,29"/><W133/><G112/><T37/><D100/><U131/><E2/><V63/><F105/><W123/><G29/><T115/><D23/><U82/><E71/><V121/><F121/><W68/><G67/><T119/><D53/><U70/><E70/><V77/><F39/><W69/><G69/><T50/><D119/><U51/><E131/><N who="3" m="50218" /><G13/><T114/><D65/><U99/><E75/><N who="0" m="28713" /><D11/><U113/><E113/><N who="0" m="43017" /><D79/><U62/><E12/><V48/><F77/><W101/><G68/><T109/><D109/><U125/><E27/><V129/><F78/><W120/><G103/><T127/><D127/><U135/><E125/><V124/><F26/><W122/><G101/><T17/><D134/><U90/><E135/><V34/><F10/><W60/><G133/><T1/><D1/><U14/><E14/><V16/><F124/><W110/><G118/><T95/><D17/><U61/><E90/><V19/><F16/><W22/><G91/><T117/><D117/><U126/><E126/><V93/><F19/><W132/><G132/><T3/><D3/><U97/><E42/><V49/><F129/><W24/><G111/><T5/><D5/><U25/><E25/><V73/><F73/><W87/><G110/><T59/><D95/><N who="1" m="58687" /><E99/><V57/><F98/><W54/><G122/><T40/><D28/><U88/><E89/><V9/><F9/><W76/><G76/><T43/><D33/><U96/><E96/><V86/><F34/><N who="1" m="12841" /><E88/><N who="2" m="51295" /><F63/><W108/><G60/><T52/><AGARI ba="0,0" hai="37,38,40,41,43,50,52,59" m="43017,28713" machi="52" ten="40,5200,0" yaku="15,1,11,1,54,1" doraHai="31" who="0" fromWho="0" sc="210,52,214,-13,239,-13,337,-26" owari="262,6.0,201,-30.0,226,-17.0,311,41.0" /></mjloggm>