<mjloggm ver="2.3"><GO type="169" lobby="0"/><UN n0="%6F%63%69%6E%70%6F%70%6F" n1="%E3%83%AF%E3%83%8B%54%41" n2="%E3%81%B4%E3%82%8C" n3="%74%6F%6D%75%74%6F%6D%69" dan="16,17,16,16" rate="2110.67,2263.07,2106.81,2079.36" sx="F,M,M,M"/><TAIKYOKU oya="0"/><INIT seed="0,0,0,0,1,88" ten="250,250,250,250" oya="0" hai0="54,102,63,65,121,103,12,126,111,45,15,8,100" hai1="79,96,93,24,18,130,131,117,124,118,106,83,31" hai2="72,104,58,35,21,66,114,105,123,81,53,38,34" hai3="135,14,108,89,86,85,95,127,17,16,84,44,4"/><T2/><D121/><U61/><E61/><V116/><F114/><W69/><G69/><T1/><D126/><U46/><E46/><V48/><F123/><W28/><G127/><T132/><D132/><U71/><E71/><V56/><F116/><N who="1" m="44649" /><E124/><V112/><F38/><W110/><G135/><T49/><D111/><N who="3" m="42537" /><G28/><T6/><REACH who="0" step="1"/><D1/><REACH who="0" ten="240,250,250,250" step="2"/><U75/><E130/><V32/><F112/><W5/><G44/><T33/><D33/><U107/><E131/><V43/><F35/><W23/><G17/><T59/><AGARI ba="0,1" hai="2,6,8,12,15,45,49,54,59,63,65,100,102,103" machi="59" ten="30,3000,0" yaku="1,1,0,1,53,0" doraHai="88" doraHaiUra="73" who="0" fromWho="0" sc="240,40,250,-10,250,-10,250,-10" /><INIT seed="0,1,0,3,3,64" ten="280,240,240,240" oya="0" hai0="86,121,38,85,50,90,81,54,95,126,29,98,23" hai1="34,10,51,122,42,75,56,87,59,16,52,67,123" hai2="102,36,80,47,124,1,15,114,129,120,106,20,2" hai3="89,41,60,111,76,13,49,14,104,68,97,133,37"/><T12/><D121/><U32/><E75/><V35/><F47/><W116/><G116/><T48/><D38/><U82/><E42/><V130/><F80/><W131/><G111/><T118/><D126/><U61/><E123/><V79/><F102/><W92/><G131/><T66/><D118/><U132/><E132/><V8/><F79/><W5/><G133/><T63/><D85/><U44/><E59/><V99/><F99/><W62/><G37/><T4/><D54/><U83/><E83/><V101/><F101/><W113/><G113/><T21/><D21/><U17/><E122/><V57/><F57/><W84/><G60/><T73/><D73/><U71/><E71/><V107/><F120/><W53/><G41/><T28/><D4/><U128/><E128/><N who="2" m="49259" /><F36/><W72/><G5/><T18/><D48/><U22/><E10/><V9/><F114/><W43/><G43/><T69/><REACH who="0" step="1"/><D50/><REACH who="0" ten="270,240,240,240" step="2"/><U33/><REACH who="1" step="1"/><E22/><REACH who="1" ten="270,230,240,240" step="2"/><V125/><F20/><W25/><G72/><T6/><D6/><U91/><AGARI ba="1,2" hai="16,17,32,33,34,44,51,52,56,61,67,82,87,91" machi="91" ten="30,8000,1" yaku="1,1,2,1,0,1,54,2,53,0" doraHai="64" doraHaiUra="94" who="1" fromWho="1" sc="270,-41,230,103,240,-21,240,-21" /><INIT seed="1,0,0,0,3,50" ten="229,333,219,219" oya="1" hai0="99,0,41,59,134,118,28,36,111,70,112,92,61" hai1="46,10,106,48,54,12,84,119,35,18,15,44,132" hai2="26,80,67,4,133,30,32,72,88,43,86,21,135" hai3="107,6,9,94,98,77,3,51,95,71,19,40,68"/><U81/><E119/><V25/><F43/><W29/><G107/><T127/><D0/><U130/><E130/><V64/><F72/><W97/><G29/><T101/><D112/><U76/><E106/><V125/><F4/><W39/><G39/><T47/><D111/><U100/><E35/><V49/><F49/><W115/><G77/><T52/><D134/><N who="2" m="51210" /><F125/><W124/><G124/><T57/><D127/><U38/><E100/><V117/><F117/><W113/><G19/><AGARI ba="0,0" hai="19,21,25,26,30,32,64,67,80,86,88" m="51210" machi="19" ten="30,2000,0" yaku="20,1,54,1" doraHai="50" who="2" fromWho="3" sc="229,0,333,0,219,20,219,-20" /><INIT seed="2,0,0,2,0,79" ten="229,333,239,199" oya="2" hai0="122,2,1,103,101,92,30,57,82,70,13,90,10" hai1="88,86,46,126,16,132,104,29,49,12,42,41,34" hai2="84,53,116,24,27,58,26,52,131,25,4,91,135" hai3="130,40,77,18,123,127,128,83,102,15,36,22,95"/><V97/><F116/><W43/><G123/><T71/><D1/><U134/><E104/><V35/><F135/><N who="1" m="51753" /><E126/><V47/><F131/><N who="3" m="50219" /><G36/><T31/><D2/><U133/><N who="1" m="51761" /><U85/><DORA hai="50" /><E29/><V66/><F97/><N who="3" m="59711" /><G127/><T11/><D57/><U63/><E63/><N who="2" m="38263" /><F47/><W32/><G32/><T51/><D51/><U93/><E34/><V110/><F35/><W89/><G89/><T114/><D13/><U55/><E85/><AGARI ba="0,0" hai="15,18,22,40,43,77,83,85" m="59711,50219" machi="85" ten="30,2000,0" yaku="19,1,52,1" doraHai="79,50" who="3" fromWho="1" sc="229,0,333,-20,239,0,199,20" /><INIT seed="3,0,0,4,5,87" ten="229,313,239,219" oya="3" hai0="82,64,84,72,55,79,29,51,45,74,1,93,14" hai1="66,0,59,15,96,91,107,31,58,67,25,56,27" hai2="10,113,105,83,19,131,26,94,44,98,35,109,117" hai3="123,28,33,3,17,4,120,134,49,50,121,80,43"/><W77/><G134/><T48/><D1/><U53/><E0/><V89/><F113/><W69/><G69/><T75/><D64/><U40/><E40/><V97/><F117/><W132/><G132/><T60/><D60/><U39/><E39/><V30/><F109/><W9/><G17/><T23/><D14/><U119/><E119/><V133/><F133/><W112/><G112/><T54/><D23/><U36/><E36/><V92/><F131/><W110/><G110/><T2/><D2/><U68/><E15/><V130/><F105/><W85/><REACH who="3" step="1"/><G43/><REACH who="3" ten="229,313,239,209" step="2"/><T102/><D29/><U12/><E31/><V22/><F130/><W118/><G118/><T127/><D127/><U34/><E68/><V18/><F35/><W38/><G38/><T95/><REACH who="0" step="1"/><D102/><REACH who="0" ten="219,313,239,209" step="2"/><U20/><E34/><V32/><F32/><W42/><G42/><T37/><D37/><U124/><E124/><V101/><F101/><W57/><G57/><AGARI ba="0,2" hai="45,48,51,54,55,57,72,74,75,79,82,84,93,95" machi="57" ten="40,2600,0" yaku="1,1,53,1" doraHai="87" doraHaiUra="78" who="0" fromWho="3" sc="219,46,313,0,239,0,209,-26" /><INIT seed="4,0,0,3,1,51" ten="265,313,239,183" oya="0" hai0="104,26,130,102,54,83,44,6,125,55,32,66,89" hai1="128,57,94,7,31,118,34,67,127,19,77,114,27" hai2="25,108,116,4,70,64,91,126,24,133,76,22,29" hai3="117,47,13,48,52,98,45,131,90,5,110,85,135"/><T17/><D6/><U9/><E118/><V10/><F108/><W53/><G110/><T121/><D121/><U50/><E128/><V112/><F76/><W2/><G117/><T87/><D104/><U96/><E127/><V36/><F36/><W43/><G2/><T123/><D123/><U3/><E77/><V124/><F91/><W33/><G33/><T111/><D111/><U61/><E114/><V100/><F100/><W88/><G131/><T14/><D102/><U12/><E50/><V84/><F84/><W105/><G47/><T73/><D44/><U46/><E46/><V71/><F116/><W101/><G135/><T92/><D66/><U75/><E75/><V38/><F38/><W79/><G79/><T20/><D130/><U15/><REACH who="1" step="1"/><E19/><REACH who="1" ten="265,303,239,183" step="2"/><V134/><F112/><W82/><REACH who="3" step="1"/><G90/><AGARI ba="0,1" hai="3,7,9,12,15,27,31,34,57,61,67,90,94,96" machi="90" ten="30,3900,0" yaku="1,1,2,1,7,1,53,0" doraHai="51" doraHaiUra="78" who="1" fromWho="3" sc="265,0,303,49,239,0,183,-39" /><INIT seed="5,0,0,2,0,7" ten="265,352,239,144" oya="1" hai0="127,72,117,1,116,51,41,96,62,95,18,24,21" hai1="99,3,50,8,5,87,45,114,36,101,38,102,2" hai2="54,26,22,122,88,82,53,30,20,92,23,121,93" hai3="119,91,85,108,4,135,100,12,68,89,112,79,52"/><U49/><E114/><V11/><F121/><W28/><G108/><T17/><D72/><U124/><E124/><V133/><F133/><W104/><G68/><T9/><D127/><U6/><E87/><N who="2" m="50295" /><F122/><W61/><G135/><T40/><D1/><U76/><E76/><V31/><F26/><W55/><G112/><T35/><D35/><U107/><E101/><V120/><F120/><W105/><G28/><N who="2" m="10793" /><F11/><N who="3" m="4199" /><G104/><T56/><D51/><U128/><E128/><V109/><F109/><W74/><G105/><T60/><D60/><U16/><E49/><V57/><F54/><W14/><G74/><T126/><D116/><U94/><E107/><V66/><F66/><W97/><G119/><T110/><D110/><U37/><E2/><V115/><F115/><W43/><G43/><T80/><D80/><U78/><E3/><V103/><F103/><W130/><G130/><T48/><D48/><AGARI ba="0,0" hai="20,22,23,48,53,57,92,93" m="10793,50295" machi="48" ten="30,2000,0" yaku="8,1,54,1" doraHai="7" who="2" fromWho="0" sc="265,-20,352,0,239,20,144,0" /><INIT seed="6,0,0,1,2,2" ten="245,352,259,144" oya="2" hai0="49,55,102,80,130,10,121,92,98,131,39,89,48" hai1="52,69,94,6,132,61,36,44,33,1,67,27,16" hai2="66,56,23,54,19,77,105,28,101,8,34,111,90" hai3="114,7,14,72,22,103,86,93,50,12,135,128,38"/><V58/><F111/><W100/><G72/><T13/><D39/><U0/><E132/><V73/><F73/><W122/><G122/><T125/><D125/><U68/><E68/><V127/><F127/><W112/><G38/><T32/><D32/><U79/><E79/><V120/><F77/><W97/><G128/><N who="0" m="49195" /><D121/><U78/><E78/><V124/><F124/><W63/><G135/><T60/><D60/><U75/><E94/><V117/><F120/><W47/><G63/><T118/><D118/><U109/><E75/><V71/><F117/><W96/><G86/><N who="0" m="50375" /><D55/><U76/><E76/><V35/><F54/><W11/><G22/><T9/><D9/><U119/><E33/><V51/><F8/><W113/><G14/><T91/><D91/><U53/><E0/><V99/><F90/><W106/><REACH who="3" step="1"/><G47/><REACH who="3" ten="245,352,259,134" step="2"/><T123/><D123/><U83/><E44/><V70/><F34/><W5/><G5/><AGARI ba="0,1" hai="5,10,13,48,49,92,98,102" m="50375,49195" machi="5" ten="30,2000,0" yaku="19,1,52,1" doraHai="2" who="0" fromWho="3" sc="245,30,352,0,259,0,134,-20" /><INIT seed="7,0,0,1,2,29" ten="275,352,259,114" oya="3" hai0="81,72,58,124,123,131,132,34,99,127,9,78,128" hai1="107,23,13,14,103,110,24,40,33,134,8,126,48" hai2="54,16,27,46,96,26,95,98,59,17,47,1,77" hai3="68,117,25,86,73,31,105,22,20,57,15,44,100"/><W133/><G73/><T83/><D9/><U92/><E33/><V38/><F77/><W113/><G117/><T65/><D65/><U91/><E110/><V114/><F114/><W104/><G113/><T35/><D123/><U102/><E107/><V37/><F1/><W11/><G68/><T129/><D58/><U10/><E134/><V64/><F64/><W50/><G133/><T30/><D30/><N who="1" m="17695" /><E40/><V94/><F59/><W51/><G100/><T45/><D45/><U41/><E48/><V101/><F54/><W42/><G20/><T61/><D61/><U90/><E41/><V18/><F18/><W111/><G111/><T70/><D70/><U52/><E52/><V28/><F101/><W84/><G105/><T62/><D62/><U122/><E126/><N who="0" m="48169" /><D99/><U43/><E43/><V63/><F28/><W6/><G104/><T119/><D119/><U2/><E2/><V109/><F63/><W74/><G74/><N who="0" m="43223" /><D132/><U32/><E8/><V76/><F76/><AGARI ba="0,0" hai="34,35,72,76,83,128,129,131" m="43223,48169" machi="76" ten="40,8000,1" yaku="19,1,18,1,23,1,52,2" doraHai="29" who="0" fromWho="2" sc="275,80,352,0,259,-80,114,0" owari="355,46.0,352,15.0,179,-22.0,114,-39.0" /></mjloggm>