<mjloggm ver="2.3"><GO type="169" lobby="0"/><UN n0="%E6%9C%A8%E5%8E%9F%E8%B1%AA%E4%B8%80" n1="%E3%81%99%E3%81%B1%E3%81%95%E3%81%B6" n2="%E8%A1%9B%E8%97%A4%E7%BE%8E%E5%BD%A9" n3="%E3%82%8F%E3%81%A3%E3%81%97%E3%82%87%E3%81%84%E5%90%9B%32%E5%8F%B7" dan="17,17,16,16" rate="2199.86,2195.11,2142.89,2148.33" sx="M,M,M,M"/><TAIKYOKU oya="0"/><INIT seed="0,0,0,2,1,62" ten="250,250,250,250" oya="0" hai0="112,126,57,80,128,16,20,54,41,64,1,73,132" hai1="66,40,48,52,104,59,88,36,82,29,47,53,115" hai2="32,125,71,50,130,18,75,46,87,123,27,56,17" hai3="76,69,12,97,119,81,91,25,129,95,105,78,135"/><T2/><D112/><U24/><E104/><V65/><F123/><W90/><G69/><T42/><D132/><U77/><E115/><V120/><F120/><W109/><G25/><T23/><D128/><U72/><E88/><V37/><F75/><W107/><G12/><T35/><D35/><U13/><E13/><V34/><F130/><W131/><G135/><T85/><D73/><U63/><REACH who="1" step="1"/><E36/><REACH who="1" ten="250,240,250,250" step="2"/><V5/><F37/><W51/><G95/><T122/><D122/><U110/><E110/><V127/><F127/><W101/><G109/><T15/><D126/><U121/><E121/><V106/><F106/><W11/><G105/><T92/><D92/><U124/><E124/><V49/><F125/><W6/><G129/><T33/><D2/><U21/><AGARI ba="0,1" hai="21,24,29,40,47,48,52,53,59,63,66,72,77,82" machi="21" ten="20,8000,1" yaku="1,1,0,1,7,1,52,1,54,1,53,0" doraHai="62" doraHaiUra="83" who="1" fromWho="1" sc="250,-40,240,90,250,-20,250,-20" /><INIT seed="1,0,0,2,0,76" ten="210,330,230,230" oya="1" hai0="128,62,48,43,10,93,91,68,60,53,69,6,49" hai1="70,0,74,90,24,17,82,107,28,72,46,8,5" hai2="130,29,14,36,127,20,97,105,92,73,94,71,84" hai3="41,113,42,58,65,103,26,108,83,131,122,86,23"/><U64/><E107/><V119/><F71/><W56/><G122/><T11/><D128/><U115/><E115/><V132/><F36/><W30/><G113/><T135/><D135/><U80/><E17/><V77/><F29/><W129/><G108/><T109/><D109/><U117/><E117/><V125/><F20/><W116/><G116/><T3/><D43/><U34/><E46/><V126/><F14/><W33/><G33/><T121/><D121/><U45/><E45/><V13/><F13/><W52/><G103/><T88/><D93/><N who="2" m="35946" /><F119/><W81/><G65/><T39/><D53/><U89/><E74/><V67/><F67/><W1/><G1/><T66/><D66/><U104/><E104/><V78/><F73/><W35/><G35/><T98/><D98/><U55/><E55/><V110/><F110/><W96/><G96/><T102/><D102/><U15/><E0/><V38/><F38/><W51/><G58/><T25/><D39/><U44/><E44/><V9/><F9/><W106/><G106/><T59/><D3/><U16/><E5/><V27/><F27/><W112/><G112/><T50/><D50/><U12/><E12/><V40/><F40/><N who="3" m="15467" /><G86/><T99/><D99/><U111/><E111/><V2/><F2/><W133/><G133/><T18/><D59/><U75/><E75/><V134/><F130/><AGARI ba="0,0" hai="23,26,30,51,52,56,81,83,129,130,131" m="15467" machi="130" ten="30,7700,0" yaku="19,1,52,2,54,1" doraHai="76" who="3" fromWho="2" sc="210,0,330,0,230,-77,230,77" /><INIT seed="2,0,0,3,1,76" ten="210,330,153,307" oya="2" hai0="25,59,93,60,111,131,87,48,49,44,116,92,68" hai1="110,86,103,75,32,12,42,127,105,90,112,1,134" hai2="89,41,129,7,22,13,66,135,124,29,81,122,24" hai3="132,117,88,74,70,26,43,6,120,40,23,10,71"/><V8/><F122/><W50/><G120/><T4/><D111/><U33/><E1/><V0/><F129/><W56/><G132/><T125/><D131/><U63/><E112/><V9/><F135/><W18/><G117/><T85/><D116/><U79/><E134/><V39/><F124/><W61/><G74/><T19/><D68/><U130/><E130/><V98/><F66/><W97/><G70/><T11/><D125/><U34/><E110/><V27/><F27/><W109/><G71/><T72/><D72/><U84/><E42/><V57/><F57/><W35/><G35/><T91/><D4/><U58/><E90/><V96/><F41/><W95/><G50/><T82/><D87/><U115/><E115/><V133/><F39/><W100/><G100/><T119/><D119/><U54/><E12/><V118/><F133/><W73/><G73/><T99/><D93/><U128/><E128/><V21/><F21/><W15/><G109/><T5/><D44/><U30/><E30/><V2/><F118/><W83/><REACH who="3" step="1"/><G83/><REACH who="3" ten="210,330,153,297" step="2"/><T114/><D114/><U31/><E127/><V106/><F106/><W64/><AGARI ba="0,1" hai="6,10,15,18,23,26,40,43,56,61,64,88,95,97" machi="64" ten="20,16000,3" yaku="1,1,2,1,0,1,7,1,8,1,54,1,53,2" doraHai="76" doraHaiUra="38" who="3" fromWho="3" sc="210,-40,330,-40,153,-80,297,170" /><INIT seed="3,0,0,2,2,127" ten="170,290,73,467" oya="3" hai0="95,7,61,16,101,66,125,54,65,34,116,20,83" hai1="131,91,89,72,59,115,103,33,26,105,18,14,40" hai2="107,48,123,113,130,5,124,50,6,29,67,120,25" hai3="64,44,38,84,8,19,128,23,134,52,10,78,43"/><W27/><G134/><T28/><D125/><U21/><E115/><V0/><F124/><W106/><G106/><T75/><D116/><U76/><E40/><V118/><F118/><W87/><G64/><T69/><D7/><N who="2" m="2570" /><F0/><W36/><G38/><T129/><D28/><U24/><E72/><V114/><F107/><W32/><G32/><T110/><D34/><U56/><E76/><V70/><F67/><W88/><G128/><T108/><D65/><U3/><E3/><V63/><F63/><W99/><G99/><T86/><D75/><U93/><E131/><V11/><F11/><W100/><G100/><T126/><D54/><U57/><E33/><V81/><F81/><N who="3" m="47159" /><G43/><T104/><D104/><U97/><REACH who="1" step="1"/><E91/><REACH who="1" ten="170,280,73,467" step="2"/><V82/><F130/><W122/><G36/><T132/><D129/><U80/><E80/><V112/><F114/><W71/><G122/><T90/><D126/><U13/><E13/><V62/><F113/><W51/><G71/><T121/><D121/><U2/><E2/><V15/><F70/><W49/><G49/><T92/><D132/><U85/><AGARI ba="0,1" hai="14,18,21,24,26,56,57,59,85,89,93,97,103,105" machi="85" ten="30,2000,0" yaku="1,1,0,1,53,0" doraHai="127" doraHaiUra="73" who="1" fromWho="1" sc="170,-5,280,30,73,-5,467,-10" /><INIT seed="4,0,0,0,2,42" ten="165,310,68,457" oya="0" hai0="100,85,51,66,111,26,129,14,27,12,7,74,120" hai1="125,122,19,90,39,38,73,53,79,82,9,91,37" hai2="127,44,102,83,32,24,49,88,67,52,93,59,22" hai3="84,112,58,16,20,95,92,123,35,23,133,96,110"/><T72/><D120/><U65/><E122/><V75/><F127/><W130/><G110/><T63/><D111/><U0/><E125/><V41/><F32/><W10/><G112/><T113/><D113/><U4/><E65/><V68/><F102/><W31/><G35/><T121/><D121/><U56/><REACH who="1" step="1"/><E19/><REACH who="1" ten="165,300,68,457" step="2"/><V77/><F67/><W15/><G123/><T86/><D66/><U40/><E40/><V34/><F68/><W107/><G16/><T46/><D129/><U30/><E30/><V89/><F34/><W18/><G31/><T55/><D55/><U11/><E11/><V36/><REACH who="2" step="1"/><F93/><REACH who="2" ten="165,300,58,457" step="2"/><W116/><G92/><T48/><D100/><U28/><E28/><AGARI ba="0,2" hai="22,24,28,36,41,44,49,52,59,75,77,83,88,89" machi="28" ten="30,12000,2" yaku="1,1,2,1,7,1,52,1,54,2,53,0" doraHai="42" doraHaiUra="64" who="2" fromWho="1" sc="165,0,300,-120,58,140,457,0" /><INIT seed="5,0,0,0,1,73" ten="165,180,198,457" oya="1" hai0="91,16,56,98,9,34,101,40,11,28,38,50,87" hai1="77,127,12,135,88,123,25,119,65,57,132,104,85" hai2="110,107,105,49,59,22,52,75,125,23,72,7,116" hai3="46,76,58,53,90,78,27,14,126,109,5,118,36"/><U74/><E119/><V10/><F116/><W94/><G109/><T31/><D38/><U29/><E123/><V82/><F125/><W6/><G126/><T54/><D40/><U106/><E127/><V117/><F117/><W128/><G36/><T21/><D34/><U0/><E0/><V43/><F110/><W8/><G46/><T115/><D115/><U112/><E112/><V71/><F71/><W48/><G118/><T44/><D44/><U96/><E12/><V20/><F43/><W55/><G55/><T64/><D64/><U99/><E57/><V80/><F75/><W4/><G27/><T39/><D39/><U24/><E65/><V129/><F129/><W35/><G35/><T69/><D69/><U97/><E25/><V114/><F82/><W122/><G122/><T33/><D33/><U30/><E30/><N who="0" m="11305" /><D98/><U37/><E37/><V108/><F114/><W63/><G48/><T130/><D101/><U113/><E113/><V3/><REACH who="2" step="1"/><F108/><REACH who="2" ten="165,180,188,457" step="2"/><W68/><G68/><T61/><D130/><U18/><E104/><V47/><F47/><W92/><G128/><T17/><D61/><U2/><E106/><V93/><F93/><W84/><G94/><N who="0" m="54655" /><D17/><AGARI ba="0,1" hai="4,5,6,8,14,17,53,58,63,76,78,84,90,92" machi="17" ten="40,5200,0" yaku="8,1,52,2" doraHai="73" who="3" fromWho="0" sc="165,-52,180,0,188,0,457,62" /><INIT seed="6,0,0,2,2,14" ten="113,180,188,519" oya="2" hai0="84,78,135,116,62,37,11,13,8,66,72,36,33" hai1="77,89,48,28,23,51,58,29,117,32,126,35,21" hai2="15,97,86,42,109,7,127,76,18,106,57,52,100" hai3="120,3,30,50,60,44,69,59,46,63,124,43,130"/><V93/><F127/><W10/><G120/><T53/><D33/><U25/><E117/><V9/><F109/><W132/><G30/><T129/><D135/><U34/><E126/><V70/><F70/><W6/><G124/><T80/><D129/><U133/><E133/><V17/><F42/><W91/><G132/><T55/><D116/><U111/><E111/><V99/><F86/><W131/><G91/><T64/><D11/><U49/><E77/><V96/><F76/><W68/><G46/><T45/><D72/><U122/><E89/><V5/><F5/><W125/><G60/><T67/><D62/><U83/><E83/><V1/><F1/><W61/><G63/><T88/><D78/><U22/><E122/><V98/><F106/><W81/><G81/><T115/><D115/><U112/><E112/><V114/><F114/><W16/><G16/><N who="0" m="8231" /><D55/><U82/><E82/><V134/><F134/><W4/><G44/><T12/><D12/><U118/><E118/><V39/><F39/><W47/><G6/><T20/><D20/><U75/><E75/><V24/><F24/><W56/><G56/><T101/><D101/><U54/><E25/><V0/><F0/><W85/><G85/><T2/><D2/><U71/><E71/><V110/><F110/><W27/><G27/><T107/><D107/><U41/><E41/><V19/><F7/><W123/><G123/><T31/><D31/><U65/><E54/><V87/><F87/><W113/><G125/><T92/><D92/><U121/><E121/><V128/><F128/><N who="3" m="49195" /><G113/><T26/><D26/><U74/><E74/><RYUUKYOKU ba="0,0" sc="113,0,180,0,188,0,519,0" hai0="36,37,45,53,64,66,67,80,84,88" hai1="21,22,23,28,29,32,34,35,48,49,51,58,65" hai2="9,15,17,18,19,52,57,93,96,97,98,99,100" hai3="3,4,10,43,47,50,59,61,68,69" /><INIT seed="6,1,0,2,0,8" ten="113,180,188,519" oya="2" hai0="36,122,121,4,113,117,80,15,18,73,98,27,33" hai1="116,92,95,75,118,59,37,0,70,72,89,103,11" hai2="119,110,69,86,2,24,102,134,64,51,74,56,127" hai3="128,96,32,130,46,114,85,25,58,79,126,115,65"/><V91/><F119/><W21/><G32/><T132/><D36/><U111/><E111/><V129/><F110/><W22/><G46/><T13/><D73/><U14/><E70/><V97/><F74/><W1/><G1/><T30/><D80/><U104/><E0/><V5/><F69/><W9/><G9/><N who="0" m="4263" /><D98/><U48/><E37/><V26/><F127/><W108/><G58/><T40/><D40/><U131/><E131/><V109/><F109/><W112/><G65/><T20/><D113/><U62/><E75/><V66/><F5/><W45/><G45/><T105/><D105/><U63/><E72/><V50/><F2/><W61/><G61/><T93/><D93/><U106/><E106/><V99/><F129/><N who="3" m="49771" /><G108/><T10/><D132/><U133/><E104/><V41/><F41/><W68/><G126/><T38/><D38/><U87/><E133/><V6/><F134/><W44/><G44/><T120/><D117/><U29/><E116/><V39/><F39/><W42/><G42/><T82/><D82/><U3/><E3/><V67/><F6/><W81/><G68/><T100/><D100/><U12/><E103/><V76/><F76/><W49/><G49/><N who="2" m="18441" /><F56/><W23/><G96/><N who="2" m="36937" /><F102/><W60/><G60/><T57/><D57/><U124/><E62/><V52/><F52/><W90/><G79/><T7/><D7/><N who="1" m="3199" /><E118/><V53/><F53/><W71/><G71/><T28/><D28/><AGARI ba="1,0" hai="21,22,23,25,28,81,85,90,112,114,115" m="49771" machi="28" ten="40,5200,0" yaku="15,1,11,1,19,1" doraHai="8" who="3" fromWho="0" sc="113,-55,180,0,188,0,519,55" /><INIT seed="7,0,0,1,4,72" ten="58,180,188,574" oya="3" hai0="97,103,74,22,114,48,37,71,102,43,9,86,116" hai1="60,15,64,65,91,16,32,99,26,3,49,76,34" hai2="101,98,132,134,129,79,81,25,69,39,14,110,35" hai3="31,123,56,24,67,36,13,44,108,10,119,90,33"/><W125/><G119/><T12/><D74/><U6/><E76/><V118/><F118/><W128/><G123/><T42/><D37/><U63/><E3/><V18/><F110/><W8/><G108/><T78/><D114/><U41/><E32/><V85/><F39/><W109/><G109/><T84/><D71/><U70/><E34/><V38/><F38/><W17/><G125/><T21/><D116/><U135/><E26/><V95/><F69/><W89/><G128/><T133/><D133/><N who="2" m="51306" /><F129/><W45/><G8/><T0/><D0/><U57/><E6/><V61/><F61/><N who="1" m="23625" /><E70/><V82/><F82/><W66/><G56/><T80/><D86/><U23/><E135/><V50/><F50/><W20/><G33/><T113/><D113/><U100/><E100/><V5/><F25/><W115/><G115/><T106/><D103/><U111/><E111/><V2/><F35/><W88/><G36/><T87/><D87/><U4/><E4/><V68/><F68/><W7/><G7/><T83/><D83/><U104/><E104/><V96/><F5/><W130/><G130/><T93/><D106/><U107/><E107/><V126/><F126/><W27/><G27/><T124/><D124/><U94/><E41/><V54/><F54/><AGARI ba="0,0" hai="15,16,23,49,54,57,64,65,91,94,99" m="23625" machi="54" ten="30,2000,0" yaku="8,1,54,1" doraHai="72" who="1" fromWho="2" sc="58,0,180,20,188,-20,574,0" owari="58,-44.0,200,0.0,168,-23.0,574,67.0" /></mjloggm>