<mjloggm ver="2.3"><GO type="169" lobby="0"/><UN n0="%E5%BD%97%E6%98%9F%E5%85%A5%E3%83%92%E3%82%B3" n1="%77%69%6C%73%6F%6E" n2="%E6%81%A9%E7%94%B0%E5%B8%8C" n3="%6D%69%6E%65%72%61%6C%32" dan="16,16,16,16" rate="2137.38,2155.34,2110.56,2028.67" sx="M,M,F,M"/><TAIKYOKU oya="0"/><INIT seed="0,0,0,5,2,18" ten="250,250,250,250" oya="0" hai0="59,58,106,52,34,48,83,116,16,81,50,111,91" hai1="57,124,86,74,11,132,5,4,39,118,108,131,37" hai2="15,30,85,44,29,45,115,73,87,3,117,23,76" hai3="21,64,98,66,6,125,70,19,7,113,84,72,10"/><T114/><D114/><U100/><E74/><V112/><F3/><W123/><G72/><T36/><D36/><U130/><E118/><V94/><F73/><W89/><G113/><T13/><D116/><U41/><E100/><V80/><F117/><W40/><G125/><T26/><D106/><U71/><E71/><V17/><F112/><W49/><G98/><T47/><D111/><U82/><E124/><V51/><F115/><W61/><G66/><T8/><D59/><U135/><E108/><V62/><F62/><W33/><G33/><T97/><D34/><U0/><E57/><V1/><F1/><W69/><G69/><T88/><D26/><U31/><E31/><N who="2" m="11787" /><F51/><W92/><G10/><T65/><D65/><U129/><E5/><V55/><F55/><W122/><G49/><T60/><D60/><U63/><E63/><V27/><F27/><W110/><G40/><N who="0" m="24679" /><D97/><U43/><E43/><V103/><F45/><W95/><G110/><T22/><D8/><U67/><E67/><V2/><F2/><W32/><G32/><T53/><D53/><U128/><N who="1" m="33280" /><DORA hai="134" /><U68/><E68/><V46/><F87/><W102/><G92/><T119/><D119/><U77/><REACH who="1" step="1"/><E41/><REACH who="1" ten="250,240,250,250" step="2"/><V99/><AGARI ba="0,1" hai="15,17,23,44,46,76,80,85,94,99,103" m="11787" machi="99" ten="30,2000,0" yaku="8,1,52,1" doraHai="18,134" who="2" fromWho="2" sc="250,-10,240,-5,250,30,250,-5" /><INIT seed="1,0,0,4,2,27" ten="240,235,280,245" oya="1" hai0="128,2,94,103,60,112,131,59,116,24,1,4,5" hai1="111,12,26,106,121,76,135,82,133,35,36,45,50" hai2="132,44,118,72,114,71,110,32,14,73,16,89,122" hai3="79,29,97,30,48,109,43,67,117,119,74,52,41"/><U70/><E121/><V91/><F118/><N who="3" m="45067" /><G67/><T51/><D116/><U78/><E70/><V19/><F71/><W75/><G109/><T20/><D112/><U68/><E68/><V11/><F122/><W127/><G127/><T105/><D105/><U69/><E69/><V96/><F110/><W102/><G79/><T57/><D51/><U85/><E111/><V55/><F32/><W28/><G43/><T47/><D47/><U37/><E106/><V46/><F96/><W31/><G41/><T40/><D40/><U64/><E64/><V10/><F55/><W77/><N who="3" m="7168" /><DORA hai="108" /><W23/><G23/><T120/><D120/><U21/><E35/><V6/><F132/><N who="1" m="50761" /><E26/><V62/><F62/><W39/><G77/><T101/><D60/><U123/><E123/><V65/><F65/><W95/><G39/><N who="1" m="14922" /><E78/><V107/><F107/><W115/><G115/><T80/><D20/><U33/><E33/><V42/><F114/><W61/><G61/><T0/><D24/><U3/><E3/><V87/><F42/><W125/><G125/><T25/><D25/><U38/><E38/><V130/><F14/><W92/><G92/><T63/><D63/><U15/><E21/><V84/><F130/><W8/><G8/><T49/><D0/><U58/><E45/><AGARI ba="0,0" hai="45,48,52,74,75,95,97,102" m="7168,45067" machi="45" ten="40,12000,2" yaku="12,1,52,4,54,1" doraHai="27,108" who="3" fromWho="1" sc="240,0,235,-120,280,0,245,120" /><INIT seed="2,0,0,1,4,29" ten="240,115,280,365" oya="2" hai0="117,0,133,128,33,110,7,41,59,108,56,92,45" hai1="67,78,71,90,84,65,35,48,18,53,132,19,43" hai2="116,94,64,83,36,54,27,123,121,39,8,57,99" hai3="74,13,50,55,124,37,103,58,130,102,73,127,80"/><V20/><F116/><W115/><G37/><T101/><D117/><U105/><E132/><V6/><F83/><W3/><G3/><T129/><D133/><U40/><E105/><V79/><F79/><W86/><G130/><N who="0" m="50283" /><D7/><U21/><E78/><V52/><F39/><W81/><G81/><T63/><D0/><U2/><E2/><V61/><F36/><W46/><G13/><T26/><D92/><U15/><E35/><V125/><F125/><N who="3" m="48203" /><G58/><N who="0" m="22059" /><D101/><N who="3" m="38409" /><G115/><T113/><D113/><U22/><E71/><V100/><F121/><W42/><G42/><T109/><D63/><U17/><E53/><V131/><F123/><W97/><G97/><T24/><D33/><U93/><E18/><N who="2" m="12695" /><F131/><W47/><G47/><T98/><D98/><U95/><E48/><AGARI ba="0,0" hai="24,26,41,45,48,108,109,110" m="22059,50283" machi="48" ten="40,2600,0" yaku="14,1,19,1" doraHai="29" who="0" fromWho="1" sc="240,26,115,-26,280,0,365,0" /><INIT seed="3,0,0,2,1,89" ten="266,89,280,365" oya="3" hai0="114,55,85,126,129,38,48,40,117,104,34,4,15" hai1="21,9,113,135,39,8,3,81,62,45,25,123,51" hai2="121,105,36,127,108,76,98,79,109,69,119,124,93" hai3="68,5,24,66,28,84,102,67,74,122,50,73,31"/><W80/><G122/><T120/><D117/><U27/><E123/><V52/><F36/><W54/><G5/><T128/><D120/><U6/><E113/><V134/><F69/><W0/><G0/><T100/><D126/><N who="2" m="48170" /><F105/><W23/><G31/><T131/><D114/><U10/><E135/><V46/><F121/><W99/><G73/><T97/><D85/><U110/><E110/><N who="2" m="42603" /><F119/><W88/><G74/><T70/><D70/><U32/><E39/><V11/><F11/><W63/><G63/><T125/><D125/><U20/><E62/><V43/><F43/><W22/><G22/><T18/><D4/><U112/><E112/><V91/><F134/><W86/><G68/><T13/><D34/><U41/><E32/><V42/><F42/><W56/><REACH who="3" step="1"/><G84/><REACH who="3" ten="266,89,280,355" step="2"/><T71/><D71/><U47/><E3/><V106/><F106/><AGARI ba="0,1" hai="23,24,28,50,54,56,66,67,80,86,88,99,102,106" machi="106" ten="30,11600,0" yaku="1,1,2,1,7,1,54,1,53,0" doraHai="89" doraHaiUra="115" who="3" fromWho="2" sc="266,0,89,0,280,-116,355,126" /><INIT seed="3,1,0,0,3,44" ten="266,89,164,481" oya="3" hai0="109,119,22,47,52,132,97,58,17,98,21,30,43" hai1="86,94,69,93,14,12,29,48,59,92,35,9,102" hai2="70,3,79,20,56,72,88,38,41,46,64,24,50" hai3="28,62,60,34,26,125,82,89,10,104,103,6,76"/><W37/><G125/><T107/><D119/><U25/><E69/><V117/><F3/><W127/><G127/><T7/><D109/><U75/><E75/><V105/><F105/><W128/><G89/><T120/><D120/><U18/><E102/><V61/><F117/><W31/><G31/><T126/><D132/><U84/><REACH who="1" step="1"/><E12/><REACH who="1" ten="266,79,164,481" step="2"/><V68/><F70/><W11/><G103/><T4/><D126/><U78/><E78/><V85/><F72/><W87/><G76/><T101/><D101/><U124/><E124/><V113/><F79/><W63/><G128/><T71/><D71/><U134/><E134/><V111/><F111/><W90/><G104/><T45/><D107/><U53/><AGARI ba="1,1" hai="9,14,18,25,29,35,48,53,59,84,86,92,93,94" machi="53" ten="30,4000,0" yaku="1,1,0,1,52,1,53,0" doraHai="44" doraHaiUra="19" who="1" fromWho="1" sc="266,-11,79,53,164,-11,481,-21" /><INIT seed="4,0,0,4,4,6" ten="255,132,153,460" oya="0" hai0="109,34,103,0,79,126,68,23,63,102,69,118,61" hai1="111,16,17,21,67,32,11,80,81,76,120,99,48" hai2="28,77,130,56,129,58,50,94,18,36,19,4,20" hai3="64,105,41,124,101,55,66,119,2,83,117,13,30"/><T86/><D34/><U73/><E111/><V44/><F36/><W54/><G2/><T131/><D118/><U75/><E32/><V95/><F77/><W46/><G101/><T107/><D0/><U93/><E120/><V71/><F71/><W35/><G105/><T98/><D109/><U122/><E122/><V104/><F28/><W78/><G124/><T33/><D33/><U89/><E67/><V112/><F4/><W37/><G64/><T70/><D126/><U39/><E39/><V116/><F104/><W53/><G66/><T96/><D131/><U43/><E75/><V26/><F18/><W72/><G13/><T59/><D23/><U123/><E123/><V88/><F95/><W60/><G60/><T5/><D5/><U82/><E73/><V65/><F112/><W14/><G14/><T115/><D115/><U113/><E113/><V133/><F133/><W128/><G128/><N who="2" m="49257" /><F65/><W38/><G38/><T57/><D79/><U1/><E76/><V97/><F116/><W90/><G90/><T51/><D51/><U132/><E132/><V135/><F135/><W49/><G49/><T74/><D74/><U91/><E1/><V12/><F26/><W25/><AGARI ba="0,0" hai="25,30,35,37,41,46,53,54,55,72,78,83,117,119" machi="25" ten="30,1100,0" yaku="0,1" doraHai="6" who="3" fromWho="3" sc="255,-5,132,-3,153,-3,460,11" /><INIT seed="5,0,0,2,4,37" ten="250,129,150,471" oya="1" hai0="94,114,41,103,82,116,33,47,93,8,115,14,110" hai1="52,121,39,34,77,120,101,78,85,118,1,86,90" hai2="57,126,95,89,64,107,36,129,38,54,97,18,62" hai3="119,22,30,125,4,71,50,16,23,15,69,74,12"/><U102/><E118/><V92/><F126/><W123/><G74/><T130/><D110/><U100/><E1/><V60/><F107/><W63/><G123/><N who="1" m="47178" /><E39/><V25/><F129/><W28/><G125/><T127/><D33/><U84/><E34/><V109/><F109/><W3/><G63/><T44/><D130/><U133/><E52/><V24/><F95/><N who="0" m="36362" /><D127/><U0/><E0/><V91/><F91/><W5/><G50/><N who="0" m="26895" /><D116/><U9/><E9/><V113/><F25/><W61/><G61/><T11/><D103/><N who="1" m="26371" /><U135/><DORA hai="27" /><E90/><V46/><F113/><N who="0" m="43018" /><D82/><U117/><E117/><V26/><F26/><W49/><G119/><T111/><D111/><U21/><E21/><N who="2" m="13367" /><F46/><W31/><G49/><T96/><D47/><U122/><N who="1" m="47186" /><U13/><DORA hai="72" /><E13/><V6/><F6/><W19/><G4/><T134/><D8/><AGARI ba="0,0" hai="3,5,8,12,15,16,19,22,23,28,30,31,69,71" machi="8" ten="40,8000,1" yaku="9,1,52,3,54,1" doraHai="37,27,72" who="3" fromWho="0" sc="250,-80,129,0,150,0,471,80" /><INIT seed="6,0,0,3,1,0" ten="170,129,150,551" oya="2" hai0="56,107,81,114,4,99,103,105,63,75,64,87,32" hai1="24,67,68,25,8,6,123,54,97,13,88,16,43" hai2="121,92,53,93,82,61,134,44,80,71,77,127,12" hai3="11,72,20,101,5,98,29,124,106,117,7,78,83"/><V30/><F121/><W90/><G117/><T35/><D114/><U37/><E123/><V109/><F127/><W115/><G115/><T62/><D75/><U96/><E68/><V91/><F134/><W73/><G73/><T120/><D120/><U17/><E67/><V47/><F71/><W33/><G33/><T66/><D4/><U18/><E37/><V85/><F30/><W10/><G29/><T57/><REACH who="0" step="1"/><D107/><REACH who="0" ten="160,129,150,551" step="2"/><U49/><E43/><V102/><F109/><W110/><G7/><T31/><D31/><U132/><E132/><V119/><F119/><W95/><G5/><T86/><D86/><U38/><E38/><V89/><F102/><W50/><G106/><T79/><AGARI ba="0,1" hai="32,35,56,57,62,63,64,66,79,81,87,99,103,105" machi="79" ten="20,12000,2" yaku="1,1,0,1,7,1,9,1,53,2" doraHai="0" doraHaiUra="55" who="0" fromWho="0" sc="160,130,129,-30,150,-60,551,-30" /><INIT seed="7,0,0,4,0,69" ten="290,99,90,521" oya="3" hai0="126,52,51,84,11,121,74,75,15,23,134,122,72" hai1="31,65,0,17,3,60,98,132,66,123,89,16,90" hai2="81,58,115,102,97,55,101,107,86,112,21,96,57" hai3="103,127,42,30,76,118,35,53,129,67,80,1,61"/><W113/><G118/><T28/><D52/><U68/><E123/><V54/><F21/><W25/><G1/><T104/><D84/><U133/><E31/><V18/><F18/><N who="1" m="7273" /><E66/><V106/><F86/><W70/><G113/><T27/><D23/><U47/><E47/><V135/><F81/><W99/><G129/><T32/><D15/><U13/><E13/><V92/><F92/><W59/><G127/><T87/><D87/><U71/><E71/><V36/><F36/><W24/><G24/><T63/><D63/><U125/><E125/><V116/><F135/><N who="1" m="51785" /><E98/><V56/><F58/><W20/><G42/><T43/><D28/><U6/><E6/><V117/><AGARI ba="0,0" hai="54,55,56,57,96,97,101,102,106,107,112,115,116,117" machi="117" ten="25,3200,0" yaku="0,1,22,2" doraHai="69" who="2" fromWho="2" sc="290,-8,99,-8,90,32,521,-16" owari="282,8.0,91,-41.0,122,-28.0,505,61.0" /></mjloggm>