<mjloggm ver="2.3"><GO type="169" lobby="0"/><UN n0="%E4%B8%BB%E5%B8%AD" n1="%E3%81%A4%E3%82%89%E3%81%84%E3%80%82" n2="%E3%82%84%E3%81%8F%E3%81%97%E3%81%BE%E3%82%8B%E3%81%88%E3%81%A4%E3%81%93" n3="%E6%AD%A6%E5%A8%81" dan="16,16,16,17" rate="2126.69,2103.56,2068.51,2140.97" sx="M,M,F,M"/><TAIKYOKU oya="0"/><INIT seed="0,0,0,2,2,2" ten="250,250,250,250" oya="0" hai0="126,64,119,55,26,28,43,50,0,130,113,8,99" hai1="42,128,16,11,104,20,102,89,58,86,131,134,9" hai2="135,39,133,129,61,73,123,6,34,93,120,47,96" hai3="41,30,85,71,103,68,118,23,79,108,132,91,112"/><T74/><D74/><U19/><E42/><N who="2" m="23007" /><F34/><W82/><G112/><T97/><D113/><U76/><E76/><V92/><F73/><W124/><G118/><T107/><D43/><U52/><E134/><N who="2" m="51211" /><F129/><N who="1" m="49737" /><E102/><N who="2" m="60679" /><F61/><W78/><G132/><T62/><D130/><U53/><E104/><V3/><F93/><W36/><G79/><T32/><D107/><U122/><E122/><V59/><F59/><W83/><G78/><T7/><D126/><U117/><E117/><V84/><F84/><W81/><G85/><T67/><D119/><U12/><E58/><V106/><F106/><W21/><G124/><T44/><REACH who="0" step="1"/><D67/><REACH who="0" ten="240,250,250,250" step="2"/><U56/><E53/><V87/><F120/><W63/><G41/><T35/><D35/><U95/><E19/><V1/><F123/><W49/><G36/><T116/><D116/><U10/><E20/><V121/><F121/><W80/><G23/><T13/><D13/><U37/><E37/><V72/><F72/><W45/><G21/><T105/><D105/><U110/><E110/><V57/><F1/><W38/><G38/><T69/><AGARI ba="0,1" hai="0,7,8,26,28,32,44,50,55,62,64,69,97,99" machi="69" ten="20,7800,0" yaku="1,1,0,1,7,1,52,1,53,0" doraHai="2" doraHaiUra="14" who="0" fromWho="0" sc="240,88,250,-26,250,-26,250,-26" /><INIT seed="0,1,0,5,5,114" ten="328,224,224,224" oya="0" hai0="107,14,29,91,20,97,132,30,108,2,98,69,57" hai1="37,42,64,102,40,122,67,38,32,15,61,125,50" hai2="65,53,73,130,84,117,74,134,54,25,18,76,96" hai3="46,124,113,60,103,63,41,77,35,93,116,1,27"/><T101/><D69/><U121/><E32/><V55/><F134/><W66/><G113/><T70/><D70/><U26/><E102/><V82/><F130/><W127/><G1/><T135/><D2/><U128/><E128/><V100/><F65/><N who="1" m="25161" /><E15/><V52/><N who="2" m="13312" /><DORA hai="45" /><V6/><F6/><W51/><G77/><T34/><D34/><U8/><E8/><V7/><F7/><W112/><G112/><T120/><D120/><N who="1" m="46187" /><E26/><V129/><F117/><W23/><G35/><T24/><D30/><U47/><E125/><N who="3" m="48202" /><G66/><T87/><D98/><U49/><E61/><V39/><F129/><W106/><G106/><T16/><D57/><U118/><E118/><V88/><F76/><W105/><G105/><T104/><D104/><U86/><E86/><V10/><F25/><W111/><G116/><T89/><D135/><U110/><E110/><V95/><REACH who="2" step="1"/><F39/><REACH who="2" ten="328,224,214,224" step="2"/><N who="1" m="14857" /><E47/><V48/><F48/><AGARI ba="1,1" hai="40,42,48,49,50" m="14857,46187,25161" machi="48" ten="40,12000,2" yaku="28,2,34,2,52,3" doraHai="114,45" who="1" fromWho="2" sc="328,0,224,133,214,-123,224,0" /><INIT seed="1,0,0,0,4,96" ten="328,357,91,224" oya="1" hai0="118,0,45,49,53,88,66,7,13,33,89,97,94" hai1="132,104,41,25,12,27,4,16,115,117,34,52,77" hai2="62,11,113,81,80,31,84,29,128,87,73,20,106" hai3="68,90,98,102,78,127,26,125,19,63,60,39,67"/><U6/><E115/><V35/><F113/><W92/><G39/><T5/><D118/><U8/><E117/><V14/><F106/><W116/><G116/><T131/><D33/><U71/><E71/><V36/><F35/><W119/><G119/><T74/><D131/><U44/><E104/><V72/><F36/><W17/><G78/><T103/><D0/><U75/><E132/><V51/><F128/><W65/><G90/><N who="0" m="34923" /><D74/><U42/><E75/><V21/><F14/><W15/><G26/><N who="1" m="9738" /><E77/><V22/><F22/><W99/><G99/><T112/><D112/><U107/><E107/><V135/><F51/><W82/><G82/><T110/><D110/><U129/><E34/><V76/><F76/><W56/><REACH who="3" step="1"/><G17/><REACH who="3" ten="328,357,91,214" step="2"/><T95/><D97/><U105/><E129/><V109/><F135/><W100/><G100/><T101/><D66/><U55/><E105/><V57/><F73/><W23/><AGARI ba="0,1" hai="15,19,23,56,60,63,65,67,68,92,98,102,125,127" machi="23" ten="30,4000,0" yaku="1,1,0,1,52,1,53,0" doraHai="96" doraHaiUra="124" who="3" fromWho="3" sc="328,-10,357,-20,91,-10,214,50" /><INIT seed="2,0,0,5,5,41" ten="318,337,81,264" oya="2" hai0="113,32,0,60,123,55,124,98,120,51,59,134,133" hai1="132,56,100,36,111,106,69,108,75,2,96,58,44" hai2="117,6,81,11,97,121,74,119,95,71,35,112,87" hai3="26,29,28,64,9,33,8,102,84,18,31,14,38"/><V42/><F112/><W76/><G38/><T70/><D0/><U88/><E69/><V110/><F121/><N who="0" m="46666" /><D32/><U78/><E2/><V68/><F35/><W90/><G102/><T37/><D98/><U43/><E132/><N who="0" m="50793" /><D37/><U34/><E34/><V17/><F74/><W77/><G64/><N who="0" m="41223" /><D124/><U86/><E78/><V94/><F17/><W125/><G125/><T128/><D128/><U53/><E75/><V4/><F4/><W27/><G9/><T101/><D101/><U40/><E36/><V63/><F94/><W109/><G109/><T122/><N who="0" m="46674" /><T79/><DORA hai="25" /><D79/><N who="3" m="30281" /><G33/><T116/><D116/><U3/><E3/><V48/><F110/><W13/><G13/><T135/><N who="0" m="50801" /><T130/><DORA hai="72" /><D130/><U46/><E111/><V19/><F6/><W83/><AGARI ba="0,0" hai="8,14,18,26,27,28,29,31,83,84,90" m="30281" machi="83" ten="30,12000,2" yaku="8,1,52,6" doraHai="41,25,72" who="3" fromWho="3" sc="318,-30,337,-30,81,-60,264,120" /><INIT seed="3,0,0,0,1,103" ten="288,307,21,384" oya="3" hai0="113,101,114,79,110,61,84,126,29,133,112,135,47" hai1="77,14,121,90,63,27,26,56,7,86,24,68,6" hai2="111,37,39,38,99,89,80,13,87,94,115,62,44" hai3="65,119,16,59,51,134,42,15,127,108,118,43,20"/><W88/><G127/><T9/><D126/><U117/><E121/><V107/><F115/><W70/><G70/><T85/><D110/><U66/><E117/><V60/><F111/><W95/><G108/><T22/><D101/><U21/><E77/><V49/><F13/><W12/><G134/><N who="0" m="51211" /><D79/><U81/><REACH who="1" step="1"/><E68/><REACH who="1" ten="288,297,21,384" step="2"/><V100/><REACH who="2" step="1"/><F80/><REACH who="2" ten="288,297,11,384" step="2"/><W83/><G83/><T58/><D113/><U55/><E55/><AGARI ba="0,2" hai="37,38,39,44,49,55,60,62,87,89,94,99,100,107" machi="55" ten="40,5200,0" yaku="1,1,2,1,52,1,53,0" doraHai="103" doraHaiUra="36" who="2" fromWho="1" sc="288,0,297,-52,11,72,384,0" /><INIT seed="4,0,0,2,3,47" ten="288,245,83,384" oya="0" hai0="135,4,77,41,118,33,48,70,85,17,68,76,89" hai1="88,102,19,56,13,53,60,122,90,16,106,121,71" hai2="1,34,49,103,24,73,91,66,44,117,115,10,107" hai3="93,3,87,112,0,123,23,6,109,74,43,133,132"/><T94/><D118/><U18/><E71/><V134/><F73/><W15/><G109/><T28/><D135/><N who="3" m="51785" /><G74/><T67/><D4/><U65/><E106/><V116/><F134/><W32/><G32/><T36/><D36/><U27/><E102/><V51/><F115/><W92/><G112/><T79/><D67/><U80/><E27/><V129/><F129/><W95/><G123/><T42/><D42/><U30/><E30/><N who="2" m="19783" /><F44/><W99/><G43/><T57/><D28/><U45/><E13/><V105/><F91/><W14/><G99/><T25/><D33/><U2/><E2/><V5/><F66/><W62/><G62/><T97/><D41/><U46/><E122/><V114/><F114/><W75/><G75/><T50/><D57/><N who="1" m="37007" /><E121/><V61/><F61/><W12/><G6/><T131/><D131/><U113/><E113/><V127/><F107/><W7/><G7/><T119/><D119/><N who="2" m="45642" /><F127/><W8/><G8/><T81/><D70/><U130/><E130/><V128/><F128/><W108/><G108/><T98/><D68/><U55/><E55/><V11/><F10/><W111/><G111/><T120/><D120/><U83/><E46/><V110/><F110/><W31/><G87/><T86/><D86/><U40/><E45/><V35/><F35/><W126/><G126/><T37/><D37/><U59/><E40/><V38/><F38/><W101/><G101/><N who="0" m="60599" /><D98/><AGARI ba="0,0" hai="1,5,11,49,51,98,103,105" m="45642,19783" machi="98" ten="30,3900,0" yaku="12,1,52,2" doraHai="47" who="2" fromWho="0" sc="288,-39,245,0,83,39,384,0" /><INIT seed="5,0,0,0,0,124" ten="249,245,122,384" oya="1" hai0="132,0,60,83,106,110,24,8,98,49,94,55,128" hai1="37,62,103,127,4,75,33,45,102,20,59,10,76" hai2="6,9,39,73,18,86,96,72,109,113,42,28,61" hai3="126,93,34,135,79,125,23,112,57,88,90,68,104"/><U82/><E33/><V26/><F109/><W13/><G68/><T121/><D110/><U16/><E127/><N who="3" m="48650" /><G104/><T120/><D106/><U85/><E37/><V66/><F96/><W122/><G122/><N who="0" m="47211" /><D83/><U25/><E45/><V130/><F113/><W12/><G135/><T41/><D132/><U134/><E75/><V38/><F18/><W74/><G34/><T117/><D41/><U123/><E134/><V5/><F5/><W19/><G57/><N who="0" m="34879" /><D49/><U15/><REACH who="1" step="1"/><E123/><REACH who="1" ten="249,235,122,384" step="2"/><V44/><F39/><W87/><G112/><T31/><D117/><U91/><E91/><V69/><F86/><W32/><G32/><N who="0" m="20583" /><D128/><U22/><E22/><V53/><F130/><W56/><G74/><T47/><D47/><U35/><E35/><V14/><F53/><AGARI ba="0,1" hai="4,10,15,16,20,25,53,59,62,76,82,85,102,103" machi="53" ten="30,11600,0" yaku="1,1,7,1,8,1,54,1,53,0" doraHai="124" doraHaiUra="133" who="1" fromWho="2" sc="249,0,235,126,122,-116,384,0" /><INIT seed="5,1,0,3,1,133" ten="249,361,6,384" oya="1" hai0="98,129,30,25,22,106,112,131,53,116,127,99,124" hai1="2,62,50,120,83,45,13,31,52,104,73,81,59" hai2="17,135,93,41,35,36,134,46,39,24,42,89,108" hai3="60,111,85,20,12,55,63,56,72,75,23,44,21"/><U119/><E119/><V77/><F77/><W58/><G111/><T4/><D116/><U0/><E120/><V125/><F108/><W29/><G29/><T78/><D112/><U109/><E104/><V130/><F130/><N who="0" m="49674" /><D78/><U132/><E109/><V33/><F17/><W87/><G72/><T96/><D4/><U97/><E132/><N who="2" m="50731" /><F24/><W49/><G75/><T54/><D106/><U86/><E31/><V7/><F7/><W80/><G12/><T71/><D71/><U107/><E73/><V70/><F70/><W32/><G32/><N who="2" m="12361" /><F125/><W114/><G114/><T128/><D128/><U47/><E47/><V61/><F61/><N who="3" m="23627" /><G87/><T84/><D84/><U34/><E34/><V18/><F18/><W117/><G117/><T102/><D102/><U40/><E83/><V43/><F36/><W92/><G92/><T48/><D48/><U76/><REACH who="1" step="1"/><E13/><REACH who="1" ten="249,351,6,384" step="2"/><V8/><F8/><W74/><G74/><T100/><D100/><AGARI ba="1,1" hai="0,2,40,45,50,52,59,62,76,81,86,97,100,107" machi="100" ten="40,7700,0" yaku="1,1,2,1,54,1,53,0" doraHai="133" doraHaiUra="14" who="1" fromWho="0" sc="249,-80,351,90,6,0,384,0" /><INIT seed="5,2,0,4,3,11" ten="169,441,6,384" oya="1" hai0="75,31,62,64,67,41,66,105,19,112,113,121,21" hai1="76,18,96,57,131,68,38,125,72,54,27,56,132" hai2="127,80,1,29,94,70,30,26,135,48,128,90,109" hai3="119,14,110,129,118,134,22,23,33,45,126,12,55"/><U107/><E68/><V25/><F109/><W50/><G110/><T40/><D121/><U116/><E38/><V13/><F1/><W36/><G33/><T99/><D75/><U61/><E116/><N who="3" m="44586" /><G126/><T39/><D31/><N who="2" m="11786" /><F70/><W0/><G0/><T100/><D62/><U17/><E125/><V95/><F127/><W133/><G129/><T106/><D106/><U46/><E131/><V86/><F128/><W89/><G89/><T108/><D108/><U47/><E132/><N who="3" m="50794" /><G36/><T120/><D120/><U4/><E76/><V20/><F135/><W122/><G122/><T73/><D73/><U71/><E72/><V49/><F49/><W92/><G92/><N who="2" m="35369" /><F48/><W3/><G3/><T78/><D39/><U63/><E71/><V87/><F87/><W114/><G114/><N who="0" m="44139" /><D78/><U5/><E96/><V88/><F90/><W10/><G10/><T60/><D60/><U124/><E124/><V69/><F69/><W115/><G115/><T28/><D28/><U103/><E107/><V6/><F20/><AGARI ba="2,0" hai="12,14,20,22,23,45,50,55" m="50794,44586" machi="20" ten="30,7700,0" yaku="12,1,20,1,52,2" doraHai="11" who="3" fromWho="2" sc="169,0,441,0,6,-83,384,83" owari="169,-23.0,441,24.0,-77,-58.0,467,57.0" /></mjloggm>