<mjloggm ver="2.3"><GO type="169" lobby="0"/><UN n0="%E5%AE%9F%E5%AD%98" n1="%E3%82%8F%E3%81%A3%E3%81%97%E3%82%87%E3%81%84%E5%90%9B%32%E5%8F%B7" n2="%E3%81%8B%E3%81%A4%E3%81%A9%E3%82%93" n3="%E3%82%AD%E3%83%B3%E3%82%B0%E3%81%82%E3%81%A4%E3%81%97" dan="17,16,17,17" rate="2163.34,2154.45,2250.36,2190.08" sx="M,M,F,M"/><TAIKYOKU oya="0"/><INIT seed="0,0,0,2,4,105" ten="250,250,250,250" oya="0" hai0="84,125,120,118,9,75,108,129,122,39,23,131,91" hai1="128,0,27,96,109,70,79,134,103,66,60,42,81" hai2="28,83,5,31,88,16,11,73,48,100,35,117,123" hai3="46,92,4,111,86,82,7,54,62,21,19,72,34"/><T113/><D9/><U55/><E109/><V74/><F123/><W49/><G111/><T64/><D64/><U26/><E128/><V44/><F100/><W59/><G72/><T98/><D23/><U114/><E134/><V25/><F31/><W126/><G92/><T12/><D12/><U133/><E133/><V71/><F71/><W52/><G126/><T17/><D17/><U45/><E114/><V20/><F117/><W61/><G61/><T1/><D98/><U10/><E55/><V135/><F135/><W38/><G38/><T32/><D91/><U77/><E0/><N who="2" m="423" /><F83/><W65/><G65/><T124/><D84/><U132/><E10/><V95/><F48/><W22/><G34/><T58/><D58/><U57/><E132/><V8/><F8/><W56/><G56/><T87/><D87/><U78/><E81/><V53/><F53/><W33/><G33/><T68/><D125/><U80/><E80/><V36/><F44/><W116/><G116/><T93/><D122/><U13/><E70/><V112/><F36/><W40/><G54/><T15/><D120/><U29/><E29/><V94/><F112/><W43/><G43/><T102/><D113/><U127/><E13/><N who="2" m="9231" /><F95/><W18/><G21/><T110/><D118/><U30/><E30/><V41/><F41/><W76/><REACH who="3" step="1"/><G19/><REACH who="3" ten="250,250,250,240" step="2"/><T119/><D108/><U51/><E127/><V115/><F115/><W90/><G90/><T2/><D110/><U97/><E103/><V101/><F101/><W121/><G121/><T130/><D130/><U47/><E47/><V104/><F104/><W67/><G67/><RYUUKYOKU ba="0,1" sc="250,-30,250,10,250,10,240,10" hai1="26,27,42,45,51,57,60,66,77,78,79,96,97" hai2="25,28,35,73,74,88,94" hai3="4,7,18,22,40,46,49,52,59,62,76,82,86" /><INIT seed="1,1,1,0,4,50" ten="220,260,260,250" oya="1" hai0="39,71,112,20,96,108,79,31,30,132,130,80,72" hai1="106,121,70,120,41,94,62,125,24,36,59,48,57" hai2="88,4,98,100,89,23,55,22,47,75,32,6,93" hai3="128,127,42,7,52,119,3,10,60,118,87,73,49"/><U126/><E106/><V113/><F32/><W44/><G73/><T114/><D71/><U115/><E24/><V17/><F75/><W134/><G127/><N who="1" m="48650" /><E94/><V19/><F113/><W13/><G128/><T27/><D130/><U81/><E81/><V104/><F22/><W123/><G123/><N who="1" m="47178" /><E115/><V38/><F38/><W102/><G134/><T111/><D39/><U65/><E36/><V68/><F19/><W95/><G3/><T12/><D132/><U56/><E41/><V21/><F104/><W117/><G87/><T116/><D31/><U18/><E18/><V86/><F100/><W14/><G14/><T90/><D12/><U63/><E48/><N who="2" m="29087" /><F23/><W5/><G5/><T11/><D114/><U2/><E2/><V110/><F4/><W101/><G95/><T66/><D20/><U122/><N who="1" m="47186" /><U92/><DORA hai="33" /><E92/><V107/><F6/><W69/><G42/><T26/><D112/><U67/><AGARI ba="1,1" hai="56,57,59,62,63,65,67,70" m="47186,48650" machi="67" ten="50,9600,0" yaku="18,1,34,2" doraHai="50,33" who="1" fromWho="1" sc="220,-33,260,109,260,-33,250,-33" /><INIT seed="1,2,0,3,1,14" ten="187,369,227,217" oya="1" hai0="77,52,43,115,70,79,87,102,46,112,35,55,5" hai1="110,103,98,122,106,132,15,126,128,10,23,38,22" hai2="105,100,76,41,8,82,71,24,25,51,0,53,84" hai3="20,83,42,4,78,44,27,89,63,93,18,54,19"/><U36/><E122/><V68/><F41/><W91/><G4/><T81/><D35/><U62/><E126/><V117/><F117/><W57/><G19/><T86/><D70/><U97/><E128/><V33/><F105/><W107/><G107/><T118/><D118/><U66/><E132/><V127/><F100/><W69/><G69/><T80/><D102/><U16/><E97/><V9/><F127/><W21/><G21/><T47/><D5/><U30/><E110/><V26/><F33/><W1/><G1/><T131/><REACH who="0" step="1"/><D43/><REACH who="0" ten="177,369,227,217" step="2"/><U40/><E40/><V31/><F71/><W108/><G108/><T135/><D135/><U12/><E23/><V123/><F68/><W134/><G134/><T130/><AGARI ba="2,1" hai="46,47,52,55,77,79,80,81,86,87,112,115,130,131" machi="130" ten="25,12000,2" yaku="1,1,0,1,22,2,54,1,53,2" doraHai="14" doraHaiUra="111" who="0" fromWho="0" sc="177,136,369,-62,227,-32,217,-32" /><INIT seed="2,0,0,2,2,90" ten="313,307,195,185" oya="2" hai0="69,112,105,42,116,91,21,101,133,70,10,111,132" hai1="28,87,35,79,62,80,41,4,13,23,48,131,44" hai2="39,8,76,26,27,86,0,50,43,18,15,114,108" hai3="58,115,30,51,3,11,97,22,64,99,7,107,52"/><V73/><F114/><W14/><G115/><T47/><D112/><U122/><E131/><V129/><F129/><W60/><G107/><T72/><D72/><U126/><E126/><V124/><F124/><W33/><G33/><T88/><D111/><U45/><E122/><V118/><F118/><W2/><G2/><T71/><D116/><U20/><E35/><V94/><F108/><W77/><G77/><T5/><D21/><U92/><E28/><V95/><F39/><W56/><REACH who="3" step="1"/><G3/><REACH who="3" ten="313,307,195,175" step="2"/><T53/><D105/><U125/><E125/><V12/><F0/><W83/><G83/><T78/><D78/><U135/><E80/><N who="2" m="47367" /><F73/><W57/><G57/><T121/><D70/><U17/><E79/><V98/><F15/><W1/><G1/><T119/><D69/><U31/><E13/><V61/><F27/><AGARI ba="0,1" hai="7,11,14,22,27,30,51,52,56,58,60,64,97,99" machi="27" ten="40,5200,0" yaku="1,1,8,1,54,1,53,0" doraHai="90" doraHaiUra="66" who="3" fromWho="2" sc="313,0,307,0,195,-52,175,62" /><INIT seed="3,0,0,1,1,35" ten="313,307,143,237" oya="3" hai0="79,85,18,45,122,7,86,72,36,15,67,115,91" hai1="49,110,43,92,75,38,44,37,109,112,62,11,54" hai2="80,6,34,120,59,69,58,30,23,133,135,119,0" hai3="93,33,95,87,1,25,96,106,64,50,22,63,97"/><W41/><G33/><T98/><D122/><U65/><E75/><V104/><F119/><W113/><G113/><T71/><D115/><U121/><E112/><V77/><F69/><W53/><G41/><T94/><D7/><U39/><E92/><V114/><F114/><W127/><G1/><T107/><D107/><U128/><E11/><N who="2" m="2503" /><F34/><W48/><G106/><T105/><D105/><U21/><E21/><V61/><F104/><W81/><G127/><T129/><D129/><U56/><E128/><V100/><F100/><W2/><G2/><T57/><D71/><N who="1" m="42423" /><E121/><V32/><F32/><W132/><G63/><AGARI ba="0,0" hai="37,38,39,43,44,49,54,56,63,109,110" m="42423" machi="63" ten="30,2000,0" yaku="34,2" doraHai="35" who="1" fromWho="3" sc="313,0,307,20,143,0,237,-20" /><INIT seed="4,0,0,0,5,107" ten="313,327,143,217" oya="0" hai0="55,122,117,31,92,3,86,113,2,42,38,130,57" hai1="87,58,20,48,106,30,83,71,65,22,56,119,78" hai2="53,67,52,126,37,61,75,99,47,24,132,88,5" hai3="77,45,135,40,96,43,70,133,89,120,69,54,103"/><T73/><D122/><U104/><E119/><V90/><F132/><N who="3" m="50763" /><G120/><T100/><D117/><U14/><E22/><V118/><F118/><W125/><G125/><T114/><D130/><U44/><E71/><N who="3" m="27146" /><G77/><T10/><D31/><U32/><E32/><V36/><F126/><W131/><G89/><T72/><D42/><U66/><E66/><V0/><F90/><W68/><N who="3" m="27154" /><W115/><DORA hai="17" /><G131/><T95/><D38/><U29/><E29/><V1/><F67/><W128/><G128/><T28/><D28/><U97/><E65/><V63/><F88/><W127/><G127/><T23/><D23/><U85/><E78/><V46/><F99/><W4/><G4/><T74/><D86/><U41/><E97/><V84/><F84/><W27/><G27/><T51/><D10/><U80/><E30/><V50/><F5/><W8/><G8/><T16/><D16/><U93/><E20/><V49/><F24/><W64/><G64/><T94/><D100/><U134/><E134/><V82/><F82/><W21/><G21/><T124/><D124/><U129/><E129/><V62/><F62/><W101/><G101/><T26/><D26/><U33/><E87/><V98/><F98/><W13/><G13/><T59/><D57/><U110/><E56/><V76/><F76/><W112/><G96/><T9/><D9/><U34/><E85/><V18/><F18/><W102/><G103/><T79/><D79/><U19/><E58/><V11/><F11/><W12/><G102/><T25/><D25/><U6/><E19/><V116/><F116/><W60/><G12/><RYUUKYOKU ba="0,0" sc="313,15,327,-15,143,15,217,-15" hai0="2,3,51,55,59,72,73,74,92,94,95,113,114" hai2="0,1,36,37,46,47,49,50,52,53,61,63,75" /><INIT seed="4,1,0,2,1,53" ten="328,312,158,202" oya="0" hai0="123,51,116,45,65,52,105,125,107,112,106,11,47" hai1="32,6,78,49,30,68,29,27,66,2,58,34,92" hai2="22,73,63,56,104,94,67,87,20,38,120,84,40" hai3="98,1,17,10,97,28,35,76,119,12,79,31,121"/><T21/><D116/><U114/><E68/><V24/><F120/><W70/><G70/><T83/><D123/><U133/><E133/><V91/><F73/><W37/><G37/><T117/><D117/><U109/><E109/><V23/><F104/><W41/><G119/><T71/><D112/><U122/><E122/><V5/><F5/><W69/><G69/><T95/><D125/><U75/><E114/><V9/><F9/><W57/><G41/><T113/><D113/><U62/><E49/><V16/><REACH who="2" step="1"/><F87/><REACH who="2" ten="328,312,148,202" step="2"/><W43/><G121/><T93/><D11/><U85/><E75/><V103/><F103/><W96/><G1/><T39/><D107/><U134/><E6/><V19/><F19/><W130/><G17/><T46/><D106/><U90/><E2/><V77/><F77/><W128/><G10/><T42/><D105/><U99/><E134/><V81/><F81/><W101/><G101/><T44/><D83/><U127/><E127/><V135/><F135/><W118/><G79/><T72/><D72/><U55/><E78/><V126/><F126/><W18/><G76/><T33/><D39/><U124/><E124/><V26/><F26/><W7/><G18/><T3/><D3/><U48/><E85/><V89/><F89/><W14/><G7/><T115/><D115/><U100/><E90/><V86/><F86/><W111/><G118/><T59/><D42/><U80/><E80/><V60/><F60/><W4/><G43/><T74/><D74/><U50/><E27/><V82/><F82/><W8/><G4/><T61/><D61/><U108/><E62/><RYUUKYOKU ba="1,1" sc="328,-10,312,-10,148,30,202,-10" hai2="16,20,22,23,24,38,40,56,63,67,84,91,94" /><INIT seed="5,2,1,0,5,1" ten="318,302,178,192" oya="1" hai0="37,64,75,81,129,44,98,45,3,135,107,65,2" hai1="101,95,27,126,9,42,124,58,105,106,108,85,125" hai2="132,23,111,50,5,18,94,36,103,17,91,83,90" hai3="34,59,118,77,104,15,26,99,70,123,80,11,19"/><U39/><E108/><V0/><F111/><W41/><G123/><T32/><D32/><U96/><E27/><V53/><F36/><W127/><G70/><T40/><D135/><U62/><E85/><N who="2" m="50495" /><F0/><W120/><G120/><T55/><D107/><U13/><E42/><V61/><F103/><W130/><G41/><T89/><D129/><U128/><E39/><V20/><F61/><W6/><G130/><T119/><D119/><U97/><E97/><N who="2" m="57567" /><F5/><W122/><G122/><T73/><D40/><U134/><E134/><V76/><F76/><W68/><G68/><T25/><D89/><U86/><E86/><V84/><F84/><W52/><G104/><T14/><D98/><U113/><E128/><V33/><F33/><W10/><G99/><T67/><D37/><U22/><E105/><V29/><F132/><W35/><G118/><T92/><D3/><U88/><E106/><V112/><F112/><W30/><G35/><T54/><D75/><U51/><E113/><V56/><F29/><W116/><G116/><T66/><D2/><U31/><E101/><V78/><F78/><W131/><G131/><T38/><D73/><U4/><E31/><V47/><F47/><W63/><G127/><T109/><D38/><U28/><E28/><V87/><F87/><N who="3" m="48527" /><G6/><T72/><D72/><U110/><E110/><V24/><F24/><W21/><G34/><T133/><D133/><U121/><E121/><V46/><F46/><W12/><G30/><T8/><D81/><U82/><E82/><V48/><F48/><W115/><G115/><T16/><N who="0" m="16384" /><DORA hai="71" /><T100/><D109/><RYUUKYOKU ba="2,1" sc="318,-15,302,-15,178,15,192,15" hai2="17,18,20,23,50,53,56" hai3="10,11,12,15,19,21,26,52,59,63" /><INIT seed="6,3,1,3,4,128" ten="303,287,193,207" oya="2" hai0="120,100,125,81,36,118,111,50,79,106,33,2,86" hai1="75,32,130,42,97,99,60,121,49,126,63,129,39" hai2="55,10,40,48,101,5,80,131,17,103,43,119,65" hai3="31,58,47,114,113,88,123,71,93,18,35,116,6"/><V68/><F119/><W115/><G123/><T61/><D36/><U15/><E121/><V134/><F131/><N who="1" m="50185" /><E126/><V26/><F68/><W105/><G116/><T22/><D111/><U133/><E133/><V12/><F65/><W9/><G71/><T0/><D33/><U135/><E135/><V45/><F134/><W122/><G122/><T69/><D120/><U27/><E75/><V3/><F80/><W44/><G105/><T11/><D125/><U108/><E39/><V64/><F64/><W51/><G18/><T24/><D118/><U85/><E85/><V89/><F89/><W21/><G35/><T30/><D61/><N who="1" m="23627" /><E15/><N who="2" m="5583" /><F26/><N who="3" m="16847" /><G58/><T90/><D69/><U8/><E8/><N who="2" m="6279" /><F3/><N who="3" m="223" /><G51/><T13/><D50/><U54/><E108/><V92/><F103/><W73/><G73/><T70/><D70/><U34/><E34/><V29/><F29/><W46/><G46/><T62/><D62/><U96/><E32/><V4/><F4/><W104/><G104/><T20/><D20/><U53/><E27/><V41/><F101/><W38/><G38/><T56/><D100/><U74/><E74/><V84/><F92/><W67/><G67/><T109/><D109/><U77/><E77/><V76/><F84/><AGARI ba="3,1" hai="44,47,84,88,93,113,114,115" m="223,16847" machi="84" ten="30,3900,0" yaku="15,1,11,1,54,1" doraHai="128" who="3" fromWho="2" sc="303,0,287,0,193,-48,207,58" /><INIT seed="7,0,0,1,5,133" ten="303,287,145,265" oya="3" hai0="5,103,53,59,13,1,113,108,43,128,62,23,112" hai1="73,2,40,97,65,16,82,15,106,44,25,98,94" hai2="21,52,131,104,26,10,27,36,42,29,12,14,124" hai3="129,60,135,118,116,50,100,109,127,24,110,92,88"/><W105/><G135/><T45/><D108/><N who="3" m="41577" /><G129/><T74/><D128/><U83/><E2/><V56/><F131/><W132/><G132/><T41/><D74/><U99/><E106/><V117/><F117/><N who="3" m="45163" /><G127/><T20/><D1/><U95/><E65/><V107/><F124/><W33/><G60/><T126/><D126/><U35/><E25/><V78/><F78/><W3/><G3/><T86/><D103/><U0/><E35/><V11/><F36/><W57/><G105/><T75/><D75/><U61/><E61/><V87/><F42/><W67/><G100/><T49/><D43/><U46/><E0/><V30/><F87/><N who="3" m="52255" /><G67/><T93/><D112/><U8/><E46/><V64/><F64/><W102/><G102/><T7/><D113/><U101/><E101/><V34/><F34/><W89/><G89/><N who="0" m="53431" /><D7/><U70/><E70/><V31/><F31/><N who="3" m="19687" /><G50/><T121/><D121/><U37/><REACH who="1" step="1"/><E83/><REACH who="1" ten="303,277,145,265" step="2"/><V47/><F104/><W111/><N who="3" m="41585" /><W114/><DORA hai="134" /><G114/><T4/><D13/><N who="2" m="5226" /><F107/><W96/><G96/><T17/><D62/><U122/><E122/><V48/><F56/><AGARI ba="0,1" hai="56,57" m="19687,52255,45163,41585" machi="56" ten="50,4800,0" yaku="10,1,54,1" doraHai="133,134" who="3" fromWho="2" sc="303,0,277,0,145,-48,265,58" owari="303,10.0,277,-12.0,97,-40.0,323,42.0" /></mjloggm>