<mjloggm ver="2.3"><GO type="169" lobby="0"/><UN n0="%E8%8F%B1%E5%B7%9D%E6%85%8E%E5%90%BE" n1="%6B%5F%6D%5F%62" n2="%E4%B8%83%E3%83%84%E6%98%9F%E3%83%9B%E3%82%AF%E3%82%B5%E3%82%A4" n3="%E3%82%8A%E3%82%86%E3%83%BC" dan="16,16,17,17" rate="2126.41,2123.19,2188.45,2260.67" sx="M,M,M,M"/><TAIKYOKU oya="0"/><INIT seed="0,0,0,4,5,96" ten="250,250,250,250" oya="0" hai0="42,84,59,32,120,46,123,86,44,116,0,43,3" hai1="134,122,8,13,19,127,58,34,106,48,33,25,75" hai2="63,5,54,72,129,7,61,100,41,21,131,9,49" hai3="107,10,30,113,88,24,55,74,64,16,15,114,73"/><T4/><D4/><U97/><E122/><V109/><F72/><W108/><G107/><T56/><REACH who="0" step="1"/><D32/><REACH who="0" ten="240,250,250,250" step="2"/><U39/><E33/><V52/><F109/><W119/><G114/><T133/><D133/><U31/><E134/><V80/><F5/><W102/><G108/><T135/><D135/><U132/><E132/><V112/><F7/><W126/><G113/><T87/><D87/><U118/><E75/><V23/><F112/><W18/><G74/><T57/><D57/><U79/><E58/><V47/><F131/><W37/><G73/><T69/><D69/><U12/><E34/><V82/><F129/><W85/><G119/><AGARI ba="0,1" hai="0,3,42,43,44,46,56,59,84,86,116,119,120,123" machi="119" ten="25,4800,0" yaku="1,1,22,2,53,0" doraHai="96" doraHaiUra="121" who="0" fromWho="3" sc="240,58,250,0,250,0,250,-48" /><INIT seed="0,1,0,2,3,108" ten="298,250,250,202" oya="0" hai0="20,45,43,39,79,80,110,28,66,72,68,15,58" hai1="132,117,63,71,35,92,90,120,134,125,100,12,82" hai2="65,25,121,95,40,91,22,75,14,99,101,59,1" hai3="103,88,10,9,30,78,93,109,17,41,111,97,94"/><T47/><D68/><U46/><E117/><V3/><F121/><W36/><G78/><T76/><D110/><N who="3" m="41993" /><G30/><T83/><D47/><U123/><E35/><V52/><F75/><W115/><G115/><T44/><D44/><U19/><E125/><V23/><F40/><W96/><G17/><T122/><D122/><U32/><E32/><V50/><F65/><W57/><G57/><T116/><D116/><U13/><E100/><V24/><F14/><W56/><G56/><T70/><D70/><U135/><E82/><V133/><F133/><W54/><G54/><T87/><D58/><U129/><E129/><V131/><F131/><W107/><G107/><T73/><D66/><N who="1" m="41439" /><E46/><AGARI ba="1,0" hai="9,10,36,41,46,88,93,94,96,97,103" m="41993" machi="46" ten="30,2000,0" yaku="14,1,54,1" doraHai="108" who="3" fromWho="1" sc="298,0,250,-23,250,0,202,23" /><INIT seed="1,0,0,1,0,89" ten="298,227,250,225" oya="1" hai0="100,58,97,127,15,40,131,44,46,134,129,26,14" hai1="106,71,119,84,96,43,65,17,98,37,55,41,34" hai2="81,7,76,48,110,103,53,9,45,121,33,101,93" hai3="105,88,5,112,35,36,118,27,73,109,60,13,124"/><U8/><E119/><V19/><F121/><W64/><G112/><T0/><D0/><U91/><E34/><V61/><F110/><W20/><G118/><T38/><D134/><U29/><E29/><V51/><F33/><W66/><G109/><T2/><D2/><U47/><E41/><V22/><F61/><W99/><G36/><T21/><D46/><U82/><E106/><V83/><F51/><W72/><G66/><T59/><D127/><U39/><E39/><V79/><F81/><W16/><G124/><T130/><D59/><U28/><E28/><V132/><F132/><W113/><G113/><T77/><D58/><U67/><E55/><V54/><F54/><W115/><G115/><T11/><D77/><U10/><E65/><V126/><F126/><W49/><G49/><T114/><D11/><U63/><E17/><V135/><F135/><W123/><G123/><T1/><D1/><U87/><E87/><V6/><F9/><W50/><G50/><T68/><D68/><U3/><REACH who="1" step="1"/><E10/><REACH who="1" ten="298,217,250,225" step="2"/><V107/><F107/><W117/><G117/><T85/><D85/><U4/><AGARI ba="0,1" hai="3,4,8,37,43,47,63,67,71,82,84,91,96,98" machi="4" ten="30,11700,0" yaku="1,1,2,1,0,1,53,1" doraHai="89" doraHaiUra="57" who="1" fromWho="1" sc="298,-39,217,127,250,-39,225,-39" /><INIT seed="1,1,0,3,0,57" ten="259,344,211,186" oya="1" hai0="12,62,23,114,6,37,46,73,116,120,56,1,67" hai1="47,10,35,107,59,43,124,21,70,123,29,48,33" hai2="130,38,22,87,119,68,14,64,53,9,78,58,66" hai3="36,63,61,77,65,89,111,103,55,15,110,97,113"/><U100/><E123/><V135/><F119/><W60/><G113/><T84/><D116/><U75/><E70/><V122/><F122/><W85/><G36/><T11/><D114/><U128/><E75/><V104/><F104/><W19/><G77/><T106/><D120/><U80/><E124/><V71/><F38/><W98/><G65/><T76/><D106/><U45/><E128/><V13/><F22/><W52/><G103/><T17/><D84/><U90/><E10/><V118/><F58/><W18/><G18/><T125/><D125/><U2/><E2/><V83/><F53/><N who="3" m="20555" /><G111/><T34/><D34/><U108/><E108/><V8/><F78/><W93/><G110/><T115/><D115/><U27/><E47/><V96/><F87/><W31/><G31/><T40/><REACH who="0" step="1"/><D76/><REACH who="0" ten="249,344,211,186" step="2"/><U3/><E107/><V95/><F118/><W91/><G91/><T51/><D51/><U99/><E48/><V16/><F130/><W28/><G28/><T30/><D30/><U26/><E29/><V134/><F96/><W109/><G109/><T50/><D50/><U86/><E99/><V49/><F49/><W132/><G132/><T54/><D54/><U72/><E35/><V126/><F126/><W42/><G42/><T69/><D69/><U82/><E33/><V44/><F71/><W105/><G105/><T92/><D92/><U81/><E43/><V0/><F68/><W41/><G41/><T121/><D121/><U88/><E90/><V5/><F95/><W39/><G39/><T79/><D79/><U101/><E88/><V4/><F135/><W112/><G112/><RYUUKYOKU ba="1,1" sc="249,15,344,-15,211,-15,186,15" hai0="1,6,11,12,17,23,37,40,46,56,62,67,73" hai3="15,19,60,61,63,85,89,93,97,98" /><INIT seed="2,2,1,4,2,134" ten="264,329,196,201" oya="2" hai0="93,106,61,131,0,34,68,44,91,5,119,2,43" hai1="63,70,7,129,98,28,20,135,1,92,37,50,109" hai2="23,39,17,95,79,49,101,10,77,125,76,126,73" hai3="132,14,111,85,31,12,67,16,22,59,6,100,27"/><V55/><F39/><W8/><G111/><T48/><D106/><U3/><E109/><V35/><F35/><W94/><G132/><T110/><D110/><U96/><E37/><V130/><F10/><W121/><G121/><T113/><D113/><U41/><E129/><V78/><F130/><W51/><G100/><T65/><D131/><U87/><E135/><V128/><F128/><W13/><G67/><T116/><D34/><U84/><E70/><V90/><F101/><W32/><G59/><T60/><D60/><U47/><E63/><V19/><F73/><W46/><G94/><T75/><D75/><U123/><E123/><V52/><N who="2" m="19456" /><DORA hai="25" /><V99/><F55/><W117/><G85/><T103/><D103/><U56/><E96/><V45/><F23/><W30/><G117/><N who="0" m="45131" /><D5/><U24/><E56/><V118/><REACH who="2" step="1"/><F118/><REACH who="2" ten="264,329,186,201" step="2"/><W54/><REACH who="3" step="1"/><G32/><REACH who="3" ten="264,329,186,191" step="2"/><T81/><D0/><AGARI ba="2,3" hai="0,6,8,12,13,14,16,22,27,30,31,46,51,54" machi="0" ten="40,12000,2" yaku="1,1,2,1,52,2,54,1,53,2" doraHai="134,25" doraHaiUra="122,26" who="3" fromWho="0" sc="264,-126,329,0,186,0,191,156" /><INIT seed="3,0,0,5,1,21" ten="138,329,186,347" oya="3" hai0="104,72,50,111,37,97,0,51,25,103,71,46,109" hai1="121,35,91,41,73,53,107,78,105,98,82,100,123" hai2="24,16,75,89,11,47,4,90,95,57,48,22,17" hai3="32,44,36,108,30,18,54,5,12,70,26,2,39"/><W113/><G70/><T31/><D72/><U135/><E41/><V59/><F75/><W38/><G113/><T79/><D79/><U126/><E35/><V84/><F17/><W58/><G108/><N who="0" m="41547" /><D0/><U69/><E69/><V34/><F34/><W63/><G2/><T80/><D80/><U87/><E53/><V3/><REACH who="2" step="1"/><F90/><REACH who="2" ten="138,329,176,347" step="2"/><W14/><G5/><T77/><D77/><U60/><E78/><V64/><F64/><W127/><G127/><T88/><D88/><U101/><E73/><V15/><F15/><W61/><G12/><T117/><D117/><U132/><E126/><V130/><F130/><W92/><G14/><T43/><D71/><U23/><E23/><AGARI ba="0,1" hai="23,25,31,37,43,46,50,51,97,103,104" m="41547" machi="23" ten="30,2000,0" yaku="14,1,52,1" doraHai="21" who="0" fromWho="1" sc="138,30,329,-20,176,0,347,0" /><INIT seed="4,0,0,4,1,88" ten="168,309,176,347" oya="0" hai0="125,1,5,30,18,95,45,101,48,61,0,109,84" hai1="47,119,107,64,59,46,130,58,32,39,77,49,106" hai2="96,56,67,97,113,55,26,103,122,127,70,114,89" hai3="60,42,41,4,87,29,51,124,117,118,54,135,104"/><T23/><D125/><U126/><E119/><V93/><F122/><W36/><G104/><T86/><D30/><U63/><E126/><V79/><F127/><W44/><G29/><T57/><D109/><U99/><E130/><V112/><F79/><W76/><G4/><T74/><D74/><U3/><E3/><V123/><F123/><W16/><G124/><T82/><D5/><U52/><E32/><V17/><F67/><W27/><G135/><T85/><D0/><U38/><E77/><V110/><F70/><W35/><G35/><T28/><D28/><U105/><REACH who="1" step="1"/><E99/><REACH who="1" ten="168,299,176,347" step="2"/><V65/><F110/><W34/><G34/><T2/><D1/><U50/><E50/><V108/><F108/><W102/><G76/><T73/><D2/><U100/><E100/><V9/><F97/><W72/><G102/><T131/><D131/><U33/><E33/><V24/><F103/><W8/><G118/><T43/><D73/><U116/><E116/><V98/><F96/><W115/><G72/><T133/><D133/><U19/><E19/><V22/><F113/><W53/><G115/><T132/><D132/><U6/><E6/><V111/><F114/><W10/><G117/><T120/><D120/><U13/><E13/><N who="2" m="7343" /><F112/><W90/><G36/><AGARI ba="0,1" hai="36,38,39,46,47,49,52,58,59,63,64,105,106,107" machi="36" ten="50,8000,1" yaku="1,1,54,1,53,2" doraHai="88" doraHaiUra="40" who="1" fromWho="3" sc="168,0,299,90,176,0,347,-80" /><INIT seed="5,0,0,3,4,98" ten="168,389,176,267" oya="1" hai0="64,36,100,35,130,3,51,132,6,133,75,13,90" hai1="71,73,61,76,118,48,65,40,19,23,1,117,128" hai2="79,25,18,41,33,89,34,115,85,26,113,39,120" hai3="57,74,15,29,114,93,46,72,92,42,7,131,67"/><U55/><E128/><V81/><F120/><W88/><G114/><N who="2" m="43529" /><F41/><W107/><G107/><T43/><D35/><N who="2" m="13322" /><F39/><W54/><G67/><T4/><D130/><U14/><E1/><V27/><F18/><W106/><G106/><T104/><D75/><U37/><E76/><AGARI ba="0,0" hai="25,26,27,76,79,81,85,89" m="13322,43529" machi="76" ten="40,2600,0" yaku="15,1,11,1" doraHai="98" who="2" fromWho="1" sc="168,0,389,-26,176,26,267,0" /><INIT seed="6,0,0,3,2,127" ten="168,363,202,267" oya="2" hai0="31,26,122,20,113,47,123,75,61,22,6,89,40" hai1="15,43,128,107,10,83,28,109,38,62,78,88,115" hai2="130,44,0,53,55,17,35,87,70,65,67,77,112" hai3="116,93,134,19,66,30,45,124,36,133,11,51,82"/><V132/><F0/><W9/><G30/><T50/><D75/><U48/><E109/><V8/><F35/><W64/><G124/><T131/><D113/><U100/><E38/><V104/><F104/><W2/><G36/><T81/><D6/><U32/><E115/><V29/><F29/><W91/><G82/><T34/><D34/><U96/><E62/><V4/><F112/><W60/><G19/><T98/><D61/><U108/><E108/><V126/><F126/><W24/><G24/><T59/><D59/><U52/><E43/><V33/><F33/><W94/><G94/><T54/><D54/><N who="2" m="20490" /><F70/><W99/><G2/><T103/><D20/><U74/><E28/><V84/><F44/><W68/><G66/><N who="2" m="25097" /><F132/><N who="3" m="50795" /><G116/><T39/><D39/><U86/><E32/><V120/><F120/><W97/><G97/><T92/><D122/><U129/><E74/><V121/><F121/><W102/><G102/><T41/><D123/><U7/><REACH who="1" step="1"/><E78/><REACH who="1" ten="168,353,202,267" step="2"/><V71/><F77/><W58/><G68/><T119/><D40/><AGARI ba="0,1" hai="9,11,40,45,51,58,60,64,91,93,99" m="50795" machi="40" ten="30,1000,0" yaku="20,1" doraHai="127" who="3" fromWho="0" sc="168,-10,353,0,202,0,267,20" /><INIT seed="7,0,0,1,2,117" ten="158,353,202,287" oya="3" hai0="88,82,36,19,51,7,9,56,75,121,106,98,57" hai1="102,47,41,70,79,86,42,115,27,73,113,83,40" hai2="50,32,90,24,69,89,110,48,2,84,3,123,97" hai3="100,0,64,116,93,21,58,28,87,72,43,118,53"/><W22/><G72/><T35/><D36/><U1/><E70/><V126/><F97/><N who="3" m="59439" /><G0/><T49/><D35/><U128/><E128/><V108/><F84/><W109/><G43/><T44/><D121/><U129/><E129/><V30/><F69/><W77/><G118/><T94/><D106/><U91/><E1/><V11/><F11/><W6/><G6/><T5/><D19/><U37/><E102/><V16/><F16/><W10/><G10/><T104/><D104/><U63/><E63/><V38/><F30/><W81/><G109/><T107/><D107/><U132/><E27/><V101/><F101/><W112/><G112/><N who="1" m="43082" /><E132/><V46/><F24/><N who="3" m="16399" /><G116/><T66/><D66/><U96/><E96/><V33/><F38/><W103/><G103/><T76/><D51/><U85/><E73/><V92/><F92/><AGARI ba="0,0" hai="37,40,41,42,47,79,83,85,86,91,92" m="43082" machi="92" ten="30,1000,0" yaku="15,1" doraHai="117" who="1" fromWho="2" sc="158,0,353,10,202,-10,287,0" owari="158,-34.0,363,46.0,192,-21.0,287,9.0" /></mjloggm>