<mjloggm ver="2.3"><GO type="169" lobby="0"/><UN n0="%E3%83%AB%E3%82%A2%E3%82%B4%E3%82%A4%E3%83%95" n1="%E3%82%A4%E3%83%B3%E3%83%87%E3%82%A3%E3%82%B4%E3%83%96%E3%83%AB%E3%83%BC" n2="%E3%81%98%E3%81%98%E3%81%84%E3%81%8C%E5%91%BC%E3%82%93%E3%81%A0" n3="%E3%81%A9%E3%81%8F%E3%81%A1%E3%81%8F%E3%82%8F" dan="17,16,16,16" rate="2080.40,2145.82,2133.62,2090.05" sx="M,M,M,M"/><TAIKYOKU oya="0"/><INIT seed="0,0,0,0,3,54" ten="250,250,250,250" oya="0" hai0="7,12,127,44,84,65,21,5,128,59,88,80,69" hai1="75,18,123,105,121,101,108,107,22,50,35,102,31" hai2="72,90,27,135,9,96,42,1,2,116,77,89,63" hai3="76,16,117,119,73,131,83,82,86,10,129,34,130"/><T78/><D128/><U111/><E50/><V60/><F135/><W91/><REACH who="3" step="1"/><G34/><REACH who="3" ten="250,250,250,240" step="2"/><T93/><D127/><U118/><E35/><V24/><F1/><W112/><G112/><T26/><D69/><U38/><E118/><V30/><F2/><W51/><G51/><T37/><D12/><AGARI ba="0,1" hai="10,12,16,73,76,82,83,86,91,117,119,129,130,131" machi="12" ten="40,12000,2" yaku="21,2,19,1,54,1,53,2" doraHai="54" doraHaiUra="79" who="3" fromWho="0" sc="250,-120,250,0,250,0,240,130" /><INIT seed="1,0,0,0,1,60" ten="130,250,250,370" oya="1" hai0="36,127,76,56,46,12,40,109,69,124,97,57,80" hai1="45,116,125,107,19,22,114,26,88,110,93,21,15" hai2="39,71,9,51,91,65,98,101,113,48,37,34,47" hai3="79,50,105,90,84,25,118,14,17,20,58,27,11"/><U18/><E114/><V43/><F113/><W16/><G118/><T99/><D69/><U32/><E116/><V120/><F120/><W77/><G105/><T31/><D109/><U96/><E125/><N who="0" m="48201" /><D31/><U102/><E110/><V8/><F34/><W130/><G27/><T133/><D12/><U126/><E126/><V0/><F91/><W123/><G130/><T66/><D133/><U75/><E75/><V63/><F48/><W86/><G123/><T1/><D1/><U38/><E32/><V85/><F85/><W29/><G84/><N who="0" m="48135" /><D56/><U103/><REACH who="1" step="1"/><E107/><REACH who="1" ten="130,240,250,370" step="2"/><V2/><F2/><W68/><G77/><T115/><D115/><U59/><E59/><V94/><REACH who="2" step="1"/><F0/><REACH who="2" ten="130,240,240,370" step="2"/><W72/><G79/><T24/><D57/><U54/><E54/><V10/><AGARI ba="0,2" hai="8,9,10,37,39,43,47,51,63,65,71,94,98,101" machi="10" ten="30,8000,1" yaku="1,1,2,1,0,1,52,1,53,1" doraHai="60" doraHaiUra="41" who="2" fromWho="2" sc="130,-20,240,-40,240,100,370,-20" /><INIT seed="2,0,0,3,1,85" ten="110,200,340,350" oya="2" hai0="55,114,27,89,77,45,74,29,94,70,110,4,1" hai1="66,56,119,51,123,63,59,35,111,95,36,39,131" hai2="117,92,78,129,127,16,61,5,134,69,28,81,10" hai3="65,41,21,18,122,82,88,86,101,96,46,42,23"/><V7/><F117/><W109/><G122/><T104/><D114/><U17/><E35/><V54/><F127/><W12/><G109/><T53/><D110/><U112/><E111/><V113/><F113/><W72/><G72/><T58/><D70/><U49/><E119/><V68/><F129/><W62/><G23/><T103/><D45/><U87/><E112/><V60/><F134/><W19/><G19/><T43/><D43/><U38/><E131/><V11/><F28/><W44/><G41/><T52/><D103/><U15/><E59/><V107/><F107/><W40/><G44/><T48/><D104/><U83/><E95/><V79/><F92/><N who="3" m="58503" /><G46/><T116/><D116/><U34/><E34/><V91/><F16/><W133/><G133/><T30/><D30/><U37/><N who="1" m="9216" /><DORA hai="8" /><U98/><E98/><V75/><F75/><W13/><G13/><T99/><D77/><U57/><E57/><AGARI ba="0,0" hai="12,18,21,40,42,57,62,65,82,86,88" m="58503" machi="57" ten="30,7700,0" yaku="8,1,52,2,54,1" doraHai="85,8" who="3" fromWho="1" sc="110,0,200,-77,340,0,350,77" /><INIT seed="3,0,0,5,1,72" ten="110,123,340,427" oya="3" hai0="43,115,3,71,113,68,28,84,58,66,95,105,116" hai1="111,119,83,22,42,87,91,19,51,37,38,98,5" hai2="114,55,107,48,16,34,122,85,109,56,118,11,69" hai3="45,94,39,33,76,35,65,90,36,2,120,78,27"/><W54/><G120/><T100/><D116/><U46/><E111/><V40/><F118/><W82/><G2/><T127/><D3/><U47/><E119/><V30/><F114/><N who="0" m="43530" /><D105/><U60/><E5/><V130/><F109/><W63/><G82/><T132/><D43/><U124/><E124/><V74/><F74/><W4/><G4/><T103/><D127/><U123/><E123/><V125/><F125/><W53/><G27/><T13/><D28/><U29/><E29/><V17/><F69/><N who="0" m="26698" /><D132/><U93/><E60/><V97/><F30/><W41/><G39/><T62/><D13/><U18/><E47/><V89/><F34/><W70/><G33/><T21/><D21/><U126/><E19/><V75/><F40/><W108/><G35/><T135/><D135/><U20/><E22/><V128/><F122/><W23/><G23/><T0/><D0/><U99/><E99/><V104/><F97/><W59/><G108/><T10/><D10/><U77/><REACH who="1" step="1"/><E126/><REACH who="1" ten="110,113,340,427" step="2"/><V64/><F17/><W110/><G110/><T86/><D103/><U8/><E8/><V6/><F16/><W112/><G112/><T32/><D32/><U131/><E131/><V50/><F130/><W80/><G45/><T12/><D12/><AGARI ba="0,1" hai="12,18,20,37,38,42,46,51,77,83,87,91,93,98" machi="12" ten="30,3900,0" yaku="1,1,7,1,52,1,53,0" doraHai="72" doraHaiUra="26" who="1" fromWho="0" sc="110,-39,113,49,340,0,427,0" /><INIT seed="4,0,0,5,1,59" ten="71,162,340,427" oya="0" hai0="66,130,77,5,24,56,126,129,113,39,84,50,1" hai1="3,67,17,16,49,121,109,13,31,46,90,47,4" hai2="93,115,97,63,135,81,76,72,6,57,94,30,33" hai3="83,18,26,10,29,53,117,80,110,25,60,112,119"/><T23/><D39/><U103/><E109/><V32/><F115/><W34/><G112/><T73/><D73/><U42/><E121/><V125/><F125/><W102/><G110/><T107/><D113/><U19/><E103/><V28/><F135/><W95/><G119/><T48/><D107/><U69/><E31/><V2/><F30/><W108/><G108/><T9/><D126/><U98/><E47/><V124/><F124/><W85/><G117/><T101/><D101/><U65/><E69/><V62/><F94/><W88/><G102/><T99/><D99/><U122/><E3/><V91/><F28/><W54/><G54/><T55/><D66/><U74/><E74/><V92/><F92/><W0/><G0/><T78/><D48/><U22/><E22/><V132/><F132/><W61/><G53/><T43/><D43/><U40/><E40/><V114/><F114/><W7/><G7/><T106/><D106/><U70/><E70/><V86/><F72/><W75/><G75/><T120/><D120/><U8/><E122/><V123/><F123/><W134/><G134/><T45/><D45/><U37/><E37/><V36/><F36/><W105/><G105/><T127/><D127/><U87/><REACH who="1" step="1"/><E98/><REACH who="1" ten="71,152,340,427" step="2"/><V71/><F71/><W100/><G100/><T51/><D51/><U41/><E41/><V12/><F2/><W104/><G104/><T35/><D35/><U27/><E27/><V128/><F33/><W68/><G68/><T20/><D20/><U131/><E131/><N who="0" m="50185" /><D84/><U89/><E89/><V44/><F32/><W14/><G26/><T96/><D96/><RYUUKYOKU ba="0,1" sc="71,10,152,10,340,-30,427,10" hai0="1,5,9,23,24,50,55,56,77,78" hai1="4,8,13,16,17,19,42,46,49,65,67,87,90" hai3="10,14,18,25,29,34,60,61,80,83,85,88,95" /><INIT seed="4,1,1,2,3,56" ten="81,162,310,437" oya="0" hai0="16,70,25,98,62,4,21,89,13,80,42,87,107" hai1="134,97,9,0,88,95,91,2,35,128,116,5,121" hai2="112,28,77,43,58,124,123,30,117,84,113,126,14" hai3="50,82,6,74,66,27,103,39,132,127,37,114,131"/><T20/><D42/><U18/><E116/><V108/><F108/><W61/><G114/><N who="2" m="44137" /><F123/><W67/><G131/><T64/><D4/><U26/><E134/><V19/><F43/><W106/><G127/><N who="2" m="48681" /><F117/><W45/><G6/><T81/><D81/><U49/><E128/><V79/><F84/><W59/><G67/><T57/><D70/><U41/><E121/><V12/><F58/><W52/><G132/><T24/><REACH who="0" step="1"/><D21/><REACH who="0" ten="71,162,310,437" step="2"/><U102/><E35/><V104/><F79/><W46/><G82/><T1/><D1/><U10/><E0/><V34/><F77/><W92/><G37/><T65/><D65/><U135/><E135/><V68/><F68/><W129/><G39/><T86/><D86/><U85/><E85/><V76/><F76/><W94/><G129/><T93/><D93/><U119/><E119/><V83/><F83/><W23/><G92/><T31/><D31/><U111/><E2/><V125/><F125/><W33/><G94/><T53/><D53/><U38/><E38/><V15/><F104/><W22/><G106/><T100/><AGARI ba="1,2" hai="13,16,20,24,25,57,62,64,80,87,89,98,100,107" machi="100" ten="30,11700,0" yaku="1,1,0,1,52,1,54,1,53,0" doraHai="56" doraHaiUra="36" who="0" fromWho="0" sc="71,140,162,-40,310,-40,437,-40" /><INIT seed="4,2,0,3,5,97" ten="211,122,270,397" oya="0" hai0="57,73,31,33,122,107,83,39,1,90,19,9,69" hai1="89,125,103,82,41,35,76,26,40,2,87,101,32" hai2="59,105,43,49,126,23,34,58,66,123,93,70,135" hai3="16,42,131,78,54,28,29,84,47,55,132,94,36"/><T108/><D122/><U128/><E2/><V14/><F105/><W63/><G132/><T30/><D69/><U100/><E125/><V75/><F34/><W86/><G131/><T17/><D39/><U4/><E4/><V98/><F123/><W110/><G110/><T10/><D107/><U37/><E128/><V102/><F75/><W68/><G84/><T61/><D108/><U116/><E116/><V52/><F135/><W46/><G46/><T104/><D104/><U71/><E71/><V127/><F70/><W27/><G94/><T117/><D117/><U99/><E26/><V62/><F43/><W85/><G86/><T74/><D90/><U106/><E106/><V21/><REACH who="2" step="1"/><F14/><REACH who="2" ten="211,122,260,397" step="2"/><W13/><G68/><T25/><D33/><U80/><E41/><V121/><F121/><W119/><G13/><T38/><D1/><U113/><E113/><V44/><F44/><W72/><G47/><T88/><D73/><U67/><E40/><V130/><F130/><W134/><G42/><T7/><D74/><U3/><E3/><V92/><F92/><W118/><G72/><T5/><D38/><U20/><E37/><V48/><F48/><W12/><G36/><T0/><D0/><U51/><E51/><V91/><F91/><W6/><G12/><T115/><D115/><U114/><E114/><V81/><F81/><W111/><G118/><T8/><D88/><U50/><E50/><V112/><F112/><W120/><G120/><T18/><D83/><U60/><E82/><V95/><F95/><W64/><G119/><T22/><D30/><U15/><E80/><RYUUKYOKU ba="2,1" sc="211,15,122,-15,260,15,397,-15" hai0="5,7,8,9,10,17,18,19,22,25,31,57,61" hai2="21,23,49,52,58,59,62,66,93,98,102,126,127" /><INIT seed="4,3,1,5,0,67" ten="226,107,275,382" oya="0" hai0="120,123,61,64,82,110,107,100,57,95,51,119,34" hai1="60,54,55,101,37,17,33,41,29,1,92,132,36" hai2="96,44,83,117,38,121,94,104,31,42,58,49,30" hai3="62,27,122,2,69,102,84,72,22,19,74,53,112"/><T135/><D119/><U128/><E1/><V97/><F121/><W131/><G2/><T79/><D135/><U39/><E128/><V111/><F111/><W45/><G131/><T66/><D66/><U50/><E132/><V73/><F117/><W109/><G109/><T127/><D110/><U20/><E29/><V46/><F58/><W59/><G112/><T85/><D127/><U116/><E33/><V98/><F104/><W106/><G122/><T35/><D107/><U118/><E41/><V129/><F129/><W28/><G84/><T105/><D51/><U108/><E55/><V8/><F94/><W43/><G28/><T133/><D35/><U47/><E60/><V124/><F124/><W80/><G80/><T15/><D34/><U114/><E114/><V14/><F83/><W76/><G76/><T63/><D63/><U32/><E32/><V11/><F73/><W6/><G72/><N who="0" m="43367" /><D15/><U68/><E68/><V52/><REACH who="2" step="1"/><F8/><REACH who="2" ten="226,107,265,382" step="2"/><W81/><G106/><T25/><D133/><U9/><E9/><V86/><F86/><W0/><G74/><T90/><D120/><U40/><E108/><V71/><F71/><W77/><G69/><T91/><D123/><U125/><E125/><V10/><F10/><W93/><G93/><T4/><D105/><U48/><E116/><V88/><F88/><W24/><G81/><T7/><D91/><U56/><E92/><V126/><F126/><W13/><G59/><T115/><D115/><U89/><E89/><V21/><F21/><W75/><G22/><T26/><D100/><U134/><E118/><V130/><F130/><RYUUKYOKU ba="3,2" sc="226,15,107,-15,265,15,382,-15" hai0="4,7,25,26,57,61,64,85,90,95" hai2="11,14,30,31,38,42,44,46,49,52,96,97,98" /><INIT seed="4,4,2,2,3,129" ten="241,92,280,367" oya="0" hai0="51,13,113,64,60,109,67,132,4,7,95,23,126" hai1="92,103,118,117,21,87,34,28,39,18,8,9,6" hai2="46,58,122,17,119,134,78,135,114,14,116,26,100" hai3="25,88,97,115,22,15,68,57,70,90,0,76,32"/><T102/><D113/><U20/><E39/><V19/><F122/><W123/><G0/><T83/><D126/><U47/><E47/><V121/><F121/><W52/><G123/><T3/><D3/><N who="1" m="223" /><E87/><V107/><F114/><W85/><G32/><T84/><D109/><U45/><E92/><V11/><F78/><W124/><G124/><T80/><D132/><N who="2" m="50730" /><F58/><W75/><G75/><T65/><D60/><U120/><E45/><V77/><F77/><W94/><G76/><N who="0" m="46183" /><D80/><U96/><E96/><N who="2" m="61831" /><F46/><W37/><G115/><T61/><D61/><U27/><E103/><V86/><F86/><W62/><G37/><T53/><D95/><U5/><E120/><V81/><F81/><W12/><G68/><T131/><D131/><U91/><E91/><V35/><F19/><N who="3" m="12511" /><G70/><T112/><D102/><U127/><E18/><V59/><F59/><W106/><G106/><T54/><D112/><U55/><E127/><V93/><F93/><AGARI ba="4,2" hai="12,15,52,57,62,85,88,90,93,94,97" m="12511" machi="93" ten="30,7700,0" yaku="25,1,8,1,54,2" doraHai="129" who="3" fromWho="2" sc="241,0,92,0,280,-89,367,109" /><INIT seed="5,0,0,2,0,49" ten="241,92,191,476" oya="1" hai0="1,24,28,94,59,102,101,46,23,50,105,48,55" hai1="125,96,119,115,6,13,74,85,70,37,31,32,118" hai2="93,21,38,17,88,4,133,16,81,103,60,7,90" hai3="29,126,79,76,130,100,71,56,120,45,9,75,104"/><U98/><E115/><V106/><F38/><W112/><G71/><T61/><D1/><U65/><E125/><V128/><F106/><W107/><G120/><T131/><D131/><U58/><E74/><V10/><F128/><W122/><G122/><T39/><D105/><U0/><E70/><V22/><F133/><W127/><G45/><T121/><D121/><U8/><E37/><V2/><F4/><W132/><G29/><T30/><D30/><U111/><E0/><V41/><F41/><W91/><G9/><T62/><D39/><U113/><E113/><V92/><F60/><N who="0" m="23146" /><D94/><U108/><E85/><V52/><F103/><W116/><G56/><T69/><D69/><U124/><E124/><V78/><F52/><AGARI ba="0,0" hai="23,24,28,46,48,50,52,55,59,101,102" m="23146" machi="52" ten="30,7700,0" yaku="8,1,52,2,54,1" doraHai="49" who="0" fromWho="2" sc="241,77,92,0,191,-77,476,0" /><INIT seed="6,0,0,4,3,130" ten="318,92,114,476" oya="2" hai0="82,60,31,114,76,100,132,67,70,120,61,26,129" hai1="111,11,47,4,34,48,12,27,84,55,53,125,102" hai2="50,91,13,66,90,56,37,134,25,1,121,117,95" hai3="110,85,45,44,32,93,65,10,103,69,104,106,123"/><V116/><F1/><W78/><G110/><T39/><D120/><U28/><E111/><V6/><F37/><W16/><G123/><T19/><D39/><U99/><E125/><V21/><F121/><W124/><G32/><T126/><D129/><U94/><REACH who="1" step="1"/><E84/><REACH who="1" ten="318,82,114,476" step="2"/><V83/><F117/><W122/><G85/><T72/><D126/><U105/><E105/><V2/><F116/><W40/><G104/><T81/><D72/><U131/><E131/><V87/><F134/><W63/><G106/><T52/><D114/><U51/><E51/><V101/><F2/><W20/><G124/><T74/><D74/><U107/><E107/><V58/><F101/><W68/><G103/><T86/><D86/><U71/><E71/><V77/><F50/><W133/><G68/><T14/><D70/><U115/><E115/><V54/><F91/><W9/><G69/><T98/><D100/><U5/><E5/><V59/><F90/><W0/><G133/><T88/><D88/><U127/><E127/><V35/><F95/><W73/><G93/><T128/><D132/><U49/><E49/><V23/><F66/><W79/><G65/><T92/><D67/><U38/><E38/><V22/><F6/><W29/><G0/><T43/><D128/><U75/><E75/><V46/><F87/><W62/><G73/><T30/><D92/><U112/><E112/><V89/><F89/><W7/><G7/><T15/><D98/><U108/><E108/><V119/><F119/><W36/><G36/><T33/><D82/><U109/><E109/><V64/><F83/><W57/><G122/><RYUUKYOKU ba="0,1" sc="318,-10,82,30,114,-10,476,-10" hai1="4,11,12,27,28,34,47,48,53,55,94,99,102" /><INIT seed="7,1,1,3,1,33" ten="308,112,104,466" oya="3" hai0="100,31,21,123,132,70,94,77,114,56,76,7,52" hai1="81,96,89,47,130,42,24,12,26,0,19,32,43" hai2="66,25,119,3,134,105,122,118,124,106,13,64,90" hai3="27,44,55,120,108,58,74,86,101,35,4,45,129"/><W73/><G120/><T34/><D123/><U102/><E0/><V95/><F122/><W116/><G129/><T51/><D132/><U46/><E130/><V107/><F3/><W15/><G116/><T78/><D34/><U14/><E102/><V88/><F13/><N who="1" m="5225" /><E19/><V50/><F50/><W1/><G55/><T113/><D70/><U22/><E32/><V61/><F134/><W53/><G53/><T62/><D7/><U115/><E115/><V6/><F6/><W5/><G58/><T82/><D82/><U37/><E37/><V80/><F25/><N who="1" m="9833" /><E22/><V72/><F124/><W17/><G86/><T49/><D21/><U41/><E96/><V97/><F66/><W59/><G1/><T99/><REACH who="0" step="1"/><D31/><REACH who="0" ten="298,112,104,466" step="2"/><U28/><E28/><V125/><F125/><W92/><G35/><T117/><D117/><U112/><E112/><V38/><F119/><W135/><G4/><T65/><D65/><U63/><E81/><V10/><F118/><W75/><G5/><T93/><D93/><U2/><E2/><V91/><F10/><W23/><G92/><T57/><D57/><U83/><E63/><V40/><F72/><W8/><G59/><T18/><D18/><U67/><E67/><V71/><REACH who="2" step="1"/><F80/><REACH who="2" ten="298,112,94,466" step="2"/><W60/><G17/><T54/><D54/><U20/><E20/><V30/><F30/><W111/><G23/><T127/><D127/><U39/><E39/><V126/><F126/><W121/><G121/><T29/><D29/><U11/><E11/><V128/><F128/><W133/><G135/><T109/><D109/><U16/><E16/><V84/><F84/><AGARI ba="1,3" hai="41,42,43,46,47,83,84,89" m="9833,5225" machi="84" ten="30,2000,0" yaku="6,1,8,1" doraHai="33" who="1" fromWho="2" sc="298,0,112,53,94,-23,466,0" owari="298,10.0,165,-23.0,71,-43.0,466,56.0" /></mjloggm>