<mjloggm ver="2.3"><GO type="169" lobby="0"/><UN n0="%4C%69%53%41" n1="%52%45%49%4E%E6%A3%AE%E4%B9%85%E4%BF%9D%50" n2="%E3%81%BE%E3%81%8F%E3%81%A9%E3%81%AA%E3%82%8B%E3%81%AA%E3%82%8B%E3%81%A9" n3="%E7%A7%8B%E6%9C%88%36%31" dan="16,16,16,17" rate="2167.41,2122.84,2116.09,2116.25" sx="F,M,M,M"/><TAIKYOKU oya="0"/><INIT seed="0,0,0,1,4,115" ten="250,250,250,250" oya="0" hai0="28,126,45,102,30,78,8,1,39,64,5,134,83" hai1="56,68,100,35,108,90,120,23,128,73,6,85,94" hai2="44,60,24,130,106,67,0,112,15,125,70,48,116" hai3="52,49,53,97,20,111,61,63,32,132,96,129,91"/><T40/><D134/><U19/><E68/><V4/><F106/><W81/><G111/><T72/><D126/><U54/><E35/><V131/><F0/><W101/><G129/><N who="2" m="49161" /><F24/><W77/><G32/><T103/><REACH who="0" step="1"/><D64/><REACH who="0" ten="240,250,250,250" step="2"/><U21/><E128/><V13/><F125/><W87/><G132/><T105/><D105/><U99/><E108/><V117/><F112/><W75/><G101/><AGARI ba="0,1" hai="1,5,8,28,30,39,40,45,72,78,83,101,102,103" machi="101" ten="40,7700,0" yaku="1,1,25,2,53,0" doraHai="115" doraHaiUra="113" who="0" fromWho="3" sc="240,87,250,0,250,0,250,-77" /><INIT seed="0,1,0,4,3,79" ten="327,250,250,173" oya="0" hai0="107,41,6,74,63,35,97,44,36,82,108,98,9" hai1="94,120,129,66,130,114,34,30,45,104,50,83,135" hai2="116,113,67,117,14,128,11,4,23,64,112,12,53" hai3="92,22,13,88,52,118,42,19,81,80,40,91,33"/><T131/><D35/><U73/><E104/><V7/><F53/><W39/><G33/><T77/><D131/><N who="1" m="50187" /><E120/><V51/><F51/><W32/><G32/><T56/><D107/><U105/><E105/><V43/><F128/><W100/><G118/><N who="2" m="45673" /><F43/><N who="3" m="16427" /><G39/><T57/><D108/><U109/><E135/><V95/><F95/><W78/><G78/><T127/><D127/><U110/><E66/><N who="2" m="25131" /><F23/><W60/><G100/><T134/><D134/><U65/><E65/><V124/><F124/><W70/><G70/><T103/><D103/><U96/><E30/><V85/><F85/><N who="3" m="52239" /><G91/><T84/><D84/><U37/><E37/><V133/><F133/><W16/><G19/><T102/><D63/><U132/><E34/><V122/><F122/><W15/><G15/><N who="2" m="5673" /><F11/><W99/><G99/><N who="0" m="37899" /><D102/><N who="1" m="60695" /><E114/><AGARI ba="1,0" hai="4,7,112,113,114" m="5673,25131,45673" machi="114" ten="40,5200,0" yaku="28,2,12,1" doraHai="79" who="2" fromWho="1" sc="327,0,250,-55,250,55,173,0" /><INIT seed="1,0,0,1,5,104" ten="327,195,305,173" oya="1" hai0="132,27,0,22,32,111,74,58,62,123,103,66,112" hai1="127,89,77,105,116,33,86,15,3,25,128,13,17" hai2="28,120,52,36,76,134,69,110,88,106,125,38,96" hai3="67,55,2,68,39,12,29,54,31,5,53,75,59"/><U18/><E105/><V91/><F120/><W57/><G2/><T94/><D112/><U124/><E77/><V34/><F69/><W42/><G75/><T78/><D0/><U50/><E116/><V135/><F125/><N who="1" m="48201" /><E50/><V117/><F117/><W26/><G5/><T1/><D1/><U133/><E3/><V9/><F110/><W100/><G100/><T130/><D32/><U83/><E128/><V20/><F34/><W72/><G72/><T108/><D130/><U14/><E133/><N who="2" m="50699" /><F76/><W73/><G73/><T7/><D7/><U122/><E122/><V102/><F9/><W119/><G12/><N who="1" m="3074" /><U45/><DORA hai="93" /><E45/><V85/><F52/><W107/><G107/><T80/><D123/><U92/><E83/><N who="2" m="49215" /><F91/><W65/><G55/><T109/><D132/><U21/><E33/><V115/><F115/><W48/><G119/><T126/><D126/><U8/><E8/><V46/><F46/><W11/><G11/><T37/><D109/><U19/><AGARI ba="0,0" hai="17,18,19,21,25,86,89,92" m="3074,48201" machi="19" ten="40,2100,0" yaku="18,1" doraHai="104,93" who="1" fromWho="1" sc="327,-7,195,21,305,-7,173,-7" /><INIT seed="1,1,0,3,0,64" ten="320,216,298,166" oya="1" hai0="131,122,86,95,135,116,47,39,103,35,114,91,43" hai1="26,27,78,125,108,12,83,107,106,14,80,42,7" hai2="127,51,67,4,100,109,66,85,23,119,110,71,31" hai3="133,30,99,33,63,104,3,52,28,92,48,56,128"/><U115/><E115/><V101/><F119/><W34/><G104/><T58/><D114/><U50/><E108/><N who="2" m="41579" /><F4/><W8/><G128/><T74/><D116/><U117/><E117/><V113/><F113/><W46/><G133/><T75/><D135/><U10/><E14/><V118/><F118/><W98/><G98/><T87/><D131/><U111/><E111/><V55/><F127/><W73/><G73/><BYE who="3" /><T0/><D0/><UN n3="%E7%A7%8B%E6%9C%88%36%31" /><U16/><E125/><V37/><F37/><W123/><G123/><T132/><D132/><U53/><E80/><V129/><F129/><W102/><G34/><T121/><D35/><U61/><E61/><N who="2" m="40399" /><F67/><W54/><REACH who="3" step="1"/><G33/><REACH who="3" ten="320,216,298,156" step="2"/><T45/><D75/><U49/><E107/><V69/><F85/><W57/><G57/><T9/><D58/><N who="1" m="33071" /><E106/><V29/><F69/><W41/><G41/><T2/><D74/><U96/><E96/><V88/><F100/><W5/><AGARI ba="1,1" hai="3,5,8,28,30,46,48,52,54,56,63,92,99,102" machi="5" ten="30,8000,1" yaku="1,1,0,1,54,1,53,2" doraHai="64" doraHaiUra="25" who="3" fromWho="3" sc="320,-21,216,-41,298,-21,156,93" /><INIT seed="2,0,0,4,0,31" ten="299,175,277,249" oya="2" hai0="48,17,75,67,116,79,47,123,69,37,104,5,8" hai1="76,10,21,125,131,121,39,124,99,87,43,94,44" hai2="20,42,40,46,119,61,68,130,114,90,110,62,63" hai3="122,106,95,11,3,34,77,59,57,50,129,45,98"/><V13/><F114/><W80/><G106/><T38/><D123/><U66/><E121/><V78/><F119/><W25/><G122/><T102/><D17/><U127/><E131/><V134/><F68/><W15/><G3/><N who="0" m="63" /><D48/><U120/><E120/><V0/><F0/><W32/><G129/><T107/><D102/><U82/><E66/><V19/><F130/><W53/><G25/><T22/><D22/><U92/><E10/><V16/><F110/><W105/><G105/><N who="0" m="40523" /><D47/><U126/><N who="1" m="31744" /><DORA hai="71" /><U4/><E4/><V51/><F90/><W111/><G111/><T83/><D116/><U56/><E56/><V89/><F89/><W101/><G59/><T100/><D100/><U23/><E94/><V1/><F1/><W29/><G29/><T118/><D118/><U135/><REACH who="1" step="1"/><E135/><REACH who="1" ten="299,165,277,249" step="2"/><V36/><F134/><W70/><G57/><T30/><D30/><U26/><E26/><V133/><F133/><W64/><G64/><T14/><D14/><U7/><E7/><V117/><F117/><W72/><G70/><T81/><D83/><U132/><E132/><V74/><F13/><W88/><G101/><AGARI ba="0,1" hai="21,23,39,43,44,76,82,87,92,99,101" m="31744" machi="101" ten="70,8000,1" yaku="1,1,18,1,52,1,53,0" doraHai="31,71" doraHaiUra="28,108" who="1" fromWho="3" sc="299,0,165,90,277,0,249,-80" /><INIT seed="3,0,0,3,2,114" ten="299,255,277,169" oya="3" hai0="16,24,44,56,61,125,40,10,48,7,82,57,130" hai1="0,14,119,106,2,62,41,28,67,13,31,98,80" hai2="103,100,36,38,27,76,110,123,32,23,73,86,26" hai3="87,134,92,79,93,30,63,65,131,104,91,55,126"/><W39/><G39/><T115/><D130/><U109/><E41/><V51/><F123/><W116/><G104/><T6/><D125/><U90/><E109/><V12/><F73/><W99/><G131/><T132/><D132/><U22/><E106/><V60/><F110/><W35/><G134/><T20/><D115/><U88/><E22/><V72/><F72/><W102/><G126/><T84/><D10/><U107/><E107/><V52/><F38/><W66/><G79/><T3/><D3/><U112/><E112/><V17/><F36/><W118/><G55/><T129/><D129/><U124/><E80/><N who="2" m="47367" /><F60/><W9/><G9/><T19/><D19/><U94/><E119/><V113/><F32/><W122/><G122/><T101/><D101/><N who="2" m="38986" /><F113/><W97/><G97/><T89/><REACH who="0" step="1"/><D56/><AGARI ba="0,0" hai="12,17,23,26,27,51,52,56" m="38986,47367" machi="56" ten="30,2000,0" yaku="8,1,54,1" doraHai="114" who="2" fromWho="0" sc="299,-20,255,0,277,20,169,0" /><INIT seed="4,0,0,2,2,119" ten="279,255,297,169" oya="0" hai0="78,21,11,74,32,4,113,66,133,19,44,45,124" hai1="67,20,7,116,1,34,132,27,10,95,65,60,100" hai2="86,128,56,58,33,87,35,93,40,111,112,25,54" hai3="121,80,115,18,76,131,110,72,2,117,108,91,69"/><T16/><D113/><U50/><E132/><V23/><F111/><W89/><G69/><T6/><D32/><U94/><E116/><V84/><F112/><W99/><G2/><T71/><D133/><U29/><E50/><V36/><F128/><W52/><G117/><T70/><D124/><U90/><E34/><V3/><F3/><W38/><G38/><T57/><D57/><U126/><E126/><V8/><F8/><W75/><G115/><T39/><D66/><U123/><E123/><V96/><F40/><W92/><G18/><T64/><D64/><U31/><E31/><V0/><F0/><W122/><G131/><T61/><D61/><U37/><E37/><V46/><F36/><W28/><G28/><T41/><D45/><U53/><E100/><V79/><F79/><W120/><G52/><T9/><D9/><U17/><E95/><V5/><F5/><W107/><G107/><T81/><D19/><U106/><E106/><V129/><F129/><W68/><G68/><T63/><D63/><U13/><E53/><V134/><F134/><W47/><G47/><T48/><D48/><U135/><E60/><N who="2" m="35863" /><F58/><W104/><G104/><T62/><D62/><U30/><E30/><V105/><F46/><W127/><G127/><T88/><D6/><U42/><E42/><V85/><N who="2" m="21504" /><DORA hai="109" /><V83/><F105/><W98/><G72/><T130/><D130/><U43/><E43/><V114/><F114/><W73/><G73/><T49/><D49/><U22/><E135/><V82/><F35/><W102/><G102/><T55/><D39/><U101/><E101/><RYUUKYOKU ba="0,0" sc="279,-15,255,15,297,-15,169,15" hai1="1,7,10,13,17,20,22,27,29,65,67,90,94" hai3="75,76,80,89,91,92,98,99,108,110,120,121,122" /><INIT seed="5,1,0,0,3,78" ten="264,270,282,184" oya="1" hai0="125,94,96,86,132,79,51,101,128,117,107,50,98" hai1="30,124,58,61,133,92,48,37,18,44,5,55,4" hai2="81,97,28,69,14,70,103,105,52,108,32,3,56" hai3="80,82,29,7,75,54,60,53,122,77,95,72,135"/><U90/><E133/><V106/><F3/><W109/><G109/><T27/><D117/><U25/><E37/><V26/><F108/><W131/><G122/><T71/><D71/><U12/><E124/><V43/><F106/><W63/><G135/><T87/><D132/><U114/><E114/><V64/><F43/><W110/><G110/><T66/><D66/><U15/><E15/><V62/><F14/><W120/><G120/><T73/><D27/><U129/><E129/><V42/><F42/><W57/><G131/><T2/><D2/><U21/><E30/><V121/><F121/><W100/><G29/><T23/><D23/><U104/><E12/><V126/><F126/><W102/><G95/><T127/><D50/><U130/><E104/><V19/><F19/><W47/><G7/><T84/><D51/><U38/><E38/><V111/><F111/><W0/><G0/><T8/><D8/><U16/><E18/><V6/><F6/><W45/><G77/><T39/><D39/><U35/><E35/><V134/><F134/><W13/><G13/><T49/><D49/><U116/><E116/><V68/><REACH who="2" step="1"/><F81/><REACH who="2" ten="264,270,272,184" step="2"/><W88/><G57/><T76/><D128/><U31/><E130/><V113/><F113/><W119/><G119/><T89/><D79/><U91/><E31/><V59/><F59/><W11/><G11/><T10/><D10/><U123/><E123/><V34/><F34/><W24/><G24/><T9/><D9/><U112/><E112/><V36/><F36/><W67/><G67/><AGARI ba="1,1" hai="26,28,32,52,56,62,64,67,68,69,70,97,103,105" machi="67" ten="40,8000,1" yaku="1,1,54,1,53,3" doraHai="78" doraHaiUra="65" who="2" fromWho="3" sc="264,0,270,0,272,93,184,-83" /><INIT seed="6,0,0,2,0,81" ten="264,270,365,101" oya="2" hai0="35,53,32,62,128,134,78,42,82,6,126,59,37" hai1="23,108,101,71,56,130,5,9,121,20,14,45,135" hai2="13,111,44,131,34,95,123,96,75,99,92,57,113" hai3="83,1,76,26,19,112,88,117,4,38,102,47,132"/><V22/><F34/><W46/><G117/><T24/><D128/><U89/><E71/><V104/><F123/><W29/><G102/><T33/><D126/><U103/><E108/><V125/><F125/><W122/><G122/><T124/><D124/><U15/><E130/><V28/><F131/><W98/><G132/><T85/><D134/><U17/><E121/><V10/><F75/><W27/><G19/><T21/><D6/><U41/><E135/><V2/><F2/><W68/><G68/><T61/><D42/><U133/><E133/><V74/><F74/><W110/><G110/><T80/><D80/><U109/><E109/><V70/><F70/><W0/><G83/><T11/><D11/><U65/><E89/><V127/><F104/><W97/><G76/><T30/><REACH who="0" step="1"/><D37/><REACH who="0" ten="254,270,365,101" step="2"/><U51/><E23/><V119/><F22/><W129/><G38/><T55/><D55/><U77/><E77/><V52/><F127/><W36/><G36/><T50/><AGARI ba="0,1" hai="21,24,30,32,33,35,50,53,59,61,62,78,82,85" machi="50" ten="30,4000,0" yaku="1,1,0,1,52,1,53,0" doraHai="81" doraHaiUra="120" who="0" fromWho="0" sc="254,50,270,-10,365,-20,101,-10" /><INIT seed="7,0,0,1,0,33" ten="304,260,345,91" oya="3" hai0="28,36,113,93,25,48,22,63,49,40,118,107,24" hai1="44,117,133,75,125,26,62,42,71,41,32,64,108" hai2="72,13,78,122,97,114,135,132,73,82,101,8,29" hai3="35,38,115,52,99,110,69,56,130,7,128,6,34"/><W61/><G38/><T91/><D118/><U15/><E75/><N who="2" m="43359" /><F114/><W124/><G115/><T98/><D113/><U66/><E108/><V84/><F84/><W85/><G69/><T129/><D129/><N who="3" m="49769" /><G110/><T94/><D107/><U80/><E117/><V126/><F29/><W39/><G39/><T27/><D36/><U21/><E125/><V112/><F112/><W12/><G124/><T120/><D120/><U9/><E32/><N who="3" m="12330" /><G12/><T37/><D37/><U20/><E133/><N who="2" m="51275" /><F122/><W18/><G18/><T59/><D40/><U77/><E42/><V86/><F86/><W5/><G85/><T95/><D25/><U0/><E66/><V4/><F126/><W105/><G105/><AGARI ba="0,0" hai="4,8,13,72,73,97,101,105" m="51275,43359" machi="105" ten="30,1000,0" yaku="20,1" doraHai="33" who="2" fromWho="3" sc="304,0,260,0,345,10,91,-10" owari="304,10.0,260,-14.0,355,46.0,81,-42.0" /></mjloggm>