<mjloggm ver="2.3"><GO type="225" lobby="0"/><UN n0="%70%69%6E%70%69%6E%36" n1="%E5%8F%AF%E5%85%90%E9%82%A3%E7%94%B1%E5%A4%9A" n2="%E5%BD%97%E6%98%9F%E5%85%A5%E3%83%92%E3%82%B3" n3="%59%4F%55%E5%BE%80%4D%59%E9%80%B2%21" dan="16,17,16,16" rate="2175.00,2215.82,2122.93,2102.23" sx="M,F,M,M"/><TAIKYOKU oya="0"/><INIT seed="0,0,0,0,5,110" ten="250,250,250,250" oya="0" hai0="59,25,94,14,48,50,0,81,133,119,1,98,38" hai1="97,33,43,104,73,126,90,16,6,30,56,106,35" hai2="53,85,123,134,70,101,62,51,10,107,127,32,93" hai3="124,132,105,88,96,11,37,39,74,44,29,18,91"/><T116/><D38/><U63/><E73/><V4/><F123/><W24/><G74/><T77/><D133/><U102/><E106/><V19/><F32/><W68/><G68/><T42/><D1/><U61/><E126/><V115/><F134/><W128/><G132/><T28/><D0/><U72/><E72/><V76/><F127/><W54/><G124/><T87/><D14/><U103/><E103/><V60/><F107/><W84/><G128/><T71/><D71/><U40/><E6/><V82/><F70/><W129/><G129/><T3/><D3/><U31/><E90/><V125/><F125/><W131/><G131/><T111/><D111/><U13/><E33/><V17/><F115/><W89/><G84/><T36/><D36/><U12/><E12/><N who="2" m="5191" /><F101/><W15/><G105/><T80/><D80/><U120/><E63/><N who="2" m="24107" /><F93/><W52/><G96/><T27/><D27/><U21/><E120/><V9/><F9/><W45/><G37/><T47/><D59/><AGARI ba="0,0" hai="17,19,51,53,59,76,82,85" m="24107,5191" machi="59" ten="30,1000,0" yaku="8,1" doraHai="110" who="2" fromWho="0" sc="250,-10,250,0,250,10,250,0" /><INIT seed="1,0,0,5,5,135" ten="240,250,260,250" oya="1" hai0="71,123,7,66,26,56,79,60,65,51,54,84,32" hai1="68,105,113,52,122,73,2,69,58,101,127,36,38" hai2="75,108,119,103,33,14,82,16,131,24,18,89,121" hai3="86,132,88,128,97,37,110,78,46,67,35,70,107"/><U20/><E122/><V40/><F121/><W0/><G0/><T116/><D116/><U99/><E113/><V129/><F119/><W102/><G35/><T126/><D123/><U91/><E2/><V120/><F120/><W115/><G115/><T50/><D7/><U125/><E73/><V22/><F108/><W42/><G110/><T25/><D66/><U44/><E20/><V31/><F103/><W11/><G132/><T117/><D117/><U23/><E23/><V45/><F18/><W80/><G128/><T47/><D32/><U57/><E91/><V55/><F55/><W133/><G133/><T30/><D30/><U118/><E118/><V130/><F89/><W21/><G21/><T134/><D134/><U111/><E111/><V53/><F53/><W90/><REACH who="3" step="1"/><G11/><REACH who="3" ten="240,250,260,240" step="2"/><T72/><D25/><U64/><E64/><V43/><F45/><W61/><AGARI ba="0,1" hai="37,42,46,61,67,70,78,80,86,88,90,97,102,107" machi="61" ten="30,7900,0" yaku="1,1,2,1,0,1,54,1,53,0" doraHai="135" doraHaiUra="29" who="3" fromWho="3" sc="240,-20,250,-39,260,-20,240,89" /><INIT seed="2,0,0,2,4,53" ten="220,211,240,329" oya="2" hai0="23,35,3,39,54,7,40,27,95,70,46,12,108" hai1="51,114,86,19,119,57,73,61,36,69,100,77,22" hai2="31,76,91,21,87,32,52,79,129,20,97,74,56" hai3="124,62,93,10,11,6,63,101,99,33,115,107,60"/><V5/><F129/><W43/><G33/><T26/><D70/><U1/><E1/><V117/><F117/><W123/><G123/><T102/><D108/><U120/><E36/><V67/><F67/><W44/><G124/><T25/><D35/><U65/><E114/><V37/><F37/><W28/><G28/><T130/><D130/><U47/><E119/><V83/><F5/><W116/><G116/><T134/><D134/><U106/><E73/><V111/><F111/><W128/><G128/><T13/><D54/><U59/><E120/><V9/><F9/><W17/><G115/><T68/><D68/><U84/><E100/><V81/><F32/><W110/><G110/><T88/><D102/><U103/><E103/><V64/><F64/><W41/><G107/><T105/><D105/><U104/><E104/><V16/><F31/><W48/><G6/><T50/><D39/><U82/><E86/><V8/><F97/><W133/><G133/><T0/><D23/><U78/><E78/><V75/><F8/><N who="3" m="3115" /><G17/><T96/><REACH who="0" step="1"/><D7/><REACH who="0" ten="210,211,240,329" step="2"/><U90/><E106/><V125/><F125/><W89/><G101/><T29/><D29/><U113/><E113/><V34/><F34/><W24/><G43/><T112/><D112/><U135/><E135/><V72/><F20/><W38/><G38/><T14/><AGARI ba="0,1" hai="0,3,12,13,14,25,26,27,40,46,50,88,95,96" machi="14" ten="30,7900,0" yaku="1,1,0,1,54,1,53,1" doraHai="53" doraHaiUra="85" who="0" fromWho="0" sc="210,89,211,-20,240,-39,329,-20" /><INIT seed="3,0,0,4,4,121" ten="299,191,201,309" oya="3" hai0="101,26,85,33,55,120,80,122,45,90,11,56,12" hai1="25,70,77,99,100,105,111,107,112,78,79,49,2" hai2="9,30,113,98,86,20,135,43,116,8,126,38,61" hai3="32,59,133,91,74,134,21,51,62,57,96,108,102"/><W52/><G32/><T4/><D101/><U18/><E70/><V42/><F113/><W37/><G108/><T81/><D81/><U123/><E2/><V54/><F116/><W92/><G37/><T35/><D45/><U36/><E36/><V41/><F126/><W117/><G74/><T127/><D127/><U58/><E123/><V106/><F135/><N who="3" m="51723" /><G117/><T22/><D35/><U95/><E112/><V29/><F38/><W115/><G21/><T14/><D33/><U27/><E111/><V31/><F86/><W118/><G118/><T75/><D75/><U63/><E49/><V1/><F1/><W60/><G115/><T47/><D47/><U13/><E105/><V82/><F82/><W65/><G62/><T10/><D10/><N who="1" m="6455" /><E107/><V5/><F5/><W109/><G109/><T15/><D120/><U72/><E72/><V129/><F20/><W23/><G23/><T73/><D73/><U46/><E46/><V40/><N who="2" m="10240" /><DORA hai="131" /><V39/><F39/><W83/><G83/><T6/><D6/><U17/><E17/><V89/><F129/><W48/><G48/><N who="0" m="30823" /><D122/><U125/><E125/><V103/><F61/><W34/><G34/><T124/><D124/><U24/><E27/><V53/><F8/><W94/><G94/><T67/><D67/><AGARI ba="0,0" hai="24,25,58,63,67,77,78,79,95,99,100" m="6455" machi="67" ten="30,1000,0" yaku="8,1" doraHai="121,131" who="1" fromWho="0" sc="299,-10,191,10,201,0,309,0" owari="289,9.0,201,-20.0,201,-30.0,309,41.0" /></mjloggm>