<mjloggm ver="2.3"><GO type="225" lobby="0"/><UN n0="%E3%83%81%E3%83%BC%E3%83%88%E3%82%A4%E7%9F%AD%E6%9C%9F%E5%A4%A7%E5%AD%A6" n1="%E6%9D%A5%E9%80%B1%E3%81%AE%E7%B3%B8%E4%BA%95" n2="%E7%B6%BE%E9%87%8E%E7%8F%AA%E5%AD%90" n3="%E5%BD%97%E6%98%9F%E5%85%A5%E3%83%92%E3%82%B3" dan="16,16,16,16" rate="2135.50,2142.42,2178.08,2122.70" sx="M,M,F,M"/><TAIKYOKU oya="0"/><INIT seed="0,0,0,3,2,9" ten="250,250,250,250" oya="0" hai0="3,66,63,31,120,65,25,96,15,52,101,67,57" hai1="89,16,124,72,56,2,48,69,123,134,90,13,12" hai2="10,36,19,105,114,44,79,130,24,18,73,60,35" hai3="126,41,125,38,0,118,59,30,103,84,94,102,37"/><T17/><D120/><U98/><E2/><V34/><F114/><W113/><G113/><T5/><D3/><U33/><E123/><V62/><F105/><W11/><G118/><T42/><D42/><U117/><E69/><V20/><F130/><W43/><G30/><T70/><D5/><U131/><E117/><V76/><F73/><W74/><G74/><T29/><D70/><U81/><E33/><V95/><F95/><W135/><G135/><T68/><D68/><U107/><E131/><V127/><F127/><W108/><G108/><T111/><D25/><U110/><E110/><V6/><F44/><W28/><G28/><T71/><D71/><U83/><E134/><V51/><F51/><W116/><G116/><T8/><REACH who="0" step="1"/><D111/><REACH who="0" ten="240,250,250,250" step="2"/><U50/><E124/><V54/><F24/><W112/><G0/><T21/><D21/><U85/><E13/><N who="2" m="5335" /><F35/><W109/><G109/><T88/><D88/><U40/><E90/><V106/><F20/><W26/><G26/><T121/><D121/><U104/><E89/><V100/><F34/><W14/><G43/><T87/><D87/><U92/><E40/><V78/><F78/><W55/><G41/><T80/><D80/><U86/><E83/><V97/><F76/><W32/><G32/><T46/><D46/><U99/><E81/><V77/><F79/><W47/><G47/><T82/><D82/><U132/><E85/><V27/><F77/><W7/><G84/><T61/><D61/><U129/><E86/><V93/><F27/><W45/><G126/><T39/><D39/><U91/><E91/><N who="2" m="55487" /><F36/><W122/><G125/><RYUUKYOKU ba="0,1" sc="240,30,250,-10,250,-10,250,-10" hai0="8,15,17,29,31,52,57,63,65,66,67,96,101" /><INIT seed="0,1,1,3,1,7" ten="270,240,240,240" oya="0" hai0="77,101,113,47,44,93,85,80,116,131,96,50,98" hai1="60,94,37,71,54,55,12,65,21,39,88,72,67" hai2="100,42,134,0,95,29,105,58,9,111,24,87,115" hai3="118,30,43,46,125,8,82,97,10,14,91,53,99"/><T109/><D113/><U120/><E72/><V36/><F115/><W84/><G118/><T119/><D131/><U81/><E120/><V64/><F105/><W33/><G125/><T86/><D109/><U45/><E67/><V25/><F111/><W126/><G126/><T49/><D98/><U17/><E81/><V34/><F134/><W117/><G117/><T6/><D6/><U83/><E83/><V75/><F75/><W20/><G33/><T74/><D119/><U3/><E3/><V62/><F25/><W112/><G112/><T63/><D63/><U76/><E76/><V57/><F57/><W106/><G53/><T22/><D22/><U19/><E19/><V128/><F128/><W69/><G69/><T28/><D28/><U124/><E124/><V16/><F0/><W40/><G40/><T104/><D116/><U35/><E35/><V110/><F110/><W68/><G68/><T121/><D121/><U108/><E108/><V73/><F73/><W2/><G2/><T127/><D127/><U15/><E15/><N who="2" m="7279" /><F42/><W51/><G106/><T89/><D86/><U102/><E102/><V18/><F36/><W78/><G99/><T5/><D5/><U38/><REACH who="1" step="1"/><E45/><AGARI ba="1,1" hai="44,45,47,49,50,74,77,80,85,89,93,96,101,104" machi="45" ten="40,3900,0" yaku="24,2" doraHai="7" who="0" fromWho="1" sc="270,52,240,-42,240,0,240,0" /><INIT seed="0,2,0,1,4,66" ten="322,198,240,240" oya="0" hai0="126,119,131,118,16,105,74,17,19,72,35,53,11" hai1="78,24,48,0,133,12,50,41,29,115,120,63,1" hai2="113,84,22,121,111,75,103,97,18,94,127,37,92" hai3="4,82,51,100,43,114,76,73,102,2,90,32,36"/><T33/><D105/><U68/><E120/><V26/><F121/><W122/><G122/><T108/><D53/><U109/><E109/><V20/><F113/><W71/><G114/><T65/><D65/><U134/><E115/><V13/><F75/><N who="0" m="28714" /><D11/><U9/><E78/><V5/><F111/><W10/><G32/><N who="0" m="12363" /><D108/><U6/><E63/><V3/><F127/><W45/><G90/><T54/><D54/><U95/><E95/><V99/><F37/><W46/><REACH who="3" step="1"/><G71/><REACH who="3" ten="322,198,240,230" step="2"/><T49/><D119/><U42/><E68/><V83/><F97/><W7/><G7/><T125/><D118/><U128/><E6/><V57/><F5/><W130/><G130/><T91/><D131/><U60/><E128/><V8/><F99/><W98/><G98/><T132/><D91/><U21/><E134/><V34/><F34/><W88/><G88/><T101/><D132/><U81/><E133/><V106/><F103/><W87/><G87/><T52/><D101/><U25/><E0/><V61/><F3/><W56/><G56/><T58/><D125/><U55/><E1/><V104/><F84/><W96/><G96/><T79/><D126/><U69/><E69/><V15/><F57/><W110/><G110/><T14/><D79/><U77/><E77/><V89/><F106/><W112/><G112/><T93/><D58/><U85/><E85/><V123/><F83/><W44/><G44/><T39/><D93/><U47/><E81/><V135/><F104/><W116/><G116/><T129/><D129/><U38/><E47/><V27/><F135/><W31/><G31/><T28/><D28/><RYUUKYOKU ba="2,1" sc="322,-10,198,-10,240,-10,230,30" hai3="2,4,10,36,43,45,46,51,73,76,82,100,102" /><INIT seed="1,3,1,3,4,7" ten="312,188,230,260" oya="1" hai0="118,23,82,38,41,116,39,112,97,113,27,78,26" hai1="61,53,2,68,0,25,17,102,22,123,70,36,119" hai2="14,81,124,45,131,56,76,130,132,15,87,80,117" hai3="105,98,32,91,67,86,133,50,90,10,18,59,20"/><U60/><E123/><V64/><F117/><W65/><G133/><T83/><D97/><U120/><E120/><V95/><F132/><W100/><G32/><T96/><D96/><U135/><E119/><V21/><F124/><W1/><G91/><T101/><D23/><U121/><E121/><V30/><F95/><W74/><G74/><T71/><D41/><U57/><E135/><V99/><F99/><W49/><G1/><T69/><REACH who="0" step="1"/><D78/><REACH who="0" ten="302,188,230,260" step="2"/><U6/><E102/><AGARI ba="3,2" hai="26,27,38,39,69,71,82,83,101,102,112,113,116,118" machi="102" ten="25,6400,0" yaku="1,1,2,1,22,2,53,0" doraHai="7" doraHaiUra="13" who="0" fromWho="1" sc="302,93,188,-73,230,0,260,0" /><INIT seed="2,0,0,3,0,32" ten="395,115,230,260" oya="2" hai0="67,60,9,131,91,71,79,44,12,37,11,1,123" hai1="41,104,22,82,118,31,105,81,133,102,117,128,25" hai2="64,87,24,39,107,27,93,134,108,21,57,132,69" hai3="63,89,30,7,83,14,115,125,85,62,120,84,13"/><V33/><F107/><W100/><G120/><T3/><D123/><U26/><E41/><V116/><F116/><W90/><G125/><T101/><D79/><U46/><E46/><V113/><F113/><W106/><G115/><T74/><D74/><U51/><E51/><V10/><F39/><W119/><G119/><T94/><D101/><U78/><E78/><V17/><F69/><W99/><G30/><T20/><D20/><U68/><E22/><V29/><F108/><W98/><G100/><T48/><D37/><U124/><E102/><V80/><F93/><W23/><G106/><T110/><D131/><U72/><E31/><V54/><F64/><W35/><G23/><T77/><D77/><U75/><E68/><V127/><F127/><W16/><G35/><T50/><D50/><U36/><E36/><V130/><F130/><W76/><G76/><T65/><D11/><U61/><E128/><V47/><F47/><W95/><G7/><T129/><D67/><U5/><E5/><V2/><F87/><W109/><G109/><T56/><D71/><U122/><E122/><V0/><F80/><W15/><G16/><T45/><D45/><U52/><E61/><AGARI ba="0,0" hai="13,14,15,61,62,63,83,84,85,89,90,95,98,99" machi="61" ten="40,1300,0" yaku="8,1" doraHai="32" who="3" fromWho="1" sc="395,0,115,-13,230,0,260,13" /><INIT seed="3,0,0,1,0,19" ten="395,102,230,273" oya="3" hai0="81,102,47,82,89,109,17,66,88,92,125,119,91" hai1="44,4,52,101,103,38,10,60,130,113,94,112,134" hai2="49,45,63,111,65,12,123,28,68,34,30,104,90" hai3="27,95,13,107,55,36,16,7,59,67,69,40,32"/><W86/><G107/><T76/><D119/><U116/><E130/><V43/><F104/><W117/><G117/><T71/><D71/><U79/><E116/><V75/><F75/><W78/><G7/><T84/><D66/><U31/><E134/><V98/><F123/><W85/><G32/><T129/><D109/><U9/><E31/><V39/><F111/><W42/><G27/><T114/><D47/><U8/><E4/><V124/><F124/><W105/><G105/><T77/><D17/><U122/><E122/><V72/><F72/><W135/><G135/><T22/><D22/><U53/><E79/><N who="0" m="30281" /><D129/><U23/><E94/><V21/><F34/><W57/><G69/><T29/><D29/><U20/><E10/><V0/><F0/><W5/><G5/><T80/><D125/><U18/><E18/><N who="2" m="10439" /><F39/><W108/><G108/><T100/><D114/><U74/><E74/><V70/><F70/><W96/><G36/><T61/><D61/><U99/><E38/><V58/><F68/><W41/><G78/><T126/><D126/><U56/><E56/><N who="3" m="21578" /><G67/><T115/><D115/><U83/><E99/><V106/><F106/><W93/><G55/><T54/><D54/><U87/><E87/><N who="3" m="33290" /><G96/><T48/><D48/><U11/><E11/><AGARI ba="0,0" hai="11,13,16,40,41,42,93,95" m="33290,21578" machi="11" ten="30,2900,0" yaku="8,1,54,1" doraHai="19" who="3" fromWho="1" sc="395,0,102,-29,230,0,273,29" /><INIT seed="3,1,0,3,5,117" ten="395,73,230,302" oya="3" hai0="95,84,57,24,43,89,109,133,3,44,25,33,81" hai1="125,129,14,68,61,18,32,103,21,124,118,6,97" hai2="59,31,17,23,34,96,120,88,35,69,40,85,71" hai3="49,2,121,55,27,13,126,114,8,39,54,135,77"/><W107/><G114/><T87/><D3/><U86/><E118/><V50/><F96/><W67/><G39/><T7/><D7/><U5/><E86/><V62/><F31/><W123/><G107/><T42/><D109/><U70/><E32/><V28/><F28/><W20/><G2/><T53/><D33/><U65/><E70/><V64/><F71/><W98/><G67/><T101/><D133/><U46/><E46/><V82/><F120/><W79/><G135/><T100/><D25/><U127/><REACH who="1" step="1"/><E129/><REACH who="1" ten="395,63,230,302" step="2"/><V104/><F69/><W0/><G0/><T90/><D44/><U75/><E75/><V115/><F35/><W105/><G27/><T119/><D24/><U1/><E1/><V48/><F34/><W29/><G13/><T94/><D81/><U134/><E134/><V19/><F85/><W41/><G79/><T26/><D26/><U130/><E130/><V131/><F82/><W10/><G77/><T30/><D30/><U60/><E60/><V58/><F62/><W80/><G29/><T78/><D78/><U91/><E91/><V83/><F88/><W37/><G80/><T116/><D116/><U74/><E74/><V113/><F83/><W45/><G45/><T112/><D119/><U111/><E111/><V16/><F131/><W99/><G99/><T108/><D108/><U9/><E9/><V22/><F23/><W11/><G98/><T76/><D76/><U122/><E122/><V15/><F22/><W51/><G121/><T36/><D84/><U66/><E66/><V63/><F15/><W12/><G123/><T106/><D87/><RYUUKYOKU ba="1,1" sc="395,-10,63,30,230,-10,302,-10" hai1="5,6,14,18,21,61,65,68,97,103,124,125,127" owari="395,50.0,93,-41.0,220,-18.0,292,9.0" /></mjloggm>