<mjloggm ver="2.3"><GO type="169" lobby="0"/><UN n0="%E8%91%B5%E3%81%A1%E3%82%83%E3%82%93" n1="%E3%83%89%E3%83%A9%E6%AC%A1%E9%83%8E" n2="%4B%57" n3="%E4%BD%BF%E5%BE%92%E2%80%A0%E3%82%84%E3%82%93%E3%81%97%E3%81%97%E3%83%BC" dan="17,17,16,16" rate="2130.22,2167.94,2046.32,2073.14" sx="F,M,M,F"/><TAIKYOKU oya="0"/><INIT seed="0,0,0,3,2,13" ten="250,250,250,250" oya="0" hai0="60,6,107,127,26,90,105,31,130,92,111,75,106" hai1="15,24,58,98,27,91,66,122,108,56,55,82,45" hai2="74,63,50,40,101,36,126,23,73,77,48,104,135" hai3="131,14,1,49,71,3,87,72,4,93,18,119,33"/><T129/><D75/><U28/><E122/><V22/><F135/><W10/><G119/><T116/><D116/><U94/><E108/><V35/><F35/><W53/><G131/><N who="0" m="50187" /><D127/><U64/><E45/><V37/><F126/><W79/><G71/><T34/><D111/><U8/><E82/><V70/><F104/><W17/><G33/><T57/><D6/><U42/><E42/><V52/><F101/><W124/><G124/><T25/><D25/><U47/><E47/><V61/><F40/><W89/><G1/><T62/><D57/><U80/><E80/><V65/><F65/><N who="1" m="25193" /><E28/><V38/><F77/><W114/><G3/><T0/><D0/><U100/><E100/><V103/><F103/><W29/><G29/><T7/><D7/><N who="1" m="3487" /><E58/><V112/><F38/><W134/><G134/><T125/><D125/><U99/><E99/><AGARI ba="0,0" hai="26,31,34,60,62,90,92,99,105,106,107" m="50187" machi="99" ten="40,2000,0" yaku="19,1" doraHai="13" who="0" fromWho="1" sc="250,20,250,-20,250,0,250,0" /><INIT seed="0,1,0,1,3,72" ten="270,230,250,250" oya="0" hai0="35,135,66,58,1,49,78,37,122,112,133,127,126" hai1="132,20,116,95,109,53,21,36,68,29,47,129,12" hai2="74,125,54,14,18,27,91,96,0,25,57,46,28" hai3="87,97,30,120,124,101,121,7,81,70,82,90,88"/><T24/><D1/><U77/><E116/><V64/><F125/><N who="0" m="47626" /><D112/><U92/><E68/><V99/><F0/><W59/><G70/><T134/><D122/><N who="3" m="47209" /><G7/><T31/><D37/><U114/><E109/><V103/><F74/><W86/><G30/><T13/><D13/><U104/><E104/><V79/><F64/><W2/><G2/><T11/><D11/><U63/><E132/><V16/><F46/><W22/><G22/><T65/><D78/><U56/><E129/><V3/><F3/><W6/><G6/><T107/><D107/><U38/><E114/><V55/><F79/><N who="3" m="46431" /><G59/><T50/><D66/><U106/><E106/><V89/><F57/><W131/><G124/><T45/><D45/><U84/><E38/><V61/><F14/><W33/><G33/><T9/><D9/><U110/><E110/><V119/><F28/><W85/><G131/><T17/><D17/><N who="1" m="10279" /><E36/><V93/><F119/><W62/><G62/><AGARI ba="1,0" hai="24,31,35,49,50,58,62,65,133,134,135" m="47626" machi="62" ten="40,3900,0" yaku="20,1,18,1" doraHai="72" who="0" fromWho="3" sc="270,42,230,0,250,0,250,-42" /><INIT seed="0,2,0,3,1,9" ten="312,230,250,208" oya="0" hai0="55,30,75,98,54,118,111,0,22,36,110,119,47" hai1="129,73,83,60,80,57,94,27,69,16,84,40,17" hai2="106,126,104,46,76,77,3,58,12,100,95,5,32" hai3="68,121,72,44,59,48,10,67,108,31,92,96,89"/><T125/><D75/><U51/><E129/><V135/><F32/><W102/><G108/><N who="0" m="41515" /><D0/><U123/><E123/><V131/><F3/><W21/><G121/><T18/><D30/><U52/><E73/><V101/><F46/><W70/><G72/><T134/><D134/><U19/><E94/><V105/><F58/><W24/><G89/><T74/><D74/><U127/><E127/><V78/><F131/><W62/><REACH who="3" step="1"/><G10/><REACH who="3" ten="312,230,250,198" step="2"/><T93/><D125/><U116/><E116/><V113/><F126/><W14/><G14/><N who="0" m="9559" /><D119/><U50/><E27/><V6/><F12/><W29/><G29/><T23/><D118/><U15/><E69/><V53/><F135/><W117/><G117/><T64/><D23/><U34/><E34/><V33/><F33/><W66/><G66/><T13/><D64/><U2/><E2/><V122/><F122/><W61/><G61/><T85/><D13/><U35/><E35/><V43/><F78/><W81/><G81/><T37/><D85/><U133/><E83/><V45/><F77/><W132/><G132/><T7/><D7/><U38/><E133/><V97/><F76/><W112/><G112/><T26/><D26/><U65/><E15/><V39/><F113/><W28/><G28/><T82/><D82/><U124/><E124/><V49/><F101/><W130/><G130/><T103/><D36/><U11/><E11/><V114/><F114/><W63/><G63/><T90/><D90/><N who="1" m="51463" /><E65/><V25/><F25/><W87/><G87/><T42/><AGARI ba="2,1" hai="37,42,47,54,55,93,98,103" m="9559,41515" machi="42" ten="30,6000,0" yaku="14,1,10,1,52,1" doraHai="9" who="0" fromWho="0" sc="312,76,230,-22,250,-22,198,-22" /><INIT seed="0,3,0,0,1,13" ten="388,208,228,176" oya="0" hai0="47,91,96,74,135,112,125,60,133,2,130,35,52" hai1="38,61,94,43,49,102,62,99,1,108,124,105,115" hai2="127,18,7,42,131,89,69,26,48,46,53,68,88" hai3="77,10,22,129,3,45,34,20,54,8,76,109,128"/><T95/><D112/><U59/><E1/><V9/><F131/><N who="3" m="50251" /><G34/><T97/><D130/><U117/><E117/><V37/><F127/><W27/><G109/><T28/><D125/><U113/><E124/><V14/><F26/><W51/><G3/><T36/><D2/><U92/><E108/><V29/><F29/><N who="3" m="17655" /><G20/><T39/><D74/><U81/><E38/><V90/><REACH who="2" step="1"/><F7/><REACH who="2" ten="388,208,218,176" step="2"/><W120/><G120/><T80/><D28/><U5/><E5/><V71/><F71/><W4/><G4/><T114/><D114/><U6/><E6/><V19/><F19/><W57/><G57/><AGARI ba="3,1" hai="9,14,18,37,42,46,48,53,57,68,69,88,89,90" machi="57" ten="40,12000,2" yaku="1,1,52,1,54,1,53,3" doraHai="13" doraHaiUra="84" who="2" fromWho="3" sc="388,0,208,0,218,139,176,-129" /><INIT seed="1,0,0,4,3,49" ten="388,208,357,47" oya="1" hai0="93,21,5,12,126,1,63,72,118,26,28,45,78" hai1="121,38,43,35,32,129,3,15,29,48,91,27,10" hai2="82,83,86,61,88,115,37,36,47,69,7,108,122" hai3="98,4,101,42,66,25,33,103,79,31,89,120,46"/><U90/><E121/><V105/><F122/><W109/><G120/><T71/><D118/><U70/><E129/><V58/><F69/><W23/><G109/><T18/><D126/><U24/><E70/><V55/><F108/><W39/><G79/><T16/><D1/><U64/><E64/><V97/><F115/><W65/><G4/><T119/><D119/><U34/><E3/><V50/><F7/><W133/><G133/><T80/><D93/><U8/><E38/><V20/><F20/><W51/><G39/><T92/><D92/><U132/><E132/><V40/><F105/><W52/><G42/><T114/><D114/><U134/><E134/><V106/><REACH who="2" step="1"/><F82/><REACH who="2" ten="388,208,347,47" step="2"/><W127/><G33/><T87/><D5/><U19/><E35/><V130/><F130/><W131/><G131/><T53/><D71/><U13/><E34/><V100/><AGARI ba="0,1" hai="36,37,40,47,50,55,58,61,83,86,88,97,100,106" machi="100" ten="30,7900,0" yaku="1,1,0,1,52,1,54,1,53,0" doraHai="49" doraHaiUra="112" who="2" fromWho="2" sc="388,-20,208,-39,347,89,47,-20" /><INIT seed="2,0,0,4,5,119" ten="368,169,436,27" oya="2" hai0="51,93,135,104,50,66,117,19,1,35,123,77,126" hai1="129,25,29,94,74,3,86,79,12,21,108,65,68" hai2="118,125,130,38,24,70,13,41,48,17,131,116,43" hai3="46,80,60,92,107,40,55,132,87,134,44,124,9"/><V113/><F113/><W114/><G107/><T69/><D93/><U59/><E3/><V31/><F125/><W30/><G114/><T49/><D77/><U15/><E108/><V98/><F70/><W101/><G124/><T11/><D19/><U22/><E129/><N who="2" m="49163" /><F38/><W121/><G30/><T61/><D126/><U56/><E68/><V102/><F48/><W106/><G106/><T85/><D85/><U53/><E74/><V6/><F6/><W127/><G127/><T78/><D78/><U5/><E65/><V52/><F52/><W82/><G55/><T63/><D104/><U89/><E79/><V36/><F36/><W105/><G105/><T75/><D75/><U99/><E59/><V97/><F43/><W18/><G40/><T10/><D35/><U71/><E71/><V72/><F72/><W23/><G60/><T120/><D1/><U91/><E22/><N who="2" m="11567" /><F41/><W67/><G67/><N who="0" m="41199" /><D11/><U111/><E5/><V73/><F73/><W64/><G64/><T100/><D10/><U32/><E32/><N who="2" m="20583" /><F102/><W4/><G101/><T58/><D100/><U8/><E111/><V90/><F90/><W47/><G4/><T88/><D88/><U84/><E8/><V109/><F109/><W81/><G44/><T28/><D50/><N who="1" m="30775" /><E99/><AGARI ba="0,0" hai="97,98,99,116,118" m="20583,11567,49163" machi="99" ten="30,1500,0" yaku="19,1" doraHai="119" who="2" fromWho="1" sc="368,0,169,-15,436,15,27,0" /><INIT seed="2,1,0,0,1,117" ten="368,154,451,27" oya="2" hai0="68,127,122,128,130,17,85,82,89,99,3,37,5" hai1="19,104,42,132,16,33,48,65,10,36,120,26,25" hai2="9,92,77,49,40,38,106,111,55,46,69,39,83" hai3="86,103,0,134,67,59,63,15,131,70,44,31,58"/><V81/><F106/><W115/><G0/><T62/><D37/><U45/><E132/><V28/><F69/><W1/><G1/><T108/><D108/><U64/><E104/><V95/><F111/><W76/><G134/><T129/><D127/><U14/><E120/><V88/><F28/><W116/><G116/><T124/><D124/><U29/><E36/><V93/><F9/><W74/><G74/><T22/><D99/><U4/><E26/><V97/><F39/><W71/><G131/><T114/><D114/><U57/><E57/><V87/><REACH who="2" step="1"/><F81/><REACH who="2" ten="368,154,441,27" step="2"/><W21/><G71/><T91/><D68/><U54/><E29/><V2/><F2/><W109/><G109/><T73/><D3/><U51/><E10/><V79/><F79/><W72/><G115/><T12/><D130/><U23/><E33/><V30/><F30/><W110/><G110/><T13/><D129/><U113/><E113/><V84/><F84/><W135/><G135/><T61/><D128/><U102/><E23/><V75/><F75/><W52/><G72/><T125/><D73/><U121/><E121/><V96/><F96/><W11/><G70/><T53/><D122/><U90/><E19/><V105/><F105/><W78/><G86/><T35/><D125/><U66/><E16/><V18/><F18/><W100/><G11/><N who="0" m="4207" /><D35/><U112/><E112/><V133/><F133/><W123/><G123/><T101/><D17/><U94/><E4/><V27/><F27/><N who="3" m="16879" /><G15/><T126/><D13/><U56/><E14/><V98/><F98/><W7/><G7/><T6/><D126/><U20/><E25/><RYUUKYOKU ba="1,1" sc="368,-10,154,-10,441,30,27,-10" hai2="38,40,46,49,55,77,83,87,88,92,93,95,97" /><INIT seed="2,2,1,3,0,98" ten="358,144,471,17" oya="2" hai0="132,37,77,103,125,108,97,82,0,51,69,48,25" hai1="17,120,107,40,81,30,53,63,67,119,22,14,124" hai2="80,114,20,116,71,38,76,57,3,54,68,87,84" hai3="61,83,39,6,133,135,104,10,12,43,100,46,92"/><V64/><F114/><W21/><G104/><T24/><D37/><U33/><E119/><V75/><F116/><W90/><G61/><T35/><D108/><U73/><E124/><V109/><F109/><W110/><G110/><T16/><D125/><U86/><E120/><V88/><F3/><W7/><G21/><T56/><D0/><U91/><E107/><V85/><F38/><W79/><G6/><T123/><D69/><U27/><E73/><V118/><F118/><W131/><G131/><T70/><D123/><U115/><E115/><V126/><F126/><W95/><G100/><T19/><D70/><U42/><REACH who="1" step="1"/><E53/><REACH who="1" ten="358,134,471,17" step="2"/><V101/><F75/><W74/><REACH who="3" step="1"/><G92/><REACH who="3" ten="358,134,471,7" step="2"/><T89/><D132/><U18/><E18/><V31/><F31/><W23/><G23/><T112/><D19/><U128/><E128/><V65/><F20/><W78/><G78/><T36/><D16/><U45/><E45/><V2/><F76/><W111/><G111/><T13/><D77/><U96/><E96/><AGARI ba="2,3" hai="7,10,12,39,43,46,74,79,83,90,95,96,133,135" machi="96" ten="40,5200,0" yaku="1,1,53,2" doraHai="98" doraHaiUra="130" who="3" fromWho="1" sc="358,0,134,-58,471,0,7,88" /><INIT seed="3,0,0,3,2,36" ten="358,76,471,95" oya="3" hai0="84,69,97,115,32,59,68,48,28,19,21,99,45" hai1="33,133,26,101,58,72,116,90,63,49,4,118,20" hai2="53,65,57,73,7,110,105,66,11,39,80,5,2" hai3="130,96,15,55,18,52,114,51,64,71,103,23,124"/><W14/><G114/><T129/><D129/><U10/><E133/><V74/><F105/><W77/><G130/><T100/><D115/><U16/><E33/><V6/><F110/><W40/><G124/><T29/><D32/><U30/><E72/><V34/><F34/><W25/><G77/><T70/><D59/><U37/><E37/><V117/><F117/><N who="1" m="45161" /><E49/><V135/><F135/><W92/><G64/><T128/><D84/><U89/><E101/><V22/><F39/><W67/><G67/><T119/><D119/><U17/><E17/><V107/><F107/><W43/><G71/><T54/><D128/><U61/><E30/><V82/><F22/><W104/><G55/><T83/><D83/><U76/><E76/><V44/><F74/><W12/><G104/><T79/><D79/><U95/><E58/><V42/><F73/><W46/><AGARI ba="0,0" hai="12,14,15,18,23,25,40,43,46,51,52,92,96,103" machi="46" ten="30,12000,1" yaku="0,1,8,1,52,2,54,1" doraHai="36" who="3" fromWho="3" sc="358,-40,76,-40,471,-40,95,120" /><INIT seed="3,1,0,0,5,18" ten="318,36,431,215" oya="3" hai0="133,110,87,67,19,124,3,112,113,37,66,47,65" hai1="119,120,11,17,80,5,56,50,123,102,88,38,130" hai2="1,109,34,43,114,97,33,73,55,27,30,13,77" hai3="129,90,25,100,20,48,89,75,51,61,92,32,42"/><W31/><G129/><T39/><D3/><U40/><E130/><V58/><F114/><N who="0" m="44138" /><D87/><U107/><E119/><V134/><F1/><W106/><G75/><T99/><D99/><U21/><E38/><N who="0" m="14345" /><D19/><U60/><E102/><V10/><F43/><W44/><G106/><T16/><D16/><U127/><E107/><V57/><F109/><W81/><G32/><T85/><D85/><N who="1" m="50215" /><E127/><V74/><F134/><W54/><G81/><T64/><D124/><U94/><E123/><V95/><F34/><W71/><G100/><T128/><D128/><U86/><E120/><V14/><F58/><W8/><G8/><T63/><D110/><U116/><E116/><V122/><F77/><W131/><G131/><T53/><D133/><U24/><E86/><V126/><F122/><W22/><G92/><T9/><D9/><U79/><E94/><V108/><F14/><W52/><G89/><T101/><D101/><U121/><E121/><V62/><F108/><W115/><G90/><T84/><D84/><U0/><E79/><V28/><F28/><W35/><G115/><T2/><D2/><U12/><E0/><V70/><F126/><W78/><G78/><T135/><D135/><U46/><E60/><V93/><F93/><W125/><G125/><T96/><D96/><U29/><E56/><V49/><F62/><W91/><G91/><T26/><D63/><U59/><E59/><V76/><F76/><W7/><G61/><T45/><D65/><U98/><E98/><V23/><F33/><W82/><G35/><T69/><D69/><U68/><E68/><V111/><F70/><RYUUKYOKU ba="1,0" sc="318,-10,36,30,431,-10,215,-10" hai1="5,11,12,17,21,24,29,40,46,50" /><INIT seed="4,2,0,5,3,126" ten="308,66,421,205" oya="0" hai0="69,42,46,20,88,117,37,57,9,130,21,14,1" hai1="97,133,39,49,17,131,13,106,15,112,27,61,77" hai2="74,64,72,75,127,50,63,47,16,67,54,4,85" hai3="101,28,65,41,48,81,24,103,90,132,60,120,59"/><T105/><D117/><U8/><E39/><V100/><F127/><W38/><G132/><T70/><D105/><U52/><E133/><V124/><F124/><W35/><G38/><T78/><D78/><U93/><E112/><V76/><F4/><W32/><G32/><T102/><D102/><U118/><E118/><V92/><F100/><W91/><G120/><T56/><D1/><U40/><E106/><V82/><F92/><W107/><G90/><T128/><D88/><N who="1" m="55463" /><E131/><N who="0" m="50217" /><D57/><N who="1" m="34983" /><E77/><V83/><F76/><W22/><G35/><T7/><D56/><U79/><E79/><V23/><F83/><W115/><G115/><T43/><D43/><U121/><E121/><V18/><F75/><W134/><G134/><T11/><D11/><U12/><E27/><V33/><F74/><W51/><G107/><T129/><N who="0" m="50225" /><T44/><DORA hai="62" /><D44/><AGARI ba="2,0" hai="8,12,13,15,17,40,44,49" m="34983,55463" machi="44" ten="30,3900,0" yaku="8,1,54,2" doraHai="126,62" who="1" fromWho="0" sc="308,-45,66,45,421,0,205,0" /><INIT seed="5,0,0,4,5,100" ten="263,111,421,205" oya="1" hai0="91,11,128,92,64,14,13,53,28,16,112,115,81" hai1="94,86,24,55,129,82,103,77,74,68,67,32,45" hai2="42,4,57,23,19,124,54,71,75,105,22,47,69" hai3="85,107,60,89,84,125,34,78,18,58,83,43,65"/><U62/><E129/><V41/><F75/><W131/><G34/><T73/><D128/><U130/><E130/><V133/><F133/><W5/><G131/><T111/><D111/><U10/><E10/><V56/><F124/><W33/><G33/><T51/><D64/><U35/><E24/><V114/><F114/><N who="0" m="43562" /><D28/><U116/><E116/><V26/><F4/><W80/><G107/><T118/><D118/><U49/><REACH who="1" step="1"/><E86/><REACH who="1" ten="263,101,421,205" step="2"/><V20/><F26/><W90/><G84/><N who="0" m="52327" /><D14/><U37/><E37/><V30/><F71/><W8/><G8/><T99/><D73/><U122/><E122/><V25/><F69/><W48/><G85/><T93/><D81/><U12/><E12/><V132/><F25/><W52/><G80/><T117/><D117/><U97/><AGARI ba="0,1" hai="32,35,45,49,55,62,67,68,74,77,82,94,97,103" machi="97" ten="30,3000,0" yaku="1,1,0,1,53,0" doraHai="100" doraHaiUra="7" who="1" fromWho="1" sc="263,-10,101,40,421,-10,205,-10" /><INIT seed="5,1,0,4,1,22" ten="253,141,411,195" oya="1" hai0="80,38,85,7,111,104,58,59,118,66,74,8,28" hai1="95,105,110,0,60,115,55,56,71,84,116,75,73" hai2="108,62,15,130,12,46,127,78,67,36,96,100,13" hai3="119,126,6,124,43,34,47,42,123,21,52,54,27"/><U77/><E116/><V64/><F108/><W129/><G123/><T33/><D111/><U112/><E105/><V30/><F130/><W91/><G129/><T50/><D118/><U131/><E0/><V51/><F127/><N who="3" m="48683" /><G34/><T57/><D38/><U17/><E131/><V98/><F36/><N who="3" m="21991" /><G42/><T99/><D74/><U107/><E107/><V65/><F78/><W132/><G132/><T93/><D104/><U87/><E110/><V14/><F62/><W53/><G119/><T117/><D117/><U61/><E75/><V24/><F100/><W72/><G6/><T5/><D28/><U20/><E73/><V70/><F70/><W19/><G72/><T69/><D33/><U26/><E77/><V109/><F15/><W4/><G4/><T82/><D7/><U86/><REACH who="1" step="1"/><E95/><REACH who="1" ten="253,131,411,195" step="2"/><V18/><F109/><W76/><G76/><T49/><D93/><U122/><E122/><V83/><F83/><W3/><G3/><T125/><D82/><U48/><E48/><V101/><F51/><W114/><G114/><T113/><D80/><U120/><E120/><V1/><F1/><W97/><G91/><T133/><D113/><U121/><E121/><V9/><F101/><W103/><G103/><T90/><D125/><U128/><E128/><V32/><F98/><AGARI ba="1,1" hai="19,21,27,52,53,54,97,98" m="21991,48683" machi="98" ten="30,3900,0" yaku="18,1,52,1,54,1" doraHai="22" who="3" fromWho="2" sc="253,0,131,0,411,-42,195,52" /><INIT seed="6,0,0,3,4,53" ten="253,131,369,247" oya="2" hai0="62,20,45,81,78,22,65,106,16,75,27,134,54" hai1="104,47,19,135,82,127,119,61,83,89,77,129,2" hai2="102,113,31,132,68,60,34,40,25,17,125,133,121" hai3="74,42,51,118,80,56,108,86,4,41,105,91,12"/><V116/><F116/><W13/><G108/><T71/><D134/><N who="2" m="51818" /><F121/><W103/><G74/><T109/><D109/><U98/><E119/><V123/><F123/><W24/><G105/><T84/><D106/><U124/><E2/><V67/><F113/><W73/><G73/><T93/><D93/><N who="1" m="56623" /><E135/><V52/><F125/><N who="1" m="48201" /><E47/><V46/><F102/><W7/><G103/><T30/><D45/><U97/><E19/><V92/><F92/><W110/><G110/><T8/><D54/><U59/><E129/><V38/><F17/><W50/><G4/><T55/><D55/><AGARI ba="0,0" hai="25,31,34,38,40,46,52,55,60,67,68" m="51818" machi="55" ten="30,2900,0" yaku="20,1,54,1" doraHai="53" who="2" fromWho="0" sc="253,-29,131,0,369,29,247,0" /><INIT seed="6,1,0,4,0,101" ten="224,131,398,247" oya="2" hai0="14,98,55,110,132,76,6,83,69,89,124,49,130" hai1="20,41,22,74,40,85,52,53,12,102,99,27,62" hai2="39,32,107,1,58,79,4,104,15,35,23,78,123" hai3="43,93,7,36,81,47,134,18,118,19,111,115,87"/><V96/><F123/><W34/><G118/><T94/><D110/><U112/><E74/><V48/><F39/><W128/><G111/><T126/><D69/><U105/><E112/><V88/><F1/><W51/><G128/><T56/><D130/><U13/><E85/><V100/><F107/><W8/><G134/><T109/><D109/><U45/><E41/><V10/><F23/><W119/><G34/><T90/><D132/><U103/><E22/><V9/><F9/><W80/><G119/><T17/><D6/><U50/><E103/><V116/><F116/><W3/><G51/><T24/><D24/><U75/><E75/><V60/><F48/><W59/><G59/><T38/><D90/><U121/><E121/><V54/><REACH who="2" step="1"/><F88/><REACH who="2" ten="224,131,388,247" step="2"/><W97/><G8/><T25/><D38/><U61/><E61/><V68/><F68/><W71/><G71/><T131/><D131/><U84/><E84/><V133/><F133/><W5/><G36/><T28/><D49/><U30/><REACH who="1" step="1"/><E62/><REACH who="1" ten="224,121,388,247" step="2"/><V0/><F0/><W114/><G87/><T66/><D89/><U65/><E65/><V37/><F37/><W120/><G3/><T92/><D66/><U127/><E127/><V70/><F70/><W64/><G64/><T108/><D126/><U26/><E26/><V82/><F82/><W117/><G120/><T2/><D124/><U125/><E125/><V33/><AGARI ba="1,2" hai="4,10,15,32,33,35,54,58,60,78,79,96,100,104" machi="33" ten="30,11700,0" yaku="1,1,0,1,52,1,53,1" doraHai="101" doraHaiUra="95" who="2" fromWho="2" sc="224,-40,121,-40,388,140,247,-40" /><INIT seed="6,2,0,1,4,38" ten="184,81,528,207" oya="2" hai0="133,129,103,31,53,10,12,23,5,122,70,57,7" hai1="92,123,37,61,100,107,79,91,121,41,22,50,32" hai2="93,87,111,126,120,60,42,73,125,81,95,66,18" hai3="94,56,90,131,67,62,84,132,6,25,40,88,117"/><V96/><F120/><N who="1" m="46153" /><E107/><V135/><F135/><W35/><G117/><T30/><D122/><U15/><E32/><V105/><F111/><W69/><G131/><T124/><D129/><U64/><E100/><N who="2" m="62599" /><F73/><W89/><G69/><T108/><D124/><N who="2" m="47722" /><F42/><W4/><G40/><T48/><D70/><U134/><E134/><V85/><F18/><W77/><G132/><T19/><D108/><U49/><E79/><N who="2" m="46271" /><F87/><W78/><G84/><T1/><D133/><U83/><E83/><V8/><F8/><W127/><G127/><T46/><D7/><U14/><E37/><V27/><F27/><W47/><G25/><T112/><D103/><U74/><E74/><V82/><F82/><W2/><G4/><T119/><D119/><U24/><E50/><V55/><F55/><W3/><G6/><T36/><D112/><U58/><E49/><V17/><F17/><W116/><G116/><T75/><D75/><U28/><E41/><V63/><F63/><W16/><G62/><T109/><D109/><U101/><E101/><V44/><F44/><W52/><G47/><T99/><D36/><U68/><E68/><AGARI ba="2,0" hai="60,66,68,93,95" m="46271,47722,62599" machi="68" ten="30,1500,0" yaku="18,1" doraHai="38" who="2" fromWho="1" sc="184,0,81,-21,528,21,207,0" /><INIT seed="6,3,0,0,4,78" ten="184,60,549,207" oya="2" hai0="59,89,115,41,21,30,10,74,101,1,9,8,16" hai1="79,49,45,2,132,7,98,20,129,90,68,44,83" hai2="105,102,36,52,126,40,65,118,12,32,125,54,5" hai3="100,128,75,42,96,106,22,82,47,86,122,25,51"/><V35/><F118/><W109/><G122/><T87/><D74/><U11/><E132/><V43/><F65/><W23/><G109/><T55/><D115/><U33/><E129/><V39/><F105/><W0/><G0/><T117/><D117/><U46/><E33/><V15/><F5/><W91/><G128/><T60/><D1/><U112/><E112/><V61/><F61/><W67/><G67/><T58/><D41/><U133/><E133/><V57/><F57/><W66/><G66/><N who="0" m="39191" /><D101/><AGARI ba="3,0" hai="12,15,32,35,36,39,40,43,52,54,101,102,125,126" machi="101" ten="25,4800,0" yaku="22,2,54,1" doraHai="78" who="2" fromWho="0" sc="184,-57,60,0,549,57,207,0" /><INIT seed="6,4,0,4,3,117" ten="127,60,606,207" oya="2" hai0="4,20,49,133,74,48,51,116,120,16,72,1,58" hai1="59,38,99,121,43,134,104,114,29,78,85,77,27" hai2="23,125,36,81,41,112,57,63,33,129,90,92,47" hai3="39,53,46,11,86,9,3,119,0,66,107,88,132"/><V128/><F112/><W115/><G107/><T13/><D116/><U12/><E114/><V22/><F125/><W123/><G132/><T21/><D133/><U87/><E134/><V73/><F33/><W109/><G66/><T135/><D135/><U19/><E43/><V6/><F6/><W56/><G119/><T101/><D101/><U31/><E38/><V131/><F81/><W100/><G100/><T126/><D126/><U80/><E59/><V97/><F73/><W5/><G46/><T52/><D120/><U37/><E37/><V103/><F103/><W55/><G123/><T40/><D21/><U28/><E27/><V95/><F95/><W35/><G39/><T118/><D118/><U26/><E104/><V2/><F2/><W130/><G35/><T124/><D124/><U83/><E99/><V25/><F25/><W89/><G109/><T24/><D1/><U69/><E69/><V15/><F15/><W17/><G5/><T44/><REACH who="0" step="1"/><D49/><REACH who="0" ten="117,60,606,207" step="2"/><U106/><E106/><V10/><F10/><AGARI ba="4,1" hai="4,10,13,16,20,24,40,44,48,51,52,58,72,74" machi="10" ten="40,8000,1" yaku="1,1,2,1,54,2,53,0" doraHai="117" doraHaiUra="67" who="0" fromWho="2" sc="117,102,60,0,606,-92,207,0" /><INIT seed="7,0,0,5,5,49" ten="219,60,514,207" oya="3" hai0="70,43,4,90,26,59,128,50,42,100,33,54,37" hai1="15,71,97,99,53,68,65,6,86,29,131,78,104" hai2="25,27,112,77,12,87,121,110,18,76,61,113,109" hai3="67,132,75,96,19,14,30,94,5,57,24,72,51"/><W119/><G119/><T118/><D118/><U126/><E131/><V98/><F121/><W16/><G132/><T9/><D70/><U32/><E126/><V64/><F98/><W123/><G123/><T2/><D128/><U17/><E104/><V117/><F117/><W60/><G72/><T107/><D37/><U8/><E32/><V23/><F27/><W106/><G75/><T46/><D100/><U127/><E29/><V115/><F25/><W125/><G125/><T73/><D107/><U134/><E134/><V82/><F77/><W74/><G74/><T88/><D73/><U56/><E127/><V34/><F34/><W47/><G5/><T58/><D58/><AGARI ba="0,0" hai="12,18,23,58,61,64,76,82,87,109,110,112,113,115" machi="58" ten="40,1300,0" yaku="15,1" doraHai="49" who="2" fromWho="0" sc="219,-13,60,0,514,13,207,0" owari="206,-19.0,60,-44.0,527,62.0,207,1.0" /></mjloggm>