<mjloggm ver="2.3"><GO type="169" lobby="0"/><UN n0="%48%61%63%68%69%6E%61%6C" n1="%67%73%6B%67%33" n2="%E5%A4%AA%E3%81%8F%E3%81%AA%E3%81%84%E3%81%8A" n3="%4C%69%53%41" dan="16,16,20,16" rate="2031.98,2136.30,2240.91,2169.23" sx="M,M,M,F"/><TAIKYOKU oya="0"/><INIT seed="0,0,0,2,2,25" ten="250,250,250,250" oya="0" hai0="118,31,40,26,63,113,109,44,1,135,120,107,90" hai1="104,127,67,54,52,20,41,131,17,4,77,95,81" hai2="93,23,8,123,61,12,30,18,59,60,80,70,46" hai3="49,84,85,89,111,14,92,115,32,134,16,110,69"/><T33/><D113/><U103/><E104/><V83/><F123/><W9/><G115/><T50/><D118/><U98/><E131/><V37/><F70/><W82/><G69/><T117/><D117/><U66/><E127/><V21/><F37/><W88/><G134/><T6/><D120/><U15/><E41/><V29/><F46/><W68/><G68/><T101/><D135/><U2/><E2/><V27/><F93/><W51/><REACH who="3" step="1"/><G32/><REACH who="3" ten="250,250,250,240" step="2"/><T5/><D109/><AGARI ba="0,1" hai="9,14,16,49,51,82,84,85,88,89,92,109,110,111" machi="109" ten="40,12000,2" yaku="1,1,2,1,14,1,54,2,53,1" doraHai="25" doraHaiUra="79" who="3" fromWho="0" sc="250,-120,250,0,250,0,240,130" /><INIT seed="1,0,0,0,5,1" ten="130,250,250,370" oya="1" hai0="13,22,24,74,98,79,111,130,60,125,81,83,49" hai1="100,131,42,37,27,46,90,71,15,63,132,58,28" hai2="4,68,109,89,38,127,54,104,16,119,112,11,133" hai3="91,30,115,12,117,103,41,67,128,106,86,19,113"/><U120/><E120/><V21/><F119/><W56/><G30/><T32/><D111/><U95/><E131/><V45/><F104/><W76/><G76/><T48/><D130/><U18/><E132/><V65/><F109/><W10/><G128/><T53/><D125/><U52/><E100/><V77/><F77/><W34/><G34/><T97/><D32/><U135/><E135/><V116/><F116/><W6/><G117/><T124/><D124/><U47/><E47/><V51/><F127/><W39/><G39/><T40/><D83/><U29/><E71/><V50/><F133/><W123/><G41/><T108/><D108/><U7/><E7/><V31/><F112/><W129/><G123/><T99/><D13/><U82/><E82/><V114/><F114/><W35/><G35/><T102/><D40/><U3/><E3/><V118/><F38/><W80/><G129/><T122/><D122/><U92/><E27/><V5/><F118/><W78/><G78/><T73/><D73/><U69/><E69/><V20/><F65/><W70/><G70/><T96/><N who="0" m="24576" /><DORA hai="94" /><T59/><REACH who="0" step="1"/><D102/><REACH who="0" ten="120,250,250,370" step="2"/><U134/><E134/><V33/><F33/><W55/><G113/><T25/><D25/><U64/><E15/><V57/><F89/><W36/><G115/><T62/><D62/><U107/><E90/><V8/><F4/><W23/><G103/><T85/><D85/><U14/><E42/><V75/><F5/><W43/><G43/><T26/><D26/><U66/><E14/><V9/><F75/><W87/><G91/><T72/><D72/><U93/><E63/><RYUUKYOKU ba="0,1" sc="120,30,250,-10,250,-10,370,-10" hai0="22,24,48,49,53,59,60,74,79,81" /><INIT seed="2,1,1,4,5,19" ten="150,240,240,360" oya="2" hai0="3,51,75,29,17,77,6,9,37,120,2,78,12" hai1="116,81,109,96,123,28,39,99,46,35,53,41,134" hai2="90,50,106,64,32,10,24,49,65,82,7,104,20" hai3="4,112,8,87,132,30,100,47,107,126,36,101,108"/><V125/><F32/><W127/><G108/><T72/><D37/><U117/><E109/><V113/><F113/><W62/><G112/><T76/><D120/><U83/><E134/><V131/><F125/><W61/><G132/><T60/><D29/><U71/><E71/><V31/><F131/><W25/><G87/><T114/><D114/><U84/><E123/><V16/><F106/><W86/><G86/><T22/><D60/><N who="3" m="23145" /><G107/><T124/><D124/><N who="3" m="47657" /><G47/><T73/><REACH who="0" step="1"/><D51/><REACH who="0" ten="140,240,240,360" step="2"/><U98/><E28/><V54/><F49/><W38/><G36/><T18/><D18/><U27/><E117/><V56/><F31/><W69/><G38/><T68/><D68/><U5/><E116/><V95/><F104/><W66/><G69/><T89/><D89/><U110/><E110/><V44/><F44/><W118/><G118/><T135/><D135/><U130/><E39/><V67/><F82/><W128/><G128/><T94/><D94/><U52/><E83/><V102/><F102/><W57/><G57/><T97/><D97/><U55/><E130/><V1/><REACH who="2" step="1"/><F65/><REACH who="2" ten="140,240,230,360" step="2"/><W0/><G66/><T88/><D88/><U92/><E81/><V129/><F129/><W122/><G122/><T103/><D103/><U48/><E46/><V63/><F63/><W70/><G70/><T40/><D40/><U34/><E41/><V115/><F115/><W80/><G80/><T15/><AGARI ba="1,3" hai="2,3,6,9,12,15,17,22,72,73,75,76,77,78" machi="15" ten="40,8000,1" yaku="1,1,0,1,52,1,53,1" doraHai="19" doraHaiUra="14" who="0" fromWho="0" sc="140,113,240,-21,230,-41,360,-21" /><INIT seed="3,0,0,2,5,22" ten="253,219,189,339" oya="3" hai0="114,123,92,83,9,121,37,99,116,6,32,29,55" hai1="15,60,13,128,52,68,18,117,31,72,20,77,1" hai2="112,124,110,8,103,132,12,91,104,62,75,27,109" hai3="25,95,23,84,7,26,53,125,33,40,69,113,85"/><W24/><G113/><T135/><D116/><U61/><E1/><V122/><F112/><W98/><G33/><T46/><D114/><U115/><E115/><V108/><F75/><W71/><G125/><T21/><D135/><U86/><E72/><V94/><F132/><W48/><G71/><T35/><D21/><U56/><E128/><V74/><F74/><W30/><G69/><T66/><D66/><U93/><E117/><V19/><F124/><W76/><G40/><T44/><D55/><U73/><E73/><V14/><F122/><W11/><G23/><T102/><D83/><U89/><E31/><V51/><F51/><W118/><G30/><T2/><D37/><U96/><E68/><V90/><F104/><W28/><G28/><T41/><D41/><U16/><E61/><V70/><F27/><W3/><G76/><T42/><D42/><U87/><E77/><V126/><F12/><N who="3" m="5247" /><G118/><T107/><D107/><U127/><E127/><V47/><F47/><N who="3" m="27807" /><G3/><T43/><D43/><U78/><E78/><V4/><F4/><W58/><G58/><T38/><D38/><U81/><E81/><V129/><F126/><W134/><G134/><T120/><D35/><U131/><E131/><V101/><F129/><W130/><G130/><T88/><REACH who="0" step="1"/><D102/><AGARI ba="0,0" hai="24,25,26,84,85,95,98,102" m="27807,5247" machi="102" ten="30,11600,0" yaku="8,1,52,3" doraHai="22" who="3" fromWho="0" sc="253,-116,219,0,189,0,339,116" /><INIT seed="3,1,0,5,1,96" ten="137,219,189,455" oya="3" hai0="100,13,110,135,116,65,79,12,26,53,122,111,61" hai1="70,35,60,92,118,75,7,108,14,129,24,47,99" hai2="104,66,48,32,127,29,81,1,19,42,25,20,120" hai3="68,22,43,95,80,34,16,71,33,107,0,55,52"/><W58/><G107/><T15/><D116/><U3/><E75/><V57/><F127/><W126/><G0/><T113/><D122/><U132/><E3/><V49/><F120/><W27/><G126/><T124/><D124/><U123/><E123/><V54/><F1/><W84/><G43/><T45/><D135/><U44/><E132/><V5/><F5/><W62/><G95/><T18/><D113/><U105/><E108/><N who="0" m="41513" /><D79/><U97/><E97/><V87/><F104/><W46/><G46/><T4/><D4/><U10/><E129/><V21/><F66/><W28/><G55/><T89/><D89/><U40/><E105/><V88/><REACH who="2" step="1"/><F19/><REACH who="2" ten="137,219,179,455" step="2"/><W78/><REACH who="3" step="1"/><G34/><REACH who="3" ten="137,219,179,445" step="2"/><T8/><D65/><U85/><E35/><V23/><F23/><W2/><G2/><T103/><D8/><U128/><E10/><V102/><F102/><N who="0" m="38954" /><D18/><U77/><E7/><V56/><F56/><W101/><G101/><T133/><D133/><U64/><E64/><V39/><F39/><W134/><G134/><T73/><D73/><U31/><E118/><V17/><F17/><W76/><G76/><T91/><D91/><U37/><E77/><V112/><F112/><W74/><G74/><T115/><D115/><U121/><E121/><V11/><F11/><W94/><G94/><T93/><D93/><U109/><E92/><V41/><F41/><W6/><G6/><T67/><D67/><U9/><E40/><V125/><F125/><W36/><G36/><T86/><D86/><U131/><E85/><V119/><F119/><W98/><G98/><T59/><D45/><AGARI ba="1,2" hai="20,21,25,29,32,42,45,48,49,54,57,81,87,88" machi="45" ten="40,2600,0" yaku="1,1,54,1,53,0" doraHai="96" doraHaiUra="90" who="2" fromWho="0" sc="137,-29,219,0,179,49,445,0" /><INIT seed="4,0,0,5,2,48" ten="108,219,228,445" oya="0" hai0="124,107,64,5,50,17,59,40,88,106,134,110,125" hai1="132,78,80,83,71,111,25,70,126,44,90,30,89" hai2="95,15,51,31,47,36,130,0,119,35,6,135,73" hai3="20,9,53,101,56,37,3,117,87,2,103,8,118"/><T93/><D134/><U11/><E111/><V116/><F73/><W27/><G37/><T67/><D110/><U14/><E132/><V109/><F109/><W68/><G68/><T115/><D115/><U102/><E126/><N who="0" m="48745" /><D5/><U77/><E102/><V34/><F135/><W38/><G38/><T43/><D17/><U22/><E70/><V10/><F36/><W113/><G113/><T72/><D72/><U46/><E71/><V86/><F130/><W84/><G56/><T65/><D59/><U39/><E83/><V41/><F0/><W79/><G20/><T42/><D50/><U60/><E60/><V12/><F12/><W128/><G27/><T23/><D23/><U131/><E131/><V91/><REACH who="2" step="1"/><F31/><REACH who="2" ten="108,219,218,445" step="2"/><W94/><G128/><T66/><N who="0" m="16384" /><DORA hai="98" /><T74/><D74/><U57/><E39/><V58/><F58/><W96/><G3/><T19/><D19/><U122/><E57/><V99/><F99/><AGARI ba="0,1" hai="40,42,43,88,93,99,106,107" m="16384,48745" machi="99" ten="50,4800,0" yaku="18,1,54,1" doraHai="48,98" who="0" fromWho="2" sc="108,58,219,0,218,-48,445,0" /><INIT seed="4,1,0,2,3,56" ten="166,219,170,445" oya="0" hai0="20,122,47,110,129,125,61,69,99,121,27,33,76" hai1="23,40,133,42,11,66,79,78,116,44,45,0,124" hai2="60,73,72,77,10,21,37,15,53,57,26,8,36" hai3="96,101,3,119,17,93,95,106,13,64,18,94,48"/><T115/><D115/><U111/><E111/><V58/><F77/><W35/><G3/><T43/><D110/><U12/><E116/><V113/><F113/><W38/><G38/><T19/><D33/><U51/><E133/><V91/><F36/><W16/><G119/><T120/><D129/><U105/><E105/><V92/><F37/><W50/><G35/><T109/><D109/><U67/><E0/><V135/><F135/><W74/><G74/><T114/><D114/><U46/><E124/><V117/><F117/><W49/><REACH who="3" step="1"/><G64/><REACH who="3" ten="166,219,170,435" step="2"/><T65/><D125/><U5/><E67/><N who="2" m="39311" /><F72/><W70/><G70/><T75/><D122/><U59/><E66/><V102/><F73/><W112/><G112/><T132/><D132/><U25/><E42/><V30/><F15/><AGARI ba="1,1" hai="13,15,16,17,18,48,49,50,93,94,95,96,101,106" machi="15" ten="50,8000,1" yaku="1,1,29,2,54,1,53,0" doraHai="56" doraHaiUra="6" who="3" fromWho="2" sc="166,0,219,0,170,-83,435,93" /><INIT seed="5,0,0,4,1,67" ten="166,219,87,528" oya="1" hai0="47,9,123,26,52,119,69,66,23,40,49,110,30" hai1="68,36,124,1,58,25,86,55,96,126,50,62,91" hai2="5,90,31,24,95,108,35,33,129,22,53,19,105" hai3="75,120,121,77,134,59,73,76,16,39,21,4,48"/><U88/><E1/><V60/><F108/><W29/><G39/><T85/><D110/><U81/><E36/><V117/><F117/><W45/><G4/><T97/><D119/><U125/><E25/><V37/><F105/><W104/><G104/><T101/><D123/><U28/><E28/><V106/><F106/><W100/><G100/><T118/><D118/><U87/><E96/><V72/><F72/><W0/><G59/><T12/><D85/><U83/><E50/><V38/><F5/><W64/><G64/><T79/><D79/><U56/><E56/><V78/><F78/><W6/><G29/><T54/><D66/><U18/><E18/><V89/><F89/><W74/><G76/><T93/><REACH who="0" step="1"/><D69/><AGARI ba="0,0" hai="55,58,62,68,69,81,83,86,87,88,91,124,125,126" machi="69" ten="40,12000,1" yaku="9,1,18,1,52,2,54,1" doraHai="67" who="1" fromWho="0" sc="166,-120,219,120,87,0,528,0" /><INIT seed="5,1,0,2,0,46" ten="46,339,87,528" oya="1" hai0="33,63,5,39,81,83,119,11,90,51,118,106,67" hai1="86,93,107,29,45,9,19,100,87,89,94,126,125" hai2="80,104,61,73,38,113,85,135,7,0,75,91,27" hai3="53,22,42,12,48,26,127,96,134,23,10,37,88"/><U17/><E107/><V121/><F121/><W101/><G134/><T65/><D39/><U111/><E29/><V114/><F38/><W82/><G37/><T1/><D33/><U77/><E111/><V2/><F104/><W116/><G42/><T56/><D106/><U84/><E100/><V28/><F135/><W64/><G64/><T124/><D124/><N who="1" m="47723" /><E77/><V74/><F61/><W36/><G36/><T52/><D67/><U117/><E117/><V95/><F80/><W108/><G116/><T25/><D25/><U57/><E57/><V102/><F102/><W30/><G108/><T40/><D40/><U66/><E66/><V59/><F59/><N who="3" m="33191" /><G127/><T72/><D83/><U122/><E122/><V68/><F68/><W50/><G101/><T109/><D109/><U70/><E70/><V18/><F28/><W103/><G103/><T55/><D55/><U128/><E128/><V54/><F54/><W133/><G133/><T24/><D24/><U15/><E45/><V8/><F27/><W20/><G26/><T79/><REACH who="0" step="1"/><D90/><REACH who="0" ten="36,339,87,528" step="2"/><N who="1" m="53447" /><E87/><V129/><F85/><W14/><G30/><T3/><D3/><U76/><E76/><V98/><F2/><W123/><G123/><T131/><D131/><U78/><E78/><V44/><F129/><W13/><G82/><T35/><D35/><U47/><E47/><AGARI ba="1,1" hai="1,5,11,47,51,52,56,63,65,72,79,81,118,119" machi="47" ten="30,8000,1" yaku="1,1,7,1,52,1,54,1,53,1" doraHai="46" doraHaiUra="60" who="0" fromWho="1" sc="36,93,339,-83,87,0,528,0" /><INIT seed="6,0,0,4,1,85" ten="129,256,87,528" oya="2" hai0="91,111,101,87,89,107,57,9,3,80,105,13,102" hai1="93,12,16,10,64,128,124,36,23,5,75,123,47" hai2="130,134,35,81,4,119,54,30,84,76,126,121,117" hai3="14,58,125,73,20,129,59,112,77,131,66,29,72"/><V83/><F121/><W50/><G77/><T67/><D111/><U18/><E128/><V41/><F130/><W90/><G90/><N who="0" m="51559" /><D3/><U60/><E75/><V71/><F71/><W52/><G52/><T110/><D107/><U0/><E124/><V68/><F68/><W96/><G59/><T135/><D105/><U40/><E123/><V88/><F126/><W46/><G112/><T120/><D110/><U44/><E93/><V25/><F134/><W56/><G20/><T21/><D21/><U98/><E98/><V19/><F4/><W26/><G14/><T6/><D135/><U48/><E18/><V95/><F41/><W15/><G50/><T74/><D74/><U116/><E116/><V22/><F54/><W69/><G46/><T127/><D120/><U100/><E100/><N who="0" m="38505" /><D127/><U33/><E33/><V118/><REACH who="2" step="1"/><F76/><REACH who="2" ten="129,256,77,528" step="2"/><W27/><G125/><T109/><D109/><U62/><E64/><V122/><F122/><W53/><G53/><AGARI ba="0,1" hai="0,5,10,12,16,23,36,40,44,47,48,53,60,62" machi="53" ten="30,2000,0" yaku="7,1,54,1" doraHai="85" who="1" fromWho="3" sc="129,0,256,30,77,0,528,-20" /><INIT seed="7,0,0,0,1,51" ten="129,286,77,508" oya="3" hai0="66,134,65,126,60,28,125,98,105,56,122,40,87" hai1="2,99,52,55,50,114,118,1,107,6,15,124,33" hai2="48,103,44,130,113,80,91,71,115,36,23,27,76" hai3="67,81,8,132,96,93,123,9,102,22,106,43,42"/><W110/><G123/><T12/><D122/><U70/><E70/><V109/><F109/><W0/><G106/><T63/><D134/><U82/><E33/><V100/><F71/><W108/><G132/><T117/><D117/><U129/><E114/><V59/><F130/><W19/><G67/><T74/><D74/><U119/><E124/><N who="0" m="47721" /><D40/><N who="3" m="15401" /><G0/><T49/><D49/><U77/><E129/><V26/><F36/><W97/><G97/><T21/><D87/><U4/><E15/><V88/><F59/><W3/><G3/><T20/><D12/><U131/><E131/><V64/><F64/><N who="0" m="24682" /><D28/><U39/><E50/><V30/><F27/><N who="3" m="14815" /><G81/><T92/><D105/><U13/><E77/><V25/><F25/><W57/><G57/><T31/><D31/><U16/><E82/><V75/><F115/><W79/><G79/><T54/><D63/><U94/><E107/><V32/><F113/><W78/><G78/><T104/><D104/><U133/><E133/><V24/><F24/><W84/><G84/><T90/><AGARI ba="0,0" hai="20,21,54,56,60,90,92,98" m="24682,47721" machi="90" ten="30,2000,0" yaku="18,1,52,1" doraHai="51" who="0" fromWho="0" sc="129,20,286,-5,77,-5,508,-10" owari="149,-25.0,281,8.0,72,-43.0,498,60.0" /></mjloggm>