<mjloggm ver="2.3"><GO type="169" lobby="0"/><UN n0="%E8%8B%A6%E3%81%84%E5%BE%85%E3%81%A4" n1="%E3%82%B3%E3%82%AB%E3%83%A9%E3%82%A4%E3%82%A2" n2="%E3%81%BE%E3%82%8A%E3%81%B7%E3%81%85%E3%81%AE%E3%83%95%E3%82%A1%E3%83%B3" n3="%73%75%7A%75%6D%65%33" dan="17,17,16,17" rate="2197.88,2161.50,2095.71,2207.55" sx="M,M,M,M"/><TAIKYOKU oya="0"/><INIT seed="0,0,0,0,3,19" ten="250,250,250,250" oya="0" hai0="115,43,63,131,34,127,8,51,57,24,35,27,83" hai1="122,68,113,117,64,135,41,101,103,47,3,90,15" hai2="94,132,74,6,36,52,106,7,85,102,92,50,37" hai3="31,107,105,26,119,76,121,0,40,48,4,65,14"/><T62/><D115/><U97/><E117/><V71/><F74/><W130/><G119/><T42/><D131/><U125/><E3/><V109/><F109/><W75/><G0/><T45/><D127/><U72/><E122/><V128/><F128/><W79/><BYE who="2" /><G121/><T12/><D83/><U38/><E125/><V91/><F91/><W81/><G130/><T70/><D43/><U17/><E72/><V21/><F21/><UN n2="%E3%81%BE%E3%82%8A%E3%81%B7%E3%81%85%E3%81%AE%E3%83%95%E3%82%A1%E3%83%B3" /><W32/><G76/><T80/><D80/><U20/><E113/><V120/><F52/><W60/><G48/><T29/><D70/><U25/><E135/><V59/><F59/><W96/><G96/><T118/><D118/><U1/><E1/><V10/><F50/><W18/><G4/><T99/><D99/><U66/><E68/><V2/><F85/><W73/><G40/><T88/><D62/><U93/><REACH who="1" step="1"/><E25/><REACH who="1" ten="250,240,250,250" step="2"/><V112/><F132/><W9/><G73/><T123/><D27/><U100/><AGARI ba="0,1" hai="15,17,20,38,41,47,64,66,90,93,97,100,101,103" machi="100" ten="30,12000,2" yaku="1,1,2,1,0,1,52,1,53,3" doraHai="19" doraHaiUra="98" who="1" fromWho="1" sc="250,-60,240,130,250,-30,250,-30" /><INIT seed="1,0,0,2,0,62" ten="190,370,220,220" oya="1" hai0="22,114,70,21,41,49,111,2,37,17,64,125,128" hai1="48,73,72,69,86,8,105,76,67,35,56,29,108" hai2="107,52,28,112,19,16,60,113,126,31,100,81,102" hai3="75,88,18,26,85,5,59,45,10,123,121,14,24"/><U124/><E105/><V47/><F126/><W84/><G75/><T46/><D125/><U77/><E124/><V33/><F81/><W51/><G84/><T79/><D114/><N who="2" m="44138" /><F107/><W129/><G129/><T87/><D128/><U61/><E108/><V92/><F33/><W54/><G123/><T119/><D111/><U9/><E86/><V0/><F0/><W109/><G109/><T98/><D2/><U42/><E76/><V27/><F92/><W91/><G121/><T135/><D119/><U80/><E72/><V4/><F4/><W95/><G91/><T71/><D135/><U57/><E29/><N who="2" m="11339" /><F47/><W23/><REACH who="3" step="1"/><G45/><REACH who="3" ten="190,370,220,210" step="2"/><T116/><D46/><U97/><E73/><V65/><F102/><W103/><G103/><T89/><D116/><U20/><E77/><V36/><F100/><W118/><G118/><T38/><D79/><U106/><E97/><V1/><F1/><AGARI ba="0,1" hai="1,5,10,14,18,23,24,26,51,54,59,85,88,95" machi="1" ten="30,8000,1" yaku="1,1,7,1,25,2,54,1,53,0" doraHai="62" doraHaiUra="96" who="3" fromWho="2" sc="190,0,370,0,220,-80,210,90" /><INIT seed="2,0,0,1,2,39" ten="190,370,140,300" oya="2" hai0="45,112,120,75,128,46,122,50,22,16,96,110,114" hai1="69,33,79,106,87,127,67,15,24,95,21,82,97" hai2="41,6,118,77,107,32,2,26,29,103,30,48,12" hai3="54,10,55,14,28,4,78,117,76,58,119,57,134"/><V61/><F118/><W126/><G126/><T5/><D75/><U121/><E121/><V73/><F2/><W83/><G134/><T109/><D96/><U125/><E106/><V101/><F30/><W53/><G28/><T130/><D5/><U27/><E33/><V72/><F107/><W104/><G104/><T51/><D22/><U59/><E69/><V102/><F77/><W111/><G111/><T0/><D0/><U44/><E15/><V1/><F1/><W123/><G123/><T47/><D16/><U36/><E59/><V35/><F35/><W70/><G70/><T90/><D90/><U131/><E67/><V132/><F132/><W105/><G105/><T124/><D47/><U98/><E98/><V31/><F31/><W129/><G129/><T133/><D133/><U93/><E93/><V100/><N who="2" m="25600" /><DORA hai="63" /><V38/><F38/><W94/><G94/><T65/><REACH who="0" step="1"/><D65/><REACH who="0" ten="180,370,140,300" step="2"/><U34/><E44/><V49/><F73/><W64/><G64/><T43/><D43/><U81/><E97/><V74/><F41/><W68/><G119/><T17/><D17/><U8/><E21/><V19/><F6/><W20/><G20/><T99/><D99/><U3/><E3/><V62/><F72/><W40/><G40/><T86/><D86/><U7/><E87/><V71/><F74/><W108/><G117/><T56/><D56/><U91/><E7/><V80/><F71/><W37/><G68/><T52/><D52/><U23/><E91/><V89/><F89/><W11/><G58/><T135/><D135/><U113/><E23/><V60/><F80/><RYUUKYOKU ba="0,1" sc="180,15,370,-15,140,15,300,-15" hai0="45,46,50,51,109,110,112,114,120,122,124,128,130" hai2="12,19,26,29,32,48,49,60,61,62" /><INIT seed="2,1,1,0,2,115" ten="195,355,155,285" oya="2" hai0="109,57,40,104,99,89,79,134,113,91,71,25,54" hai1="37,63,97,44,16,53,33,31,82,38,107,117,43" hai2="47,68,12,84,102,95,120,81,124,67,129,8,48" hai3="96,61,29,106,78,94,49,64,36,116,83,17,73"/><V50/><F120/><W128/><G128/><T9/><D71/><U111/><E111/><V75/><F124/><W56/><G36/><T32/><D113/><U62/><E38/><V125/><F125/><W52/><G29/><T131/><D109/><U110/><E110/><V132/><F129/><W133/><G133/><T92/><D134/><U21/><E82/><V6/><F132/><W51/><G116/><T46/><D131/><U42/><E117/><V3/><F3/><W86/><G17/><T77/><D104/><U114/><E43/><V18/><F75/><W22/><G22/><T135/><D135/><U10/><E10/><V98/><F6/><W13/><G13/><T88/><D9/><U28/><E114/><V118/><F118/><W105/><G49/><N who="0" m="26823" /><D25/><U66/><E53/><V122/><F122/><W39/><G39/><T80/><D32/><U101/><E33/><V5/><F5/><W2/><G73/><T35/><D35/><U87/><E87/><V123/><F123/><W27/><G27/><T60/><D80/><U69/><REACH who="1" step="1"/><E63/><REACH who="1" ten="195,345,155,285" step="2"/><V4/><F4/><W1/><G1/><T126/><D126/><U26/><AGARI ba="1,2" hai="16,21,26,28,31,37,42,44,62,66,69,97,101,107" machi="26" ten="20,8000,1" yaku="1,1,2,1,0,1,7,1,54,1,53,0" doraHai="115" doraHaiUra="55" who="1" fromWho="1" sc="195,-21,345,103,155,-41,285,-21" /><INIT seed="3,0,0,5,1,73" ten="174,448,114,264" oya="3" hai0="133,6,102,68,32,62,112,77,26,45,69,88,14" hai1="37,110,116,119,48,60,49,122,131,93,11,47,7" hai2="96,9,29,4,27,2,58,82,44,115,5,28,15" hai3="71,108,80,72,3,107,123,30,34,33,13,89,130"/><W31/><G107/><T90/><D133/><U25/><E122/><V79/><F115/><W118/><G71/><T101/><D112/><U41/><E110/><V1/><F5/><W66/><G66/><T40/><D77/><U99/><E25/><V84/><F28/><W18/><G123/><T8/><D69/><U24/><E24/><V125/><F125/><W103/><G103/><T17/><D68/><U16/><E60/><V87/><F96/><W43/><G43/><T128/><D62/><U53/><E131/><V121/><F121/><W38/><G38/><T20/><D128/><U57/><E16/><V54/><F87/><W59/><G130/><T120/><D32/><U86/><E86/><V117/><F117/><W81/><G118/><N who="1" m="45098" /><E93/><V46/><F1/><W65/><G3/><T97/><D120/><U126/><E99/><V85/><F85/><N who="3" m="50343" /><G108/><T124/><D124/><U91/><E91/><N who="0" m="34857" /><D97/><U94/><E94/><V106/><F2/><W114/><G114/><T39/><D39/><U67/><E126/><V52/><F106/><W74/><G34/><T21/><D21/><U64/><E37/><V111/><F111/><W55/><G33/><T92/><D92/><U36/><E36/><V98/><F98/><W35/><G35/><T19/><D102/><U100/><E100/><V51/><F54/><W127/><G127/><T113/><D101/><U56/><E64/><V83/><F83/><W42/><G65/><T23/><D113/><U104/><E67/><V22/><AGARI ba="0,0" hai="4,9,15,22,27,29,44,46,51,52,58,79,82,84" machi="22" ten="20,8000,1" yaku="0,1,7,1,8,1,52,1,54,1" doraHai="73" who="2" fromWho="2" sc="174,-20,448,-20,114,80,264,-40" /><INIT seed="4,0,0,4,3,40" ten="154,428,194,224" oya="0" hai0="129,42,96,64,63,108,75,117,127,91,1,43,99" hai1="65,103,125,73,28,18,58,31,25,37,48,86,52" hai2="21,102,116,32,92,51,46,114,70,2,8,100,59" hai3="90,88,122,118,83,55,29,13,104,35,111,133,39"/><T87/><D1/><U44/><E73/><V71/><F32/><W95/><G104/><T77/><D117/><U113/><E125/><V82/><F114/><W105/><G105/><T22/><D127/><U20/><E113/><V62/><F116/><W10/><G118/><T107/><D129/><U30/><E103/><V11/><F82/><W0/><G0/><T89/><D108/><U54/><E37/><V66/><F2/><W17/><G111/><T124/><D124/><U23/><E86/><V119/><F119/><W38/><G133/><T85/><D22/><N who="1" m="13527" /><E65/><V109/><F70/><W47/><G122/><T106/><D64/><U120/><E120/><V131/><F71/><W50/><G29/><T19/><D75/><U110/><E110/><V24/><F131/><W80/><G35/><T130/><D130/><U49/><AGARI ba="0,0" hai="20,23,28,30,31,44,48,49,52,54,58" m="13527" machi="49" ten="30,4000,0" yaku="8,1,52,1,54,1" doraHai="40" who="1" fromWho="1" sc="154,-20,428,40,194,-10,224,-10" /><INIT seed="5,0,0,0,0,77" ten="134,468,184,214" oya="1" hai0="63,99,40,46,48,61,132,91,115,58,129,37,27" hai1="64,69,89,14,100,67,101,43,19,65,16,95,94" hai2="130,20,106,82,84,75,57,111,102,38,85,68,97" hai3="78,26,72,21,24,31,73,81,39,70,131,93,22"/><U51/><E69/><V9/><F111/><W6/><G70/><T120/><D115/><U96/><E94/><V76/><F68/><W59/><G131/><T0/><D129/><U103/><REACH who="1" step="1"/><E14/><REACH who="1" ten="134,458,184,214" step="2"/><V118/><F130/><W25/><G93/><T52/><D0/><U7/><E7/><V110/><F110/><W92/><G92/><T13/><D13/><U3/><E3/><V66/><F118/><W119/><G6/><T47/><D120/><U15/><E15/><V86/><F106/><W74/><G119/><T88/><D132/><U2/><E2/><V109/><F109/><W1/><G1/><T128/><D128/><U80/><E80/><V56/><F82/><W53/><G81/><T83/><D83/><U45/><AGARI ba="0,1" hai="16,19,43,45,51,64,65,67,89,95,96,100,101,103" machi="45" ten="40,12000,1" yaku="1,1,0,1,8,1,54,1,53,1" doraHai="77" doraHaiUra="36" who="1" fromWho="1" sc="134,-40,458,130,184,-40,214,-40" /><INIT seed="5,1,0,5,5,113" ten="94,588,144,174" oya="1" hai0="57,105,55,80,87,89,63,76,100,42,117,78,12" hai1="129,60,36,81,97,7,8,28,1,35,64,124,37" hai2="3,4,26,56,94,121,84,25,48,130,30,54,71" hai3="120,128,0,62,77,27,70,112,61,134,107,9,74"/><U15/><E129/><V95/><F121/><W43/><G43/><T135/><D117/><U11/><E124/><V108/><F108/><W18/><G77/><T5/><D135/><U132/><E132/><V82/><F71/><W52/><G27/><N who="2" m="10249" /><F3/><W122/><G9/><N who="0" m="4143" /><D105/><U111/><E28/><V104/><F104/><W131/><G107/><T67/><D100/><U47/><E35/><V53/><F4/><W51/><G0/><T33/><D33/><U90/><E47/><V19/><F19/><W93/><G18/><T116/><D42/><U20/><E20/><V85/><F85/><W2/><G74/><T58/><D116/><U22/><E22/><V123/><F30/><W106/><G106/><T49/><AGARI ba="1,0" hai="49,55,57,58,63,67,76,78,80,87,89" m="4143" machi="49" ten="30,1100,0" yaku="8,1" doraHai="113" who="0" fromWho="0" sc="94,14,588,-6,144,-4,174,-4" /><INIT seed="6,0,0,1,4,3" ten="108,582,140,170" oya="2" hai0="92,17,31,82,93,12,59,71,8,122,89,33,52" hai1="29,123,23,116,85,110,28,112,69,75,13,135,43" hai2="68,106,16,100,58,126,121,131,107,30,6,103,99" hai3="130,37,62,125,14,26,42,50,132,27,72,117,83"/><V95/><F121/><W104/><G37/><T79/><D122/><U46/><E85/><V22/><F68/><W94/><G104/><T21/><D71/><U7/><E13/><V49/><F30/><W38/><G38/><T32/><D31/><U114/><E23/><V54/><F126/><W78/><G117/><T65/><D65/><U124/><E46/><V53/><F131/><W134/><G130/><T76/><D21/><U97/><E43/><V115/><F115/><W113/><G113/><T36/><D36/><U0/><E97/><V39/><F39/><W81/><G125/><T35/><D89/><U118/><E69/><V55/><F6/><W19/><G83/><T4/><D17/><U111/><E7/><V61/><F103/><W129/><G129/><T41/><D41/><U105/><E75/><V86/><F86/><W5/><G94/><T84/><REACH who="0" step="1"/><D79/><REACH who="0" ten="98,582,140,170" step="2"/><U119/><E123/><V25/><REACH who="2" step="1"/><F54/><REACH who="2" ten="98,582,130,170" step="2"/><W51/><G5/><T109/><D109/><U102/><E29/><V60/><F60/><AGARI ba="0,2" hai="4,8,12,32,33,35,52,59,60,76,82,84,92,93" machi="60" ten="40,5200,0" yaku="1,1,52,1,54,1,53,0" doraHai="3" doraHaiUra="64" who="0" fromWho="2" sc="98,72,582,0,130,-52,170,0" /><INIT seed="7,0,0,3,0,91" ten="170,582,78,170" oya="3" hai0="39,92,59,116,0,62,82,117,15,32,111,124,41" hai1="49,129,112,52,31,10,121,26,103,27,8,13,68" hai2="25,134,102,119,99,56,53,70,30,74,114,73,28" hai3="131,106,130,79,17,94,38,133,115,18,107,33,110"/><W113/><G38/><T122/><D0/><U51/><E68/><V34/><F119/><W50/><G33/><T9/><D32/><U1/><E112/><N who="3" m="43082" /><G79/><T104/><D104/><N who="3" m="39977" /><G133/><T77/><D122/><U54/><E103/><V132/><F70/><W57/><G110/><T120/><D111/><U108/><E121/><V89/><F102/><W69/><G69/><T65/><D120/><U11/><E1/><V71/><F71/><W12/><G57/><T2/><D117/><U87/><E129/><N who="3" m="49162" /><G50/><T85/><D39/><U105/><E51/><V98/><F114/><W78/><G78/><T36/><D116/><U109/><E49/><V19/><F30/><W61/><G61/><T5/><D62/><U3/><E109/><V48/><F19/><N who="3" m="7179" /><G12/><T88/><D15/><U4/><E108/><V45/><F56/><W127/><G127/><T37/><D124/><U83/><E105/><V23/><F34/><W66/><G94/><T101/><D59/><U7/><E10/><V20/><F20/><W16/><N who="3" m="7187" /><W123/><DORA hai="118" /><G123/><T126/><D126/><U24/><E31/><V42/><F53/><W81/><G81/><T93/><D93/><U44/><E52/><V6/><F6/><W67/><AGARI ba="0,0" hai="66,67" m="7187,49162,39977,43082" machi="67" ten="50,12000,1" yaku="28,2,15,1,19,1,54,1" doraHai="91,118" who="3" fromWho="3" sc="170,-40,582,-40,78,-40,170,120" /><INIT seed="7,1,0,1,1,49" ten="130,542,38,290" oya="3" hai0="5,103,0,122,129,15,27,26,29,36,48,117,126" hai1="93,22,44,39,92,112,106,19,61,77,88,113,4" hai2="109,65,101,38,130,21,86,17,95,118,41,83,10" hai3="54,131,52,16,133,96,135,76,73,132,32,58,56"/><W80/><G32/><T124/><D36/><U78/><E106/><V6/><F118/><W59/><G131/><T94/><D117/><U134/><E4/><V31/><F109/><W125/><G125/><N who="0" m="48235" /><D129/><U98/><E134/><V11/><F31/><W1/><G1/><T8/><D122/><U102/><E61/><V110/><F110/><W119/><G119/><T13/><D48/><U127/><E127/><V123/><F123/><W37/><G37/><T121/><D121/><U74/><E74/><V111/><F111/><W67/><G67/><T12/><D29/><U107/><E107/><V7/><F65/><W40/><G40/><T100/><D100/><U60/><E60/><V9/><F130/><W25/><G96/><AGARI ba="1,0" hai="0,5,8,12,13,15,26,27,94,96,103" m="48235" machi="96" ten="30,1000,0" yaku="18,1" doraHai="49" who="0" fromWho="3" sc="130,13,542,0,38,0,290,-13" owari="143,-26.0,542,64.0,38,-46.0,277,8.0" /></mjloggm>