<mjloggm ver="2.3"><GO type="169" lobby="0"/><UN n0="%E5%8D%83%E7%BE%BD%E9%B4%89" n1="%E3%83%97%E3%83%AC%E3%82%B9%E3%83%97" n2="%E3%81%A7%E3%82%93%E3%81%A4%E3%81%86" n3="%E4%BA%8C%E3%81%93%E4%BA%8C%E3%81%93" dan="17,17,16,16" rate="2215.39,2190.53,2128.37,2073.87" sx="F,M,M,M"/><TAIKYOKU oya="0"/><INIT seed="0,0,0,2,5,67" ten="250,250,250,250" oya="0" hai0="23,131,127,30,88,24,9,62,135,100,68,41,117" hai1="35,33,27,90,45,91,57,73,118,54,102,1,72" hai2="70,85,95,76,37,3,129,86,69,53,65,18,106" hai3="17,121,79,80,87,5,61,110,84,94,16,6,119"/><T28/><D117/><U47/><E118/><V60/><F106/><W4/><G119/><T25/><D135/><U66/><E1/><V98/><F129/><W58/><G110/><T99/><D131/><U50/><E102/><V64/><F37/><W63/><G121/><T92/><D41/><U11/><E11/><V19/><F3/><W40/><G40/><T46/><D46/><U105/><E105/><V42/><F42/><W13/><G13/><T49/><D49/><U39/><E39/><V8/><F53/><W123/><G123/><T74/><D74/><U125/><E125/><V115/><F115/><W78/><G61/><T108/><D9/><U20/><E47/><V114/><F114/><W104/><G104/><T7/><D7/><U52/><E66/><V22/><F8/><W132/><G132/><T51/><D51/><U10/><E10/><V93/><F76/><W32/><G32/><T26/><D127/><U128/><E128/><V116/><F116/><W134/><G134/><T75/><D75/><U71/><E72/><V96/><F22/><W34/><G34/><T103/><D25/><U77/><E73/><V12/><F12/><W89/><REACH who="3" step="1"/><G79/><REACH who="3" ten="250,250,250,240" step="2"/><T55/><D108/><U38/><E77/><V59/><F60/><W48/><G48/><T31/><D24/><U43/><E35/><V14/><F14/><W97/><G97/><T44/><D26/><U56/><E33/><V111/><REACH who="2" step="1"/><F59/><REACH who="2" ten="250,250,240,240" step="2"/><W113/><G113/><T36/><D36/><U21/><E38/><V101/><F101/><W122/><G122/><T29/><N who="0" m="7168" /><DORA hai="82" /><T83/><D103/><RYUUKYOKU ba="0,2" sc="250,-15,250,-15,240,15,240,15" hai2="18,19,64,65,69,70,85,86,93,95,96,98,111" hai3="4,5,6,16,17,58,63,78,80,84,87,89,94" /><INIT seed="1,1,2,5,2,28" ten="235,235,255,255" oya="1" hai0="73,91,18,103,51,134,60,77,37,72,27,121,83" hai1="25,21,99,14,26,118,58,11,1,106,125,16,6" hai2="19,70,44,52,57,41,15,65,87,135,38,35,89" hai3="92,24,113,66,127,129,40,3,107,109,96,98,75"/><U29/><E118/><V33/><F135/><W45/><G113/><T46/><D37/><U132/><E132/><V53/><F70/><W62/><G109/><T115/><D134/><U67/><E125/><V48/><F53/><W78/><G127/><T68/><D115/><U5/><E5/><V8/><REACH who="2" step="1"/><F65/><REACH who="2" ten="235,235,245,255" step="2"/><W122/><G66/><T84/><D68/><U116/><E116/><V79/><F79/><W90/><G78/><T110/><D77/><U32/><E67/><V50/><F50/><W100/><G122/><T22/><D121/><U30/><E58/><V0/><F0/><W74/><G3/><T128/><D110/><U42/><E42/><V61/><F61/><W2/><G62/><T12/><D60/><U88/><E106/><V95/><AGARI ba="1,3" hai="8,15,19,33,35,38,41,44,48,52,57,87,89,95" machi="95" ten="20,12000,2" yaku="1,1,0,1,7,1,52,2,54,1,53,1" doraHai="28" doraHaiUra="71" who="2" fromWho="2" sc="235,-31,235,-61,245,153,255,-31" /><INIT seed="2,0,0,0,2,15" ten="204,174,398,224" oya="2" hai0="90,9,109,51,130,35,49,97,65,91,85,12,86" hai1="76,134,87,16,135,30,92,121,79,106,120,8,14" hai2="100,80,52,69,84,46,133,61,40,25,115,72,116" hai3="103,58,111,131,31,118,3,11,112,68,6,19,73"/><V70/><F115/><W105/><G68/><T5/><D109/><U10/><E106/><V59/><F116/><W117/><G73/><T18/><D130/><U94/><E30/><V53/><F72/><W20/><G103/><T21/><D35/><U95/><E8/><V107/><F133/><N who="1" m="50697" /><E87/><V41/><F53/><W123/><G105/><T33/><D33/><U42/><E42/><V22/><F100/><W64/><G123/><AGARI ba="0,0" hai="10,14,16,76,79,92,94,95,120,121,123" m="50697" machi="123" ten="40,8000,1" yaku="13,1,20,1,52,1,54,1" doraHai="15" who="1" fromWho="3" sc="204,0,174,80,398,0,224,-80" /><INIT seed="3,0,0,2,3,110" ten="204,254,398,144" oya="3" hai0="90,30,124,52,39,7,25,43,75,38,61,79,77" hai1="21,83,49,63,108,12,10,3,131,65,109,101,32" hai2="121,103,27,41,8,42,130,116,23,98,34,86,128" hai3="55,15,69,89,53,56,132,14,4,104,118,71,48"/><W66/><G118/><T107/><D124/><U129/><E101/><V91/><F34/><W18/><G132/><T5/><D107/><U85/><E32/><V114/><F8/><W64/><G104/><T9/><D90/><U45/><E21/><V95/><F114/><W33/><G33/><T117/><D117/><U87/><E3/><V19/><F121/><W134/><G134/><T112/><D112/><U73/><E73/><V60/><F60/><W37/><G37/><T113/><D113/><U47/><E85/><V111/><F111/><N who="1" m="42569" /><E63/><V74/><F74/><W54/><G89/><T126/><D126/><U0/><E65/><V17/><F17/><W22/><G71/><T36/><D5/><N who="1" m="3151" /><E0/><V135/><F135/><W120/><G120/><T2/><D75/><U92/><E92/><N who="2" m="58823" /><F116/><W80/><G69/><T70/><D70/><U62/><E62/><V1/><F1/><W100/><G100/><T46/><D77/><N who="1" m="46575" /><E47/><V106/><F106/><W59/><G80/><T35/><REACH who="0" step="1"/><D79/><REACH who="0" ten="194,254,398,144" step="2"/><U102/><E102/><V99/><F99/><W81/><G4/><T6/><D6/><U72/><E72/><V31/><F91/><W76/><G76/><T68/><D68/><U96/><E96/><V58/><F86/><W13/><G81/><T133/><D133/><U84/><E84/><V20/><F95/><W119/><G119/><T51/><D51/><U57/><E57/><AGARI ba="0,1" hai="2,7,9,25,30,35,36,38,39,43,46,52,57,61" machi="57" ten="40,2600,0" yaku="1,1,54,1,53,0" doraHai="110" doraHaiUra="115" who="0" fromWho="1" sc="194,36,254,-26,398,0,144,0" /><INIT seed="4,0,0,2,4,70" ten="230,228,398,144" oya="0" hai0="114,30,42,96,61,31,103,68,117,115,112,18,1" hai1="13,110,106,67,39,101,45,16,121,11,15,41,65" hai2="122,111,34,81,108,119,6,83,28,64,14,113,105" hai3="43,37,127,128,125,48,50,86,58,102,129,63,130"/><T7/><D117/><U47/><E121/><V91/><F105/><W9/><G9/><N who="0" m="2287" /><D18/><U73/><E110/><V4/><F122/><W131/><G102/><T118/><D118/><U89/><E73/><V5/><F119/><W23/><G23/><T22/><D22/><U29/><E29/><V98/><F64/><N who="3" m="39031" /><G86/><T97/><D42/><U116/><E116/><V92/><F108/><W93/><G93/><N who="0" m="58767" /><D97/><U35/><E35/><V66/><F66/><AGARI ba="0,0" hai="30,31,61,66,68,112,114,115" m="58767,2287" machi="66" ten="30,1500,0" yaku="15,1" doraHai="70" who="0" fromWho="2" sc="230,15,228,0,398,-15,144,0" /><INIT seed="4,1,0,2,1,109" ten="245,228,383,144" oya="0" hai0="103,97,22,29,122,125,133,33,47,117,132,30,89" hai1="131,129,68,34,16,75,79,12,85,35,63,74,77" hai2="119,101,130,126,121,40,32,60,57,7,107,51,110" hai3="135,100,116,0,92,14,42,54,55,87,90,19,23"/><T80/><D33/><U52/><E68/><V45/><F110/><W86/><G116/><T21/><D117/><U37/><E37/><V10/><F32/><W13/><G0/><T61/><D122/><U36/><E36/><V82/><F119/><W24/><G135/><N who="0" m="51787" /><D125/><U43/><E43/><V94/><F130/><N who="1" m="49673" /><E85/><V65/><F126/><W2/><G2/><T44/><D61/><U84/><E35/><V38/><F107/><W128/><G42/><T76/><D89/><U114/><E114/><V71/><F82/><W118/><G118/><T4/><D4/><U26/><E77/><V88/><F101/><W31/><G100/><T83/><D30/><N who="1" m="19799" /><E84/><V111/><F111/><W17/><G128/><T9/><D9/><N who="1" m="6159" /><E79/><V5/><F121/><W69/><G69/><T70/><D70/><U78/><E78/><V134/><F134/><W27/><G86/><N who="0" m="48391" /><D83/><U102/><E102/><V58/><F38/><W113/><G113/><T6/><D47/><U104/><E104/><V15/><F5/><W112/><G112/><T18/><D6/><U66/><E66/><V11/><F11/><W123/><G123/><T39/><D44/><U105/><E105/><V96/><AGARI ba="1,0" hai="7,10,15,40,45,51,57,58,60,65,71,88,94,96" machi="96" ten="20,2700,0" yaku="0,1,7,1,54,1" doraHai="109" who="2" fromWho="2" sc="245,-14,228,-8,383,30,144,-8" /><INIT seed="5,0,0,4,4,105" ten="231,220,413,136" oya="1" hai0="117,39,26,107,18,77,5,116,0,65,61,62,99" hai1="57,93,92,30,8,120,36,68,134,58,130,132,66" hai2="119,71,20,64,22,97,110,91,12,88,108,112,74" hai3="46,52,37,100,16,15,45,121,4,60,10,1,51"/><U103/><E120/><V135/><F119/><W98/><G121/><T109/><D61/><U90/><E36/><V67/><F74/><W76/><G76/><T13/><D109/><U14/><E130/><V102/><F135/><N who="1" m="51753" /><E30/><V80/><F112/><W27/><G27/><T40/><D40/><U126/><E126/><V70/><F12/><W131/><G131/><T104/><D39/><U75/><E75/><V87/><F102/><W19/><G60/><T43/><D43/><U11/><E68/><V125/><F87/><W69/><G69/><T113/><D113/><U96/><E66/><V122/><F80/><W94/><REACH who="3" step="1"/><G1/><REACH who="3" ten="231,220,413,126" step="2"/><T23/><D62/><U89/><E103/><V133/><F122/><W53/><G53/><T59/><D0/><U47/><E47/><V17/><F133/><W34/><G34/><T25/><D65/><U73/><E73/><V84/><F64/><W115/><G115/><T95/><D116/><U9/><E14/><V49/><F67/><W101/><G101/><T127/><D117/><U111/><E111/><V106/><F70/><W2/><G2/><T124/><D127/><U114/><E114/><V29/><F71/><W63/><G63/><T42/><D124/><U24/><E24/><V35/><F125/><W72/><G72/><T128/><D128/><U78/><E78/><V7/><F108/><W28/><G28/><T55/><D77/><U3/><E3/><V32/><F29/><W118/><G118/><T48/><D26/><U50/><E58/><V81/><F110/><W86/><G86/><T82/><D59/><U83/><E57/><RYUUKYOKU ba="0,1" sc="231,-10,220,-10,413,-10,126,30" hai3="4,10,15,16,19,37,45,46,51,52,94,98,100" /><INIT seed="6,1,1,1,5,1" ten="221,210,403,156" oya="2" hai0="9,6,60,66,22,127,62,15,18,40,47,78,118" hai1="103,19,42,16,21,88,38,25,122,93,113,85,24" hai2="54,80,69,64,107,104,71,132,90,109,31,29,27" hai3="101,99,84,125,12,110,112,2,100,51,81,67,131"/><V95/><F132/><W61/><G2/><T86/><D127/><U57/><E113/><V32/><F109/><W89/><G110/><T72/><D118/><U36/><E122/><V123/><F31/><W20/><G125/><T134/><D134/><U44/><E103/><V65/><F123/><W98/><G131/><T77/><D72/><U11/><E57/><V70/><F80/><W55/><G112/><T13/><D86/><U82/><E93/><V96/><REACH who="2" step="1"/><F54/><REACH who="2" ten="221,210,393,156" step="2"/><W117/><G117/><T63/><REACH who="0" step="1"/><D66/><AGARI ba="1,2" hai="27,29,32,64,65,66,69,70,71,90,95,96,104,107" machi="66" ten="40,3900,0" yaku="1,1,2,1,53,0" doraHai="1" doraHaiUra="115" who="2" fromWho="0" sc="221,-42,210,0,393,62,156,0" /><INIT seed="6,2,0,2,0,117" ten="179,210,455,156" oya="2" hai0="123,120,115,133,24,27,17,122,20,25,21,107,110" hai1="86,72,60,51,114,2,55,36,39,45,89,37,53" hai2="50,129,8,48,91,99,46,118,56,109,15,127,82" hai3="81,64,108,26,30,69,119,124,85,68,111,61,12"/><V57/><F118/><W105/><G119/><T83/><D107/><U38/><E72/><V66/><F129/><W130/><G130/><T79/><D110/><U71/><E2/><V6/><F127/><W103/><G124/><T76/><D115/><U59/><E114/><V32/><F32/><W92/><G68/><T35/><D133/><U54/><E89/><V10/><F109/><W104/><G12/><T84/><D35/><U52/><E86/><V1/><F66/><W101/><G92/><T23/><D17/><U47/><E71/><V42/><F50/><W134/><G134/><T95/><D95/><U49/><N who="1" m="9216" /><DORA hai="100" /><U132/><E132/><V128/><F128/><W34/><G103/><T63/><D63/><U87/><E87/><V33/><F33/><W28/><G28/><T65/><D65/><AGARI ba="2,0" hai="45,47,49,51,52,53,54,55,59,60,65" m="9216" machi="65" ten="70,16000,3" yaku="9,1,35,6,54,1" doraHai="117,100" who="1" fromWho="0" sc="179,-166,210,166,455,0,156,0" /><INIT seed="7,0,0,2,4,52" ten="13,376,455,156" oya="3" hai0="78,106,58,74,15,69,103,10,53,105,83,61,77" hai1="98,60,88,31,94,91,24,3,38,123,49,93,35" hai2="36,82,29,112,23,55,4,19,113,5,84,27,75" hai3="101,30,81,80,12,127,6,0,47,104,44,85,20"/><W129/><G0/><T40/><D103/><U25/><E123/><V2/><F75/><W28/><G129/><T79/><D79/><U26/><E38/><V66/><F36/><W14/><G127/><T43/><D43/><U90/><E3/><V39/><F39/><W115/><G115/><N who="2" m="44105" /><F2/><W72/><G72/><T89/><D78/><U73/><E73/><V41/><F41/><W65/><G65/><T1/><D69/><U110/><E110/><V37/><F37/><W32/><G32/><T70/><D40/><U21/><E35/><N who="2" m="20927" /><F55/><W68/><G68/><T57/><D70/><U96/><E91/><N who="2" m="51607" /><F66/><W135/><G135/><T33/><D33/><U107/><E107/><V92/><F92/><W117/><G117/><T126/><D126/><U121/><E121/><V13/><AGARI ba="0,0" hai="4,5,13,19,23" m="51607,20927,44105" machi="13" ten="30,1100,0" yaku="15,1" doraHai="52" who="2" fromWho="2" sc="13,-3,376,-3,455,11,156,-5" owari="10,-49.0,373,17.0,466,57.0,151,-25.0" /></mjloggm>