<mjloggm ver="2.3"><GO type="169" lobby="0"/><UN n0="%E3%81%8B%E3%81%A5%E3%81%8D%EF%BC%B8%EF%BC%A9" n1="%6B%61%7A%75%2D" n2="%E3%81%AD%E3%81%87" n3="%E3%81%8B%E3%81%A4%E3%81%A9%E3%82%93" dan="17,17,17,17" rate="2116.19,2167.64,2200.83,2215.33" sx="M,M,M,F"/><TAIKYOKU oya="0"/><INIT seed="0,0,0,4,5,128" ten="250,250,250,250" oya="0" hai0="70,43,19,91,135,113,90,79,0,86,100,57,18" hai1="118,134,9,52,16,112,102,131,120,119,26,81,87" hai2="115,94,7,97,20,127,2,88,125,93,17,110,89" hai3="62,33,61,30,60,13,76,103,114,47,28,6,21"/><T75/><D70/><U58/><E120/><V130/><F115/><W41/><G114/><T8/><D113/><U117/><E112/><V46/><F46/><W1/><G33/><T64/><D100/><U22/><E131/><V5/><F130/><W71/><G1/><T69/><D69/><U38/><E38/><V78/><F78/><W50/><G71/><T129/><D43/><U85/><E134/><V66/><F66/><W84/><G103/><T48/><D129/><U121/><E121/><V122/><F122/><W44/><G44/><T39/><D39/><U45/><E45/><V37/><F37/><W55/><G55/><T68/><D68/><U54/><E102/><V72/><F72/><W56/><G56/><T3/><D75/><U95/><E9/><V27/><F110/><W51/><G51/><T25/><D3/><U14/><E26/><V32/><F32/><W29/><G21/><T123/><D123/><U96/><E96/><V126/><REACH who="2" step="1"/><F2/><REACH who="2" ten="250,250,240,250" step="2"/><W106/><G106/><T111/><D0/><U35/><E35/><V109/><F109/><W124/><G124/><T107/><D111/><U101/><E119/><V36/><F36/><W15/><REACH who="3" step="1"/><G6/><REACH who="3" ten="250,250,240,240" step="2"/><T34/><D34/><U73/><E118/><V65/><F65/><W53/><G53/><T82/><D64/><U98/><E117/><V67/><F67/><W74/><G74/><T108/><D108/><U63/><REACH who="1" step="1"/><E54/><REACH who="1" ten="250,240,240,240" step="2"/><V40/><F40/><W42/><G42/><T10/><D25/><U104/><E104/><V133/><F133/><W92/><G92/><T77/><D135/><U132/><E132/><RYUUKYOKU ba="0,3" sc="250,-30,240,10,240,10,240,10" hai1="14,16,22,52,58,63,73,81,85,87,95,98,101" hai2="5,7,17,20,27,88,89,93,94,97,125,126,127" hai3="13,15,28,29,30,41,47,50,60,61,62,76,84" /><INIT seed="1,1,3,1,3,54" ten="220,250,250,250" oya="1" hai0="71,93,112,89,110,29,95,91,70,69,113,22,26" hai1="74,39,115,80,11,68,30,123,32,37,55,96,111" hai2="50,18,86,1,63,73,7,2,134,66,4,109,116" hai3="31,24,51,34,36,19,47,100,40,0,81,135,6"/><U14/><E123/><V103/><F73/><W84/><G135/><T102/><D102/><U42/><E115/><V97/><F116/><W131/><G131/><T3/><D3/><U17/><E68/><V94/><F134/><W119/><G119/><T8/><D8/><U101/><E42/><V130/><F109/><W28/><G100/><T90/><REACH who="0" step="1"/><D110/><REACH who="0" ten="210,250,250,250" step="2"/><U79/><E111/><V16/><F130/><W129/><G129/><T107/><D107/><U85/><E32/><V106/><F2/><W78/><G0/><T61/><D61/><U41/><E30/><V46/><F106/><W76/><G6/><N who="2" m="2089" /><F1/><W48/><G28/><T105/><D105/><U9/><E9/><V133/><F133/><W62/><G62/><T33/><D33/><U45/><E101/><V117/><F117/><W75/><REACH who="3" step="1"/><G19/><REACH who="3" ten="210,250,250,240" step="2"/><T25/><D25/><U114/><E17/><V98/><F18/><W87/><G87/><T59/><D59/><U64/><E85/><V35/><F16/><W44/><G44/><T99/><D99/><U127/><E96/><V77/><F97/><W65/><G65/><T49/><D49/><N who="1" m="26799" /><E64/><V104/><F66/><W56/><G56/><T108/><D108/><U121/><E11/><V92/><F63/><W52/><G52/><T21/><D21/><U124/><E55/><N who="2" m="30167" /><F35/><W15/><G15/><T43/><D43/><U88/><E14/><V60/><F60/><W67/><G67/><T23/><D23/><U122/><E122/><V118/><F118/><W20/><G20/><T58/><D58/><U53/><E121/><V82/><F103/><W128/><G128/><RYUUKYOKU ba="1,5" sc="210,10,250,-30,250,10,240,10" hai0="22,26,29,69,70,71,89,90,91,93,95,112,113" hai2="77,82,86,92,94,98,104" hai3="24,31,34,36,40,47,48,51,75,76,78,81,84" /><INIT seed="2,2,5,1,4,106" ten="220,220,260,250" oya="2" hai0="15,64,129,123,105,96,57,61,88,69,47,108,20" hai1="17,60,99,44,132,80,45,13,93,89,33,12,22" hai2="59,24,81,101,71,26,46,131,118,63,1,112,34" hai3="107,11,5,28,7,119,87,130,29,128,103,124,41"/><V25/><F1/><W0/><G119/><T4/><D108/><U19/><E33/><V23/><F71/><W48/><G124/><T8/><D123/><U135/><E60/><V70/><F70/><W117/><G117/><T111/><D111/><U77/><E135/><V18/><F118/><W97/><G7/><T49/><D129/><N who="3" m="49769" /><G87/><T10/><D69/><U127/><E132/><V115/><F131/><W65/><G65/><T51/><D105/><U110/><E127/><V113/><F46/><AGARI ba="2,5" hai="0,5,11,28,29,41,46,48,97,103,107" m="49769" machi="46" ten="30,1000,0" yaku="19,1" doraHai="106" who="3" fromWho="2" sc="220,0,220,0,260,-16,250,66" /><INIT seed="3,0,0,0,3,64" ten="220,220,244,316" oya="3" hai0="128,9,117,40,0,76,6,87,121,57,74,54,62" hai1="105,127,106,48,37,110,79,29,1,27,23,65,26" hai2="102,59,17,107,42,20,120,103,129,7,132,44,123" hai3="55,82,35,83,28,50,80,47,124,32,130,134,12"/><W119/><G119/><T67/><D117/><U51/><E37/><V115/><F115/><W22/><G130/><T97/><D128/><U109/><E1/><V122/><F7/><W34/><G134/><T16/><D121/><U68/><E79/><V92/><F107/><N who="1" m="40969" /><E127/><V15/><F129/><W14/><REACH who="3" step="1"/><G124/><REACH who="3" ten="220,220,244,306" step="2"/><T73/><D74/><U13/><E110/><V60/><F132/><W3/><G3/><T108/><D73/><U31/><E109/><V4/><F120/><W70/><G70/><T90/><D108/><U96/><E68/><V41/><F122/><W49/><G49/><T24/><D0/><U38/><E51/><V66/><F123/><W30/><G30/><T88/><D40/><U114/><E48/><N who="2" m="26647" /><F41/><W118/><G118/><T100/><D67/><U43/><E65/><V18/><F66/><W25/><AGARI ba="0,1" hai="12,14,22,25,28,32,34,35,47,50,55,80,82,83" machi="25" ten="40,7800,0" yaku="1,1,0,1,53,1" doraHai="64" doraHaiUra="21" who="3" fromWho="3" sc="220,-26,220,-26,244,-26,306,88" /><INIT seed="3,1,0,4,5,68" ten="194,194,218,394" oya="3" hai0="67,21,121,55,20,118,56,62,42,114,19,74,4" hai1="99,113,31,49,54,87,122,12,71,24,109,60,102" hai2="36,0,18,90,80,8,88,81,7,9,100,6,96" hai3="69,91,134,29,50,132,5,46,117,45,135,104,33"/><W111/><G117/><T108/><D108/><U92/><E122/><V133/><F18/><W105/><G69/><T47/><D74/><U93/><E113/><V14/><F133/><W52/><G111/><T110/><D118/><U28/><E109/><V98/><F0/><W1/><G91/><T38/><D121/><U44/><E24/><V130/><F100/><W82/><G82/><T73/><D73/><U85/><E71/><V43/><F130/><W131/><G131/><T39/><D114/><U125/><E125/><V16/><F43/><W3/><G46/><T116/><D116/><U2/><E2/><N who="3" m="522" /><G5/><T13/><D4/><U23/><E60/><V64/><F64/><W89/><G89/><T112/><D112/><U123/><E123/><V72/><F72/><W57/><G57/><T26/><D110/><U126/><E126/><V51/><F51/><W95/><G95/><T63/><D63/><U70/><E70/><V94/><F16/><W27/><AGARI ba="1,0" hai="27,29,33,45,50,52,104,105,132,134,135" m="522" machi="27" ten="40,3900,0" yaku="20,1,54,1" doraHai="68" who="3" fromWho="3" sc="194,-14,194,-14,218,-14,394,42" /><INIT seed="3,2,0,0,3,89" ten="180,180,204,436" oya="3" hai0="15,28,4,125,67,111,93,126,51,59,65,44,105" hai1="86,29,37,107,64,76,92,33,97,49,114,104,54" hai2="130,42,74,124,46,85,39,13,132,57,34,106,122" hai3="73,71,10,82,80,78,99,6,0,72,118,75,43"/><W70/><G118/><T133/><D105/><U103/><E114/><V83/><F122/><W11/><G43/><T88/><D28/><U7/><E37/><V30/><F124/><N who="0" m="47722" /><D111/><U134/><E134/><V116/><F116/><W55/><G55/><N who="0" m="30183" /><D59/><U23/><E33/><V45/><F130/><W1/><G99/><N who="0" m="57767" /><D133/><U127/><E127/><V17/><F106/><W63/><G63/><T119/><D119/><U48/><E64/><V90/><F57/><W41/><G41/><T50/><D50/><U61/><E61/><V25/><F46/><W27/><G71/><T40/><D40/><U21/><E49/><V91/><F132/><W123/><G70/><T53/><D53/><U62/><E62/><V131/><F131/><W9/><G123/><T22/><D22/><N who="1" m="8203" /><E29/><V112/><F112/><W26/><G10/><AGARI ba="2,0" hai="4,10,15,65,67" m="57767,30183,47722" machi="10" ten="30,3900,0" yaku="18,1,52,1,54,1" doraHai="89" who="0" fromWho="3" sc="180,45,180,0,204,0,436,-45" /><INIT seed="4,0,0,1,1,59" ten="225,180,204,391" oya="0" hai0="107,18,102,104,37,70,115,66,122,80,53,74,43" hai1="48,98,5,20,31,97,109,130,28,34,99,14,95" hai2="123,84,19,69,77,96,54,21,131,101,129,132,134" hai3="65,57,86,64,61,76,73,60,15,87,0,17,91"/><T83/><D122/><U113/><E109/><V79/><F69/><W41/><G0/><T1/><D53/><U63/><E130/><N who="2" m="49675" /><F54/><W112/><G112/><T55/><D55/><U81/><E113/><V3/><F3/><W90/><G41/><T29/><D18/><N who="1" m="10327" /><E34/><V106/><F123/><W45/><G45/><T42/><D102/><U26/><E5/><V8/><F8/><N who="3" m="6375" /><G73/><T24/><D1/><U51/><E81/><N who="2" m="47167" /><F77/><W22/><G22/><T103/><D37/><U58/><E95/><V135/><F21/><W50/><G50/><N who="1" m="18986" /><E26/><V36/><F19/><W68/><G68/><T127/><D24/><U25/><E25/><V93/><F36/><W85/><G76/><T10/><D70/><U33/><E33/><V40/><F40/><W11/><G11/><T52/><D10/><U46/><E46/><V23/><F23/><W110/><G110/><T78/><D42/><U89/><E89/><N who="3" m="33802" /><G57/><T118/><D43/><U119/><E119/><V111/><F111/><W49/><G49/><T88/><D118/><U114/><E114/><V125/><F93/><W105/><G105/><T94/><D107/><U16/><E16/><V62/><F62/><AGARI ba="0,0" hai="60,61,62,64,65,85,86,87" m="33802,6375" machi="62" ten="30,7700,0" yaku="8,1,52,3" doraHai="59" who="3" fromWho="2" sc="225,0,180,0,204,-77,391,77" /><INIT seed="5,0,0,2,0,2" ten="225,180,127,468" oya="1" hai0="68,21,82,43,17,18,87,65,78,129,67,85,42" hai1="1,41,115,20,99,100,80,73,89,28,55,66,75" hai2="46,3,4,118,0,98,121,23,57,122,38,133,114" hai3="9,6,119,71,127,64,62,19,124,15,94,59,16"/><U72/><E115/><V112/><F118/><W102/><G119/><T123/><D68/><U108/><E108/><V47/><F23/><W25/><G71/><T44/><D129/><U51/><E41/><N who="0" m="15369" /><D44/><U53/><E66/><N who="0" m="25097" /><D123/><U13/><E1/><V79/><F57/><W120/><G120/><T128/><D128/><U35/><E35/><V54/><F98/><N who="3" m="59735" /><G25/><T106/><D106/><U5/><E89/><V61/><F79/><W135/><G135/><T7/><D85/><U58/><E80/><V32/><F61/><W97/><G97/><T74/><D74/><U12/><E55/><V105/><F105/><W96/><G96/><T109/><D109/><U134/><E134/><V81/><F81/><W92/><G92/><T45/><D45/><U69/><E69/><V103/><F133/><W24/><G24/><N who="0" m="14383" /><D18/><U11/><E28/><V30/><F30/><W27/><G27/><T113/><D113/><U26/><E26/><V40/><F32/><W90/><G19/><T132/><D132/><U101/><E101/><V117/><F117/><W29/><G29/><T130/><D130/><U8/><E20/><V37/><F103/><W36/><G36/><T131/><D131/><U56/><E56/><V86/><F86/><W22/><G16/><T39/><D39/><U31/><E31/><V14/><F54/><W60/><G22/><T104/><D104/><U33/><E33/><V70/><F70/><W116/><G116/><T110/><D110/><U125/><E100/><V10/><F121/><W107/><G107/><T63/><D63/><U49/><E75/><V126/><F122/><RYUUKYOKU ba="0,0" sc="225,30,180,-10,127,-10,468,-10" hai0="7,78,82,87" /><INIT seed="6,1,0,1,3,131" ten="255,170,117,458" oya="2" hai0="92,76,113,31,71,42,5,44,46,94,85,98,99" hai1="115,14,40,68,54,30,95,35,6,109,9,17,75" hai2="25,117,49,87,78,123,37,56,24,39,129,72,16" hai3="88,122,134,64,79,28,41,22,15,20,51,34,101"/><V132/><F72/><W45/><G134/><T29/><D71/><U2/><E109/><V97/><F117/><W47/><G122/><T73/><D5/><U81/><E68/><V63/><F123/><W36/><G79/><T90/><D73/><U33/><E115/><V107/><F129/><W55/><G101/><T103/><D113/><U93/><E40/><V58/><F132/><W59/><G15/><T120/><D120/><U128/><E128/><V65/><F39/><W21/><G34/><T106/><D46/><U118/><E118/><V80/><F37/><W121/><G121/><T4/><D4/><U27/><E35/><V60/><F49/><N who="3" m="26799" /><G88/><T11/><D11/><U124/><E124/><V114/><F114/><W82/><G36/><T133/><D133/><U62/><E54/><V19/><F107/><W52/><G82/><N who="0" m="47303" /><D106/><U104/><E104/><V10/><F97/><W91/><G91/><T57/><D57/><U3/><E62/><V96/><F96/><W89/><G89/><T61/><D61/><U13/><E81/><V70/><F70/><W1/><G1/><T8/><D8/><U105/><E75/><V100/><F100/><W0/><G0/><N who="1" m="42" /><E105/><V126/><F126/><W112/><G112/><T127/><D127/><U84/><E84/><V38/><F38/><W74/><G74/><T18/><D98/><U111/><E111/><V102/><F102/><W69/><G69/><T108/><D108/><U26/><E95/><V130/><F130/><W83/><G83/><T48/><D94/><U135/><E93/><V110/><F110/><W23/><G47/><RYUUKYOKU ba="1,0" sc="255,0,170,0,117,0,458,0" /><INIT seed="7,2,0,2,3,120" ten="255,170,117,458" oya="3" hai0="31,59,21,75,43,125,127,22,81,25,92,122,89" hai1="90,77,33,107,47,30,11,130,28,78,3,70,135" hai2="36,133,53,57,114,52,134,8,110,6,105,48,100" hai3="123,129,39,45,91,55,34,27,40,14,66,99,106"/><W88/><G123/><T17/><D122/><U103/><E47/><V111/><F36/><W72/><G72/><T82/><D43/><U109/><E109/><N who="2" m="41483" /><F114/><W46/><G66/><T13/><D59/><U49/><E49/><V32/><F32/><W116/><G116/><T23/><D23/><U102/><E33/><V132/><F100/><W119/><G106/><T0/><D0/><U76/><E70/><V35/><F35/><W60/><G14/><T4/><D4/><U37/><E37/><V131/><F105/><W63/><G55/><T1/><D1/><U54/><E103/><V84/><F84/><W5/><G5/><T7/><D7/><U124/><E102/><V62/><F131/><W61/><G45/><T93/><D75/><U15/><E130/><V24/><F24/><W64/><G64/><T65/><D65/><U86/><E86/><V85/><F85/><W97/><G61/><T101/><D101/><U56/><E107/><V74/><F74/><W118/><G46/><T20/><D92/><U12/><E3/><N who="2" m="95" /><F53/><W79/><G34/><T126/><D25/><U41/><E54/><V44/><F44/><W104/><G39/><T16/><D93/><U2/><E2/><V98/><F62/><W67/><G129/><T115/><D115/><U38/><E38/><V73/><F73/><W26/><G104/><T83/><D126/><U42/><E124/><V51/><F51/><W10/><G118/><T87/><D127/><U58/><E42/><V128/><F128/><W71/><G119/><T121/><D125/><U80/><E41/><V69/><F69/><RYUUKYOKU ba="2,0" sc="255,-10,170,-10,117,30,458,-10" hai2="48,52,57,98,132,133,134" owari="245,5.0,160,-24.0,147,-35.0,448,54.0" /></mjloggm>