<mjloggm ver="2.3"><GO type="169" lobby="0"/><UN n0="%E8%88%AC%E5%8D%93%E6%B0%91%E3%81%AE%E6%9C%9D%E3%81%AF%E6%97%A9%E3%81%84" n1="%4B%69%7A%75%6E%65%72" n2="%7A%65%52%6F" n3="%E5%A4%A9%E6%9C%88%E3%82%81%E3%81%90%E3%82%8B" dan="17,17,18,17" rate="2215.90,2189.62,2179.03,2164.09" sx="M,F,M,F"/><TAIKYOKU oya="0"/><INIT seed="0,0,0,2,3,20" ten="250,250,250,250" oya="0" hai0="40,28,69,114,104,25,3,129,80,1,112,110,70" hai1="41,14,5,65,99,24,39,116,101,57,12,38,82" hai2="130,48,4,76,74,0,49,124,66,135,64,128,21" hai3="56,53,68,115,62,32,34,31,78,27,105,6,36"/><T83/><D40/><U59/><E116/><V30/><F74/><W102/><G36/><T72/><D83/><U89/><E41/><V103/><F76/><W13/><G115/><T118/><D118/><U51/><E82/><V100/><F4/><W97/><G78/><N who="0" m="44103" /><D104/><U60/><E89/><V133/><F21/><W121/><G121/><T43/><D43/><U16/><E39/><V23/><F23/><W18/><G34/><N who="0" m="20751" /><D129/><N who="2" m="49770" /><F30/><W106/><G68/><N who="0" m="26219" /><D110/><U58/><E38/><V132/><F0/><AGARI ba="0,0" hai="0,1,3,112,114" m="26219,20751,44103" machi="0" ten="30,2900,0" yaku="23,1,52,1" doraHai="20" who="0" fromWho="2" sc="250,29,250,0,250,-29,250,0" /><INIT seed="0,1,0,0,4,84" ten="279,250,221,250" oya="0" hai0="58,48,112,31,68,33,122,108,130,2,41,46,80" hai1="63,64,53,66,131,57,101,22,120,25,45,81,96" hai2="99,38,17,82,55,98,77,83,78,19,14,110,107" hai3="115,103,128,89,5,28,40,109,92,15,52,0,100"/><T44/><D2/><U27/><E120/><V87/><F110/><W75/><G75/><T4/><D122/><U29/><E131/><V76/><F38/><W6/><G115/><T133/><D112/><U47/><E81/><V135/><F135/><W26/><G109/><T94/><D108/><U67/><REACH who="1" step="1"/><E27/><REACH who="1" ten="279,240,221,250" step="2"/><V85/><F78/><W30/><G128/><T73/><D80/><U88/><E88/><V54/><F107/><AGARI ba="1,1" hai="22,25,29,45,47,53,57,63,64,66,67,96,101,107" machi="107" ten="40,2600,0" yaku="1,1,53,1" doraHai="84" doraHaiUra="51" who="1" fromWho="2" sc="279,0,240,39,221,-29,250,0" /><INIT seed="1,0,0,3,2,3" ten="279,279,192,250" oya="1" hai0="99,27,75,40,21,10,41,82,62,113,101,46,114" hai1="55,117,134,56,74,79,1,107,91,20,43,57,32" hai2="87,86,6,65,64,69,53,13,133,92,127,71,105" hai3="73,35,22,85,118,121,34,90,132,33,50,12,70"/><U9/><E117/><V15/><F105/><W48/><G121/><T77/><D41/><U124/><E32/><V16/><F127/><W29/><G73/><T78/><D78/><U96/><E124/><V95/><F53/><W18/><G70/><T111/><D111/><U61/><E134/><V28/><F28/><W0/><G132/><T58/><D10/><U125/><E125/><V5/><F133/><W30/><G0/><T112/><D112/><U123/><E123/><V129/><REACH who="2" step="1"/><F16/><REACH who="2" ten="279,279,182,250" step="2"/><W44/><G29/><T2/><D113/><U26/><E55/><V60/><F60/><W98/><G30/><T19/><D114/><U80/><E61/><V116/><F116/><W119/><G118/><T102/><D62/><U94/><E107/><V81/><F81/><W104/><G119/><T130/><D82/><U67/><E67/><V93/><F93/><W83/><G104/><T45/><D19/><U63/><E63/><V115/><F115/><W38/><G18/><T126/><D126/><U42/><E42/><V76/><F76/><W14/><G83/><T108/><D77/><U24/><E43/><V122/><F122/><W131/><G131/><AGARI ba="0,1" hai="5,6,13,15,64,65,69,71,86,87,92,95,129,131" machi="131" ten="25,8000,1" yaku="1,1,22,2,52,2,53,0" doraHai="3" doraHaiUra="7" who="2" fromWho="3" sc="279,0,279,0,182,90,250,-80" /><INIT seed="2,0,0,1,1,119" ten="279,279,272,170" oya="2" hai0="98,132,64,80,109,36,131,103,112,133,128,70,18" hai1="22,9,93,68,31,46,91,99,71,86,4,39,61" hai2="117,102,124,44,130,90,21,95,78,135,101,19,104" hai3="123,45,38,32,16,57,43,83,37,89,56,47,79"/><V77/><F117/><W94/><G32/><T24/><D36/><U82/><E31/><V127/><F44/><W65/><G65/><T92/><D64/><U13/><E61/><V17/><F21/><W115/><G115/><T54/><D70/><U15/><E39/><V33/><F17/><W11/><G38/><T116/><D116/><U60/><E60/><V2/><F19/><W1/><G45/><T88/><D112/><U74/><E74/><V134/><F2/><W14/><G123/><T55/><D109/><U42/><E22/><V121/><F104/><W0/><G0/><T10/><D24/><U106/><E106/><V20/><F20/><W122/><G122/><T107/><D18/><U87/><E15/><V75/><F121/><W111/><G111/><T3/><D10/><U40/><E86/><N who="2" m="52695" /><F130/><N who="0" m="49706" /><D3/><U105/><E105/><V110/><F110/><W58/><G1/><T8/><D8/><U63/><E46/><V23/><F23/><W113/><G113/><T114/><D114/><U30/><E30/><V34/><F34/><W41/><G41/><T26/><D26/><U72/><E72/><V52/><F75/><W35/><G35/><T126/><D107/><U108/><E108/><V59/><F33/><W69/><G69/><T5/><D5/><U51/><E71/><V53/><F53/><W97/><REACH who="3" step="1"/><G58/><REACH who="3" ten="279,279,272,160" step="2"/><T29/><D29/><U129/><E129/><V81/><F59/><W12/><G12/><T25/><D25/><U85/><E68/><V62/><F52/><N who="0" m="20010" /><D126/><U73/><E13/><V7/><F124/><W125/><G125/><T67/><D67/><RYUUKYOKU ba="0,1" sc="279,15,279,-15,272,-15,160,15" hai0="80,88,92,98,103,132,133" hai3="11,14,16,37,43,47,56,57,79,83,89,94,97" /><INIT seed="3,1,1,4,2,58" ten="294,264,257,175" oya="3" hai0="116,123,54,68,91,103,4,17,122,10,124,7,79" hai1="135,85,133,29,94,114,30,95,53,12,106,89,57" hai2="32,39,1,74,38,72,23,69,24,87,80,59,41" hai3="45,35,51,60,25,84,78,76,128,63,16,11,110"/><W109/><G128/><T31/><D116/><U20/><E114/><V21/><F69/><W86/><G35/><T2/><D124/><U61/><E106/><V97/><F32/><W77/><G11/><T5/><D103/><U129/><E129/><V98/><F1/><W67/><G25/><T126/><D79/><U36/><E36/><V48/><F72/><W131/><G131/><T104/><D104/><U14/><E94/><V125/><F74/><W15/><G15/><N who="1" m="5674" /><E20/><V70/><F70/><W93/><G16/><T44/><D68/><U13/><N who="1" m="5682" /><U19/><DORA hai="18" /><E19/><V107/><F21/><W121/><G121/><T99/><D17/><U127/><E127/><V3/><F3/><W134/><G134/><AGARI ba="1,1" hai="29,30,53,57,61,85,89,95,133,134,135" m="5682" machi="134" ten="40,2600,0" yaku="20,1,52,1" doraHai="58,18" who="1" fromWho="3" sc="294,0,264,39,257,0,175,-29" /><INIT seed="4,0,0,4,4,53" ten="294,303,257,146" oya="0" hai0="118,48,57,4,127,85,100,94,63,109,133,3,116" hai1="18,38,121,42,7,68,117,82,102,16,113,129,108" hai2="122,40,59,97,5,10,6,84,131,88,81,58,105" hai3="135,33,2,13,96,86,98,123,112,70,34,36,134"/><T61/><D3/><U103/><E68/><V50/><F122/><W67/><G2/><T54/><D4/><U45/><E121/><V49/><F131/><W69/><G123/><T17/><D127/><U14/><E117/><V35/><F35/><N who="3" m="13323" /><G36/><T72/><D72/><U20/><E108/><V104/><F104/><W65/><G86/><T115/><D109/><U37/><E129/><V99/><F105/><W0/><G13/><T24/><D133/><N who="3" m="50697" /><G0/><T126/><D126/><U89/><E113/><V19/><F19/><W8/><G8/><T76/><D115/><U107/><E7/><N who="2" m="2571" /><F10/><W47/><G47/><T128/><D128/><U29/><E29/><V77/><F77/><W9/><G9/><T114/><D114/><U27/><E38/><V23/><F23/><W62/><G112/><T28/><D116/><U41/><E41/><V15/><F15/><W95/><G95/><T125/><D125/><U44/><E107/><V132/><F132/><W92/><G92/><T93/><D118/><U110/><E110/><V39/><F39/><W87/><G87/><T32/><D17/><U91/><E42/><V73/><F73/><W31/><G31/><T106/><D106/><U64/><E37/><V26/><F26/><W66/><G62/><N who="0" m="23563" /><D100/><U119/><E103/><V46/><F49/><W124/><G124/><T12/><D12/><N who="1" m="9223" /><E102/><V111/><F111/><W101/><G101/><T71/><D71/><AGARI ba="0,0" hai="65,66,67,69,70,71,96,98" m="50697,13323" machi="71" ten="40,5200,0" yaku="28,2,20,1" doraHai="53" who="3" fromWho="0" sc="294,-52,303,0,257,0,146,52" /><INIT seed="5,0,0,0,1,96" ten="242,303,257,198" oya="1" hai0="83,27,116,21,92,127,35,12,126,31,42,117,86" hai1="74,106,1,38,15,80,51,89,135,123,13,111,4" hai2="76,19,98,9,45,6,46,53,61,40,11,99,65" hai3="115,82,30,64,20,91,94,2,29,72,110,134,109"/><U125/><E123/><V101/><F76/><W17/><G2/><T54/><D42/><U34/><E34/><V100/><F53/><W66/><G115/><T58/><D92/><U112/><E38/><V128/><F128/><W14/><G134/><T119/><D12/><U97/><E51/><V28/><F28/><W32/><G110/><T70/><D70/><U79/><E13/><V44/><F40/><W88/><G109/><T71/><D71/><U113/><E15/><V23/><F99/><W69/><G72/><T75/><D75/><U131/><E111/><V103/><F98/><N who="3" m="57671" /><G32/><T18/><D35/><U39/><E125/><N who="0" m="47625" /><D31/><N who="3" m="11785" /><G69/><T36/><D36/><U133/><E39/><V8/><F6/><W10/><G20/><T50/><D119/><U24/><E131/><V130/><F130/><W62/><G62/><T77/><AGARI ba="0,0" hai="18,21,27,50,54,58,77,83,86,116,117" m="47625" machi="77" ten="30,1100,0" yaku="18,1" doraHai="96" who="0" fromWho="0" sc="242,11,303,-5,257,-3,198,-3" /><INIT seed="6,0,0,0,4,81" ten="253,298,254,195" oya="2" hai0="89,26,16,113,67,57,48,78,23,50,112,102,131" hai1="36,72,76,34,106,11,18,41,74,4,24,2,44" hai2="118,98,35,100,103,87,9,0,22,94,27,111,28" hai3="37,75,29,93,121,54,85,88,32,91,79,65,19"/><V33/><F118/><W39/><G121/><T84/><D131/><U130/><E130/><V77/><F111/><W47/><G75/><T59/><D78/><U49/><E49/><N who="0" m="19049" /><D102/><U15/><E106/><V69/><F69/><W46/><G37/><T107/><D107/><U127/><E127/><V128/><F128/><W17/><G39/><T122/><D122/><U14/><E14/><V123/><F123/><W104/><G104/><T1/><D1/><U3/><E3/><V10/><F103/><W125/><G79/><T40/><D67/><U82/><E74/><V56/><F56/><W51/><G65/><T7/><D7/><U43/><E43/><V105/><F0/><W116/><G116/><T129/><D40/><U135/><E135/><V92/><F105/><W97/><G125/><T70/><D70/><U38/><E38/><V115/><F115/><N who="0" m="44106" /><D129/><U80/><E76/><V132/><F132/><W55/><G46/><T30/><D30/><N who="1" m="19783" /><E72/><V126/><F126/><W8/><G54/><T68/><D68/><U45/><E45/><V99/><F35/><W114/><G114/><T64/><D64/><U13/><E2/><V133/><F33/><W52/><G55/><T60/><D60/><U96/><E44/><V119/><F119/><W21/><G32/><T42/><D42/><U73/><E41/><V25/><F133/><W12/><G29/><T95/><AGARI ba="0,0" hai="16,23,26,57,59,84,89,95" m="44106,19049" machi="95" ten="30,4000,0" yaku="15,1,52,1,54,1" doraHai="81" who="0" fromWho="0" sc="253,40,298,-10,254,-20,195,-10" /><INIT seed="7,0,0,3,3,5" ten="293,288,234,185" oya="3" hai0="117,80,55,22,12,125,114,49,88,28,23,4,73" hai1="122,53,17,135,93,27,2,51,46,118,134,108,42" hai2="110,18,86,8,19,64,102,52,90,111,130,124,72" hai3="32,3,87,6,78,20,38,33,96,1,50,107,57"/><W14/><G38/><T132/><D117/><U79/><E108/><V95/><F72/><W128/><G1/><T82/><D125/><U29/><E122/><V126/><F64/><W115/><G115/><T10/><D114/><U81/><E118/><V85/><F102/><W75/><G75/><T65/><D132/><N who="1" m="50731" /><E2/><V31/><F31/><W63/><G128/><T11/><D65/><U89/><E17/><V47/><F85/><W112/><G112/><T24/><D73/><N who="1" m="43247" /><E53/><V13/><F19/><W98/><G3/><T34/><D34/><N who="1" m="20799" /><E93/><V35/><F35/><W39/><G107/><T120/><D120/><U74/><E74/><V30/><F30/><W15/><G33/><T60/><D23/><U70/><E89/><V54/><F130/><W45/><G32/><T0/><D88/><U91/><E91/><V48/><REACH who="2" step="1"/><F54/><REACH who="2" ten="293,288,224,185" step="2"/><N who="3" m="34231" /><G39/><T129/><D129/><U67/><E67/><V113/><F113/><W16/><G78/><T105/><D28/><U68/><AGARI ba="0,1" hai="42,46,51,68,70" m="20799,43247,50731" machi="68" ten="30,1100,0" yaku="20,1" doraHai="5" who="1" fromWho="1" sc="293,-3,288,21,224,-3,185,-5" owari="290,9.0,309,41.0,221,-18.0,180,-32.0" /></mjloggm>