<mjloggm ver="2.3"><GO type="225" lobby="0"/><UN n0="%59%4F%55%E5%BE%80%4D%59%E9%80%B2%21" n1="%73%75%7A%75%6D%65%33" n2="%E8%8F%B1%E5%B7%9D%E6%85%8E%E5%90%BE" n3="%E5%8F%AF%E5%85%90%E9%82%A3%E7%94%B1%E5%A4%9A" dan="16,17,16,17" rate="2095.87,2218.17,2131.97,2222.09" sx="M,M,M,F"/><TAIKYOKU oya="0"/><INIT seed="0,0,0,0,5,84" ten="250,250,250,250" oya="0" hai0="132,101,56,42,126,109,2,50,104,80,134,46,45" hai1="59,26,7,86,55,64,15,123,87,128,8,6,106" hai2="122,3,73,34,74,135,62,114,120,79,21,133,52" hai3="5,61,121,83,92,44,10,9,99,1,66,67,71"/><T119/><D119/><U93/><E106/><V102/><F34/><W0/><G121/><T72/><D2/><U108/><E123/><V75/><F3/><W111/><G111/><T36/><D109/><U125/><E108/><V53/><F114/><W76/><G66/><T88/><D126/><U16/><E125/><V68/><F102/><W91/><G44/><T29/><D29/><U32/><E128/><V63/><F79/><W24/><G24/><T131/><D131/><U77/><E64/><V51/><F21/><W70/><G9/><T40/><D56/><U35/><E35/><V113/><F113/><W127/><G127/><T25/><D25/><U57/><E57/><V33/><F33/><W116/><G116/><T103/><D104/><U4/><E77/><V13/><F13/><W78/><G78/><T39/><D39/><U105/><E105/><V60/><F68/><W18/><G18/><T49/><D36/><U129/><E129/><V12/><F12/><W130/><G130/><T117/><D117/><U38/><E38/><V100/><F100/><W37/><G37/><T41/><D41/><U110/><E110/><V14/><F14/><W112/><G112/><T31/><D31/><N who="1" m="19575" /><E93/><V22/><F22/><W17/><G17/><T27/><D27/><U58/><E58/><N who="2" m="33055" /><F53/><W89/><G1/><T95/><D72/><U94/><E94/><V69/><F69/><W96/><G71/><T19/><D19/><U20/><E20/><V28/><F28/><W81/><G76/><T107/><D107/><U23/><E23/><V65/><F65/><W48/><G48/><AGARI ba="0,0" hai="4,6,7,8,15,16,48,55,59,86,87" m="19575" machi="48" ten="30,2000,0" yaku="6,1,54,1" doraHai="84" who="1" fromWho="3" sc="250,0,250,20,250,0,250,-20" /><INIT seed="1,0,0,3,0,54" ten="250,270,250,230" oya="1" hai0="95,91,48,45,72,50,113,100,44,30,33,11,104" hai1="125,62,77,10,47,38,133,49,51,1,82,69,0" hai2="63,112,26,85,58,71,124,20,56,88,134,84,135" hai3="94,130,2,12,123,28,119,97,53,32,128,79,55"/><U64/><E133/><N who="2" m="50699" /><F124/><W46/><G2/><T59/><D113/><U114/><E114/><V117/><F112/><W31/><G123/><T7/><D72/><N who="1" m="43303" /><E0/><V108/><F108/><W52/><G119/><T42/><D104/><U39/><E125/><V15/><F15/><W98/><G79/><T36/><D100/><U116/><E39/><V3/><F3/><W127/><G127/><T19/><D19/><U75/><E75/><V27/><F85/><W16/><G46/><T83/><D83/><U23/><E23/><V120/><F120/><W87/><G32/><T122/><D122/><U86/><E86/><V110/><F110/><W93/><G128/><T29/><D33/><U67/><E67/><N who="2" m="41471" /><F117/><W35/><G130/><T41/><D11/><U74/><E74/><V13/><F13/><W34/><G34/><T115/><D115/><U17/><E17/><N who="2" m="12559" /><F27/><W92/><G87/><T14/><D14/><U6/><E116/><V109/><F109/><W70/><G70/><T37/><D7/><U61/><E61/><V4/><F4/><W5/><G5/><T81/><D30/><N who="3" m="11305" /><G35/><T73/><D29/><U65/><E65/><V8/><F8/><AGARI ba="0,0" hai="8,12,16,52,53,55,92,93,94,97,98" m="11305" machi="8" ten="30,3900,0" yaku="8,1,54,2" doraHai="54" who="3" fromWho="2" sc="250,0,270,0,250,-39,230,39" /><INIT seed="2,0,0,3,4,79" ten="250,270,211,269" oya="2" hai0="63,68,91,26,111,98,94,106,89,12,58,7,48" hai1="22,134,6,25,81,31,126,28,117,50,23,132,42" hai2="0,56,104,13,108,11,110,92,93,39,49,97,87" hai3="32,105,114,18,121,135,62,34,47,83,65,74,71"/><V38/><F0/><W72/><G121/><T41/><D106/><U119/><E42/><V8/><F104/><W86/><G105/><T113/><D113/><U24/><E50/><V102/><F11/><W122/><G122/><T60/><D68/><U85/><E6/><V59/><F39/><W100/><G100/><T44/><D111/><N who="2" m="42538" /><F38/><W27/><G114/><T77/><D77/><U64/><E64/><V5/><F49/><W130/><G130/><T120/><D120/><U95/><E95/><V129/><F129/><W78/><G135/><N who="1" m="51754" /><E126/><V53/><F53/><W3/><G3/><T133/><D133/><U46/><E46/><V69/><F69/><W124/><G47/><T20/><D60/><U54/><E54/><V33/><F33/><W101/><G124/><T9/><D63/><U127/><E127/><V17/><F5/><W45/><G45/><T30/><REACH who="0" step="1"/><D58/><REACH who="0" ten="240,270,211,269" step="2"/><U118/><E118/><V43/><F43/><W107/><G107/><T115/><D115/><U109/><E109/><V75/><F75/><W82/><G72/><T125/><D125/><U103/><E119/><V73/><F73/><W14/><G74/><T4/><D4/><U21/><E117/><V67/><F67/><W55/><G65/><T61/><D61/><U96/><E28/><V66/><F66/><W2/><G71/><T123/><D123/><U51/><E31/><V52/><F52/><W15/><G55/><T90/><AGARI ba="0,1" hai="7,9,12,20,26,30,41,44,48,89,90,91,94,98" machi="90" ten="20,8000,1" yaku="1,1,0,1,7,1,8,1,53,1" doraHai="79" doraHaiUra="36" who="0" fromWho="0" sc="240,90,270,-20,211,-40,269,-20" /><INIT seed="3,0,0,1,3,130" ten="330,250,171,249" oya="3" hai0="114,129,21,76,93,128,11,81,70,62,58,133,100" hai1="22,115,96,127,1,35,84,113,66,43,85,116,122" hai2="101,80,99,121,51,57,14,61,12,17,5,24,110" hai3="98,79,126,104,120,16,6,28,112,124,30,131,73"/><W20/><G120/><T36/><D133/><U77/><E35/><V23/><F110/><W74/><G112/><T106/><D106/><U39/><E122/><V41/><F121/><W13/><G131/><N who="0" m="50251" /><D36/><U55/><E39/><V123/><F123/><W135/><G135/><T34/><D34/><U9/><E116/><V111/><F111/><W48/><G6/><T44/><D114/><U54/><E1/><V53/><F80/><N who="3" m="45167" /><G74/><N who="0" m="43159" /><D21/><U92/><E22/><V2/><F2/><W72/><G72/><T60/><D44/><U42/><E115/><V89/><F5/><W97/><G48/><T64/><D11/><U33/><E9/><V65/><F89/><W7/><G7/><T75/><D75/><U108/><E108/><V26/><F41/><W109/><G109/><T3/><D3/><U117/><E113/><V52/><F26/><W19/><G19/><T86/><D86/><U132/><E84/><V90/><F90/><W25/><G104/><T68/><D62/><U4/><E132/><V119/><F119/><W78/><G78/><T102/><D93/><U29/><E92/><V69/><REACH who="2" step="1"/><F53/><REACH who="2" ten="330,250,161,249" step="2"/><W0/><G0/><T49/><D102/><U8/><E117/><V56/><F56/><W31/><G25/><T103/><D103/><U27/><E27/><V40/><F40/><W47/><G47/><T59/><D100/><U67/><E42/><V82/><F82/><W107/><G30/><T134/><D134/><U38/><E43/><V94/><AGARI ba="0,1" hai="12,14,17,23,24,51,52,57,61,65,69,94,99,101" machi="94" ten="20,8000,1" yaku="1,1,0,1,7,1,54,1,53,1" doraHai="130" doraHaiUra="46" who="2" fromWho="2" sc="330,-20,250,-20,161,90,249,-40" owari="310,41.0,230,-17.0,251,5.0,209,-29.0" /></mjloggm>