<mjloggm ver="2.3"><GO type="169" lobby="0"/><UN n0="%61%6E%6C%75%6E" n1="%E6%AD%8C%E8%88%9E%E4%BC%8E%E5%90%9B" n2="%E3%81%8A%E7%9F%A5%E3%82%89%E3%81%9B" n3="%E3%83%88%E3%82%B7%E3%83%95%E3%83%BC%E3%83%8B" dan="16,16,19,18" rate="2113.00,2102.90,2324.75,2222.39" sx="M,M,M,M"/><TAIKYOKU oya="0"/><INIT seed="0,0,0,0,1,27" ten="250,250,250,250" oya="0" hai0="20,5,78,52,120,68,91,104,86,74,75,41,43" hai1="93,15,105,132,62,119,72,71,97,117,6,14,83" hai2="29,76,45,99,23,92,90,89,1,60,95,77,49" hai3="42,7,33,122,51,17,32,108,85,57,98,46,101"/><T3/><D120/><U28/><E105/><V70/><F1/><W129/><G122/><T50/><D68/><U47/><E47/><V22/><F70/><W124/><G108/><T113/><D113/><U54/><E6/><V128/><F60/><W65/><G129/><T19/><D104/><U8/><E132/><V2/><F2/><W111/><G111/><T130/><D130/><U38/><E38/><V87/><F128/><W56/><G124/><T67/><D67/><U121/><E121/><V39/><F39/><W21/><G7/><T53/><D78/><N who="2" m="30314" /><F29/><W106/><G85/><T114/><D114/><U40/><E28/><V102/><F90/><W96/><G96/><T123/><D123/><U13/><E97/><V73/><F73/><W18/><G18/><T107/><D107/><U58/><E71/><V82/><F82/><W116/><G116/><T84/><D3/><U12/><E83/><V30/><F30/><W118/><G118/><T81/><D5/><U44/><E72/><V80/><F80/><W59/><REACH who="3" step="1"/><G65/><REACH who="3" ten="250,250,250,240" step="2"/><T135/><D86/><U4/><E119/><V103/><F103/><W25/><AGARI ba="0,1" hai="17,21,25,32,33,42,46,51,56,57,59,98,101,106" machi="25" ten="30,4000,0" yaku="1,1,2,1,0,1,53,0" doraHai="27" doraHaiUra="10" who="3" fromWho="3" sc="250,-20,250,-10,250,-10,240,50" /><INIT seed="1,0,0,5,4,121" ten="230,240,240,290" oya="1" hai0="49,57,3,125,21,53,100,81,64,128,63,1,11" hai1="37,119,33,95,127,51,102,74,2,129,59,69,43" hai2="77,110,47,99,90,6,79,97,18,131,14,113,117" hai3="28,25,120,7,4,62,96,111,54,65,32,46,106"/><U92/><E2/><V105/><F117/><W5/><G120/><T48/><D125/><U36/><E33/><V116/><F116/><W26/><G26/><T52/><D128/><U41/><E92/><V70/><F70/><W112/><G112/><T87/><D100/><U89/><E102/><V103/><F131/><W40/><G54/><T109/><D109/><U114/><E74/><V118/><F118/><W31/><G31/><T126/><D126/><U42/><E69/><V15/><F113/><W19/><G19/><T83/><D11/><U122/><E122/><V9/><F47/><W91/><G111/><T58/><D21/><U78/><E119/><V123/><F123/><W60/><G60/><T72/><D72/><U93/><E93/><V76/><F90/><W66/><G66/><T56/><D83/><U88/><E89/><AGARI ba="0,0" hai="1,3,48,49,52,53,56,57,58,63,64,81,87,89" machi="89" ten="30,3900,0" yaku="7,1,9,1,54,1" doraHai="121" who="0" fromWho="1" sc="230,39,240,-39,240,0,290,0" /><INIT seed="2,0,0,0,2,88" ten="269,201,240,290" oya="2" hai0="17,85,50,83,99,26,52,32,84,94,117,5,74" hai1="41,35,33,68,58,128,76,0,49,38,34,3,112" hai2="105,16,60,129,135,91,75,107,70,95,72,126,133" hai3="28,62,31,121,47,57,73,42,132,11,10,131,106"/><V96/><F70/><W64/><G121/><T134/><D134/><N who="2" m="51210" /><F60/><W48/><G132/><T120/><D120/><U113/><E68/><V115/><F115/><W39/><G73/><N who="2" m="28233" /><F129/><W9/><G106/><N who="2" m="40457" /><F16/><W21/><G131/><T23/><D5/><U93/><E128/><V81/><F81/><W67/><G67/><T53/><D117/><U65/><E113/><V114/><F114/><W55/><REACH who="3" step="1"/><G21/><REACH who="3" ten="269,201,240,280" step="2"/><T102/><D32/><U13/><E65/><V122/><F122/><W104/><G104/><T101/><D74/><U51/><E34/><V36/><F36/><W80/><G80/><T69/><D83/><U71/><E33/><V116/><F116/><W82/><G82/><T86/><D69/><AGARI ba="0,1" hai="9,10,11,28,31,39,42,47,48,55,57,62,64,69" machi="69" ten="40,5200,0" yaku="1,1,24,2,53,0" doraHai="88" doraHaiUra="2" who="3" fromWho="0" sc="269,-52,201,0,240,0,280,62" /><INIT seed="3,0,0,0,3,84" ten="217,201,240,342" oya="3" hai0="0,127,74,97,106,56,99,51,26,86,25,123,5" hai1="6,54,90,43,135,133,10,78,112,101,107,3,83" hai2="91,68,115,11,82,33,113,20,108,32,98,131,48" hai3="73,62,41,57,36,15,129,52,76,122,125,34,85"/><W116/><G116/><T94/><D123/><U77/><E112/><V53/><F68/><W102/><G122/><T59/><D127/><U61/><E43/><V67/><F67/><W13/><G73/><T47/><D74/><U118/><E118/><V65/><F65/><W1/><G1/><T55/><D0/><U27/><E101/><V23/><F108/><W37/><G34/><T17/><D5/><U14/><E107/><V105/><F131/><W40/><G125/><T109/><D109/><U124/><E124/><V38/><F38/><W87/><G102/><T119/><D119/><U7/><E27/><N who="0" m="10249" /><D17/><U93/><E54/><V79/><F11/><W39/><G129/><T58/><D106/><U21/><E61/><V42/><F42/><W95/><G76/><T128/><D128/><U69/><E69/><V110/><F110/><W117/><G117/><T103/><D103/><U63/><E63/><V50/><F50/><W114/><G114/><T9/><D9/><N who="1" m="4415" /><E83/><V70/><F70/><W81/><G41/><T19/><D19/><U31/><E21/><N who="2" m="8267" /><F105/><W80/><G40/><T75/><D75/><U18/><E18/><V35/><F113/><W8/><G15/><T44/><D47/><U100/><E100/><V64/><F115/><W28/><G28/><T88/><AGARI ba="0,0" hai="44,51,55,56,58,59,86,88,94,97,99" m="10249" machi="88" ten="30,4000,0" yaku="8,1,52,1,54,1" doraHai="84" who="0" fromWho="0" sc="217,40,201,-10,240,-10,342,-20" /><INIT seed="4,0,0,0,2,92" ten="257,191,230,322" oya="0" hai0="64,48,37,68,17,134,33,69,105,9,72,22,67" hai1="34,108,91,126,125,26,52,45,50,71,7,83,42" hai2="59,78,101,2,114,97,4,77,0,99,30,39,46" hai3="14,38,60,123,49,122,109,127,104,29,41,3,65"/><T55/><D72/><U94/><E71/><V95/><F114/><W89/><G3/><T135/><D33/><U119/><E119/><V57/><F30/><W82/><G104/><T53/><D105/><U103/><E108/><V115/><F115/><W100/><G100/><T56/><D9/><U93/><E7/><V87/><F39/><W84/><G109/><T120/><D120/><N who="3" m="46121" /><G29/><T1/><D1/><U107/><E83/><V25/><F46/><N who="3" m="25807" /><G38/><T32/><D32/><U118/><E118/><V20/><F4/><W54/><G14/><T132/><D37/><U124/><E42/><V12/><F12/><W15/><G15/><T31/><D31/><N who="1" m="19831" /><E91/><N who="2" m="53759" /><F101/><W131/><G127/><N who="1" m="48714" /><E107/><V96/><F0/><W21/><G21/><T24/><D69/><U111/><E111/><V23/><F2/><W40/><G40/><T113/><D68/><U130/><E103/><V61/><F59/><N who="3" m="34935" /><G65/><T80/><D113/><U85/><E126/><V133/><F133/><W110/><G110/><T5/><D5/><U90/><E130/><AGARI ba="0,0" hai="82,84,89,130,131" m="34935,25807,46121" machi="130" ten="30,1000,0" yaku="13,1" doraHai="92" who="3" fromWho="1" sc="257,0,191,-10,230,0,322,10" /><INIT seed="5,0,0,1,2,132" ten="257,181,230,332" oya="1" hai0="61,23,21,37,70,29,66,104,32,53,5,57,49" hai1="105,44,84,110,86,6,34,90,55,112,121,63,51" hai2="41,59,92,11,108,14,87,16,31,15,96,119,116" hai3="95,122,7,62,54,79,33,111,40,71,17,30,25"/><U48/><E121/><V69/><F69/><W82/><G122/><T109/><D109/><U129/><E105/><V103/><F108/><W125/><G111/><T75/><D75/><U101/><E110/><V97/><F31/><W2/><G40/><T39/><D5/><U9/><E34/><V135/><F135/><W133/><G133/><T80/><D80/><U73/><E73/><V106/><F87/><W13/><G95/><T127/><D32/><U89/><E112/><V117/><F41/><W120/><G120/><T3/><D3/><U58/><E101/><V107/><F59/><W10/><G54/><T4/><D4/><U77/><E129/><V47/><F47/><W124/><G62/><T18/><D104/><U24/><E24/><V85/><F97/><W64/><G64/><T20/><D29/><U114/><E114/><V52/><F52/><W130/><G71/><T126/><D18/><U68/><E68/><V115/><F115/><W99/><G99/><T12/><D12/><N who="1" m="5175" /><E77/><V93/><REACH who="2" step="1"/><F14/><REACH who="2" ten="257,181,220,332" step="2"/><W35/><G130/><T8/><REACH who="0" step="1"/><D8/><REACH who="0" ten="247,181,220,332" step="2"/><U27/><E27/><V19/><F19/><W28/><G28/><T134/><D134/><U45/><E45/><V123/><F123/><W78/><G35/><T131/><D131/><U36/><E44/><V43/><F43/><W113/><G113/><T128/><D128/><U1/><E1/><V118/><N who="2" m="29696" /><DORA hai="74" /><V46/><F46/><W67/><G33/><T42/><D42/><U50/><E36/><AGARI ba="0,2" hai="20,21,23,36,37,39,49,53,57,61,66,70,126,127" machi="36" ten="40,5200,0" yaku="1,1,52,2,53,0" doraHai="132,74" doraHaiUra="81,100" who="0" fromWho="1" sc="247,72,181,-52,220,0,332,0" /><INIT seed="6,0,0,1,4,19" ten="319,129,220,332" oya="2" hai0="15,105,67,36,114,75,111,102,61,35,103,3,83" hai1="28,125,110,113,72,30,117,82,104,5,24,90,55" hai2="21,133,44,13,100,123,45,78,108,116,1,81,53" hai3="51,74,11,2,131,69,34,120,98,31,97,49,88"/><V79/><F123/><W7/><G74/><T115/><D111/><U85/><E104/><V77/><F116/><W118/><G69/><T33/><D3/><U86/><E117/><V66/><F1/><W62/><G118/><T93/><D36/><U32/><E110/><V41/><F108/><W22/><G34/><T58/><D105/><U65/><E125/><V106/><F133/><W63/><G120/><T8/><D35/><U70/><E113/><N who="0" m="43017" /><D33/><U37/><E37/><V40/><F66/><W26/><G131/><T16/><D93/><U23/><E5/><V6/><F81/><W76/><G76/><AGARI ba="0,0" hai="8,15,16,58,61,67,75,76,83,102,103" m="43017" machi="76" ten="30,2000,0" yaku="15,1,54,1" doraHai="19" who="0" fromWho="3" sc="319,20,129,0,220,0,332,-20" /><INIT seed="7,0,0,4,3,95" ten="339,129,220,312" oya="3" hai0="23,10,79,75,135,0,14,94,85,60,126,29,59" hai1="8,81,78,134,108,83,124,25,22,24,38,49,107" hai2="104,28,113,110,27,76,32,80,132,54,71,61,30" hai3="127,41,121,114,86,51,84,115,87,64,11,16,1"/><W93/><G121/><T91/><D0/><U57/><E38/><V82/><F110/><W101/><G127/><T13/><D135/><U42/><E134/><V18/><F132/><W111/><G111/><T103/><D103/><U118/><E108/><V92/><F104/><W122/><G122/><T7/><D126/><U100/><E124/><V39/><F39/><W131/><G131/><T63/><D75/><U6/><E118/><V96/><F113/><N who="3" m="43019" /><G64/><N who="0" m="38943" /><D63/><U90/><E107/><V5/><F5/><W20/><G11/><T97/><D79/><U68/><E68/><V106/><F106/><W52/><G41/><T89/><D29/><U72/><E100/><V26/><F18/><W66/><G66/><T125/><D125/><U117/><E117/><V123/><F76/><W67/><G67/><T19/><D89/><U4/><E4/><V120/><F71/><W45/><G1/><T69/><D69/><U43/><E22/><N who="2" m="15447" /><F61/><W119/><G119/><T98/><AGARI ba="0,0" hai="7,10,13,14,19,23,85,91,94,97,98" m="38943" machi="98" ten="30,4000,0" yaku="8,1,52,2" doraHai="95" who="0" fromWho="0" sc="339,40,129,-10,220,-10,312,-20" owari="379,48.0,119,-38.0,210,-19.0,292,9.0" /></mjloggm>