<mjloggm ver="2.3"><GO type="169" lobby="0"/><UN n0="%66%6D%34%34" n1="%41%72%41%74%41" n2="%E8%99%B9%E9%87%8E%E3%82%86%E3%82%81" n3="%E3%82%A2%E3%83%A1%E3%83%B3%E3%83%9D%E3%81%A6%E3%81%B5" dan="16,16,18,16" rate="2119.27,2004.34,2248.89,2123.41" sx="M,M,F,M"/><TAIKYOKU oya="0"/><INIT seed="0,0,0,0,0,88" ten="250,250,250,250" oya="0" hai0="112,124,35,135,10,5,25,85,66,8,43,19,133" hai1="46,96,73,53,128,120,98,89,28,49,41,83,72" hai2="58,9,33,95,65,71,27,1,61,51,24,78,7" hai3="3,92,81,48,44,38,102,75,107,126,4,32,134"/><T30/><D43/><U21/><E120/><V12/><F33/><W29/><G48/><T110/><D66/><U68/><E68/><V105/><F105/><W82/><G134/><N who="0" m="51211" /><D85/><U17/><E28/><V59/><F78/><W127/><G44/><T36/><D36/><U104/><E128/><V93/><F1/><W18/><G38/><T90/><D90/><U62/><E73/><V67/><F71/><W77/><G82/><T122/><D122/><U87/><E72/><V106/><F106/><W11/><G107/><T123/><D123/><U6/><E6/><V70/><F70/><W76/><G76/><T113/><D124/><N who="3" m="47657" /><G18/><T55/><D55/><U79/><E79/><V50/><F50/><W69/><G69/><T34/><D34/><U108/><E104/><V130/><F130/><W54/><G54/><T64/><D64/><U103/><E103/><V94/><F51/><W20/><G32/><T16/><D110/><U42/><E108/><V111/><F111/><W13/><G102/><T121/><D121/><U74/><E74/><V84/><F84/><W56/><G56/><T22/><D19/><U99/><REACH who="1" step="1"/><E62/><AGARI ba="0,0" hai="7,9,12,24,27,58,59,61,62,65,67,93,94,95" machi="62" ten="40,8000,1" yaku="9,1,8,1,52,3" doraHai="88" who="2" fromWho="1" sc="250,0,250,-80,250,80,250,0" /><INIT seed="1,0,0,3,5,50" ten="250,170,330,250" oya="1" hai0="79,126,96,98,24,2,55,5,87,133,82,120,123" hai1="27,125,58,71,14,104,77,93,62,94,31,90,78" hai2="66,0,34,10,117,36,118,43,72,80,68,67,46" hai3="15,9,42,107,19,1,22,100,13,73,74,21,64"/><U11/><E71/><V49/><F34/><W35/><G35/><T109/><D109/><U116/><E104/><V23/><F23/><W53/><G64/><T97/><D126/><U111/><E116/><V16/><F67/><W114/><G42/><T132/><D24/><U65/><E125/><V130/><F130/><W89/><G114/><T122/><D5/><U101/><E101/><V39/><F39/><W3/><G89/><T103/><D2/><U70/><E70/><V29/><F29/><W61/><G100/><T85/><D55/><U108/><E94/><V83/><F83/><W102/><G102/><T17/><D17/><U88/><E90/><V20/><F49/><W40/><G40/><T51/><D51/><U113/><E113/><V4/><F66/><W26/><G107/><N who="0" m="63975" /><D87/><U76/><E27/><N who="2" m="14727" /><F68/><W8/><G19/><T84/><D84/><U60/><E31/><V44/><F44/><W112/><G26/><T115/><D115/><U124/><E124/><V134/><F134/><AGARI ba="0,0" hai="79,82,85,97,98,120,122,123,132,133,134" m="63975" machi="134" ten="40,8000,1" yaku="13,1,20,1,34,2" doraHai="50" who="0" fromWho="2" sc="250,80,170,0,330,-80,250,0" /><INIT seed="2,0,0,2,0,74" ten="330,170,250,250" oya="2" hai0="93,83,132,134,37,116,82,107,78,108,5,50,53" hai1="15,6,84,100,75,117,90,8,54,63,40,49,47" hai2="69,81,118,113,124,92,61,68,35,7,14,71,1" hai3="3,25,111,112,101,20,127,46,51,128,18,76,19"/><V96/><F113/><W57/><G111/><T9/><D37/><U33/><E75/><V129/><F118/><W115/><G3/><T27/><D107/><U79/><E117/><V34/><F1/><W32/><G128/><T110/><D27/><U133/><E33/><V52/><F129/><W97/><G32/><T70/><D93/><U23/><E100/><V2/><F2/><W31/><G57/><T119/><D70/><U135/><E23/><V98/><F98/><W66/><G66/><T131/><D131/><U38/><E63/><V121/><F121/><W55/><G127/><T86/><D83/><U60/><E60/><V114/><F81/><W88/><G88/><T122/><D122/><U0/><E0/><V73/><F73/><W26/><G76/><T126/><D126/><U72/><E72/><V89/><F114/><N who="3" m="43563" /><G25/><T45/><D119/><U91/><E54/><V87/><F96/><W30/><G31/><T99/><D116/><U104/><E104/><AGARI ba="0,0" hai="18,19,20,26,30,46,51,55,97,101,104" m="43563" machi="104" ten="30,1000,0" yaku="11,1" doraHai="74" who="3" fromWho="1" sc="330,0,170,-10,250,0,250,10" /><INIT seed="3,0,0,2,4,68" ten="330,160,250,260" oya="3" hai0="34,100,125,12,129,135,87,67,35,119,132,18,10" hai1="44,23,94,1,58,64,25,95,121,99,74,15,62" hai2="101,130,88,24,21,33,30,60,47,86,45,42,50" hai3="73,48,46,124,66,127,128,79,102,90,133,57,116"/><W6/><G102/><T65/><D119/><U31/><E1/><V115/><F130/><W63/><G73/><T104/><D129/><U83/><E121/><V113/><F101/><W122/><G79/><T0/><D0/><U110/><E110/><V38/><F60/><N who="3" m="38159" /><G90/><T61/><D125/><N who="3" m="48201" /><G6/><T71/><D67/><U8/><E44/><V112/><F33/><W7/><G7/><T118/><D118/><U27/><E27/><V134/><F134/><N who="0" m="51242" /><D87/><U96/><E74/><V69/><F69/><W105/><G105/><T4/><D4/><U16/><E83/><V19/><F19/><W13/><G13/><T54/><D54/><U41/><E41/><V52/><F113/><W117/><G133/><T77/><D77/><U72/><E72/><V103/><F103/><W22/><G22/><T97/><AGARI ba="0,0" hai="10,12,18,34,35,61,65,71,97,100,104" m="51242" machi="97" ten="30,1100,0" yaku="20,1" doraHai="68" who="0" fromWho="0" sc="330,11,160,-3,250,-3,260,-5" /><INIT seed="4,0,0,3,2,2" ten="341,157,247,255" oya="0" hai0="40,131,36,100,92,63,17,4,121,49,117,133,14" hai1="77,46,104,95,28,21,6,15,118,124,72,90,110" hai2="130,57,53,109,37,13,97,83,80,81,56,58,20" hai3="55,29,129,126,59,34,41,96,62,50,116,127,115"/><T128/><D121/><U24/><E104/><V98/><F109/><W67/><G34/><T8/><D117/><U48/><E118/><V93/><F37/><W11/><G29/><T61/><D36/><U7/><E110/><V33/><F33/><W3/><G96/><N who="0" m="59399" /><D133/><U66/><E66/><V27/><F130/><N who="0" m="49706" /><D40/><U12/><E124/><N who="3" m="47658" /><G11/><N who="0" m="6367" /><D49/><U105/><E105/><V76/><F76/><W52/><G3/><AGARI ba="0,0" hai="3,4,8,61,63" m="6367,49706,59399" machi="3" ten="30,2900,0" yaku="19,1,52,1" doraHai="2" who="0" fromWho="3" sc="341,29,157,0,247,0,255,-29" /><INIT seed="4,1,0,5,0,25" ten="370,157,247,226" oya="0" hai0="52,43,104,21,125,98,51,20,105,70,81,80,22" hai1="103,122,66,41,32,27,109,50,113,129,59,62,11" hai2="121,26,58,54,48,127,8,77,33,67,89,108,17" hai3="117,12,69,37,9,74,23,7,83,128,123,102,134"/><T82/><D70/><U101/><E122/><V112/><F108/><W14/><G117/><T38/><D125/><U84/><E109/><V2/><F121/><W42/><G69/><T119/><D119/><U34/><E129/><V92/><F127/><W44/><G123/><T78/><D105/><U72/><E72/><V16/><F112/><W31/><G128/><T36/><D43/><U73/><E73/><V97/><F77/><N who="3" m="44471" /><G134/><T65/><D65/><U75/><E75/><V53/><F67/><W90/><G102/><T100/><REACH who="0" step="1"/><D78/><REACH who="0" ten="360,157,247,226" step="2"/><U71/><E71/><V49/><F53/><W95/><G42/><T10/><D10/><U135/><E113/><V6/><F8/><W86/><G9/><T116/><D116/><U93/><E11/><V35/><F54/><W18/><G7/><T63/><D63/><U45/><E135/><V61/><F61/><W115/><G115/><T111/><D111/><U85/><E41/><V28/><F6/><W13/><G37/><T55/><D55/><U106/><E106/><V130/><F130/><W30/><G44/><AGARI ba="1,1" hai="20,21,22,36,38,44,51,52,80,81,82,98,100,104" machi="44" ten="40,3900,0" yaku="1,1,54,1,53,0" doraHai="25" doraHaiUra="24" who="0" fromWho="3" sc="360,52,157,0,247,0,226,-42" /><INIT seed="4,2,0,5,3,96" ten="412,157,247,184" oya="0" hai0="41,101,108,99,127,69,62,18,37,7,70,46,71" hai1="19,14,114,31,51,54,33,104,6,53,126,9,80" hai2="91,12,67,13,75,84,29,64,60,49,28,35,32" hai3="135,65,78,106,11,52,94,17,40,50,2,105,110"/><T63/><D127/><U133/><E126/><V73/><F49/><W112/><G110/><T23/><D7/><U90/><E104/><V27/><F27/><W81/><G40/><T16/><D18/><U111/><E111/><V4/><F4/><W82/><G135/><T93/><REACH who="0" step="1"/><D108/><REACH who="0" ten="402,157,247,184" step="2"/><U107/><E6/><V58/><F28/><W8/><G17/><T25/><AGARI ba="2,1" hai="16,23,25,37,41,46,62,63,69,70,71,93,99,101" machi="25" ten="30,12000,1" yaku="1,1,2,1,0,1,52,1,54,1,53,0" doraHai="96" doraHaiUra="77" who="0" fromWho="0" sc="402,136,157,-42,247,-42,184,-42" /><INIT seed="4,3,0,0,4,81" ten="538,115,205,142" oya="0" hai0="93,53,113,124,1,127,116,47,46,101,45,33,88" hai1="111,16,36,112,22,55,122,65,4,129,68,123,58" hai2="84,50,29,38,100,18,90,135,5,133,97,131,104" hai3="125,41,117,27,121,86,64,12,132,14,89,128,39"/><T76/><D33/><U72/><E36/><V73/><F131/><W42/><G117/><T9/><D113/><U118/><E72/><V83/><F38/><W20/><G128/><T56/><D76/><U21/><E118/><V23/><F29/><W28/><G132/><T11/><D101/><U79/><E129/><V8/><F73/><W103/><G125/><N who="0" m="48203" /><D1/><U57/><E111/><V66/><F50/><W13/><G121/><T67/><D67/><U120/><E4/><V71/><F71/><W108/><G108/><T6/><D6/><U87/><E68/><V134/><F66/><W59/><G103/><T35/><D35/><U105/><E105/><V54/><F54/><W94/><REACH who="3" step="1"/><G39/><REACH who="3" ten="538,115,205,132" step="2"/><T130/><D130/><U40/><E122/><V37/><F37/><W62/><AGARI ba="3,1" hai="12,13,14,20,27,28,41,42,59,62,64,86,89,94" machi="62" ten="30,8000,1" yaku="1,1,2,1,0,1,8,1,52,1,53,0" doraHai="81" doraHaiUra="115" who="3" fromWho="3" sc="538,-43,115,-23,205,-23,132,99" /><INIT seed="5,0,0,5,0,34" ten="495,92,182,231" oya="1" hai0="51,124,25,62,127,67,41,90,86,39,59,10,134" hai1="94,80,132,52,116,43,19,96,104,97,64,71,105" hai2="103,84,7,126,72,30,123,1,113,77,13,92,50" hai3="42,106,70,14,36,66,15,31,130,5,28,40,65"/><U8/><E116/><V16/><F123/><W38/><G106/><T93/><D39/><N who="3" m="14889" /><G5/><T18/><D134/><U57/><E43/><N who="3" m="16426" /><G70/><T11/><D41/><U95/><E71/><V26/><F72/><W110/><G110/><T47/><D47/><U9/><E64/><N who="3" m="24682" /><G130/><T6/><D6/><U99/><E80/><V120/><F7/><W12/><AGARI ba="0,0" hai="12,14,15,28,31" m="24682,16426,14889" machi="12" ten="40,2700,0" yaku="28,2" doraHai="34" who="3" fromWho="3" sc="495,-7,92,-13,182,-7,231,27" /><INIT seed="6,0,0,3,3,124" ten="488,79,175,258" oya="2" hai0="112,89,20,38,91,99,75,67,49,26,2,92,126" hai1="84,54,79,94,73,7,133,88,16,33,12,134,93" hai2="18,106,131,3,14,95,71,39,122,42,19,123,97" hai3="37,29,98,47,102,44,22,103,13,96,4,87,23"/><V109/><F3/><W40/><G87/><T69/><D38/><U6/><E33/><V76/><F71/><W108/><G108/><T81/><D2/><U115/><E115/><V64/><F64/><W32/><G32/><T10/><D10/><U110/><E110/><V113/><F106/><W66/><G66/><T0/><D0/><U25/><E25/><V111/><F76/><W70/><G70/><T35/><D35/><U118/><E118/><V121/><F18/><N who="3" m="10575" /><G40/><T101/><D67/><U77/><E73/><V62/><F62/><W85/><G85/><T60/><D60/><U21/><E79/><V116/><F116/><W36/><G4/><T43/><D43/><U135/><E77/><V104/><F104/><W1/><G1/><T78/><D78/><U120/><E120/><V65/><F65/><W58/><G58/><T127/><D69/><U117/><E117/><V61/><F61/><W15/><G37/><T45/><D75/><U28/><E28/><V63/><F63/><W80/><G80/><T30/><D81/><U107/><E107/><V56/><F42/><W119/><G36/><T50/><D30/><U41/><E41/><V48/><F56/><W129/><G119/><T114/><D112/><U5/><E54/><V86/><F39/><W52/><G52/><N who="0" m="29743" /><D114/><U128/><E128/><V46/><F131/><W130/><G129/><T132/><D127/><U27/><E94/><V59/><F113/><W34/><G34/><T57/><D126/><U105/><REACH who="1" step="1"/><E105/><REACH who="1" ten="488,69,175,258" step="2"/><V24/><F111/><W31/><G130/><T55/><D92/><U72/><E72/><RYUUKYOKU ba="0,1" sc="488,-10,69,30,175,-10,258,-10" hai1="5,6,7,12,16,21,27,84,88,93,133,134,135" /><INIT seed="7,1,1,5,0,36" ten="478,99,165,248" oya="3" hai0="64,67,16,26,74,100,73,21,4,32,102,11,90" hai1="46,33,60,75,19,44,22,69,29,120,121,123,134" hai2="108,59,103,70,119,31,17,79,110,5,124,42,3" hai3="30,10,93,112,127,66,38,8,86,122,68,135,105"/><W39/><G105/><T25/><D90/><U71/><E75/><V117/><F70/><W54/><G122/><T12/><D26/><U101/><E134/><V34/><F42/><W27/><G68/><T49/><D74/><U87/><E69/><V53/><F103/><W111/><G66/><T113/><D73/><U83/><E101/><V96/><F96/><W57/><G112/><T114/><D32/><U76/><E33/><V18/><F53/><W63/><G127/><T43/><D102/><U0/><E29/><V95/><F95/><W81/><G135/><T77/><D77/><U65/><REACH who="1" step="1"/><E0/><REACH who="1" ten="478,89,165,248" step="2"/><V82/><F31/><W6/><G30/><T62/><D100/><U85/><E85/><V107/><F34/><W52/><G86/><T118/><D118/><U23/><E23/><V92/><F3/><W14/><G8/><T56/><D67/><U2/><E2/><V98/><F119/><W55/><G10/><T116/><D116/><U104/><E104/><V58/><F107/><W97/><G97/><T48/><D43/><U126/><E126/><V13/><F124/><W132/><G132/><T106/><D106/><U128/><E128/><V1/><F1/><W133/><G133/><T50/><AGARI ba="1,2" hai="4,11,12,16,21,25,48,49,50,56,62,64,113,114" machi="50" ten="30,2000,0" yaku="0,1,54,1" doraHai="36" who="0" fromWho="0" sc="478,43,89,-6,165,-6,248,-11" owari="521,62.0,83,-42.0,159,-24.0,237,4.0" /></mjloggm>
