<mjloggm ver="2.3"><GO type="169" lobby="0"/><UN n0="%6D%69%72%69%72%69" n1="%E5%AE%88%E6%9D%91%E6%A1%9C%E5%BC%A5" n2="%E3%81%AE%E3%81%B6%E3%81%AE%E3%81%B6" n3="%E5%A5%88%E8%90%BD%E3%81%AE%E7%8E%8B" dan="16,17,16,17" rate="2176.79,2145.14,2155.98,2182.58" sx="M,M,M,M"/><TAIKYOKU oya="0"/><INIT seed="0,0,0,1,0,35" ten="250,250,250,250" oya="0" hai0="15,83,42,18,120,37,14,63,24,133,114,11,132" hai1="78,49,6,32,88,73,54,56,82,20,109,67,95" hai2="122,126,111,79,46,128,64,36,102,62,40,17,85" hai3="51,96,50,23,113,19,58,10,12,60,26,53,70"/><T76/><D114/><U71/><E109/><V127/><F111/><W2/><G113/><T13/><D120/><U98/><E32/><V115/><F122/><W43/><G70/><T16/><D37/><U100/><E6/><V110/><F115/><W5/><G43/><T80/><D42/><U104/><E20/><V47/><F17/><W93/><REACH who="3" step="1"/><G2/><REACH who="3" ten="250,250,250,240" step="2"/><T107/><D107/><U123/><E123/><V125/><F110/><W45/><G45/><T77/><D24/><U129/><E129/><V69/><F46/><W84/><G84/><T74/><D63/><U57/><E71/><V4/><F85/><W28/><G28/><T94/><D14/><U108/><E108/><V135/><F4/><W29/><G29/><T22/><REACH who="0" step="1"/><D94/><REACH who="0" ten="240,250,250,240" step="2"/><U87/><E67/><V103/><F62/><W131/><G131/><T118/><D118/><U86/><E86/><AGARI ba="0,2" hai="11,13,15,16,18,22,74,76,77,80,83,86,132,133" machi="86" ten="40,7700,0" yaku="1,1,54,1,53,1" doraHai="35" doraHaiUra="106" who="0" fromWho="1" sc="240,97,250,-77,250,0,240,0" /><INIT seed="0,1,0,4,1,87" ten="337,173,250,240" oya="0" hai0="69,119,32,97,120,35,81,96,127,14,67,82,99" hai1="23,68,101,110,26,100,16,38,54,57,31,107,66" hai2="77,39,85,40,132,62,60,98,13,83,65,90,46" hai3="7,71,73,84,51,25,47,93,1,102,130,59,92"/><T43/><D119/><U53/><E110/><V128/><F132/><W42/><G73/><T3/><D3/><U37/><E68/><V21/><F128/><W123/><G71/><T104/><D104/><U52/><E31/><V28/><F65/><W121/><G130/><T30/><D120/><U5/><E5/><V126/><F126/><W115/><G115/><T79/><D43/><U11/><E11/><V129/><F129/><W122/><G102/><T113/><D113/><U133/><E133/><V48/><F39/><W134/><G134/><T58/><D69/><U86/><E86/><N who="2" m="48495" /><F98/><W36/><G25/><T34/><D127/><U27/><E26/><N who="2" m="16463" /><F13/><W22/><G22/><T78/><D14/><U103/><REACH who="1" step="1"/><E107/><REACH who="1" ten="337,163,250,240" step="2"/><V56/><F56/><W4/><G1/><T114/><D30/><U76/><E76/><V105/><F105/><W9/><G9/><T29/><D29/><U131/><E131/><V24/><F24/><W124/><G124/><T80/><D114/><U0/><E0/><V89/><F85/><W63/><G84/><T10/><D10/><U111/><E111/><V64/><F64/><N who="3" m="39039" /><G7/><T19/><D19/><U50/><E50/><V109/><F109/><W12/><G51/><T116/><D116/><U17/><E17/><V106/><F106/><W135/><G135/><T44/><D67/><U15/><E15/><V6/><F6/><W20/><G4/><T33/><D58/><U112/><E112/><V75/><F75/><W45/><G45/><T74/><N who="0" m="8192" /><DORA hai="55" /><T61/><D44/><U125/><E125/><V94/><F62/><AGARI ba="1,1" hai="16,23,27,37,38,52,53,54,57,62,66,100,101,103" machi="62" ten="40,12000,2" yaku="1,1,52,1,54,2,53,3" doraHai="87,55" doraHaiUra="118,49" who="1" fromWho="2" sc="337,0,163,133,250,-123,240,0" /><INIT seed="1,0,0,2,2,61" ten="337,296,127,240" oya="1" hai0="55,45,109,12,35,133,119,57,72,90,25,125,0" hai1="128,126,27,108,4,28,52,102,74,100,58,85,114" hai2="123,3,5,69,2,131,71,11,47,70,65,111,116" hai3="41,60,120,77,130,95,132,124,134,56,103,93,9"/><U66/><E114/><V48/><F116/><W106/><G120/><T75/><D119/><U81/><E128/><V17/><F123/><W129/><G41/><T53/><D0/><U99/><E126/><V94/><F131/><N who="3" m="50187" /><G9/><T86/><D125/><U46/><E74/><V37/><F37/><W31/><G31/><T89/><D109/><U82/><E4/><V110/><F2/><W36/><G36/><T39/><D90/><U107/><E108/><N who="2" m="41515" /><F17/><W80/><G124/><T98/><D98/><U63/><E102/><V44/><F94/><N who="3" m="35851" /><G103/><T84/><D35/><U68/><E46/><N who="2" m="17451" /><F48/><W76/><G106/><T10/><D45/><U135/><E85/><V112/><F112/><W122/><G122/><T38/><D75/><U67/><E135/><N who="3" m="51754" /><G80/><N who="0" m="49287" /><D133/><U64/><REACH who="1" step="1"/><E68/><REACH who="1" ten="337,286,127,240" step="2"/><V88/><F88/><W13/><G13/><T16/><D39/><U113/><E113/><V19/><F19/><W24/><G24/><T97/><D38/><U127/><E127/><V26/><F26/><W18/><G18/><T29/><D16/><U115/><E115/><V7/><F7/><W42/><G42/><T32/><D12/><U96/><E96/><V101/><F101/><W87/><G87/><T104/><D86/><U49/><E49/><V15/><F3/><W91/><G91/><T40/><D40/><U79/><E79/><V50/><F50/><W62/><G77/><T118/><D25/><U78/><E78/><V1/><F1/><W23/><G76/><T51/><D51/><U21/><AGARI ba="0,1" hai="21,27,28,52,58,63,64,66,67,81,82,99,100,107" machi="21" ten="30,18000,2" yaku="1,1,0,1,52,3,54,1,53,0" doraHai="61" doraHaiUra="34" who="1" fromWho="1" sc="337,-60,286,190,127,-60,240,-60" /><INIT seed="1,1,0,0,0,60" ten="277,476,67,180" oya="1" hai0="125,55,45,48,38,62,50,75,94,32,116,64,0" hai1="69,57,40,76,111,109,2,65,44,43,8,27,47" hai2="25,74,97,85,119,102,33,22,63,4,132,131,95" hai3="134,16,106,58,28,26,23,19,6,21,72,7,88"/><U73/><E69/><V96/><F74/><W37/><G72/><T11/><D32/><U29/><E76/><V99/><F119/><W86/><G37/><T42/><D75/><U20/><E73/><V128/><F4/><W67/><G106/><T36/><D116/><U3/><E47/><V24/><F132/><W79/><G79/><T10/><D94/><U103/><E103/><V15/><F33/><W127/><G127/><T66/><D125/><U14/><E57/><V59/><F15/><W101/><G101/><T114/><D114/><U17/><E65/><N who="0" m="25193" /><D11/><U118/><E118/><V89/><F102/><W82/><G134/><T35/><D10/><U113/><E113/><V110/><F110/><N who="1" m="41993" /><E40/><V54/><REACH who="2" step="1"/><F22/><REACH who="2" ten="277,476,57,180" step="2"/><W121/><G121/><T92/><D35/><U80/><E2/><V9/><F9/><W12/><G19/><T100/><D0/><U122/><E3/><V90/><F90/><W108/><G108/><T30/><D100/><U52/><E122/><V93/><F93/><W41/><G41/><T91/><D91/><U46/><E43/><V133/><F133/><W81/><G81/><T83/><D92/><U34/><E80/><V123/><F123/><W130/><G130/><AGARI ba="1,1" hai="24,25,54,59,63,85,89,95,96,97,99,128,130,131" machi="130" ten="40,2600,0" yaku="1,1,19,1,53,0" doraHai="60" doraHaiUra="77" who="2" fromWho="3" sc="277,0,476,0,57,39,180,-29" /><INIT seed="2,0,0,0,4,34" ten="277,476,96,151" oya="2" hai0="46,125,106,27,61,87,113,68,108,58,88,120,18" hai1="52,117,19,53,2,67,112,63,93,94,135,98,4" hai2="13,38,71,81,121,75,89,0,77,128,45,114,115" hai3="132,41,11,84,25,12,116,127,24,101,40,105,104"/><V123/><F13/><W49/><G116/><T43/><D113/><U51/><E117/><V100/><F71/><W134/><G84/><T91/><D120/><U20/><E112/><N who="2" m="43051" /><F0/><W30/><G127/><T72/><D72/><U70/><E135/><N who="3" m="51754" /><G101/><T1/><D106/><N who="3" m="41065" /><G49/><T29/><D125/><U37/><E37/><V6/><F6/><N who="3" m="3191" /><G25/><T62/><D68/><U102/><E94/><V97/><F38/><W28/><G28/><T129/><D18/><U86/><E51/><V57/><F45/><W56/><G56/><T103/><D103/><U14/><REACH who="1" step="1"/><E86/><REACH who="1" ten="277,466,96,151" step="2"/><V17/><F121/><W130/><G130/><T36/><D87/><U64/><E64/><V48/><F123/><W3/><G3/><T42/><D129/><U85/><E85/><V131/><F131/><W31/><G31/><T32/><D1/><U69/><E69/><V54/><F128/><W10/><G10/><AGARI ba="0,1" hai="2,4,10,14,19,20,52,53,63,67,70,93,98,102" machi="10" ten="40,8000,1" yaku="1,1,52,1,54,1,53,1" doraHai="34" doraHaiUra="7" who="1" fromWho="3" sc="277,0,466,90,96,0,151,-80" /><INIT seed="3,0,0,1,4,24" ten="277,556,96,71" oya="3" hai0="27,83,132,129,105,52,125,48,8,71,40,110,87" hai1="55,16,58,133,59,23,10,66,99,72,127,94,101" hai2="80,95,6,111,51,46,107,26,17,57,33,109,114" hai3="53,92,7,65,86,100,120,50,61,116,47,77,85"/><W78/><G116/><T0/><D71/><U62/><E127/><V91/><F107/><W73/><G120/><T56/><D105/><U93/><E72/><V103/><F114/><W25/><G7/><T122/><D122/><U98/><E10/><V18/><F6/><W115/><G115/><T36/><D110/><N who="2" m="41994" /><F103/><W117/><G117/><T79/><D125/><U97/><E133/><V113/><F80/><W89/><G100/><T121/><D121/><U106/><E93/><V131/><F131/><W88/><G25/><T28/><D132/><U13/><E106/><V29/><F57/><N who="3" m="37039" /><G73/><T20/><D129/><U108/><E108/><V104/><F104/><W102/><G102/><T60/><D36/><U45/><E45/><V42/><F113/><W49/><G49/><AGARI ba="0,0" hai="13,16,23,49,55,58,59,62,66,94,97,98,99,101" machi="49" ten="30,3900,0" yaku="7,1,8,1,54,1" doraHai="24" who="1" fromWho="3" sc="277,0,556,39,96,0,71,-39" /><INIT seed="4,0,0,3,1,66" ten="277,595,96,32" oya="0" hai0="106,61,135,45,88,114,46,43,110,9,17,120,24" hai1="113,1,33,55,27,73,82,100,57,48,119,94,92" hai2="116,76,65,3,130,133,44,105,51,64,31,35,15" hai3="68,34,53,104,36,75,131,99,54,80,78,39,0"/><T112/><D120/><U111/><E111/><V87/><F3/><W20/><G34/><T26/><D106/><U128/><E1/><V12/><F105/><W2/><G131/><T98/><D110/><U52/><E119/><V28/><F35/><W86/><G75/><T59/><D135/><U107/><E128/><V85/><F76/><W50/><G2/><T18/><D9/><U29/><E113/><V124/><F130/><W132/><G0/><T81/><D26/><U118/><E118/><V117/><F44/><W5/><G5/><T125/><D125/><U121/><E121/><V97/><F51/><W74/><G74/><T79/><D79/><U6/><E6/><V4/><F4/><W60/><G132/><T90/><D81/><U32/><E32/><V63/><F63/><W56/><G20/><T22/><D18/><U108/><E108/><V8/><F8/><W10/><G10/><T101/><D46/><U72/><E107/><V134/><F97/><W71/><G99/><T93/><D90/><U25/><E100/><V37/><F37/><W103/><G103/><T14/><D14/><U84/><E25/><V126/><AGARI ba="0,0" hai="12,15,28,31,64,65,85,87,116,117,124,126,133,134" machi="126" ten="25,3200,0" yaku="0,1,22,2" doraHai="66" who="2" fromWho="2" sc="277,-16,595,-8,96,32,32,-8" /><INIT seed="5,0,0,3,2,14" ten="261,587,128,24" oya="1" hai0="65,122,9,104,59,35,95,108,96,58,16,67,44" hai1="53,37,26,72,63,66,38,24,54,126,128,49,57" hai2="17,4,33,42,113,0,30,83,111,120,89,10,71" hai3="129,39,51,79,102,118,25,2,109,107,119,80,69"/><U36/><E72/><V41/><F111/><W135/><G109/><T127/><D35/><U81/><E128/><V43/><F120/><W121/><G121/><T106/><D108/><U62/><E126/><V40/><F71/><W19/><G39/><T91/><D122/><U15/><E81/><V101/><F101/><W75/><G2/><T133/><D133/><U99/><E99/><V70/><F70/><W110/><G110/><T11/><D127/><U82/><E82/><V3/><F3/><W131/><G69/><T61/><D44/><U105/><E105/><V93/><F83/><W5/><G5/><T31/><D31/><U47/><E15/><V55/><F33/><W117/><G51/><T12/><D9/><U112/><E112/><V134/><F30/><W130/><G135/><T115/><D115/><U1/><E1/><V87/><F134/><W8/><G8/><T97/><D97/><U84/><E84/><V18/><F113/><W77/><G77/><T28/><D28/><U23/><E24/><V76/><F76/><W90/><G90/><T116/><D116/><U48/><E66/><V123/><F123/><W73/><G73/><T94/><D94/><U13/><E13/><V60/><N who="2" m="10752" /><DORA hai="85" /><V29/><REACH who="2" step="1"/><F29/><REACH who="2" ten="261,587,118,24" step="2"/><W64/><G64/><T68/><D68/><U6/><E38/><V45/><F45/><W46/><G46/><T52/><D67/><U88/><E37/><V125/><F125/><W20/><G102/><T114/><D114/><U32/><E36/><V86/><F86/><W21/><G107/><T7/><D7/><U27/><E6/><RYUUKYOKU ba="0,1" sc="261,10,587,-30,118,10,24,10" hai0="11,12,16,52,58,59,61,65,91,95,96,104,106" hai2="0,4,10,17,18,55,60,87,89,93" hai3="19,20,21,25,75,79,80,117,118,119,129,130,131" /><INIT seed="6,1,1,3,4,84" ten="271,557,128,34" oya="2" hai0="102,94,26,46,76,75,98,125,0,126,83,87,97" hai1="103,79,38,29,107,35,40,77,129,111,68,91,122" hai2="45,63,15,59,115,32,52,41,80,5,31,92,133" hai3="131,42,64,99,118,119,90,18,130,105,106,36,58"/><V37/><F115/><W72/><G72/><T120/><D0/><U71/><E111/><V20/><F133/><W28/><G28/><T3/><D3/><U8/><E8/><V101/><F32/><W81/><G18/><T21/><D120/><U88/><E103/><V4/><F80/><W60/><G42/><T50/><D75/><U14/><E14/><V78/><F78/><W127/><G36/><T95/><D21/><U117/><E107/><V53/><F53/><W56/><G56/><T93/><D26/><U104/><E104/><V48/><F37/><W123/><G123/><T67/><D67/><U10/><E10/><V132/><F132/><W7/><G7/><T54/><D94/><U114/><E29/><V51/><F51/><W2/><G2/><T66/><D66/><U9/><E114/><V112/><F112/><W124/><G106/><T134/><D134/><U121/><E35/><V74/><F74/><W69/><G105/><T39/><D39/><U13/><E38/><V135/><F135/><W44/><G44/><T34/><D34/><U27/><E117/><N who="3" m="44554" /><G69/><T70/><D70/><U22/><E79/><V49/><F49/><W1/><G1/><T33/><D33/><U47/><E77/><V100/><F31/><W23/><G23/><T96/><D76/><U62/><E122/><V6/><F92/><N who="3" m="56727" /><G81/><T61/><D83/><U73/><E73/><V109/><F109/><W65/><G65/><T16/><D50/><U24/><E40/><V11/><F20/><W17/><G17/><AGARI ba="1,1" hai="4,5,6,11,15,17,41,45,48,52,59,63,100,101" machi="17" ten="40,3900,0" yaku="8,1,54,1" doraHai="84" who="2" fromWho="3" sc="271,0,557,0,128,52,34,-42" owari="271,7.0,557,66.0,180,-22.0,-8,-51.0" /></mjloggm>