<mjloggm ver="2.3"><GO type="185" lobby="0"/><UN n0="%43%45%41%53%45" n1="%E7%B6%BE%E7%80%AC%E7%A9%82%E4%B9%83%E9%A6%99" n2="%E5%A4%9A%E6%9E%97%E6%99%8B" n3="" dan="16,18,16,0" rate="2199.84,2337.81,2191.74,1500.00" sx="M,F,M,C"/><TAIKYOKU oya="0"/><INIT seed="0,0,0,1,4,124" ten="350,350,350,0" oya="0" hai0="93,86,101,128,53,118,113,112,107,79,46,103,99" hai1="60,94,95,85,122,49,115,68,72,71,126,120,89" hai2="102,114,40,38,61,129,97,70,37,51,39,57,41" hai3=""/><T80/><D118/><U58/><N who="1" m="30752" /><U36/><N who="1" m="31264" /><U0/><E126/><V121/><N who="2" m="31008" /><V78/><F114/><N who="0" m="44138" /><D53/><U109/><E115/><V82/><F70/><T134/><D46/><U56/><E0/><V35/><F35/><T83/><D134/><U104/><E104/><V106/><F129/><T65/><D65/><U84/><E36/><V131/><F131/><T48/><D48/><U116/><E116/><V125/><F51/><T42/><D42/><U47/><E72/><V32/><F32/><T110/><D110/><U88/><E109/><V69/><F69/><T96/><D83/><U66/><REACH who="1" step="1"/><E58/><REACH who="1" ten="350,340,350,0" step="2"/><V44/><F125/><T45/><D45/><U130/><E130/><AGARI ba="0,1" hai="79,80,86,93,96,99,101,103,107,128,130" m="44138" machi="130" ten="30,11600,0" yaku="34,2,52,2" doraHai="124" who="0" fromWho="1" sc="350,126,340,-116,350,0,0,0" /><INIT seed="0,1,0,4,5,32" ten="476,224,350,0" oya="0" hai0="76,99,124,44,56,65,77,119,58,125,130,114,79" hai1="127,102,69,100,111,60,55,63,64,72,128,0,85" hai2="84,106,80,131,86,48,91,53,95,66,59,132,134" hai3=""/><T57/><D114/><U97/><E72/><V88/><F106/><T82/><D119/><U37/><E111/><V75/><F131/><T112/><D112/><U40/><E128/><V133/><F75/><T129/><D82/><U110/><E110/><V122/><N who="2" m="31264" /><V78/><F66/><T47/><D129/><U68/><E127/><N who="0" m="48713" /><D130/><U104/><E102/><V33/><REACH who="2" step="1"/><F33/><REACH who="2" ten="476,224,340,0" step="2"/><T74/><D74/><U83/><E64/><V36/><F36/><T89/><D65/><U73/><E73/><V34/><F34/><T43/><D43/><U118/><E40/><V46/><F46/><T96/><D44/><U35/><E35/><V103/><F103/><T107/><D47/><U94/><E37/><V52/><F52/><T126/><D126/><U71/><E104/><V54/><F54/><T3/><D107/><U135/><E55/><V50/><F50/><T49/><D49/><U116/><E116/><V87/><F87/><T120/><N who="0" m="30752" /><T117/><D117/><U1/><E118/><V101/><F101/><T70/><D99/><U39/><E39/><V92/><F92/><T108/><D108/><U45/><E45/><V93/><F93/><T2/><D96/><U42/><E97/><V123/><N who="2" m="31520" /><V38/><F38/><RYUUKYOKU ba="1,1" sc="476,-10,224,-10,340,20,0,0" hai2="48,53,59,78,80,84,86,88,91,95,132,133,134" /><INIT seed="1,2,1,4,4,101" ten="466,214,360,0" oya="1" hai0="74,105,108,39,59,97,107,51,119,58,75,116,92" hai1="91,127,112,86,46,62,34,134,48,95,88,60,120" hai2="72,135,82,57,89,38,0,102,78,71,65,129,90" hai3=""/><U128/><N who="1" m="30752" /><U52/><E112/><V111/><F0/><T2/><D108/><U94/><E34/><V56/><F111/><T93/><D39/><U76/><E128/><V68/><F129/><T80/><D2/><U106/><E134/><V37/><F135/><T63/><D51/><U35/><E35/><V123/><N who="2" m="31520" /><V54/><F102/><T77/><D75/><U41/><E106/><V124/><F124/><T126/><D59/><U122/><N who="1" m="31264" /><U114/><E114/><V130/><F130/><T100/><D93/><U115/><E115/><V103/><F103/><T121/><N who="0" m="31008" /><T33/><D126/><U55/><E76/><V45/><F45/><T118/><D33/><U85/><E127/><V43/><F43/><T44/><D44/><U66/><E60/><V133/><F133/><T3/><D3/><U64/><E64/><AGARI ba="2,1" hai="58,63,64,74,77,80,92,97,100,105,107,116,118,119" m="31008" machi="64" ten="40,8000,1" yaku="12,1,52,3" doraHai="101" who="0" fromWho="1" sc="466,94,214,-84,360,0,0,0" /><INIT seed="2,0,0,4,4,57" ten="560,130,360,0" oya="2" hai0="93,115,127,100,110,94,47,62,82,131,87,113,117" hai1="86,71,83,90,61,120,37,125,98,89,69,133,81" hai2="38,80,109,1,74,85,92,99,43,105,67,41,32" hai3=""/><V134/><F1/><T107/><D110/><U44/><N who="1" m="30752" /><U52/><E125/><V36/><F32/><T96/><D117/><U126/><E126/><V122/><N who="2" m="31264" /><V84/><F74/><T91/><D127/><U58/><E133/><V114/><F105/><T121/><N who="0" m="31008" /><T77/><D131/><U65/><E98/><V130/><F114/><N who="0" m="43530" /><D47/><U50/><E37/><V132/><F130/><T48/><D48/><U3/><E3/><V111/><F67/><T68/><D68/><U78/><REACH who="1" step="1"/><E90/><REACH who="1" ten="560,120,360,0" step="2"/><V35/><F99/><T0/><D0/><U106/><E106/><V56/><F35/><T102/><D102/><U76/><E76/><V95/><F56/><T104/><D104/><U59/><E59/><V63/><F63/><T75/><D62/><U103/><E103/><V135/><F134/><T73/><D107/><U128/><E128/><V123/><N who="2" m="31520" /><V124/><F124/><T112/><D112/><U101/><E101/><V60/><F60/><T33/><D33/><U34/><E34/><V88/><F88/><T49/><D49/><U97/><E97/><AGARI ba="0,1" hai="73,75,77,82,87,91,93,94,96,97,100" m="43530,31008" machi="97" ten="30,7700,0" yaku="11,1,34,2,52,1" doraHai="57" who="0" fromWho="1" sc="560,87,120,-77,360,0,0,0" /><INIT seed="4,0,0,0,2,82" ten="647,43,360,0" oya="0" hai0="103,49,41,69,55,42,78,135,62,121,126,63,46" hai1="85,104,91,130,37,118,94,108,60,101,106,88,43" hai2="67,115,87,113,64,95,90,119,102,72,3,107,71" hai3=""/><T112/><N who="0" m="31008" /><T124/><D78/><U111/><E118/><V125/><F3/><T110/><D103/><U133/><E133/><V99/><F119/><T56/><D135/><U98/><E130/><V47/><F125/><N who="0" m="48234" /><D112/><N who="2" m="43082" /><F71/><T66/><D110/><N who="1" m="42027" /><E60/><V34/><F34/><T52/><AGARI ba="0,0" hai="41,42,46,49,52,55,56,62,63,66,69" m="48234,31008" machi="52" ten="30,8000,1" yaku="18,1,34,2,52,1,54,1" doraHai="82" who="0" fromWho="0" sc="647,80,43,-40,360,-40,0,0" /><INIT seed="4,1,0,0,0,48" ten="727,3,320,0" oya="0" hai0="126,107,116,90,99,123,133,124,67,118,40,111,70" hai1="43,134,47,125,41,83,131,60,45,72,120,39,117" hai2="122,127,80,3,38,36,95,102,54,33,109,34,112" hai3=""/><T32/><N who="0" m="31520" /><T94/><D32/><U55/><N who="1" m="30752" /><U82/><E117/><V68/><N who="2" m="31264" /><V76/><F109/><T65/><D111/><U85/><E131/><V78/><F127/><N who="0" m="48682" /><D133/><U87/><E125/><V0/><F112/><T44/><D107/><U69/><E134/><V130/><F68/><T73/><D73/><U104/><E104/><V77/><F130/><T52/><D52/><U63/><E69/><V135/><F54/><T58/><D58/><U98/><E98/><V92/><F135/><T114/><D114/><U74/><E55/><V105/><F105/><T106/><D106/><U51/><E51/><V88/><F33/><T75/><D75/><U64/><E64/><N who="0" m="24649" /><D70/><U42/><E42/><V103/><F34/><T35/><D35/><U53/><E53/><V71/><F71/><T57/><D57/><U86/><E86/><V46/><F0/><T93/><D93/><U108/><E108/><V2/><F92/><T1/><D1/><U132/><E132/><V113/><F95/><T101/><D101/><U100/><E100/><V119/><F102/><T84/><D84/><U96/><E96/><V121/><F103/><T56/><D56/><U89/><E39/><AGARI ba="1,0" hai="39,40,44,90,94,99,116,118" m="24649,48682,31520" machi="39" ten="30,2900,0" yaku="18,1,52,1" doraHai="48" who="0" fromWho="1" sc="727,31,3,-31,320,0,0,0" owari="758,71.0,-28,-63.0,320,-8.0,0,0.0" /></mjloggm>