<mjloggm ver="2.3"><GO type="225" lobby="0"/><UN n0="%E4%B9%9D%E4%B8%88%E8%8A%B1%E9%9F%B3" n1="%E3%83%AA%E3%83%81%E3%83%A3%21%21" n2="%E5%B1%B1%E8%B6%8A" n3="%E3%83%98%E3%82%AF%E3%82%B5%E3%83%BC" dan="16,16,18,16" rate="2166.19,2113.42,2238.74,2137.56" sx="F,M,M,M"/><TAIKYOKU oya="0"/><INIT seed="0,0,0,2,0,43" ten="250,250,250,250" oya="0" hai0="90,82,125,94,118,117,84,134,126,7,15,115,133" hai1="111,51,44,80,46,21,24,52,113,75,70,95,116" hai2="62,16,124,1,60,17,85,54,131,103,6,128,55" hai3="69,114,26,98,42,83,64,2,100,120,107,32,72"/><T0/><D0/><U56/><E116/><N who="0" m="44649" /><D7/><U14/><E70/><V9/><F124/><N who="0" m="47722" /><D15/><U49/><E111/><V10/><F85/><W77/><G114/><T4/><D4/><U41/><E113/><V29/><F103/><W48/><G120/><T38/><D38/><U112/><E112/><V106/><F106/><W99/><G99/><N who="0" m="57815" /><D115/><U76/><E14/><V27/><F29/><N who="3" m="19511" /><G48/><T78/><AGARI ba="0,0" hai="78,82,84,133,134" m="57815,47722,44649" machi="78" ten="40,7800,0" yaku="18,1,34,2" doraHai="43" who="0" fromWho="0" sc="250,78,250,-26,250,-26,250,-26" /><INIT seed="0,1,0,1,3,47" ten="328,224,224,224" oya="0" hai0="37,51,108,84,66,126,135,9,87,79,101,121,128" hai1="132,30,28,15,26,31,56,78,40,36,11,113,94" hai2="58,120,42,93,4,6,71,3,57,105,122,39,67" hai3="80,7,96,20,106,83,8,110,112,104,100,33,74"/><T102/><D37/><U92/><E132/><V129/><F105/><W109/><G112/><T22/><D121/><U45/><E113/><V5/><F3/><W72/><G33/><T13/><D135/><U90/><E78/><V63/><F129/><W23/><G8/><T117/><D117/><U24/><E56/><V82/><F82/><W61/><G61/><T25/><D128/><U0/><E0/><V59/><REACH who="2" step="1"/><F93/><REACH who="2" ten="328,224,214,224" step="2"/><W134/><G134/><T114/><D114/><U2/><E2/><V98/><F98/><W35/><G96/><T18/><D126/><U10/><E94/><V115/><F115/><W99/><G106/><T119/><D119/><U86/><REACH who="1" step="1"/><E10/><REACH who="1" ten="328,214,214,224" step="2"/><V68/><F68/><W16/><G104/><T38/><D9/><U49/><E49/><V46/><AGARI ba="1,2" hai="4,5,6,39,42,46,57,58,59,63,67,71,120,122" machi="46" ten="40,2700,0" yaku="1,1,0,1,53,0" doraHai="47" doraHaiUra="19" who="2" fromWho="2" sc="328,-14,214,-8,214,50,224,-8" /><INIT seed="1,0,0,0,3,123" ten="314,206,264,216" oya="1" hai0="2,81,89,37,93,113,7,77,121,46,59,75,45" hai1="32,16,92,107,6,111,115,25,18,48,23,78,21" hai2="126,20,129,31,44,74,102,15,24,73,22,97,79" hai3="128,12,118,39,63,49,133,3,116,122,27,66,61"/><U58/><E115/><V11/><F129/><W98/><G3/><T108/><D113/><U69/><E107/><V95/><F126/><W101/><G39/><T65/><D121/><U105/><E105/><V35/><F44/><W72/><G72/><T84/><D108/><U125/><E69/><V54/><F54/><W104/><G122/><T76/><D76/><U33/><E125/><V130/><F130/><W5/><G128/><T42/><D46/><U30/><E78/><V103/><F103/><W94/><G133/><T4/><REACH who="0" step="1"/><D2/><REACH who="0" ten="304,206,264,216" step="2"/><U52/><E111/><V62/><F79/><W36/><G116/><T131/><D131/><U83/><E83/><V124/><F124/><W109/><G109/><T19/><D19/><U134/><E134/><V80/><F80/><W53/><G118/><T57/><D57/><U50/><E6/><V112/><F112/><W38/><G5/><T127/><D127/><U132/><E132/><V119/><F119/><W1/><G1/><T17/><D17/><U29/><E92/><V135/><F135/><W0/><G94/><T28/><D28/><U88/><E33/><V100/><F35/><W85/><G104/><T90/><D90/><U8/><E32/><V67/><F31/><W60/><G0/><T43/><D43/><U51/><E88/><V82/><F82/><W40/><G40/><T68/><D68/><U120/><E120/><V47/><F47/><W34/><G34/><T96/><D96/><U14/><E30/><V64/><F97/><W41/><G98/><T117/><D117/><U13/><AGARI ba="0,1" hai="8,13,14,16,18,21,23,25,29,48,50,51,52,58" machi="13" ten="20,12000,1" yaku="0,1,7,1,8,1,54,2" doraHai="123" who="1" fromWho="1" sc="304,-40,206,130,264,-40,216,-40" /><INIT seed="1,1,0,2,4,130" ten="264,336,224,176" oya="1" hai0="55,51,97,88,129,9,98,3,72,122,10,38,118" hai1="103,61,110,125,62,119,87,65,83,126,42,56,124" hai2="132,49,71,5,116,11,2,48,84,52,19,57,43" hai3="75,32,96,58,127,121,59,81,20,78,106,133,89"/><U105/><E119/><V115/><F132/><W46/><G121/><T6/><D118/><U17/><E110/><V60/><F116/><W14/><G32/><T74/><D38/><U39/><E103/><V33/><F115/><W99/><G127/><T108/><D108/><U70/><E105/><V73/><F73/><W0/><G0/><T27/><D129/><U34/><E34/><V15/><F33/><W100/><G133/><T92/><D122/><U76/><E17/><V63/><F84/><W113/><G113/><T80/><D27/><U4/><E4/><V102/><F102/><W50/><G20/><T40/><D40/><U22/><E22/><V13/><F2/><W66/><G14/><T29/><D29/><U111/><E111/><V112/><F112/><W123/><G66/><T1/><D80/><U77/><E42/><V41/><F71/><W131/><G131/><T68/><D97/><U85/><E39/><V69/><F69/><W28/><G28/><T104/><D104/><U30/><E30/><V44/><REACH who="2" step="1"/><F43/><REACH who="2" ten="264,336,214,176" step="2"/><W94/><REACH who="3" step="1"/><G123/><REACH who="3" ten="264,336,214,166" step="2"/><T101/><D68/><U8/><E125/><V93/><F93/><W12/><G12/><T114/><D114/><U54/><E126/><V82/><F82/><W117/><G117/><T79/><D1/><U37/><E124/><V35/><F35/><W120/><G120/><T25/><D3/><U64/><E83/><V18/><F18/><W23/><G23/><AGARI ba="1,2" hai="5,11,13,15,19,23,41,44,48,49,52,57,60,63" machi="23" ten="30,7700,0" yaku="1,1,7,1,8,1,54,1,53,0" doraHai="130" doraHaiUra="135" who="2" fromWho="3" sc="264,0,336,0,214,100,166,-80" /><INIT seed="2,0,0,5,1,120" ten="264,336,314,86" oya="2" hai0="64,5,101,60,24,11,57,47,121,104,69,62,93" hai1="108,76,116,79,38,131,6,122,80,99,52,96,66" hai2="32,71,132,113,8,103,19,39,27,12,9,67,82" hai3="56,54,59,44,72,51,110,74,33,4,83,15,109"/><V98/><F132/><W25/><G4/><T68/><D121/><U77/><E38/><V92/><F113/><W35/><G15/><T28/><D104/><U95/><E116/><V7/><F39/><W118/><G118/><T30/><D47/><U102/><E122/><V16/><F71/><W53/><G44/><T34/><D30/><U112/><E112/><V21/><F67/><W115/><G115/><T91/><D101/><U114/><E114/><V84/><F32/><W23/><G83/><T97/><REACH who="0" step="1"/><D62/><REACH who="0" ten="254,336,314,86" step="2"/><U48/><E102/><V75/><F75/><W86/><G33/><T81/><D81/><U31/><E80/><V58/><F58/><W37/><G35/><T127/><D127/><U41/><E31/><N who="2" m="17903" /><F9/><W78/><G37/><T130/><D130/><U0/><E131/><V128/><F128/><W13/><G74/><T65/><D65/><U43/><E66/><V10/><F8/><W117/><G72/><T17/><D17/><U119/><E119/><V29/><F29/><N who="3" m="17599" /><G117/><T49/><D49/><U46/><E48/><V105/><F105/><W123/><G123/><T2/><AGARI ba="0,1" hai="2,5,11,24,28,34,57,60,64,68,69,91,93,97" machi="2" ten="20,2700,0" yaku="1,1,0,1,7,1,53,0" doraHai="120" doraHaiUra="126" who="0" fromWho="0" sc="254,37,336,-7,314,-13,86,-7" /><INIT seed="3,0,0,1,4,68" ten="291,329,301,79" oya="3" hai0="113,7,105,4,92,47,31,6,131,95,96,122,56" hai1="104,127,109,129,1,116,115,22,65,126,48,121,9" hai2="111,71,132,108,87,85,28,60,24,19,130,11,10" hai3="117,123,103,14,41,55,91,30,50,17,128,8,18"/><W62/><G123/><T57/><D122/><U75/><RYUUKYOKU type="yao9" ba="0,0" sc="291,0,329,0,301,0,79,0" hai1="1,9,22,48,65,75,104,109,115,116,121,126,127,129" /><INIT seed="3,1,0,5,1,41" ten="291,329,301,79" oya="3" hai0="55,0,13,133,46,84,89,31,49,10,40,22,58" hai1="115,130,117,78,93,124,19,72,96,61,35,27,103" hai2="2,71,65,75,121,97,45,104,114,100,85,79,73" hai3="116,95,34,5,76,123,77,1,118,6,134,111,67"/><W135/><G123/><T80/><D133/><N who="3" m="50697" /><G67/><T98/><D0/><U86/><E115/><V87/><F114/><W81/><G34/><T33/><D33/><U39/><E39/><V43/><F121/><W119/><G1/><T42/><D98/><U14/><E130/><V52/><F2/><W8/><G8/><T90/><D90/><U12/><E124/><V60/><F52/><W4/><G81/><T102/><D102/><U113/><E72/><V15/><F15/><W9/><G9/><T48/><D22/><N who="1" m="13791" /><E35/><V88/><F79/><N who="3" m="30283" /><G95/><T91/><D91/><U54/><E113/><V128/><F128/><W122/><G122/><T30/><D42/><U120/><E120/><V69/><F69/><W28/><G28/><T37/><D37/><U44/><E117/><N who="3" m="29954" /><W59/><DORA hai="47" /><G59/><T53/><D40/><U51/><E78/><V25/><F25/><W57/><G57/><T132/><D132/><U64/><E86/><V50/><F87/><W110/><AGARI ba="1,0" hai="4,5,6,110,111" m="29954,30283,50697" machi="110" ten="60,11700,0" yaku="28,2,20,1" doraHai="41,47" who="3" fromWho="3" sc="291,-40,329,-40,301,-40,79,120" /><INIT seed="3,2,0,3,3,69" ten="251,289,261,199" oya="3" hai0="81,64,63,75,82,124,129,42,53,68,59,102,110" hai1="19,51,135,5,61,18,37,40,25,50,54,45,21" hai2="14,104,106,49,7,70,65,8,17,93,57,28,128" hai3="9,31,55,22,26,43,78,27,98,72,108,114,47"/><W20/><G114/><T10/><D110/><U52/><E135/><V94/><F128/><W73/><G108/><T133/><D129/><U15/><E5/><V4/><F70/><W92/><G55/><T119/><D133/><U85/><E85/><V77/><F106/><W95/><G9/><T2/><D124/><U121/><E121/><V35/><F104/><W36/><G78/><T3/><D119/><U130/><E130/><V89/><F77/><W132/><G132/><T56/><D102/><U29/><E19/><V91/><F35/><W84/><G84/><T44/><D75/><U58/><E54/><N who="2" m="31951" /><F28/><W74/><REACH who="3" step="1"/><G98/><REACH who="3" ten="251,289,261,189" step="2"/><T71/><D53/><U83/><E83/><V60/><F8/><AGARI ba="2,1" hai="8,15,18,21,25,29,37,40,45,50,51,52,58,61" machi="8" ten="30,3900,0" yaku="7,1,52,1,54,1" doraHai="69" who="1" fromWho="2" sc="251,0,289,55,261,-45,189,0" owari="251,5.0,344,44.0,216,-18.0,189,-31.0" /></mjloggm>