<mjloggm ver="2.3"><GO type="185" lobby="0"/><UN n0="%E9%96%A2%E8%A5%BF%E9%9B%80%E5%A3%AB%E4%BC%9A" n1="%E3%82%AA%E3%83%A0%E3%81%82%E3%82%93%E3%81%93" n2="%E3%81%B7%E3%82%8A%E3%81%B7%E3%82%8A%EF%BC%92%EF%BC%90%EF%BC%90%EF%BC%91" n3="" dan="16,16,16,0" rate="2101.35,2120.45,2149.65,1500.00" sx="M,M,M,C"/><TAIKYOKU oya="0"/><INIT seed="0,0,0,2,1,3" ten="350,350,350,0" oya="0" hai0="119,109,101,115,122,104,54,127,135,69,70,71,121" hai1="56,33,118,82,94,52,103,86,83,51,111,37,91" hai2="55,65,57,64,97,63,58,105,80,134,50,67,75" hai3=""/><T93/><N who="0" m="31008" /><T100/><N who="0" m="31264" /><T120/><N who="0" m="30752" /><T1/><D1/><U131/><E118/><V87/><F75/><T124/><D119/><U126/><E37/><V35/><F134/><T113/><D135/><U92/><E33/><V85/><F85/><T36/><D36/><U68/><E68/><V32/><F97/><T47/><D104/><U110/><E131/><V114/><F105/><T99/><D101/><U66/><E66/><V34/><REACH who="2" step="1"/><F114/><REACH who="2" ten="350,350,340,0" step="2"/><T133/><D133/><U132/><E132/><V40/><F40/><T39/><D109/><U73/><E73/><V48/><F48/><T102/><D102/><U130/><E103/><V60/><F60/><T84/><D84/><U79/><E51/><V108/><F108/><T89/><D100/><U88/><E86/><V77/><AGARI ba="0,1" hai="32,34,35,50,55,57,58,63,64,65,67,77,80,87" machi="77" ten="30,6000,1" yaku="1,1,0,1,52,3,53,0" doraHai="3" doraHaiUra="129" who="2" fromWho="2" sc="350,-40,350,-20,340,70,0,0" /><INIT seed="1,0,0,1,4,124" ten="310,330,410,0" oya="1" hai0="65,110,44,90,83,104,52,42,35,59,92,125,91" hai1="62,41,103,81,71,78,58,38,115,32,55,46,45" hai2="36,54,133,129,123,68,73,132,94,89,34,108,93" hai3=""/><U3/><E32/><V57/><N who="2" m="31520" /><V70/><F34/><T107/><D35/><U69/><E3/><V87/><F36/><T96/><D125/><U131/><E115/><V135/><F73/><T50/><D65/><U77/><E103/><V105/><F105/><T2/><D110/><U76/><E46/><V130/><F94/><T119/><D119/><U43/><E43/><V120/><N who="2" m="30752" /><V0/><F108/><T67/><D67/><U98/><E98/><V56/><F0/><T128/><D2/><U60/><E60/><V63/><F56/><T80/><D91/><U126/><E126/><V97/><REACH who="2" step="1"/><F97/><REACH who="2" ten="310,330,400,0" step="2"/><T116/><D107/><U79/><REACH who="1" step="1"/><E131/><AGARI ba="0,1" hai="54,57,63,68,70,87,89,93,129,130,131,132,133,135" m="30752,31520" machi="131" ten="50,16000,3" yaku="1,1,2,1,19,1,20,1,52,5,53,0" doraHai="124" doraHaiUra="101" who="2" fromWho="1" sc="310,0,330,-160,400,170,0,0" /><INIT seed="2,0,0,1,3,80" ten="310,170,570,0" oya="2" hai0="119,84,34,40,62,126,52,102,38,41,69,109,58" hai1="90,76,1,106,73,103,83,98,81,107,118,70,112" hai2="68,124,113,88,56,85,94,122,66,78,53,43,42" hai3=""/><V55/><N who="2" m="31264" /><V111/><F113/><T93/><D119/><U33/><E70/><V45/><F124/><T95/><D34/><U104/><E1/><V100/><F111/><T71/><D126/><U63/><E63/><V133/><F133/><T79/><D109/><U64/><E64/><V114/><F114/><T99/><D38/><U77/><E33/><V125/><F125/><T105/><D105/><U127/><E112/><V65/><F100/><T0/><D0/><U54/><E54/><V48/><F78/><T132/><D132/><U123/><N who="1" m="31520" /><U116/><E127/><V96/><F96/><T51/><D71/><U97/><E90/><V35/><F35/><T36/><D36/><U46/><E46/><V110/><F110/><T74/><D74/><U135/><E135/><V67/><F68/><T89/><D79/><U2/><E2/><V61/><AGARI ba="0,0" hai="42,43,45,48,53,55,56,61,65,66,67,85,88,94" m="31264" machi="61" ten="30,8000,1" yaku="0,1,8,1,52,2,54,1" doraHai="80" who="2" fromWho="2" sc="310,-40,170,-40,570,80,0,0" /><INIT seed="2,1,0,1,2,74" ten="270,130,650,0" oya="2" hai0="58,109,73,80,70,49,91,57,119,96,78,63,65" hai1="79,86,64,87,61,0,125,110,55,120,54,47,3" hai2="48,77,50,112,94,99,75,56,60,34,44,100,128" hai3=""/><V132/><F112/><T89/><D119/><U117/><N who="1" m="30752" /><U84/><E117/><V76/><F34/><T103/><D109/><U42/><E110/><V45/><F75/><T69/><D69/><U122/><N who="1" m="31264" /><U59/><E125/><V40/><F128/><T131/><D131/><U97/><E97/><V111/><F132/><T107/><D49/><U127/><E127/><V88/><F100/><T116/><D116/><U1/><REACH who="1" step="1"/><E79/><REACH who="1" ten="270,120,650,0" step="2"/><V33/><F111/><T113/><D113/><U52/><E52/><V72/><F72/><T66/><D70/><U135/><E135/><V106/><F33/><T41/><D41/><U115/><E115/><V37/><F106/><T35/><D35/><U36/><AGARI ba="1,1" hai="0,1,3,36,42,47,54,55,59,61,64,84,86,87" m="31264,30752" machi="36" ten="40,6000,1" yaku="1,1,0,1,52,2,53,0" doraHai="74" doraHaiUra="90" who="1" fromWho="1" sc="270,-21,120,72,650,-41,0,0" /><INIT seed="4,0,0,5,3,98" ten="249,192,609,0" oya="0" hai0="36,120,99,79,44,78,124,127,33,102,63,35,50" hai1="52,45,125,117,3,62,107,60,68,100,47,81,104" hai2="77,46,108,95,110,0,85,37,55,87,112,92,43" hai3=""/><T70/><N who="0" m="30752" /><T121/><N who="0" m="31008" /><T89/><D36/><U64/><E3/><V56/><F0/><T75/><D89/><U69/><E117/><V48/><F112/><T114/><D114/><U105/><E81/><V88/><F77/><T80/><D78/><U65/><E125/><N who="0" m="48201" /><D63/><U94/><E52/><V129/><F129/><T39/><D39/><U86/><E86/><V106/><F106/><T76/><D76/><U66/><E65/><V73/><F73/><T132/><D132/><U130/><E130/><V71/><F71/><T123/><N who="0" m="31520" /><T2/><D70/><U115/><E115/><V41/><F37/><T118/><D118/><U42/><E42/><V54/><F43/><T53/><D2/><U90/><E90/><V72/><F41/><T93/><AGARI ba="0,0" hai="33,35,44,50,53,75,79,80,93,99,102" m="31520,48201,31008,30752" machi="93" ten="30,8000,1" yaku="18,1,52,4" doraHai="98" who="0" fromWho="0" sc="249,80,192,-40,609,-40,0,0" /><INIT seed="4,1,0,1,1,79" ten="329,152,569,0" oya="0" hai0="76,73,53,75,134,113,71,106,66,63,110,81,91" hai1="85,130,60,38,61,39,109,52,42,117,56,55,68" hai2="78,129,43,92,35,126,101,132,121,100,122,87,82" hai3=""/><T80/><D113/><U84/><E84/><V45/><N who="2" m="31008" /><V41/><N who="2" m="31264" /><V128/><F35/><T51/><D106/><U74/><E85/><V37/><F126/><T32/><D32/><U112/><E74/><V72/><F132/><T135/><D110/><U57/><E109/><V0/><F0/><T133/><D91/><U58/><E117/><V33/><F43/><T44/><REACH who="0" step="1"/><D76/><REACH who="0" ten="319,152,569,0" step="2"/><U119/><E119/><V54/><F33/><T3/><D3/><U90/><E90/><V62/><F78/><T2/><D2/><U47/><E112/><V102/><F102/><T59/><D59/><U103/><E103/><V95/><F101/><T115/><D115/><U131/><E68/><V34/><F100/><T114/><D114/><U88/><E88/><V65/><F34/><T69/><D69/><U46/><E58/><V93/><F72/><AGARI ba="1,1" hai="44,51,53,63,66,71,72,73,75,80,81,133,134,135" machi="72" ten="50,12000,1" yaku="1,1,20,1,52,2,53,1" doraHai="79" doraHaiUra="64" who="0" fromWho="2" sc="319,132,152,0,569,-122,0,0" /><INIT seed="4,2,0,3,2,3" ten="451,152,447,0" oya="0" hai0="101,87,63,42,38,131,74,103,126,119,50,75,78" hai1="1,85,41,58,76,46,95,92,107,39,72,73,67" hai2="114,45,132,77,98,108,111,59,94,80,89,2,134" hai3=""/><T135/><D119/><U82/><E1/><V48/><F2/><T116/><D116/><U91/><E107/><V115/><F59/><T34/><D135/><N who="2" m="51754" /><F45/><T33/><D131/><U70/><E70/><V104/><F48/><T110/><D126/><U44/><E44/><V97/><F97/><T43/><D38/><U55/><E67/><V68/><F104/><T62/><D87/><U118/><E118/><V54/><F54/><T117/><D117/><U93/><REACH who="1" step="1"/><E72/><REACH who="1" ten="451,142,447,0" step="2"/><V124/><F68/><T57/><D57/><U49/><AGARI ba="2,1" hai="39,41,46,49,55,58,73,76,82,85,91,92,93,95" machi="49" ten="20,3900,0" yaku="1,1,2,1,0,1,7,1,53,0" doraHai="3" doraHaiUra="66" who="1" fromWho="1" sc="451,-28,142,53,447,-15,0,0" /><INIT seed="5,0,0,2,3,96" ten="423,195,432,0" oya="1" hai0="113,77,99,36,74,118,52,2,115,42,81,46,80" hai1="44,86,111,120,112,58,101,65,131,87,127,134,34" hai2="123,103,133,54,60,110,76,83,66,124,100,69,132" hai3=""/><U106/><N who="1" m="30752" /><U47/><E34/><V116/><N who="2" m="31520" /><V53/><F116/><T90/><D2/><U92/><E111/><V107/><F110/><T68/><D68/><U0/><E0/><V122/><N who="2" m="31264" /><V84/><F124/><T3/><D3/><U38/><E127/><V67/><F67/><T102/><D118/><U70/><E70/><V55/><F107/><T39/><D39/><U71/><E71/><V126/><F126/><T62/><D81/><U33/><E33/><V50/><F50/><T89/><D62/><U125/><E125/><V97/><F97/><T35/><D35/><U41/><E106/><V73/><F73/><T75/><D74/><U114/><E47/><V79/><F79/><T32/><D32/><U56/><E56/><V98/><F98/><T64/><D64/><U57/><E57/><V91/><F76/><T48/><D42/><U43/><E43/><V105/><F105/><T104/><REACH who="0" step="1"/><D36/><REACH who="0" ten="413,195,432,0" step="2"/><U49/><E38/><V130/><F130/><T37/><D37/><U119/><E119/><V61/><F61/><T117/><D117/><U51/><E131/><V95/><F83/><T135/><D135/><AGARI ba="0,1" hai="53,54,55,60,66,69,84,91,95,100,103,132,133,135" m="31264,31520" machi="135" ten="40,8000,1" yaku="20,1,52,4" doraHai="96" who="2" fromWho="0" sc="413,-80,195,0,432,90,0,0" /><INIT seed="6,0,0,1,2,101" ten="333,195,522,0" oya="2" hai0="35,119,134,42,77,47,34,52,69,135,79,37,75" hai1="53,95,2,36,60,120,1,90,78,51,55,86,45" hai2="118,106,124,62,39,81,63,108,91,126,113,59,85" hai3=""/><V111/><F118/><T50/><D119/><U58/><N who="1" m="30752" /><U70/><E78/><V133/><F106/><T107/><D69/><U127/><E127/><V105/><F105/><T3/><D3/><U97/><E86/><V71/><F39/><T98/><D75/><U115/><E115/><V54/><F113/><T103/><D35/><U104/><E2/><V57/><F71/><T109/><D109/><N who="2" m="42058" /><F133/><N who="0" m="50698" /><D34/><U67/><E1/><V128/><F128/><T87/><D87/><U43/><REACH who="1" step="1"/><E55/><AGARI ba="0,0" hai="54,55,57,59,62,63,81,85,91,124,126" m="42058" machi="55" ten="30,1500,0" yaku="10,1" doraHai="101" who="2" fromWho="1" sc="333,0,195,-15,522,15,0,0" owari="333,-7.0,180,-42.0,537,49.0,0,0.0" /></mjloggm>