<mjloggm ver="2.3"><GO type="185" lobby="0"/><UN n0="%E7%B6%BE%E7%80%AC%E7%A9%82%E4%B9%83%E9%A6%99" n1="%E3%82%A2%E3%83%AA%E3%82%A2%E3%83%AA%E5%90%9B" n2="%74%69%65%66%62%6C%61%75" n3="" dan="18,16,16,0" rate="2338.35,2222.96,2128.20,1500.00" sx="F,M,M,C"/><TAIKYOKU oya="0"/><BYE who="2" /><UN n2="%74%69%65%66%62%6C%61%75" /><INIT seed="0,0,0,3,1,80" ten="350,350,350,0" oya="0" hai0="36,49,108,43,100,128,98,132,94,112,69,62,68" hai1="120,113,110,115,134,124,81,127,129,52,60,85,71" hai2="119,83,82,41,123,56,35,88,46,102,109,126,65" hai3=""/><T40/><D112/><N who="1" m="43083" /><E134/><V101/><N who="2" m="31520" /><V86/><F35/><T72/><D132/><U66/><N who="1" m="30752" /><U99/><E99/><V47/><F119/><T84/><D128/><U32/><E32/><V133/><F133/><T105/><D72/><U89/><E129/><V122/><N who="2" m="31264" /><V92/><F126/><T97/><D108/><U73/><E73/><V53/><F109/><T57/><D36/><U75/><E110/><V51/><F65/><T125/><D125/><N who="1" m="48203" /><E75/><V76/><F82/><T116/><D98/><U0/><E52/><V107/><F107/><T63/><D105/><U48/><E48/><V64/><F64/><T50/><D50/><U55/><E55/><V130/><F130/><T79/><D49/><U42/><E42/><V87/><REACH who="2" step="1"/><F47/><REACH who="2" ten="350,350,340,0" step="2"/><T114/><D114/><U95/><E0/><V1/><F1/><T111/><D111/><U93/><AGARI ba="0,1" hai="60,66,71,81,85,89,93,95" m="48203,30752,43083" machi="93" ten="40,6000,1" yaku="11,1,18,1,52,2" doraHai="80" who="1" fromWho="1" sc="350,-40,350,70,340,-20,0,0" /><INIT seed="1,0,0,4,4,119" ten="310,420,320,0" oya="1" hai0="39,101,35,46,95,88,133,36,94,33,52,125,123" hai1="49,97,103,111,60,0,58,129,42,43,1,122,120" hai2="66,3,65,50,105,75,127,113,114,96,41,93,57" hai3=""/><U124/><N who="1" m="30752" /><U117/><N who="1" m="31264" /><U106/><E117/><V126/><F3/><T104/><N who="0" m="31520" /><T87/><D133/><U38/><E38/><V51/><F75/><T47/><D125/><N who="2" m="47626" /><F105/><T74/><D74/><U90/><E124/><V84/><F41/><T112/><D104/><U135/><E135/><V109/><F84/><T54/><D101/><U81/><E129/><V121/><N who="2" m="31008" /><V71/><F109/><T37/><D112/><N who="2" m="43114" /><F71/><T70/><D70/><U68/><E68/><V48/><F57/><T56/><D56/><U80/><E111/><V132/><F132/><T73/><D73/><U118/><E118/><V78/><F78/><T91/><D39/><U64/><E43/><V62/><F62/><T89/><D37/><U115/><E115/><V108/><F108/><T100/><D36/><U72/><E72/><V55/><F55/><T92/><D87/><U79/><E79/><V116/><F116/><T32/><D54/><U98/><E0/><V63/><F63/><T85/><D85/><U131/><E1/><V77/><F77/><T53/><D53/><U45/><REACH who="1" step="1"/><E131/><REACH who="1" ten="310,410,320,0" step="2"/><V44/><F44/><T69/><D69/><U86/><E86/><V83/><F83/><T107/><D47/><U2/><E2/><RYUUKYOKU ba="0,1" sc="310,-20,410,10,320,10,0,0" hai1="42,45,49,58,60,64,80,81,90,97,98,103,106" hai2="48,50,51,65,66,93,96" /><INIT seed="1,1,1,1,5,54" ten="290,420,330,0" oya="1" hai0="92,83,41,120,79,102,133,100,76,119,69,126,84" hai1="50,95,38,125,65,135,45,62,80,51,112,134,37" hai2="47,118,44,81,43,52,117,116,53,99,107,77,105" hai3=""/><U70/><E112/><V129/><F129/><T56/><N who="0" m="30752" /><T131/><D126/><U60/><E125/><V66/><F66/><T111/><D69/><U1/><E1/><V40/><F99/><T3/><D3/><U94/><E80/><V0/><F0/><T109/><D41/><U58/><E94/><V35/><F35/><T110/><D131/><U46/><E95/><V72/><F105/><T91/><D133/><U42/><E135/><V96/><F96/><T127/><D127/><U78/><E78/><N who="0" m="29737" /><D119/><U106/><E106/><V103/><F103/><N who="0" m="39466" /><D56/><U86/><E86/><V33/><F107/><T67/><D67/><U113/><E113/><V2/><F33/><T104/><D104/><U128/><E128/><V108/><F2/><T114/><D114/><U88/><E134/><V82/><F116/><T75/><D75/><U55/><E88/><V36/><F72/><T39/><D39/><U64/><AGARI ba="1,1" hai="37,38,42,45,46,50,51,55,58,60,62,64,65,70" machi="64" ten="20,16000,3" yaku="0,1,7,1,35,6,52,1" doraHai="54" who="1" fromWho="1" sc="290,-81,420,172,330,-81,0,0" /><INIT seed="1,2,0,4,2,79" ten="209,592,249,0" oya="1" hai0="49,43,100,3,2,73,76,130,88,81,108,109,84" hai1="36,128,119,75,57,93,95,61,51,37,126,74,92" hai2="97,33,52,110,32,65,129,82,86,106,46,90,116" hai3=""/><U115/><E119/><V114/><F116/><T56/><D130/><U96/><E128/><V127/><F129/><T105/><D43/><U44/><E115/><V40/><F114/><T99/><D56/><U131/><E131/><V39/><F127/><T91/><D49/><U58/><E96/><V134/><F134/><T67/><D67/><U107/><E107/><V48/><F110/><N who="0" m="42602" /><D91/><U122/><N who="1" m="31264" /><U54/><E126/><V98/><F65/><T60/><D60/><U118/><E118/><V117/><F117/><T104/><D104/><U42/><REACH who="1" step="1"/><E37/><REACH who="1" ten="209,582,249,0" step="2"/><V78/><F98/><T34/><D34/><U70/><E70/><V1/><F1/><T94/><AGARI ba="2,1" hai="2,3,73,76,81,84,88,94,99,100,105" m="42602" machi="94" ten="30,5900,0" yaku="24,1,14,1,52,1,54,1" doraHai="79" who="0" fromWho="0" sc="209,73,582,-41,249,-22,0,0" /><INIT seed="2,0,0,3,1,126" ten="282,541,227,0" oya="2" hai0="133,49,91,85,128,54,56,109,132,94,113,106,105" hai1="97,78,98,3,57,38,101,124,52,39,131,90,125" hai2="70,120,68,75,37,127,123,72,119,87,77,66,44" hai3=""/><V102/><F119/><T51/><D109/><U88/><E3/><V110/><N who="2" m="30752" /><V62/><N who="2" m="31520" /><V63/><F127/><N who="1" m="48713" /><E78/><V76/><F110/><T64/><D113/><U0/><E0/><V117/><F117/><T59/><D128/><U121/><N who="1" m="31008" /><U48/><E131/><V69/><F102/><T82/><D94/><U74/><E74/><V107/><F107/><T134/><REACH who="0" step="1"/><D49/><REACH who="0" ten="272,541,227,0" step="2"/><U100/><E38/><V40/><F63/><AGARI ba="0,1" hai="51,54,56,59,63,64,82,85,91,105,106,132,133,134" machi="63" ten="40,8000,1" yaku="1,1,2,1,20,1,53,1" doraHai="126" doraHaiUra="50" who="0" fromWho="2" sc="272,90,541,0,227,-80,0,0" /><INIT seed="4,0,0,2,4,36" ten="362,541,147,0" oya="0" hai0="128,32,83,55,105,96,88,108,37,68,54,58,119" hai1="134,72,73,51,67,104,90,127,93,89,95,98,85" hai2="62,117,60,35,86,121,63,92,74,0,38,80,131" hai3=""/><T47/><D119/><U106/><E67/><V101/><N who="2" m="31008" /><V91/><F0/><T110/><D32/><U61/><E61/><V111/><F35/><T129/><D68/><U125/><E51/><V53/><F117/><T43/><D105/><N who="1" m="40555" /><E134/><V113/><F111/><N who="0" m="42538" /><D83/><U133/><E133/><V116/><F116/><T115/><D115/><U100/><E100/><V87/><F113/><T78/><D78/><U75/><AGARI ba="0,0" hai="72,73,75,85,89,90,93,95,98,125,127" m="40555" machi="75" ten="40,2000,0" yaku="34,2" doraHai="36" who="1" fromWho="1" sc="362,-13,541,20,147,-7,0,0" /><INIT seed="5,0,0,3,0,48" ten="349,561,140,0" oya="1" hai0="45,69,123,85,92,41,82,114,97,79,65,113,34" hai1="2,52,50,67,135,128,71,104,68,77,0,46,40" hai2="3,32,91,98,108,51,122,55,103,101,36,96,62" hai3=""/><U80/><E104/><V118/><N who="2" m="31264" /><V43/><F3/><T111/><N who="0" m="31520" /><T63/><D111/><U58/><E135/><V132/><F32/><T59/><D69/><U95/><E95/><V94/><F108/><T78/><D78/><U117/><E117/><V61/><F132/><T86/><D86/><U73/><E128/><V124/><F118/><T44/><D34/><U60/><E71/><V49/><F124/><T47/><REACH who="0" step="1"/><D41/><REACH who="0" ten="339,561,140,0" step="2"/><U134/><E134/><V127/><F127/><T66/><D66/><U57/><E68/><V35/><F35/><T129/><D129/><U120/><N who="1" m="30752" /><U39/><AGARI ba="0,1" hai="0,2,39,40,46,50,52,57,58,60,67,73,77,80" m="30752" machi="39" ten="20,12000,2" yaku="4,1,0,1,7,1,52,2,54,1" doraHai="48" who="1" fromWho="1" sc="339,-60,561,130,140,-60,0,0" /><INIT seed="5,1,0,2,2,97" ten="279,691,80,0" oya="1" hai0="44,87,99,122,57,79,110,86,46,125,119,129,75" hai1="62,38,101,45,82,96,2,53,132,100,65,123,50" hai2="89,41,71,80,112,58,43,92,107,63,134,130,72" hai3=""/><U106/><N who="1" m="31520" /><U135/><E2/><V40/><F130/><T68/><N who="0" m="31264" /><T54/><D110/><U113/><E113/><V39/><F134/><T124/><D68/><U36/><E100/><V73/><F112/><T3/><D3/><U42/><E82/><V88/><F39/><T94/><D75/><U52/><E53/><V91/><F71/><T76/><D119/><U98/><E98/><V126/><F107/><T37/><D129/><U0/><E0/><V32/><F32/><T131/><D131/><U49/><E49/><V118/><F118/><T64/><D37/><U47/><E38/><V117/><F117/><T48/><D64/><U33/><E33/><V69/><F69/><T108/><D108/><U133/><E62/><V81/><F126/><T102/><D125/><U56/><E65/><V111/><F111/><T77/><D124/><U104/><E45/><AGARI ba="1,0" hai="44,45,46,48,54,57,76,77,79,86,87,94,99,102" m="31264" machi="45" ten="40,5200,0" yaku="8,1,52,2" doraHai="97" who="0" fromWho="1" sc="279,54,691,-54,80,0,0,0" /><INIT seed="6,0,0,0,2,39" ten="333,637,80,0" oya="2" hai0="92,53,79,40,118,135,101,56,51,34,82,52,90" hai1="113,99,97,115,123,48,73,125,2,91,38,63,114" hai2="126,77,75,96,43,55,129,132,41,130,107,103,72" hai3=""/><V1/><F1/><T50/><D34/><U128/><N who="1" m="31520" /><U127/><E2/><V94/><F126/><T37/><D118/><U80/><E38/><V36/><F132/><T62/><D135/><U64/><E128/><N who="2" m="49259" /><F36/><T117/><D117/><U95/><E48/><V71/><F71/><T47/><D101/><U65/><E99/><V89/><F55/><T88/><D92/><U102/><E64/><V44/><F44/><T109/><D109/><U74/><E102/><V131/><N who="2" m="49267" /><V42/><DORA hai="59" /><F77/><T111/><D111/><U106/><E106/><V3/><F3/><T54/><D37/><U112/><E112/><V69/><F69/><T49/><D47/><U122/><N who="1" m="31264" /><U87/><E127/><V110/><F110/><T68/><D68/><U35/><E35/><V57/><F57/><T105/><D79/><U133/><E133/><V78/><F78/><T81/><D54/><U121/><N who="1" m="31008" /><U85/><E125/><V61/><F61/><T32/><D32/><U93/><E63/><V100/><F100/><T66/><D53/><U108/><E108/><V119/><F119/><T120/><D52/><U116/><E116/><V60/><F60/><T134/><D62/><U98/><E65/><V104/><F104/><RYUUKYOKU ba="0,0" sc="333,-10,637,-10,80,20,0,0" hai2="41,42,43,72,75,89,94,96,103,107" /><INIT seed="6,1,0,2,4,101" ten="323,627,100,0" oya="2" hai0="92,105,111,116,81,33,126,70,108,32,62,103,44" hai1="34,99,90,109,76,98,53,79,72,127,56,122,43" hai2="114,130,106,134,48,51,64,36,60,86,87,63,67" hai3=""/><V82/><F130/><T96/><D116/><U128/><N who="1" m="31264" /><U0/><E34/><V55/><F134/><T52/><D126/><U132/><E127/><V2/><F2/><T1/><D1/><U65/><E0/><V100/><F36/><T42/><D81/><U61/><E128/><V95/><F114/><T133/><D133/><U50/><E132/><V69/><F106/><T93/><D93/><U104/><E43/><V131/><F131/><T89/><D108/><U46/><E72/><V117/><F117/><T124/><D111/><U35/><E35/><V78/><F55/><T84/><D124/><U54/><E109/><V66/><F66/><T135/><D135/><U40/><E104/><V85/><F100/><T94/><D105/><U39/><E54/><V123/><N who="2" m="31520" /><V115/><F115/><T119/><D119/><U113/><E113/><V118/><F118/><T112/><D112/><U125/><E125/><V110/><F110/><T80/><D52/><U73/><E39/><V57/><REACH who="2" step="1"/><F95/><REACH who="2" ten="323,627,90,0" step="2"/><T75/><D92/><U49/><E53/><V71/><F71/><T47/><D32/><U58/><E65/><V59/><F59/><T107/><D33/><U68/><E56/><V102/><F102/><T74/><D107/><RYUUKYOKU ba="1,1" sc="323,-10,627,-10,90,20,0,0" hai2="48,51,57,60,63,64,67,69,78,82,85,86,87" /><INIT seed="6,2,1,0,3,98" ten="313,617,110,0" oya="2" hai0="122,76,73,80,135,38,129,77,68,126,3,82,96" hai1="37,78,52,40,48,91,83,125,50,41,61,74,120" hai2="70,57,104,32,2,107,35,93,85,60,119,46,132" hai3=""/><V88/><F2/><T114/><RYUUKYOKU type="yao9" ba="2,1" sc="313,0,617,0,110,0,0,0" hai0="3,38,68,73,76,77,80,82,96,114,122,126,129,135" /><INIT seed="6,3,1,2,0,119" ten="313,617,110,0" oya="2" hai0="120,99,36,132,83,114,58,104,66,76,97,45,108" hai1="129,98,89,92,101,123,109,73,133,75,51,48,3" hai2="112,61,71,32,68,72,60,96,59,125,78,52,82" hai3=""/><V79/><F32/><T126/><N who="0" m="30752" /><T57/><D108/><U110/><N who="1" m="31520" /><U2/><E133/><V65/><F125/><T53/><D132/><U106/><E129/><V46/><F112/><T100/><D126/><U86/><E51/><V38/><F79/><T55/><D114/><U69/><E69/><V39/><F68/><T115/><D115/><U50/><E50/><V67/><F96/><T0/><D0/><U124/><E124/><V131/><F131/><T127/><D127/><U95/><E48/><V40/><REACH who="2" step="1"/><F38/><REACH who="2" ten="313,617,100,0" step="2"/><T128/><D128/><U1/><E110/><V43/><F43/><T116/><D99/><U80/><E109/><V70/><F70/><T130/><D130/><U49/><E2/><V63/><F63/><T90/><D76/><U91/><E1/><V113/><F113/><T37/><D37/><U84/><E3/><V41/><F41/><T107/><D36/><U88/><E49/><V74/><F74/><T77/><D77/><U117/><E73/><V34/><F34/><T121/><D97/><U35/><E75/><V94/><F94/><T134/><D134/><U64/><E35/><V105/><F105/><T62/><D107/><U54/><E106/><V33/><F33/><T47/><D104/><RYUUKYOKU ba="3,2" sc="313,-10,617,-10,100,20,0,0" hai2="39,40,46,52,59,60,61,65,67,71,72,78,82" /><INIT seed="6,4,2,1,3,50" ten="303,607,120,0" oya="2" hai0="128,89,46,81,94,129,58,117,76,3,0,125,42" hai1="52,118,114,77,64,53,90,103,93,32,83,66,100" hai2="92,116,60,97,120,70,95,111,86,56,112,91,88" hai3=""/><V127/><N who="2" m="30752" /><V39/><F116/><T82/><D117/><U38/><E118/><V124/><F112/><T78/><D58/><U87/><E38/><V99/><F111/><T36/><D125/><N who="2" m="48202" /><F70/><T98/><D81/><U54/><E114/><V110/><F110/><T65/><D65/><N who="1" m="25195" /><E32/><V72/><F39/><T130/><D78/><U57/><E57/><V61/><F72/><AGARI ba="4,2" hai="0,3,36,42,46,72,76,82,89,94,98,128,129,130" machi="72" ten="40,1300,0" yaku="19,1" doraHai="50" who="0" fromWho="2" sc="303,41,607,0,120,-21,0,0" owari="344,-6.0,607,56.0,99,-50.0,0,0.0" /></mjloggm>