<mjloggm ver="2.3"><GO type="169" lobby="0"/><UN n0="%E5%BD%A9%E4%BA%AC" n1="%E3%83%9C%E3%83%9E%E3%83%BC" n2="%E3%81%84%E3%81%84%E3%81%9E" n3="%E7%99%BD%E3%83%90%E3%83%A9%E3%82%B3%E3%83%BC%E3%83%92%E3%83%BC" dan="17,16,16,16" rate="2186.70,2170.34,2116.96,2064.93" sx="M,M,M,M"/><TAIKYOKU oya="0"/><INIT seed="0,0,0,2,0,117" ten="250,250,250,250" oya="0" hai0="135,24,75,53,50,30,84,41,17,5,115,93,131" hai1="65,105,74,100,23,57,29,62,103,48,47,111,130" hai2="112,119,34,37,64,77,38,26,102,2,109,114,101" hai3="86,40,15,22,113,128,27,97,121,71,73,25,99"/><T21/><D115/><U14/><E111/><V108/><F2/><W20/><G113/><N who="2" m="43625" /><F77/><W58/><G71/><T33/><D135/><U28/><E130/><V124/><F64/><W56/><G73/><T80/><D131/><U8/><E74/><V94/><F94/><W32/><G40/><T87/><D41/><N who="1" m="24687" /><E105/><V39/><F124/><W49/><G15/><T13/><D5/><N who="1" m="3343" /><E23/><V96/><F96/><W126/><G49/><T35/><D75/><U19/><E19/><V120/><F26/><W63/><G63/><T70/><D70/><U54/><E65/><V66/><F66/><W46/><G46/><T7/><D35/><U116/><E116/><V59/><F59/><W127/><G86/><T82/><D7/><U60/><E60/><V92/><F92/><W118/><G118/><T98/><D87/><U12/><E12/><V69/><F119/><W107/><G128/><T106/><D106/><U18/><E18/><V132/><F69/><W76/><G107/><T67/><D67/><U52/><E54/><V16/><F34/><W91/><G32/><T51/><D51/><U83/><E83/><V0/><F0/><W134/><G134/><T61/><D61/><U10/><E10/><V133/><F16/><W43/><G43/><T1/><D84/><U89/><E89/><V122/><F133/><W125/><G91/><N who="0" m="55615" /><D1/><U3/><E3/><V85/><F132/><W90/><G90/><T88/><D88/><U45/><E45/><V104/><F85/><W95/><G126/><T42/><D42/><U129/><E129/><V78/><F104/><W68/><G127/><RYUUKYOKU ba="0,0" sc="250,15,250,15,250,-15,250,-15" hai0="13,17,21,24,30,33,50,53,80,82" hai1="28,29,52,57,62,100,103" /><INIT seed="0,1,0,5,1,78" ten="265,265,235,235" oya="0" hai0="41,134,135,54,72,111,63,36,50,81,65,11,59" hai1="120,15,27,39,105,32,132,26,100,23,21,8,0" hai2="66,112,104,80,76,31,69,121,61,70,20,126,110" hai3="98,16,3,107,9,109,4,56,95,14,49,82,85"/><T102/><D102/><U35/><E39/><V47/><F121/><W93/><G109/><T58/><D11/><U6/><E100/><V29/><F112/><W91/><G107/><T75/><D111/><U77/><E77/><V124/><F70/><W73/><G73/><T10/><D10/><N who="1" m="2375" /><E105/><V84/><F104/><W34/><G34/><N who="1" m="12842" /><E120/><V40/><F110/><W123/><G123/><T60/><D81/><U25/><E132/><N who="0" m="50729" /><D75/><U22/><E22/><V122/><F20/><W55/><G98/><T131/><D72/><U7/><AGARI ba="1,0" hai="7,8,15,21,23,25,26,27" m="12842,2375" machi="7" ten="30,8000,1" yaku="35,5" doraHai="78" who="1" fromWho="1" sc="265,-41,265,83,235,-21,235,-21" /><INIT seed="1,0,0,1,5,109" ten="224,348,214,214" oya="1" hai0="95,112,67,10,128,127,23,107,2,21,100,58,119" hai1="93,94,25,41,83,38,48,92,11,132,32,80,101" hai2="1,104,20,44,35,102,86,29,55,54,27,87,65" hai3="4,61,28,134,117,63,5,135,78,110,0,26,6"/><U97/><E38/><V82/><F1/><W12/><G78/><T79/><D119/><U52/><E41/><V57/><F104/><W74/><G74/><T85/><D127/><U62/><E62/><V90/><F102/><W116/><G61/><T40/><D128/><U123/><E123/><V8/><F8/><W53/><G53/><T59/><D40/><U72/><E132/><N who="3" m="50730" /><G63/><T14/><D2/><U68/><E68/><V89/><F65/><W84/><G84/><T13/><D107/><U71/><E71/><V64/><F64/><W105/><G105/><T131/><D67/><U16/><E32/><V73/><F73/><W19/><G0/><T99/><D59/><N who="1" m="33159" /><E72/><V91/><F44/><W113/><G113/><T36/><D112/><U103/><E11/><V30/><F57/><W9/><G110/><T96/><D58/><U31/><E31/><V121/><F121/><W22/><AGARI ba="0,0" hai="4,5,6,9,12,19,22,26,28,116,117" m="50730" machi="22" ten="40,5200,0" yaku="20,1,34,2" doraHai="109" who="3" fromWho="3" sc="224,-13,348,-26,214,-13,214,52" /><INIT seed="2,0,0,5,4,116" ten="211,322,201,266" oya="2" hai0="1,78,24,55,128,29,42,90,16,25,47,74,37" hai1="123,69,94,57,106,86,118,81,134,36,113,54,120" hai2="108,92,131,132,97,50,4,101,109,33,89,17,56" hai3="107,79,10,12,53,110,105,72,21,45,31,112,91"/><V48/><F132/><W49/><G110/><N who="2" m="42601" /><F131/><W46/><G112/><T75/><D128/><U27/><E69/><V103/><F33/><W70/><G70/><T85/><D1/><U3/><E36/><V126/><F126/><W73/><G105/><T7/><D7/><U22/><E3/><V111/><N who="2" m="42609" /><V104/><DORA hai="6" /><F4/><W93/><G107/><T102/><D102/><N who="2" m="38922" /><F104/><W44/><G79/><T14/><D78/><N who="1" m="46391" /><E106/><V127/><F127/><W52/><G73/><T28/><D28/><N who="1" m="17527" /><E113/><V38/><F38/><W32/><G72/><T23/><D25/><U41/><E118/><V2/><F2/><W130/><G32/><T82/><REACH who="0" step="1"/><D55/><REACH who="0" ten="201,322,201,266" step="2"/><U19/><E134/><V65/><F17/><N who="3" m="8343" /><G130/><T96/><D96/><U39/><E19/><V125/><F125/><W13/><G53/><T43/><D43/><U115/><E41/><V9/><F9/><AGARI ba="0,1" hai="9,14,16,23,24,29,37,42,47,74,75,82,85,90" machi="9" ten="30,7700,0" yaku="1,1,7,1,52,1,54,1,53,0" doraHai="116,6" doraHaiUra="122,64" who="0" fromWho="2" sc="201,87,322,0,201,-77,266,0" /><INIT seed="3,0,0,3,1,97" ten="288,322,124,266" oya="3" hai0="25,52,1,72,132,45,19,120,14,96,93,95,118" hai1="27,98,90,122,91,21,109,135,112,99,102,6,126" hai2="48,41,35,68,92,70,46,50,103,34,16,114,22" hai3="5,79,8,107,0,100,7,51,131,23,127,31,123"/><W121/><G127/><T56/><D72/><U38/><E38/><V44/><F114/><W9/><G131/><T24/><D1/><U60/><E122/><V108/><F108/><W37/><G37/><T74/><D118/><U65/><E112/><V18/><F92/><W83/><G31/><T110/><D120/><U116/><E126/><V71/><F103/><W128/><G128/><T106/><D106/><U66/><E116/><V119/><F119/><W15/><G23/><T61/><D74/><U39/><E39/><V29/><F29/><W47/><G100/><N who="0" m="60431" /><D132/><U28/><E6/><V77/><F77/><W69/><G69/><T3/><D3/><U58/><E109/><V26/><REACH who="2" step="1"/><F18/><REACH who="2" ten="288,322,114,266" step="2"/><W115/><G115/><T129/><D110/><U105/><E135/><V113/><F113/><W67/><G107/><T32/><D129/><U117/><E117/><V40/><AGARI ba="0,1" hai="16,22,26,34,35,40,41,44,46,48,50,68,70,71" machi="40" ten="30,7900,0" yaku="1,1,0,1,9,1,54,1,53,0" doraHai="97" doraHaiUra="63" who="2" fromWho="2" sc="288,-20,322,-20,114,89,266,-39" /><INIT seed="4,0,0,0,0,32" ten="268,302,203,227" oya="0" hai0="74,79,87,70,84,86,11,16,101,3,110,52,45" hai1="48,59,96,128,126,10,109,57,114,97,112,20,53" hai2="56,49,71,85,67,33,120,124,28,6,7,62,135" hai3="133,65,73,123,60,19,121,99,37,25,82,94,21"/><T68/><D110/><U58/><E109/><V116/><F120/><N who="3" m="46155" /><G37/><T4/><D101/><U35/><E35/><V12/><F135/><W64/><G133/><T26/><D74/><U134/><E134/><V100/><F124/><W117/><G117/><T30/><D79/><U0/><E126/><V43/><F12/><W42/><G42/><T115/><D115/><N who="1" m="44075" /><E20/><V75/><F75/><W129/><G129/><T76/><D76/><U95/><E128/><V106/><F85/><W55/><G55/><T98/><D98/><N who="1" m="37995" /><E95/><V127/><F127/><W63/><G82/><T51/><REACH who="0" step="1"/><D16/><REACH who="0" ten="258,302,203,227" step="2"/><U88/><E88/><V8/><F100/><W132/><G73/><T36/><D36/><U39/><E39/><V61/><F106/><W80/><G132/><T77/><D77/><U108/><E108/><V92/><F116/><W27/><G99/><T103/><D103/><U107/><E107/><V125/><F125/><W38/><G38/><T83/><D83/><U72/><E72/><V2/><F92/><W113/><G80/><T29/><D29/><U91/><E91/><V130/><F7/><AGARI ba="0,1" hai="0,7,10,48,53,57,58,59" m="37995,44075" machi="7" ten="30,3900,0" yaku="15,1,11,1,52,1" doraHai="32" who="1" fromWho="2" sc="258,0,302,49,203,-39,227,0" /><INIT seed="5,0,0,4,4,7" ten="258,351,164,227" oya="1" hai0="99,80,111,4,133,73,108,31,9,41,56,115,96" hai1="60,3,78,61,83,10,126,68,13,43,42,21,28" hai2="66,90,53,35,135,19,125,58,100,5,131,59,105" hai3="44,24,57,6,88,48,16,85,34,8,50,37,71"/><U86/><E3/><V104/><F135/><W27/><G71/><T112/><D133/><U25/><E126/><V33/><F125/><W52/><G34/><T22/><D41/><N who="1" m="15371" /><E68/><V69/><F69/><W26/><G37/><T81/><D56/><U124/><E124/><V103/><F5/><AGARI ba="0,0" hai="5,10,13,21,25,28,60,61,78,83,86" m="15371" machi="5" ten="30,2900,0" yaku="8,1,52,1" doraHai="7" who="1" fromWho="2" sc="258,0,351,29,164,-29,227,0" /><INIT seed="5,1,0,3,5,51" ten="258,380,135,227" oya="1" hai0="102,41,80,54,9,52,106,2,67,74,121,135,59" hai1="56,37,34,43,48,57,55,28,119,71,36,70,101" hai2="61,126,46,124,134,72,11,108,82,77,85,122,99" hai3="1,73,33,86,24,20,120,97,49,75,133,116,89"/><U127/><E28/><V109/><F11/><W15/><G120/><T40/><D121/><U129/><E34/><V38/><F122/><W25/><G1/><T31/><D135/><U94/><E101/><V103/><F61/><W30/><G133/><T0/><D106/><U58/><E94/><N who="2" m="58871" /><F46/><W131/><G97/><T42/><D102/><U19/><E19/><V8/><F8/><W27/><G27/><T112/><D112/><U62/><E119/><V44/><F44/><W35/><G131/><T60/><D31/><U4/><E4/><V118/><F38/><N who="1" m="14953" /><E129/><V100/><F134/><W128/><G35/><T98/><D98/><U39/><E127/><N who="2" m="48683" /><F118/><W23/><G33/><T96/><D9/><U17/><E17/><V113/><F100/><W65/><G128/><T81/><D2/><U5/><E5/><V29/><F29/><W12/><G116/><T91/><D0/><U104/><E104/><V22/><F22/><W107/><G107/><T10/><D10/><U18/><E18/><V14/><F14/><W132/><G132/><T110/><D40/><U7/><E7/><V92/><F113/><W45/><G15/><T32/><D41/><U117/><E117/><V95/><F95/><N who="3" m="54711" /><G12/><T26/><D42/><U50/><N who="1" m="14961" /><U87/><DORA hai="13" /><E71/><V123/><F123/><W16/><G30/><T47/><D32/><U6/><E6/><V78/><F78/><W88/><G25/><T79/><D26/><U83/><E70/><V93/><F93/><W130/><G24/><T3/><D3/><U84/><E62/><V21/><F21/><W111/><G23/><RYUUKYOKU ba="1,0" sc="258,-10,380,-10,135,30,227,-10" hai2="72,77,82,85,92,108,109" /><INIT seed="6,2,0,3,0,95" ten="248,370,165,217" oya="2" hai0="110,57,62,72,37,5,20,16,74,53,60,117,109" hai1="73,56,28,6,121,130,120,2,119,112,122,52,118" hai2="104,65,68,21,63,14,89,80,18,115,40,78,99" hai3="81,30,54,19,133,76,107,90,77,97,67,58,55"/><V102/><F115/><W108/><G108/><T131/><D37/><U12/><E73/><V15/><F40/><W84/><G133/><T11/><D117/><N who="1" m="44555" /><E28/><V83/><F89/><W87/><G30/><T35/><D35/><U10/><E130/><V64/><F64/><W128/><G128/><T32/><D32/><U100/><E100/><V23/><REACH who="2" step="1"/><F78/><REACH who="2" ten="248,370,155,217" step="2"/><W126/><G77/><T98/><D131/><U132/><E132/><V39/><F39/><W71/><G71/><T106/><D110/><U85/><E112/><V1/><F1/><W79/><G79/><T103/><D109/><U111/><E111/><V123/><F123/><W114/><G114/><T59/><D53/><U33/><E2/><V105/><F105/><W24/><G67/><T129/><D129/><U46/><E121/><V135/><F135/><W66/><G66/><T134/><D134/><U96/><E122/><V49/><F49/><W91/><G55/><T9/><D62/><U125/><E52/><V4/><F4/><W113/><G113/><T94/><D60/><U17/><E6/><V82/><F82/><N who="3" m="49527" /><G107/><T8/><D106/><U27/><E120/><V3/><F3/><W50/><G76/><T38/><D5/><U70/><E70/><V75/><F75/><W88/><G91/><T42/><D72/><U44/><E33/><V127/><F127/><W0/><G0/><T31/><D74/><U61/><E125/><V86/><F86/><W116/><G116/><T48/><D38/><U36/><E85/><V69/><F69/><W45/><G126/><T41/><D42/><U47/><E36/><RYUUKYOKU ba="2,1" sc="248,-10,370,-10,155,30,217,-10" hai2="14,15,18,21,23,63,65,68,80,83,99,102,104" /><INIT seed="6,3,1,5,3,108" ten="238,360,185,207" oya="2" hai0="74,31,7,24,105,49,110,32,14,129,26,35,70" hai1="33,55,119,15,18,102,95,34,73,122,101,40,116" hai2="38,3,53,87,47,39,72,81,77,100,23,113,103" hai3="135,132,62,2,20,28,115,29,45,130,123,92,50"/><V16/><F113/><W30/><G123/><T5/><D74/><U0/><E0/><V82/><F3/><W56/><G2/><T118/><D105/><U69/><E69/><V84/><F72/><W90/><G130/><T86/><D70/><U133/><E73/><V112/><F112/><W88/><G115/><T93/><D110/><U54/><E40/><V10/><F10/><W111/><G111/><T57/><D129/><U60/><E60/><V107/><F107/><W71/><G71/><T64/><D14/><U75/><E75/><V36/><F53/><N who="3" m="29903" /><G20/><T94/><D35/><U76/><E76/><V85/><F47/><W1/><G1/><T96/><D26/><U125/><E15/><V117/><F117/><W79/><G79/><T46/><D118/><U44/><E44/><V42/><F42/><W104/><G104/><T27/><D27/><U51/><E51/><V12/><REACH who="2" step="1"/><F77/><REACH who="2" ten="238,360,175,207" step="2"/><W63/><G132/><T126/><D46/><U9/><E133/><V25/><F25/><W61/><G135/><T98/><D24/><U91/><E119/><V52/><F52/><N who="3" m="34055" /><G90/><T80/><D32/><U58/><E91/><V97/><F97/><AGARI ba="3,2" hai="28,29,30,61,63,88,92,97" m="34055,29903" machi="97" ten="30,3900,0" yaku="8,1,54,2" doraHai="108" who="3" fromWho="2" sc="238,0,360,0,175,-48,207,68" /><INIT seed="7,0,0,2,5,59" ten="238,360,127,275" oya="3" hai0="45,11,39,24,2,131,124,95,51,134,127,29,32" hai1="99,48,133,31,80,114,71,111,37,107,66,128,46" hai2="130,93,6,8,101,118,54,3,61,33,97,15,78" hai3="43,19,84,34,36,5,27,76,75,65,121,10,38"/><W63/><G121/><T56/><D39/><U53/><E111/><V21/><F118/><W102/><G102/><T18/><D95/><U94/><E107/><V90/><F130/><W9/><G9/><T132/><D56/><U115/><E128/><V55/><F33/><W81/><G84/><T129/><D51/><U64/><E133/><N who="0" m="51305" /><D45/><U100/><E71/><V87/><F78/><W91/><G91/><T79/><D79/><U49/><E49/><V57/><F3/><N who="3" m="319" /><G19/><T113/><D113/><N who="1" m="43019" /><E31/><V47/><F21/><W30/><G43/><T28/><D28/><U69/><E69/><AGARI ba="0,0" hai="27,30,34,36,38,63,65,69,75,76,81" m="319" machi="69" ten="30,5800,0" yaku="33,2,52,1" doraHai="59" who="3" fromWho="1" sc="238,0,360,-58,127,0,275,58" owari="238,-16.0,302,10.0,127,-37.0,333,43.0" /></mjloggm>