<mjloggm ver="2.3"><GO type="169" lobby="0"/><UN n0="%E3%82%8F%E3%81%9F%E3%81%B4%E3%82%93" n1="%79%6A%69%72%6F" n2="%E3%81%BF%E3%81%8B%E3%82%82%E3%82%81" n3="%E3%81%84%E3%81%AE%E3%81%91%E3%82%93" dan="17,17,17,17" rate="2249.15,2169.63,2184.93,2209.57" sx="M,M,M,F"/><TAIKYOKU oya="0"/><INIT seed="0,0,0,0,5,110" ten="250,250,250,250" oya="0" hai0="55,34,105,40,0,132,75,2,29,57,101,89,95" hai1="97,125,73,41,6,62,49,33,35,69,60,13,111" hai2="107,112,30,10,126,65,88,20,66,81,114,124,15" hai3="17,26,4,82,54,108,19,25,61,127,130,103,122"/><T9/><D75/><U28/><E73/><V115/><F107/><W92/><G108/><T36/><D132/><U11/><E111/><V113/><F30/><W99/><G130/><T48/><D101/><U32/><E125/><N who="2" m="48235" /><F20/><W22/><G127/><T53/><D105/><U43/><E28/><V39/><F39/><W117/><G117/><T18/><D53/><U51/><E97/><V74/><N who="2" m="28672" /><DORA hai="120" /><V59/><F59/><W94/><G4/><T1/><D29/><U83/><E35/><V14/><F14/><W23/><G82/><T27/><D34/><U71/><E83/><V104/><F104/><W86/><G122/><T42/><D36/><U56/><E56/><V134/><F134/><W24/><G24/><T84/><D27/><U76/><E13/><V44/><F44/><W102/><G61/><T80/><D2/><U96/><E96/><V135/><F135/><W8/><G8/><T90/><D1/><U109/><E109/><V87/><F74/><W5/><G5/><AGARI ba="0,0" hai="5,10,15,65,66,81,87,88" m="28672,48235" machi="5" ten="60,12000,2" yaku="18,1,52,4,54,1" doraHai="110,120" who="2" fromWho="3" sc="250,0,250,0,250,120,250,-120" /><INIT seed="1,0,0,2,1,1" ten="250,250,370,130" oya="1" hai0="33,103,12,39,105,76,108,68,9,64,101,96,16" hai1="114,57,133,74,56,87,94,42,84,116,40,112,65" hai2="0,22,129,60,77,93,83,127,58,126,66,82,115" hai3="106,20,63,52,21,123,17,19,23,27,47,130,53"/><U100/><E74/><V88/><F129/><W135/><G130/><T89/><D108/><U121/><E121/><V30/><F0/><W91/><G123/><T3/><D39/><U18/><E116/><V86/><F115/><W67/><G106/><T50/><D33/><U134/><E94/><V69/><F69/><W14/><G135/><T38/><D38/><U15/><E15/><V48/><F48/><W132/><G132/><T70/><D76/><U32/><E32/><V37/><F37/><W5/><G91/><T95/><D3/><U124/><E65/><V59/><F59/><W80/><G80/><T51/><D103/><U29/><E29/><V71/><F71/><W81/><G81/><T73/><D73/><U111/><E100/><V2/><F2/><W26/><G21/><T10/><D70/><U61/><E61/><V7/><F7/><W46/><G46/><T49/><D10/><U24/><E24/><V25/><REACH who="2" step="1"/><F83/><REACH who="2" ten="250,250,360,130" step="2"/><W13/><G47/><T109/><D109/><U117/><E111/><V110/><F110/><W4/><G63/><T85/><D68/><U28/><E57/><V31/><F31/><W120/><G120/><T107/><REACH who="0" step="1"/><D64/><AGARI ba="0,1" hai="4,5,13,14,17,19,20,23,26,27,52,53,64,67" machi="64" ten="25,12000,2" yaku="22,2,8,1,52,2,54,1" doraHai="1" who="3" fromWho="0" sc="250,-120,250,0,360,0,130,130" /><INIT seed="2,0,0,2,1,98" ten="130,250,360,260" oya="2" hai0="52,135,25,45,97,55,128,125,86,50,132,59,85" hai1="114,122,21,24,117,76,83,129,14,5,58,62,33" hai2="31,7,15,92,41,29,127,93,71,79,95,103,42" hai3="91,126,47,54,4,109,6,70,10,102,82,72,124"/><V74/><F71/><W43/><G109/><T67/><D25/><U2/><E114/><V49/><F127/><W110/><G110/><T77/><D77/><U90/><E117/><V44/><F42/><W63/><G70/><T66/><D97/><U112/><E112/><V28/><F74/><W118/><G118/><T113/><D86/><U51/><E129/><V19/><F79/><W35/><G35/><T107/><D85/><U121/><E51/><V18/><REACH who="2" step="1"/><F103/><REACH who="2" ten="130,250,350,260" step="2"/><W99/><G126/><T120/><D125/><U9/><E121/><V53/><F53/><W133/><G124/><T80/><D120/><U48/><E122/><V89/><F89/><W37/><G91/><T134/><D113/><U20/><E90/><V11/><AGARI ba="0,1" hai="7,11,15,18,19,28,29,31,41,44,49,92,93,95" machi="11" ten="40,12000,1" yaku="1,1,0,1,8,1,53,1" doraHai="98" doraHaiUra="39" who="2" fromWho="2" sc="130,-40,250,-40,350,130,260,-40" /><INIT seed="2,1,0,2,0,122" ten="90,210,480,220" oya="2" hai0="127,93,101,132,34,116,62,44,119,42,13,84,133" hai1="10,100,33,28,80,35,19,71,103,58,92,2,7" hai2="90,115,97,46,114,102,129,25,135,117,81,29,56" hai3="83,68,47,112,74,18,130,12,85,111,63,86,20"/><V27/><F117/><N who="0" m="45130" /><D34/><U11/><E71/><V95/><F129/><W17/><G130/><T60/><D13/><U8/><E80/><V79/><F135/><N who="0" m="51786" /><D84/><U21/><E58/><V57/><F46/><W75/><G111/><T4/><D4/><N who="1" m="1047" /><E92/><V113/><F90/><W106/><G112/><T88/><D88/><U5/><E100/><V69/><F69/><W43/><G106/><T91/><D91/><U98/><E98/><V64/><F64/><W121/><G121/><T104/><D93/><U26/><E103/><V87/><REACH who="2" step="1"/><F25/><REACH who="2" ten="90,210,470,220" step="2"/><W78/><G68/><T77/><D101/><U38/><E38/><V134/><F134/><W49/><G78/><T99/><D77/><U107/><E107/><V53/><F53/><W48/><G83/><T110/><D104/><U124/><E124/><V118/><F118/><W120/><G120/><T37/><D99/><U31/><E7/><V125/><F125/><W108/><G47/><T89/><D89/><U54/><E54/><V9/><F9/><N who="1" m="3081" /><E5/><V50/><F50/><W14/><G49/><T16/><D127/><U1/><E1/><V67/><F67/><W39/><G48/><T32/><D44/><U23/><E31/><V24/><F24/><AGARI ba="1,1" hai="19,21,23,24,26,28,33,35" m="3081,1047" machi="24" ten="30,8000,1" yaku="35,5" doraHai="122" who="1" fromWho="2" sc="90,0,210,93,470,-83,220,0" /><INIT seed="3,0,0,2,0,10" ten="90,303,387,220" oya="3" hai0="6,9,77,21,113,115,1,31,86,127,107,131,61" hai1="110,40,18,76,119,12,48,78,117,96,49,42,15" hai2="100,7,75,74,62,46,129,134,43,3,128,121,44" hai3="45,116,66,135,89,122,39,26,68,38,58,133,83"/><W57/><G83/><T91/><D107/><U47/><E110/><V102/><F62/><N who="3" m="40023" /><G26/><T123/><D123/><U55/><E96/><V65/><F65/><W34/><G89/><T0/><D127/><U120/><E120/><V30/><F30/><W35/><G122/><T59/><D131/><N who="2" m="50250" /><F121/><W23/><G23/><T132/><D132/><N who="3" m="50761" /><G116/><N who="1" m="44618" /><E42/><V36/><F46/><W103/><G103/><N who="2" m="39465" /><F134/><W124/><G124/><T11/><D77/><N who="1" m="29803" /><E18/><V4/><F3/><W56/><G45/><AGARI ba="0,0" hai="12,15,40,45,47,48,49,55" m="29803,44618" machi="45" ten="30,3900,0" yaku="12,1,52,2" doraHai="10" who="1" fromWho="3" sc="90,0,303,39,387,0,220,-39" /><INIT seed="4,0,0,0,0,119" ten="90,342,387,181" oya="0" hai0="104,98,85,72,88,40,8,31,75,76,121,20,125" hai1="14,63,112,111,39,6,113,110,73,5,77,43,132" hai2="32,25,66,115,100,79,46,78,16,26,48,33,74" hai3="93,0,61,57,4,41,99,67,7,65,44,55,42"/><T101/><D125/><U86/><E73/><V56/><F115/><W117/><G117/><T84/><D40/><N who="3" m="15465" /><G0/><T21/><D8/><U102/><E132/><V28/><F100/><N who="3" m="60527" /><G44/><T59/><D121/><U87/><E102/><V134/><F134/><W96/><G96/><T50/><D84/><U108/><E63/><V35/><F74/><W126/><G126/><T92/><D31/><U49/><E39/><V133/><F133/><W105/><G105/><T109/><D109/><U53/><E43/><V69/><F69/><W15/><G15/><T91/><D91/><U131/><E131/><V47/><F47/><W37/><G37/><T94/><D94/><U3/><E3/><V116/><F116/><W118/><G118/><T71/><D71/><U24/><E24/><V114/><F114/><N who="1" m="44137" /><E14/><V2/><F2/><W97/><G97/><T34/><D34/><U123/><E123/><V81/><F81/><W19/><G19/><T90/><D90/><U89/><E77/><V83/><F83/><W17/><G17/><T127/><D127/><U107/><E107/><V13/><F25/><W64/><AGARI ba="0,0" hai="4,7,55,57,61,64,65,67" m="60527,15465" machi="64" ten="30,1100,0" yaku="8,1" doraHai="119" who="3" fromWho="3" sc="90,-5,342,-3,387,-3,181,11" /><INIT seed="5,0,0,0,4,38" ten="85,339,384,192" oya="1" hai0="127,102,56,123,51,50,10,71,133,55,13,9,87" hai1="135,39,134,114,53,78,75,131,112,121,116,35,15" hai2="6,93,108,118,122,115,23,61,120,52,7,60,94" hai3="84,12,74,5,130,57,31,85,91,106,129,89,76"/><U46/><E35/><V1/><F108/><W16/><G106/><T104/><D127/><U100/><E100/><V132/><F118/><W40/><G5/><T109/><D109/><U96/><E96/><V107/><F107/><W99/><G31/><T2/><D133/><N who="1" m="50699" /><E116/><V47/><F132/><W69/><G69/><T113/><D113/><N who="1" m="43627" /><E15/><V66/><F115/><W49/><G99/><T70/><D123/><U42/><E121/><V27/><F1/><W3/><G3/><T11/><D102/><U48/><E131/><N who="3" m="50186" /><G74/><T68/><D104/><U19/><E19/><V34/><F34/><W80/><G85/><T126/><D126/><U110/><E110/><V65/><F47/><N who="3" m="25831" /><G57/><T125/><D125/><U0/><E0/><V36/><F36/><W20/><AGARI ba="0,0" hai="12,16,20,76,80,84,89,91" m="25831,50186" machi="20" ten="30,4000,0" yaku="19,1,52,1,54,1" doraHai="38" who="3" fromWho="3" sc="85,-10,339,-20,384,-10,192,40" /><INIT seed="6,0,0,5,0,56" ten="75,319,374,232" oya="2" hai0="13,120,92,134,66,122,85,67,78,95,24,119,69" hai1="106,113,60,89,41,91,20,36,72,6,15,7,96" hai2="32,103,104,109,117,51,37,127,26,54,82,14,1" hai3="63,53,44,135,3,40,43,10,116,101,57,118,46"/><V16/><F117/><W59/><G101/><T4/><D134/><U105/><E72/><V49/><F37/><N who="3" m="21519" /><G10/><T70/><D119/><N who="3" m="45609" /><G3/><T71/><D24/><U17/><E41/><V125/><F1/><W133/><G59/><T12/><D78/><U86/><E36/><AGARI ba="0,0" hai="36,43,46,53,57,63,133,135" m="45609,21519" machi="36" ten="30,3900,0" yaku="34,2,52,1" doraHai="56" who="3" fromWho="1" sc="75,0,319,-39,374,0,232,39" /><INIT seed="7,0,0,5,5,115" ten="75,280,374,271" oya="3" hai0="99,83,121,120,68,106,124,77,31,64,9,22,107" hai1="37,94,34,3,74,125,119,70,100,44,11,71,53" hai2="7,95,135,109,133,55,10,128,47,1,117,131,51" hai3="102,0,17,35,86,56,90,80,24,98,116,5,8"/><W13/><G116/><T123/><D22/><U52/><E34/><V23/><F117/><W40/><G40/><T132/><D31/><U96/><E119/><V118/><F118/><W88/><G56/><T61/><D9/><U85/><E74/><V111/><F95/><W41/><G41/><T127/><D132/><N who="2" m="50762" /><F23/><W46/><G46/><T67/><D67/><U2/><E125/><V4/><F4/><W134/><G134/><T78/><D78/><U89/><E37/><V57/><F57/><W49/><G49/><T101/><REACH who="0" step="1"/><D107/><REACH who="0" ten="65,280,374,271" step="2"/><U87/><E11/><V43/><F43/><W58/><G58/><T48/><D48/><U16/><E53/><V122/><F122/><W76/><G35/><T66/><D66/><U21/><E52/><V110/><AGARI ba="0,1" hai="1,7,10,47,51,55,109,110,111,128,131" m="50762" machi="110" ten="40,1500,0" yaku="20,1" doraHai="115" who="2" fromWho="2" sc="65,-4,280,-4,374,25,271,-7" owari="61,-44.0,276,8.0,399,50.0,264,-14.0" /></mjloggm>