<mjloggm ver="2.3"><GO type="169" lobby="0"/><UN n0="%6F%63%69%6E%70%6F%70%6F" n1="%E3%83%89%E3%83%A9%EF%BC%91%EF%BC%92%EF%BC%90%EF%BC%85" n2="%E6%B9%98%E5%8C%97%E2%91%AD%E4%B8%89%E4%BA%95%E5%AF%BF" n3="%E3%81%94%E3%81%96%E3%83%BC%E3%82%8B%E3%81%94%E3%81%96%E3%82%8B" dan="17,17,17,16" rate="2107.29,2242.07,2145.89,2135.99" sx="F,M,M,M"/><TAIKYOKU oya="0"/><INIT seed="0,0,0,0,4,16" ten="250,250,250,250" oya="0" hai0="97,107,10,28,15,23,80,45,82,4,9,43,112" hai1="37,11,134,59,38,118,72,58,127,63,49,24,50" hai2="25,113,96,54,81,53,100,83,132,73,109,79,36" hai3="88,105,39,114,52,126,18,78,101,44,0,47,13"/><T8/><D112/><U111/><E72/><V34/><F113/><W27/><G0/><T131/><D131/><U92/><E92/><V121/><F121/><W98/><G114/><T3/><D107/><U99/><E99/><V102/><F132/><W51/><G126/><T116/><D116/><U61/><E11/><V31/><F109/><W135/><G78/><T68/><D68/><U1/><E1/><V57/><F36/><N who="1" m="13929" /><E24/><V128/><F128/><W77/><G77/><T14/><D97/><U104/><E104/><V2/><F2/><W89/><G27/><N who="0" m="16511" /><D3/><U76/><E76/><V12/><F83/><N who="0" m="31786" /><D4/><U120/><E118/><V106/><F102/><W56/><G135/><T67/><D67/><N who="1" m="39351" /><E134/><V94/><F106/><W90/><REACH who="3" step="1"/><G39/><REACH who="3" ten="250,250,250,240" step="2"/><T69/><D69/><U30/><E127/><V65/><F79/><W86/><G86/><T93/><D93/><U129/><E129/><V42/><F73/><W60/><G60/><T130/><D130/><U91/><E120/><V32/><F94/><W70/><G70/><T108/><D108/><U133/><E111/><V84/><F84/><W110/><G110/><T48/><AGARI ba="0,1" hai="8,9,10,14,15,43,45,48" m="31786,16511" machi="48" ten="30,3000,0" yaku="8,1,52,1" doraHai="16" who="0" fromWho="0" sc="250,40,250,-10,250,-10,240,-10" /><INIT seed="0,1,0,4,5,50" ten="290,240,240,230" oya="0" hai0="93,8,122,119,45,100,4,62,92,49,33,86,65" hai1="75,32,37,116,13,97,83,64,38,58,67,85,127" hai2="6,34,66,74,129,121,120,104,118,53,22,24,101" hai3="36,61,48,80,77,95,10,111,69,84,123,132,134"/><T70/><D119/><U9/><E32/><V25/><F118/><W107/><G36/><T46/><D122/><U3/><E75/><V78/><F66/><W2/><G107/><T39/><D33/><U15/><E3/><V7/><F129/><W17/><G123/><T91/><D39/><U55/><E116/><V29/><F7/><W125/><G125/><T21/><D21/><U43/><E127/><V27/><F6/><W72/><G111/><T56/><D70/><U98/><E43/><V60/><F27/><W117/><G117/><T89/><D49/><U99/><E38/><V68/><F78/><W114/><G114/><T47/><D100/><U26/><E26/><V108/><F74/><W63/><G69/><T52/><D65/><N who="1" m="25163" /><E9/><V87/><F68/><W35/><G35/><T81/><REACH who="0" step="1"/><D89/><REACH who="0" ten="280,240,240,230" step="2"/><N who="1" m="51391" /><E37/><V59/><F120/><W94/><G134/><T110/><D110/><U96/><N who="1" m="24576" /><DORA hai="79" /><U51/><AGARI ba="1,1" hai="13,15,51,55,58" m="24576,51391,25163" machi="51" ten="40,8000,1" yaku="4,1,8,1,52,2" doraHai="50,79" who="1" fromWho="1" sc="280,-41,240,93,240,-21,230,-21" /><INIT seed="1,0,0,0,3,65" ten="239,333,219,209" oya="1" hai0="8,77,56,114,72,17,67,108,112,82,106,117,29" hai1="78,124,15,9,74,32,0,21,1,95,12,33,100" hai2="30,125,53,48,61,46,107,94,28,7,35,66,26" hai3="69,23,57,40,16,18,90,110,132,111,102,45,99"/><U93/><E74/><V83/><F125/><W81/><G57/><T64/><D117/><U62/><E78/><V58/><F107/><W6/><G6/><T88/><D106/><U70/><E100/><V5/><F83/><W115/><G115/><T10/><D108/><N who="3" m="41513" /><G132/><T43/><D64/><U91/><E124/><V76/><F76/><W63/><G81/><T27/><D43/><U19/><E62/><V42/><F28/><W55/><G90/><T49/><D67/><U87/><E70/><V14/><F94/><N who="3" m="58743" /><G55/><T109/><D109/><U68/><E68/><V121/><F121/><W118/><G118/><T127/><D127/><U101/><E101/><V36/><REACH who="2" step="1"/><F14/><REACH who="2" ten="239,333,209,209" step="2"/><N who="3" m="9623" /><G18/><T92/><D17/><U54/><E93/><V133/><F133/><W79/><G79/><T11/><D92/><U31/><E31/><V41/><F41/><W103/><G103/><T105/><D105/><U131/><E0/><V50/><F50/><N who="3" m="26919" /><G63/><T116/><D116/><U4/><E1/><V104/><F104/><W2/><G2/><T22/><D88/><U38/><E91/><V123/><F123/><W52/><G52/><T3/><D3/><U59/><E54/><V85/><F85/><W24/><G24/><T86/><D86/><U96/><E87/><V126/><F126/><W51/><G51/><T130/><D112/><U122/><E122/><V37/><F37/><W71/><AGARI ba="0,1" hai="69,71" m="26919,9623,58743,41513" machi="71" ten="30,7900,0" yaku="14,1,52,2,54,1" doraHai="65" who="3" fromWho="3" sc="239,-20,333,-39,209,-20,209,89" /><INIT seed="2,0,0,1,1,91" ten="219,294,189,298" oya="2" hai0="98,67,33,39,78,123,49,29,8,73,107,72,69" hai1="84,30,74,90,125,10,113,65,127,124,16,23,92" hai2="96,25,37,15,64,62,93,122,129,57,111,83,86" hai3="121,4,103,19,132,89,52,48,5,119,68,26,2"/><V135/><F122/><W51/><G119/><T54/><D39/><U76/><E113/><V126/><F126/><W63/><G121/><T99/><D78/><U14/><E65/><V85/><F37/><W109/><G109/><T101/><D8/><U7/><E30/><V1/><F1/><W47/><G132/><T58/><D98/><U88/><E74/><V133/><F111/><W70/><G103/><T35/><D35/><U11/><E76/><V12/><F129/><W114/><G114/><T36/><D36/><U112/><E112/><V18/><F25/><W97/><G2/><T94/><D94/><N who="1" m="54535" /><E7/><V34/><F34/><W31/><G19/><T87/><D87/><AGARI ba="0,0" hai="10,11,14,16,23,87,90,92,124,125,127" m="54535" machi="87" ten="30,8000,1" yaku="18,1,52,2,54,2" doraHai="91" who="1" fromWho="0" sc="219,-80,294,80,189,0,298,0" /><INIT seed="3,0,0,5,5,95" ten="139,374,189,298" oya="3" hai0="74,128,112,86,71,103,18,114,45,53,79,19,55" hai1="67,2,43,27,87,82,135,9,64,100,113,131,12" hai2="66,62,110,35,107,70,101,59,68,88,85,116,11" hai3="73,76,29,49,106,134,83,34,90,5,48,13,80"/><W15/><G134/><T37/><D71/><U39/><E2/><V111/><F116/><W41/><G106/><T102/><D74/><U50/><E39/><V99/><F35/><W33/><G41/><T123/><D123/><U54/><E43/><V47/><F47/><W46/><G46/><T130/><D45/><U125/><E125/><V121/><F11/><W120/><G29/><T81/><D37/><U84/><E113/><N who="0" m="43625" /><D86/><U60/><E131/><N who="0" m="50217" /><D81/><U38/><E38/><V8/><F8/><W4/><G76/><T17/><D79/><U69/><E64/><V1/><F1/><W105/><G105/><T122/><D122/><U44/><E135/><V51/><F121/><W108/><G120/><T30/><D30/><U65/><E65/><V28/><F28/><W36/><G36/><T25/><D25/><U127/><E84/><V126/><F126/><W129/><G129/><T63/><D63/><U0/><E27/><V91/><F91/><W7/><G90/><T3/><D3/><U16/><E127/><V75/><F75/><W93/><G93/><T97/><D97/><U124/><E124/><V109/><F51/><N who="3" m="19531" /><G73/><T96/><D96/><U20/><E0/><V6/><F6/><W118/><G118/><T58/><D58/><U115/><E115/><V10/><F10/><W22/><G83/><AGARI ba="0,0" hai="59,62,66,68,70,83,85,88,99,101,107,109,110,111" machi="83" ten="40,5200,0" yaku="14,1,52,1,54,1" doraHai="95" who="2" fromWho="3" sc="139,0,374,0,189,52,298,-52" /><INIT seed="4,0,0,1,0,89" ten="139,374,241,246" oya="0" hai0="64,15,103,2,117,21,129,68,59,30,69,45,44" hai1="1,86,125,37,51,73,94,48,118,33,27,25,120" hai2="72,78,132,81,3,96,110,34,63,92,49,11,10" hai3="76,126,128,13,121,70,12,75,93,65,16,83,100"/><T97/><D117/><U84/><E73/><V40/><F34/><W35/><G35/><T98/><D2/><U127/><E37/><V113/><F110/><W114/><G114/><T42/><D129/><U57/><E1/><V77/><F113/><W108/><G108/><T32/><D32/><U95/><E33/><V6/><F132/><W104/><G128/><T26/><D15/><U67/><E67/><V79/><F11/><W20/><G126/><T61/><D97/><U101/><E101/><V4/><F4/><W131/><G131/><T133/><D133/><U38/><E38/><V88/><REACH who="2" step="1"/><F63/><REACH who="2" ten="139,374,231,246" step="2"/><W17/><G121/><T112/><D112/><U24/><E120/><V85/><F85/><N who="1" m="32873" /><E118/><V106/><F106/><W55/><G104/><T116/><D116/><U43/><E127/><V134/><F134/><W9/><G70/><T60/><D60/><U36/><E125/><V41/><F41/><W119/><G119/><T71/><REACH who="0" step="1"/><D42/><REACH who="0" ten="129,374,231,246" step="2"/><U7/><E43/><V28/><F28/><W29/><G29/><T109/><D109/><U56/><E7/><V53/><F53/><W47/><G55/><T52/><D52/><U124/><E124/><V54/><F54/><W130/><G130/><T135/><D135/><U90/><E36/><V82/><F82/><W62/><G62/><T99/><D99/><U19/><E51/><V87/><F87/><W122/><G122/><T18/><D18/><U102/><E19/><V74/><F74/><W31/><G31/><T23/><D23/><U107/><E48/><V0/><F0/><W91/><G20/><T105/><AGARI ba="0,2" hai="21,26,30,44,45,59,61,64,68,69,71,98,103,105" machi="105" ten="30,11700,0" yaku="1,1,5,1,0,1,53,1" doraHai="89" doraHaiUra="22" who="0" fromWho="0" sc="129,137,374,-39,231,-39,246,-39" /><INIT seed="4,1,0,4,3,122" ten="266,335,192,207" oya="0" hai0="58,135,99,10,103,3,54,36,57,109,79,95,116" hai1="65,87,29,59,33,115,104,28,39,78,68,112,71" hai2="56,48,32,110,86,106,69,50,30,31,91,121,26" hai3="4,25,101,119,27,45,125,82,1,8,72,89,55"/><T11/><D116/><U40/><E104/><V24/><F106/><W107/><G119/><T47/><D135/><U76/><E59/><V44/><F69/><N who="1" m="26697" /><E65/><V98/><F121/><W34/><G125/><T62/><D79/><N who="1" m="30251" /><E87/><V83/><F98/><W20/><G72/><T84/><D84/><U77/><E77/><V64/><F110/><W97/><G34/><T12/><D3/><U81/><E81/><V128/><F128/><W94/><G82/><T63/><D109/><U100/><E100/><V16/><F16/><W134/><G134/><T80/><D80/><U38/><E40/><V130/><F130/><W22/><G22/><T88/><D103/><U73/><E33/><V93/><F83/><W7/><G7/><T6/><D10/><U111/><E111/><V14/><F14/><W60/><G20/><T19/><D36/><N who="1" m="13867" /><E73/><V131/><F131/><W61/><G27/><N who="2" m="10281" /><F32/><W5/><G25/><T41/><D41/><U105/><E105/><V9/><F9/><W51/><G5/><T21/><D47/><U108/><E108/><V117/><F117/><W13/><REACH who="3" step="1"/><G1/><REACH who="3" ten="266,335,192,197" step="2"/><T17/><REACH who="0" step="1"/><D21/><REACH who="0" ten="256,335,192,197" step="2"/><U46/><E46/><V49/><F44/><W42/><G42/><T66/><AGARI ba="1,2" hai="6,11,12,17,19,54,57,58,62,63,66,88,95,99" machi="66" ten="20,18000,2" yaku="1,1,2,1,0,1,7,1,8,1,54,1,53,0" doraHai="122" doraHaiUra="127" who="0" fromWho="0" sc="256,203,335,-61,192,-61,197,-61" /><INIT seed="4,2,0,0,4,74" ten="459,274,131,136" oya="0" hai0="117,95,130,36,132,133,59,64,83,58,98,126,110" hai1="44,10,46,7,42,134,73,33,82,37,100,131,23" hai2="63,113,115,35,53,40,2,61,0,81,6,14,51" hai3="107,109,116,94,5,84,49,28,48,34,70,38,87"/><T57/><D117/><U60/><E33/><V62/><F35/><W12/><G107/><T68/><D36/><U25/><E134/><N who="0" m="51817" /><D130/><U72/><E131/><V56/><F40/><W31/><G38/><T17/><D68/><U8/><E100/><V15/><F81/><W21/><G70/><T3/><D3/><N who="2" m="1066" /><F6/><W52/><G34/><T102/><D126/><U92/><E92/><V18/><F18/><W104/><G104/><T86/><D17/><U20/><E44/><V78/><F78/><W41/><G116/><T125/><D110/><U129/><E129/><V99/><F99/><W24/><G109/><T77/><D125/><U66/><E23/><V122/><F122/><W22/><G48/><T80/><D83/><U65/><E82/><V91/><F91/><N who="3" m="53607" /><G41/><T11/><D11/><U118/><E118/><V123/><F123/><W89/><G5/><T96/><D98/><U30/><E8/><V90/><F90/><W19/><G22/><T54/><D64/><U71/><E66/><V43/><F43/><W127/><G24/><T114/><D114/><AGARI ba="2,0" hai="14,15,51,53,56,61,62,63,113,114,115" m="1066" machi="114" ten="40,1300,0" yaku="15,1" doraHai="74" who="2" fromWho="0" sc="459,-19,274,0,131,19,136,0" /><INIT seed="5,0,0,0,5,105" ten="440,274,150,136" oya="1" hai0="108,69,5,121,43,128,61,99,106,9,84,20,7" hai1="64,62,15,58,59,104,87,72,1,24,67,38,101" hai2="81,56,40,48,31,53,37,112,10,25,28,113,57" hai3="18,132,12,91,2,4,51,89,65,126,70,133,29"/><U21/><E1/><V111/><F111/><W134/><G29/><T32/><D20/><U3/><E3/><V26/><F37/><W77/><G4/><T54/><D43/><U16/><E38/><V100/><F40/><W17/><G2/><T49/><D9/><U60/><E72/><V114/><F100/><W94/><G65/><T23/><D23/><U14/><E104/><V95/><F95/><W130/><G70/><T135/><D84/><U34/><E101/><V0/><F57/><W30/><G30/><N who="2" m="11305" /><F81/><W93/><G51/><T125/><D128/><U42/><E34/><V127/><F127/><W52/><G126/><T123/><D135/><U131/><E131/><V47/><F56/><W120/><G120/><T36/><D32/><U19/><E42/><V109/><F109/><W44/><G77/><T45/><D36/><U6/><E6/><AGARI ba="0,0" hai="0,6,10,25,26,47,48,53,112,113,114" m="11305" machi="6" ten="40,2600,0" yaku="15,1,11,1" doraHai="105" who="2" fromWho="1" sc="440,0,274,-26,150,26,136,0" /><INIT seed="6,0,0,1,5,1" ten="440,248,176,136" oya="2" hai0="65,132,84,66,37,119,85,76,30,116,50,61,48" hai1="41,113,130,19,27,74,95,114,24,78,106,111,99" hai2="64,105,46,11,14,63,108,32,3,122,51,107,121" hai3="35,71,15,89,45,90,124,96,54,18,58,68,39"/><V59/><F32/><W98/><G35/><T79/><D37/><U34/><E41/><V53/><F108/><W6/><G124/><T7/><D7/><U82/><E111/><V103/><F3/><W16/><G39/><T80/><D61/><U88/><E130/><V118/><F118/><W55/><G58/><T86/><D80/><U43/><E43/><V52/><F64/><W102/><G102/><T42/><D42/><U109/><E109/><V60/><F60/><W26/><G15/><T9/><D9/><U47/><E47/><V70/><F70/><W67/><G67/><T93/><D85/><N who="1" m="52623" /><E19/><V20/><F20/><W133/><G133/><T110/><D93/><U87/><E34/><V17/><REACH who="2" step="1"/><F103/><REACH who="2" ten="440,248,166,136" step="2"/><W33/><G33/><T23/><D23/><U12/><E114/><V31/><F31/><W44/><REACH who="3" step="1"/><G26/><REACH who="3" ten="440,248,166,126" step="2"/><T128/><D110/><U25/><E25/><V126/><F126/><W36/><G36/><T40/><D65/><U117/><E27/><V115/><F115/><W28/><G28/><T91/><D66/><U0/><E24/><V2/><F2/><W127/><G127/><T77/><D30/><U4/><E113/><V29/><F29/><W100/><G100/><T49/><D116/><U73/><E117/><V101/><F101/><W97/><G97/><T81/><D119/><U120/><E0/><V92/><F92/><W56/><G56/><T5/><D132/><U83/><E99/><V123/><AGARI ba="0,2" hai="11,14,17,46,51,52,53,59,63,105,107,121,122,123" machi="123" ten="30,6000,0" yaku="1,1,0,1,54,1,53,0" doraHai="1" doraHaiUra="94" who="2" fromWho="2" sc="440,-20,248,-20,166,80,126,-20" /><INIT seed="6,1,0,1,4,84" ten="420,228,246,106" oya="2" hai0="68,108,51,23,25,92,111,16,88,78,18,20,124" hai1="100,133,132,30,123,35,77,54,125,13,58,64,65" hai2="109,21,70,28,129,99,41,4,55,43,71,116,74" hai3="98,81,105,8,29,52,119,45,14,31,34,130,79"/><V24/><F74/><W1/><G1/><T49/><D68/><U89/><E125/><V102/><F116/><W101/><G119/><T85/><D124/><U17/><E100/><V36/><F109/><W42/><G130/><T94/><D78/><U3/><E3/><V115/><F129/><W103/><G103/><T57/><D92/><U80/><E30/><V38/><F4/><W117/><G117/><T96/><D96/><U82/><E35/><V33/><F21/><W40/><G34/><T93/><D93/><U122/><E89/><V48/><F115/><W91/><G31/><T114/><D114/><U6/><E6/><V75/><F75/><W69/><G69/><T134/><D134/><N who="1" m="51819" /><E65/><V106/><F41/><W7/><G29/><T62/><D108/><U10/><E64/><V135/><F135/><W47/><G47/><T61/><D111/><U46/><E46/><V95/><F106/><W63/><G79/><T5/><D5/><U120/><E77/><V72/><F72/><W127/><G127/><T39/><D39/><U2/><E2/><V112/><F38/><W27/><G27/><N who="0" m="14727" /><D61/><AGARI ba="1,0" hai="10,13,17,54,58,61,80,82,120,122,123" m="51819" machi="61" ten="40,2600,0" yaku="13,1,20,1" doraHai="84" who="1" fromWho="0" sc="420,-29,228,29,246,0,106,0" /><INIT seed="7,0,0,1,2,36" ten="391,257,246,106" oya="3" hai0="104,107,51,63,3,83,17,80,65,20,91,123,113" hai1="73,87,121,135,118,45,99,71,79,31,23,67,132" hai2="102,52,60,97,27,70,110,101,122,112,44,26,38" hai3="64,12,109,53,129,18,62,133,77,57,7,125,22"/><W85/><G125/><T75/><D3/><U8/><E121/><V105/><F110/><W119/><G119/><T74/><D74/><U39/><E87/><V108/><F108/><W35/><G109/><T50/><D80/><N who="1" m="45167" /><E99/><V5/><F122/><W128/><G35/><T32/><D32/><U47/><E8/><V134/><F5/><W4/><G133/><N who="1" m="51274" /><E39/><V106/><F134/><W90/><G77/><T96/><D17/><U103/><E103/><V56/><F112/><W21/><G21/><T11/><D65/><U100/><E100/><V13/><F13/><W61/><G129/><T43/><D43/><U1/><E1/><V30/><F30/><W29/><G29/><T126/><D51/><U89/><E89/><V14/><F14/><W0/><G0/><T9/><D20/><U117/><E67/><N who="2" m="41319" /><F101/><W2/><G2/><T124/><D63/><U24/><E71/><V59/><F59/><N who="3" m="36927" /><G128/><T98/><D104/><U33/><E33/><V10/><F10/><W78/><G78/><T88/><D107/><U76/><E76/><V49/><F106/><W72/><G72/><T28/><D75/><U41/><E41/><AGARI ba="0,0" hai="26,27,38,41,44,49,52,56,97,102,105" m="41319" machi="41" ten="30,3900,0" yaku="24,1,52,1,54,1" doraHai="36" who="2" fromWho="1" sc="391,0,257,-39,246,39,106,0" owari="391,48.0,218,-18.0,285,9.0,106,-39.0" /></mjloggm>