<mjloggm ver="2.3"><GO type="169" lobby="0"/><UN n0="%E3%82%A2%E3%83%AB%E4%B8%AD%40%E3%83%86%E3%83%B3%E3%83%91" n1="%6B%69%79%6F%70%69%6E" n2="%72%52%66%44%79%55%66" n3="%E6%97%A9%E5%A4%A7%E3%83%80%E3%83%A1%E4%BF%AE%E5%A3%AB" dan="17,16,16,16" rate="2200.17,2128.50,2126.52,2188.05" sx="M,M,M,M"/><TAIKYOKU oya="0"/><INIT seed="0,0,0,0,4,130" ten="250,250,250,250" oya="0" hai0="73,70,19,17,103,24,11,59,91,132,1,99,81" hai1="92,125,117,61,62,15,75,96,23,122,38,25,128" hai2="90,94,56,77,53,18,37,116,126,88,64,50,22" hai3="32,43,2,114,52,14,6,84,101,55,10,119,108"/><T127/><D70/><U66/><E117/><V110/><F110/><W115/><G119/><T135/><D127/><U89/><E122/><V65/><F126/><W85/><G108/><T111/><D111/><U3/><E128/><V51/><F116/><W16/><G32/><T35/><D59/><U98/><E3/><V102/><F37/><W100/><G43/><T105/><D1/><U0/><E0/><V87/><F77/><W41/><G41/><T58/><D58/><U21/><E75/><V47/><F90/><W31/><G31/><T8/><D35/><U34/><E38/><V46/><F102/><W48/><G101/><T74/><D91/><U71/><E34/><V124/><F124/><W30/><G30/><T29/><D29/><U4/><E62/><V69/><F69/><W109/><G100/><T54/><D54/><U36/><E36/><V131/><F131/><W28/><G28/><T42/><D42/><U7/><E125/><V44/><REACH who="2" step="1"/><F51/><REACH who="2" ten="250,250,240,250" step="2"/><W68/><G68/><T72/><D81/><U49/><E49/><V60/><F60/><W134/><G48/><T63/><D63/><U86/><E71/><V97/><F97/><W45/><G109/><T67/><D103/><U79/><E96/><V129/><F129/><W9/><G114/><T27/><D99/><U78/><E98/><V123/><F123/><W82/><G115/><T76/><D76/><U20/><E78/><V93/><F93/><W80/><G82/><T13/><D105/><U57/><E79/><V133/><F133/><N who="0" m="51274" /><D67/><U26/><E15/><AGARI ba="0,1" hai="15,18,22,44,46,47,50,53,56,64,65,87,88,94" machi="15" ten="40,12000,2" yaku="1,1,25,2,8,1,54,1,53,1" doraHai="130" doraHaiUra="12" who="2" fromWho="1" sc="250,0,250,-120,240,130,250,0" /><AGARI ba="0,0" hai="8,11,13,15,17,19,24,27,72,73,74" m="51274" machi="15" ten="40,12000,1" yaku="20,1,52,3" doraHai="130" who="0" fromWho="1" sc="250,120,130,-120,370,0,250,0" /><INIT seed="0,1,0,4,0,37" ten="370,10,370,250" oya="0" hai0="74,15,32,18,24,29,80,93,63,114,67,71,62" hai1="55,35,84,19,48,43,58,50,42,65,1,27,100" hai2="60,5,132,46,22,28,68,10,123,128,92,94,126" hai3="66,130,101,4,52,124,120,75,7,59,16,119,110"/><T78/><D114/><U39/><E1/><V45/><F123/><W83/><G119/><T11/><D63/><U31/><E39/><V98/><F126/><W111/><G66/><T53/><D93/><U105/><E65/><V122/><F122/><W72/><G120/><T21/><REACH who="0" step="1"/><D53/><REACH who="0" ten="360,10,370,250" step="2"/><U129/><E129/><V44/><F94/><W47/><G130/><T40/><D40/><U38/><E38/><V30/><F60/><W36/><G52/><T49/><D49/><U109/><E50/><V133/><F128/><W106/><G36/><T61/><D61/><U90/><E109/><V9/><F92/><W54/><G54/><T79/><D79/><U96/><REACH who="1" step="1"/><E19/><REACH who="1" ten="360,0,370,250" step="2"/><V6/><F5/><W104/><G16/><T91/><D91/><U17/><E17/><V2/><F6/><W33/><G7/><T69/><D69/><U51/><E51/><V0/><F68/><W88/><G4/><T85/><D85/><U25/><E25/><V95/><F0/><W13/><G111/><T34/><AGARI ba="1,2" hai="11,15,18,21,24,29,32,34,62,67,71,74,78,80" machi="34" ten="30,3000,0" yaku="1,1,0,1,53,0" doraHai="37" doraHaiUra="3" who="0" fromWho="0" sc="360,53,0,-11,370,-11,250,-11" owari="413,51.0,-11,-51.0,359,16.0,239,-16.0" /></mjloggm>