<mjloggm ver="2.3"><GO type="169" lobby="0"/><UN n0="%62%6F%6F%6B%65%72%4B" n1="%31%74%61" n2="%64%75%72%72%72%72%72" n3="%E6%9D%91%E6%9D%BE%E3%80%90%E6%9C%AC%E7%89%A9%E3%80%91" dan="16,17,18,16" rate="2107.66,2164.99,2271.07,2110.04" sx="M,M,M,M"/><TAIKYOKU oya="0"/><INIT seed="0,0,0,0,0,56" ten="250,250,250,250" oya="0" hai0="15,85,9,12,1,102,7,107,44,81,70,6,40" hai1="73,108,11,42,112,72,90,91,50,106,86,127,104" hai2="62,103,105,55,24,58,96,133,14,31,114,84,88" hai3="10,129,35,39,57,53,95,66,46,61,67,100,92"/><T51/><D107/><U125/><E42/><V45/><F133/><W63/><G35/><T75/><D102/><U94/><E50/><V126/><F126/><N who="1" m="48137" /><E108/><V21/><F114/><W132/><G132/><T111/><D111/><U74/><E11/><V52/><F14/><W33/><G33/><T123/><D75/><U131/><E131/><V128/><F128/><W130/><G100/><T34/><D34/><U109/><E109/><V87/><F88/><N who="1" m="33833" /><E112/><V13/><REACH who="2" step="1"/><F13/><REACH who="2" ten="250,250,240,250" step="2"/><W124/><G124/><T115/><D115/><U68/><E68/><V49/><AGARI ba="0,1" hai="21,24,31,45,49,52,55,58,62,84,87,96,103,105" machi="49" ten="30,12000,2" yaku="1,1,2,1,0,1,52,1,54,1,53,1" doraHai="56" doraHaiUra="20" who="2" fromWho="2" sc="250,-60,250,-30,240,130,250,-30" /><INIT seed="1,0,0,1,2,32" ten="190,220,370,220" oya="1" hai0="102,34,17,36,24,118,23,42,84,46,129,96,60" hai1="121,131,64,77,65,30,125,79,71,101,81,44,82" hai2="105,58,98,87,5,3,123,116,0,111,120,19,48" hai3="6,39,26,92,104,72,99,45,119,40,7,122,97"/><U67/><E121/><V51/><F87/><W43/><G122/><T66/><D129/><U10/><E131/><V94/><F58/><W134/><G134/><T53/><D84/><U130/><E130/><V107/><F5/><W52/><G119/><T103/><D118/><U127/><E71/><V35/><F116/><W80/><G26/><T69/><D34/><U70/><E70/><V109/><F35/><W33/><G33/><T117/><D117/><U41/><E30/><V110/><F19/><W113/><G113/><T90/><D53/><U132/><E132/><V88/><F123/><W112/><G112/><T54/><D54/><U50/><E101/><V89/><F120/><W56/><G40/><T75/><D75/><U16/><E10/><V108/><F108/><W12/><G12/><T11/><D11/><U83/><REACH who="1" step="1"/><E16/><REACH who="1" ten="190,210,370,220" step="2"/><V63/><F110/><W62/><G104/><T13/><D103/><U124/><AGARI ba="0,1" hai="41,44,50,64,65,67,77,79,81,82,83,124,125,127" machi="124" ten="40,18000,2" yaku="1,1,2,1,0,1,29,2,18,1,53,0" doraHai="32" doraHaiUra="1" who="1" fromWho="1" sc="190,-60,210,190,370,-60,220,-60" /><INIT seed="1,1,0,1,2,113" ten="130,400,310,160" oya="1" hai0="86,24,112,54,14,64,33,27,17,56,39,66,126" hai1="52,125,96,46,31,25,119,63,130,129,61,48,104" hai2="107,57,40,124,62,28,11,21,8,122,19,131,29" hai3="82,97,100,68,132,101,85,67,49,58,35,69,76"/><U3/><E3/><V123/><F107/><W38/><G38/><T99/><D39/><U88/><E119/><V72/><F72/><W71/><G35/><T37/><D37/><U118/><E118/><V30/><F40/><W134/><G67/><T120/><D120/><U70/><E125/><V20/><F57/><W50/><G100/><T114/><D126/><U6/><E6/><V51/><F124/><W109/><G109/><T5/><D86/><U135/><E135/><V116/><F51/><W36/><G36/><T53/><D5/><U74/><E74/><V0/><F62/><W2/><G2/><T87/><D87/><U60/><E70/><V91/><F91/><W65/><G65/><T94/><D64/><U1/><E1/><V47/><F47/><W15/><G15/><T115/><D66/><U32/><REACH who="1" step="1"/><E88/><REACH who="1" ten="130,390,310,160" step="2"/><V93/><F116/><W12/><G132/><T42/><D112/><U84/><E84/><V98/><F0/><W73/><G134/><T41/><D114/><U117/><E117/><V103/><F123/><W75/><G75/><T95/><D115/><U7/><E7/><V23/><F122/><W79/><G73/><T4/><D4/><U110/><E110/><V128/><REACH who="2" step="1"/><F19/><REACH who="2" ten="130,390,300,160" step="2"/><W45/><G69/><T111/><D17/><U34/><E34/><V89/><F89/><W108/><G71/><T102/><D33/><U121/><E121/><V127/><F127/><W106/><G68/><T77/><D111/><U78/><E78/><V9/><AGARI ba="1,2" hai="8,9,11,20,21,23,28,29,30,93,98,103,128,131" machi="9" ten="40,12000,2" yaku="1,1,0,1,29,2,53,3" doraHai="113" doraHaiUra="16" who="2" fromWho="2" sc="130,-31,390,-61,300,143,160,-31" /><INIT seed="2,0,0,2,1,134" ten="99,329,443,129" oya="2" hai0="17,48,44,113,51,74,66,10,135,129,100,94,133" hai1="33,4,35,91,97,122,34,59,80,46,111,82,86" hai2="119,3,107,30,92,95,40,63,70,25,79,61,32" hai3="104,27,29,77,56,18,96,20,57,85,81,112,87"/><V108/><F107/><W89/><G112/><T127/><D74/><U76/><E111/><V101/><F119/><W117/><G117/><T24/><D113/><U109/><E109/><V7/><F108/><W47/><G47/><T121/><D121/><U50/><E122/><V5/><F79/><W73/><G85/><T9/><D66/><U78/><E59/><V54/><F40/><W16/><G56/><T65/><D65/><U21/><E4/><V125/><F101/><W126/><G126/><T11/><D129/><U15/><E97/><V38/><F54/><W6/><G6/><T128/><D44/><U84/><E91/><V130/><F25/><W118/><G57/><T39/><D39/><U58/><E58/><V120/><F30/><W93/><REACH who="3" step="1"/><G118/><REACH who="3" ten="99,329,443,119" step="2"/><T49/><D127/><U131/><E46/><V64/><F7/><W60/><G60/><T72/><D128/><U23/><E131/><V0/><F5/><W75/><G75/><T124/><D124/><U114/><E86/><V103/><F63/><W116/><G116/><T13/><D72/><U42/><E84/><V53/><F61/><W26/><G26/><T41/><D24/><U99/><E114/><V36/><F130/><W90/><G90/><T14/><D41/><U110/><E42/><V52/><F125/><W106/><G106/><T2/><D133/><U102/><E110/><V19/><F120/><W88/><G88/><T68/><D135/><U71/><E78/><V1/><F1/><W8/><G8/><N who="0" m="6311" /><D2/><U37/><E76/><V22/><F0/><W115/><G115/><T132/><D132/><RYUUKYOKU ba="0,1" sc="99,-10,329,-10,443,-10,119,30" hai3="16,18,20,27,29,73,77,81,87,89,93,96,104" /><INIT seed="3,1,1,4,4,77" ten="89,319,433,149" oya="3" hai0="130,134,29,43,118,86,126,51,36,74,104,39,111" hai1="35,30,34,57,0,21,44,61,132,76,107,14,85" hai2="13,95,16,120,62,27,24,8,123,19,90,58,88" hai3="105,106,71,127,80,10,26,25,87,100,56,113,115"/><W121/><G71/><T50/><D29/><U92/><E107/><V52/><F90/><W73/><G121/><N who="2" m="46665" /><F19/><W41/><G41/><T108/><D86/><AGARI ba="1,1" hai="8,13,16,24,27,52,58,62,86,88,95" m="46665" machi="86" ten="30,7700,0" yaku="13,1,54,3" doraHai="77" who="2" fromWho="0" sc="89,-80,319,0,433,90,149,0" /><INIT seed="4,0,0,4,1,107" ten="9,319,523,149" oya="0" hai0="95,73,133,128,130,87,10,18,19,79,81,58,104" hai1="46,39,67,21,77,48,32,78,52,89,69,72,92" hai2="17,27,44,13,86,16,23,56,111,88,26,120,131" hai3="75,82,122,28,63,118,5,126,123,38,134,51,91"/><T71/><D71/><U117/><E117/><V36/><F111/><W113/><G28/><T50/><D104/><U90/><E32/><V127/><F120/><W62/><G5/><T15/><D19/><U6/><E72/><V61/><F127/><W84/><G51/><T53/><D133/><U94/><E39/><V0/><F0/><W96/><G96/><T29/><D29/><U55/><E69/><V12/><F131/><N who="0" m="50218" /><D95/><N who="1" m="36395" /><E67/><N who="2" m="39335" /><F44/><W124/><G38/><T40/><D40/><U132/><E132/><V11/><F36/><W83/><G134/><T125/><D125/><N who="3" m="48233" /><G113/><T76/><D76/><N who="1" m="29291" /><E6/><V8/><F8/><W129/><G129/><T70/><D70/><U121/><E121/><N who="3" m="46090" /><G118/><T37/><D37/><U99/><E99/><V7/><F7/><W30/><G30/><T97/><D97/><U45/><E21/><V100/><F100/><W59/><G59/><T35/><D35/><U1/><E1/><V47/><F47/><N who="1" m="17929" /><E48/><V102/><F102/><W54/><G54/><AGARI ba="0,0" hai="52,54,55,89,90" m="17929,29291,36395" machi="54" ten="30,7700,0" yaku="28,2,8,1,54,1" doraHai="107" who="1" fromWho="3" sc="9,0,319,77,523,0,149,-77" /><INIT seed="5,0,0,5,3,76" ten="9,396,523,72" oya="1" hai0="9,133,104,100,85,37,66,90,122,49,80,58,73" hai1="27,91,134,62,16,2,22,48,125,64,67,36,109" hai2="101,30,129,92,108,115,123,60,4,107,38,126,119" hai3="61,63,3,111,34,77,0,54,8,18,1,103,72"/><U110/><E36/><V6/><F92/><W112/><G111/><N who="1" m="42506" /><E2/><V79/><F79/><W23/><G34/><T44/><D73/><U69/><E125/><V14/><F14/><W84/><G72/><T51/><D133/><U120/><E120/><V41/><F60/><W19/><G103/><T50/><D122/><U71/><E134/><V124/><F41/><W65/><G112/><T35/><D35/><U88/><E48/><V7/><F30/><W121/><G121/><T59/><D9/><U135/><E135/><V43/><F108/><W42/><G42/><T55/><D37/><U96/><E96/><V52/><F123/><W132/><G132/><T75/><D75/><U53/><E53/><V56/><F115/><W10/><G54/><T127/><D127/><N who="2" m="48682" /><F119/><W116/><G116/><T5/><D5/><N who="2" m="2154" /><F43/><W28/><G28/><T95/><D104/><U118/><E118/><V117/><F7/><W114/><G114/><T11/><D11/><U24/><E24/><V17/><F117/><W93/><G0/><T31/><D31/><U57/><E67/><V26/><F26/><W70/><G65/><T74/><D74/><U78/><E78/><V98/><F38/><W105/><G77/><N who="0" m="46223" /><D100/><U29/><E29/><V68/><F98/><W33/><G1/><T12/><D12/><U13/><E13/><V81/><F107/><W32/><G3/><T40/><D66/><U89/><AGARI ba="0,0" hai="16,22,27,57,62,64,69,71,88,89,91" m="42506" machi="89" ten="30,6000,0" yaku="10,1,54,2" doraHai="76" who="1" fromWho="1" sc="9,-20,396,60,523,-20,72,-20" owari="-11,-51.0,456,26.0,503,60.0,52,-35.0" /></mjloggm>