<mjloggm ver="2.3"><GO type="169" lobby="0"/><UN n0="%E3%81%95%E3%81%AE%E3%81%99%E3%81%91" n1="%E3%83%A2%E3%83%AD%E3%83%98%E3%82%A4%E3%83%A4" n2="%62%6F%79%61%74%65%74%75" n3="%E8%91%B5%E3%81%A1%E3%82%83%E3%82%93" dan="17,16,16,16" rate="2136.39,2073.22,2114.45,2115.19" sx="M,M,M,F"/><TAIKYOKU oya="0"/><INIT seed="0,0,0,1,4,71" ten="250,250,250,250" oya="0" hai0="122,76,35,130,38,132,17,86,54,3,107,67,83" hai1="31,53,44,88,104,29,97,81,10,11,125,96,47" hai2="90,12,112,7,36,74,84,8,80,106,48,52,111" hai3="99,1,21,110,121,124,28,2,120,108,18,72,129"/><T126/><D122/><N who="3" m="47209" /><G72/><T73/><D107/><U50/><E125/><V62/><F112/><W93/><G93/><T51/><D35/><U131/><E131/><V82/><F106/><W32/><G99/><N who="1" m="37962" /><E47/><V13/><F111/><N who="3" m="42539" /><G129/><T40/><D130/><U64/><E64/><V34/><F34/><W70/><G70/><T4/><D67/><U79/><E79/><V92/><F62/><W66/><G124/><T77/><D126/><U6/><E104/><V95/><F36/><W103/><G103/><T23/><D132/><U109/><E109/><V133/><F133/><W56/><G66/><T114/><D114/><U113/><E113/><V58/><REACH who="2" step="1"/><F13/><REACH who="2" ten="250,250,240,250" step="2"/><N who="3" m="9423" /><G56/><T105/><D105/><U37/><E37/><V134/><F134/><W25/><AGARI ba="0,1" hai="1,2,25,28,32" m="9423,42539,47209" machi="25" ten="40,8000,1" yaku="13,1,14,1,34,2" doraHai="71" who="3" fromWho="3" sc="250,-40,250,-20,240,-20,250,90" /><INIT seed="1,0,0,3,3,9" ten="210,230,220,340" oya="1" hai0="124,79,43,4,80,18,17,6,42,117,66,34,49" hai1="88,94,120,76,64,102,15,130,108,90,29,27,44" hai2="119,103,73,55,77,75,32,35,109,68,71,93,134" hai3="65,82,89,28,7,14,116,92,25,133,22,70,118"/><U56/><E76/><V100/><F119/><W74/><G133/><T20/><D117/><N who="3" m="45161" /><G65/><T8/><D124/><U36/><E120/><V54/><F93/><W10/><G70/><T47/><D34/><U1/><E1/><V128/><F77/><N who="3" m="44343" /><G92/><T83/><D66/><U30/><E30/><V114/><F114/><W39/><G89/><T41/><D18/><U96/><E130/><V123/><F128/><W106/><G39/><T85/><D83/><U105/><E108/><V63/><F109/><W81/><G81/><T40/><REACH who="0" step="1"/><D8/><REACH who="0" ten="200,230,220,340" step="2"/><U2/><E64/><V21/><F32/><W51/><G10/><T98/><D98/><U19/><E19/><V69/><F35/><W99/><G99/><T46/><D46/><U72/><E44/><V50/><F123/><W95/><G28/><T84/><D84/><U13/><E29/><V26/><F73/><W125/><G125/><T5/><D5/><U33/><E72/><V61/><F75/><W53/><G7/><T97/><D97/><U59/><E96/><V104/><F69/><W3/><G22/><T62/><D62/><U126/><E126/><V113/><F71/><W91/><G106/><T129/><D129/><U57/><E105/><V48/><F68/><W12/><G25/><AGARI ba="0,1" hai="4,6,17,20,25,40,41,42,43,47,49,79,80,85" machi="25" ten="40,5200,0" yaku="1,1,8,1,53,1" doraHai="9" doraHaiUra="78" who="0" fromWho="3" sc="200,62,230,0,220,0,340,-52" /><INIT seed="2,0,0,5,2,59" ten="262,230,220,288" oya="2" hai0="17,42,58,104,47,10,94,86,41,60,36,128,19" hai1="125,105,107,130,51,80,53,63,45,2,83,16,43" hai2="131,123,88,20,57,126,0,23,81,61,31,50,92" hai3="102,93,26,110,121,52,106,35,127,79,75,25,71"/><V85/><F123/><W67/><G121/><T55/><D128/><U4/><E4/><V87/><F131/><W122/><G122/><T27/><D104/><U44/><E2/><V22/><F126/><W11/><G127/><T135/><D135/><U46/><E130/><V118/><F118/><W73/><G106/><T116/><D116/><U115/><E107/><V29/><F50/><W129/><G129/><T18/><D41/><U77/><E105/><V28/><F0/><W96/><G110/><T56/><D10/><U32/><E32/><V103/><F103/><W119/><G119/><T98/><D86/><U68/><E115/><V117/><F117/><W65/><G11/><T40/><D40/><U39/><E125/><V72/><F72/><W6/><G6/><T24/><REACH who="0" step="1"/><D56/><REACH who="0" ten="252,230,220,288" step="2"/><U15/><E68/><V1/><F1/><W82/><G75/><T84/><D84/><U95/><E43/><V8/><F8/><W7/><G71/><T76/><D76/><U133/><E77/><N who="2" m="46255" /><F20/><W69/><G69/><T97/><D97/><U9/><E133/><V13/><F13/><W124/><G124/><T37/><D37/><U101/><E39/><V134/><F134/><W108/><G35/><T70/><D70/><U114/><E9/><V54/><AGARI ba="0,1" hai="22,23,28,29,31,54,57,61,87,88,92" m="46255" machi="54" ten="30,6000,0" yaku="8,1,52,1,54,1" doraHai="59" who="2" fromWho="2" sc="252,-20,230,-20,220,70,288,-20" /><INIT seed="2,1,0,4,5,116" ten="232,210,290,268" oya="2" hai0="85,35,21,56,126,52,5,94,87,111,123,108,73" hai1="40,44,65,43,74,78,133,134,122,114,93,34,62" hai2="95,4,106,75,20,68,26,7,115,101,124,72,82" hai3="11,33,67,98,79,130,107,80,100,103,17,71,112"/><V37/><F115/><W127/><G112/><T92/><D35/><U28/><E114/><V23/><F124/><W118/><G127/><T8/><D73/><U55/><E28/><V29/><F106/><W97/><G118/><T76/><D21/><U25/><E25/><V49/><F37/><W27/><G130/><T59/><D126/><U36/><E78/><V46/><F68/><W69/><G67/><T113/><D113/><U51/><E93/><V24/><F75/><W63/><G63/><T10/><D76/><U57/><E34/><V129/><F129/><W81/><G81/><T53/><D5/><U30/><E30/><V60/><F60/><W99/><G99/><T105/><D105/><U14/><E14/><V48/><F48/><W38/><G38/><T110/><D110/><U64/><E74/><V66/><F66/><N who="1" m="25705" /><E122/><AGARI ba="1,0" hai="8,10,52,53,56,59,85,87,92,94,108,111,122,123" machi="122" ten="25,8000,1" yaku="22,2,52,2,54,1" doraHai="116" who="0" fromWho="1" sc="232,83,210,-83,290,0,268,0" /><INIT seed="3,0,0,3,5,94" ten="315,127,290,268" oya="3" hai0="59,108,91,32,73,101,34,107,71,96,100,54,133" hai1="66,118,4,28,37,116,119,51,115,30,43,120,128" hai2="72,90,127,21,124,103,69,78,16,13,134,79,36" hai3="23,60,53,99,35,26,130,117,131,20,65,135,104"/><W5/><G117/><T84/><D71/><U31/><E37/><V83/><F134/><W56/><G135/><T27/><D133/><U75/><E75/><V9/><F69/><W47/><G5/><T42/><D108/><U12/><E66/><V111/><F111/><W8/><G8/><T87/><D100/><U55/><E43/><V11/><F36/><W14/><G14/><T46/><D73/><U85/><E115/><V61/><F61/><W132/><G132/><T92/><D87/><U22/><E120/><V98/><F90/><W125/><G125/><N who="2" m="48201" /><F78/><W45/><G35/><T82/><D27/><U95/><E128/><N who="3" m="49194" /><G65/><T25/><D25/><U102/><E4/><V18/><F18/><N who="3" m="12567" /><G23/><T68/><D82/><U67/><E67/><V52/><F52/><W3/><G3/><T114/><D114/><U1/><E1/><V122/><F122/><W48/><G48/><T77/><D77/><U57/><E102/><AGARI ba="0,0" hai="45,47,53,56,60,99,102,104" m="12567,49194" machi="102" ten="30,2900,0" yaku="19,1,52,1" doraHai="94" who="3" fromWho="1" sc="315,0,127,-29,290,0,268,29" /><INIT seed="3,1,0,3,3,48" ten="315,98,290,297" oya="3" hai0="68,32,0,111,110,66,92,52,112,21,30,91,29" hai1="63,80,26,122,123,103,76,108,78,47,14,88,133" hai2="13,20,56,8,131,84,60,10,125,121,27,77,106" hai3="95,72,73,54,41,15,94,37,71,2,64,65,53"/><W124/><G2/><T46/><D0/><U39/><E103/><V24/><F125/><W45/><G124/><T40/><D32/><U83/><E108/><V93/><F106/><W22/><G73/><T104/><D104/><U35/><E133/><V113/><F131/><W109/><G72/><T74/><D74/><U129/><E129/><V89/><F113/><W126/><G126/><T25/><D30/><U87/><E63/><V128/><F77/><W5/><G109/><N who="0" m="41483" /><D112/><U61/><E61/><V43/><F43/><W134/><G134/><T98/><D66/><U120/><E14/><V75/><F75/><W132/><G132/><T100/><D68/><U57/><E57/><V1/><F1/><W67/><G71/><T44/><D40/><U97/><E97/><V85/><F85/><W34/><G34/><T81/><D81/><U115/><E115/><V62/><F128/><W49/><G37/><T51/><D46/><U6/><E6/><V11/><F121/><W33/><G33/><T130/><D130/><U127/><E83/><V69/><F69/><W96/><G95/><T90/><AGARI ba="1,0" hai="21,25,29,44,51,52,90,91,92,98,100" m="41483" machi="90" ten="30,4000,0" yaku="14,1,52,1,54,1" doraHai="48" who="0" fromWho="0" sc="315,43,98,-11,290,-11,297,-21" /><INIT seed="4,0,0,5,3,73" ten="358,87,279,276" oya="0" hai0="63,119,31,28,109,116,113,57,83,130,18,40,80" hai1="24,2,29,124,9,54,42,15,33,108,3,97,43" hai2="61,11,32,45,17,51,19,65,66,10,60,93,81" hai3="13,36,48,68,8,47,111,84,121,50,134,64,91"/><T39/><D130/><U38/><E108/><V87/><F32/><W67/><G111/><T25/><D109/><U78/><E124/><V96/><F61/><W110/><G110/><T100/><D113/><U14/><E3/><V49/><F49/><W128/><G128/><T70/><D70/><U107/><E2/><V88/><F11/><W56/><G134/><T133/><D133/><U127/><E127/><V95/><F10/><W22/><G22/><T115/><D115/><U122/><E122/><V99/><F66/><W125/><G121/><T69/><D100/><U62/><E15/><V118/><F118/><W30/><G30/><T126/><D69/><U74/><E97/><V92/><F99/><W85/><G36/><T112/><D112/><U86/><E74/><V94/><F94/><W114/><G85/><T58/><D126/><U16/><E107/><V55/><REACH who="2" step="1"/><F96/><REACH who="2" ten="358,87,269,276" step="2"/><W46/><G125/><T129/><D63/><U41/><E38/><V72/><F72/><W0/><G50/><T4/><D39/><U12/><E12/><V76/><F76/><W21/><G48/><T27/><D119/><U23/><E33/><V75/><F75/><W117/><G13/><T52/><D116/><U90/><E78/><V37/><F37/><W103/><G0/><T79/><D79/><U5/><E5/><V120/><F120/><W105/><G117/><T26/><D4/><U123/><E123/><V89/><F89/><W20/><G91/><T1/><D1/><U34/><E34/><V59/><AGARI ba="0,1" hai="17,19,45,51,55,59,60,65,81,87,88,92,93,95" machi="59" ten="30,7900,0" yaku="1,1,0,1,8,1,54,1,53,0" doraHai="73" doraHaiUra="7" who="2" fromWho="2" sc="358,-39,87,-20,269,89,276,-20" /><INIT seed="5,0,0,1,5,105" ten="319,67,358,256" oya="1" hai0="121,86,28,48,56,69,17,81,72,12,30,96,123" hai1="112,33,39,24,37,32,65,110,2,61,135,49,100" hai2="78,13,41,109,29,106,90,97,38,99,93,7,60" hai3="1,131,18,22,43,134,89,51,25,83,71,36,23"/><U125/><E2/><V114/><F109/><W118/><G131/><T82/><D69/><U95/><E110/><V127/><F127/><W63/><G1/><T11/><D96/><U133/><E125/><V21/><F114/><W68/><G36/><T10/><D10/><U102/><E112/><V14/><F78/><W6/><G6/><T35/><D35/><U0/><E0/><V76/><F76/><W91/><G134/><N who="1" m="51210" /><E49/><V54/><F41/><W70/><G63/><T8/><D8/><U92/><E92/><V132/><F132/><W108/><G83/><T94/><D94/><U115/><E115/><V55/><F38/><N who="1" m="14345" /><E95/><V98/><F106/><W9/><G108/><T15/><D82/><U58/><E24/><V16/><F99/><W52/><G118/><T79/><D86/><U129/><E129/><V117/><F117/><W120/><G43/><T34/><D34/><AGARI ba="0,0" hai="32,33,34,58,61,65,100,102" m="14345,51210" machi="34" ten="40,2000,0" yaku="20,1" doraHai="105" who="1" fromWho="0" sc="319,-20,67,20,358,0,256,0" /><INIT seed="5,1,0,5,0,3" ten="299,87,358,256" oya="1" hai0="87,10,46,58,84,12,30,54,76,19,66,88,120" hai1="114,82,109,67,93,11,25,79,118,111,2,39,1" hai2="77,72,92,100,131,4,45,51,0,15,110,134,33" hai3="9,107,38,37,124,116,14,50,31,117,91,98,90"/><U16/><E39/><V130/><F33/><W102/><G124/><T106/><D106/><U56/><E118/><N who="3" m="45674" /><G31/><T127/><D127/><U75/><E114/><V126/><F0/><W41/><G50/><N who="0" m="29015" /><D30/><U13/><E93/><V63/><F92/><W64/><G64/><T69/><D69/><U59/><E25/><V70/><F70/><W86/><G41/><T71/><D71/><U85/><E75/><V122/><F72/><W60/><G60/><N who="0" m="38167" /><D76/><U49/><E59/><V113/><F77/><W135/><G135/><T128/><D128/><U132/><E132/><V83/><F134/><W7/><G91/><T125/><D120/><U55/><REACH who="1" step="1"/><E67/><REACH who="1" ten="299,77,358,256" step="2"/><V97/><F113/><W18/><G38/><T22/><D125/><U57/><E57/><V74/><F126/><W108/><G37/><T95/><D87/><U53/><E53/><V20/><F130/><W94/><G108/><AGARI ba="1,1" hai="1,2,11,13,16,49,55,56,79,82,85,108,109,111" machi="108" ten="40,7700,0" yaku="1,1,10,1,54,1,53,0" doraHai="3" doraHaiUra="119" who="1" fromWho="3" sc="299,0,77,90,358,0,256,-80" /><INIT seed="5,2,0,5,5,124" ten="299,167,358,176" oya="1" hai0="86,84,70,13,113,63,125,101,75,126,54,7,15" hai1="120,122,8,65,89,16,105,109,64,106,67,94,60" hai2="76,68,52,71,118,0,25,121,28,20,50,79,134" hai3="77,91,39,29,98,21,22,35,19,129,103,132,45"/><U83/><E83/><V17/><F121/><W48/><G132/><T88/><D75/><U56/><E109/><V81/><F118/><W107/><G39/><T41/><D113/><U117/><E117/><V24/><F0/><W82/><G91/><T53/><D41/><U34/><E34/><V10/><F134/><W18/><G129/><T99/><D70/><U102/><E102/><V73/><F76/><W58/><G58/><T42/><D42/><U115/><E115/><V128/><F128/><W9/><G35/><T100/><D7/><U1/><E105/><V66/><F66/><W32/><G32/><T36/><D63/><U62/><E106/><V57/><F10/><W95/><G107/><T59/><D59/><U46/><E46/><V93/><F93/><W119/><G119/><T12/><D36/><U43/><E43/><V27/><F27/><W33/><G33/><AGARI ba="2,0" hai="17,20,24,25,28,33,50,52,57,68,71,73,79,81" machi="33" ten="30,2000,0" yaku="7,1,54,1" doraHai="124" who="2" fromWho="3" sc="299,0,167,0,358,26,176,-26" /><INIT seed="6,0,0,3,2,125" ten="299,167,384,150" oya="2" hai0="24,103,47,18,5,30,25,130,81,6,13,115,116" hai1="80,22,41,122,66,29,76,84,112,83,2,104,95" hai2="113,72,46,31,4,110,35,71,120,61,57,88,44" hai3="101,94,135,131,59,111,106,124,75,49,52,87,117"/><V65/><F120/><W0/><G117/><T50/><D103/><U98/><E104/><V60/><F72/><W96/><G111/><T42/><D116/><U8/><E2/><V121/><F121/><W36/><G124/><T132/><D115/><U79/><E122/><V92/><F110/><W27/><G36/><T48/><D132/><U12/><E112/><V14/><F113/><W19/><G135/><T123/><D123/><U82/><E66/><V73/><F73/><W15/><G0/><T129/><D81/><U37/><E37/><V58/><F71/><W11/><G75/><T26/><D30/><U69/><E41/><V100/><F100/><W114/><G114/><T38/><D48/><U43/><E43/><V20/><F35/><W67/><G67/><T39/><D39/><U119/><E69/><V32/><F32/><W127/><G127/><T105/><D105/><U91/><E119/><V62/><F62/><W86/><G131/><N who="0" m="50187" /><D38/><U10/><E10/><AGARI ba="0,0" hai="5,6,10,13,18,24,25,26,42,47,50" m="50187" machi="10" ten="30,7700,0" yaku="19,1,52,3" doraHai="125" who="0" fromWho="1" sc="299,77,167,-77,384,0,150,0" /><INIT seed="7,0,0,4,4,69" ten="376,90,384,150" oya="3" hai0="32,108,13,95,77,100,68,130,48,105,104,41,8" hai1="65,73,90,60,94,72,87,26,91,74,124,16,63" hai2="51,62,132,82,28,78,61,85,71,56,86,129,133" hai3="93,12,45,20,19,131,2,80,35,64,3,39,81"/><W121/><G121/><T10/><D108/><U18/><E124/><V128/><F28/><W102/><G35/><T43/><D68/><U79/><E79/><V15/><F71/><W0/><G131/><N who="2" m="50249" /><F15/><W5/><G5/><T125/><D130/><U9/><E9/><V25/><F25/><W23/><G23/><T101/><D32/><U84/><E26/><V116/><F116/><W67/><G81/><T58/><D77/><U89/><E65/><N who="2" m="39079" /><F62/><N who="1" m="23593" /><E94/><V126/><F126/><W29/><G80/><T55/><D125/><U27/><E27/><V24/><F24/><W31/><G31/><T115/><D115/><U112/><E112/><V134/><F51/><W37/><G29/><T114/><D114/><U103/><E103/><N who="0" m="39497" /><D105/><U7/><E7/><V111/><F111/><W66/><G45/><T42/><D104/><U1/><E1/><V36/><F36/><W59/><G59/><T135/><D135/><U119/><E119/><V38/><F38/><W52/><G52/><T4/><D10/><U33/><E33/><V49/><F49/><W98/><AGARI ba="0,0" hai="0,2,3,12,19,20,37,39,64,66,67,93,98,102" machi="98" ten="40,7800,0" yaku="0,1,52,2" doraHai="69" who="3" fromWho="3" sc="376,-26,90,-26,384,-26,150,78" /><INIT seed="7,1,0,0,1,91" ten="350,64,358,228" oya="3" hai0="135,16,62,98,119,48,114,67,53,34,85,4,37" hai1="82,84,63,99,60,59,3,8,33,126,20,0,5" hai2="23,122,65,88,102,68,109,110,45,42,41,17,28" hai3="77,105,7,81,79,55,112,94,18,127,71,49,107"/><W106/><G71/><T93/><D119/><U44/><E33/><V24/><F122/><W50/><G7/><T11/><D37/><U66/><E126/><V123/><F123/><W133/><G127/><T1/><D34/><U118/><E118/><V52/><F102/><W75/><G133/><T83/><D16/><U51/><E0/><V10/><F109/><W19/><G79/><T132/><D114/><U26/><E60/><V12/><F110/><W115/><G94/><T14/><D1/><U30/><E99/><V96/><F65/><W61/><G61/><T27/><D27/><U87/><E87/><V130/><F130/><W54/><G19/><T22/><D22/><U70/><E70/><V6/><F68/><W78/><G18/><T57/><D57/><U40/><E3/><V13/><F13/><W21/><G21/><T129/><D129/><U74/><E74/><V56/><F45/><W121/><G121/><T97/><D67/><U2/><E2/><V43/><F28/><W15/><G15/><T9/><D9/><U89/><E8/><V73/><F73/><W72/><G107/><T100/><D97/><U92/><REACH who="1" step="1"/><E5/><REACH who="1" ten="350,54,358,228" step="2"/><V111/><F6/><W134/><G115/><T32/><D62/><U113/><E113/><V124/><F124/><W46/><G112/><T101/><D32/><U86/><E86/><V90/><F111/><W131/><G75/><T38/><D101/><U58/><E58/><V117/><F117/><W47/><G72/><T104/><D104/><U108/><E108/><V76/><F10/><W80/><G131/><T125/><D125/><RYUUKYOKU ba="1,1" sc="350,-15,54,15,358,-15,228,15" hai1="20,26,30,40,44,51,59,63,66,82,84,89,92" hai3="46,47,49,50,54,55,77,78,80,81,105,106,134" /><INIT seed="7,2,1,5,1,130" ten="335,69,343,243" oya="3" hai0="41,37,121,40,127,60,55,124,39,72,31,134,88" hai1="73,47,22,116,109,110,131,98,66,75,114,34,53" hai2="12,21,104,76,81,115,93,54,48,100,50,2,14" hai3="11,83,49,108,28,69,97,65,13,122,77,113,67"/><W45/><G122/><T89/><D72/><U90/><E34/><V94/><F2/><W33/><G113/><T74/><D74/><U32/><E32/><V125/><F125/><N who="0" m="48202" /><D134/><U79/><E66/><V133/><F104/><W80/><G108/><T19/><D31/><U20/><E114/><V62/><F115/><W58/><G69/><T59/><D19/><U46/><E98/><N who="2" m="59471" /><F133/><W25/><G97/><T5/><D5/><U106/><E90/><N who="0" m="34921" /><D121/><U103/><E103/><V84/><F94/><W52/><G58/><T95/><D95/><U107/><E53/><V26/><F62/><W44/><G44/><T128/><D128/><U132/><E131/><V56/><F48/><W105/><G105/><T0/><D0/><U17/><E17/><AGARI ba="2,1" hai="12,14,17,21,26,50,54,56,76,81,84" m="59471" machi="17" ten="30,1000,0" yaku="8,1" doraHai="130" who="2" fromWho="1" sc="335,0,69,-16,343,26,243,0" owari="335,14.0,53,-45.0,369,47.0,243,-16.0" /></mjloggm>