<mjloggm ver="2.3"><GO type="169" lobby="0"/><UN n0="%75%72%61%74%61%6D%61" n1="%6B%75%72%6F%6D%61" n2="%6B%6F%6A%69%6D%6F%6E%39" n3="%E8%87%AA%E6%83%9A%E3%82%8C%E3%83%AA%E3%83%BC%E3%83%81" dan="16,17,16,16" rate="2068.87,2169.63,2089.21,2100.53" sx="M,F,M,M"/><TAIKYOKU oya="0"/><INIT seed="0,0,0,0,5,123" ten="250,250,250,250" oya="0" hai0="82,21,122,117,76,24,35,44,81,126,18,33,56" hai1="95,63,34,9,27,105,84,91,42,3,65,129,10" hai2="70,14,37,19,131,125,17,25,89,51,13,12,20" hai3="7,99,69,135,132,4,101,113,45,11,78,6,119"/><T54/><D122/><U106/><E129/><V109/><F37/><W22/><G113/><T57/><D126/><U67/><E67/><V128/><F70/><W46/><G69/><T97/><D117/><U2/><E42/><V80/><F51/><W134/><G78/><T61/><D97/><U115/><E115/><V83/><F125/><W108/><G119/><T133/><D44/><N who="3" m="17001" /><G22/><T85/><D133/><U49/><E49/><V39/><F39/><W90/><G90/><T124/><D124/><U73/><E73/><V8/><F89/><W92/><G11/><T36/><D36/><U47/><E47/><V77/><F83/><W30/><G30/><T75/><REACH who="0" step="1"/><D56/><REACH who="0" ten="240,250,250,250" step="2"/><U0/><E106/><V16/><F128/><W32/><G32/><T23/><D23/><U88/><E105/><V111/><F131/><W100/><G100/><T66/><D66/><U41/><E41/><V48/><F8/><W38/><G38/><T68/><D68/><N who="1" m="42047" /><E10/><V5/><F5/><W79/><G7/><T116/><D116/><U62/><E9/><V31/><REACH who="2" step="1"/><F48/><REACH who="2" ten="240,250,240,250" step="2"/><W112/><G6/><T29/><D29/><U121/><E2/><V52/><F52/><W15/><G4/><T103/><D103/><U28/><E0/><V55/><F55/><W43/><G101/><T96/><D96/><U64/><E3/><V98/><F98/><W104/><G99/><T130/><D130/><U110/><E121/><V94/><F94/><W60/><G92/><T87/><D87/><AGARI ba="0,2" hai="12,13,14,16,17,19,20,25,31,77,80,87,109,111" machi="87" ten="40,8000,1" yaku="1,1,52,2,54,1,53,1" doraHai="123" doraHaiUra="74" who="2" fromWho="0" sc="240,-80,250,0,240,100,250,0" /><INIT seed="1,0,0,2,5,46" ten="160,250,340,250" oya="1" hai0="26,76,98,122,135,126,58,106,28,42,7,13,125" hai1="100,78,33,69,123,96,57,45,20,34,65,119,74" hai2="5,40,0,52,107,17,59,129,54,4,79,99,49" hai3="11,110,105,95,9,66,70,51,124,134,53,83,84"/><U91/><E119/><V73/><F129/><W60/><G110/><T103/><D122/><U71/><E123/><V75/><F40/><W27/><G105/><T61/><D76/><U85/><E57/><V117/><F117/><W128/><G134/><T23/><D42/><U35/><E65/><V21/><F0/><W30/><G124/><T25/><D135/><U22/><E71/><V130/><F130/><W80/><G95/><T18/><D7/><U24/><E69/><V115/><F115/><W133/><G133/><T131/><D131/><U81/><E45/><V62/><F75/><W2/><G2/><T77/><D77/><U112/><E112/><V64/><F54/><W10/><G84/><T86/><D86/><U90/><E24/><V63/><F63/><W16/><G128/><T120/><D120/><U47/><E47/><V102/><F79/><W127/><G127/><N who="0" m="48651" /><D28/><U43/><E43/><V93/><F107/><W31/><G30/><T118/><D118/><U111/><E111/><V87/><F87/><W67/><G31/><T114/><D114/><U97/><E97/><V12/><REACH who="2" step="1"/><F73/><REACH who="2" ten="160,250,330,250" step="2"/><W8/><G60/><T32/><D32/><U132/><E132/><V39/><F39/><W104/><G104/><T38/><D38/><U109/><E109/><V88/><F88/><N who="1" m="33833" /><E74/><V108/><F108/><W68/><G68/><AGARI ba="0,1" hai="4,5,12,17,21,49,52,59,62,64,68,93,99,102" machi="68" ten="30,8000,1" yaku="1,1,7,1,52,1,54,1,53,1" doraHai="46" doraHaiUra="89" who="2" fromWho="3" sc="160,0,250,0,330,90,250,-80" /><INIT seed="2,0,0,5,2,84" ten="160,250,420,170" oya="2" hai0="63,94,34,97,105,43,123,33,99,118,122,20,131" hai1="50,75,24,1,125,66,67,12,52,15,56,46,88" hai2="83,71,92,65,11,64,103,93,53,130,45,54,90" hai3="116,85,104,48,101,7,14,3,27,110,39,109,82"/><V91/><F130/><W89/><G39/><T86/><D86/><U0/><E75/><V96/><F71/><W120/><G3/><T13/><D43/><U106/><E106/><V113/><F113/><W59/><G116/><T80/><D80/><U129/><E0/><V38/><F38/><W26/><G101/><T6/><D6/><U124/><E1/><V74/><F11/><N who="3" m="4479" /><G104/><T37/><D105/><U28/><E129/><V77/><F103/><W69/><G120/><T44/><D44/><U128/><E128/><V57/><F45/><W2/><G69/><T117/><D63/><U68/><E68/><V29/><F29/><W127/><G2/><T5/><D5/><U87/><E12/><V70/><F70/><W47/><G59/><T19/><D131/><U133/><E15/><V4/><F4/><W121/><G121/><N who="0" m="46091" /><D37/><U79/><E79/><V132/><F132/><W40/><G127/><N who="1" m="48714" /><E56/><V42/><F42/><W9/><G9/><T108/><D99/><U111/><E133/><V78/><F78/><W36/><G36/><T23/><D23/><N who="1" m="15391" /><E111/><AGARI ba="0,0" hai="26,27,40,47,48,82,85,89,109,110,111" m="4479" machi="111" ten="30,2000,0" yaku="14,1,52,1" doraHai="84" who="3" fromWho="1" sc="160,0,250,-20,420,0,170,20" /><INIT seed="3,0,0,5,0,52" ten="160,230,420,190" oya="3" hai0="81,26,13,51,4,31,129,91,40,97,63,127,62" hai1="14,67,53,24,6,59,70,99,94,74,45,110,32" hai2="92,37,49,102,122,118,28,68,50,61,20,72,100" hai3="47,80,78,44,12,88,135,56,115,111,107,57,95"/><W69/><G115/><T71/><D127/><U96/><E74/><V103/><F72/><W36/><G107/><T108/><D129/><U121/><E121/><V87/><F37/><W30/><G69/><T101/><D108/><U65/><E110/><V64/><F118/><W128/><G128/><T7/><D71/><U73/><E73/><V120/><F28/><W22/><G135/><T93/><D51/><U25/><E45/><N who="3" m="17482" /><G36/><T60/><D40/><U119/><E119/><V55/><F20/><W98/><G111/><T18/><D81/><U23/><E99/><V112/><F112/><W29/><G29/><T123/><D123/><N who="2" m="47146" /><F55/><W38/><G38/><T19/><D101/><U34/><E34/><V130/><F130/><W0/><G0/><T43/><D43/><U16/><E70/><V58/><F68/><W133/><G133/><T124/><D124/><U1/><E1/><V134/><F134/><W27/><G12/><T8/><REACH who="0" step="1"/><D7/><REACH who="0" ten="150,230,420,190" step="2"/><U82/><E82/><V117/><F117/><W66/><G66/><T89/><D89/><AGARI ba="0,1" hai="49,50,58,61,64,87,89,92,100,102,103" m="47146" machi="89" ten="30,2000,0" yaku="13,1,52,1" doraHai="52" who="2" fromWho="0" sc="150,-20,230,0,420,30,190,0" /><INIT seed="4,0,0,1,3,109" ten="130,230,450,190" oya="0" hai0="79,20,126,102,12,101,94,24,104,72,73,44,133" hai1="77,2,9,53,84,10,39,65,49,0,129,70,51" hai2="96,108,87,93,22,16,125,23,64,81,90,132,41" hai3="128,110,62,119,25,1,111,57,31,50,46,80,130"/><T97/><D133/><U89/><E39/><V92/><F108/><N who="3" m="41515" /><G25/><T78/><D12/><U40/><E129/><N who="3" m="49770" /><G31/><T13/><D13/><U123/><E123/><V122/><F122/><W131/><G1/><T115/><D44/><U105/><E105/><V38/><F132/><W6/><G6/><T61/><D61/><U75/><E77/><N who="0" m="29193" /><D20/><U5/><E75/><N who="0" m="28745" /><D24/><U55/><E40/><V3/><F64/><W27/><G27/><T134/><D134/><U83/><E65/><V112/><F41/><W85/><G57/><T43/><D43/><U17/><E70/><V58/><F58/><W42/><G62/><T8/><D8/><U76/><E76/><V99/><F3/><W34/><G34/><T67/><D67/><U124/><E17/><V68/><F68/><W14/><G14/><T15/><D15/><U95/><E49/><V7/><F7/><W82/><G131/><T29/><D29/><U74/><E53/><V37/><F23/><W107/><G50/><T86/><D126/><U113/><E124/><V118/><F125/><W121/><G46/><T60/><D60/><U120/><E9/><V32/><F32/><W28/><G28/><T48/><D48/><U21/><E2/><V18/><F38/><W33/><G33/><T100/><D115/><U116/><E113/><V19/><F112/><W106/><G42/><T71/><D71/><U56/><E21/><V35/><F37/><W117/><G121/><T114/><D114/><U63/><E120/><V127/><F35/><W52/><G52/><T103/><D104/><U45/><E0/><V88/><F127/><RYUUKYOKU ba="0,0" sc="130,30,230,-10,450,-10,190,-10" hai0="86,94,97,100,101,102,103" /><INIT seed="4,1,0,3,0,30" ten="160,220,440,180" oya="0" hai0="22,16,104,5,116,66,8,13,81,14,6,95,87" hai1="103,110,101,117,62,109,69,38,86,99,98,19,47" hai2="3,28,102,90,118,37,127,79,41,25,0,59,68" hai3="55,23,10,134,27,114,35,77,57,82,60,80,45"/><T105/><D116/><U67/><E117/><V130/><F118/><W122/><G114/><T124/><D124/><U120/><E120/><V84/><F68/><W42/><G134/><T131/><D131/><U100/><E86/><V107/><F79/><W2/><G35/><T119/><D119/><U113/><E19/><V4/><F4/><W78/><G2/><T20/><D95/><U135/><E135/><V58/><F59/><W44/><G10/><T31/><D66/><U96/><E113/><V33/><F58/><W73/><G42/><T65/><D65/><U70/><E70/><V39/><F39/><W11/><G11/><T108/><D108/><U9/><E9/><V40/><F40/><W54/><G55/><T21/><D5/><U43/><AGARI ba="1,0" hai="38,43,47,62,67,69,96,98,99,100,101,103,109,110" machi="43" ten="40,1500,0" yaku="0,1" doraHai="30" who="1" fromWho="1" sc="160,-8,220,18,440,-5,180,-5" /><INIT seed="5,0,0,1,1,9" ten="152,238,435,175" oya="1" hai0="53,93,125,120,127,108,51,97,40,82,92,67,126" hai1="77,43,98,111,2,5,54,65,81,13,58,72,28" hai2="73,52,59,119,23,113,10,18,31,24,29,30,95" hai3="0,69,91,27,8,78,102,83,33,62,76,75,124"/><U128/><E128/><V7/><F73/><W1/><G124/><T50/><D108/><U117/><E117/><V129/><F119/><W134/><G134/><T48/><D120/><U12/><E111/><V64/><F129/><W19/><G78/><T79/><D40/><U107/><E65/><V41/><F41/><W6/><G91/><T100/><D67/><U36/><E28/><V101/><F64/><W84/><G75/><T21/><D21/><U56/><E56/><V114/><F95/><W61/><G69/><T70/><D70/><U11/><E98/><V74/><F101/><W94/><G1/><T14/><D14/><U121/><E107/><V35/><F74/><W133/><G133/><T80/><D93/><U26/><E26/><N who="2" m="14711" /><F52/><W68/><G68/><T116/><D116/><U63/><E121/><V47/><F47/><AGARI ba="0,0" hai="2,5,11,12,13,36,43,47,54,58,63,72,77,81" machi="47" ten="40,12000,1" yaku="25,2,52,2" doraHai="9" who="1" fromWho="2" sc="152,0,238,120,435,-120,175,0" /><INIT seed="5,1,0,3,2,44" ten="152,358,315,175" oya="1" hai0="6,45,14,40,79,41,65,61,18,90,109,33,10" hai1="135,76,100,56,84,24,5,86,105,95,114,54,55" hai2="0,53,72,68,98,62,39,106,59,74,122,133,50" hai3="126,130,132,3,117,13,25,92,37,8,11,66,7"/><U20/><E114/><V134/><F0/><N who="3" m="103" /><G92/><T19/><D33/><U23/><E135/><N who="2" m="51723" /><F39/><W69/><G66/><T78/><D109/><U34/><E105/><V49/><F122/><W102/><G102/><T129/><D129/><U70/><E70/><V36/><F36/><W29/><G69/><T58/><D90/><U63/><E34/><V108/><F108/><W119/><G37/><T64/><D64/><U21/><E5/><V82/><F68/><W32/><G3/><T47/><D47/><U103/><E24/><V16/><F98/><W85/><G85/><N who="1" m="32874" /><E76/><N who="2" m="44295" /><F106/><W118/><G132/><T75/><D41/><U42/><E42/><V83/><F83/><W124/><G130/><T57/><D57/><N who="1" m="35255" /><E95/><V12/><F74/><W35/><G35/><T116/><D75/><U115/><E115/><V120/><F120/><W101/><G118/><T17/><REACH who="0" step="1"/><D116/><REACH who="0" ten="142,358,315,175" step="2"/><U9/><E103/><V128/><F128/><W111/><G101/><T31/><D31/><U127/><E100/><V1/><F1/><W112/><G111/><T2/><D2/><U110/><E110/><V43/><F43/><W91/><G91/><T81/><D81/><U26/><E56/><V99/><F99/><W89/><G89/><T27/><D27/><U73/><E26/><V104/><F104/><W51/><G112/><T107/><D107/><U131/><E73/><V30/><F30/><W121/><G121/><T94/><D94/><U15/><E131/><V93/><F93/><W67/><G119/><T113/><D113/><U28/><E28/><V46/><F46/><W71/><G117/><T4/><D4/><RYUUKYOKU ba="1,1" sc="142,15,358,-15,315,15,175,-15" hai0="6,10,14,17,18,19,40,45,58,61,65,78,79" hai2="12,16,49,50,53,59,62" /><INIT seed="6,2,1,4,0,71" ten="157,343,330,160" oya="2" hai0="41,95,82,69,70,47,106,115,62,35,11,126,12" hai1="132,2,68,124,81,103,3,65,76,96,99,133,97" hai2="58,90,27,22,55,14,78,53,119,20,43,108,87" hai3="107,46,26,50,105,4,86,16,64,49,88,39,29"/><V127/><F119/><W10/><G64/><T8/><D106/><U56/><E68/><V37/><F127/><W112/><G112/><T40/><D35/><U33/><E33/><V129/><F129/><W51/><G39/><T17/><D126/><U7/><E124/><V111/><F78/><W122/><G122/><T130/><D130/><U15/><E103/><V42/><F14/><N who="3" m="5447" /><G105/><T128/><D128/><U80/><E15/><V0/><F0/><W25/><G29/><T77/><D11/><U66/><E7/><V125/><F125/><W135/><G107/><T60/><D41/><N who="2" m="15370" /><F37/><W73/><G73/><T114/><D95/><U109/><E109/><N who="2" m="42059" /><F58/><W89/><G89/><T118/><D118/><U44/><E44/><V45/><F45/><W110/><G46/><T134/><D69/><U19/><E56/><V18/><F20/><N who="3" m="13447" /><G110/><T123/><D123/><U75/><E2/><V34/><F34/><W85/><G85/><N who="0" m="48335" /><D70/><U5/><E3/><V84/><F84/><W92/><G135/><N who="1" m="51786" /><E5/><V102/><F102/><W54/><G26/><T63/><D134/><U74/><E74/><V30/><F30/><W31/><G31/><T61/><N who="0" m="15360" /><DORA hai="121" /><T48/><AGARI ba="2,1" hai="8,12,17,40,47,48,114,115" m="15360,48335" machi="48" ten="40,1500,0" yaku="4,1" doraHai="71,121" who="0" fromWho="0" sc="157,31,343,-6,330,-9,160,-6" /><INIT seed="7,0,0,2,4,83" ten="188,337,321,154" oya="3" hai0="99,133,94,40,27,48,126,26,72,39,49,78,1" hai1="75,130,107,127,56,85,122,58,102,76,51,113,116" hai2="91,45,35,38,73,103,0,12,29,28,81,44,60" hai3="74,80,129,22,59,115,30,71,57,42,23,110,46"/><W17/><G115/><T82/><D126/><U135/><E122/><V108/><F0/><W93/><G71/><T119/><D119/><U61/><E75/><V120/><F108/><W104/><G104/><T69/><D69/><U24/><E113/><V65/><F35/><W64/><G110/><T123/><D123/><U124/><E116/><V100/><F120/><W10/><G129/><T54/><D133/><U79/><E135/><V67/><F73/><W96/><G74/><T134/><D1/><U7/><E130/><V106/><F106/><W21/><G80/><T43/><D39/><U16/><E7/><V33/><F12/><N who="3" m="7319" /><G30/><N who="2" m="11881" /><F33/><W47/><G42/><T34/><D134/><U111/><E111/><V88/><F38/><W101/><G59/><T87/><D72/><U90/><E102/><N who="2" m="38955" /><F81/><W19/><G19/><T53/><D34/><U8/><E107/><V118/><F118/><W20/><N who="3" m="5120" /><DORA hai="9" /><W92/><G92/><T77/><D77/><U114/><E114/><V112/><F112/><W97/><G97/><T98/><D98/><U89/><E24/><N who="0" m="9257" /><D43/><U13/><E127/><V15/><F15/><W50/><G50/><N who="0" m="19563" /><D40/><U18/><E124/><V6/><F6/><W3/><G3/><T32/><D32/><U105/><E105/><V131/><F131/><W128/><G128/><T52/><D53/><N who="1" m="31807" /><E18/><V95/><F95/><W11/><G11/><T25/><N who="0" m="9265" /><T4/><DORA hai="31" /><D4/><U117/><E117/><V2/><F2/><W86/><G86/><T70/><D70/><U66/><E85/><V62/><F67/><W14/><G14/><T5/><D5/><RYUUKYOKU ba="0,0" sc="188,10,337,10,321,-30,154,10" hai0="52,54,78,82,87,94,99" hai1="8,13,16,58,61,66,76,79,89,90" hai3="46,47,57,64,93,96,101" /><INIT seed="7,1,0,5,0,1" ten="198,347,291,164" oya="3" hai0="24,59,67,32,94,34,45,128,88,89,82,64,110" hai1="75,97,28,16,62,112,129,2,123,73,27,69,39" hai2="120,0,47,41,22,61,13,135,74,131,23,116,105" hai3="36,26,29,102,81,21,48,6,83,44,50,86,65"/><W93/><G36/><T49/><D110/><U90/><E123/><V122/><F74/><W10/><G65/><T12/><D128/><U31/><E31/><V98/><F61/><W103/><G81/><T46/><D32/><U4/><E16/><V40/><F116/><W108/><G108/><T76/><D45/><U38/><E129/><V11/><F0/><W43/><G50/><T3/><D3/><U117/><E90/><V72/><F72/><N who="1" m="27721" /><E97/><V95/><F135/><W80/><G80/><T25/><D12/><U79/><E79/><V14/><F105/><W30/><G30/><T57/><D76/><U104/><E104/><V92/><F131/><W60/><G60/><T33/><D82/><U5/><E5/><V133/><F133/><W101/><G93/><N who="2" m="35913" /><F98/><W113/><G113/><T99/><D89/><U54/><E54/><V19/><F47/><W132/><G132/><T58/><D33/><N who="1" m="20639" /><E117/><V106/><F106/><W115/><G115/><T15/><D34/><U127/><E112/><V77/><F77/><N who="3" m="46447" /><G103/><T96/><D96/><U78/><E78/><V18/><F122/><W118/><G118/><T52/><D15/><AGARI ba="1,0" hai="6,10,15,21,26,29,43,44,48,101,102" m="46447" machi="15" ten="30,5800,0" yaku="25,1,8,1,52,1" doraHai="1" who="3" fromWho="0" sc="198,-61,347,0,291,0,164,61" /><INIT seed="7,2,0,1,0,134" ten="137,347,291,225" oya="3" hai0="33,115,36,53,111,64,79,76,68,38,7,43,101" hai1="45,32,61,60,15,118,92,54,21,100,52,72,25" hai2="114,59,98,9,20,78,26,24,41,74,83,75,99" hai3="47,67,71,82,62,65,124,30,73,22,135,19,28"/><W50/><G135/><T10/><D33/><U77/><E32/><V16/><F75/><W14/><G124/><T112/><D101/><U90/><E100/><V94/><F114/><N who="0" m="43562" /><D76/><U37/><E37/><N who="0" m="14441" /><D79/><U117/><E15/><V34/><F41/><W131/><G131/><T8/><D7/><U17/><E45/><V123/><F123/><W120/><G120/><T5/><D5/><U109/><E109/><V35/><F59/><W86/><G73/><T96/><D96/><N who="1" m="57367" /><E60/><V2/><F26/><W12/><G12/><T4/><D4/><U69/><E69/><V44/><F44/><W81/><G81/><T85/><D85/><U121/><E121/><V39/><F39/><W51/><G82/><T133/><D133/><U132/><E132/><V70/><F70/><W127/><G86/><T106/><D106/><U42/><E42/><V80/><F80/><W128/><G28/><T6/><D6/><U0/><E0/><V31/><F2/><W113/><G30/><T130/><D43/><U97/><E97/><V110/><F110/><W91/><G91/><T49/><D111/><U119/><E77/><V11/><F99/><W29/><G29/><T107/><D107/><U125/><E72/><V48/><F34/><W126/><G113/><T13/><D13/><U56/><E25/><V3/><F3/><W88/><G88/><T129/><D8/><U103/><E103/><V46/><F35/><W55/><G14/><T102/><D102/><U40/><E40/><N who="2" m="24647" /><F31/><W108/><G19/><T23/><D10/><U57/><E17/><V58/><F11/><W93/><G108/><RYUUKYOKU ba="2,0" sc="137,0,347,0,291,0,225,0" owari="137,-36.0,347,44.0,291,9.0,225,-17.0" /></mjloggm>