<mjloggm ver="2.3"><GO type="169" lobby="0"/><UN n0="%73%61%6E%64%69%72%69%73" n1="%E3%82%8F%E3%81%9F%E3%81%B4%E3%82%93" n2="%E3%83%94%E3%83%A8%E3%81%A3%E3%81%99" n3="%E3%81%A6%E3%82%93%E3%81%BD%E3%81%84%E3%82%93%E3%81%A8" dan="17,17,17,16" rate="2209.59,2251.35,2182.06,2196.76" sx="M,M,M,F"/><TAIKYOKU oya="0"/><INIT seed="0,0,0,5,5,4" ten="250,250,250,250" oya="0" hai0="76,113,133,103,94,68,28,115,101,82,29,109,51" hai1="45,86,100,84,61,92,37,57,39,8,30,0,77" hai2="116,38,117,42,31,55,130,131,132,50,122,54,71" hai3="129,89,32,90,118,2,121,24,110,70,17,69,74"/><T22/><D68/><U72/><E72/><V85/><F31/><W46/><G118/><N who="2" m="45673" /><F85/><W53/><G2/><T64/><D133/><U49/><E30/><V134/><F122/><W3/><G3/><T14/><D64/><U35/><E35/><V91/><F91/><W58/><G32/><T18/><D109/><U126/><E126/><V20/><F20/><W125/><G125/><T63/><D63/><U34/><E34/><V12/><F12/><W98/><G110/><T47/><D115/><U5/><E86/><V102/><F102/><W44/><G129/><N who="2" m="49161" /><F71/><W56/><G74/><T124/><D113/><U41/><E100/><V105/><F105/><W80/><G70/><T15/><D124/><U114/><E114/><V66/><F66/><W75/><G121/><T107/><D107/><U120/><E120/><V40/><F55/><W108/><G53/><N who="0" m="29951" /><D15/><U27/><E0/><V59/><F38/><W60/><G108/><T48/><D103/><U111/><E37/><V43/><AGARI ba="0,0" hai="40,42,43,50,54,59,132,134" m="49161,45673" machi="43" ten="40,8000,1" yaku="12,1,19,1,34,2" doraHai="4" who="2" fromWho="2" sc="250,-40,250,-20,250,80,250,-20" /><INIT seed="1,0,0,0,5,110" ten="210,230,330,230" oya="1" hai0="11,92,77,103,30,126,28,68,7,60,54,31,115" hai1="62,134,89,111,51,46,38,96,52,39,40,70,130" hai2="85,69,109,93,37,64,133,94,57,122,91,78,5" hai3="48,18,128,66,20,80,101,34,90,120,79,95,35"/><U6/><E6/><V97/><F122/><W36/><G36/><N who="1" m="13866" /><E89/><V105/><F69/><W21/><G120/><T123/><D123/><U124/><E96/><V125/><F37/><W45/><G101/><T13/><D126/><U117/><E124/><V4/><F105/><W24/><G20/><T19/><D77/><U1/><E1/><V129/><F109/><W41/><G66/><T63/><D68/><U108/><E117/><V75/><F133/><W121/><G128/><T87/><D7/><U88/><E88/><V72/><F129/><W81/><G81/><T73/><D73/><U10/><E10/><V3/><F3/><W114/><G35/><T8/><D8/><U83/><E83/><N who="2" m="47351" /><F72/><W23/><G34/><T61/><D87/><U59/><E130/><V82/><F82/><W55/><G80/><T44/><D92/><U132/><E70/><V9/><F9/><W49/><G79/><T118/><D118/><U50/><E62/><N who="2" m="37967" /><F75/><W47/><G23/><T25/><D103/><U27/><E27/><V112/><F125/><W15/><G24/><T127/><D25/><U71/><E71/><V84/><F4/><W74/><G74/><T119/><D119/><U12/><E12/><V43/><F5/><W99/><REACH who="3" step="1"/><G121/><REACH who="3" ten="210,230,330,220" step="2"/><T17/><D127/><U86/><E86/><V53/><F84/><W102/><G102/><T113/><REACH who="0" step="1"/><D19/><REACH who="0" ten="200,230,330,220" step="2"/><U42/><E108/><V100/><F100/><W56/><G56/><T29/><D29/><U26/><E111/><V135/><F94/><W98/><G98/><T65/><D65/><U76/><E76/><V106/><F93/><RYUUKYOKU ba="0,2" sc="200,15,230,-15,330,-15,220,15" hai0="11,13,17,28,30,31,44,54,60,61,63,113,115" hai3="15,18,21,41,45,47,48,49,55,90,95,99,114" /><INIT seed="2,1,2,1,5,99" ten="215,215,315,235" oya="2" hai0="3,96,68,18,43,66,41,45,113,50,38,22,2" hai1="28,92,42,64,71,93,29,36,84,135,94,56,34" hai2="114,54,75,70,73,40,111,69,126,128,115,5,72" hai3="78,7,30,107,53,25,132,21,108,61,17,47,118"/><V58/><F128/><W103/><G118/><T44/><D113/><U109/><E71/><V23/><F126/><W6/><G108/><T87/><D66/><U121/><E109/><V88/><F111/><W12/><G78/><T24/><D68/><U134/><E34/><V1/><F40/><W77/><G77/><T37/><D87/><U119/><E119/><V130/><F130/><W127/><G132/><N who="1" m="50730" /><E121/><V133/><F133/><W117/><G117/><T89/><D50/><U104/><E104/><V97/><F70/><W11/><G127/><T80/><D80/><U83/><E42/><V16/><F69/><W26/><G47/><T48/><D48/><U15/><E15/><V82/><F5/><W55/><G61/><T125/><D125/><U79/><E36/><V0/><F0/><W124/><G6/><T10/><D10/><U90/><E79/><V91/><F1/><W33/><REACH who="3" step="1"/><G124/><REACH who="3" ten="215,215,315,225" step="2"/><T32/><D32/><U19/><E19/><V106/><F115/><W20/><G20/><T100/><REACH who="0" step="1"/><D89/><REACH who="0" ten="205,215,315,225" step="2"/><U4/><E4/><V112/><F114/><W110/><G110/><T62/><D62/><AGARI ba="1,4" hai="28,29,56,62,64,83,84,90,92,93,94" m="50730" machi="62" ten="30,1000,0" yaku="20,1" doraHai="99" who="1" fromWho="0" sc="205,-13,215,53,315,0,225,0" /><INIT seed="3,0,0,0,4,98" ten="192,268,315,225" oya="3" hai0="121,26,101,76,124,52,57,83,123,19,17,6,80" hai1="73,31,82,79,86,33,15,38,65,48,134,108,87" hai2="5,35,60,129,44,23,2,99,40,4,118,130,36" hai3="13,93,9,97,77,22,90,70,100,85,119,116,94"/><W53/><G70/><T27/><D6/><U81/><E38/><V12/><F35/><W47/><G22/><T28/><D124/><U115/><E115/><V84/><F118/><W89/><G77/><T16/><D123/><U25/><E108/><V104/><F84/><W50/><REACH who="3" step="1"/><G90/><REACH who="3" ten="192,268,315,215" step="2"/><T107/><D121/><U37/><E79/><V106/><F23/><W135/><G135/><T66/><D76/><U117/><E134/><V56/><F130/><W122/><G122/><T32/><D27/><U126/><E25/><V20/><F20/><W128/><G128/><T24/><D24/><U64/><E33/><V75/><F129/><W34/><G34/><T68/><D68/><U45/><E117/><V0/><F0/><W14/><G14/><T78/><D78/><U61/><E15/><V55/><F12/><W67/><G67/><T43/><D66/><U120/><E64/><V8/><F75/><W10/><G10/><T88/><D88/><U112/><E65/><V111/><F2/><W91/><G91/><T51/><REACH who="0" step="1"/><D43/><REACH who="0" ten="182,268,315,215" step="2"/><U41/><E41/><V131/><F40/><W18/><AGARI ba="0,2" hai="9,13,18,47,50,53,85,89,93,94,97,100,116,119" machi="18" ten="20,18000,2" yaku="1,1,0,1,7,1,52,1,53,2" doraHai="98" doraHaiUra="114" who="3" fromWho="3" sc="182,-60,268,-60,315,-60,215,200" /><INIT seed="3,1,0,0,5,98" ten="122,208,255,415" oya="3" hai0="118,123,51,96,8,82,80,113,62,117,89,48,133" hai1="29,19,88,74,112,94,92,37,16,70,54,41,103" hai2="95,27,125,64,10,66,52,76,124,101,81,83,111" hai3="49,38,105,20,87,34,79,121,57,69,40,23,24"/><W122/><G69/><T60/><D123/><U42/><E112/><V9/><F111/><W36/><G34/><T0/><D133/><U45/><E74/><V53/><F27/><W2/><G2/><T11/><D0/><U129/><E70/><V72/><F95/><W99/><G87/><T102/><D96/><N who="1" m="59799" /><E129/><V116/><F116/><W131/><G79/><T61/><D61/><U58/><E37/><V47/><F47/><W14/><G131/><T135/><D89/><U68/><E29/><V104/><F104/><W85/><G85/><T134/><REACH who="0" step="1"/><D113/><REACH who="0" ten="112,208,255,415" step="2"/><U55/><E68/><V22/><F125/><W109/><G99/><T73/><D73/><U13/><E45/><V90/><F90/><W127/><G127/><T91/><D91/><U18/><E13/><V93/><F124/><W119/><G14/><T75/><D75/><U67/><E67/><V15/><F66/><W108/><G121/><T46/><D46/><U120/><E120/><V12/><F64/><W126/><G122/><T17/><D17/><U107/><E107/><V43/><F15/><W44/><G105/><T32/><D32/><U78/><E78/><V56/><F76/><W25/><G126/><T50/><D50/><N who="1" m="31063" /><E55/><V28/><F53/><N who="3" m="31919" /><G38/><T84/><D84/><AGARI ba="1,1" hai="16,18,19,41,42,84,88,92" m="31063,59799" machi="84" ten="30,7700,0" yaku="8,1,52,1,54,2" doraHai="98" who="1" fromWho="0" sc="112,-80,208,90,255,0,415,0" /><INIT seed="4,0,0,1,1,119" ten="32,298,255,415" oya="0" hai0="17,15,48,89,59,130,128,58,29,124,125,63,72" hai1="46,123,120,28,74,61,40,113,127,6,71,33,38" hai2="22,97,37,39,131,112,70,49,122,52,21,73,5" hai3="110,56,105,91,12,111,64,60,18,67,80,25,78"/><T135/><D72/><U85/><E85/><V23/><F70/><W132/><G105/><T121/><D29/><U129/><E127/><N who="0" m="48713" /><D89/><U114/><E74/><V83/><F5/><W45/><G132/><T116/><D15/><U93/><E93/><V98/><F83/><W24/><G91/><T118/><D17/><U88/><E88/><V108/><F73/><W44/><G12/><T7/><D7/><U19/><E19/><V20/><F20/><W31/><G31/><T36/><D36/><U117/><E117/><N who="0" m="45161" /><D48/><U41/><E6/><V13/><F37/><W126/><G18/><T30/><D30/><U81/><E81/><V106/><F39/><W92/><G80/><T9/><D9/><U26/><E129/><N who="0" m="49769" /><D121/><N who="1" m="46667" /><E41/><V14/><F131/><W10/><G126/><T4/><D4/><U8/><E8/><V47/><F122/><W103/><G10/><T86/><D86/><U11/><E11/><V133/><F14/><W79/><G92/><T55/><D59/><U57/><E57/><V99/><F13/><W54/><G56/><T51/><D51/><U134/><E38/><V50/><F50/><W1/><G79/><T32/><D32/><U43/><E33/><V101/><F49/><W96/><G78/><T82/><D82/><U115/><E28/><V104/><F21/><W87/><G87/><T66/><D66/><U76/><E76/><V107/><F22/><W77/><G77/><T62/><D62/><U68/><E61/><V2/><F23/><W65/><G60/><T42/><D42/><U35/><E43/><V3/><F3/><W16/><G16/><RYUUKYOKU ba="0,0" sc="32,30,298,-10,255,-10,415,-10" hai0="55,58,63,135" /><INIT seed="4,1,0,4,5,60" ten="62,288,245,405" oya="0" hai0="129,59,108,8,22,18,118,68,1,26,82,62,87" hai1="97,45,38,79,0,120,122,12,109,67,135,11,36" hai2="66,52,114,46,90,65,28,37,3,56,70,44,96" hai3="111,117,50,54,61,92,34,41,2,20,27,16,25"/><T124/><D124/><U100/><E109/><V43/><F3/><W115/><G117/><T134/><D134/><U42/><E0/><V10/><F114/><W69/><G111/><T9/><D108/><U119/><E119/><V99/><F70/><W89/><G115/><T32/><D118/><U40/><E135/><V93/><F28/><W39/><G39/><T7/><D129/><U71/><E79/><V133/><F133/><W19/><G41/><T49/><D68/><U88/><E40/><V105/><F44/><W58/><G34/><T107/><D107/><U4/><E38/><V91/><F10/><W102/><G102/><T98/><D98/><U126/><E126/><V6/><F6/><W47/><G2/><T86/><D49/><U53/><E53/><V55/><F55/><W94/><G89/><T113/><D113/><U63/><REACH who="1" step="1"/><E88/><REACH who="1" ten="62,278,245,405" step="2"/><V48/><REACH who="2" step="1"/><F90/><REACH who="2" ten="62,278,235,405" step="2"/><W77/><G54/><T74/><D1/><U101/><E101/><AGARI ba="1,2" hai="37,43,46,48,52,56,65,66,91,93,96,99,101,105" machi="101" ten="40,8000,1" yaku="1,1,2,1,52,2,54,1,53,0" doraHai="60" doraHaiUra="57" who="2" fromWho="1" sc="62,0,278,-83,235,103,405,0" /><INIT seed="5,0,0,4,3,119" ten="62,195,338,405" oya="1" hai0="24,131,26,55,1,100,16,51,106,33,108,53,2" hai1="21,60,96,52,115,56,37,105,98,81,88,107,34" hai2="30,79,66,122,85,13,65,31,19,73,87,50,8" hai3="40,69,83,6,15,82,39,101,104,116,110,23,58"/><U125/><E34/><V9/><F122/><W32/><G110/><T45/><D108/><U77/><E37/><V135/><F135/><W93/><G69/><T99/><D131/><U3/><E3/><V38/><F38/><W118/><G104/><T71/><D71/><U114/><E125/><V78/><F73/><W127/><G32/><T0/><D33/><U42/><E42/><V80/><F50/><W103/><G58/><T67/><D67/><N who="2" m="25610" /><F8/><N who="3" m="4503" /><G23/><T97/><D97/><N who="1" m="37483" /><E21/><V91/><F78/><W41/><G41/><T68/><D68/><U84/><E77/><V35/><F35/><W63/><G127/><T29/><D29/><U59/><E59/><V133/><F133/><W11/><G11/><T120/><D55/><U109/><E109/><V94/><AGARI ba="0,0" hai="9,13,19,30,31,79,80,85,87,91,94" m="25610" machi="94" ten="30,1100,0" yaku="8,1" doraHai="119" who="2" fromWho="2" sc="62,-3,195,-5,338,11,405,-3" /><INIT seed="6,0,0,0,2,75" ten="59,190,349,402" oya="2" hai0="64,40,59,3,61,43,20,122,129,72,77,32,70" hai1="1,106,104,30,15,42,57,91,131,130,132,16,84" hai2="67,38,14,94,0,6,127,24,110,54,133,120,60" hai3="123,99,80,116,29,19,79,33,114,76,17,128,74"/><V102/><F120/><W90/><G116/><T46/><D122/><U2/><E30/><V18/><F38/><W7/><G123/><T37/><D129/><N who="1" m="49163" /><E42/><V8/><F127/><W68/><G68/><T103/><D32/><U109/><E57/><V71/><F133/><W101/><G128/><T95/><D43/><U92/><E109/><V105/><F110/><W41/><G114/><T34/><D34/><U111/><E132/><V78/><F105/><N who="1" m="40553" /><E111/><V118/><F118/><W53/><G29/><T39/><D3/><U85/><E85/><V69/><F54/><W125/><G33/><T135/><D135/><U47/><E47/><V119/><F119/><W88/><G53/><T73/><D39/><U100/><E100/><V50/><F50/><W44/><G101/><T55/><D20/><AGARI ba="0,0" hai="1,2,15,16,20,84,91,92" m="40553,49163" machi="20" ten="30,2000,0" yaku="19,1,54,1" doraHai="75" who="1" fromWho="0" sc="59,-20,190,20,349,0,402,0" /><INIT seed="7,0,0,4,0,131" ten="39,210,349,402" oya="3" hai0="103,18,96,62,8,17,50,122,109,36,21,56,35" hai1="40,26,130,123,5,7,66,79,126,97,89,104,87" hai2="105,135,34,61,125,111,114,68,41,60,120,6,117" hai3="30,85,108,84,46,32,95,116,23,22,59,57,54"/><W82/><G32/><T15/><D109/><U77/><E26/><V73/><RYUUKYOKU type="yao9" ba="0,0" sc="39,0,210,0,349,0,402,0" hai2="6,34,41,60,61,68,73,105,111,114,117,120,125,135" /><INIT seed="7,1,0,4,1,45" ten="39,210,349,402" oya="3" hai0="56,84,19,60,14,39,20,68,51,1,4,97,109" hai1="16,123,78,122,104,32,117,24,18,46,76,31,101" hai2="100,10,70,90,72,50,77,112,87,52,29,80,37" hai3="128,23,26,115,120,27,22,48,44,33,57,102,11"/><W9/><G120/><T47/><D109/><U91/><E46/><V2/><F37/><W62/><G115/><T8/><D97/><U130/><E91/><V89/><F112/><W55/><G128/><T53/><D68/><U127/><E101/><V83/><F70/><W40/><G33/><T42/><D39/><U98/><E98/><V82/><F100/><W125/><G125/><T65/><D1/><U110/><E104/><V135/><F135/><W64/><G64/><T13/><D13/><U12/><E78/><V66/><F66/><W74/><G74/><T86/><D86/><U21/><E76/><V5/><F29/><N who="3" m="17623" /><G102/><T54/><D20/><U63/><E63/><V30/><F30/><AGARI ba="1,0" hai="9,11,23,27,30,40,44,48,55,57,62" m="17623" machi="30" ten="30,2900,0" yaku="8,1,52,1" doraHai="45" who="3" fromWho="2" sc="39,0,210,0,349,-32,402,32" owari="39,-46.0,210,-19.0,317,12.0,434,53.0" /></mjloggm>