<mjloggm ver="2.3"><GO type="169" lobby="0"/><UN n0="%E3%82%82%E3%83%BC%E3%82%8A%E3%83%BC" n1="%E3%81%88%E3%82%93%E3%81%BA%E3%82%89%E3%83%BC" n2="%4C%69%53%41" n3="%E3%81%B4%E3%83%BC%E3%81%8A%E3%81%8B" dan="16,16,16,16" rate="2192.76,2145.79,2167.70,2172.72" sx="M,M,F,M"/><TAIKYOKU oya="0"/><INIT seed="0,0,0,5,0,43" ten="250,250,250,250" oya="0" hai0="88,101,119,95,11,62,51,79,23,112,86,114,45" hai1="93,47,57,50,12,89,19,91,40,106,32,36,34" hai2="82,3,102,74,124,20,63,131,54,29,65,59,71" hai3="128,25,118,70,85,6,92,4,13,109,66,15,17"/><T41/><D119/><U108/><E108/><V14/><F3/><W99/><G118/><T129/><D129/><U61/><E106/><V49/><F131/><W75/><G109/><T104/><D23/><U38/><E34/><V72/><F124/><W125/><G75/><T77/><D62/><U132/><E32/><V84/><F102/><W68/><G125/><T115/><REACH who="0" step="1"/><D11/><REACH who="0" ten="240,250,250,250" step="2"/><U80/><E132/><V2/><F20/><W52/><G128/><T113/><N who="0" m="28672" /><DORA hai="96" /><T97/><AGARI ba="0,1" hai="41,45,51,77,79,86,88,95,97,101,104" m="28672" machi="97" ten="60,18000,2" yaku="1,1,4,1,0,1,52,2,54,1,53,0" doraHai="43,96" doraHaiUra="26,117" who="0" fromWho="0" sc="240,190,250,-60,250,-60,250,-60" /><INIT seed="0,1,0,0,5,102" ten="430,190,190,190" oya="0" hai0="69,4,114,103,43,119,105,122,1,22,101,125,3" hai1="39,112,116,46,60,10,110,131,58,129,21,123,49" hai2="76,65,36,53,106,7,94,73,77,88,130,23,26" hai3="29,15,52,92,132,48,9,0,20,70,120,66,109"/><T124/><D69/><U2/><E2/><V96/><F130/><N who="1" m="49673" /><E21/><V68/><F36/><W95/><G109/><T42/><D114/><U16/><E16/><V24/><F7/><W134/><G120/><T5/><D122/><U98/><E10/><V56/><F68/><W12/><G66/><T79/><D119/><U93/><E123/><V13/><F65/><W50/><G70/><T34/><D79/><N who="2" m="30282" /><F73/><W67/><G67/><T126/><D22/><U85/><E85/><V80/><F106/><W113/><G113/><T35/><D126/><U41/><E112/><V127/><F127/><W61/><G61/><T117/><D117/><U17/><E17/><N who="2" m="10671" /><F80/><W78/><G78/><T108/><D108/><U128/><N who="1" m="49681" /><U6/><DORA hai="81" /><E6/><V91/><F91/><W75/><G0/><T19/><D19/><U18/><E18/><V104/><F104/><AGARI ba="1,0" hai="1,3,4,5,34,35,42,43,101,103,104,105,124,125" machi="104" ten="25,9600,0" yaku="22,2,52,2" doraHai="102,81" who="0" fromWho="2" sc="430,99,190,0,190,-99,190,0" /><INIT seed="0,2,0,0,5,62" ten="529,190,91,190" oya="0" hai0="119,128,30,53,4,103,56,5,74,115,114,69,78" hai1="61,63,40,131,72,17,16,89,25,68,59,91,102" hai2="111,126,12,94,19,6,64,99,47,77,37,125,76" hai3="92,13,95,112,81,65,54,60,87,8,11,42,133"/><T51/><D119/><U130/><E72/><V18/><F6/><W84/><G112/><T20/><D69/><U28/><E102/><V85/><F111/><W26/><G133/><T39/><D39/><U93/><E40/><N who="2" m="22927" /><F85/><W36/><G54/><T2/><D128/><N who="1" m="49195" /><E63/><V32/><F32/><W135/><G135/><T27/><D2/><U3/><E68/><V44/><F44/><W15/><G26/><T86/><D74/><U21/><E3/><V107/><F107/><W83/><G36/><T97/><D115/><U46/><E46/><V118/><F118/><W10/><G42/><T14/><D114/><U109/><E109/><V88/><F19/><N who="1" m="7241" /><E93/><V0/><F0/><W129/><G129/><T134/><D134/><U75/><E75/><V120/><F120/><W90/><G92/><N who="0" m="58791" /><D14/><U108/><E108/><V122/><F122/><W9/><N who="3" m="2048" /><DORA hai="52" /><W98/><G83/><AGARI ba="2,0" hai="4,5,20,27,30,51,53,56,78,83,86" m="58791" machi="83" ten="30,2900,0" yaku="8,1,52,1" doraHai="62,52" who="0" fromWho="3" sc="529,35,190,0,91,0,190,-35" /><INIT seed="0,3,0,2,0,25" ten="564,190,91,155" oya="0" hai0="41,11,84,121,120,80,87,133,38,89,81,76,109" hai1="101,6,126,64,135,16,125,71,31,132,12,8,21" hai2="74,44,10,86,48,123,2,77,102,42,108,27,119" hai3="106,63,45,93,124,3,82,128,52,47,40,23,26"/><T78/><D38/><U37/><E37/><V60/><F123/><W5/><G106/><T32/><D32/><U99/><E64/><V59/><F108/><W104/><G104/><T58/><D109/><U46/><E46/><V85/><F119/><W70/><G128/><T131/><D131/><U33/><E71/><V0/><F102/><W115/><G115/><T20/><D41/><U54/><E54/><V56/><F74/><W15/><G124/><N who="1" m="47722" /><E99/><V75/><F75/><W127/><G3/><T9/><D133/><N who="1" m="51275" /><E101/><V53/><F77/><W96/><G82/><T116/><D116/><U17/><E33/><V118/><F118/><W68/><G127/><T66/><D89/><U61/><E61/><V57/><F57/><N who="3" m="35239" /><G68/><T97/><D97/><U92/><E92/><V88/><F85/><W13/><G70/><T103/><D103/><U134/><N who="1" m="51283" /><U4/><DORA hai="98" /><E31/><V19/><F59/><W94/><G94/><T49/><D49/><U107/><E107/><V29/><F86/><W122/><G40/><T24/><D121/><U69/><E69/><V67/><F42/><W112/><G122/><T51/><D120/><U90/><E90/><V36/><F36/><W62/><G62/><N who="0" m="38231" /><D51/><U91/><E91/><V28/><F88/><W65/><G65/><T39/><D39/><U130/><E130/><V35/><REACH who="2" step="1"/><F28/><AGARI ba="3,0" hai="9,11,20,24,28,76,78,80,81,84,87" m="38231" machi="28" ten="30,2900,0" yaku="8,1,52,1" doraHai="25,98" who="0" fromWho="2" sc="564,38,190,0,91,-38,155,0" /><INIT seed="0,4,0,4,5,93" ten="602,190,53,155" oya="0" hai0="66,71,72,77,130,76,121,20,113,84,22,97,25" hai1="105,9,131,74,49,4,135,120,81,122,87,41,53" hai2="11,99,44,59,10,32,5,94,112,58,38,39,35" hai3="111,46,96,14,45,114,7,1,43,30,134,24,125"/><T106/><D121/><U79/><E135/><V26/><F112/><W12/><G111/><T60/><D113/><U16/><E131/><V102/><F11/><W123/><G114/><T27/><D72/><U98/><E74/><V55/><F58/><W63/><G125/><T101/><D130/><U3/><E41/><V124/><F124/><W104/><G134/><T47/><D84/><U65/><E65/><V95/><F94/><W119/><G119/><T78/><REACH who="0" step="1"/><D47/><REACH who="0" ten="592,190,53,155" step="2"/><U15/><E122/><V0/><F44/><W100/><G45/><T82/><D82/><U36/><E120/><V54/><F54/><W70/><G46/><T42/><D42/><U126/><E87/><V28/><REACH who="2" step="1"/><F32/><REACH who="2" ten="592,190,43,155" step="2"/><W2/><G123/><T89/><D89/><U90/><E90/><V62/><AGARI ba="4,2" hai="0,5,10,26,28,35,38,39,55,59,62,95,99,102" machi="62" ten="20,8000,1" yaku="1,1,2,1,0,1,7,1,52,1,53,0" doraHai="93" doraHaiUra="73" who="2" fromWho="2" sc="592,-44,190,-24,43,112,155,-24" /><INIT seed="1,0,0,1,5,44" ten="548,166,155,131" oya="1" hai0="48,65,26,49,0,77,31,15,27,88,67,131,84" hai1="108,32,64,118,79,30,114,37,73,107,21,117,50" hai2="36,13,120,71,20,63,97,130,72,19,102,106,112" hai3="110,52,47,124,25,132,83,127,135,56,9,101,14"/><U16/><E37/><V75/><F120/><W18/><G110/><T17/><D0/><U100/><E114/><V122/><F122/><W94/><G83/><T51/><D131/><U82/><E108/><V74/><F36/><W35/><G47/><T91/><D77/><U125/><E125/><N who="3" m="48202" /><G101/><T22/><D91/><U105/><E30/><V4/><F130/><W96/><G96/><T104/><D104/><U80/><E32/><V11/><F112/><W24/><G94/><T55/><D55/><U95/><E64/><N who="0" m="24649" /><D31/><U123/><E123/><V86/><F86/><W70/><G70/><T2/><D2/><U85/><E107/><V39/><F39/><W58/><G58/><T129/><D129/><U5/><E105/><V116/><F71/><W59/><G59/><T29/><D29/><U90/><E100/><V89/><F89/><W46/><G46/><T28/><D28/><U121/><E121/><V34/><F34/><W76/><G76/><T3/><D3/><U99/><E73/><V109/><F109/><W134/><G35/><T57/><D57/><U111/><E111/><V42/><F74/><W60/><AGARI ba="0,0" hai="9,14,18,24,25,52,56,60,132,134,135" m="48202" machi="60" ten="40,5200,0" yaku="20,1,18,1,54,1" doraHai="44" who="3" fromWho="3" sc="548,-13,166,-26,155,-13,131,52" /><INIT seed="2,0,0,0,5,34" ten="535,140,142,183" oya="2" hai0="16,129,70,86,131,114,19,5,134,105,69,117,123" hai1="63,15,29,84,130,89,133,25,116,112,92,17,6" hai2="40,91,121,46,128,33,95,1,113,23,55,72,54" hai3="126,22,119,0,44,47,43,111,80,108,27,82,125"/><V102/><F113/><W62/><G119/><T110/><D105/><U135/><E112/><V57/><F121/><W8/><G62/><T127/><D123/><U106/><E116/><V115/><F115/><W122/><G122/><T49/><D117/><U58/><E106/><V66/><F33/><W83/><G8/><T60/><D114/><U61/><E6/><V3/><F72/><W78/><G78/><T36/><D36/><U32/><E130/><V56/><F102/><W38/><G44/><T104/><D70/><U81/><E81/><V74/><F74/><W65/><G65/><T76/><D69/><U85/><E85/><V50/><F66/><W35/><G0/><T59/><D49/><U67/><REACH who="1" step="1"/><E63/><REACH who="1" ten="535,130,142,183" step="2"/><V124/><F128/><W101/><G111/><T107/><D60/><U31/><E31/><V48/><F124/><W13/><G108/><T71/><D110/><U94/><E94/><V88/><F23/><AGARI ba="0,1" hai="15,17,23,25,29,32,58,61,67,84,89,92,133,135" machi="23" ten="40,1300,0" yaku="1,1,53,0" doraHai="34" doraHaiUra="45" who="1" fromWho="2" sc="535,0,130,23,142,-13,183,0" /><INIT seed="3,0,0,1,4,48" ten="535,153,129,183" oya="3" hai0="9,0,134,2,111,37,88,133,95,30,107,106,129" hai1="77,67,74,125,118,124,75,105,20,57,33,73,123" hai2="80,66,85,39,79,87,91,52,112,47,22,21,56" hai3="114,50,3,86,81,65,63,46,6,60,4,108,17"/><W98/><G114/><T14/><D37/><U115/><E33/><V44/><F112/><W101/><G108/><T42/><D42/><U40/><E115/><V100/><F100/><W121/><G121/><T32/><D129/><U92/><E40/><V70/><F70/><W82/><G17/><T97/><D111/><U24/><E105/><N who="0" m="39945" /><D32/><U103/><E77/><V109/><F66/><W12/><G3/><T117/><D30/><U25/><E123/><V53/><F109/><W119/><G119/><T96/><D96/><U126/><E118/><V15/><F39/><W28/><G28/><T13/><D13/><U130/><E130/><V127/><F127/><W34/><G34/><T104/><D104/><U122/><E122/><V36/><F36/><W55/><G12/><T84/><D97/><N who="1" m="59815" /><E20/><N who="2" m="7787" /><F15/><W72/><G72/><T7/><D117/><U78/><E78/><V116/><F116/><W61/><G65/><T51/><D51/><U93/><E93/><N who="2" m="54511" /><F56/><W58/><G58/><T83/><D95/><U35/><E35/><V8/><F8/><W18/><G18/><T41/><D41/><U27/><E57/><V49/><F49/><W16/><G16/><T10/><D10/><U43/><E43/><V99/><F99/><W45/><G45/><AGARI ba="0,0" hai="44,45,47,52,53,79,80,87" m="54511,7787" machi="45" ten="30,7700,0" yaku="8,1,52,2,54,1" doraHai="48" who="2" fromWho="3" sc="535,0,153,0,129,77,183,-77" /><INIT seed="4,0,0,5,4,102" ten="535,153,206,106" oya="0" hai0="126,26,8,76,98,4,80,104,64,10,52,116,7" hai1="62,5,63,123,25,95,38,53,28,112,31,124,6" hai2="108,34,121,89,106,27,81,70,130,84,90,57,75" hai3="66,33,103,117,79,118,97,101,21,54,133,88,93"/><T13/><D116/><N who="3" m="44649" /><G33/><T2/><D126/><U48/><E38/><V85/><F70/><W94/><G66/><T68/><D26/><U107/><E123/><V36/><F121/><W20/><G54/><T67/><D68/><U50/><E95/><V59/><F36/><W23/><G23/><T91/><D91/><U60/><E124/><V105/><F27/><W11/><G11/><T78/><D78/><U9/><E9/><V16/><F16/><W18/><G20/><T74/><D98/><U1/><E25/><V119/><F119/><W12/><G21/><T86/><D74/><U56/><E1/><V55/><F55/><W129/><G18/><T127/><D127/><U134/><E53/><V72/><F34/><W37/><G12/><T44/><D104/><U87/><E87/><V77/><F57/><W114/><G37/><T128/><D128/><U100/><E56/><V65/><F130/><W0/><G0/><T14/><D2/><U49/><E112/><V96/><F59/><W32/><G32/><T122/><D122/><U61/><N who="1" m="15872" /><DORA hai="110" /><U131/><E131/><V115/><F65/><W83/><G129/><T125/><D125/><U24/><E134/><V15/><F15/><W43/><G43/><T82/><D82/><U132/><E132/><V17/><F17/><W135/><G114/><T22/><D22/><U51/><N who="1" m="12800" /><DORA hai="46" /><U45/><E45/><V99/><F115/><W71/><G71/><T29/><D52/><U73/><E73/><V41/><F41/><W92/><G133/><T113/><D113/><U42/><E42/><V40/><F40/><RYUUKYOKU ba="0,0" sc="535,0,153,0,206,0,106,0" /><INIT seed="5,1,0,1,3,32" ten="535,153,206,106" oya="1" hai0="30,84,39,79,29,20,15,11,92,52,126,34,18" hai1="77,44,113,90,76,109,8,1,60,23,124,0,9" hai2="130,40,128,70,116,102,14,7,98,16,50,17,74" hai3="103,41,127,58,88,36,46,132,3,68,114,64,22"/><U105/><E105/><V85/><F74/><W63/><G103/><T104/><D39/><U45/><E23/><V65/><F116/><W135/><G22/><T12/><D104/><U93/><E60/><N who="2" m="40231" /><F85/><W69/><G88/><T129/><D129/><N who="2" m="49770" /><F40/><W97/><G97/><T72/><D126/><U26/><E26/><V2/><F50/><W95/><G95/><T131/><D72/><U57/><E57/><V27/><F27/><W80/><G80/><T4/><D131/><U5/><E124/><V86/><F86/><W35/><G35/><T118/><D118/><U28/><E28/><V123/><F123/><W56/><G3/><T25/><D52/><U55/><E109/><V67/><F67/><W125/><G114/><T120/><D92/><U66/><E66/><V43/><F43/><W6/><G6/><T82/><D120/><U111/><E111/><V49/><F49/><W10/><G10/><N who="0" m="4167" /><D34/><U62/><E113/><V19/><F2/><W37/><G37/><T71/><D71/><N who="3" m="27209" /><G58/><T59/><D59/><N who="1" m="35199" /><E1/><V110/><F110/><W42/><G41/><T47/><D47/><N who="1" m="17995" /><E8/><N who="2" m="6215" /><F7/><AGARI ba="1,0" hai="7,11,15,18,20,25,29,30,79,82,84" m="4167" machi="7" ten="30,1000,0" yaku="8,1" doraHai="32" who="0" fromWho="2" sc="535,13,153,0,206,-13,106,0" /><INIT seed="6,0,0,5,3,95" ten="548,153,193,106" oya="2" hai0="46,18,40,36,112,114,64,30,6,73,54,58,50" hai1="33,135,77,53,48,90,126,84,66,49,34,29,57" hai2="70,134,1,56,42,13,8,39,104,128,94,111,127" hai3="9,23,60,61,80,99,14,10,86,63,15,85,122"/><V52/><F104/><W92/><G122/><T74/><D30/><U108/><E108/><V132/><F70/><W115/><G115/><T133/><D133/><N who="2" m="51306" /><F111/><W65/><G65/><T75/><D6/><U76/><E135/><V2/><F128/><W124/><G124/><T67/><D18/><U130/><E126/><V16/><F127/><W97/><G92/><T17/><D17/><U31/><E34/><V101/><F42/><W47/><G47/><T59/><D59/><U55/><E66/><V118/><F39/><W117/><G117/><T25/><D25/><U12/><E130/><V129/><F118/><W102/><G102/><T91/><D91/><U5/><E33/><V7/><F7/><W87/><G80/><T69/><D67/><U22/><E31/><V0/><F129/><W121/><G23/><T83/><D83/><N who="1" m="49439" /><E29/><V131/><F131/><W93/><G93/><T41/><D41/><U44/><E22/><V107/><F107/><W79/><G79/><T43/><D43/><U72/><E72/><V120/><F120/><W62/><N who="3" m="15360" /><DORA hai="19" /><W81/><G81/><T37/><D37/><U24/><E24/><V71/><F71/><W4/><G121/><T109/><D64/><U3/><E3/><V113/><F113/><N who="0" m="43626" /><D69/><U103/><E103/><V106/><F106/><W68/><G68/><T105/><D105/><U96/><E96/><N who="2" m="59543" /><F1/><W123/><G123/><T32/><D109/><U21/><E21/><V110/><F110/><W51/><G51/><AGARI ba="0,0" hai="0,2,8,13,16,51,52,56" m="59543,51306" machi="51" ten="30,11600,0" yaku="20,1,52,1,54,2" doraHai="95,19" who="2" fromWho="3" sc="548,0,153,0,193,116,106,-116" owari="548,65.0,153,-25.0,309,11.0,-10,-51.0" /></mjloggm>