<mjloggm ver="2.3"><GO type="185" lobby="0"/><UN n0="%E4%BD%90%E8%97%A4%E7%BE%8E%E5%92%8C%E5%AD%90" n1="%6B%61%6E%6E%7A%61%62%75" n2="%68%69%72%6F%6E%6E%32%30" n3="" dan="16,17,16,0" rate="2128.42,2251.97,2188.27,1500.00" sx="M,M,M,C"/><TAIKYOKU oya="0"/><INIT seed="0,0,0,2,2,67" ten="350,350,350,0" oya="0" hai0="39,73,107,128,133,56,86,1,109,81,44,74,126" hai1="117,52,51,95,33,134,113,76,105,69,118,135,97" hai2="106,38,93,116,40,89,121,99,90,46,42,49,114" hai3=""/><T57/><D1/><U103/><E33/><V70/><N who="2" m="31008" /><V123/><N who="2" m="31520" /><V104/><F114/><T96/><D128/><U98/><E113/><V59/><F116/><T41/><D133/><N who="1" m="50699" /><E76/><V87/><F70/><T125/><D109/><U108/><E108/><V71/><F71/><T112/><D112/><U127/><E69/><V94/><REACH who="2" step="1"/><F42/><REACH who="2" ten="350,350,340,0" step="2"/><T43/><D43/><U101/><E127/><V54/><AGARI ba="0,1" hai="38,40,46,49,54,59,87,89,90,93,94,99,104,106" m="31520,31008" machi="54" ten="30,6000,1" yaku="1,1,2,1,0,1,52,2,53,0" doraHai="67" doraHaiUra="65" who="2" fromWho="2" sc="350,-40,350,-20,340,70,0,0" /><INIT seed="1,0,0,4,0,76" ten="310,330,410,0" oya="1" hai0="103,79,33,61,59,49,114,88,40,104,58,77,133" hai1="67,94,127,45,135,98,85,54,91,62,73,69,46" hai2="134,48,81,41,75,129,36,110,100,52,123,86,90" hai3=""/><U111/><E73/><V93/><N who="2" m="31520" /><V68/><F110/><T102/><D114/><U1/><E1/><V43/><F134/><T92/><D33/><U82/><E135/><V0/><F68/><T57/><D133/><U115/><E115/><V71/><F71/><T44/><D61/><U50/><E127/><V125/><F125/><T96/><REACH who="0" step="1"/><D103/><REACH who="0" ten="300,330,410,0" step="2"/><U117/><E111/><V56/><F0/><T106/><D106/><U116/><REACH who="1" step="1"/><E45/><REACH who="1" ten="300,320,410,0" step="2"/><V64/><F129/><T108/><D108/><U55/><E55/><V126/><F126/><T99/><AGARI ba="0,2" hai="40,44,49,57,58,59,77,79,88,92,96,99,102,104" machi="99" ten="30,3000,0" yaku="1,1,0,1,54,1,53,0" doraHai="76" doraHaiUra="124" who="0" fromWho="0" sc="300,50,320,-20,410,-10,0,0" /><INIT seed="2,0,0,3,4,75" ten="350,300,400,0" oya="2" hai0="115,54,113,100,128,94,122,46,101,121,107,97,95" hai1="89,52,62,102,126,134,109,83,40,98,59,81,88" hai2="43,78,106,84,41,49,56,79,67,86,57,48,132" hai3=""/><V47/><F106/><T124/><N who="0" m="31008" /><T117/><N who="0" m="31264" /><T53/><D117/><U96/><E109/><V39/><F132/><T36/><D128/><U125/><E134/><V108/><F108/><T91/><D124/><N who="1" m="47723" /><E40/><V74/><F74/><T51/><D36/><U92/><E89/><V32/><F39/><T72/><D72/><U69/><E69/><V1/><F1/><T42/><D95/><AGARI ba="0,0" hai="52,59,62,81,83,88,92,95,96,98,102" m="47723" machi="95" ten="30,3900,0" yaku="18,1,54,2" doraHai="75" who="1" fromWho="0" sc="350,-39,300,39,400,0,0,0" /><INIT seed="4,0,0,1,1,41" ten="311,339,400,0" oya="0" hai0="82,122,132,65,100,37,93,42,48,114,75,68,32" hai1="61,36,43,101,129,33,54,50,123,108,103,81,74" hai2="34,92,111,124,113,57,49,45,47,130,102,89,71" hai3=""/><T131/><N who="0" m="31264" /><T97/><D32/><U88/><N who="1" m="31520" /><U51/><E108/><V66/><F111/><T115/><D131/><U62/><E33/><V95/><F130/><T76/><D132/><U53/><E36/><V60/><F113/><N who="0" m="43018" /><D48/><U70/><E43/><V91/><F124/><T135/><D135/><U106/><E129/><V46/><F34/><T79/><D79/><U128/><E128/><V56/><F102/><T84/><D84/><U121/><N who="1" m="31008" /><U78/><E106/><V127/><F127/><T105/><D93/><N who="2" m="35914" /><F71/><T117/><D117/><U63/><E70/><V86/><F86/><T55/><D55/><AGARI ba="0,0" hai="45,46,47,49,55,56,57,60,66,89,91" m="35914" machi="55" ten="30,7700,0" yaku="8,1,52,3" doraHai="41" who="2" fromWho="0" sc="311,-77,339,0,400,77,0,0" /><INIT seed="5,0,0,1,2,125" ten="234,339,477,0" oya="1" hai0="44,101,40,118,47,56,66,36,111,117,62,109,129" hai1="34,53,43,133,54,131,58,93,128,98,82,78,65" hai2="115,88,71,110,121,83,124,134,92,41,35,97,76" hai3=""/><U37/><E34/><V52/><N who="2" m="31008" /><V68/><F110/><N who="0" m="41994" /><D101/><U50/><E133/><V107/><F134/><T130/><D44/><U81/><E65/><V57/><F124/><T135/><D135/><U74/><E81/><V77/><F115/><T51/><D36/><U126/><E126/><V1/><F76/><T105/><D105/><U106/><E106/><V70/><F1/><T72/><D72/><U73/><E74/><V75/><F41/><T60/><D60/><U123/><N who="1" m="31520" /><U132/><E132/><V99/><F35/><T104/><D104/><U42/><E54/><V120/><N who="2" m="30752" /><V33/><F33/><T67/><D67/><U86/><E73/><V0/><F0/><T108/><N who="0" m="42002" /><T119/><AGARI ba="0,0" hai="40,47,51,56,62,66,117,118,119,129,130" m="42002" machi="119" ten="50,9000,2" yaku="4,1,12,1,34,2,52,2" doraHai="125" who="0" fromWho="0" sc="234,90,339,-60,477,-30,0,0" /><INIT seed="6,0,0,4,2,109" ten="324,279,447,0" oya="2" hai0="85,40,102,63,83,88,57,65,113,61,95,73,41" hai1="119,43,125,67,87,37,49,71,118,79,116,76,56" hai2="77,117,89,45,53,135,42,92,69,104,91,84,44" hai3=""/><V55/><F117/><T2/><D2/><U107/><E107/><V90/><F69/><T66/><D113/><U132/><E125/><V34/><F135/><T3/><D3/><U134/><E71/><V98/><F34/><T133/><D133/><N who="1" m="51307" /><E37/><V39/><F104/><T112/><D112/><U122/><N who="1" m="31264" /><U59/><E87/><V64/><F64/><T93/><D73/><U75/><E67/><V111/><F111/><T121/><N who="0" m="31008" /><T50/><D50/><U129/><E129/><V0/><F0/><T126/><D126/><U70/><E70/><V97/><F77/><N who="1" m="29769" /><E75/><V35/><F35/><T101/><D83/><U96/><E96/><V128/><F128/><T110/><D110/><U105/><E105/><V1/><F1/><T114/><D114/><U103/><E103/><V86/><F98/><T48/><D102/><U68/><E68/><V32/><F97/><T115/><D115/><U123/><N who="1" m="31520" /><U74/><E74/><V108/><F108/><T62/><D66/><U51/><E51/><V72/><F86/><T46/><D65/><U100/><E100/><V127/><F84/><T54/><D101/><U80/><E80/><V38/><F127/><T131/><D131/><U130/><E130/><V81/><F72/><RYUUKYOKU ba="0,0" sc="324,-10,279,20,447,-10,0,0" hai1="43,49,56,59,116,118,119" owari="314,-9.0,299,-30.0,437,39.0,0,0.0" /></mjloggm>