<mjloggm ver="2.3"><GO type="185" lobby="0"/><UN n0="%E3%82%84%E3%81%B7%E3%83%BC" n1="%E3%81%B7%E3%82%8A%E3%81%B7%E3%82%8A%EF%BC%92%EF%BC%90%EF%BC%90%EF%BC%91" n2="%30%30%73%61%69" n3="" dan="17,16,16,0" rate="2226.81,2149.13,2252.25,1500.00" sx="M,M,M,C"/><TAIKYOKU oya="0"/><INIT seed="0,0,0,0,1,1" ten="350,350,350,0" oya="0" hai0="47,80,79,90,131,2,55,93,135,100,113,107,105" hai1="121,106,111,42,120,133,52,69,112,125,119,87,64" hai2="49,89,36,74,33,37,3,46,41,48,130,54,103" hai3=""/><T60/><D113/><U70/><N who="1" m="30752" /><U71/><N who="1" m="31008" /><U81/><E119/><V132/><F3/><T99/><D2/><U59/><E106/><V134/><F74/><T58/><D131/><U88/><E111/><V83/><F103/><T115/><D115/><U114/><E133/><V39/><F130/><T67/><D135/><U51/><E125/><V61/><F33/><T128/><D128/><U56/><REACH who="1" step="1"/><E42/><REACH who="1" ten="350,340,350,0" step="2"/><V85/><F132/><T98/><D107/><U102/><E102/><V53/><F134/><T108/><D108/><U34/><E34/><V122/><N who="2" m="31264" /><V124/><F124/><T35/><D35/><U110/><E110/><V40/><REACH who="2" step="1"/><F61/><AGARI ba="0,1" hai="51,52,56,59,61,64,69,70,71,81,87,88,112,114" m="31008,30752" machi="61" ten="50,8000,1" yaku="1,1,52,2,54,2,53,0" doraHai="1" doraHaiUra="101" who="1" fromWho="2" sc="350,0,340,90,350,-80,0,0" /><INIT seed="1,0,0,4,4,116" ten="350,430,270,0" oya="1" hai0="54,75,125,51,67,107,53,71,60,87,38,2,36" hai1="123,0,99,119,121,102,69,104,78,91,89,52,97" hai2="126,32,42,133,128,81,103,77,62,35,44,79,73" hai3=""/><U127/><N who="1" m="31008" /><U68/><N who="1" m="31520" /><U115/><E0/><V45/><F103/><T134/><D75/><U108/><E115/><V122/><N who="2" m="31264" /><V43/><F62/><T39/><D107/><U64/><E119/><V111/><F128/><T83/><D2/><U93/><E127/><V101/><F101/><T33/><D33/><U106/><E108/><V88/><F111/><T49/><D125/><U40/><E40/><V3/><F126/><T59/><D87/><U92/><E78/><V95/><F3/><T109/><D83/><U132/><E132/><V56/><F133/><T57/><D109/><U94/><E64/><V76/><F76/><T118/><D118/><U63/><E93/><V131/><F131/><T84/><D84/><U113/><E113/><V65/><F77/><T1/><D1/><U47/><E102/><V82/><F82/><T70/><D134/><U50/><E63/><V129/><F129/><T120/><N who="0" m="30752" /><T114/><D114/><U98/><E98/><V80/><F80/><T110/><D110/><U130/><E130/><V37/><F95/><T105/><D105/><AGARI ba="0,0" hai="47,50,52,68,69,89,91,92,94,97,99,104,105,106" m="31520,31008" machi="105" ten="40,18000,2" yaku="9,1,52,4,54,1" doraHai="116" who="1" fromWho="0" sc="350,-180,430,180,270,0,0,0" /><INIT seed="1,1,0,2,1,59" ten="170,610,270,0" oya="1" hai0="55,73,121,69,37,45,61,47,77,91,75,124,120" hai1="41,98,63,35,38,2,114,0,107,44,56,43,72" hai2="54,3,117,132,104,128,71,87,89,92,96,100,57" hai3=""/><U36/><E114/><V130/><F117/><T60/><N who="0" m="30752" /><T106/><N who="0" m="31008" /><T65/><D106/><U102/><E35/><V76/><F3/><T131/><D77/><U101/><E72/><V133/><F71/><T134/><D131/><U88/><E102/><V127/><F127/><T82/><D124/><U99/><E99/><V119/><F119/><T116/><D116/><U129/><E129/><N who="2" m="49771" /><F76/><T58/><D134/><N who="2" m="51818" /><F57/><T52/><D37/><U66/><E0/><V81/><F54/><T108/><D108/><U42/><E2/><V103/><F103/><T113/><D113/><U51/><E38/><V110/><F110/><T48/><REACH who="0" step="1"/><D47/><REACH who="0" ten="160,610,270,0" step="2"/><U118/><E36/><V40/><F40/><T126/><D126/><U109/><E109/><V33/><F33/><T34/><D34/><U115/><E115/><V84/><F84/><AGARI ba="1,1" hai="45,48,52,55,58,60,61,65,69,73,75,82,84,91" m="31008,30752" machi="84" ten="40,12000,2" yaku="1,1,52,4,54,1,53,0" doraHai="59" doraHaiUra="32" who="0" fromWho="2" sc="160,132,610,0,270,-122,0,0" /><INIT seed="2,0,0,1,3,111" ten="292,610,148,0" oya="2" hai0="55,42,104,51,95,118,108,49,73,133,70,83,50" hai1="52,81,78,106,117,76,61,94,132,100,39,40,45" hai2="86,74,60,80,36,3,89,67,37,48,65,72,66" hai3=""/><V93/><F3/><T103/><D104/><U105/><E117/><V35/><F35/><T98/><D108/><U71/><E132/><V126/><F60/><T135/><D118/><U75/><E78/><V92/><F126/><T128/><D70/><U84/><E71/><V102/><F48/><T59/><D128/><U32/><E32/><V62/><F62/><T91/><D42/><U53/><E61/><V88/><F102/><T101/><D101/><U44/><E44/><V113/><F113/><T90/><D90/><U46/><E106/><V116/><F116/><T107/><D59/><U134/><E46/><V131/><F131/><T85/><D55/><U63/><E63/><V54/><F54/><T87/><REACH who="0" step="1"/><D73/><REACH who="0" ten="282,610,148,0" step="2"/><U97/><E52/><V77/><REACH who="2" step="1"/><F72/><REACH who="2" ten="282,610,138,0" step="2"/><T64/><D64/><U130/><E53/><V47/><F47/><T120/><D120/><U2/><E130/><V34/><F34/><T122/><D122/><U125/><E75/><V115/><F115/><T127/><D127/><U123/><E125/><V1/><F1/><T112/><D112/><U124/><E124/><V110/><F110/><T57/><D57/><U69/><E123/><V41/><F41/><T129/><D129/><U38/><E40/><V119/><F119/><RYUUKYOKU ba="0,2" sc="282,10,610,-20,138,10,0,0" hai0="49,50,51,83,85,87,91,95,98,103,107,133,135" hai2="36,37,65,66,67,74,77,80,86,88,89,92,93" /><INIT seed="2,1,2,5,0,110" ten="292,590,148,0" oya="2" hai0="69,42,98,119,77,63,58,90,83,79,70,62,128" hai1="95,37,125,109,89,103,91,134,127,40,2,116,117" hai2="39,122,108,49,51,75,121,124,114,76,97,131,67" hai3=""/><V47/><N who="2" m="31008" /><V84/><N who="2" m="31264" /><V60/><F75/><T71/><D119/><N who="1" m="45643" /><E2/><V48/><F108/><T129/><D42/><U120/><N who="1" m="30752" /><U105/><E109/><V44/><F131/><N who="0" m="50250" /><D63/><U57/><E134/><V3/><F3/><T111/><D111/><U43/><E105/><V41/><F124/><N who="1" m="47689" /><E57/><V59/><F114/><T118/><D118/><U32/><E32/><V115/><F115/><T33/><D33/><U85/><E103/><V73/><F73/><T38/><D38/><U126/><E37/><V68/><F59/><T45/><D45/><U94/><E126/><V0/><F0/><T36/><D36/><U102/><E102/><V107/><F47/><T135/><D135/><U55/><E55/><V96/><REACH who="2" step="1"/><F107/><REACH who="2" ten="292,590,138,0" step="2"/><T65/><D58/><U52/><E40/><V99/><F99/><T112/><D112/><U78/><E43/><V93/><F93/><T132/><D132/><U54/><E95/><V1/><F1/><T101/><D71/><U74/><E94/><V106/><F106/><T64/><D70/><U81/><E74/><V87/><F87/><T123/><D69/><U61/><E85/><V66/><F66/><T50/><D65/><U34/><E34/><V86/><F86/><T113/><D113/><RYUUKYOKU ba="1,3" sc="292,-10,590,-10,138,20,0,0" hai2="39,41,44,48,49,51,60,67,68,76,84,96,97" /><INIT seed="2,2,3,5,5,44" ten="282,580,158,0" oya="2" hai0="109,49,46,125,56,42,97,35,115,128,40,64,100" hai1="50,0,33,54,113,95,130,67,105,70,89,110,108" hai2="48,107,93,74,117,85,126,119,116,135,65,83,132" hai3=""/><V38/><F38/><T103/><D35/><U62/><E0/><V37/><F37/><T61/><D109/><N who="1" m="42091" /><E33/><V94/><F65/><T91/><D128/><U59/><E105/><V43/><F43/><N who="0" m="16426" /><D125/><U76/><E76/><V45/><F107/><T133/><D133/><N who="2" m="51274" /><F126/><T90/><D115/><U92/><E113/><V66/><F66/><T58/><D58/><U111/><E111/><V114/><F114/><T34/><D34/><U72/><E72/><V98/><F74/><T68/><D68/><U80/><E130/><V86/><F83/><T120/><N who="0" m="30752" /><T122/><N who="0" m="31264" /><T53/><D97/><U3/><E3/><V73/><F73/><T88/><AGARI ba="2,3" hai="46,49,53,56,61,64,88,90,91,100,103" m="31264,30752,16426" machi="88" ten="30,6000,1" yaku="8,1,52,3,54,1" doraHai="44" who="0" fromWho="0" sc="282,94,580,-22,158,-42,0,0" /><INIT seed="4,0,0,5,3,48" ten="376,558,116,0" oya="0" hai0="100,33,87,107,3,55,109,120,91,43,103,45,131" hai1="79,52,113,93,61,95,49,36,2,129,56,97,65" hai2="64,81,114,104,80,69,116,106,76,105,127,101,124" hai3=""/><T35/><N who="0" m="30752" /><T112/><D3/><U32/><E32/><V85/><F69/><T34/><D112/><U53/><E2/><V99/><F64/><T37/><D131/><U39/><E129/><V70/><F70/><T72/><D72/><U47/><E113/><V62/><F62/><T115/><D115/><U57/><E79/><V126/><F114/><T41/><D109/><U50/><E95/><V46/><F46/><T67/><D67/><U1/><E1/><V60/><F60/><T89/><D107/><U90/><AGARI ba="0,0" hai="36,39,47,49,50,52,53,56,57,61,65,90,93,97" machi="90" ten="20,6000,1" yaku="0,1,7,1,52,2,54,1" doraHai="48" who="1" fromWho="1" sc="376,-40,558,60,116,-20,0,0" /><INIT seed="5,0,0,2,1,2" ten="336,618,96,0" oya="1" hai0="110,64,96,115,53,47,129,57,125,33,63,35,95" hai1="99,61,74,70,109,75,103,0,51,102,101,98,39" hai2="58,67,32,71,59,135,132,114,127,50,87,116,112" hai3=""/><U84/><E0/><V62/><F116/><T69/><D110/><U66/><E39/><V89/><F127/><T128/><D115/><N who="2" m="44074" /><F32/><N who="0" m="12362" /><D47/><U80/><E109/><V40/><F89/><T133/><D125/><U68/><E68/><V106/><F106/><T97/><D95/><U52/><E75/><V123/><N who="2" m="31520" /><V73/><F87/><T46/><D46/><U41/><E41/><V100/><F100/><T56/><D69/><U126/><E74/><V120/><N who="2" m="30752" /><V94/><F94/><T54/><D64/><U113/><E126/><V88/><F88/><T79/><D79/><U78/><E113/><V43/><F73/><T72/><D72/><U37/><E37/><V81/><F81/><T107/><D107/><U86/><E86/><V119/><F119/><T45/><D45/><U104/><E104/><V60/><F71/><T3/><D3/><U82/><E82/><V65/><F40/><T85/><D85/><U130/><E84/><V44/><AGARI ba="0,0" hai="43,44,50,58,59,60,62,65,67,132,135" m="30752,31520,44074" machi="44" ten="30,9000,2" yaku="15,1,11,1,34,2,52,2" doraHai="2" who="2" fromWho="2" sc="336,-30,618,-60,96,90,0,0" /><INIT seed="6,0,0,0,2,74" ten="306,558,186,0" oya="2" hai0="90,41,113,124,70,82,118,75,100,52,103,32,65" hai1="73,105,78,1,110,95,48,126,63,132,51,120,94" hai2="111,117,108,81,55,127,130,121,106,49,133,112,64" hai3=""/><V104/><N who="2" m="31008" /><V101/><F117/><T97/><D32/><U44/><N who="1" m="30752" /><U40/><E1/><V45/><F112/><T47/><D118/><U39/><E105/><V125/><F130/><T54/><D113/><U77/><E110/><N who="2" m="42027" /><F133/><T38/><D70/><U92/><E126/><N who="2" m="48139" /><F101/><T0/><D65/><U56/><E132/><V116/><F116/><T88/><D0/><U66/><E73/><V102/><F102/><T46/><D124/><U96/><E96/><V59/><F81/><T87/><D75/><U33/><E33/><V98/><F98/><T84/><D100/><U42/><E39/><V37/><F64/><T135/><D135/><U131/><E131/><V67/><F67/><T34/><D34/><U85/><E85/><V79/><F79/><T91/><D91/><U35/><E35/><V62/><F37/><T128/><D128/><U76/><E95/><V50/><F62/><T115/><D115/><U57/><E94/><V83/><F83/><T68/><D103/><U36/><E92/><V60/><F60/><T71/><D97/><U86/><E36/><V129/><F129/><T43/><D38/><U93/><E93/><V123/><N who="2" m="31520" /><V114/><F114/><T109/><D109/><U2/><E2/><RYUUKYOKU ba="0,0" sc="306,10,558,-20,186,10,0,0" hai0="41,43,46,47,52,54,68,71,82,84,87,88,90" hai2="45,49,50,55,59,104,106" /><INIT seed="6,1,0,0,4,67" ten="316,538,196,0" oya="2" hai0="107,41,95,44,105,124,133,50,48,111,126,115,125" hai1="59,38,72,33,68,80,56,94,114,123,91,3,84" hai2="119,82,92,113,110,81,65,71,79,116,127,2,53" hai3=""/><V60/><F2/><T134/><D111/><U74/><N who="1" m="31520" /><U40/><E3/><V100/><F110/><T37/><D95/><U57/><E33/><V69/><F113/><T77/><D77/><U51/><E38/><V78/><F127/><T45/><D115/><U122/><N who="1" m="31264" /><U49/><E68/><V63/><F92/><T62/><D62/><U76/><E114/><V86/><F100/><T135/><D37/><U75/><REACH who="1" step="1"/><E40/><AGARI ba="1,0" hai="40,41,44,45,48,50,105,107,124,125,126,133,134,135" machi="40" ten="50,6400,0" yaku="9,1,18,1,20,1" doraHai="67" who="0" fromWho="1" sc="316,66,538,-66,196,0,0,0" owari="382,-2.0,472,42.0,196,-40.0,0,0.0" /></mjloggm>