<mjloggm ver="2.3"><GO type="185" lobby="0"/><UN n0="%6B%61%6E%6E%7A%61%62%75" n1="%E3%82%84%E3%81%B7%E3%83%BC" n2="%E3%81%B5%E3%81%96%E3%81%91%E3%82%8B%E3%83%9F%EF%BC%81" n3="" dan="17,17,17,0" rate="2245.66,2226.73,2214.84,1500.00" sx="M,M,M,C"/><TAIKYOKU oya="0"/><INIT seed="0,0,0,4,5,50" ten="350,350,350,0" oya="0" hai0="106,86,77,68,78,64,36,39,134,88,71,38,107" hai1="56,44,32,63,128,135,70,81,127,94,43,115,73" hai2="114,92,41,72,129,58,116,119,65,54,112,91,46" hai3=""/><T124/><D134/><U76/><E32/><V48/><F72/><T82/><D124/><U118/><E135/><V133/><F133/><T1/><D1/><U100/><E118/><N who="2" m="45099" /><F92/><T62/><REACH who="0" step="1"/><D71/><REACH who="0" ten="340,350,350,0" step="2"/><U37/><E70/><V113/><F113/><T60/><D60/><U93/><E127/><V79/><F114/><T99/><D99/><U122/><E115/><V98/><F112/><T47/><D47/><U3/><E3/><V45/><F98/><T96/><D96/><U95/><N who="1" m="31264" /><U55/><REACH who="1" step="1"/><E128/><REACH who="1" ten="340,340,350,0" step="2"/><V104/><F129/><T2/><D2/><U130/><E130/><V126/><F126/><T33/><D33/><U75/><E75/><V111/><F111/><T59/><D59/><U34/><E34/><V90/><F58/><T103/><D103/><AGARI ba="0,2" hai="37,43,44,55,56,63,73,76,81,93,94,95,100,103" m="31264" machi="103" ten="40,5200,0" yaku="1,1,52,2,53,0" doraHai="50" doraHaiUra="132" who="1" fromWho="0" sc="340,-52,340,72,350,0,0,0" /><INIT seed="1,0,0,1,5,100" ten="288,412,350,0" oya="1" hai0="32,114,113,83,85,90,58,77,120,61,84,99,40" hai1="105,101,3,134,62,122,48,55,38,36,121,60,127" hai2="109,33,73,0,107,98,65,115,71,69,130,49,37" hai3=""/><U112/><N who="1" m="31008" /><U89/><N who="1" m="31264" /><U42/><E112/><V125/><F98/><T133/><N who="0" m="30752" /><T103/><D133/><U97/><E3/><V59/><F59/><T110/><D110/><U56/><E134/><V92/><F49/><T43/><D32/><U34/><E34/><V96/><F92/><T108/><D108/><U129/><E129/><V68/><F96/><T86/><D113/><U119/><E119/><V45/><F65/><T131/><D114/><U102/><E127/><V67/><F67/><T81/><D131/><U35/><E35/><V76/><F76/><T72/><D72/><U91/><E102/><V95/><F95/><T80/><D85/><U117/><E117/><V64/><F0/><T66/><REACH who="0" step="1"/><D81/><REACH who="0" ten="278,412,350,0" step="2"/><U50/><E62/><V88/><F130/><T46/><D46/><U51/><REACH who="1" step="1"/><E38/><REACH who="1" ten="278,402,350,0" step="2"/><V126/><F37/><T78/><D78/><U70/><E70/><V116/><F69/><T87/><D87/><U47/><AGARI ba="0,2" hai="36,42,47,48,50,51,55,56,60,89,91,97,101,105" m="31264,31008" machi="47" ten="30,12000,2" yaku="1,1,0,1,52,3,53,1" doraHai="100" doraHaiUra="94" who="1" fromWho="1" sc="278,-60,402,140,350,-60,0,0" /><INIT seed="1,1,0,0,5,85" ten="218,542,290,0" oya="1" hai0="103,47,100,71,65,90,58,112,35,133,113,3,120" hai1="135,102,131,44,57,95,126,41,114,123,101,98,56" hai2="82,134,38,80,124,67,0,105,45,34,68,132,69" hai3=""/><U87/><N who="1" m="31520" /><U61/><E114/><V73/><F82/><T72/><N who="0" m="30752" /><T130/><D35/><U86/><E131/><V125/><F80/><T77/><D3/><U2/><E2/><V37/><F105/><T36/><D71/><N who="2" m="27210" /><F73/><T49/><D36/><N who="2" m="13930" /><F34/><T97/><D130/><U1/><E1/><V91/><F91/><T117/><D133/><N who="2" m="51306" /><F0/><T60/><D117/><U43/><E95/><V42/><F67/><T83/><D90/><U78/><E98/><V66/><F66/><T108/><D100/><U52/><E78/><V129/><F129/><T93/><D108/><U99/><E99/><V127/><F45/><T92/><D93/><U75/><E44/><V84/><F84/><T55/><AGARI ba="1,0" hai="47,49,55,58,60,65,72,77,83,92,97,103,112,113" m="30752" machi="55" ten="20,2000,0" yaku="0,1,7,1,52,1" doraHai="85" who="0" fromWho="0" sc="218,22,542,-14,290,-8,0,0" /><INIT seed="2,0,0,1,4,40" ten="240,528,282,0" oya="2" hai0="32,52,42,67,44,38,101,58,89,33,100,124,97" hai1="131,86,77,110,84,54,123,88,92,108,116,62,75" hai2="129,0,39,56,99,107,47,114,98,78,130,126,120" hai3=""/><V76/><N who="2" m="30752" /><V68/><F68/><T66/><D124/><U125/><N who="1" m="31520" /><U95/><E125/><V82/><F126/><T1/><D1/><U132/><E131/><N who="2" m="50187" /><F114/><T91/><D100/><U90/><E132/><V73/><F107/><T117/><D117/><U64/><E116/><V104/><F104/><T50/><D33/><U70/><E54/><V65/><F78/><T87/><D89/><U55/><E55/><V57/><F0/><T79/><D79/><U118/><E118/><V128/><N who="2" m="50195" /><V109/><DORA hai="85" /><F109/><N who="1" m="42089" /><E77/><V93/><F65/><T48/><D38/><U113/><E113/><V111/><F111/><T2/><D32/><U46/><E75/><V49/><F39/><T115/><D115/><U134/><E134/><V45/><F99/><T3/><D3/><U112/><E112/><V106/><F106/><T35/><D35/><U37/><E37/><V94/><F98/><T69/><D69/><U60/><E70/><V71/><F71/><T133/><D2/><U53/><E64/><V59/><F49/><AGARI ba="0,0" hai="46,49,53,60,62,84,86,88,90,92,95" m="42089,31520" machi="49" ten="30,12000,2" yaku="14,1,52,4,54,1" doraHai="40,85" who="1" fromWho="2" sc="240,0,528,120,282,-120,0,0" /><INIT seed="4,0,0,0,3,102" ten="240,648,162,0" oya="0" hai0="53,63,34,126,109,108,1,49,130,133,36,85,134" hai1="127,96,92,72,50,89,64,35,44,93,81,32,61" hai2="124,76,135,54,46,57,114,118,131,111,47,83,45" hai3=""/><T38/><D34/><U77/><E127/><V78/><F111/><N who="0" m="42570" /><D85/><U123/><N who="1" m="31520" /><U97/><E50/><V41/><F114/><T129/><D63/><U120/><N who="1" m="30752" /><U119/><E44/><V66/><F135/><N who="0" m="51722" /><D1/><U94/><E119/><V40/><F124/><T101/><D101/><U73/><E73/><V86/><F131/><N who="0" m="50186" /><D126/><U116/><E116/><V132/><F132/><T65/><D65/><U70/><E94/><V56/><F118/><T79/><D79/><U75/><E75/><V82/><F66/><T112/><D112/><U80/><E80/><V91/><F78/><T43/><D43/><N who="2" m="16458" /><F54/><T3/><D3/><U74/><E74/><V71/><F82/><T98/><D98/><U90/><AGARI ba="0,0" hai="32,35,61,64,70,72,77,81,89,90,92,93,96,97" m="30752,31520" machi="90" ten="20,6000,1" yaku="0,1,7,1,9,1,52,2" doraHai="102" who="1" fromWho="1" sc="240,-40,648,60,162,-20,0,0" /><INIT seed="5,0,0,5,1,52" ten="200,708,142,0" oya="1" hai0="59,67,38,115,112,133,102,82,95,62,55,103,54" hai1="66,120,51,91,36,45,3,61,85,70,77,75,118" hai2="46,84,109,35,135,78,81,131,129,71,72,39,123" hai3=""/><U40/><N who="1" m="30752" /><U100/><E118/><V60/><N who="2" m="31520" /><V97/><F109/><T47/><D133/><U130/><E3/><V65/><F35/><T34/><D34/><U2/><E2/><V111/><F111/><T37/><D82/><U93/><E130/><V33/><F33/><T69/><D95/><U98/><E75/><V87/><F135/><T58/><D102/><U128/><E128/><N who="2" m="49227" /><F97/><T57/><D103/><U94/><REACH who="1" step="1"/><E77/><REACH who="1" ten="200,698,142,0" step="2"/><V113/><F113/><N who="0" m="43594" /><D38/><AGARI ba="0,1" hai="36,38,40,45,51,61,66,70,85,91,93,94,98,100" m="30752" machi="38" ten="40,3900,0" yaku="1,1,52,1,53,0" doraHai="52" doraHaiUra="79" who="1" fromWho="0" sc="200,-39,698,49,142,0,0,0" /><INIT seed="5,1,0,2,5,86" ten="161,747,142,0" oya="1" hai0="124,105,62,39,115,70,65,108,135,36,131,125,1" hai1="63,3,106,126,119,95,76,87,132,66,43,92,129" hai2="54,40,42,34,89,60,102,127,101,35,46,49,50" hai3=""/><U84/><E119/><V113/><F113/><T123/><D62/><U53/><E3/><V45/><F127/><T103/><D65/><U48/><E106/><V122/><N who="2" m="31264" /><V109/><F109/><T73/><D103/><U0/><E0/><V51/><F60/><T64/><D64/><U133/><E126/><V59/><REACH who="2" step="1"/><F89/><REACH who="2" ten="161,747,132,0" step="2"/><T56/><D125/><U104/><E63/><V38/><F38/><T57/><D57/><U97/><E132/><V114/><F114/><T55/><D56/><U41/><E133/><V71/><F71/><T111/><D39/><U33/><E33/><AGARI ba="1,1" hai="33,34,35,40,42,45,46,49,50,51,54,59,101,102" m="31264" machi="33" ten="40,5200,0" yaku="1,1,9,1,52,1,53,0" doraHai="86" doraHaiUra="81" who="2" fromWho="1" sc="161,0,747,-54,132,64,0,0" /><INIT seed="6,0,0,2,3,51" ten="161,693,196,0" oya="2" hai0="133,41,68,109,122,1,78,66,101,98,37,55,50" hai1="49,0,92,83,70,105,46,45,34,123,126,88,113" hai2="69,124,52,82,71,56,76,40,65,128,115,131,87" hai3=""/><V125/><F115/><T114/><N who="0" m="31264" /><T53/><D109/><U106/><N who="1" m="31520" /><U111/><E111/><V132/><F40/><T32/><D1/><U54/><E34/><V90/><F76/><T104/><D32/><U73/><E70/><N who="2" m="26635" /><F65/><T60/><D114/><U74/><E0/><V100/><F100/><T57/><D133/><U117/><E117/><V58/><F58/><T36/><D78/><U43/><E113/><V107/><F107/><T44/><D55/><U93/><E105/><V81/><F81/><T127/><REACH who="0" step="1"/><D127/><REACH who="0" ten="151,693,196,0" step="2"/><N who="2" m="48714" /><F132/><T95/><D95/><U67/><E88/><V59/><F59/><T97/><D97/><U64/><E83/><V47/><F47/><T80/><D80/><U84/><E67/><V61/><AGARI ba="0,1" hai="52,56,61,82,87,90,128,131" m="48714,26635" machi="61" ten="40,5200,0" yaku="18,1,52,1,54,1" doraHai="51" who="2" fromWho="2" sc="151,-26,693,-26,196,62,0,0" /><INIT seed="6,1,0,2,2,83" ten="125,667,258,0" oya="2" hai0="126,53,128,48,104,64,33,50,112,45,91,65,107" hai1="118,51,49,67,102,119,96,47,85,132,2,72,3" hai2="115,73,116,37,94,78,54,114,130,84,32,66,101" hai3=""/><V0/><F32/><T62/><D33/><U124/><E72/><V105/><F0/><T71/><D126/><U93/><E132/><V108/><F37/><T82/><D128/><U56/><E124/><V44/><F66/><T77/><D112/><U61/><E51/><V57/><F44/><T81/><D65/><U76/><E76/><V59/><F130/><T79/><D91/><U42/><E85/><V89/><F116/><AGARI ba="1,0" hai="2,3,42,47,49,56,61,67,93,96,102,116,118,119" machi="116" ten="40,1300,0" yaku="12,1" doraHai="83" who="1" fromWho="2" sc="125,0,667,15,258,-15,0,0" owari="125,-47.0,682,63.0,243,-16.0,0,0.0" /></mjloggm>