<mjloggm ver="2.3"><GO type="225" lobby="0"/><UN n0="%E3%83%A2%E3%83%83%E3%83%83%E3%83%83%E3%83%83%E3%83%83%E3%82%B3%E3%82%B9" n1="%E4%B9%9D%E4%B8%88%E8%8A%B1%E9%9F%B3" n2="%E5%B1%B1%E8%B6%8A" n3="%E3%83%AA%E3%83%81%E3%83%A3%21%21" dan="16,16,18,16" rate="2081.88,2174.23,2227.37,2108.85" sx="M,F,M,M"/><TAIKYOKU oya="0"/><INIT seed="0,0,0,0,2,48" ten="250,250,250,250" oya="0" hai0="57,11,44,5,124,72,37,68,103,108,110,135,56" hai1="4,49,100,19,92,78,81,17,35,104,14,132,30" hai2="126,38,87,88,13,85,76,86,51,98,105,43,123" hai3="128,45,71,125,122,119,55,129,50,3,121,20,94"/><T70/><D103/><U93/><E132/><V64/><F123/><N who="3" m="47115" /><G3/><T47/><D72/><U89/><E92/><V16/><F126/><W83/><G94/><T46/><D11/><U15/><E35/><V2/><F38/><W6/><G6/><T9/><D9/><U101/><E30/><V112/><F112/><W60/><G83/><T41/><D124/><U8/><E104/><V53/><F43/><W7/><G7/><T134/><D5/><U61/><E61/><V107/><F64/><N who="3" m="41351" /><G125/><T117/><D117/><U109/><E81/><N who="2" m="47271" /><F2/><W114/><G114/><T24/><D24/><U131/><E78/><V82/><F86/><W10/><G10/><T96/><D96/><U33/><E33/><V0/><F0/><W22/><G119/><T26/><D26/><U12/><E8/><N who="2" m="6183" /><F98/><W102/><G102/><T75/><D75/><U67/><E100/><V80/><F80/><W36/><G36/><T66/><D66/><U74/><E67/><V54/><F107/><W79/><G79/><T39/><D47/><U73/><E101/><V120/><F105/><W84/><G84/><T34/><REACH who="0" step="1"/><D34/><REACH who="0" ten="240,250,250,250" step="2"/><U18/><E74/><V52/><F120/><W90/><G90/><T133/><D133/><U25/><E73/><V77/><F77/><W127/><G127/><T23/><D23/><AGARI ba="0,1" hai="20,22,23,45,50,55,128,129" m="41351,47115" machi="23" ten="30,2000,0" yaku="13,1,52,1" doraHai="48" who="3" fromWho="0" sc="240,-20,250,0,250,0,250,30" /><INIT seed="1,0,0,0,4,88" ten="220,250,250,280" oya="1" hai0="77,39,23,28,63,49,93,81,34,3,115,85,121" hai1="22,102,26,6,36,132,84,27,89,73,33,41,78" hai2="48,12,68,129,123,103,46,97,45,21,94,31,25" hai3="114,124,109,8,74,90,62,9,59,24,134,87,54"/><U40/><E132/><V120/><F129/><W98/><G109/><T29/><D115/><U4/><E102/><V105/><F68/><W130/><G74/><T35/><D39/><U119/><E73/><V43/><F105/><W127/><G114/><T104/><D104/><U125/><E78/><V60/><F60/><W76/><G130/><T106/><D106/><U83/><E125/><N who="3" m="48202" /><G134/><T67/><D3/><U133/><E119/><V0/><F0/><W10/><G24/><T17/><D121/><U128/><E128/><V47/><REACH who="2" step="1"/><F12/><REACH who="2" ten="220,250,240,280" step="2"/><W66/><G66/><T52/><D67/><U112/><E112/><V19/><F19/><W100/><G76/><T14/><D63/><U2/><E2/><V70/><F70/><W53/><G62/><T69/><D69/><U82/><E133/><V44/><AGARI ba="0,1" hai="21,25,31,43,44,45,46,47,48,94,97,103,120,123" machi="44" ten="30,7900,0" yaku="1,1,0,1,52,1,53,1" doraHai="88" doraHaiUra="91" who="2" fromWho="2" sc="220,-20,250,-39,240,89,280,-20" /><INIT seed="2,0,0,4,4,32" ten="200,211,329,260" oya="2" hai0="25,40,60,63,53,76,70,79,44,1,41,22,49" hai1="114,72,18,120,21,65,127,75,129,96,62,125,123" hai2="66,134,6,115,28,95,111,133,45,94,31,81,46" hai3="74,100,101,119,86,128,116,73,29,11,17,97,126"/><V8/><F115/><W90/><G29/><N who="2" m="11337" /><F66/><W50/><G50/><T14/><D1/><U64/><E114/><V38/><F81/><N who="3" m="49487" /><G17/><T85/><D14/><U48/><E96/><V110/><F95/><W42/><G42/><T117/><D117/><N who="3" m="45129" /><G11/><T107/><D107/><U109/><E109/><N who="2" m="41483" /><F94/><N who="3" m="58423" /><G128/><T106/><D70/><U33/><E129/><V5/><F5/><W113/><G113/><T80/><D41/><U124/><E64/><V3/><F38/><W9/><G9/><T82/><D40/><U2/><E48/><V47/><AGARI ba="0,0" hai="3,6,8,45,46,47,133,134" m="41483,11337" machi="47" ten="40,7800,0" yaku="14,1,10,1,52,1" doraHai="32" who="2" fromWho="2" sc="200,-26,211,-26,329,78,260,-26" /><INIT seed="2,1,0,4,2,7" ten="174,185,407,234" oya="2" hai0="21,99,58,77,65,10,116,47,107,72,68,41,93" hai1="123,2,100,112,48,42,62,69,34,134,53,28,12" hai2="6,104,114,74,25,63,22,83,14,135,35,79,43" hai3="81,64,115,133,67,108,61,78,38,97,88,122,109"/><V13/><F114/><W82/><G38/><T52/><D116/><U31/><E112/><V44/><F135/><W85/><G115/><T60/><D107/><U23/><E134/><V40/><F35/><W87/><G133/><T124/><D124/><U118/><E2/><V20/><F104/><W29/><G122/><T30/><D10/><U75/><E75/><V3/><F63/><W130/><G130/><T39/><D72/><U73/><E73/><V86/><F3/><W125/><G125/><T15/><D77/><U26/><E118/><V103/><F103/><W46/><G46/><T105/><D105/><U95/><E34/><V57/><F57/><W127/><G127/><T128/><D128/><U55/><E69/><V51/><F40/><W90/><G29/><T17/><D30/><U80/><E80/><V54/><F54/><W76/><G97/><T119/><D119/><U18/><E62/><AGARI ba="1,0" hai="61,62,64,67,76,78,81,82,85,87,88,90,108,109" machi="62" ten="25,3200,0" yaku="22,2,54,1" doraHai="7" who="3" fromWho="1" sc="174,0,185,-35,407,0,234,35" /><INIT seed="3,0,0,3,2,72" ten="174,150,407,269" oya="3" hai0="74,119,78,50,41,113,96,91,53,108,135,13,5" hai1="116,89,129,77,69,37,16,0,99,118,23,51,110" hai2="2,9,132,66,32,63,49,93,128,7,52,35,115" hai3="58,122,121,3,103,75,114,34,18,94,61,73,124"/><W6/><G34/><T62/><D119/><N who="1" m="45611" /><E37/><V46/><F128/><W39/><G39/><T126/><D113/><U70/><E0/><V102/><F132/><W55/><G114/><T117/><D135/><U130/><E110/><V85/><F115/><W127/><G6/><T47/><D117/><U109/><E109/><V86/><F86/><W88/><G3/><T76/><D74/><N who="3" m="28169" /><G18/><T68/><D108/><U45/><E77/><N who="0" m="29801" /><D126/><N who="3" m="48169" /><G103/><T111/><D68/><N who="1" m="26219" /><E89/><V98/><F85/><AGARI ba="0,0" hai="55,58,61,85,88,94,121,122" m="48169,28169" machi="85" ten="30,2900,0" yaku="18,1,54,1" doraHai="72" who="3" fromWho="2" sc="174,0,150,0,407,-29,269,29" /><INIT seed="3,1,0,0,1,79" ten="174,150,378,298" oya="3" hai0="43,59,26,60,31,78,71,53,126,27,36,98,121" hai1="40,16,118,102,109,72,12,0,33,1,123,50,17" hai2="30,25,86,70,34,7,107,73,9,28,129,81,135" hai3="62,124,97,49,108,51,120,133,112,106,87,117,128"/><W100/><G120/><T64/><D126/><U44/><E123/><V29/><F129/><W68/><G117/><T32/><D121/><U66/><E118/><V54/><F135/><W3/><G112/><T116/><D116/><U84/><E72/><V76/><F107/><W67/><G3/><T96/><D78/><U41/><E33/><V103/><F103/><W23/><G124/><T85/><D85/><U111/><E66/><V90/><F54/><W8/><G133/><T2/><D2/><U63/><E63/><V19/><F70/><W88/><G128/><T127/><D27/><U105/><E41/><V82/><F19/><N who="1" m="7241" /><E12/><AGARI ba="1,0" hai="7,9,12,25,28,29,30,34,73,76,81,82,86,90" machi="12" ten="30,3900,0" yaku="7,1,52,2" doraHai="79" who="2" fromWho="1" sc="174,0,150,-42,378,42,298,0" owari="174,-23.0,108,-39.0,420,52.0,298,10.0" /></mjloggm>