<mjloggm ver="2.3"><GO type="185" lobby="0"/><UN n0="%E3%81%B5%E3%81%96%E3%81%91%E3%82%8B%E3%83%9F%EF%BC%81" n1="%44%75%73%6B" n2="%E3%82%B3%E3%82%B3%E3%82%A2%E3%81%AF%E4%BF%BA%E3%81%AE%E5%AB%81" n3="" dan="17,16,17,0" rate="2214.92,2167.86,2226.46,1500.00" sx="M,M,F,C"/><TAIKYOKU oya="0"/><INIT seed="0,0,0,1,3,97" ten="350,350,350,0" oya="0" hai0="40,55,82,106,131,130,88,116,105,121,35,2,95" hai1="58,89,93,126,123,37,118,109,42,70,83,64,51" hai2="1,66,38,91,79,108,87,71,41,86,102,103,128" hai3=""/><T113/><N who="0" m="31008" /><T34/><D2/><U69/><N who="1" m="31520" /><U45/><E118/><V73/><F1/><T75/><D116/><U52/><E109/><V98/><F108/><T115/><D40/><U67/><E83/><V111/><F111/><T78/><D55/><U96/><REACH who="1" step="1"/><E126/><REACH who="1" ten="350,340,350,0" step="2"/><V122/><F122/><T76/><D34/><U53/><E53/><V65/><F65/><AGARI ba="0,1" hai="37,42,45,51,52,58,64,65,67,69,70,89,93,96" m="31520" machi="65" ten="40,5200,0" yaku="1,1,52,1,54,1,53,0" doraHai="97" doraHaiUra="80" who="1" fromWho="2" sc="350,0,340,62,350,-52,0,0" /><INIT seed="1,0,0,1,2,33" ten="350,402,298,0" oya="1" hai0="58,130,44,40,108,125,0,109,50,128,120,45,55" hai1="73,93,72,47,63,54,48,133,3,101,134,46,112" hai2="61,118,65,81,53,119,35,67,64,71,105,43,95" hai3=""/><U121/><N who="1" m="31008" /><U123/><N who="1" m="31520" /><U88/><E112/><V106/><F35/><T42/><N who="0" m="30752" /><T122/><N who="0" m="31264" /><T82/><D125/><U76/><E101/><V131/><F131/><N who="0" m="50218" /><D0/><U129/><E129/><V127/><F127/><T78/><D82/><U41/><E3/><V96/><F43/><N who="0" m="16426" /><D78/><U84/><E63/><V103/><F81/><T2/><D2/><U102/><E102/><V107/><F71/><T100/><D100/><U37/><REACH who="1" step="1"/><E76/><REACH who="1" ten="350,392,298,0" step="2"/><V39/><F61/><T56/><D44/><U68/><E68/><V124/><F124/><T32/><D32/><U117/><E117/><V79/><F79/><T66/><D45/><U75/><AGARI ba="0,1" hai="37,41,46,47,48,54,72,73,75,84,88,93,133,134" m="31520,31008" machi="75" ten="40,8000,1" yaku="1,1,0,1,52,2,54,1,53,0" doraHai="33" doraHaiUra="97" who="1" fromWho="1" sc="350,-40,392,90,298,-40,0,0" /><INIT seed="1,1,0,4,5,36" ten="310,482,258,0" oya="1" hai0="135,114,125,86,1,118,88,75,34,124,77,79,127" hai1="81,3,111,58,98,103,51,89,123,45,119,63,67" hai2="55,33,94,49,115,37,42,104,80,41,44,78,129" hai3=""/><U65/><N who="1" m="31520" /><U99/><E119/><V50/><F33/><T71/><D34/><U62/><E111/><V32/><F32/><T60/><D1/><U43/><E3/><V0/><F0/><T39/><D114/><U68/><E103/><V66/><F115/><T90/><D118/><U48/><E48/><V61/><F104/><T117/><D117/><U72/><REACH who="1" step="1"/><E89/><REACH who="1" ten="310,472,258,0" step="2"/><V133/><F50/><T102/><D102/><U82/><E82/><V91/><F91/><T120/><N who="0" m="30752" /><T40/><D90/><U56/><E56/><V131/><F80/><T47/><D135/><U113/><E113/><V107/><F133/><T76/><D71/><U54/><E54/><V38/><F55/><T74/><D60/><U73/><E73/><V122/><F49/><T126/><D126/><U128/><E128/><V110/><F131/><T95/><AGARI ba="1,1" hai="39,40,47,74,75,76,77,79,86,88,95,124,125,127" m="30752" machi="95" ten="40,6000,1" yaku="0,1,18,1,52,2,54,1" doraHai="36" who="0" fromWho="0" sc="310,72,472,-41,258,-21,0,0" /><INIT seed="2,0,0,3,1,125" ten="382,431,237,0" oya="2" hai0="105,75,35,117,59,57,52,38,78,46,69,80,1" hai1="58,92,51,111,112,42,50,116,135,77,122,102,124" hai2="41,97,48,123,129,60,130,54,109,76,108,36,43" hai3=""/><V47/><N who="2" m="31520" /><V118/><F118/><T128/><D117/><U53/><N who="1" m="31264" /><U134/><E116/><V56/><F76/><T32/><D69/><U2/><E112/><V45/><F97/><T107/><D59/><U131/><E2/><V89/><F89/><T61/><D1/><U73/><E124/><V83/><F83/><T55/><D55/><U68/><E68/><V115/><F115/><T72/><D72/><U0/><E0/><V99/><F99/><T127/><D127/><U126/><E126/><V74/><F74/><T133/><D133/><U62/><E77/><V106/><F106/><T121/><N who="0" m="31008" /><T98/><D98/><U40/><E73/><V70/><F70/><T49/><D105/><U63/><E92/><V88/><F88/><T96/><D96/><U67/><E102/><V132/><F132/><T33/><D107/><U79/><E79/><V44/><F44/><T91/><D91/><U114/><E114/><V81/><F81/><T37/><D32/><U100/><E100/><V64/><F64/><T93/><D33/><U94/><E94/><V71/><F71/><T95/><D35/><U66/><E134/><V90/><F90/><T34/><D95/><U113/><E113/><V87/><F87/><RYUUKYOKU ba="0,0" sc="382,-10,431,-10,237,20,0,0" hai2="36,41,43,45,47,48,54,56,60,108,109,129,130" /><INIT seed="2,1,0,0,2,47" ten="372,421,257,0" oya="2" hai0="0,114,68,105,110,108,61,131,112,102,106,85,57" hai1="37,42,67,1,92,2,53,134,45,64,107,132,65" hai2="126,86,63,70,77,123,125,72,54,127,94,129,59" hai3=""/><V78/><N who="2" m="31520" /><V80/><F129/><T46/><D0/><U74/><E107/><N who="0" m="40969" /><D68/><U95/><E74/><V73/><F70/><T88/><D46/><U76/><E76/><V41/><F41/><T91/><D102/><U36/><E36/><V66/><F94/><N who="1" m="35881" /><E53/><V51/><REACH who="2" step="1"/><F78/><REACH who="2" ten="372,421,247,0" step="2"/><T96/><D131/><U117/><E117/><V93/><F93/><T84/><D91/><U69/><E69/><V3/><F3/><T103/><D88/><U128/><E128/><V79/><F79/><T52/><D96/><U99/><E99/><V109/><F109/><N who="0" m="42090" /><D103/><U32/><E1/><V75/><F75/><T55/><D85/><U40/><E40/><V58/><AGARI ba="1,1" hai="51,54,58,59,63,66,72,73,77,80,86,125,126,127" m="31520" machi="58" ten="30,12000,2" yaku="1,1,0,1,18,1,52,2,53,1" doraHai="47" doraHaiUra="116" who="2" fromWho="2" sc="372,-61,421,-61,247,132,0,0" /><INIT seed="2,2,0,1,4,63" ten="311,360,379,0" oya="2" hai0="112,55,76,77,94,93,2,79,75,67,68,127,130" hai1="0,100,39,57,126,113,48,49,105,134,132,66,99" hai2="54,45,135,53,34,70,65,108,51,96,115,52,1" hai3=""/><V88/><F1/><T64/><D2/><U44/><E113/><V92/><F34/><T95/><D112/><U3/><E39/><V102/><F115/><T43/><D75/><U41/><E126/><V42/><F135/><N who="1" m="51753" /><E48/><V85/><F108/><T114/><D114/><U78/><E78/><V61/><REACH who="2" step="1"/><F42/><REACH who="2" ten="311,360,369,0" step="2"/><T117/><D43/><U103/><E103/><V110/><F110/><T62/><D127/><U91/><E91/><V109/><F109/><T74/><D74/><U131/><E131/><V60/><F60/><AGARI ba="2,1" hai="0,3,41,44,49,57,60,66,99,100,105" m="51753" machi="60" ten="30,2000,0" yaku="20,1,52,1" doraHai="63" who="1" fromWho="2" sc="311,0,360,34,369,-24,0,0" /><INIT seed="4,0,0,0,3,77" ten="311,394,345,0" oya="0" hai0="92,123,99,88,109,76,98,95,72,112,120,117,132" hai1="74,68,106,134,85,135,60,57,114,86,128,50,107" hai2="33,0,133,39,47,121,42,51,66,111,69,71,82" hai3=""/><T87/><N who="0" m="30752" /><T119/><N who="0" m="31520" /><T54/><D112/><U32/><E32/><V61/><N who="2" m="31008" /><V35/><F111/><T78/><D109/><U3/><E3/><V115/><F115/><T127/><D127/><U62/><E74/><V67/><F133/><N who="1" m="50697" /><E128/><V52/><F0/><T2/><D2/><U130/><E130/><V45/><F82/><T43/><D43/><U41/><E114/><V90/><F90/><T75/><D54/><U48/><E68/><N who="2" m="26187" /><F33/><T100/><D132/><U94/><E94/><V126/><F35/><T73/><D87/><N who="1" m="33291" /><E60/><V59/><F126/><T65/><D65/><AGARI ba="0,0" hai="39,42,45,47,51,52,59,61,65,66,67" m="26187,31008" machi="65" ten="30,12000,2" yaku="35,5,52,1,54,1" doraHai="77" who="2" fromWho="0" sc="311,-120,394,0,345,120,0,0" /><INIT seed="5,0,0,1,2,42" ten="191,394,465,0" oya="1" hai0="93,62,74,126,98,73,39,96,84,3,0,111,67" hai1="75,115,106,94,83,32,65,118,89,46,66,48,124" hai2="52,80,100,38,102,125,63,41,120,121,71,97,57" hai3=""/><U112/><E106/><V55/><N who="2" m="30752" /><V54/><N who="2" m="31008" /><V119/><F119/><T99/><D111/><U104/><E104/><V2/><F2/><T101/><D39/><U85/><E32/><V122/><N who="2" m="31264" /><V131/><F131/><T133/><D133/><U108/><E118/><V92/><F125/><T47/><D126/><U116/><E116/><V132/><F132/><T135/><D135/><U60/><E124/><V113/><F113/><N who="1" m="43593" /><E108/><V64/><F80/><T45/><D0/><U107/><E107/><V56/><F102/><T44/><D3/><U128/><E128/><V58/><F41/><T76/><D101/><U72/><E94/><V78/><F38/><T110/><D110/><U43/><E65/><V70/><F78/><T79/><D93/><U123/><N who="1" m="31520" /><U117/><E117/><V129/><F129/><T86/><D76/><U130/><E130/><V87/><F64/><T127/><D127/><U91/><E91/><V105/><F105/><T53/><D67/><U50/><E50/><V40/><F92/><T81/><REACH who="0" step="1"/><D73/><REACH who="0" ten="181,394,465,0" step="2"/><U51/><E75/><V103/><F103/><T35/><D35/><U37/><E72/><V69/><F100/><T34/><D34/><U82/><E83/><V1/><F1/><RYUUKYOKU ba="0,1" sc="181,10,394,10,465,-20,0,0" hai0="44,45,47,53,62,74,79,81,84,86,96,98,99" hai1="37,43,46,48,51,60,66,82,85,89" /><INIT seed="5,1,1,4,4,94" ten="191,404,445,0" oya="1" hai0="132,79,112,77,110,116,98,44,84,66,134,54,88" hai1="63,104,55,72,67,114,86,128,111,102,108,35,117" hai2="41,87,2,76,46,113,0,62,122,58,49,130,32" hai3=""/><U109/><E117/><V99/><N who="2" m="31264" /><V65/><F32/><T100/><D110/><U37/><E35/><V131/><F113/><T50/><D112/><U68/><E37/><V36/><F99/><T56/><D116/><U38/><E38/><V103/><F103/><T1/><D1/><U39/><E39/><V53/><F87/><T71/><D71/><U81/><E72/><V105/><F76/><T60/><D134/><U126/><E114/><V96/><F96/><T45/><D45/><U40/><E40/><V51/><F105/><T129/><D129/><N who="2" m="49162" /><F36/><T82/><REACH who="0" step="1"/><D132/><REACH who="0" ten="181,404,445,0" step="2"/><U70/><E70/><AGARI ba="1,2" hai="0,2,41,46,49,51,53,58,62,65,70" m="49162,31264" machi="70" ten="30,2000,0" yaku="19,1,52,1" doraHai="94" who="2" fromWho="1" sc="181,0,404,-22,445,42,0,0" /><INIT seed="6,0,0,0,4,86" ten="181,382,487,0" oya="2" hai0="70,90,62,87,107,45,126,65,50,41,127,95,72" hai1="106,120,76,114,89,121,54,88,135,36,85,84,49" hai2="98,123,33,82,0,79,2,44,100,96,73,109,115" hai3=""/><V59/><N who="2" m="31520" /><V117/><F33/><T63/><D107/><U75/><N who="1" m="30752" /><U110/><N who="1" m="31008" /><U108/><E36/><V101/><F117/><T111/><D72/><U118/><E118/><V78/><F115/><T94/><D111/><U38/><E38/><V57/><F109/><T134/><D134/><U68/><E68/><V119/><F119/><T61/><D127/><U1/><E114/><V129/><F129/><T124/><D124/><U77/><E1/><V122/><N who="2" m="31264" /><V74/><F82/><T39/><D126/><U46/><E106/><V58/><F58/><T130/><D130/><U83/><E135/><V42/><F42/><T104/><D104/><U125/><E125/><V71/><F44/><T133/><D133/><U34/><E34/><V35/><F35/><T92/><D39/><U66/><E66/><V51/><F51/><T80/><D70/><AGARI ba="0,0" hai="0,2,57,59,70,71,73,74,78,79,96,98,100,101" m="31264,31520" machi="70" ten="25,9600,0" yaku="22,2,52,2" doraHai="86" who="2" fromWho="0" sc="181,-96,382,0,487,96,0,0" owari="85,-51.0,382,-2.0,583,53.0,0,0.0" /></mjloggm>