<mjloggm ver="2.3"><GO type="169" lobby="0"/><UN n0="%6B%6B%6B%73%73%36%36%36" n1="%E3%81%AB%E3%82%83%E3%82%93%E5%90%89" n2="%E7%89%8C%E5%BB%83%E4%BA%BA" n3="%E3%82%A2%E3%83%A1%E3%83%B3%E3%83%9D%E3%81%A6%E3%81%B5" dan="16,16,17,17" rate="2069.51,2088.12,2155.87,2237.69" sx="M,M,M,M"/><TAIKYOKU oya="0"/><INIT seed="0,0,0,1,1,73" ten="250,250,250,250" oya="0" hai0="23,114,107,103,32,85,128,105,10,95,26,58,53" hai1="70,77,44,94,68,133,56,18,134,124,112,35,6" hai2="52,38,84,122,101,31,96,65,89,5,119,97,72" hai3="0,54,66,22,8,21,92,39,126,106,11,33,63"/><T59/><D114/><U76/><E35/><V48/><F122/><W19/><G106/><T135/><D135/><N who="1" m="51723" /><E124/><V46/><F119/><W99/><G39/><T111/><D32/><U61/><E112/><V36/><F72/><W83/><G33/><T121/><D121/><U34/><E34/><V131/><F31/><W41/><G41/><T29/><D128/><U102/><E6/><V62/><F5/><W17/><G0/><T28/><D28/><U116/><E116/><V127/><F131/><W104/><G104/><T78/><D59/><U27/><E44/><V110/><F110/><W42/><G42/><T90/><D111/><U109/><E109/><V15/><F15/><W79/><G54/><T30/><D30/><U43/><E43/><V51/><F48/><W108/><G126/><T55/><D10/><U88/><E102/><V64/><F64/><W57/><G19/><T132/><D132/><U25/><E68/><V75/><F75/><W80/><G21/><T60/><D103/><U117/><E70/><V50/><F51/><W120/><G120/><T12/><D12/><U98/><E117/><V125/><F127/><W130/><G130/><T82/><REACH who="0" step="1"/><D53/><REACH who="0" ten="240,250,250,250" step="2"/><N who="1" m="33935" /><E25/><V118/><F125/><W7/><G108/><T9/><D9/><U20/><AGARI ba="0,1" hai="18,20,27,76,77,88,94,98" m="33935,51723" machi="20" ten="30,8000,1" yaku="25,1,20,1,52,2,54,1" doraHai="73" who="1" fromWho="1" sc="240,-40,250,90,250,-20,250,-20" /><INIT seed="1,0,0,0,1,118" ten="200,340,230,230" oya="1" hai0="27,117,69,81,66,11,115,113,58,57,97,124,35" hai1="126,34,134,83,74,131,133,23,114,84,111,25,33" hai2="54,107,12,42,15,108,3,77,125,129,73,119,8" hai3="40,31,47,55,101,100,128,121,88,102,52,70,79"/><U65/><E74/><V122/><F107/><W127/><G70/><T116/><D11/><U2/><E65/><V24/><F119/><W103/><G79/><T44/><D81/><U98/><E98/><V18/><F108/><W32/><G128/><T37/><D97/><U92/><E92/><V10/><F129/><W130/><G130/><T1/><D27/><U112/><E131/><V123/><F3/><W93/><N who="3" m="25600" /><DORA hai="82" /><W94/><G127/><T61/><D35/><U30/><E126/><V71/><F125/><W104/><G121/><T78/><D78/><U64/><E64/><V6/><F71/><W91/><G104/><T46/><D1/><U50/><E50/><V63/><F42/><W90/><G31/><T132/><D124/><U49/><E49/><V89/><F89/><W45/><G32/><N who="1" m="12394" /><E2/><V120/><F77/><W96/><G40/><T95/><D95/><N who="3" m="36361" /><G96/><T20/><D69/><U86/><E83/><V68/><F68/><W7/><G7/><T67/><D37/><U14/><E14/><V135/><F73/><W29/><G29/><T28/><D28/><U41/><E41/><V39/><F39/><W106/><G106/><T109/><D116/><U85/><E111/><V72/><F72/><W56/><G56/><T9/><D117/><U99/><E99/><V17/><F122/><W51/><G51/><T0/><D0/><U22/><E22/><N who="2" m="13391" /><F120/><W80/><G80/><T36/><D36/><U38/><E38/><V76/><F123/><W5/><G5/><T26/><D109/><U60/><E60/><V110/><F110/><W4/><G4/><RYUUKYOKU ba="0,0" sc="200,-15,340,15,230,-15,230,15" hai1="23,25,30,84,85,86,112,114,133,134" hai3="45,47,52,55,88,90,91" /><INIT seed="1,1,0,2,2,30" ten="185,355,215,245" oya="1" hai0="100,111,12,2,119,57,131,78,72,99,126,122,125" hai1="133,26,33,51,82,89,71,60,8,80,76,28,105" hai2="21,10,107,37,18,3,101,102,81,124,40,63,70" hai3="17,1,93,64,96,22,47,19,118,113,135,117,39"/><U11/><E133/><V0/><F124/><W83/><G135/><T79/><D2/><U115/><E115/><V91/><F37/><W49/><G113/><T50/><D50/><U77/><E105/><V13/><F40/><W104/><G1/><T52/><D12/><U55/><E89/><V114/><F114/><W7/><G7/><T38/><D38/><U34/><E60/><V62/><F0/><W15/><G104/><T103/><D52/><U23/><E71/><V27/><F3/><W129/><G129/><T110/><D57/><U53/><E11/><V116/><F116/><N who="3" m="44651" /><G83/><T134/><D134/><U130/><E8/><V69/><F69/><W132/><G132/><T121/><D119/><U58/><E55/><V120/><F120/><W6/><G39/><T32/><D32/><U56/><E56/><V75/><F107/><W90/><G64/><T127/><D99/><U45/><E45/><V87/><F75/><W5/><G19/><T68/><D68/><U25/><E130/><V112/><F112/><W4/><G6/><T108/><D131/><U41/><E41/><AGARI ba="1,0" hai="4,5,15,17,22,41,47,49,90,93,96" m="44651" machi="41" ten="30,1000,0" yaku="12,1" doraHai="30" who="3" fromWho="1" sc="185,0,355,-13,215,0,245,13" /><INIT seed="2,0,0,1,1,11" ten="185,342,215,258" oya="2" hai0="117,118,57,58,90,37,14,12,26,56,94,27,128" hai1="109,132,131,114,32,31,97,43,51,112,91,36,24" hai2="35,120,60,40,63,29,107,30,135,49,20,16,84" hai3="76,70,1,34,99,23,88,113,38,19,87,5,52"/><V105/><F120/><W133/><G70/><T98/><D37/><U41/><E36/><V104/><F135/><W92/><G38/><T95/><D128/><U106/><E109/><V47/><F35/><W6/><G133/><T50/><D50/><U100/><E132/><V116/><F116/><N who="0" m="44650" /><D95/><U69/><E69/><V54/><F84/><W21/><G34/><T93/><D93/><U89/><E131/><V65/><F40/><W130/><G130/><T28/><D27/><U129/><E129/><V124/><F124/><W55/><G1/><T78/><D78/><U71/><E71/><V74/><F74/><W103/><G21/><AGARI ba="0,0" hai="12,14,21,26,28,56,57,58,90,94,98" m="44650" machi="21" ten="30,3900,0" yaku="12,1,52,2" doraHai="11" who="0" fromWho="3" sc="185,39,342,0,215,0,258,-39" /><INIT seed="3,0,0,0,3,47" ten="224,342,215,219" oya="3" hai0="82,38,22,112,103,48,94,127,113,70,132,30,105" hai1="19,44,52,119,50,131,83,125,63,9,106,14,135" hai2="86,73,107,3,102,53,54,92,55,37,84,72,116" hai3="111,5,129,59,31,57,134,114,61,32,10,60,118"/><W67/><G118/><T25/><D38/><U51/><E125/><V79/><F116/><W91/><G114/><T69/><D132/><U95/><E119/><V121/><F3/><W90/><G134/><T68/><D127/><U130/><E135/><V13/><F37/><W29/><G129/><N who="1" m="49162" /><E106/><V88/><F121/><W2/><G111/><T26/><D105/><U96/><E83/><V98/><REACH who="2" step="1"/><F13/><REACH who="2" ten="224,342,205,219" step="2"/><W34/><G34/><T124/><D124/><U11/><E63/><V104/><F104/><W126/><G126/><T58/><D112/><U0/><E0/><V120/><F120/><W89/><REACH who="3" step="1"/><G32/><REACH who="3" ten="224,342,205,209" step="2"/><T24/><D113/><U93/><E11/><V80/><AGARI ba="0,2" hai="53,54,55,72,73,79,80,84,86,88,92,98,102,107" machi="80" ten="30,4000,0" yaku="1,1,0,1,54,1,53,0" doraHai="47" doraHaiUra="110" who="2" fromWho="2" sc="224,-10,342,-10,205,60,209,-20" /><INIT seed="4,0,0,2,2,61" ten="214,332,265,189" oya="0" hai0="17,56,40,102,62,66,51,90,59,127,60,135,116" hai1="39,98,81,2,103,119,106,82,133,64,28,30,69" hai2="113,88,0,74,23,117,54,21,108,128,58,72,84" hai3="99,110,35,86,95,3,131,97,115,12,20,120,134"/><T14/><D127/><U78/><E119/><V92/><F108/><W37/><G110/><T76/><D135/><U111/><E111/><V114/><F0/><W32/><G134/><T19/><D116/><U43/><E133/><V65/><F117/><W104/><G3/><T45/><D102/><U47/><E82/><V130/><F74/><W50/><G37/><T36/><D76/><U123/><E123/><V48/><F72/><W7/><G115/><N who="2" m="44041" /><F65/><W46/><G131/><AGARI ba="0,0" hai="21,23,48,54,58,84,88,92,128,130,131" m="44041" machi="131" ten="30,3900,0" yaku="19,1,15,1,54,1" doraHai="61" who="2" fromWho="3" sc="214,0,332,0,265,39,189,-39" /><INIT seed="5,0,0,0,0,24" ten="214,332,304,150" oya="1" hai0="123,64,61,51,69,110,115,5,118,66,124,87,53" hai1="89,35,116,107,90,81,41,92,86,108,119,96,17" hai2="32,9,46,16,102,88,39,43,73,31,129,80,120" hai3="12,50,65,71,85,30,101,48,104,111,78,29,45"/><U77/><E17/><V62/><F120/><W49/><G111/><T28/><D5/><U59/><E35/><V40/><F129/><W113/><G113/><T105/><D105/><U63/><E41/><V0/><F43/><W128/><G128/><T27/><D110/><U44/><E44/><V33/><F31/><N who="3" m="11787" /><G104/><T117/><D115/><U60/><E108/><V1/><F0/><W7/><G71/><T42/><D124/><U103/><E60/><V114/><F114/><W67/><G101/><T15/><D123/><U127/><E127/><V21/><F102/><W6/><G45/><T13/><D42/><U95/><E59/><V93/><F62/><W56/><G56/><T130/><D130/><U106/><E63/><V122/><F122/><W54/><G54/><T18/><D64/><N who="3" m="24649" /><G12/><T91/><D15/><U70/><E70/><V20/><F33/><W68/><G68/><T109/><D109/><U19/><E107/><V97/><F32/><W52/><G52/><T4/><D53/><U58/><E58/><V22/><F1/><W84/><G78/><T126/><D69/><U2/><E77/><V121/><F121/><W14/><G14/><T26/><D13/><U55/><E103/><V3/><F3/><W38/><G38/><T74/><D66/><U57/><E55/><V135/><F39/><W83/><G83/><T125/><D125/><U100/><E81/><V112/><F112/><W75/><G75/><T8/><D74/><U47/><E100/><V11/><F73/><W23/><G23/><T98/><D126/><U79/><E2/><V37/><F37/><RYUUKYOKU ba="0,0" sc="214,-10,332,-10,304,-10,150,30" hai3="6,7,48,49,50,84,85" /><INIT seed="6,1,0,5,0,53" ten="204,322,294,180" oya="2" hai0="21,36,3,26,126,44,16,78,49,31,102,97,121" hai1="115,77,89,19,64,38,112,98,25,29,55,7,17" hai2="75,132,8,34,129,123,41,62,65,71,10,47,106" hai3="74,69,83,113,95,91,81,57,56,114,67,33,72"/><V11/><F123/><W14/><G33/><T105/><D121/><U9/><E38/><V51/><F132/><W60/><G14/><T85/><D126/><U124/><E64/><V122/><F122/><W12/><G12/><T134/><D3/><N who="1" m="255" /><E77/><V66/><F34/><W131/><G131/><T42/><D134/><U52/><E124/><V76/><F106/><W27/><G27/><T1/><D1/><U109/><E109/><V104/><F104/><W68/><G68/><T108/><D108/><U119/><E119/><V48/><F129/><W101/><G101/><T46/><D78/><U59/><E89/><V84/><F75/><N who="3" m="28715" /><G83/><T6/><D85/><U50/><E98/><V23/><F66/><W94/><G81/><T35/><D6/><U79/><E79/><V135/><F135/><W111/><G111/><T22/><D16/><U63/><E25/><V133/><F133/><W128/><G128/><T0/><REACH who="0" step="1"/><D0/><REACH who="0" ten="194,322,294,180" step="2"/><U28/><E17/><V96/><F76/><W110/><G110/><T87/><D87/><U15/><E19/><V90/><F84/><N who="3" m="52583" /><G95/><T30/><D30/><U20/><E28/><V24/><F24/><W43/><G43/><AGARI ba="1,1" hai="21,22,26,31,35,36,42,43,44,46,49,97,102,105" machi="43" ten="30,2000,0" yaku="1,1,7,1,53,0" doraHai="53" doraHaiUra="117" who="0" fromWho="3" sc="194,33,322,0,294,0,180,-23" /><INIT seed="7,0,0,4,4,129" ten="227,322,294,157" oya="3" hai0="106,25,6,94,61,21,59,62,116,68,43,88,67" hai1="41,40,0,35,133,80,15,119,135,36,54,63,126" hai2="120,79,56,52,73,103,64,123,95,72,132,39,55" hai3="33,110,131,85,75,14,125,112,92,111,16,66,104"/><W10/><G75/><N who="2" m="28745" /><F39/><W91/><G131/><T13/><D106/><U97/><E0/><V42/><F42/><W93/><G104/><T51/><D116/><U48/><E35/><V37/><F37/><W23/><G112/><T84/><D6/><U127/><E119/><V53/><F79/><W22/><G33/><T7/><D7/><U49/><E63/><V58/><F64/><W27/><G125/><N who="1" m="47626" /><E97/><N who="2" m="59839" /><F132/><N who="1" m="50761" /><E80/><V76/><F76/><W3/><G3/><T19/><D25/><U34/><E34/><V113/><F113/><W134/><G134/><T46/><D68/><U20/><E36/><V60/><F60/><AGARI ba="0,0" hai="13,19,21,43,46,51,59,60,61,62,67,84,88,94" machi="60" ten="40,2600,0" yaku="8,1,54,1" doraHai="129" who="0" fromWho="2" sc="227,26,322,0,294,-26,157,0" owari="253,-15.0,322,42.0,268,7.0,157,-34.0" /></mjloggm>