<mjloggm ver="2.3"><GO type="169" lobby="0"/><UN n0="%77%61%77%61%33%30%33%30" n1="%E9%9B%80%E5%B8%AB%E3%82%88%E3%83%BC" n2="%70%6D%6A%70%6D%70%61" n3="%69%70%73%E6%88%A6%E5%A3%AB" dan="16,16,16,16" rate="2177.28,2090.61,2063.65,2046.71" sx="M,M,M,M"/><TAIKYOKU oya="0"/><INIT seed="0,0,0,3,0,37" ten="250,250,250,250" oya="0" hai0="10,16,27,109,34,84,52,17,129,40,29,32,124" hai1="106,107,72,117,47,30,55,61,89,28,112,64,42" hai2="11,66,131,114,94,93,74,86,90,14,60,132,24" hai3="110,87,3,122,80,73,71,116,54,9,48,118,56"/><T135/><D129/><U23/><E117/><V81/><F114/><W128/><G71/><T134/><D124/><U4/><E112/><V62/><F132/><N who="0" m="50730" /><D109/><U31/><E72/><V38/><F38/><W51/><G110/><T49/><D32/><U95/><E4/><V33/><F131/><W105/><G128/><T35/><D34/><U83/><E55/><V57/><F74/><W103/><G73/><T36/><D10/><U0/><E0/><V96/><F62/><W15/><G3/><T43/><D84/><U13/><E83/><V82/><F24/><W121/><G105/><T58/><D36/><U79/><E79/><V41/><F41/><AGARI ba="0,0" hai="16,17,27,29,35,40,41,43,49,52,58" m="50730" machi="41" ten="30,18000,2" yaku="20,1,52,3,54,2" doraHai="37" who="0" fromWho="2" sc="250,180,250,0,250,-180,250,0" /><INIT seed="0,1,0,0,1,7" ten="430,250,70,250" oya="0" hai0="55,41,93,26,115,65,39,19,92,57,87,106,122" hai1="76,5,121,71,31,21,126,44,124,9,36,116,63" hai2="11,20,96,70,127,49,131,50,117,112,16,86,34" hai3="104,58,130,33,91,54,48,98,46,119,110,59,1"/><T8/><D106/><U56/><E116/><V25/><F70/><W75/><G119/><T30/><D115/><U103/><E121/><V37/><F37/><W35/><G75/><T135/><D122/><U61/><E76/><V105/><F112/><W67/><G130/><T129/><D129/><U107/><E71/><V38/><F38/><W43/><G110/><T83/><D135/><U77/><E77/><V128/><F127/><N who="1" m="48681" /><E103/><V89/><F117/><W114/><G114/><T53/><D65/><U51/><E36/><V81/><F34/><W32/><G1/><T47/><D55/><N who="1" m="30183" /><E107/><V84/><F105/><W111/><G111/><T133/><D133/><U69/><E69/><V73/><F73/><W99/><G104/><T100/><D100/><U68/><E68/><V97/><F128/><W15/><G67/><T0/><D83/><U13/><E56/><V4/><F131/><W74/><G74/><T109/><D87/><U79/><E79/><V94/><F86/><W40/><G59/><T66/><D66/><U23/><E23/><V62/><F97/><W24/><G99/><T125/><D109/><U88/><E88/><N who="2" m="51215" /><F62/><W64/><G98/><T72/><D72/><U29/><E21/><V10/><F4/><W28/><G91/><T102/><D102/><U6/><E6/><V2/><F2/><W3/><G3/><T60/><D125/><U90/><E90/><V120/><F120/><W27/><G33/><N who="0" m="20695" /><D0/><U14/><E63/><V123/><F123/><W78/><G78/><T113/><D113/><U101/><E61/><V85/><F85/><W12/><G64/><RYUUKYOKU ba="1,0" sc="430,15,250,-15,70,15,250,-15" hai0="8,19,39,41,47,53,57,60,92,93" hai2="10,11,16,20,25,49,50,89,94,96" /><INIT seed="0,2,0,4,0,88" ten="445,235,85,235" oya="0" hai0="29,82,1,108,51,133,14,11,6,69,91,113,12" hai1="114,18,7,125,15,100,46,128,116,10,121,58,30" hai2="8,53,109,87,41,32,60,55,54,25,24,110,36" hai3="39,78,67,21,79,37,83,127,77,131,115,126,73"/><T34/><D113/><U124/><E116/><V13/><F32/><W57/><G115/><T42/><D69/><U23/><E114/><V74/><F74/><W96/><G131/><T72/><D133/><U50/><E121/><V102/><F60/><N who="3" m="38287" /><G21/><T89/><D108/><N who="2" m="41578" /><F102/><W85/><G96/><T84/><D72/><U95/><E128/><V3/><F3/><W45/><G45/><T90/><D34/><U98/><E58/><V16/><F87/><W119/><G119/><T97/><D29/><U122/><E30/><V33/><F33/><W111/><G111/><T101/><D12/><U99/><E99/><V49/><F36/><W106/><G106/><T120/><D1/><U40/><REACH who="1" step="1"/><E122/><REACH who="1" ten="445,225,85,235" step="2"/><V17/><F17/><W65/><G73/><T61/><D120/><U70/><E70/><V86/><F86/><W92/><G127/><T71/><D71/><U129/><E129/><V68/><F68/><W132/><G126/><T117/><D117/><U93/><E93/><V107/><F107/><W44/><G132/><T5/><D84/><U35/><E35/><V52/><F41/><W56/><G92/><N who="0" m="58535" /><D82/><U28/><E28/><V62/><F62/><N who="3" m="38087" /><G85/><T135/><D61/><U4/><E4/><V76/><F76/><W2/><G83/><T27/><D6/><U0/><AGARI ba="2,1" hai="0,7,10,15,18,23,40,46,50,95,98,100,124,125" machi="0" ten="30,4000,0" yaku="1,1,0,1,52,1,53,0" doraHai="88" doraHaiUra="66" who="1" fromWho="1" sc="445,-22,225,56,85,-12,235,-12" /><INIT seed="1,0,0,1,1,119" ten="423,281,73,223" oya="1" hai0="16,78,96,99,75,81,132,27,17,110,127,39,2" hai1="72,31,84,67,104,57,59,36,18,107,129,68,116" hai2="60,13,22,120,15,40,4,97,19,38,101,65,63" hai3="23,7,100,108,30,6,33,133,130,115,32,3,111"/><U82/><E116/><V71/><F38/><W102/><G115/><T79/><D2/><U121/><E72/><V9/><F40/><W80/><G80/><T42/><D110/><N who="3" m="42025" /><G133/><T35/><D132/><U112/><E112/><V95/><REACH who="2" step="1"/><F63/><REACH who="2" ten="423,281,63,223" step="2"/><W64/><G130/><T44/><D42/><U1/><E36/><V92/><F92/><W76/><G64/><T26/><D39/><U123/><E129/><V28/><F28/><W88/><G76/><T45/><D79/><U5/><E31/><V48/><F48/><W58/><G30/><T113/><D113/><U122/><E107/><V43/><F43/><W24/><G32/><T109/><D35/><U53/><E104/><V87/><F87/><W91/><G33/><T10/><D109/><U41/><E41/><V77/><F77/><W90/><G58/><T56/><D56/><U47/><E67/><V94/><F94/><W93/><G93/><T0/><D45/><U66/><E59/><V52/><F52/><W126/><G126/><T61/><D44/><U103/><E57/><V85/><F85/><W89/><G3/><T20/><D61/><N who="1" m="40015" /><E53/><V124/><F124/><W25/><N who="3" m="23040" /><DORA hai="131" /><W134/><G134/><T70/><D127/><U106/><E47/><V37/><F37/><W21/><G6/><T8/><D0/><U117/><E5/><V12/><F12/><W34/><G7/><T62/><D62/><U46/><E1/><V14/><F14/><W69/><G34/><T86/><D78/><N who="1" m="46167" /><E46/><V55/><F55/><W29/><G69/><T50/><D70/><U128/><E128/><V73/><F73/><RYUUKYOKU ba="0,1" sc="423,-15,281,-15,63,15,223,15" hai2="4,9,13,15,19,22,60,65,71,95,97,101,120" hai3="21,23,24,25,29,100,102" /><INIT seed="2,1,1,2,0,13" ten="408,266,78,238" oya="2" hai0="93,115,66,109,125,103,82,100,15,35,111,63,32" hai1="67,80,10,5,36,33,124,121,133,19,2,16,96" hai2="113,102,49,75,69,30,18,120,8,51,95,11,28" hai3="68,20,88,22,45,76,48,135,126,104,6,52,42"/><V58/><F69/><W108/><G68/><T17/><D115/><U71/><E36/><V57/><F75/><W38/><G126/><T29/><D82/><U39/><E39/><V27/><F113/><W62/><G135/><T25/><D35/><U74/><E133/><V94/><F27/><W23/><G104/><T91/><D125/><U24/><E124/><V1/><F102/><W89/><G108/><N who="0" m="41547" /><D91/><U130/><E130/><V92/><F120/><W37/><G76/><T41/><D41/><U46/><E46/><V128/><F92/><W134/><G134/><T122/><D93/><U60/><E121/><V129/><REACH who="2" step="1"/><F1/><REACH who="2" ten="408,266,68,238" step="2"/><W116/><G116/><T3/><D3/><U73/><E74/><V53/><F53/><W107/><G107/><T50/><D122/><U34/><E24/><V87/><F87/><W59/><G38/><T119/><D103/><U64/><E96/><V54/><F54/><W61/><G37/><T14/><D100/><U0/><E2/><V97/><F97/><W21/><N who="3" m="5632" /><DORA hai="44" /><W81/><G81/><T47/><D119/><U83/><E83/><V56/><F56/><N who="3" m="34951" /><G6/><T72/><D72/><U79/><REACH who="1" step="1"/><E67/><AGARI ba="1,2" hai="42,45,48,59,62,67,88,89" m="34951,5632" machi="67" ten="40,8000,1" yaku="8,1,52,1,54,2" doraHai="13,44" who="3" fromWho="1" sc="408,0,266,-83,68,0,238,103" /><INIT seed="3,0,0,2,2,118" ten="408,183,68,341" oya="3" hai0="69,45,63,134,6,18,32,61,41,22,48,125,115" hai1="89,96,29,131,62,9,21,82,40,13,46,133,91" hai2="58,108,17,84,57,116,90,39,12,86,123,107,52" hai3="1,100,83,71,85,30,60,51,120,117,53,35,65"/><W106/><G117/><T37/><D32/><U102/><E133/><V47/><F107/><W129/><G1/><T27/><D134/><U72/><E131/><V38/><F108/><W8/><G129/><T103/><D125/><U97/><E62/><V4/><F4/><W67/><G67/><T43/><D103/><U114/><E114/><V78/><F116/><W20/><G8/><T0/><D115/><U74/><E29/><V126/><F126/><W10/><G10/><T119/><D119/><U135/><E21/><V50/><F78/><W28/><G20/><T49/><D69/><U36/><E135/><V16/><F123/><W26/><G28/><T79/><D79/><U42/><E42/><V24/><F24/><W122/><G100/><T54/><D37/><U124/><E124/><V93/><F86/><W98/><G98/><T87/><D43/><U81/><E96/><V44/><F44/><W101/><G101/><T73/><D73/><U25/><E25/><V31/><F31/><W66/><G66/><T56/><D87/><U64/><E64/><V23/><REACH who="2" step="1"/><F17/><REACH who="2" ten="408,183,58,341" step="2"/><W14/><G106/><T68/><D6/><N who="1" m="3255" /><E74/><V99/><F99/><W5/><G5/><T92/><D0/><U7/><E7/><V33/><F33/><W76/><G14/><T130/><D130/><U105/><E72/><V121/><F121/><W3/><G3/><T127/><D127/><U113/><E113/><V15/><F15/><W111/><G111/><T110/><D110/><U11/><E105/><V104/><F104/><W34/><G35/><T109/><D109/><U94/><E46/><AGARI ba="0,1" hai="26,30,34,46,51,53,60,65,71,76,83,85,120,122" machi="46" ten="30,11600,0" yaku="6,1,7,1,52,2" doraHai="118" who="3" fromWho="1" sc="408,0,183,-116,58,0,341,126" /><INIT seed="3,1,0,5,2,77" ten="408,67,58,467" oya="3" hai0="92,49,41,29,86,23,90,13,27,95,22,64,124" hai1="97,36,31,60,56,71,16,89,109,2,121,85,5" hai2="67,80,99,116,76,98,78,3,131,103,75,32,46" hai3="39,108,135,44,82,18,104,134,55,81,15,73,123"/><W111/><G123/><T117/><D117/><U37/><E121/><V133/><F116/><W110/><G104/><T112/><D124/><U47/><E71/><V72/><F32/><W52/><G73/><T105/><D105/><U130/><E109/><V107/><F67/><W26/><G26/><T19/><D64/><U30/><E130/><V53/><F3/><W70/><G70/><T120/><D112/><U58/><E97/><V84/><F53/><N who="3" m="20555" /><G39/><T57/><D120/><U40/><E36/><V101/><F46/><W33/><G33/><T43/><D57/><U62/><E5/><V79/><F131/><W113/><G44/><N who="0" m="25743" /><D43/><U83/><E2/><V10/><F10/><N who="3" m="6519" /><G113/><T25/><D95/><U93/><E93/><N who="2" m="58575" /><F133/><AGARI ba="1,0" hai="81,82,108,110,111,133,134,135" m="6519,20555" machi="133" ten="40,18000,2" yaku="14,1,10,1,20,1,52,2,54,1" doraHai="77" who="3" fromWho="2" sc="408,0,67,0,58,-183,467,183" owari="408,21.0,67,-33.0,-125,-63.0,650,75.0" /></mjloggm>