<mjloggm ver="2.3"><GO type="169" lobby="0"/><UN n0="%E3%81%84%E3%81%84%E3%81%9E" n1="%E5%A4%A9%E7%A5%9E%E9%B3%B3%E4%BD%8D" n2="%4A%57%49%4C%4C" n3="%6B%69%79%6F%70%69%6E" dan="16,16,16,16" rate="2118.93,2143.08,2110.66,2122.67" sx="M,M,M,M"/><TAIKYOKU oya="0"/><INIT seed="0,0,0,5,2,94" ten="250,250,250,250" oya="0" hai0="39,103,52,20,82,60,109,26,30,12,121,37,129" hai1="31,27,14,126,38,96,59,108,16,5,66,107,70" hai2="23,124,102,71,105,43,120,15,93,9,133,84,75" hai3="19,32,51,98,8,46,7,135,47,95,128,50,65"/><T131/><D121/><U77/><E108/><V81/><F120/><W112/><G112/><T111/><D82/><U86/><E38/><N who="0" m="14345" /><D12/><U127/><E5/><V42/><F71/><W74/><G74/><T113/><D113/><U79/><E59/><V28/><F133/><W69/><G128/><N who="0" m="49227" /><D103/><N who="1" m="62951" /><E86/><V53/><F124/><N who="1" m="47657" /><E66/><V91/><F53/><W25/><G135/><T100/><D100/><U56/><E56/><AGARI ba="0,0" hai="20,26,30,52,56,60,109,111" m="49227,14345" machi="56" ten="40,3900,0" yaku="19,1,54,1" doraHai="94" who="0" fromWho="1" sc="250,39,250,-39,250,0,250,0" /><INIT seed="0,1,0,2,5,2" ten="289,211,250,250" oya="0" hai0="86,126,95,33,89,110,82,74,52,102,134,7,6" hai1="43,34,23,116,36,65,97,81,42,18,54,98,129" hai2="96,87,85,32,14,25,124,111,123,93,60,21,78" hai3="90,104,100,28,13,62,125,19,92,66,17,44,58"/><T5/><D134/><U51/><E116/><V109/><F123/><W3/><G125/><T50/><D126/><U59/><E129/><V122/><F122/><W12/><G3/><T69/><D69/><U63/><E34/><V9/><F124/><W113/><G113/><T68/><D68/><U55/><E81/><V45/><F32/><W76/><G76/><T22/><D33/><U132/><E132/><V39/><F60/><W53/><G28/><T1/><D110/><N who="2" m="41994" /><F78/><W101/><G104/><T117/><D117/><U31/><E31/><N who="2" m="17839" /><F45/><W80/><G80/><T70/><D70/><U135/><E135/><V83/><F39/><W26/><G44/><N who="0" m="27719" /><D74/><U133/><E133/><V38/><F38/><W79/><G79/><T15/><D1/><U91/><E36/><V10/><F10/><W20/><G66/><T56/><D56/><N who="1" m="32863" /><E65/><V46/><F46/><W94/><G94/><T71/><D71/><U41/><E91/><N who="2" m="55359" /><F83/><W115/><G115/><T16/><D82/><U61/><E63/><V29/><F29/><W77/><G77/><T27/><D102/><N who="3" m="39529" /><G19/><AGARI ba="1,0" hai="9,14,19,85,87" m="55359,17839,41994" machi="19" ten="30,1000,0" yaku="14,1" doraHai="2" who="2" fromWho="3" sc="289,0,211,0,250,13,250,-13" /><INIT seed="1,0,0,1,2,6" ten="289,211,263,237" oya="1" hai0="89,1,116,33,87,26,10,114,57,34,13,126,47" hai1="100,66,23,35,131,59,52,86,128,15,105,30,120" hai2="121,92,124,7,118,56,31,106,73,51,25,14,50" hai3="20,133,110,16,85,19,40,64,22,81,109,119,96"/><U24/><E120/><V95/><F121/><W63/><G40/><T98/><D116/><U77/><E66/><V108/><F106/><W2/><G96/><T125/><D114/><U60/><E105/><V42/><F118/><W101/><G101/><T115/><D115/><U0/><E100/><V99/><F73/><W93/><G93/><T79/><D98/><U113/><E113/><V102/><F108/><N who="3" m="41579" /><G2/><T107/><D107/><U38/><E38/><V123/><F123/><W55/><G55/><T88/><D1/><U68/><E68/><V18/><F7/><W67/><G133/><T134/><D134/><U80/><E0/><V32/><F124/><W61/><G22/><T103/><D103/><U83/><E83/><V37/><F95/><W65/><G19/><T4/><D47/><U91/><E77/><V43/><F37/><W3/><G3/><T44/><D44/><U130/><E15/><V90/><F102/><W78/><G119/><T5/><D5/><U70/><E70/><V12/><F12/><AGARI ba="0,0" hai="12,16,20,61,63,64,65,67,78,81,85" m="41579" machi="12" ten="30,2000,0" yaku="14,1,54,1" doraHai="6" who="3" fromWho="2" sc="289,0,211,0,263,-20,237,20" /><INIT seed="2,0,0,4,4,39" ten="289,211,243,257" oya="2" hai0="76,30,45,77,1,82,79,69,25,16,131,46,49" hai1="47,121,17,111,26,4,87,68,32,105,12,112,101" hai2="67,31,98,40,81,44,62,106,64,97,85,3,126" hai3="96,95,13,74,125,34,107,129,113,114,109,88,72"/><V52/><F3/><W56/><G34/><T66/><D131/><U63/><E112/><N who="3" m="43114" /><G129/><T73/><D1/><U117/><E117/><V71/><F31/><W78/><G56/><T29/><D46/><U127/><E4/><V33/><F33/><W115/><G115/><T94/><D94/><U6/><E6/><V37/><F126/><W118/><G13/><T57/><D69/><U103/><E127/><V104/><F67/><W58/><G58/><T61/><D30/><U24/><E32/><V54/><F98/><N who="3" m="57703" /><G125/><T86/><D73/><N who="3" m="28265" /><G109/><T2/><D2/><U84/><E12/><V122/><F122/><W124/><G124/><T48/><D48/><U43/><E121/><V130/><F130/><W65/><G65/><T134/><D29/><U59/><E59/><V9/><F9/><W36/><G36/><T102/><D25/><U35/><E24/><V120/><F120/><W116/><G78/><T119/><D16/><U80/><E17/><V20/><F20/><W7/><G7/><T53/><D119/><U83/><E26/><V92/><F104/><W41/><G41/><T135/><D79/><U51/><E43/><V10/><F106/><W93/><G107/><T50/><D77/><U8/><E105/><V100/><F10/><W14/><G14/><T132/><D50/><U133/><E51/><V60/><F60/><W89/><AGARI ba="0,0" hai="89,93,96,116,118" m="28265,57703,43114" machi="89" ten="30,7900,0" yaku="11,1,34,2,54,1" doraHai="39" who="3" fromWho="3" sc="289,-20,211,-20,243,-39,257,79" /><INIT seed="3,0,0,0,2,116" ten="269,191,204,336" oya="3" hai0="129,12,83,3,56,63,68,18,5,132,95,94,50" hai1="39,64,61,122,20,6,42,51,106,52,13,4,87" hai2="16,74,66,75,62,76,48,43,24,131,110,14,59" hai3="134,92,47,130,88,113,81,71,124,103,128,102,27"/><W30/><G113/><T79/><D132/><U2/><E106/><V8/><F110/><W57/><G71/><T98/><D129/><N who="3" m="49769" /><G134/><T46/><D68/><U38/><E2/><V55/><F131/><W90/><G47/><T35/><D35/><U80/><E122/><V127/><F127/><W40/><G40/><T125/><D125/><U21/><E39/><V0/><F43/><W73/><G57/><T135/><D3/><U120/><E120/><V9/><F76/><N who="3" m="44175" /><G90/><T69/><D5/><U26/><E42/><V10/><F24/><W1/><G1/><T7/><D7/><U123/><E38/><V41/><F41/><W85/><G124/><T25/><D69/><U111/><E123/><V37/><F37/><W15/><G15/><T101/><D25/><U84/><E13/><V45/><REACH who="2" step="1"/><F9/><REACH who="2" ten="269,191,194,336" step="2"/><W121/><G121/><T53/><D135/><U93/><E26/><V117/><F117/><W67/><G67/><T89/><D79/><U96/><E64/><V70/><F70/><W34/><AGARI ba="0,1" hai="27,30,34,85,88,92,102,103" m="44175,49769" machi="34" ten="30,3000,0" yaku="19,1,54,1" doraHai="116" who="3" fromWho="3" sc="269,-10,191,-10,194,-10,336,40" /><INIT seed="3,1,0,0,0,106" ten="259,181,184,376" oya="3" hai0="51,120,114,48,34,95,119,118,2,37,103,4,127" hai1="85,134,29,44,19,11,42,30,81,96,27,94,104" hai2="91,25,7,74,13,26,14,20,60,17,66,90,77" hai3="70,71,87,128,112,40,89,62,86,107,53,47,67"/><W22/><G107/><T58/><D37/><U33/><E134/><V68/><F14/><W115/><G128/><T132/><D120/><U5/><E104/><V73/><F77/><W108/><G71/><T3/><D95/><U46/><E30/><V21/><F90/><W82/><G108/><T65/><D58/><U88/><E19/><V84/><F7/><W63/><G63/><T59/><D59/><U50/><E44/><V32/><F32/><W61/><G61/><T52/><D4/><U93/><REACH who="1" step="1"/><E96/><REACH who="1" ten="259,171,184,376" step="2"/><V10/><F10/><W122/><G122/><T79/><D132/><U0/><AGARI ba="1,1" hai="0,5,11,27,29,33,42,46,50,81,85,88,93,94" machi="0" ten="20,8000,1" yaku="1,1,2,1,0,1,7,1,54,1,53,0" doraHai="106" doraHaiUra="99" who="1" fromWho="1" sc="259,-21,171,93,184,-21,376,-41" /><INIT seed="4,0,0,4,3,73" ten="238,264,163,335" oya="0" hai0="80,38,81,127,64,2,41,107,74,55,69,131,19" hai1="68,72,56,124,3,78,21,53,39,5,28,62,93" hai2="40,4,15,83,89,25,87,130,24,75,32,90,98" hai3="134,16,18,46,95,35,49,12,58,103,91,31,34"/><T82/><D131/><U60/><E124/><V42/><F75/><W133/><G103/><T71/><D127/><U50/><E39/><V114/><F130/><W132/><G58/><T70/><D107/><U102/><E68/><V100/><F114/><W117/><G117/><T43/><D64/><U85/><E72/><V23/><F90/><W135/><G31/><T109/><D74/><U122/><E122/><V29/><F25/><W44/><G135/><T61/><D38/><U30/><E5/><V8/><REACH who="2" step="1"/><F32/><REACH who="2" ten="238,264,153,335" step="2"/><W51/><G35/><T10/><D109/><U105/><E30/><V123/><F123/><W22/><G34/><T115/><D115/><U99/><E28/><V1/><F1/><W79/><G18/><T36/><D2/><U126/><E3/><V26/><F26/><W112/><G112/><T120/><D120/><U76/><E126/><V92/><AGARI ba="0,1" hai="4,8,15,23,24,29,40,42,83,87,89,92,98,100" machi="92" ten="20,8000,1" yaku="1,1,0,1,7,1,8,1,53,1" doraHai="73" doraHaiUra="84" who="2" fromWho="2" sc="238,-40,264,-20,153,90,335,-20" /><INIT seed="5,0,0,3,2,132" ten="198,244,243,315" oya="1" hai0="0,116,98,83,106,111,25,53,45,82,46,8,89" hai1="72,74,104,90,135,36,126,109,103,4,118,23,107" hai2="80,11,50,125,14,7,101,51,67,69,32,47,78" hai3="49,52,9,134,60,31,76,62,15,100,17,26,99"/><U54/><E36/><V77/><F32/><W119/><G76/><T10/><D111/><U56/><E118/><V86/><F101/><W115/><G115/><T96/><D116/><U39/><E39/><V20/><F78/><W2/><G2/><T3/><D25/><U63/><E135/><V81/><F81/><N who="0" m="30730" /><D53/><U68/><E68/><V92/><F92/><W87/><G87/><T59/><D59/><U1/><E90/><V41/><F51/><W37/><G37/><T94/><D94/><U91/><E91/><V43/><F43/><W110/><G110/><T40/><D40/><U131/><E109/><V22/><REACH who="2" step="1"/><F125/><REACH who="2" ten="198,244,233,315" step="2"/><W84/><G134/><T35/><D89/><U12/><E126/><V122/><F122/><W30/><G49/><T85/><D85/><U58/><E72/><V127/><F127/><W33/><G84/><T44/><D35/><U5/><E74/><V61/><AGARI ba="0,1" hai="7,11,14,20,22,41,47,50,61,67,69,77,80,86" machi="61" ten="30,7900,0" yaku="1,1,0,1,25,2,53,0" doraHai="132" doraHaiUra="124" who="2" fromWho="2" sc="198,-20,244,-39,233,89,315,-20" /><INIT seed="6,0,0,4,4,48" ten="178,205,322,295" oya="2" hai0="33,65,108,84,72,50,61,111,21,35,82,100,25" hai1="96,46,89,37,76,110,101,9,18,8,78,10,99" hai2="55,74,132,122,57,129,29,47,116,124,4,36,112" hai3="83,123,77,134,32,126,103,22,0,45,120,130,94"/><V63/><F74/><N who="3" m="43447" /><G22/><T88/><D72/><U98/><E110/><V30/><F122/><W58/><G58/><T97/><D108/><U5/><E89/><V102/><F116/><W19/><G19/><T54/><D111/><U104/><E5/><V128/><F102/><W117/><G32/><T14/><D14/><U135/><E135/><V49/><F4/><W127/><G0/><T44/><D97/><U24/><E104/><V34/><F34/><W12/><G12/><T27/><D100/><U85/><E85/><V52/><F132/><W64/><G64/><T107/><D107/><U80/><E80/><V81/><F112/><W39/><G39/><T131/><D27/><U11/><E101/><V28/><F124/><N who="3" m="47659" /><G45/><T114/><D114/><U17/><N who="1" m="2048" /><DORA hai="93" /><U20/><REACH who="1" step="1"/><E17/><REACH who="1" ten="178,195,322,295" step="2"/><V59/><REACH who="2" step="1"/><F81/><REACH who="2" ten="178,195,312,295" step="2"/><W69/><G134/><T79/><D131/><U115/><E115/><V15/><F15/><W31/><G103/><T106/><D106/><U1/><E1/><V53/><F53/><W133/><G130/><T92/><D82/><U68/><E68/><V91/><F91/><W42/><G69/><T70/><REACH who="0" step="1"/><D79/><REACH who="0" ten="168,195,312,295" step="2"/><U87/><E87/><V41/><AGARI ba="0,3" hai="28,29,30,36,41,47,49,52,55,57,59,63,128,129" machi="41" ten="30,18000,2" yaku="1,1,0,1,52,2,54,1,53,1" doraHai="48,93" doraHaiUra="71,109" who="2" fromWho="2" sc="168,-60,195,-60,312,210,295,-60" /><INIT seed="6,1,0,5,0,60" ten="108,135,522,235" oya="2" hai0="10,95,19,57,124,126,115,135,4,91,133,36,82" hai1="32,2,58,56,25,80,88,127,62,104,63,37,130" hai2="50,3,47,131,23,77,94,79,11,39,96,84,15" hai3="93,59,55,102,99,26,12,42,29,89,45,110,92"/><V7/><F39/><W20/><G110/><T43/><D36/><U13/><E2/><V52/><F131/><W106/><G12/><T107/><D43/><U5/><E104/><V113/><F113/><W117/><G117/><T76/><D57/><U75/><E37/><V122/><F122/><W54/><G106/><T108/><D19/><U38/><E75/><V68/><F68/><W74/><G74/><N who="0" m="43287" /><D107/><U14/><E38/><V9/><F23/><W101/><G59/><T61/><D61/><U132/><E32/><V69/><F69/><W34/><G34/><T72/><D4/><U78/><E78/><V21/><F21/><W118/><G118/><T49/><D49/><U100/><E100/><V40/><F40/><W30/><G30/><T64/><D64/><N who="1" m="38983" /><E25/><V125/><F125/><N who="0" m="48234" /><D10/><U97/><E5/><V86/><F79/><W18/><G29/><T44/><D44/><U1/><E1/><V73/><F73/><W121/><G121/><T98/><D72/><U27/><E27/><V41/><F41/><W53/><G42/><T6/><D6/><U83/><E127/><V81/><F11/><W33/><G33/><T0/><D0/><U16/><E13/><V28/><F28/><W90/><G45/><T120/><D120/><U123/><E123/><V112/><F112/><W31/><G31/><T134/><D108/><U24/><E24/><V46/><F3/><W51/><G51/><T67/><D67/><N who="1" m="39415" /><E130/><V22/><F7/><W70/><G70/><T71/><D71/><U65/><E65/><V48/><F15/><W109/><G109/><T105/><D115/><RYUUKYOKU ba="1,0" sc="108,15,135,-15,522,-15,235,15" hai0="91,95,98,105,133,134,135" hai3="18,20,26,53,54,55,89,90,92,93,99,101,102" /><INIT seed="7,2,0,4,0,47" ten="123,120,507,250" oya="3" hai0="29,45,86,4,63,87,125,113,18,42,24,15,112" hai1="39,16,104,2,130,73,32,55,46,0,110,117,11" hai2="41,20,27,99,77,116,91,134,14,68,85,57,98" hai3="80,109,135,84,127,96,58,123,33,54,34,69,111"/><W62/><G123/><T1/><D125/><U26/><E110/><N who="3" m="41994" /><G135/><T22/><D63/><U82/><E104/><V25/><F68/><W105/><G69/><T10/><D86/><U5/><E0/><V40/><F116/><W78/><G127/><T128/><D87/><U48/><E130/><V94/><F134/><W3/><G3/><T59/><D59/><U65/><E65/><V93/><F14/><W67/><G67/><T36/><D128/><U122/><E122/><V132/><F132/><W8/><G8/><T31/><D31/><U72/><E117/><V95/><F57/><W64/><G64/><T49/><REACH who="0" step="1"/><D36/><REACH who="0" ten="113,120,507,250" step="2"/><U9/><E39/><V38/><F38/><W114/><G58/><T97/><D97/><N who="2" m="36874" /><F77/><W6/><G62/><T129/><D129/><U79/><E72/><V90/><F27/><W52/><G96/><T74/><D74/><U28/><E11/><AGARI ba="2,1" hai="1,4,10,11,15,18,22,24,29,42,45,49,112,113" machi="11" ten="40,5200,0" yaku="1,1,52,1,53,1" doraHai="47" doraHaiUra="23" who="0" fromWho="1" sc="113,68,120,-58,507,0,250,0" owari="181,-22.0,62,-44.0,507,61.0,250,5.0" /></mjloggm>