<mjloggm ver="2.3"><GO type="185" lobby="0"/><UN n0="%E4%BD%90%E8%97%A4%E7%BE%8E%E5%92%8C%E5%AD%90" n1="%E4%B8%8D%E5%B9%B8%E7%94%9F%E5%91%BD%E4%BD%93" n2="%E3%82%A2%E3%83%AA%E3%82%A2%E3%83%AA%E5%90%9B" n3="" dan="16,17,16,0" rate="2134.87,2173.61,2229.00,1500.00" sx="M,M,M,C"/><TAIKYOKU oya="0"/><INIT seed="0,0,0,1,1,134" ten="350,350,350,0" oya="0" hai0="57,50,91,82,113,88,127,112,42,118,62,65,68" hai1="109,77,32,93,3,51,47,108,124,104,90,114,105" hai2="133,35,128,33,115,71,60,59,121,48,85,53,56" hai3=""/><T81/><D118/><U46/><E93/><V44/><N who="2" m="31008" /><V66/><F115/><T58/><D68/><U117/><E51/><V94/><F133/><T103/><D103/><U98/><E77/><V36/><F128/><T2/><D2/><U73/><E98/><V76/><F59/><T120/><N who="0" m="30752" /><T130/><D130/><U116/><E90/><V74/><F74/><T83/><D127/><U63/><E63/><V135/><F135/><T110/><D110/><U87/><E87/><V37/><F37/><T55/><REACH who="0" step="1"/><D42/><REACH who="0" ten="340,350,350,0" step="2"/><U61/><E3/><V84/><F33/><T100/><D100/><U79/><E124/><V1/><F1/><T95/><D95/><U45/><E32/><V38/><F35/><T101/><D101/><U107/><E114/><AGARI ba="0,1" hai="50,55,57,58,62,65,81,82,83,88,91,112,113,114" m="30752" machi="114" ten="40,12000,1" yaku="1,1,52,1,54,1,53,2" doraHai="134" doraHaiUra="52" who="0" fromWho="1" sc="340,130,350,-120,350,0,0,0" /><INIT seed="0,1,0,4,1,44" ten="470,230,350,0" oya="0" hai0="77,60,56,59,79,126,55,54,41,99,3,89,51" hai1="132,88,101,46,128,85,111,57,62,64,2,113,100" hai2="97,105,70,84,82,118,129,80,39,69,108,109,133" hai3=""/><T40/><D3/><U116/><E2/><V49/><F118/><T121/><N who="0" m="31008" /><T96/><D126/><U115/><E132/><V37/><F133/><T110/><D110/><N who="2" m="42602" /><F82/><T68/><D68/><U81/><E128/><V120/><N who="2" m="30752" /><V53/><F97/><N who="0" m="37450" /><D89/><U90/><E116/><V125/><F105/><T52/><D55/><U50/><E90/><V76/><F129/><T91/><D91/><U127/><E127/><V71/><F125/><T131/><D131/><U66/><E66/><V135/><F135/><T0/><D0/><U123/><N who="1" m="31520" /><U92/><E81/><V74/><F74/><T94/><D94/><U75/><E75/><V103/><F103/><T1/><D1/><U65/><E65/><V95/><F95/><T45/><D45/><AGARI ba="1,0" hai="37,39,45,49,53,69,70,71,76,80,84" m="30752,42602" machi="45" ten="40,5200,0" yaku="14,1,52,2" doraHai="44" who="2" fromWho="0" sc="470,-54,230,0,350,54,0,0" /><INIT seed="1,0,0,0,2,96" ten="416,230,404,0" oya="1" hai0="95,38,84,48,53,108,110,34,47,3,74,73,93" hai1="57,107,119,116,85,55,122,58,128,0,37,113,56" hai2="46,36,54,92,125,86,123,129,77,131,79,134,103" hai3=""/><U81/><N who="1" m="31264" /><U78/><E0/><V42/><N who="2" m="31520" /><V69/><F69/><T82/><D3/><U68/><E68/><V94/><F134/><T35/><D38/><U39/><E113/><V89/><F125/><T112/><D112/><U127/><E127/><V41/><F41/><T87/><D82/><U67/><E128/><N who="2" m="49227" /><F54/><T61/><D61/><U1/><E1/><V49/><F36/><T109/><D53/><U66/><E107/><V132/><F132/><T133/><D133/><U130/><E130/><V71/><F71/><T72/><D47/><U88/><E55/><V106/><F106/><T64/><D64/><U33/><E33/><N who="0" m="12297" /><D48/><U124/><E124/><V63/><F63/><T101/><D110/><U70/><E70/><V97/><AGARI ba="0,0" hai="42,46,49,77,79,86,89,92,94,97,103" m="49227,31520" machi="97" ten="30,3000,0" yaku="19,1,52,2" doraHai="96" who="2" fromWho="2" sc="416,-10,230,-20,404,30,0,0" /><INIT seed="2,0,0,4,1,131" ten="406,210,434,0" oya="2" hai0="135,86,33,39,59,94,118,67,57,125,109,77,102" hai1="76,3,129,36,105,41,55,69,0,114,56,75,74" hai2="108,45,85,48,90,81,103,130,127,111,71,104,37" hai3=""/><V78/><F130/><T46/><D118/><U32/><E55/><V50/><F71/><T101/><D33/><U2/><E56/><V119/><F119/><T93/><D135/><U1/><E41/><V122/><N who="2" m="31264" /><V34/><F34/><T132/><D132/><U95/><E95/><V123/><N who="2" m="31520" /><V62/><F127/><T91/><D125/><U84/><E76/><V96/><F62/><T133/><D133/><U73/><E84/><V49/><F37/><T52/><D109/><N who="2" m="42058" /><F78/><T99/><D77/><U54/><E54/><AGARI ba="0,0" hai="45,48,49,50,54,81,85,90,96,103,104" m="42058,31520,31264" machi="54" ten="30,11600,0" yaku="14,1,10,1,52,2" doraHai="131" who="2" fromWho="1" sc="406,0,210,-116,434,116,0,0" /><INIT seed="2,1,0,2,2,50" ten="406,94,550,0" oya="2" hai0="106,39,68,49,126,52,127,33,43,35,122,55,124" hai1="0,57,130,47,97,70,67,53,60,95,2,92,112" hai2="123,118,56,42,114,90,40,63,117,115,71,74,93" hai3=""/><V32/><N who="2" m="31520" /><V104/><F32/><N who="0" m="12362" /><D106/><U51/><E130/><V48/><F104/><T116/><N who="0" m="31264" /><T91/><D116/><U81/><E112/><V3/><F3/><T128/><D128/><U34/><E34/><V69/><F74/><T131/><D131/><U87/><E95/><V73/><F73/><T54/><D68/><U44/><E44/><V84/><F117/><T76/><D76/><U83/><E83/><V105/><F105/><T99/><D39/><U41/><E87/><V79/><F79/><T94/><D43/><U72/><E81/><V121/><N who="2" m="31008" /><V64/><F118/><T107/><D107/><U1/><E72/><V45/><F42/><T77/><D77/><U132/><E132/><V89/><F115/><T61/><D61/><U110/><E110/><V59/><F114/><T102/><D102/><U120/><N who="1" m="30752" /><U101/><REACH who="1" step="1"/><E0/><REACH who="1" ten="406,84,550,0" step="2"/><V66/><F90/><T134/><D134/><U111/><E111/><V98/><F84/><T46/><AGARI ba="1,1" hai="46,49,52,54,55,91,94,99,124,126,127" m="31264,12362" machi="46" ten="40,9000,2" yaku="18,1,52,4,54,1" doraHai="50" who="0" fromWho="0" sc="406,102,84,-31,550,-61,0,0" /><INIT seed="4,0,0,4,2,1" ten="508,53,489,0" oya="0" hai0="70,72,67,34,121,40,113,93,126,125,128,96,60" hai1="54,49,99,82,64,120,86,85,55,101,95,50,135" hai2="124,37,123,80,71,33,130,105,68,61,46,98,76" hai3=""/><T103/><N who="0" m="31008" /><T131/><D113/><U92/><N who="1" m="30752" /><U115/><E135/><V90/><N who="2" m="31520" /><V83/><F130/><N who="0" m="49706" /><D72/><U114/><E64/><V111/><F111/><T74/><D74/><U104/><E104/><V58/><F124/><N who="0" m="47722" /><D40/><U53/><E95/><V48/><F37/><T36/><D36/><U2/><E2/><V127/><F127/><T66/><D66/><U133/><E133/><V122/><N who="2" m="31264" /><V63/><F63/><T3/><D3/><U44/><E86/><V81/><F76/><T57/><D70/><U45/><REACH who="1" step="1"/><E54/><REACH who="1" ten="508,43,489,0" step="2"/><V65/><F105/><T38/><D38/><U79/><AGARI ba="0,1" hai="44,45,49,50,53,55,79,82,85,92,99,101,114,115" m="30752" machi="79" ten="30,6000,1" yaku="1,1,2,1,0,1,9,1,52,1,53,0" doraHai="1" doraHaiUra="52" who="1" fromWho="1" sc="508,-40,43,70,489,-20,0,0" /><INIT seed="5,0,0,5,4,84" ten="468,113,469,0" oya="1" hai0="1,67,106,96,59,55,91,102,61,117,82,2,135" hai1="112,43,3,123,113,32,88,65,81,99,38,34,51" hai2="76,47,60,98,101,62,37,111,115,50,89,85,90" hai3=""/><U69/><N who="1" m="31520" /><U72/><E3/><V119/><F119/><T118/><D135/><U122/><N who="1" m="31264" /><U44/><E38/><V68/><F37/><T129/><D129/><U77/><E69/><V97/><F111/><T42/><D42/><U63/><E65/><V79/><F115/><N who="1" m="44105" /><E63/><V110/><F110/><T48/><D1/><U45/><E45/><V87/><F68/><T104/><D2/><U75/><E75/><V95/><F79/><T46/><D117/><U126/><E126/><V130/><F76/><T107/><D118/><U54/><E54/><V33/><F33/><T105/><D67/><U100/><E100/><V109/><F109/><T66/><D102/><U73/><E73/><V93/><F130/><T128/><D128/><U80/><E80/><V57/><F101/><T108/><D108/><U133/><E133/><V103/><F103/><T74/><D74/><U56/><E56/><V121/><N who="2" m="31008" /><V40/><F62/><T39/><D39/><U49/><E49/><V134/><F134/><T0/><D0/><U94/><AGARI ba="0,0" hai="32,34,43,44,51,72,77,81,88,94,99" m="44105,31264,31520" machi="94" ten="30,8000,1" yaku="15,1,52,3,54,1" doraHai="84" who="1" fromWho="1" sc="468,-40,113,80,469,-40,0,0" /><INIT seed="5,1,0,3,2,116" ten="428,193,429,0" oya="1" hai0="85,86,75,130,66,87,41,65,35,78,72,73,3" hai1="57,43,99,47,92,100,69,70,68,42,112,115,122" hai2="104,88,91,0,124,51,52,67,61,97,111,105,106" hai3=""/><U96/><N who="1" m="31264" /><U121/><N who="1" m="31008" /><U49/><E43/><V95/><F111/><T126/><D35/><U64/><E99/><V114/><F0/><T38/><D3/><U32/><E32/><V60/><F124/><T131/><D126/><U79/><E79/><V108/><F114/><N who="1" m="43561" /><E57/><V90/><F108/><T48/><D38/><U46/><E47/><V84/><F67/><AGARI ba="1,0" hai="42,46,49,64,67,68,69,70,92,96,100" m="43561,31008,31264" machi="67" ten="40,12000,1" yaku="15,1,52,4" doraHai="116" who="1" fromWho="2" sc="428,0,193,122,429,-122,0,0" /><INIT seed="5,2,0,4,5,108" ten="428,315,307,0" oya="1" hai0="62,134,39,126,120,104,65,72,100,48,77,93,74" hai1="96,112,103,53,117,129,56,98,81,116,70,85,105" hai2="111,95,88,73,91,76,0,80,59,132,135,66,41" hai3=""/><U89/><E70/><V1/><F111/><T121/><N who="0" m="30752" /><T130/><N who="0" m="31008" /><T102/><D39/><U2/><E2/><V122/><N who="2" m="31264" /><V33/><F33/><T75/><D130/><U49/><E129/><V35/><F35/><T64/><D134/><N who="2" m="51242" /><F41/><T52/><D104/><U71/><E71/><V60/><F91/><T3/><D3/><U61/><E112/><V110/><F110/><T42/><D42/><U115/><E115/><V36/><F36/><T94/><D77/><U50/><REACH who="1" step="1"/><E98/><AGARI ba="2,0" hai="0,1,59,60,66,73,76,80,88,95,98" m="51242,31264" machi="98" ten="30,3900,0" yaku="20,1,52,1,54,1" doraHai="108" who="2" fromWho="1" sc="428,0,315,-43,307,43,0,0" /><INIT seed="6,0,0,5,3,39" ten="428,272,350,0" oya="2" hai0="58,90,96,75,117,95,65,74,72,78,125,67,131" hai1="52,47,124,126,2,120,41,76,81,63,44,36,56" hai2="97,34,42,3,101,80,109,132,32,33,94,103,53" hai3=""/><V104/><F3/><T87/><D117/><U38/><N who="1" m="30752" /><U128/><E2/><V43/><F109/><T57/><D131/><U102/><E102/><V111/><F111/><T121/><N who="0" m="31008" /><T127/><D78/><U46/><E128/><V133/><F80/><T77/><D77/><U59/><E81/><V106/><F53/><T123/><N who="0" m="31520" /><T129/><D129/><U108/><E76/><V45/><F43/><T62/><D96/><U85/><E85/><V116/><F116/><T0/><D0/><U110/><E110/><V135/><REACH who="2" step="1"/><F103/><REACH who="2" ten="428,272,340,0" step="2"/><T100/><D100/><U66/><E108/><V122/><N who="2" m="31264" /><V1/><F1/><T68/><REACH who="0" step="1"/><D67/><REACH who="0" ten="418,272,340,0" step="2"/><U92/><E92/><V79/><F79/><T105/><D105/><U113/><E113/><V99/><F99/><T134/><D134/><U55/><E66/><V61/><F61/><T51/><D51/><AGARI ba="0,2" hai="32,33,34,42,45,51,94,97,101,104,106,132,133,135" m="31264" machi="51" ten="50,12000,1" yaku="1,1,20,1,52,2,53,0" doraHai="39" doraHaiUra="73" who="2" fromWho="0" sc="418,-120,272,0,340,140,0,0" owari="298,-10.0,272,-33.0,480,43.0,0,0.0" /></mjloggm>