<mjloggm ver="2.3"><GO type="185" lobby="0"/><UN n0="%68%69%72%6F%6E%6E%32%30" n1="%E3%81%B7%E3%82%8A%E3%81%B7%E3%82%8A%EF%BC%92%EF%BC%90%EF%BC%90%EF%BC%91" n2="%E3%81%9F%E3%82%93%E3%82%86%E3%81%86" n3="" dan="16,16,16,0" rate="2194.28,2155.44,2242.00,1500.00" sx="M,M,F,C"/><TAIKYOKU oya="0"/><INIT seed="0,0,0,1,1,96" ten="350,350,350,0" oya="0" hai0="76,134,50,97,89,132,101,84,42,88,51,128,43" hai1="93,119,77,118,65,69,133,125,113,80,99,92,109" hai2="0,44,78,129,81,61,82,52,114,83,36,57,120" hai3=""/><T100/><D128/><U135/><E69/><V74/><N who="2" m="30752" /><V38/><F0/><T32/><D76/><U35/><E65/><V91/><F114/><T48/><D97/><U2/><E35/><V45/><F129/><T87/><REACH who="0" step="1"/><D50/><REACH who="0" ten="340,350,350,0" step="2"/><U33/><E99/><V1/><F1/><T39/><D39/><U127/><E2/><V117/><F117/><T86/><D86/><U34/><E34/><AGARI ba="0,1" hai="32,34,42,43,48,51,84,87,88,89,100,101,132,134" machi="34" ten="25,18000,2" yaku="1,1,22,2,52,2,54,1,53,0" doraHai="96" doraHaiUra="116" who="0" fromWho="1" sc="340,190,350,-180,350,0,0,0" /><INIT seed="0,1,0,2,4,99" ten="530,170,350,0" oya="0" hai0="52,107,97,133,35,106,62,117,61,59,1,112,65" hai1="36,40,88,90,135,134,94,60,56,116,50,72,79" hai2="122,100,84,38,92,119,75,39,64,96,43,104,109" hai3=""/><T118/><D112/><U120/><N who="1" m="30752" /><U105/><E116/><V115/><N who="2" m="31264" /><V46/><F119/><T81/><D1/><U95/><E105/><V128/><F115/><T126/><D35/><U86/><E36/><V114/><F114/><T130/><D133/><U103/><E72/><V51/><F128/><T78/><D130/><U74/><E74/><V85/><F109/><T45/><D126/><U121/><N who="1" m="31008" /><U110/><E79/><V89/><F75/><T71/><D107/><U111/><E103/><V68/><REACH who="2" step="1"/><F85/><REACH who="2" ten="530,170,340,0" step="2"/><T108/><D108/><U87/><E111/><V54/><F54/><T101/><D118/><U82/><E110/><V98/><F98/><T73/><D117/><U41/><E41/><V63/><AGARI ba="1,1" hai="38,39,43,46,51,63,64,68,84,89,92,96,100,104" m="31264" machi="63" ten="30,6000,1" yaku="1,1,0,1,52,2,53,1" doraHai="99" doraHaiUra="47" who="2" fromWho="2" sc="530,-41,170,-21,340,72,0,0" /><INIT seed="1,0,0,4,0,70" ten="489,149,412,0" oya="1" hai0="53,44,127,55,49,94,47,58,52,33,88,121,68" hai1="108,1,86,134,129,57,95,37,117,87,36,100,133" hai2="71,122,41,75,73,96,119,34,125,115,97,120,99" hai3=""/><U84/><E1/><V45/><N who="2" m="30752" /><V61/><N who="2" m="31264" /><V69/><F34/><T102/><N who="0" m="31008" /><T59/><D68/><U104/><E117/><V32/><F32/><T66/><D127/><U72/><E72/><V89/><F119/><T105/><D105/><U123/><N who="1" m="31520" /><U62/><E104/><V35/><F35/><T65/><D102/><U76/><E76/><V43/><F125/><T81/><D81/><U103/><E129/><V38/><F115/><T110/><D110/><U92/><E108/><V112/><F112/><T74/><D74/><U128/><E128/><V126/><F126/><T48/><D33/><U91/><E91/><V82/><F43/><T113/><D113/><U101/><E57/><N who="0" m="21513" /><D55/><U64/><E64/><V2/><F2/><T67/><D67/><U98/><E62/><V130/><F130/><T78/><D78/><U85/><N who="1" m="22016" /><DORA hai="77" /><U107/><E107/><V54/><F89/><T0/><D0/><U42/><E42/><V116/><F116/><T3/><D3/><U50/><E98/><AGARI ba="0,0" hai="44,47,48,49,52,53,65,66,88,94,98" m="21513,31008" machi="98" ten="30,7700,0" yaku="8,1,52,1,54,2" doraHai="70,77" who="0" fromWho="1" sc="489,77,149,-77,412,0,0,0" /><INIT seed="2,0,0,1,0,78" ten="566,72,412,0" oya="2" hai0="76,44,88,77,3,127,84,34,87,70,111,66,2" hai1="89,116,57,36,128,59,96,75,91,113,55,68,112" hai2="83,104,63,109,40,94,42,49,121,108,86,101,99" hai3=""/><V53/><N who="2" m="31008" /><V56/><F104/><T72/><D127/><U98/><E68/><V123/><N who="2" m="31520" /><V133/><F133/><T85/><D111/><N who="2" m="42570" /><F63/><T110/><D34/><U41/><E41/><V58/><F58/><T130/><D110/><U114/><E36/><V73/><F73/><T0/><D72/><U93/><E75/><V95/><F95/><T67/><D70/><U43/><E43/><V90/><AGARI ba="0,0" hai="40,42,49,53,56,83,86,90,94,99,101" m="42570,31520,31008" machi="90" ten="30,8000,1" yaku="14,1,10,1,52,3" doraHai="78" who="2" fromWho="2" sc="566,-40,72,-40,412,80,0,0" /><INIT seed="2,1,0,0,4,66" ten="526,32,492,0" oya="2" hai0="102,79,95,38,90,126,111,0,37,88,94,98,62" hai1="64,96,61,41,100,74,121,60,85,59,127,107,131" hai2="35,1,40,52,43,99,110,70,101,135,54,34,47" hai3=""/><V80/><F1/><T112/><D0/><U113/><N who="1" m="31008" /><U105/><E74/><V97/><F135/><T36/><D111/><U129/><E113/><V83/><F47/><T56/><D112/><U33/><E33/><V42/><F101/><T46/><D79/><U120/><N who="1" m="30752" /><U124/><E107/><V125/><F110/><T77/><D77/><U89/><E60/><V57/><F57/><T134/><D134/><U53/><E53/><N who="2" m="20587" /><F70/><T82/><D126/><N who="1" m="48171" /><E41/><V104/><F104/><T49/><D102/><U93/><AGARI ba="1,0" hai="59,61,64,85,89,93,96,100,105,129,131" m="48171,30752,31008" machi="93" ten="30,3000,0" yaku="18,1,52,2" doraHai="66" who="1" fromWho="1" sc="526,-11,32,32,492,-21,0,0" /><INIT seed="4,0,0,4,0,119" ten="515,64,471,0" oya="0" hai0="114,39,32,115,113,36,97,72,108,88,54,125,63" hai1="106,51,95,89,3,112,103,134,105,131,61,84,76" hai2="124,128,56,65,101,69,68,85,53,48,73,135,122" hai3=""/><T49/><D32/><U35/><E51/><V46/><N who="2" m="31264" /><V94/><F73/><T71/><D72/><U109/><E61/><V1/><F1/><T58/><D108/><U82/><E3/><V129/><F124/><T45/><D125/><U130/><E35/><V37/><F135/><T111/><D71/><N who="2" m="27210" /><F85/><T80/><D111/><U133/><E109/><V83/><F94/><T70/><D70/><U107/><E112/><V96/><F96/><T90/><D97/><U92/><E103/><V110/><F83/><T64/><D80/><U102/><E102/><V34/><F101/><T117/><D117/><U52/><E52/><V132/><F34/><T120/><N who="0" m="30752" /><T126/><D126/><U43/><E43/><V66/><F110/><T60/><D60/><U121/><N who="1" m="31008" /><U98/><E92/><V50/><F37/><AGARI ba="0,0" hai="36,37,39,45,49,54,58,63,64,88,90,113,114,115" m="30752" machi="37" ten="50,12000,1" yaku="15,1,52,2,54,1" doraHai="119" who="0" fromWho="2" sc="515,120,64,0,471,-120,0,0" /><INIT seed="4,1,0,1,5,122" ten="635,64,351,0" oya="0" hai0="133,134,54,55,76,46,32,130,93,135,51,91,92" hai1="33,88,120,42,123,85,125,56,108,58,40,96,97" hai2="112,82,128,84,36,121,86,50,52,41,67,71,3" hai3=""/><T87/><D32/><U68/><N who="1" m="30752" /><U44/><N who="1" m="31520" /><U61/><E33/><V53/><N who="2" m="31008" /><V109/><F109/><T75/><D130/><U124/><E68/><V48/><F3/><T69/><D69/><U78/><E78/><V65/><F128/><T119/><D119/><U95/><E108/><V113/><F82/><T49/><D75/><U132/><E132/><V89/><F89/><T126/><D126/><N who="1" m="48747" /><E56/><V1/><F1/><T43/><D76/><U39/><E42/><V116/><F116/><T64/><D64/><AGARI ba="1,0" hai="39,40,44,58,61,64,85,88,95,96,97" m="48747,31520,30752" machi="64" ten="30,7700,0" yaku="18,1,52,2,54,1" doraHai="122" who="1" fromWho="0" sc="635,-79,64,79,351,0,0,0" /><INIT seed="5,0,0,3,1,128" ten="556,143,351,0" oya="1" hai0="131,3,53,125,67,124,41,91,89,79,35,63,52" hai1="61,113,57,85,84,94,88,98,49,86,100,110,119" hai2="58,46,69,96,120,82,39,37,45,121,76,114,93" hai3=""/><U66/><E119/><V116/><N who="2" m="30752" /><V50/><N who="2" m="31008" /><V77/><F116/><T38/><D35/><U60/><E113/><V34/><F69/><T55/><D3/><U59/><E49/><V111/><F34/><T33/><D79/><U42/><E42/><V87/><F111/><T75/><D75/><U1/><E110/><V70/><F70/><T106/><D106/><U115/><E115/><V68/><F68/><T104/><D104/><U64/><REACH who="1" step="1"/><E1/><REACH who="1" ten="556,133,351,0" step="2"/><V71/><F114/><T107/><D33/><U90/><AGARI ba="0,1" hai="57,59,60,61,64,66,84,85,86,88,90,94,98,100" machi="90" ten="30,12000,2" yaku="1,1,2,1,0,1,9,1,8,1,54,1,53,0" doraHai="128" doraHaiUra="36" who="1" fromWho="1" sc="556,-60,133,130,351,-60,0,0" /><INIT seed="5,1,0,3,5,39" ten="496,263,291,0" oya="1" hai0="112,111,48,44,73,47,119,98,55,61,135,128,94" hai1="85,113,86,87,33,91,100,115,50,99,63,45,110" hai2="52,107,43,131,104,80,89,53,62,122,102,3,121" hai3=""/><U38/><E38/><V108/><N who="2" m="31008" /><V103/><N who="2" m="31264" /><V95/><F3/><T97/><D111/><U132/><E33/><V36/><F108/><T35/><D73/><U117/><E117/><V130/><F80/><T105/><D128/><N who="2" m="49194" /><F103/><T118/><D135/><U93/><E110/><V49/><F62/><T65/><D35/><U72/><E72/><V67/><F67/><T120/><N who="0" m="30752" /><T92/><D105/><N who="2" m="40522" /><F102/><T71/><D119/><U134/><E63/><V68/><F68/><T42/><D118/><U76/><E76/><V60/><F60/><T96/><REACH who="0" step="1"/><D112/><REACH who="0" ten="486,263,291,0" step="2"/><U84/><E115/><V74/><F74/><T75/><D75/><U129/><E113/><V83/><F83/><T34/><D34/><U69/><E129/><V82/><F82/><T109/><D109/><U133/><E69/><V88/><F95/><T125/><D125/><U57/><E134/><V0/><F0/><T126/><D126/><U127/><E127/><V90/><F36/><AGARI ba="1,1" hai="36,42,44,47,48,55,61,65,71,92,94,96,97,98" m="30752" machi="36" ten="40,8000,1" yaku="1,1,52,2,53,2" doraHai="39" doraHaiUra="40" who="0" fromWho="2" sc="486,92,263,0,291,-82,0,0" /><INIT seed="6,0,0,0,2,118" ten="578,263,209,0" oya="2" hai0="37,38,132,50,113,101,68,73,62,130,75,100,79" hai1="109,71,135,70,80,103,63,36,88,83,39,61,123" hai2="128,111,77,3,122,97,76,91,84,96,1,129,124" hai3=""/><V112/><N who="2" m="31264" /><V69/><F69/><T43/><D79/><N who="2" m="30282" /><F3/><T67/><D75/><U95/><N who="1" m="31520" /><U126/><E126/><V49/><F1/><T108/><D73/><U60/><E135/><V92/><F49/><T44/><D132/><U125/><E125/><V105/><F124/><T40/><D101/><U89/><E103/><V48/><F48/><T87/><D100/><U46/><E46/><V55/><F55/><T121/><D87/><U72/><E72/><V82/><F111/><T42/><D108/><U47/><E47/><V102/><F112/><T59/><N who="0" m="31008" /><T114/><D114/><U99/><E109/><V117/><F117/><T35/><D35/><U115/><E115/><V90/><AGARI ba="0,0" hai="82,84,90,91,92,96,97,102,105,128,129" m="30282,31264" machi="90" ten="30,7800,0" yaku="34,2,52,2" doraHai="118" who="2" fromWho="2" sc="578,-39,263,-39,209,78,0,0" /><INIT seed="6,1,0,5,4,118" ten="539,224,287,0" oya="2" hai0="98,32,82,120,105,111,43,106,113,126,39,74,108" hai1="90,83,3,129,71,57,36,65,56,45,92,69,1" hai2="91,67,73,122,66,84,51,101,64,34,114,61,52" hai3=""/><V78/><N who="2" m="31264" /><V103/><F34/><T134/><D43/><U54/><E129/><V109/><F114/><T60/><D111/><U75/><E36/><V55/><F109/><T50/><D50/><U68/><E65/><V62/><F73/><T99/><D60/><N who="2" m="23146" /><F78/><T47/><D47/><U117/><E117/><V33/><F33/><T104/><D82/><U49/><E75/><V77/><F77/><T94/><D94/><U132/><E83/><V102/><F51/><T116/><D99/><U85/><REACH who="1" step="1"/><E132/><REACH who="1" ten="539,214,287,0" step="2"/><V121/><N who="2" m="31008" /><V93/><AGARI ba="1,1" hai="52,55,64,66,67,84,91,93,101,102,103" m="31008,23146,31264" machi="93" ten="40,12000,2" yaku="4,1,8,1,52,4,54,1" doraHai="118" who="2" fromWho="2" sc="539,-61,214,-61,287,132,0,0" /><INIT seed="6,2,0,1,1,99" ten="478,153,419,0" oya="2" hai0="1,122,46,105,110,42,128,50,78,43,52,84,54" hai1="134,121,47,111,131,34,36,88,76,101,67,86,129" hai2="132,40,85,66,71,120,116,80,55,77,92,83,57" hai3=""/><V124/><N who="2" m="30752" /><V75/><F116/><T68/><N who="0" m="31264" /><T60/><D110/><U112/><E67/><V53/><F124/><T115/><D1/><U119/><E47/><V103/><F132/><T133/><D133/><U45/><E45/><V109/><F109/><T126/><D126/><U44/><E44/><V87/><F40/><T0/><D105/><U72/><E101/><V89/><F71/><T81/><D0/><U39/><E88/><V3/><F3/><T62/><D68/><U79/><E86/><V59/><F75/><T74/><D74/><U127/><E79/><V104/><F104/><T97/><D128/><U114/><E76/><V48/><F66/><T94/><D115/><U106/><E131/><V73/><F73/><T118/><D118/><U61/><E61/><N who="0" m="23657" /><D42/><U107/><E107/><V125/><F125/><T65/><D65/><U82/><E82/><V41/><F41/><T123/><N who="0" m="31520" /><T2/><D2/><U33/><E114/><V37/><F37/><T32/><D32/><U117/><E117/><V135/><F135/><T51/><D51/><U49/><E49/><V69/><F69/><T98/><D98/><U63/><E34/><V38/><F38/><T64/><D64/><U113/><E113/><RYUUKYOKU ba="2,0" sc="478,20,153,-10,419,-10,0,0" hai0="43,46,50,52,54,78,81,84,94,97" owari="498,45.0,143,-46.0,409,1.0,0,0.0" /></mjloggm>