<mjloggm ver="2.3"><GO type="185" lobby="0"/><UN n0="%E5%A4%9A%E6%9E%97%E6%99%8B" n1="%6D%28%E3%81%AE%5F%E3%81%AE%29%6D%E2%99%AA" n2="%E7%B6%BE%E7%80%AC%E7%A9%82%E4%B9%83%E9%A6%99" n3="" dan="16,16,18,0" rate="2192.00,2147.00,2331.34,1500.00" sx="M,M,F,C"/><TAIKYOKU oya="0"/><INIT seed="0,0,0,0,0,1" ten="350,350,350,0" oya="0" hai0="99,67,53,111,64,128,50,80,77,44,100,2,85" hai1="78,60,83,46,62,123,52,92,82,86,54,61,32" hai2="121,119,84,112,76,120,105,114,65,96,115,56,97" hai3=""/><T101/><D2/><U94/><N who="1" m="31520" /><U125/><E125/><V88/><N who="2" m="30752" /><V104/><N who="2" m="31008" /><V126/><F126/><T68/><D128/><U55/><E32/><V129/><F129/><T110/><D100/><U35/><E35/><V49/><F119/><T90/><D77/><U116/><E116/><V74/><F49/><T107/><REACH who="0" step="1"/><D68/><REACH who="0" ten="340,350,350,0" step="2"/><U47/><E83/><V42/><F76/><T87/><D87/><U34/><E34/><V103/><F74/><T93/><D93/><AGARI ba="0,1" hai="46,47,52,54,55,60,61,62,78,82,86,92,93,94" m="31520" machi="93" ten="40,5200,0" yaku="8,1,52,1,54,1" doraHai="1" who="1" fromWho="0" sc="340,-52,350,62,350,0,0,0" /><INIT seed="1,0,0,4,0,113" ten="288,412,350,0" oya="1" hai0="52,119,120,105,86,106,112,94,57,131,101,111,54" hai1="73,47,0,51,56,68,88,121,91,61,49,123,109" hai2="48,63,50,64,34,92,133,41,89,80,33,97,39" hai3=""/><U107/><N who="1" m="31008" /><U87/><N who="1" m="31520" /><U44/><E0/><V126/><F126/><T81/><N who="0" m="30752" /><T2/><D2/><U43/><E73/><V85/><F133/><T3/><D3/><U134/><E107/><V72/><F72/><T132/><D112/><U118/><E118/><V100/><F39/><T1/><D1/><U98/><E68/><V103/><F103/><T79/><D132/><U104/><E134/><V40/><F50/><T62/><D119/><U37/><E109/><V71/><REACH who="2" step="1"/><F48/><REACH who="2" ten="288,412,340,0" step="2"/><T75/><D111/><U58/><E37/><V83/><F83/><T125/><D125/><U67/><E56/><V53/><F53/><T36/><D36/><U135/><E135/><V55/><F55/><T114/><D114/><U90/><E49/><V32/><AGARI ba="0,1" hai="32,33,34,40,41,63,64,71,80,85,89,92,97,100" machi="32" ten="30,1500,0" yaku="1,1,0,1,53,0" doraHai="113" doraHaiUra="102" who="2" fromWho="2" sc="288,-5,412,-10,340,25,0,0" /><INIT seed="2,0,0,4,5,73" ten="283,402,365,0" oya="2" hai0="54,121,53,51,84,88,70,105,135,39,38,69,126" hai1="99,59,120,93,46,58,61,56,86,115,64,122,44" hai2="97,117,68,43,71,113,85,49,124,104,76,72,118" hai3=""/><V107/><F113/><T102/><N who="0" m="31008" /><T103/><D135/><U1/><N who="1" m="30752" /><U100/><N who="1" m="31264" /><U109/><E1/><V36/><F124/><T67/><D126/><U125/><E115/><V133/><F49/><T63/><D69/><U129/><E125/><V74/><F85/><T62/><D63/><U83/><E129/><V77/><F43/><T90/><D54/><U66/><E109/><V79/><F97/><T106/><D105/><N who="2" m="40522" /><F36/><T55/><D55/><U98/><E99/><V101/><F101/><T40/><D106/><U0/><E0/><V33/><F33/><T110/><D110/><U89/><REACH who="1" step="1"/><E64/><REACH who="1" ten="283,392,365,0" step="2"/><V42/><F133/><T48/><D67/><U81/><E81/><V111/><F111/><T91/><D53/><U87/><E87/><V80/><F80/><T95/><D84/><U116/><E116/><V127/><F127/><T94/><D94/><U128/><E128/><V47/><F117/><T134/><D95/><U78/><E78/><V45/><F118/><T92/><D92/><U82/><E82/><V119/><F119/><T132/><D132/><U2/><E2/><V114/><F114/><T3/><D134/><U35/><E35/><V57/><F77/><T130/><D3/><U41/><E41/><RYUUKYOKU ba="0,1" sc="283,-10,392,20,365,-10,0,0" hai1="44,46,56,58,59,61,66,83,86,89,93,98,100" /><INIT seed="4,1,1,1,5,3" ten="273,412,355,0" oya="0" hai0="117,61,47,118,48,73,1,66,38,49,67,127,32" hai1="55,54,121,133,126,107,88,104,120,124,106,114,87" hai2="65,39,129,62,76,69,57,112,58,52,94,111,68" hai3=""/><T36/><D1/><U90/><N who="1" m="30752" /><U45/><N who="1" m="31008" /><U84/><E133/><V98/><F111/><T56/><D73/><U130/><E130/><V72/><F39/><N who="0" m="14890" /><D127/><N who="1" m="48683" /><E114/><V116/><F129/><T60/><D32/><U86/><E45/><V64/><F112/><T77/><D77/><U80/><E80/><V110/><F110/><T41/><D48/><U132/><E132/><V109/><F109/><T135/><D135/><U75/><E75/><V113/><F113/><T35/><D35/><U125/><E125/><V79/><F72/><T102/><D102/><U40/><E40/><V70/><F116/><T43/><D43/><U122/><N who="1" m="31264" /><U53/><AGARI ba="1,1" hai="53,54,55,84,86,87,88,90,104,106,107" m="31264,48683,31008,30752" machi="53" ten="50,12000,3" yaku="4,1,29,2,28,2,18,1,52,3,54,1" doraHai="3" who="1" fromWho="1" sc="273,-81,412,132,355,-41,0,0" /><INIT seed="5,0,0,3,5,134" ten="192,544,314,0" oya="1" hai0="117,50,40,0,35,94,57,100,124,61,88,34,59" hai1="87,114,103,65,113,86,47,63,38,120,85,106,130" hai2="60,128,44,46,102,39,71,54,55,37,93,70,110" hai3=""/><U96/><N who="1" m="30752" /><U122/><N who="1" m="31264" /><U2/><E2/><V36/><F93/><T119/><D0/><U92/><E130/><V41/><F102/><T81/><D100/><U72/><E72/><V32/><F32/><T133/><D133/><U135/><E135/><V62/><F110/><T33/><D81/><U75/><E75/><V101/><F101/><T99/><D124/><U69/><E47/><V66/><F128/><T82/><D40/><U67/><E38/><N who="2" m="14955" /><F46/><T43/><D43/><U108/><E108/><V74/><F74/><T52/><REACH who="0" step="1"/><D82/><REACH who="0" ten="182,544,314,0" step="2"/><U95/><REACH who="1" step="1"/><E65/><AGARI ba="0,1" hai="39,41,44,54,55,60,62,65,66,70,71" m="14955" machi="65" ten="30,8000,1" yaku="35,5" doraHai="134" who="2" fromWho="1" sc="182,0,544,-80,314,90,0,0" /><AGARI ba="0,0" hai="33,34,35,50,52,57,59,61,65,88,94,99,117,119" machi="65" ten="40,8000,1" yaku="1,1,2,1,54,2,53,0" doraHai="134" doraHaiUra="76" who="0" fromWho="1" sc="182,80,464,-80,404,0,0,0" /><INIT seed="6,0,0,3,1,79" ten="262,384,404,0" oya="2" hai0="89,70,3,109,133,120,37,50,93,59,1,47,108" hai1="77,123,92,75,46,132,34,36,90,58,97,101,116" hai2="62,82,55,122,83,33,128,40,112,64,114,54,73" hai3=""/><V32/><N who="2" m="31264" /><V105/><F105/><T127/><N who="0" m="30752" /><T69/><D127/><U76/><N who="1" m="31520" /><U45/><E34/><N who="2" m="13419" /><F40/><T43/><D133/><U95/><E132/><V78/><F83/><T57/><D1/><U0/><E0/><V125/><F125/><T53/><D3/><U98/><E116/><V87/><F87/><T85/><REACH who="0" step="1"/><D57/><REACH who="0" ten="252,384,404,0" step="2"/><U35/><E58/><V80/><F128/><T38/><D38/><U41/><E46/><V88/><F112/><T135/><D135/><U115/><E115/><V52/><F114/><T84/><D84/><U121/><N who="1" m="31008" /><U66/><E35/><V39/><F39/><T49/><D49/><U118/><E75/><V68/><F73/><T91/><D91/><U63/><E118/><V131/><F131/><T117/><D117/><U124/><E124/><V65/><F88/><T104/><D104/><U110/><E110/><AGARI ba="0,1" hai="37,43,47,50,53,59,69,70,85,89,93,108,109,110" m="30752" machi="110" ten="40,2600,0" yaku="1,1,52,1,53,0" doraHai="79" doraHaiUra="72" who="0" fromWho="1" sc="252,36,384,-26,404,0,0,0" owari="288,-31.0,358,-4.0,404,35.0,0,0.0" /></mjloggm>