<mjloggm ver="2.3"><GO type="225" lobby="0"/><UN n0="%E8%88%B9%E8%A6%8B%E7%B5%90%E8%A1%A3%E3%81%A1%E3%82%83%E3%82%93" n1="%E3%81%8D%E3%82%82" n2="%E8%A3%81%E3%81%8D%E3%81%AE%E9%BE%8D" n3="%E7%90%B4%E8%91%89%E8%91%B5" dan="16,16,16,16" rate="2133.65,2098.99,2044.36,2052.59" sx="F,M,F,F"/><TAIKYOKU oya="0"/><INIT seed="0,0,0,1,3,35" ten="250,250,250,250" oya="0" hai0="62,85,2,96,67,56,122,42,10,120,32,83,38" hai1="108,48,23,36,70,118,78,77,55,84,97,113,65" hai2="114,127,75,102,46,18,57,116,76,74,34,131,44" hai3="30,72,53,20,71,26,103,59,89,117,13,129,11"/><T119/><D119/><U9/><E108/><V95/><F114/><W27/><G117/><T14/><D32/><U91/><E113/><V31/><F116/><W98/><G71/><T99/><D38/><U125/><E125/><V86/><F127/><W60/><G72/><T111/><D111/><U66/><E36/><V41/><F44/><W79/><G79/><N who="1" m="30218" /><E70/><V17/><F31/><W43/><G43/><T3/><D42/><U104/><E104/><V88/><F34/><W7/><G129/><T128/><D128/><U54/><E118/><V52/><F102/><W92/><REACH who="3" step="1"/><G26/><REACH who="3" ten="250,250,250,240" step="2"/><T29/><D122/><U123/><E123/><V81/><F131/><W25/><G25/><T39/><D120/><U134/><E134/><V112/><F75/><W107/><G107/><T124/><D124/><U121/><E121/><V63/><REACH who="2" step="1"/><F112/><REACH who="2" ten="250,250,240,240" step="2"/><W16/><G16/><T24/><D29/><U37/><E37/><AGARI ba="0,2" hai="17,18,37,41,46,52,57,63,74,76,81,86,88,95" machi="37" ten="30,8000,1" yaku="1,1,2,1,7,1,54,2,53,0" doraHai="35" doraHaiUra="8" who="2" fromWho="1" sc="250,0,250,-80,240,100,240,0" /><INIT seed="1,0,0,3,1,92" ten="250,170,340,240" oya="1" hai0="97,69,63,22,128,38,48,94,4,85,134,91,20" hai1="64,40,14,52,24,9,104,115,46,105,65,23,121" hai2="1,25,117,26,119,111,6,29,87,133,100,19,83" hai3="60,71,101,81,110,47,112,7,62,13,131,15,76"/><U53/><E115/><V127/><F111/><W135/><G110/><T77/><D38/><U42/><E121/><V129/><F127/><W55/><G135/><T54/><D134/><U102/><E104/><V16/><F133/><W103/><G131/><T96/><D128/><U89/><E89/><V41/><F129/><W108/><G108/><T107/><D107/><U70/><E42/><V106/><F41/><W90/><G112/><T35/><D35/><U93/><E105/><V109/><F109/><W43/><G90/><T31/><D4/><U49/><E65/><V17/><F25/><W67/><G55/><T10/><D10/><U28/><E64/><V116/><F6/><W39/><G62/><T61/><D69/><U12/><E70/><V82/><F1/><W80/><G80/><N who="0" m="47247" /><D97/><N who="1" m="59695" /><E14/><V5/><F5/><AGARI ba="0,0" hai="5,9,12,23,24,28,40,46,49,52,53" m="59695" machi="5" ten="30,5800,0" yaku="8,1,52,1,54,1" doraHai="92" who="1" fromWho="2" sc="250,0,170,58,340,-58,240,0" /><INIT seed="1,1,0,5,3,49" ten="250,228,282,240" oya="1" hai0="75,124,118,19,107,10,77,82,123,3,97,27,55" hai1="9,100,0,13,90,110,65,79,122,108,114,83,80" hai2="31,54,24,17,52,34,12,40,37,18,87,15,109" hai3="96,2,44,125,20,70,106,71,119,76,7,74,30"/><U51/><E114/><V61/><F109/><N who="1" m="42089" /><E122/><V81/><F40/><W47/><G119/><T69/><D69/><U84/><E65/><V23/><F37/><W66/><G76/><T94/><D118/><U103/><E0/><V121/><F121/><W101/><G74/><T131/><D123/><U78/><E51/><V133/><F133/><W45/><G66/><T60/><D131/><U8/><E8/><V58/><F54/><W64/><G64/><T56/><D124/><U113/><E113/><V91/><F18/><W59/><G125/><T134/><D134/><U22/><E22/><V117/><F117/><W46/><N who="3" m="11264" /><DORA hai="120" /><W35/><G20/><T129/><D129/><U29/><E29/><V85/><F85/><W57/><G30/><T14/><D107/><U95/><E13/><AGARI ba="1,0" hai="12,13,15,17,23,24,31,34,52,58,61,81,87,91" machi="13" ten="30,3900,0" yaku="7,1,52,1,54,1" doraHai="49,120" who="2" fromWho="1" sc="250,0,228,-42,282,42,240,0" /><INIT seed="2,0,0,5,0,94" ten="250,186,324,240" oya="2" hai0="60,102,25,92,50,61,125,26,13,72,31,69,120" hai1="76,51,40,62,99,130,106,90,34,57,132,108,110" hai2="89,82,15,32,74,17,1,124,112,49,119,54,3" hai3="48,20,33,53,44,52,113,123,43,127,28,39,114"/><V27/><F119/><W80/><G123/><T47/><D120/><U93/><E130/><V126/><F112/><N who="3" m="43115" /><G33/><T5/><D72/><U12/><E132/><V37/><F37/><W65/><G65/><T105/><D105/><U73/><E34/><V68/><F68/><W97/><G127/><N who="2" m="48681" /><F27/><N who="3" m="16487" /><G80/><T2/><D2/><U70/><E70/><V107/><F107/><W41/><G97/><N who="0" m="59687" /><D69/><U77/><E12/><V66/><F66/><W96/><G96/><T101/><D101/><U22/><E22/><N who="2" m="11583" /><F32/><W14/><G14/><T64/><D125/><U18/><E18/><V84/><F74/><W29/><G29/><T35/><D35/><U133/><E133/><V42/><F42/><W6/><G6/><T85/><D31/><U24/><E24/><N who="0" m="9321" /><D64/><U38/><E38/><V8/><F8/><W19/><G19/><T46/><D5/><U59/><E106/><V79/><F89/><W21/><G21/><T56/><D13/><U122/><E122/><V131/><F131/><W129/><G129/><T7/><D7/><U100/><E100/><V117/><F117/><W0/><G0/><T9/><D9/><U86/><E73/><V111/><F111/><N who="1" m="42537" /><E86/><V71/><F71/><W98/><G98/><T67/><D85/><U128/><E128/><V4/><F4/><W83/><G83/><T87/><D87/><U11/><E11/><V16/><F16/><W91/><G91/><T115/><D115/><U121/><E121/><V118/><F118/><W116/><G116/><T109/><D109/><U75/><E75/><V78/><F78/><N who="1" m="30313" /><E62/><N who="0" m="24169" /><D67/><U55/><E40/><N who="3" m="15434" /><G39/><T103/><D103/><RYUUKYOKU ba="0,0" sc="250,0,186,0,324,0,240,0" hai0="46,47,50,56" hai1="51,55,57,59,90,93,99" hai2="1,3,49,54,79,82,84" hai3="44,48,52,53" /><INIT seed="2,1,0,3,1,94" ten="250,186,324,240" oya="2" hai0="60,87,46,105,7,108,22,5,126,66,56,58,123" hai1="45,27,82,93,10,24,119,134,40,44,57,131,36" hai2="26,51,34,31,55,19,16,64,61,32,18,65,80" hai3="52,12,85,73,109,75,21,50,14,25,8,63,91"/><V6/><F34/><W11/><G63/><N who="0" m="38263" /><D105/><U130/><E119/><V132/><F132/><W88/><G109/><T43/><D123/><U42/><E134/><V3/><F65/><W83/><G91/><T47/><D108/><U39/><E82/><V30/><F30/><W79/><G79/><T20/><D126/><U112/><E112/><V95/><F80/><W90/><G90/><T69/><D69/><U129/><E10/><N who="3" m="3626" /><G75/><T77/><D77/><U111/><E111/><V89/><F6/><N who="0" m="2058" /><D87/><U35/><E35/><V84/><F3/><W9/><N who="3" m="3634" /><W4/><DORA hai="38" /><G73/><T81/><D81/><U86/><E57/><V28/><F28/><N who="3" m="17455" /><G4/><T106/><D106/><U120/><E120/><V78/><F78/><W127/><G127/><T114/><D114/><U48/><E48/><V117/><F117/><W101/><G101/><T68/><D68/><U13/><E13/><V54/><REACH who="2" step="1"/><F51/><REACH who="2" ten="250,186,314,240" step="2"/><W98/><G98/><T121/><D121/><U1/><E1/><V113/><F113/><W135/><G135/><T128/><D128/><U72/><E72/><V76/><F76/><W100/><G100/><T115/><D115/><U125/><E125/><V59/><AGARI ba="1,1" hai="16,18,19,26,31,32,54,55,59,61,64,84,89,95" machi="59" ten="30,12000,1" yaku="1,1,0,1,54,1,53,2" doraHai="94,38" doraHaiUra="23,62" who="2" fromWho="2" sc="250,-41,186,-41,314,133,240,-41" /><INIT seed="2,2,0,0,5,20" ten="209,145,447,199" oya="2" hai0="46,42,71,128,35,100,36,124,56,3,99,110,59" hai1="2,117,119,5,14,1,107,97,88,24,15,72,134" hai2="23,51,112,125,133,74,31,57,69,98,118,50,48" hai3="77,64,113,43,79,27,47,37,41,130,94,6,76"/><V123/><F118/><W11/><G113/><T132/><D35/><U8/><E72/><V129/><F123/><W91/><G130/><T67/><D3/><N who="1" m="1035" /><E107/><V28/><F69/><W34/><G64/><T81/><D128/><U10/><E97/><V18/><F129/><W103/><G103/><T96/><D110/><U106/><E106/><V39/><F39/><W70/><G70/><T40/><D132/><U66/><E66/><V114/><F74/><W68/><G68/><T95/><D124/><U83/><E83/><V9/><F125/><W126/><G126/><T19/><D42/><U62/><E62/><V52/><F9/><W7/><G11/><T120/><D120/><U101/><E101/><V13/><F133/><W22/><G34/><T4/><D99/><U61/><E61/><V87/><F98/><W80/><G80/><T26/><D4/><N who="3" m="1577" /><G47/><T0/><D0/><U121/><E121/><V115/><REACH who="2" step="1"/><F87/><REACH who="2" ten="209,145,437,199" step="2"/><N who="3" m="52607" /><G37/><T45/><D36/><U54/><E134/><V17/><F17/><AGARI ba="2,1" hai="17,22,27,41,43,76,77,79" m="52607,1577" machi="17" ten="30,2000,0" yaku="8,1,52,1" doraHai="20" who="3" fromWho="2" sc="209,0,145,0,437,-26,199,36" /><INIT seed="3,0,0,2,4,13" ten="209,145,411,235" oya="3" hai0="113,85,16,38,35,43,100,120,23,135,31,75,29" hai1="57,112,45,123,101,128,84,79,129,97,116,117,99" hai2="110,1,4,105,77,49,62,109,72,88,10,130,14" hai3="91,51,37,76,90,9,67,114,56,107,64,8,47"/><W59/><G107/><T108/><D120/><U103/><E57/><N who="3" m="22090" /><G37/><T102/><D75/><U30/><E45/><V12/><F105/><W19/><G76/><T98/><D108/><U71/><E71/><V17/><F77/><W52/><G114/><T132/><D113/><U68/><E68/><V42/><F72/><W118/><G118/><N who="1" m="45674" /><E30/><V44/><F130/><N who="1" m="50281" /><E112/><V20/><F62/><W18/><G8/><T41/><D35/><U32/><E32/><V106/><F106/><W133/><G133/><N who="0" m="51275" /><D31/><U36/><E36/><V54/><F42/><N who="0" m="15882" /><D29/><U70/><E70/><V78/><F78/><W0/><G9/><T69/><D69/><U65/><E65/><N who="3" m="25162" /><G0/><T80/><D38/><U3/><E3/><V63/><F63/><W55/><G55/><T53/><D53/><U134/><E134/><V83/><F1/><W74/><G74/><T87/><D80/><N who="1" m="47135" /><E123/><V66/><F66/><W61/><G61/><T89/><D23/><U21/><E21/><V60/><F60/><W58/><G47/><T94/><D16/><AGARI ba="0,0" hai="16,18,19,51,52,58,90,91" m="25162,22090" machi="16" ten="30,18000,2" yaku="8,1,52,3,54,2" doraHai="13" who="3" fromWho="0" sc="209,-180,145,0,411,0,235,180" owari="29,-47.0,145,-25.0,411,21.0,415,51.0" /></mjloggm>