<mjloggm ver="2.3"><GO type="169" lobby="0"/><UN n0="%E3%82%A2%E3%83%A1%E3%83%B3%E3%83%9D%E3%81%A6%E3%81%B5" n1="%6B%6B%6B%73%73%36%36%36" n2="%E6%B3%A2%E7%91%A0" n3="%E8%91%B5%E3%81%A1%E3%82%83%E3%82%93" dan="17,16,16,16" rate="2231.20,2067.86,2160.51,2113.17" sx="M,M,F,F"/><TAIKYOKU oya="0"/><INIT seed="0,0,0,4,1,124" ten="250,250,250,250" oya="0" hai0="5,80,83,16,8,82,26,121,107,69,85,94,43" hai1="100,135,101,67,91,111,72,20,78,105,120,54,130" hai2="75,59,47,73,57,49,122,9,126,27,35,63,2" hai3="46,21,77,102,53,129,125,119,114,24,12,112,88"/><T56/><D121/><U31/><E120/><V108/><F122/><W133/><G119/><T29/><D107/><U115/><E67/><V76/><F126/><W34/><G125/><T81/><D69/><U92/><E54/><V86/><F75/><W68/><G68/><T33/><D43/><U13/><E13/><V32/><F73/><W74/><G102/><T14/><N who="0" m="20480" /><DORA hai="15" /><T64/><D85/><U110/><E20/><V113/><F86/><W96/><G77/><T123/><D123/><U60/><E60/><V6/><F59/><W97/><G97/><T66/><D94/><U3/><E31/><V11/><F11/><W38/><G34/><T89/><D89/><U39/><E39/><V55/><F76/><W95/><G12/><T93/><D93/><U106/><E3/><V58/><F58/><W109/><G109/><N who="1" m="41482" /><E78/><V90/><F108/><W44/><G74/><T36/><D36/><U23/><E23/><V18/><F90/><W25/><G38/><T79/><D79/><U10/><E10/><V65/><REACH who="2" step="1"/><F113/><REACH who="2" ten="250,250,240,250" step="2"/><W52/><G114/><T98/><D56/><U40/><E115/><V99/><F99/><W62/><G112/><T70/><D98/><N who="1" m="61623" /><E72/><V131/><F131/><W84/><G129/><T127/><D127/><U117/><E130/><V17/><F17/><W41/><G96/><T132/><D70/><U45/><E91/><V1/><F1/><W134/><G88/><T4/><REACH who="0" step="1"/><D132/><REACH who="0" ten="240,250,240,250" step="2"/><U42/><E135/><V87/><F87/><W128/><G134/><T22/><D22/><AGARI ba="0,2" hai="2,6,9,18,22,27,32,35,47,49,55,57,63,65" machi="22" ten="40,5200,0" yaku="1,1,52,1,53,1" doraHai="124,15" doraHaiUra="118,51" who="2" fromWho="0" sc="240,-52,250,0,240,72,250,0" /><INIT seed="1,0,0,0,1,98" ten="188,250,312,250" oya="1" hai0="111,126,78,75,131,130,106,1,29,0,49,13,135" hai1="61,90,103,65,44,54,110,97,100,114,86,81,64" hai2="24,9,25,68,125,77,101,27,43,58,53,122,46" hai3="12,7,76,119,99,66,121,8,82,38,14,85,33"/><U23/><E114/><V48/><F68/><W91/><G121/><T45/><D106/><U108/><E97/><V31/><F122/><W102/><G38/><T60/><D111/><N who="1" m="42539" /><E23/><V134/><F134/><W70/><G119/><T56/><D135/><U80/><E81/><V34/><F77/><W32/><G70/><T133/><D133/><U124/><E124/><V95/><F9/><W59/><G14/><T18/><D29/><U72/><E72/><V123/><F123/><W42/><G42/><T16/><D78/><U89/><E90/><V11/><F11/><W10/><G10/><N who="0" m="6199" /><D18/><U92/><E92/><V127/><F127/><W47/><G47/><T50/><D75/><U94/><E94/><V71/><F71/><W28/><G28/><T52/><D126/><U62/><E61/><V39/><F125/><W83/><G83/><T84/><D84/><U132/><E132/><V118/><F118/><W73/><G76/><T26/><D26/><U22/><E22/><V109/><F109/><W113/><G73/><T21/><D21/><U112/><E112/><V96/><AGARI ba="0,0" hai="24,25,27,31,34,39,43,46,48,53,58,95,96,101" machi="96" ten="30,2000,0" yaku="0,1,52,1" doraHai="98" who="2" fromWho="2" sc="188,-5,250,-10,312,20,250,-5" /><INIT seed="2,0,0,4,4,5" ten="183,240,332,245" oya="2" hai0="34,37,45,60,18,22,2,113,111,123,120,50,98" hai1="4,131,110,135,7,88,16,32,76,75,125,78,86" hai2="80,65,38,132,101,115,42,19,118,66,47,64,1" hai3="8,109,126,14,89,124,134,46,108,100,17,119,104"/><V92/><F118/><W23/><G89/><T122/><D113/><U103/><E110/><N who="3" m="42602" /><G100/><T6/><D34/><U121/><E125/><N who="3" m="48234" /><G104/><T96/><D111/><U39/><E131/><V129/><F129/><W10/><G119/><T87/><D37/><U70/><E135/><V79/><F115/><W30/><G134/><T83/><D60/><U53/><E121/><V106/><F106/><W15/><G46/><T94/><D94/><U25/><E70/><V28/><F28/><W71/><G71/><T24/><D6/><U0/><E39/><V73/><F132/><W51/><G51/><T52/><REACH who="0" step="1"/><D2/><REACH who="0" ten="173,240,332,245" step="2"/><U95/><E0/><V11/><F1/><W107/><G107/><T49/><D49/><U77/><E32/><V36/><F92/><W99/><G99/><T21/><D21/><N who="1" m="13479" /><E75/><V27/><F38/><W63/><G63/><T112/><D112/><U127/><E127/><V56/><F36/><W130/><G130/><T48/><D48/><U105/><E105/><V31/><F73/><W93/><G93/><T9/><D9/><N who="3" m="3689" /><G30/><T57/><D57/><U20/><E103/><V82/><F101/><W12/><AGARI ba="0,1" hai="12,14,15,17,23" m="3689,48234,42602" machi="12" ten="40,12000,2" yaku="14,1,18,1,34,2,52,3" doraHai="5" who="3" fromWho="3" sc="173,-30,240,-30,332,-60,245,130" /><INIT seed="3,0,0,5,0,2" ten="143,210,272,375" oya="3" hai0="12,6,135,95,47,51,29,31,38,34,9,108,98" hai1="36,109,7,4,101,80,126,70,89,15,3,107,117" hai2="60,111,17,91,39,8,78,132,37,97,5,50,112" hai3="118,123,114,63,26,110,71,62,105,19,106,84,133"/><W88/><G114/><T20/><D108/><U24/><E109/><V127/><F112/><W23/><G110/><T22/><D135/><U56/><E70/><V46/><F111/><W52/><G133/><T69/><D38/><U120/><E120/><V27/><F132/><W87/><G123/><T58/><D69/><U113/><E36/><V33/><F127/><W55/><G118/><T100/><D34/><U64/><E3/><V103/><F91/><W61/><G71/><T104/><D104/><U128/><E117/><V119/><F78/><W45/><G87/><T124/><D58/><U79/><E89/><V43/><F60/><W57/><G45/><T0/><D124/><U96/><E24/><V83/><F83/><W90/><G90/><T134/><D134/><U25/><E113/><V73/><F73/><W44/><G44/><T35/><D35/><U125/><E128/><V77/><F77/><W10/><G10/><T1/><D1/><U68/><E68/><V85/><F85/><W18/><G18/><T13/><D0/><U99/><E99/><V40/><F40/><W86/><G86/><T121/><D121/><U92/><E107/><V11/><F119/><W115/><G115/><T75/><D75/><N who="1" m="43135" /><E25/><V76/><F76/><W67/><G67/><T65/><D65/><U94/><E94/><V28/><F17/><W74/><G74/><T131/><D131/><U42/><E42/><V21/><F33/><W59/><G62/><T53/><REACH who="0" step="1"/><D12/><REACH who="0" ten="133,210,272,375" step="2"/><U14/><E126/><V130/><F130/><W82/><AGARI ba="0,1" hai="19,23,26,52,55,57,59,61,63,82,84,88,105,106" machi="82" ten="20,12000,1" yaku="0,1,7,1,9,1,54,2" doraHai="2" who="3" fromWho="3" sc="133,-40,210,-40,272,-40,375,130" /><INIT seed="3,1,0,5,1,44" ten="93,170,232,505" oya="3" hai0="37,90,62,82,17,31,5,7,109,41,12,19,59" hai1="84,63,3,86,115,50,121,9,58,122,16,88,107" hai2="135,93,56,81,24,48,40,2,100,70,57,75,43" hai3="130,124,91,105,34,113,30,127,103,0,25,13,98"/><W20/><G113/><T131/><D109/><U119/><E115/><V28/><F70/><W77/><G130/><T99/><D131/><U10/><E107/><V60/><F2/><W22/><G0/><T134/><D134/><U49/><E119/><V118/><F118/><W74/><G91/><T14/><D37/><U47/><E3/><V102/><F135/><W104/><G104/><T126/><D41/><U32/><E32/><V92/><F43/><W101/><G101/><T29/><D126/><N who="3" m="48169" /><G13/><T46/><D46/><U95/><E47/><V125/><F125/><W45/><G45/><T33/><D33/><U65/><E86/><V120/><F40/><W78/><G78/><T39/><D39/><U52/><E65/><V72/><F102/><W15/><G15/><T54/><D14/><U4/><E4/><N who="0" m="1609" /><D12/><U51/><REACH who="1" step="1"/><E16/><REACH who="1" ten="93,160,232,505" step="2"/><N who="0" m="6217" /><D99/><U116/><E116/><V11/><F120/><AGARI ba="1,1" hai="9,10,49,50,51,52,58,63,84,88,95,120,121,122" machi="120" ten="40,12000,2" yaku="1,1,52,3,54,2,53,0" doraHai="44" doraHaiUra="76" who="1" fromWho="2" sc="93,0,160,133,232,-123,505,0" /><INIT seed="4,0,0,2,1,93" ten="93,293,109,505" oya="0" hai0="50,42,79,101,132,135,112,95,17,115,131,108,85" hai1="133,53,30,99,103,119,45,56,86,66,2,83,70" hai2="74,0,77,57,44,121,49,65,5,109,82,52,62" hai3="102,38,117,98,4,113,73,6,110,76,78,24,123"/><T33/><D33/><U23/><E2/><V48/><F121/><W13/><G117/><T51/><D131/><U87/><E133/><N who="0" m="51273" /><D17/><U16/><E70/><V80/><F109/><W122/><G110/><T26/><D26/><U124/><E124/><V63/><F0/><W107/><G113/><N who="0" m="43595" /><D108/><U41/><E66/><V27/><F27/><W128/><G128/><T118/><D118/><U59/><E30/><V64/><F5/><W54/><G24/><T14/><D14/><N who="1" m="9623" /><E41/><V18/><F18/><W100/><G13/><T89/><D42/><U84/><E83/><V12/><F12/><W75/><G6/><T8/><D8/><U43/><E43/><V7/><F7/><W96/><G4/><T67/><D67/><U55/><E119/><V11/><F11/><W129/><G129/><T25/><D25/><U71/><E71/><V31/><F31/><W91/><G54/><N who="1" m="20490" /><E45/><V40/><F65/><W46/><G46/><T97/><D79/><U126/><E126/><V22/><F22/><W60/><G78/><T81/><AGARI ba="0,0" hai="50,51,81,85,89,95,97,101" m="43595,51273" machi="81" ten="30,6000,0" yaku="20,1,15,1,52,1" doraHai="93" who="0" fromWho="0" sc="93,60,293,-20,109,-20,505,-20" /><INIT seed="4,1,0,2,1,123" ten="153,273,89,485" oya="0" hai0="3,38,80,133,35,99,6,108,103,36,126,120,94" hai1="76,44,86,13,27,12,132,55,57,32,112,5,52" hai2="48,95,46,64,28,87,90,60,47,21,45,18,97" hai3="1,89,102,26,117,8,92,25,24,125,63,109,11"/><T106/><D120/><U78/><E112/><V127/><F28/><W71/><G117/><T105/><D35/><U42/><E132/><V54/><F87/><W119/><G109/><T85/><D133/><U7/><E32/><V59/><REACH who="2" step="1"/><F127/><REACH who="2" ten="153,273,79,485" step="2"/><W39/><G125/><T96/><D126/><U93/><E86/><V16/><F16/><W111/><G25/><AGARI ba="1,1" hai="18,21,25,45,46,47,48,54,59,60,64,90,95,97" machi="25" ten="30,7700,0" yaku="1,1,7,1,8,1,53,1" doraHai="123" doraHaiUra="14" who="2" fromWho="3" sc="153,0,273,0,79,90,485,-80" /><INIT seed="5,0,0,0,1,24" ten="153,273,169,405" oya="1" hai0="89,31,119,101,9,112,133,66,22,87,41,117,16" hai1="33,131,42,1,72,8,125,56,132,46,129,25,93" hai2="121,127,111,122,82,39,44,37,98,45,108,62,83" hai3="12,88,52,105,61,135,128,103,70,115,55,64,49"/><U81/><E125/><V80/><F98/><W63/><G103/><T36/><D101/><U32/><E132/><V19/><F19/><W134/><G105/><T76/><D133/><N who="3" m="50697" /><G128/><T60/><D76/><N who="1" m="44167" /><E56/><V110/><F62/><N who="3" m="40215" /><G115/><T106/><D106/><U17/><E17/><V26/><F26/><W29/><G29/><T54/><D112/><U3/><E93/><V50/><F127/><W0/><G0/><T2/><D2/><U20/><E20/><V59/><F59/><N who="3" m="33167" /><G12/><T40/><D31/><N who="1" m="19567" /><E33/><V65/><F65/><W68/><G68/><T21/><D66/><U13/><E13/><V107/><F107/><W18/><G18/><T15/><D22/><U96/><E96/><V67/><F67/><W124/><G124/><T97/><D21/><U102/><E102/><V85/><F85/><W57/><G88/><T91/><D91/><U120/><E1/><V27/><F27/><W123/><G123/><N who="2" m="47113" /><F50/><AGARI ba="0,0" hai="50,55,57,61,63" m="33167,40215,50697" machi="50" ten="30,7700,0" yaku="20,1,34,2,54,1" doraHai="24" who="3" fromWho="2" sc="153,0,273,0,169,-77,405,77" /><INIT seed="6,0,0,5,1,98" ten="153,273,92,482" oya="2" hai0="16,65,57,3,113,64,11,100,0,78,81,107,53" hai1="27,79,115,122,106,84,67,14,109,130,55,77,134" hai2="112,37,99,46,29,120,80,5,18,13,68,105,131" hai3="118,117,71,44,43,89,126,54,74,41,50,47,104"/><V116/><F68/><W26/><G74/><T22/><D113/><U49/><E109/><V30/><F120/><W56/><G104/><T125/><D125/><U62/><E14/><V82/><F116/><W2/><G89/><T58/><D58/><U124/><E106/><V83/><F5/><W7/><G26/><T121/><D121/><U61/><E27/><V88/><F112/><W87/><G87/><T94/><D107/><U119/><E124/><V69/><F69/><W19/><G19/><T23/><D3/><U90/><E122/><V8/><F131/><W15/><G15/><N who="0" m="7295" /><D0/><U132/><E119/><V73/><F73/><W24/><G54/><T129/><D129/><U33/><E33/><V17/><F17/><W42/><G24/><T135/><D135/><U1/><E1/><V70/><F70/><W133/><G7/><T34/><D34/><U102/><E130/><V36/><F36/><W52/><G2/><T38/><D38/><U4/><E4/><V86/><F86/><W20/><G71/><T114/><D81/><U110/><E84/><V128/><F128/><W93/><G133/><T72/><D78/><U96/><E115/><V108/><F108/><W97/><G126/><T40/><D72/><U39/><E39/><V59/><F59/><W6/><G6/><T123/><D123/><U51/><E110/><V85/><F85/><W101/><G118/><T111/><D111/><U60/><E134/><V76/><F76/><W63/><G117/><T21/><D114/><U31/><E77/><V9/><F83/><W103/><G56/><T25/><D57/><RYUUKYOKU ba="0,0" sc="153,0,273,0,92,0,482,0" /><INIT seed="7,1,0,3,5,97" ten="153,273,92,482" oya="3" hai0="28,92,109,40,71,129,80,55,3,46,76,50,60" hai1="78,115,10,66,68,42,39,22,75,26,45,31,70" hai2="47,51,122,135,128,106,1,2,56,43,89,62,133" hai3="95,111,82,88,6,123,86,118,64,117,113,85,58"/><W41/><G6/><T77/><D109/><U9/><E115/><V19/><F106/><W131/><G41/><T96/><D129/><U27/><E75/><V48/><F122/><W121/><G58/><N who="0" m="34911" /><D3/><U54/><E78/><N who="0" m="30313" /><D71/><U5/><E10/><V130/><F89/><W132/><G64/><T21/><D80/><U25/><E54/><N who="2" m="34071" /><F19/><W0/><G86/><T15/><D15/><U107/><E107/><V79/><F79/><W125/><G88/><N who="0" m="55303" /><D21/><U103/><E22/><V127/><F2/><W100/><G0/><T81/><D81/><U69/><E69/><V83/><F83/><W29/><G82/><T32/><D32/><U12/><E12/><V20/><F20/><W93/><G113/><T108/><D108/><U13/><E13/><V94/><F94/><W104/><G95/><T110/><D110/><U73/><E73/><V57/><F1/><W63/><G93/><T30/><AGARI ba="1,0" hai="28,30,40,46,50" m="55303,30313,34911" machi="30" ten="30,2000,0" yaku="8,1,54,1" doraHai="97" who="0" fromWho="0" sc="153,23,273,-6,92,-6,482,-11" owari="176,-22.0,267,7.0,86,-41.0,471,56.0" /></mjloggm>