<mjloggm ver="2.3"><GO type="169" lobby="0"/><UN n0="%E6%88%B0%E8%89%A6%E3%83%AC%E7%B4%9A" n1="%E3%81%AE%E3%81%B6%E3%81%AE%E3%81%B6" n2="%E9%B4%A8%E8%91%B1%E5%A4%AA%E9%83%8E" n3="%E8%99%8E%E7%8D%85%E3%81%8F%E3%82%93" dan="16,16,17,17" rate="2111.96,2154.03,2174.95,2201.78" sx="F,M,M,M"/><TAIKYOKU oya="0"/><INIT seed="0,0,0,4,4,62" ten="250,250,250,250" oya="0" hai0="16,14,115,48,55,109,77,10,5,30,11,29,107" hai1="18,88,33,82,96,1,84,6,111,21,135,106,42" hai2="19,86,132,95,24,8,69,61,78,108,20,80,68" hai3="39,53,43,105,27,100,7,127,57,4,64,9,60"/><T98/><D115/><U50/><E33/><V44/><F132/><W76/><G127/><T37/><D37/><U17/><E135/><V45/><F108/><W125/><G125/><T31/><D77/><U102/><E111/><V65/><F69/><W63/><G76/><T114/><D109/><U79/><E1/><V120/><F120/><W131/><G131/><T67/><D114/><U110/><E6/><V101/><F8/><W124/><G124/><T59/><D67/><U99/><E110/><V83/><F101/><W66/><G53/><T94/><D107/><U117/><E117/><V128/><F128/><W130/><G130/><T121/><D121/><U41/><E50/><V3/><F3/><W133/><G133/><T34/><D34/><U49/><E49/><V13/><F95/><W56/><G27/><T36/><D36/><U87/><E96/><V32/><F83/><W118/><G118/><T134/><D134/><U26/><E18/><V75/><REACH who="2" step="1"/><F75/><REACH who="2" ten="250,250,240,250" step="2"/><W89/><G9/><N who="0" m="6223" /><D5/><U126/><E126/><V12/><F12/><W116/><G116/><T122/><D122/><U112/><E112/><V51/><F51/><W35/><G39/><T25/><D25/><U74/><E87/><V0/><F0/><W90/><G43/><T129/><D129/><U40/><E40/><V91/><F91/><AGARI ba="0,1" hai="10,11,29,30,31,48,55,59,91,94,98" m="6223" machi="91" ten="30,2900,0" yaku="8,1,54,1" doraHai="62" who="0" fromWho="2" sc="250,39,250,0,240,-29,250,0" /><INIT seed="0,1,0,1,4,12" ten="289,250,211,250" oya="0" hai0="93,54,39,30,101,135,78,31,4,38,85,43,82" hai1="131,45,79,91,95,69,99,9,83,84,24,36,129" hai2="76,10,6,96,120,127,134,122,109,87,114,14,61" hai3="94,110,132,52,97,72,47,62,51,73,58,37,115"/><T128/><D135/><U13/><E69/><V23/><F114/><W70/><G110/><T21/><D128/><U46/><E24/><V41/><F109/><W5/><G132/><T18/><D4/><U57/><E57/><V8/><F134/><W80/><G115/><T107/><D107/><U119/><E119/><V66/><F41/><W26/><G5/><T64/><D64/><U35/><E35/><V125/><F96/><W32/><G80/><T104/><D104/><U17/><REACH who="1" step="1"/><E36/><REACH who="1" ten="289,240,211,250" step="2"/><V20/><F120/><W25/><G37/><T98/><D39/><U16/><E16/><V27/><F122/><W15/><G70/><T121/><D121/><U113/><E113/><V71/><F27/><W65/><G26/><T42/><D38/><U68/><E68/><V105/><F127/><W89/><REACH who="3" step="1"/><G15/><REACH who="3" ten="289,240,211,240" step="2"/><N who="0" m="9439" /><D54/><U81/><E81/><V102/><F125/><W49/><G49/><T29/><AGARI ba="1,2" hai="29,30,31,42,43,78,82,85,93,98,101" m="9439" machi="29" ten="30,3000,0" yaku="8,1,52,1" doraHai="12" who="0" fromWho="0" sc="289,53,240,-11,211,-11,240,-11" /><INIT seed="0,2,0,2,0,85" ten="342,229,200,229" oya="0" hai0="12,118,51,76,104,56,74,38,117,68,40,27,64" hai1="123,111,73,96,46,41,90,63,72,23,5,34,100" hai2="58,31,39,87,33,22,119,50,107,9,2,112,108" hai3="32,57,71,52,93,60,124,127,94,67,110,28,89"/><T25/><D104/><U128/><E34/><V135/><F107/><W36/><G110/><T54/><D12/><U10/><E123/><V79/><F39/><W102/><G36/><T0/><D0/><U13/><E111/><V78/><F108/><W70/><G102/><T125/><D76/><U114/><E128/><V130/><F33/><W65/><G28/><T83/><D83/><U88/><E63/><V116/><F112/><W75/><G75/><T101/><D101/><U86/><E86/><V106/><F106/><W43/><G43/><T109/><D74/><U77/><E73/><V49/><F130/><W3/><G3/><T59/><D109/><U120/><E120/><V131/><F131/><W21/><G21/><T122/><D122/><U62/><E62/><V134/><F31/><W97/><G94/><T24/><D59/><U61/><E77/><N who="2" m="29195" /><F87/><W91/><G32/><T81/><D81/><U69/><E41/><V105/><F22/><W8/><G8/><T98/><D98/><U48/><E72/><V82/><F82/><W6/><G6/><T29/><D29/><U53/><E23/><V92/><F92/><W133/><G93/><T17/><D17/><U37/><E37/><V80/><F80/><W126/><G97/><T47/><REACH who="0" step="1"/><D125/><REACH who="0" ten="332,229,200,229" step="2"/><U84/><E114/><V42/><F105/><W121/><G121/><T30/><D30/><U14/><E100/><V26/><F2/><W11/><G70/><T45/><D45/><U20/><E96/><V113/><F58/><W55/><G71/><T19/><D19/><N who="1" m="10351" /><E84/><V132/><F113/><W18/><G126/><RYUUKYOKU ba="2,1" sc="332,15,229,15,200,-15,229,-15" hai0="24,25,27,38,40,47,51,54,56,64,68,117,118" hai1="5,10,14,46,48,53,61,69,88,90" /><INIT seed="0,3,1,4,0,10" ten="347,244,185,214" oya="0" hai0="107,115,1,77,122,58,54,48,46,60,45,49,52" hai1="133,61,69,101,64,20,90,43,125,86,85,30,109" hai2="110,106,88,75,51,73,21,72,66,14,34,11,70" hai3="40,55,123,53,29,74,108,121,28,8,120,19,113"/><T59/><D115/><U81/><E101/><V50/><F34/><W135/><G135/><T103/><D122/><U104/><E104/><V63/><F106/><W35/><G74/><T105/><D1/><U7/><E30/><V22/><F110/><W102/><G102/><T97/><D77/><U124/><E7/><V116/><F116/><W80/><G113/><T42/><D105/><U112/><E112/><V118/><F118/><W84/><G40/><T98/><D98/><U114/><E114/><V0/><F0/><W87/><G108/><T62/><REACH who="0" step="1"/><D42/><REACH who="0" ten="337,244,185,214" step="2"/><U78/><E109/><V129/><F129/><W36/><G121/><T17/><D17/><U4/><E43/><V25/><F73/><W13/><G19/><T18/><D18/><U41/><E4/><V71/><F72/><W95/><G123/><T44/><AGARI ba="3,2" hai="44,45,46,48,49,52,54,58,59,60,62,97,103,107" machi="44" ten="30,11700,0" yaku="1,1,0,1,9,1,54,1,53,0" doraHai="10" doraHaiUra="131" who="0" fromWho="0" sc="337,146,244,-42,185,-42,214,-42" /><INIT seed="0,4,0,4,5,107" ten="483,202,143,172" oya="0" hai0="60,124,27,121,21,111,116,0,118,23,135,33,110" hai1="37,102,96,20,109,126,101,66,50,59,104,6,122" hai2="41,131,87,99,25,98,9,13,51,79,16,68,65" hai3="115,114,128,132,62,134,80,52,48,54,91,89,42"/><T78/><D60/><U69/><E122/><V119/><F119/><N who="0" m="45610" /><D78/><U57/><E102/><V15/><F68/><W3/><G3/><T92/><D92/><U108/><E37/><V83/><F65/><W90/><G128/><T130/><D121/><U10/><E126/><V8/><F25/><W26/><G26/><T47/><D47/><U30/><E30/><V63/><F63/><W84/><G42/><T2/><D124/><U106/><E20/><N who="0" m="7753" /><D130/><U76/><E104/><V133/><F133/><N who="3" m="51307" /><G62/><T29/><D135/><U97/><E76/><V55/><F41/><W38/><G38/><T28/><D28/><U56/><E50/><V7/><REACH who="2" step="1"/><F131/><REACH who="2" ten="483,202,133,172" step="2"/><W39/><G39/><T32/><D32/><U5/><E69/><V74/><F74/><W127/><G127/><T117/><D117/><U61/><E66/><V85/><F85/><W36/><G36/><T4/><D4/><U45/><E6/><V113/><F113/><N who="3" m="43019" /><G54/><T95/><D95/><U17/><E61/><V35/><F35/><W73/><G73/><T14/><D14/><U64/><E64/><V24/><F24/><W67/><G67/><T88/><D2/><U12/><E5/><V129/><F129/><W75/><G75/><T11/><D0/><U70/><E70/><V72/><F72/><W94/><G94/><T81/><D27/><U86/><E106/><V40/><F40/><W1/><G1/><T44/><D33/><U103/><E86/><V82/><F82/><W43/><G43/><T100/><D81/><U19/><E12/><V53/><F53/><W125/><G125/><T46/><D29/><RYUUKYOKU ba="4,1" sc="483,-15,202,-15,133,15,172,15" hai2="7,8,9,13,15,16,51,55,79,83,87,98,99" hai3="48,52,80,84,89,90,91" /><INIT seed="1,5,1,2,1,79" ten="468,187,148,187" oya="1" hai0="66,74,46,84,65,11,27,116,127,38,108,9,7" hai1="3,75,47,120,32,30,29,22,20,99,13,104,55" hai2="57,67,96,37,76,44,95,16,21,128,110,78,28" hai3="129,54,106,102,33,68,122,94,109,39,124,53,15"/><U4/><E75/><V69/><F128/><W90/><G122/><T42/><D116/><U88/><E120/><V31/><F69/><W59/><G68/><T86/><D74/><U49/><E3/><V24/><F37/><W103/><G109/><T131/><D108/><U72/><E72/><V111/><F44/><W117/><G124/><T25/><D127/><U115/><E115/><V26/><F110/><W56/><G106/><T101/><D101/><U18/><E104/><V40/><F40/><W58/><G129/><T70/><D131/><U19/><E4/><V121/><F121/><W125/><G125/><T17/><D17/><U118/><E32/><V14/><F26/><W77/><G39/><T63/><D65/><U130/><E118/><V105/><F105/><W10/><G33/><T97/><D97/><U87/><E99/><V43/><F43/><W2/><G77/><N who="2" m="29801" /><F24/><W52/><G2/><T126/><D126/><U112/><E112/><V83/><F83/><W113/><G117/><T23/><D7/><U132/><E132/><V73/><F73/><W91/><G113/><T60/><D60/><U93/><E130/><V82/><F82/><W64/><G64/><T51/><D38/><U98/><E98/><V48/><F111/><W50/><G50/><T81/><D81/><U1/><E1/><V8/><F8/><W89/><G94/><T5/><D5/><AGARI ba="5,1" hai="5,10,15,52,53,54,56,58,59,89,90,91,102,103" machi="5" ten="50,8000,1" yaku="29,2,8,1,54,1" doraHai="79" who="3" fromWho="0" sc="468,-95,187,0,148,0,187,105" /><INIT seed="2,0,0,4,1,120" ten="373,187,148,292" oya="2" hai0="45,78,55,60,109,31,103,102,41,15,68,38,135" hai1="44,113,108,90,36,104,96,39,6,73,4,118,72" hai2="57,30,53,83,48,134,77,91,105,46,56,16,19" hai3="130,128,24,122,49,79,132,84,64,111,87,28,32"/><V10/><F105/><W101/><G122/><T43/><D135/><U71/><E113/><V88/><F134/><W23/><G132/><T33/><D78/><U1/><E118/><V21/><F30/><W131/><G79/><T94/><D94/><U112/><E90/><V5/><F77/><W85/><G64/><T62/><D15/><U93/><E93/><V25/><F5/><W17/><G49/><T121/><D121/><U106/><E112/><V115/><F115/><W29/><G111/><T126/><D126/><U67/><E6/><V74/><F74/><W26/><G101/><T76/><D76/><U75/><E44/><V65/><F65/><W69/><REACH who="3" step="1"/><G29/><REACH who="3" ten="373,187,148,282" step="2"/><T98/><D31/><U123/><E123/><V89/><F83/><W20/><G20/><T47/><D102/><U117/><E108/><V97/><F97/><W107/><G107/><T59/><D109/><U51/><E106/><V27/><F10/><W54/><G54/><T18/><D33/><U124/><E96/><V37/><F37/><W12/><G12/><T35/><D35/><U114/><E39/><V7/><F7/><W129/><N who="3" m="32768" /><DORA hai="125" /><W3/><G3/><T63/><D68/><AGARI ba="0,1" hai="17,23,24,26,28,32,68,69,84,85,87" m="32768" machi="68" ten="70,16000,3" yaku="1,1,19,1,52,4,53,3" doraHai="120,125" doraHaiUra="0,82" who="3" fromWho="0" sc="373,-160,187,0,148,0,282,170" /><INIT seed="3,0,0,5,5,53" ten="213,187,148,452" oya="3" hai0="27,70,64,99,48,32,35,89,91,29,113,105,66" hai1="9,6,60,67,19,62,3,15,74,103,102,5,85" hai2="108,126,115,8,79,98,58,12,38,65,96,16,54" hai3="50,11,47,86,21,78,81,25,133,56,68,110,72"/><W101/><G68/><T109/><D109/><U124/><E74/><V107/><F38/><W43/><G133/><T17/><D113/><U111/><E111/><V93/><F115/><W49/><G110/><T88/><D48/><U28/><E124/><V40/><F40/><W61/><G101/><T97/><D32/><U41/><E41/><V87/><F65/><W63/><G72/><T84/><D17/><U57/><E28/><V59/><F126/><W134/><G134/><T22/><D22/><U1/><E62/><V37/><F37/><W135/><G135/><T30/><D30/><U130/><E130/><V129/><F129/><W127/><G127/><T90/><D66/><U71/><E71/><V46/><F107/><W122/><G122/><T116/><D116/><U123/><E123/><V7/><F108/><W131/><G11/><T52/><D52/><U118/><E118/><V77/><F7/><W82/><G82/><T31/><D29/><U75/><E75/><V117/><F96/><W100/><G100/><T26/><D27/><U120/><E120/><V23/><F8/><W18/><G131/><T119/><D105/><U36/><E36/><V33/><F33/><W104/><G104/><T51/><D51/><U34/><E34/><V4/><F4/><W55/><AGARI ba="0,0" hai="18,21,25,43,47,49,50,55,56,61,63,78,81,86" machi="55" ten="30,6000,0" yaku="0,1,8,1,52,1" doraHai="53" who="3" fromWho="3" sc="213,-20,187,-20,148,-20,452,60" /><INIT seed="3,1,0,5,5,13" ten="193,167,128,512" oya="3" hai0="21,87,32,8,99,116,20,129,42,39,78,82,47" hai1="105,37,114,66,94,54,122,63,108,55,0,45,16" hai2="135,5,103,29,112,104,26,130,49,98,17,109,7" hai3="1,44,40,35,43,126,30,19,46,83,95,36,88"/><W133/><G133/><T67/><D116/><U85/><E105/><V127/><F112/><W90/><G1/><T77/><D129/><U11/><E114/><V23/><F135/><W34/><G126/><T125/><D125/><U4/><E122/><V113/><F113/><W121/><G30/><T68/><D32/><U134/><E108/><V84/><F109/><W89/><G121/><T71/><D78/><U48/><E134/><V120/><F120/><W10/><G95/><T93/><D8/><U60/><E37/><V57/><F130/><W59/><G59/><T107/><D107/><U131/><E131/><V38/><F38/><W75/><G75/><T41/><D41/><U65/><E85/><V124/><F124/><W79/><G79/><T18/><D67/><U106/><E94/><V3/><F3/><W91/><G83/><T119/><D20/><U53/><E106/><V118/><F118/><W12/><N who="3" m="22528" /><DORA hai="132" /><W50/><AGARI ba="1,0" hai="10,12,19,34,35,36,40,43,44,46,50" m="22528" machi="50" ten="40,12000,1" yaku="4,1,0,1,52,1,54,1" doraHai="13,132" who="3" fromWho="3" sc="193,-41,167,-41,128,-41,512,123" /><INIT seed="3,2,0,5,2,71" ten="152,126,87,635" oya="3" hai0="96,46,135,51,87,132,28,14,73,32,98,1,64" hai1="111,35,79,131,66,45,42,118,105,70,59,13,8" hai2="113,61,7,68,69,10,29,25,16,110,65,26,56" hai3="19,6,104,92,67,0,99,57,82,34,30,112,128"/><W124/><G112/><T36/><D73/><U20/><E35/><V12/><F113/><W37/><G124/><T93/><D1/><U18/><E105/><V50/><F110/><W91/><G128/><T31/><D64/><U90/><E79/><V33/><F26/><W75/><G0/><T62/><D62/><U116/><E111/><V100/><F100/><W103/><G6/><T52/><D14/><U130/><E70/><V83/><F83/><W81/><G19/><T63/><D87/><U23/><E90/><V17/><F50/><W38/><G82/><T24/><D63/><N who="1" m="38271" /><E23/><V114/><F114/><W78/><G57/><N who="0" m="32927" /><D31/><U9/><E20/><V123/><F123/><W11/><G11/><T15/><D15/><U126/><E8/><V129/><F129/><N who="1" m="49161" /><E126/><V21/><REACH who="2" step="1"/><F17/><REACH who="2" ten="152,126,77,635" step="2"/><W133/><G81/><T22/><D32/><U76/><E76/><V74/><F74/><W89/><G78/><T72/><D72/><U115/><E115/><V60/><F60/><W117/><G75/><T86/><D86/><U88/><E88/><V5/><F5/><W41/><G89/><T107/><D107/><U39/><AGARI ba="2,1" hai="9,13,18,39,42,45,116,118" m="49161,38271" machi="39" ten="30,2000,0" yaku="19,1,52,1" doraHai="71" who="1" fromWho="1" sc="152,-7,126,36,77,-7,635,-12" /><INIT seed="4,0,0,1,2,91" ten="145,162,70,623" oya="0" hai0="9,115,93,35,97,55,64,80,76,22,103,51,134" hai1="62,12,42,122,34,41,125,82,56,13,118,89,71" hai2="131,67,129,11,39,40,95,105,79,66,124,23,83" hai3="104,112,107,16,49,54,63,96,57,90,24,132,17"/><T20/><D35/><U0/><E118/><V32/><F105/><W135/><G112/><T113/><D134/><N who="3" m="51241" /><G90/><T94/><D64/><U73/><E0/><V100/><F32/><W15/><G96/><N who="0" m="59799" /><D9/><U46/><E34/><V121/><F121/><W133/><G133/><T37/><D37/><U102/><E122/><V110/><F11/><N who="3" m="6271" /><G49/><T88/><D80/><U128/><E102/><V117/><F83/><W26/><G26/><T75/><D76/><U70/><E73/><V109/><F79/><W106/><G24/><T85/><D85/><U81/><E89/><V69/><F117/><W5/><G17/><T27/><D27/><U87/><E87/><V3/><F3/><W130/><G130/><T7/><D7/><AGARI ba="0,0" hai="5,7,54,57,63,104,106,107" m="6271,51241" machi="7" ten="40,2600,0" yaku="20,1,54,1" doraHai="91" who="3" fromWho="0" sc="145,-26,162,0,70,0,623,26" /><INIT seed="5,0,0,2,4,14" ten="119,162,70,649" oya="1" hai0="3,95,81,27,51,39,134,26,17,133,107,90,50" hai1="119,67,83,23,101,18,130,64,103,58,98,84,37" hai2="22,116,110,44,115,20,118,21,85,52,53,57,12" hai3="91,31,10,88,114,92,131,59,28,65,102,0,45"/><U38/><E119/><V74/><F74/><W105/><G114/><T43/><D3/><U129/><E67/><V29/><F110/><W36/><G105/><T82/><D107/><U48/><E38/><V30/><F115/><W94/><G102/><T127/><D127/><U124/><E37/><V25/><F44/><W11/><G36/><T104/><D104/><U63/><E48/><N who="0" m="18473" /><D43/><U112/><E112/><V97/><F97/><N who="3" m="57479" /><G45/><T2/><D2/><U121/><E121/><V40/><F40/><W125/><G0/><T41/><D41/><U111/><E124/><V35/><F30/><N who="3" m="11307" /><G131/><N who="1" m="50186" /><E111/><V24/><F24/><N who="0" m="9258" /><D17/><U128/><E98/><V77/><F53/><W55/><G65/><T76/><D39/><U33/><E33/><V61/><REACH who="2" step="1"/><F12/><REACH who="2" ten="119,162,60,649" step="2"/><W72/><G72/><T117/><D117/><U1/><E128/><V8/><F8/><W6/><G6/><T16/><D133/><U49/><E1/><V78/><F78/><W34/><G34/><T47/><D134/><U68/><E64/><V113/><F113/><W69/><G69/><T132/><D132/><U106/><E68/><V56/><F56/><W87/><G125/><T71/><D71/><U120/><E58/><V108/><F108/><W54/><G59/><T79/><D47/><U99/><E120/><V19/><F19/><W75/><G75/><T7/><D16/><U93/><E18/><V89/><F89/><W86/><G86/><N who="0" m="52695" /><D7/><U109/><E109/><V126/><F126/><W123/><G123/><T32/><D32/><U13/><E13/><V80/><AGARI ba="0,1" hai="20,21,22,25,29,35,52,57,61,77,80,85,116,118" machi="80" ten="30,4000,0" yaku="1,1,0,1,54,1,53,0" doraHai="14" doraHaiUra="70" who="2" fromWho="2" sc="119,-10,162,-20,60,50,649,-10" /><INIT seed="6,0,0,4,3,66" ten="109,142,110,639" oya="2" hai0="42,57,6,26,105,18,5,72,113,52,46,127,107" hai1="2,126,60,14,119,48,82,61,21,102,125,80,115" hai2="117,98,31,116,122,75,47,11,27,135,88,84,44" hai3="89,70,45,34,131,92,99,78,30,121,104,10,28"/><V73/><F122/><W100/><G121/><T33/><D72/><U43/><E2/><V36/><F135/><W129/><G70/><T12/><D113/><U25/><E119/><V79/><F98/><W0/><G45/><T7/><D127/><N who="1" m="48651" /><E102/><V55/><F11/><W71/><G71/><T109/><D109/><U134/><E115/><V63/><F44/><W29/><G78/><T93/><D93/><U114/><E48/><V111/><F111/><W59/><G59/><T40/><D33/><U65/><E43/><V56/><F79/><W133/><G34/><T38/><D26/><U24/><E60/><V85/><F85/><W62/><G62/><T112/><D40/><U91/><E91/><V108/><F108/><W74/><G74/><T32/><D32/><U123/><E134/><V128/><F128/><N who="3" m="49227" /><G133/><T106/><D112/><U95/><E61/><V22/><F75/><W69/><G69/><T50/><REACH who="0" step="1"/><D107/><REACH who="0" ten="99,142,110,639" step="2"/><U4/><E114/><V39/><F73/><W51/><G51/><T16/><D16/><N who="1" m="10391" /><E24/><V67/><F39/><W81/><G81/><T118/><D118/><U54/><E82/><N who="2" m="49175" /><F36/><W17/><G89/><T9/><AGARI ba="0,1" hai="5,6,7,9,12,18,38,42,46,50,52,57,105,106" machi="9" ten="30,4000,0" yaku="1,1,0,1,54,1,53,0" doraHai="66" doraHaiUra="90" who="0" fromWho="0" sc="99,50,142,-10,110,-20,639,-10" /><INIT seed="7,0,0,0,3,5" ten="149,132,90,629" oya="3" hai0="75,38,110,118,55,124,73,89,21,116,44,82,109" hai1="53,7,111,11,115,79,3,34,81,26,128,61,59" hai2="114,102,85,123,35,28,98,67,6,45,83,41,92" hai3="36,68,20,9,24,54,37,97,93,133,100,105,22"/><W27/><G68/><T113/><D21/><U31/><E111/><N who="0" m="42505" /><D55/><U126/><E128/><V4/><F123/><W13/><G133/><T106/><D44/><U63/><E115/><V134/><F114/><W71/><G71/><T107/><D38/><U1/><E126/><V23/><F35/><W15/><G93/><T10/><D10/><U129/><E129/><V19/><F28/><W104/><G104/><N who="0" m="39979" /><D113/><U29/><E29/><V39/><F67/><W88/><G88/><T86/><D124/><U49/><E3/><V69/><F69/><W127/><G97/><T121/><D121/><U32/><E32/><V131/><F131/><W65/><G100/><T125/><D125/><U80/><E80/><V96/><F96/><W25/><G105/><T58/><D58/><U51/><E51/><V74/><F74/><AGARI ba="0,0" hai="73,74,75,82,86,89,116,118" m="39979,42505" machi="74" ten="40,2600,0" yaku="34,2" doraHai="5" who="0" fromWho="2" sc="149,26,132,0,90,-26,629,0" /><AGARI ba="0,0" hai="1,7,11,26,31,34,49,53,59,61,63,74,79,81" machi="74" ten="30,2000,0" yaku="7,1,52,1" doraHai="5" who="1" fromWho="2" sc="175,0,132,20,64,-20,629,0" owari="175,-2.0,152,-25.0,44,-46.0,629,73.0" /></mjloggm>