<mjloggm ver="2.3"><GO type="169" lobby="0"/><UN n0="%E3%82%88%E3%81%93%40%63" n1="%E3%81%AB%E3%82%83%E3%82%93%E5%90%89" n2="%E3%81%BE%E3%81%93%E3%81%A8%E3%81%95%E3%82%93" n3="%E6%9C%94%E7%8A%AC" dan="17,16,16,16" rate="2162.87,2094.37,2134.68,2072.47" sx="F,M,M,M"/><TAIKYOKU oya="0"/><INIT seed="0,0,0,1,3,87" ten="250,250,250,250" oya="0" hai0="128,21,76,82,53,15,123,122,107,12,51,73,44" hai1="0,102,70,132,103,83,3,117,59,86,71,25,98" hai2="125,46,24,110,68,43,54,81,39,112,94,67,130" hai3="36,95,19,115,134,35,129,105,41,100,27,93,92"/><T91/><D128/><U47/><E117/><V78/><F112/><W6/><G115/><T72/><D72/><U42/><E132/><V80/><F130/><W1/><G129/><T32/><D32/><U65/><E59/><V18/><F110/><W11/><G134/><T55/><D107/><U8/><E25/><V89/><F125/><W109/><G109/><T120/><D21/><U30/><E30/><V10/><F54/><W5/><G5/><T31/><D31/><U13/><E3/><V49/><F39/><W26/><G35/><T34/><D34/><U58/><E58/><V127/><F127/><W28/><G28/><T57/><REACH who="0" step="1"/><D91/><REACH who="0" ten="240,250,250,250" step="2"/><U9/><E103/><V121/><F78/><W111/><G111/><T62/><AGARI ba="0,1" hai="12,15,44,51,53,55,57,62,73,76,82,120,122,123" machi="62" ten="30,6000,0" yaku="1,1,2,1,0,1,53,0" doraHai="87" doraHaiUra="101" who="0" fromWho="0" sc="240,70,250,-20,250,-20,250,-20" /><INIT seed="0,1,0,0,0,83" ten="310,230,230,230" oya="0" hai0="91,78,122,92,5,56,111,17,58,87,42,134,79" hai1="52,25,36,108,125,106,30,14,55,73,89,126,47" hai2="27,7,114,99,113,35,48,74,33,100,38,130,115" hai3="98,10,1,118,70,116,54,40,13,76,23,119,62"/><T65/><D122/><U104/><E73/><V135/><F130/><W93/><G1/><T45/><D111/><U121/><E121/><V101/><F38/><W124/><G40/><T8/><D134/><U110/><E14/><V12/><F135/><W18/><G76/><T131/><D131/><U43/><E106/><V34/><F74/><W2/><G124/><N who="1" m="47722" /><E104/><V96/><F48/><W3/><G10/><T112/><D112/><U127/><N who="1" m="47730" /><U64/><DORA hai="51" /><E64/><V9/><REACH who="2" step="1"/><F27/><REACH who="2" ten="310,230,220,230" step="2"/><W90/><G116/><T84/><D65/><U86/><E25/><V85/><F85/><W109/><G118/><T72/><D84/><U57/><E30/><V120/><F120/><W21/><G119/><T67/><D72/><U44/><E86/><V60/><F60/><W50/><G62/><T4/><D67/><U94/><E110/><V117/><F117/><W68/><G109/><T105/><D78/><U63/><E108/><V15/><F15/><W46/><G3/><T88/><D79/><U31/><E31/><V128/><F128/><W0/><G2/><T133/><D133/><U16/><E36/><V22/><F22/><W132/><G0/><T20/><D20/><U107/><E63/><V81/><F81/><W19/><G132/><T82/><D82/><U95/><E107/><V6/><F6/><N who="0" m="2666" /><D105/><U97/><E95/><V26/><F26/><AGARI ba="1,1" hai="13,18,19,21,23,26,46,50,54,68,70,90,93,98" machi="26" ten="30,2000,0" yaku="7,1,52,1" doraHai="83,51" who="3" fromWho="2" sc="310,0,230,0,220,-23,230,33" /><INIT seed="1,0,0,1,3,134" ten="310,230,197,263" oya="1" hai0="28,42,117,35,83,59,39,130,43,66,52,20,65" hai1="73,61,67,113,108,45,54,1,98,101,94,126,24" hai2="89,63,13,70,23,6,32,95,50,79,4,97,100" hai3="116,103,19,53,17,124,47,119,110,132,81,46,38"/><U90/><E113/><V30/><F32/><W12/><G132/><T78/><D117/><N who="3" m="45129" /><G38/><T131/><D35/><U18/><E1/><V123/><F123/><W14/><G110/><T118/><D118/><U51/><E73/><V2/><F79/><W71/><G71/><T58/><D20/><U125/><E108/><V37/><F37/><W82/><G103/><T69/><D28/><U109/><E109/><V122/><F122/><W102/><G102/><T77/><D83/><N who="3" m="31753" /><G124/><N who="1" m="47722" /><E18/><N who="3" m="6666" /><G53/><T111/><D111/><U48/><E24/><V88/><F2/><W8/><G8/><T16/><D39/><U21/><E21/><V26/><F13/><AGARI ba="0,0" hai="12,13,14,46,47" m="6666,31753,45129" machi="13" ten="30,3900,0" yaku="28,2,12,1" doraHai="134" who="3" fromWho="2" sc="310,0,230,0,197,-39,263,39" /><INIT seed="2,0,0,4,2,84" ten="310,230,158,302" oya="2" hai0="89,44,96,114,66,43,102,97,87,27,67,80,74" hai1="3,9,13,0,127,35,48,77,36,78,16,132,125" hai2="1,99,53,57,54,12,28,123,39,31,69,8,49" hai3="55,45,47,83,52,65,51,2,131,17,121,116,60"/><V37/><F123/><W133/><G121/><T126/><D114/><U71/><E36/><V70/><F1/><W29/><G116/><T4/><D126/><N who="1" m="48139" /><E71/><V119/><F119/><W86/><G2/><N who="1" m="554" /><E48/><V79/><F39/><W61/><G131/><T112/><D112/><U23/><E78/><V128/><F128/><W72/><G72/><T46/><D4/><N who="1" m="3239" /><E35/><V34/><F37/><W100/><G61/><T129/><D74/><U22/><E77/><V75/><F34/><W104/><G60/><T130/><D46/><U106/><E106/><V56/><F99/><W110/><G104/><T30/><D129/><U98/><E98/><V38/><F38/><W107/><G107/><T33/><D97/><U64/><E64/><V25/><F75/><W32/><G32/><T108/><D130/><U18/><E132/><V5/><F79/><W81/><G51/><T113/><D113/><U10/><E10/><V76/><F76/><W20/><G133/><T134/><D134/><U95/><E95/><V26/><F69/><W103/><G65/><N who="0" m="24587" /><D44/><U6/><E6/><V63/><REACH who="2" step="1"/><F70/><REACH who="2" ten="310,230,148,302" step="2"/><W135/><G135/><T91/><D96/><U117/><E117/><V62/><F62/><W93/><G86/><T90/><D87/><U94/><E94/><V92/><F92/><W111/><G93/><T58/><D33/><U11/><E11/><V68/><F68/><W115/><G115/><T101/><D80/><U120/><E120/><V82/><F82/><W24/><G81/><T73/><D73/><U42/><E42/><V118/><F118/><W21/><G83/><T124/><D43/><RYUUKYOKU ba="0,1" sc="310,-15,230,15,148,15,302,-15" hai1="16,18,22,23" hai2="5,8,12,25,26,28,31,49,53,54,56,57,63" /><INIT seed="2,1,1,0,1,28" ten="295,245,163,287" oya="2" hai0="126,51,11,48,109,68,133,35,15,89,31,22,111" hai1="104,49,118,40,96,117,105,102,135,115,107,13,43" hai2="50,88,134,85,54,56,37,76,78,21,65,53,32" hai3="58,62,95,93,125,4,18,101,132,27,66,59,55"/><V112/><F112/><W131/><G131/><T127/><D68/><U83/><E115/><V108/><F134/><W121/><G121/><T70/><D70/><U5/><E135/><V99/><F37/><W2/><G132/><T94/><D133/><U9/><E117/><V100/><F32/><W24/><G125/><N who="0" m="47627" /><D22/><U36/><E118/><V97/><F108/><N who="0" m="41546" /><D31/><U26/><E36/><V110/><F110/><W98/><G2/><T129/><D35/><U91/><E26/><V23/><F65/><W124/><G4/><N who="0" m="3559" /><D129/><U74/><E105/><V90/><F90/><W41/><G124/><T67/><D67/><U12/><E104/><V45/><F23/><W71/><G71/><T1/><D1/><U77/><E49/><N who="2" m="30799" /><F21/><W113/><G113/><T7/><D7/><U0/><E0/><V33/><F33/><W52/><G18/><T34/><D34/><U29/><E29/><V87/><F100/><W39/><G66/><T123/><D123/><U119/><E119/><V120/><F120/><W19/><G19/><T60/><D60/><U61/><E61/><V69/><F69/><W30/><G30/><T81/><D81/><U122/><E122/><V8/><F8/><W73/><G62/><T10/><D10/><U6/><E9/><V114/><F114/><W103/><G27/><T86/><AGARI ba="1,1" hai="48,51,86,89,94" m="3559,41546,47627" machi="86" ten="30,2000,0" yaku="18,1,14,1" doraHai="28" who="0" fromWho="0" sc="295,33,245,-6,163,-11,287,-6" /><INIT seed="3,0,0,4,5,16" ten="328,239,152,281" oya="3" hai0="86,129,37,118,23,85,126,52,128,110,99,121,114" hai1="70,21,134,30,72,8,66,98,88,36,35,106,123" hai2="101,120,34,73,42,31,64,17,130,4,89,83,111" hai3="3,133,79,29,51,1,69,97,119,25,93,22,124"/><W55/><G119/><T62/><D121/><U102/><E123/><V39/><F120/><W127/><G69/><T11/><D118/><U14/><E36/><V0/><F111/><W15/><G79/><T12/><D37/><U49/><E72/><V131/><F101/><W5/><G133/><T135/><D110/><U80/><E35/><V90/><F64/><W24/><G24/><T40/><D40/><U54/><E134/><V112/><F112/><W74/><G74/><T43/><D43/><U71/><E66/><V53/><F53/><W92/><G15/><T78/><D135/><U125/><E125/><N who="3" m="48202" /><G5/><T91/><D114/><U75/><E75/><V27/><F17/><W26/><G26/><T109/><D78/><U113/><E113/><V13/><F13/><W2/><G97/><T50/><D62/><U59/><E8/><N who="2" m="2055" /><F90/><W96/><G96/><T44/><D11/><U132/><E132/><V60/><F89/><W84/><G84/><T47/><D126/><U87/><REACH who="1" step="1"/><E14/><REACH who="1" ten="328,229,152,281" step="2"/><V95/><F73/><W32/><G32/><T108/><D109/><U57/><E57/><AGARI ba="0,1" hai="1,2,3,22,25,29,51,55,57,92,93" m="48202" machi="57" ten="40,3900,0" yaku="18,1,52,1" doraHai="16" who="3" fromWho="1" sc="328,0,229,-39,152,0,281,49" /><INIT seed="3,1,0,3,5,84" ten="328,190,152,330" oya="3" hai0="32,61,108,18,74,42,116,133,15,43,39,20,12" hai1="95,81,109,5,80,21,52,24,92,122,56,60,36" hai2="121,6,120,46,67,10,118,64,73,51,71,115,101" hai3="54,47,103,58,28,40,38,19,53,16,100,45,94"/><W127/><G127/><T83/><D32/><U90/><E122/><N who="2" m="47211" /><F118/><W107/><G107/><T34/><D34/><U31/><E109/><V59/><F115/><W23/><G28/><T0/><D0/><U104/><E104/><V29/><F73/><W99/><G100/><T11/><D133/><U13/><E36/><V48/><F101/><W130/><G130/><T70/><D108/><U91/><E13/><V82/><F29/><W125/><G125/><T132/><D39/><U88/><E5/><V79/><F71/><W87/><G87/><T98/><D98/><N who="1" m="57623" /><E91/><V105/><F105/><W1/><G1/><T62/><D70/><U33/><E33/><V25/><F25/><W14/><G47/><T65/><D132/><U4/><E4/><V27/><F27/><W78/><G78/><N who="0" m="44503" /><D15/><U93/><E93/><V96/><F96/><AGARI ba="1,0" hai="21,24,31,52,56,60,80,81,88,95,96" m="57623" machi="96" ten="30,8000,1" yaku="8,1,52,2,54,2" doraHai="84" who="1" fromWho="2" sc="328,0,190,83,152,-83,330,0" /><INIT seed="4,0,0,3,0,11" ten="328,273,69,330" oya="0" hai0="28,13,24,29,70,34,72,47,69,97,52,10,33" hai1="80,96,27,25,8,61,107,2,82,63,15,60,32" hai2="57,37,1,133,40,14,16,21,99,110,85,88,95" hai3="93,84,58,79,118,53,26,17,75,62,3,83,92"/><T31/><D72/><U86/><E2/><V59/><F110/><W67/><G3/><T48/><D97/><U38/><E38/><V134/><F1/><W98/><G118/><T105/><D105/><U4/><E32/><V23/><F23/><N who="3" m="13679" /><G75/><T106/><D106/><U71/><E71/><V101/><F40/><W55/><G93/><T65/><D24/><U81/><REACH who="1" step="1"/><E86/><REACH who="1" ten="328,263,69,330" step="2"/><V129/><F37/><W50/><G50/><T18/><REACH who="0" step="1"/><D70/><REACH who="0" ten="318,263,69,330" step="2"/><U131/><E131/><V41/><F129/><W109/><G109/><T9/><D9/><U5/><E5/><V104/><REACH who="2" step="1"/><F41/><REACH who="2" ten="318,263,59,330" step="2"/><W91/><AGARI ba="0,3" hai="53,55,58,62,67,79,83,84,91,92,98" m="13679" machi="91" ten="30,1100,0" yaku="8,1" doraHai="11" who="3" fromWho="3" sc="318,-5,263,-3,59,-3,330,41" /><INIT seed="5,0,0,4,1,56" ten="313,260,56,371" oya="1" hai0="20,62,111,6,85,38,93,14,19,34,31,55,86" hai1="60,96,84,88,59,107,11,125,4,70,113,3,77" hai2="79,10,130,47,134,64,122,73,129,12,46,104,89" hai3="57,42,114,2,44,54,33,135,52,133,127,65,119"/><U66/><E113/><V37/><F122/><W23/><G33/><T90/><D38/><U121/><E125/><V71/><F134/><N who="3" m="51211" /><G2/><T39/><D39/><U26/><E121/><V105/><F79/><W72/><G72/><T13/><D111/><U115/><E115/><V35/><F73/><W128/><G114/><T98/><D31/><U120/><E120/><V58/><F35/><W25/><G128/><N who="2" m="49257" /><F71/><W21/><G127/><T92/><D34/><U9/><E77/><V51/><F89/><W49/><G119/><T16/><D92/><U5/><E26/><V22/><F22/><N who="3" m="8203" /><G25/><N who="0" m="14471" /><D6/><U24/><E24/><V131/><N who="2" m="49265" /><V0/><DORA hai="30" /><F0/><W76/><G76/><T48/><D48/><U1/><E96/><V43/><F58/><W63/><AGARI ba="0,0" hai="42,44,49,52,54,57,63,65" m="8203,51211" machi="63" ten="30,4000,0" yaku="20,1,52,1,54,1" doraHai="56,30" who="3" fromWho="3" sc="313,-10,260,-20,56,-10,371,40" /><INIT seed="6,0,0,5,2,89" ten="303,240,46,411" oya="2" hai0="37,67,41,71,75,113,16,39,116,32,99,84,78" hai1="13,38,123,81,72,48,131,83,58,93,23,59,33" hai2="120,109,115,70,57,94,128,101,82,111,66,44,85" hai3="134,2,17,8,117,91,45,69,20,54,130,10,124"/><V118/><F118/><W49/><G117/><T0/><D116/><U126/><E38/><V92/><F120/><W40/><G69/><T12/><D0/><U103/><E33/><V97/><F115/><W25/><G130/><T35/><D75/><U107/><E107/><N who="2" m="63919" /><F128/><W46/><G134/><T79/><D71/><U3/><E3/><V110/><F70/><W96/><G2/><T29/><D113/><U65/><E72/><V15/><F44/><W98/><G124/><T5/><D37/><U55/><E131/><V102/><F102/><W19/><G19/><T18/><D35/><U21/><E126/><V121/><F121/><W61/><G61/><T47/><D67/><U6/><E123/><V27/><F15/><W42/><G54/><T112/><D112/><U56/><E65/><V133/><F27/><W129/><G129/><T43/><D47/><N who="1" m="28063" /><E6/><V86/><F133/><W88/><G25/><T127/><D5/><U108/><E108/><N who="2" m="27651" /><V125/><DORA hai="73" /><F125/><W51/><G45/><T95/><D127/><U26/><E13/><V60/><F86/><W34/><G46/><T52/><D84/><U106/><E106/><V100/><F100/><W114/><G114/><T64/><D12/><U74/><E74/><V28/><F28/><W53/><G96/><T24/><D99/><N who="1" m="59887" /><E21/><V135/><F135/><W76/><G20/><T122/><D32/><U11/><E11/><V132/><F132/><W104/><G10/><T1/><D122/><U87/><E87/><V14/><F14/><W68/><G8/><T9/><D1/><U80/><E80/><V90/><AGARI ba="0,0" hai="57,60,66,82,85,90,92,94" m="27651,63919" machi="90" ten="40,12000,1" yaku="5,1,10,1,52,2" doraHai="89,73" who="2" fromWho="2" sc="303,-40,240,-40,46,120,411,-40" /><INIT seed="6,1,0,5,5,17" ten="263,200,166,371" oya="2" hai0="124,28,32,116,112,68,130,121,3,26,13,107,83" hai1="133,69,45,129,126,11,94,127,87,109,95,1,93" hai2="19,97,120,40,6,131,20,63,61,122,7,135,18" hai3="38,108,81,92,75,37,105,103,128,4,51,25,102"/><V23/><F40/><W119/><G108/><T46/><RYUUKYOKU type="yao9" ba="1,0" sc="263,0,200,0,166,0,371,0" hai0="3,13,26,28,32,46,68,83,107,112,116,121,124,130" /><INIT seed="6,2,0,2,2,93" ten="263,200,166,371" oya="2" hai0="18,28,98,12,121,86,114,94,6,87,70,44,38" hai1="69,99,126,66,118,21,79,83,7,78,24,22,3" hai2="10,123,96,92,0,26,112,36,48,25,17,127,125" hai3="105,63,122,84,2,74,108,119,49,77,40,71,106"/><V115/><F36/><W64/><G108/><T32/><D121/><U111/><E111/><V9/><F123/><W54/><G122/><T73/><D73/><U89/><E118/><V42/><F42/><W56/><G119/><T88/><D70/><U67/><E126/><N who="2" m="48139" /><F48/><W31/><G2/><T107/><D6/><U33/><E33/><V95/><F95/><W53/><G74/><T130/><D130/><U132/><E132/><V61/><F61/><W103/><G103/><T16/><D107/><U104/><E69/><V133/><F133/><W41/><G31/><T76/><D114/><N who="2" m="43562" /><F0/><W11/><G41/><T116/><D38/><U43/><E43/><V60/><F60/><W75/><G40/><T5/><D44/><U29/><E104/><V90/><F17/><W113/><G113/><T120/><D120/><U47/><E3/><V20/><F20/><W23/><G23/><T134/><D134/><U100/><E21/><V91/><F91/><W62/><G105/><T4/><D18/><U85/><E22/><V57/><F57/><W52/><G106/><T72/><D116/><U81/><E89/><V101/><F90/><W110/><G71/><T15/><D16/><U27/><E78/><V102/><F101/><W97/><G63/><T59/><D59/><U80/><E79/><V19/><F19/><W13/><G49/><T51/><D51/><U117/><E100/><V124/><N who="2" m="48147" /><V58/><DORA hai="55" /><F58/><W8/><G56/><T129/><D76/><U30/><E117/><V50/><F50/><W68/><G68/><T1/><D1/><U65/><E65/><RYUUKYOKU ba="2,0" sc="263,-10,200,-10,166,30,371,-10" hai2="9,10,25,26,92,96,102" /><INIT seed="6,3,0,2,3,10" ten="253,190,196,361" oya="2" hai0="4,54,61,23,125,117,104,80,85,0,101,19,97" hai1="114,49,31,94,73,63,29,90,27,118,11,89,87" hai2="95,100,33,22,2,88,128,24,25,74,62,17,103" hai3="26,82,72,70,37,59,34,86,96,69,110,13,8"/><V41/><F74/><W44/><G72/><T91/><D125/><U67/><E114/><V30/><F2/><W35/><G110/><T39/><D39/><U79/><E73/><V111/><F111/><W84/><G59/><T99/><D99/><U71/><E118/><V52/><F128/><W6/><G96/><T119/><D4/><U60/><E79/><V36/><F41/><W15/><G37/><T46/><D0/><U40/><E63/><V65/><F36/><W106/><G44/><T48/><REACH who="0" step="1"/><D61/><REACH who="0" ten="243,190,196,361" step="2"/><U105/><E60/><V57/><F65/><W107/><G6/><T43/><D43/><U53/><E40/><V20/><F33/><W77/><G34/><T50/><D50/><U130/><E49/><V58/><F57/><W1/><G35/><T56/><D56/><U7/><E67/><V32/><F32/><W64/><G1/><T66/><D66/><U135/><E7/><V45/><F45/><W129/><G64/><T109/><D109/><U3/><E3/><V83/><F83/><W9/><G82/><T115/><D115/><U76/><E130/><V14/><F25/><AGARI ba="3,1" hai="19,23,25,46,48,54,80,85,91,97,101,104,117,119" machi="25" ten="40,2600,0" yaku="1,1,53,1" doraHai="10" doraHaiUra="21" who="0" fromWho="2" sc="243,45,190,0,196,-35,361,0" /><INIT seed="7,0,0,4,5,13" ten="288,190,161,361" oya="3" hai0="59,135,3,105,97,113,10,37,60,36,71,27,134" hai1="84,95,78,14,116,132,87,38,89,70,109,107,28" hai2="68,110,12,119,130,26,115,90,53,6,101,46,40" hai3="55,102,96,127,39,81,75,114,20,57,24,125,76"/><W41/><G114/><T19/><D113/><U124/><E109/><V117/><F115/><W8/><G8/><T42/><D71/><U47/><E70/><V69/><F110/><W54/><G41/><T0/><D0/><U94/><E107/><V66/><F130/><W16/><G39/><T112/><D112/><U11/><E124/><N who="3" m="47690" /><G57/><T93/><D105/><AGARI ba="0,0" hai="16,20,24,54,55,75,76,81,96,102,105" m="47690" machi="105" ten="30,5800,0" yaku="18,1,52,1,54,1" doraHai="13" who="3" fromWho="0" sc="288,-58,190,0,161,0,361,58" owari="230,3.0,190,-21.0,161,-34.0,419,52.0" /></mjloggm>