<mjloggm ver="2.3"><GO type="169" lobby="0"/><UN n0="%E7%B4%A0%E6%8C%AF%E3%82%8A%E7%8C%AB" n1="%E3%81%9F%E3%81%A1%E3%83%90%E3%83%8A%E3%83%8A%40" n2="%E3%82%88%E3%81%93%40%63" n3="%E3%82%BF%E3%83%9E%E3%83%8D%E3%82%AE" dan="17,17,17,17" rate="2138.24,2182.46,2160.86,2168.50" sx="M,M,F,M"/><TAIKYOKU oya="0"/><INIT seed="0,0,0,0,1,22" ten="250,250,250,250" oya="0" hai0="81,87,27,92,11,74,108,55,103,75,76,69,41" hai1="49,78,24,58,0,133,122,38,128,118,88,50,124" hai2="134,115,64,51,20,33,2,57,79,32,43,120,36" hai3="117,14,73,110,123,28,129,114,52,30,63,70,29"/><T42/><D69/><U71/><E118/><V62/><F120/><W1/><G14/><T7/><D108/><U39/><E122/><V56/><F2/><W126/><G52/><T72/><D55/><U100/><E71/><V21/><F36/><W18/><G63/><T113/><D113/><U99/><E0/><V5/><F5/><W102/><G18/><T135/><D135/><U68/><E68/><V109/><F109/><W6/><G6/><T97/><REACH who="0" step="1"/><D27/><REACH who="0" ten="240,250,250,250" step="2"/><U127/><E133/><V101/><F115/><W17/><G114/><T46/><D46/><U90/><E24/><V45/><F134/><W4/><G110/><T65/><D65/><U116/><E116/><V83/><F64/><W80/><G117/><T61/><D61/><U105/><E124/><V34/><F62/><W104/><G126/><T54/><D54/><U98/><E127/><V47/><F47/><W66/><G66/><T48/><D48/><U15/><E49/><V67/><F67/><W85/><G70/><T37/><D37/><U94/><E38/><V130/><F56/><W132/><G132/><T23/><D23/><U12/><E39/><V31/><F57/><W13/><G123/><T112/><D112/><U107/><E58/><V59/><F59/><W8/><G8/><T121/><D121/><U89/><E50/><V86/><F21/><W10/><G10/><T91/><D91/><U53/><E53/><V131/><F101/><W77/><G102/><T119/><D119/><U82/><E90/><V125/><F125/><W19/><G77/><T3/><AGARI ba="0,1" hai="3,7,11,41,42,72,74,75,76,81,87,92,97,103" machi="3" ten="30,3000,0" yaku="1,1,0,1,53,0" doraHai="22" doraHaiUra="16" who="0" fromWho="0" sc="240,40,250,-10,250,-10,250,-10" /><INIT seed="0,1,0,4,4,122" ten="280,240,240,240" oya="0" hai0="86,2,129,106,128,104,88,89,28,44,13,107,15" hai1="131,26,50,53,80,125,45,21,1,34,51,132,40" hai2="30,101,68,102,64,78,42,99,35,57,8,27,74" hai3="112,119,95,29,32,120,75,117,69,63,19,93,79"/><T103/><D2/><U55/><E1/><V98/><F8/><W36/><G112/><T135/><D103/><U66/><E34/><V87/><F57/><W85/><G36/><T76/><D28/><U118/><E118/><V121/><F87/><W81/><G120/><T47/><D76/><U91/><E125/><V31/><F31/><W46/><G19/><T14/><D135/><U17/><E132/><V9/><F9/><W123/><G123/><T59/><D59/><U18/><E131/><N who="0" m="50249" /><D86/><N who="1" m="50631" /><E66/><V41/><F98/><W113/><G113/><T39/><D39/><U10/><E51/><V133/><F102/><W108/><G46/><AGARI ba="1,0" hai="13,14,15,44,46,47,88,89,104,106,107" m="50249" machi="46" ten="40,12000,1" yaku="28,2,19,1,54,1" doraHai="122" who="0" fromWho="3" sc="280,123,240,0,240,0,240,-123" /><INIT seed="0,2,0,4,0,72" ten="403,240,240,117" oya="0" hai0="53,77,129,99,107,56,3,55,124,21,103,120,27" hai1="108,38,28,94,118,79,58,45,104,5,64,33,110" hai2="15,111,122,119,54,59,61,19,68,47,101,31,7" hai3="95,81,37,78,32,93,0,18,40,117,60,20,63"/><T8/><D120/><U62/><E118/><V74/><F122/><W70/><G117/><T34/><D34/><U76/><E104/><V100/><F119/><W66/><G32/><T96/><D129/><U83/><E5/><V106/><F68/><W6/><G63/><T17/><D124/><U23/><E33/><V125/><F125/><W86/><G40/><T126/><D99/><U112/><E83/><V135/><F135/><W132/><G37/><T57/><D126/><U115/><E94/><V130/><F130/><W25/><REACH who="3" step="1"/><G132/><REACH who="3" ten="403,240,240,107" step="2"/><T88/><D55/><U69/><E38/><V114/><F54/><W109/><G109/><N who="1" m="42090" /><E69/><V51/><F61/><W127/><G127/><T50/><D53/><U30/><E45/><V4/><F47/><W10/><AGARI ba="2,1" hai="0,6,10,18,20,25,60,66,70,78,81,86,93,95" machi="10" ten="30,7900,0" yaku="1,1,0,1,52,1,53,1" doraHai="72" doraHaiUra="16" who="3" fromWho="3" sc="403,-41,240,-22,240,-22,107,95" /><INIT seed="1,0,0,4,3,71" ten="362,218,218,202" oya="1" hai0="85,43,109,118,101,105,54,50,107,125,126,12,55" hai1="92,83,90,21,32,123,100,73,41,61,113,78,112" hai2="36,96,34,69,91,22,129,56,24,131,18,115,14" hai3="121,132,111,66,15,13,27,82,44,86,79,134,60"/><U17/><E123/><V62/><F69/><W29/><G121/><T89/><D118/><U64/><E32/><V33/><F115/><W87/><G111/><T80/><D109/><U84/><E41/><V51/><F51/><W81/><G44/><T26/><D43/><U53/><E53/><N who="2" m="34063" /><F14/><W88/><G132/><T124/><D55/><U4/><E4/><V77/><F77/><W31/><G134/><T0/><D0/><U8/><E8/><V20/><F20/><W119/><G119/><T114/><D114/><U74/><E74/><V120/><F120/><W38/><G38/><T108/><D101/><U48/><E48/><V75/><F75/><W39/><G39/><T46/><D108/><U35/><E35/><N who="2" m="13323" /><F36/><W63/><G31/><T42/><D26/><U45/><E45/><V28/><F28/><W10/><G66/><T52/><D54/><U76/><E76/><V2/><F2/><W95/><G95/><AGARI ba="0,0" hai="18,22,24,91,95,96,129,131" m="13323,34063" machi="95" ten="30,1000,0" yaku="25,1" doraHai="71" who="2" fromWho="3" sc="362,0,218,0,218,10,202,-10" /><INIT seed="2,0,0,1,4,135" ten="362,218,228,192" oya="2" hai0="25,72,35,74,18,111,68,113,125,64,107,118,44" hai1="36,121,84,67,89,70,71,126,73,109,2,57,75" hai2="22,6,51,128,23,39,132,124,106,86,93,59,41" hai3="104,1,101,85,77,94,119,13,16,30,32,56,63"/><V49/><F106/><W34/><G119/><T97/><D44/><U131/><E36/><V76/><F132/><W3/><G104/><T117/><D18/><U96/><E2/><V4/><F39/><W100/><G3/><T80/><D111/><U50/><E109/><V7/><F128/><W10/><G1/><T55/><D55/><U87/><E131/><V17/><F23/><W102/><G30/><T133/><D113/><U14/><E121/><V38/><F38/><W28/><G28/><T120/><D120/><U5/><E96/><V105/><F105/><W122/><G122/><T129/><D129/><U60/><E84/><V62/><F124/><W33/><G77/><T20/><D20/><U81/><E126/><V99/><F41/><W11/><G11/><T40/><D40/><U45/><E5/><V27/><F86/><W116/><G116/><T26/><D125/><U53/><REACH who="1" step="1"/><E14/><REACH who="1" ten="362,208,228,192" step="2"/><V88/><REACH who="2" step="1"/><F76/><REACH who="2" ten="362,208,218,192" step="2"/><W110/><G110/><T12/><D118/><U134/><E134/><V24/><F24/><W83/><G85/><T54/><D25/><U108/><E108/><V48/><F48/><W42/><G42/><T82/><D26/><U103/><E103/><V79/><F79/><W52/><REACH who="3" step="1"/><G83/><REACH who="3" ten="362,208,218,182" step="2"/><T95/><D117/><U0/><E0/><V21/><F21/><W114/><G114/><T92/><D133/><U66/><E66/><AGARI ba="0,3" hai="4,6,7,17,22,27,49,51,59,62,66,88,93,99" machi="66" ten="40,7700,0" yaku="1,1,8,1,54,1,53,0" doraHai="135" doraHaiUra="98" who="2" fromWho="1" sc="362,0,208,-77,218,107,182,0" /><INIT seed="2,1,0,3,2,48" ten="362,131,325,182" oya="2" hai0="105,88,51,96,1,70,126,124,93,108,59,12,11" hai1="21,104,92,17,31,53,86,5,43,83,66,62,22" hai2="71,39,128,75,13,8,30,99,125,132,6,111,47" hai3="89,52,55,80,46,32,73,76,23,20,56,119,40"/><V74/><F71/><W35/><G119/><T2/><D70/><U18/><E104/><V114/><F114/><W95/><G35/><T50/><D51/><U34/><E43/><V107/><F132/><W42/><G32/><T14/><D108/><U106/><E106/><V37/><F30/><W77/><G77/><T10/><D105/><U127/><E127/><V117/><F117/><W68/><G68/><T110/><D110/><U64/><E5/><V3/><F13/><W19/><G56/><T69/><D69/><U130/><E92/><V94/><F94/><W78/><G78/><T36/><D36/><N who="2" m="13898" /><F47/><W134/><G134/><T122/><D122/><U0/><E0/><V81/><F81/><W102/><G102/><T28/><D28/><U113/><E31/><V97/><F99/><W58/><G58/><T9/><D2/><U38/><E34/><V85/><F85/><W103/><G103/><T101/><D101/><U44/><E38/><V15/><F3/><W135/><G135/><T123/><D123/><U65/><E113/><V131/><F111/><W90/><G23/><N who="1" m="8714" /><E44/><V118/><F125/><N who="0" m="48234" /><D1/><U33/><E33/><V133/><F133/><W26/><G89/><T25/><D25/><U112/><E112/><V63/><F118/><W45/><G45/><T49/><D14/><U100/><E100/><N who="2" m="62863" /><F63/><W4/><G4/><N who="0" m="3111" /><D50/><U98/><E62/><V120/><F120/><W61/><G61/><T129/><D49/><U87/><E83/><V24/><F24/><W91/><G46/><T57/><D93/><U41/><E41/><N who="3" m="15978" /><G95/><T109/><D109/><U27/><E27/><RYUUKYOKU ba="1,0" sc="362,-15,131,-15,325,15,182,15" hai2="6,8,15,74,75,128,131" hai3="19,20,26,52,55,73,76,80,90,91" /><INIT seed="2,2,0,0,0,36" ten="347,116,340,197" oya="2" hai0="118,56,42,31,116,95,35,98,41,5,126,120,135" hai1="80,16,48,20,91,21,82,14,112,60,113,19,79" hai2="134,71,124,6,45,65,84,69,115,106,66,28,58" hai3="119,130,32,117,47,67,96,128,121,110,131,97,23"/><V12/><F106/><W2/><G32/><T40/><D120/><U77/><E60/><V75/><F28/><W1/><G121/><T3/><D126/><U114/><E48/><V88/><F75/><W25/><G67/><N who="2" m="25609" /><F115/><W37/><G110/><T53/><D135/><U29/><E29/><V10/><F69/><W8/><G47/><T102/><D31/><U43/><E91/><V11/><F71/><W70/><G37/><T109/><D35/><U125/><E125/><V93/><F124/><W89/><G70/><T103/><D109/><U83/><REACH who="1" step="1"/><E43/><REACH who="1" ten="347,106,340,197" step="2"/><V15/><F134/><W49/><G49/><T62/><REACH who="0" step="1"/><D103/><REACH who="0" ten="337,106,340,197" step="2"/><U9/><E9/><AGARI ba="2,2" hai="3,5,9,40,41,42,53,56,62,95,98,102,116,118" machi="9" ten="40,12000,2" yaku="1,1,2,1,52,3,53,1" doraHai="36" doraHaiUra="59" who="0" fromWho="1" sc="337,146,106,-126,340,0,197,0" owari="483,58.0,-20,-52.0,340,14.0,197,-20.0" /></mjloggm>