<mjloggm ver="2.3"><GO type="169" lobby="0"/><UN n0="%E4%B8%BB%E5%B8%AD" n1="%77%61%77%61%33%30%33%30" n2="%E3%82%A2%E3%83%AB%E4%B8%AD%40%E3%83%86%E3%83%B3%E3%83%91" n3="%E3%83%A1%E3%83%A9%E3%82%BE%E3%83%BC%E3%83%9E" dan="16,16,17,16" rate="2155.89,2175.29,2205.98,2149.15" sx="M,M,M,F"/><TAIKYOKU oya="0"/><INIT seed="0,0,0,0,3,19" ten="250,250,250,250" oya="0" hai0="111,44,74,121,24,119,69,93,56,80,17,1,43" hai1="76,125,82,123,102,7,104,65,15,90,39,98,52" hai2="68,28,100,77,31,27,114,110,2,86,55,135,122" hai3="45,84,89,32,5,51,53,79,21,85,120,35,38"/><T115/><D119/><U124/><E39/><V105/><F114/><W81/><G120/><T70/><D115/><U117/><E117/><V127/><F122/><W22/><G38/><T12/><D121/><U118/><E118/><V8/><F110/><W25/><G5/><T30/><D1/><U34/><E65/><V64/><F127/><N who="1" m="48713" /><E34/><V37/><F37/><W96/><G96/><T49/><D111/><U16/><E7/><V0/><F135/><W78/><G78/><T99/><D56/><U18/><E90/><V88/><F77/><W128/><G128/><T14/><D74/><N who="1" m="43287" /><E123/><V131/><F131/><W101/><G101/><T3/><D80/><U13/><E52/><V75/><F55/><W62/><G62/><T54/><D54/><U67/><E67/><V72/><F64/><W48/><G48/><T57/><D57/><U134/><E134/><V87/><F68/><W20/><REACH who="3" step="1"/><G25/><REACH who="3" ten="250,250,250,240" step="2"/><T108/><D108/><U109/><E109/><V60/><F27/><W116/><G116/><T47/><D24/><U46/><E46/><V59/><F60/><W26/><G26/><T126/><D126/><U36/><E36/><V103/><F100/><W95/><AGARI ba="0,1" hai="20,21,22,32,35,45,51,53,79,81,84,85,89,95" machi="95" ten="30,12000,2" yaku="1,1,0,1,52,3,53,2" doraHai="19" doraHaiUra="29" who="3" fromWho="3" sc="250,-60,250,-30,250,-30,240,130" /><INIT seed="1,0,0,5,3,91" ten="190,220,220,370" oya="1" hai0="38,101,54,1,29,0,25,17,62,64,43,122,36" hai1="31,118,130,84,128,126,107,8,70,7,111,88,92" hai2="42,56,125,89,103,61,4,22,135,33,28,134,23" hai3="98,21,120,66,27,53,82,109,65,18,5,113,9"/><U116/><E70/><V95/><F125/><W6/><G120/><T76/><D122/><U35/><E107/><V77/><F77/><W49/><G109/><T67/><D76/><U71/><E71/><V105/><F42/><W132/><G132/><N who="2" m="50729" /><F4/><W16/><G113/><T58/><D17/><U86/><E126/><V44/><F44/><W74/><G74/><T124/><D124/><U100/><E100/><V13/><F103/><W87/><G98/><T24/><D101/><U51/><E111/><V80/><F80/><W85/><G85/><T106/><D106/><U108/><E108/><V110/><F105/><W112/><G18/><T93/><D43/><U121/><E121/><V59/><F13/><N who="3" m="5303" /><G5/><T81/><D81/><U47/><E31/><V41/><F41/><W26/><G26/><T3/><D25/><U114/><E35/><V123/><F123/><W69/><G112/><T72/><D72/><U14/><E114/><V32/><F110/><W99/><G99/><T68/><D36/><U19/><E86/><V46/><F32/><W15/><G27/><T90/><D38/><U119/><REACH who="1" step="1"/><E7/><REACH who="1" ten="190,210,220,370" step="2"/><V83/><F28/><W2/><G69/><T131/><D68/><U133/><E133/><V55/><F33/><W39/><G87/><T75/><D75/><U52/><AGARI ba="0,1" hai="8,14,19,47,51,52,84,88,92,116,118,119,128,130" machi="52" ten="40,12000,1" yaku="1,1,0,1,52,1,54,2,53,0" doraHai="91" doraHaiUra="30" who="1" fromWho="1" sc="190,-40,210,130,220,-40,370,-40" /><INIT seed="1,1,0,5,0,20" ten="150,340,180,330" oya="1" hai0="97,85,102,109,48,19,34,55,63,82,126,58,108" hai1="76,116,59,33,70,68,100,43,79,78,103,57,105" hai2="134,111,121,92,112,56,88,135,46,132,96,87,113" hai3="47,27,65,90,21,18,104,93,99,1,129,29,67"/><U9/><E116/><V77/><F46/><W107/><G129/><T16/><D34/><U7/><E33/><V3/><F3/><W75/><G75/><T32/><D32/><U45/><E68/><V35/><F35/><W60/><G1/><T120/><D126/><U12/><E70/><V114/><F56/><W30/><G47/><T8/><D120/><U39/><REACH who="1" step="1"/><E105/><REACH who="1" ten="150,330,180,330" step="2"/><V6/><F121/><W130/><G107/><T123/><D123/><U17/><E17/><V89/><F6/><W11/><G104/><T37/><D19/><U66/><E66/><V44/><F111/><W4/><G67/><T86/><D109/><U62/><E62/><V98/><F44/><W5/><G130/><T133/><D108/><U73/><E73/><V95/><F77/><W15/><G5/><T106/><D63/><U69/><E69/><AGARI ba="1,1" hai="4,11,15,18,21,27,29,30,60,65,69,90,93,99" machi="69" ten="30,2000,0" yaku="7,1,52,1" doraHai="20" who="3" fromWho="1" sc="150,0,330,-23,180,0,330,33" /><INIT seed="2,0,0,4,0,123" ten="150,307,180,363" oya="2" hai0="72,110,35,120,118,19,64,109,135,44,105,6,112" hai1="51,24,107,20,28,46,82,40,17,130,62,66,4" hai2="23,55,50,87,45,100,9,133,56,125,91,15,68" hai3="67,11,16,1,3,108,122,52,54,13,103,53,34"/><V65/><F125/><W32/><G122/><T47/><D120/><U59/><E130/><V75/><F75/><W114/><G114/><T111/><D112/><U129/><E129/><V79/><F133/><W38/><G38/><T93/><D105/><U70/><E107/><V57/><F79/><W89/><G103/><T83/><D135/><U126/><E126/><V30/><F100/><W58/><G89/><T27/><D118/><U119/><E119/><V33/><F33/><W37/><G37/><T92/><D64/><U84/><E4/><V14/><F68/><W36/><G36/><T128/><D128/><U121/><E121/><V69/><F69/><W77/><G77/><N who="0" m="44455" /><D6/><U124/><E124/><V99/><F99/><W131/><G131/><T74/><D74/><U71/><REACH who="1" step="1"/><E28/><REACH who="1" ten="150,297,180,363" step="2"/><V12/><F9/><W96/><G11/><T43/><D19/><U80/><E80/><N who="2" m="49639" /><F65/><W94/><G67/><T76/><D76/><AGARI ba="0,1" hai="17,20,24,40,46,51,59,62,66,70,71,76,82,84" machi="76" ten="30,2000,0" yaku="1,1,7,1,53,0" doraHai="123" doraHaiUra="104" who="1" fromWho="0" sc="150,-20,297,30,180,0,363,0" /><INIT seed="3,0,0,2,4,0" ten="130,327,180,363" oya="3" hai0="105,73,48,103,21,123,72,13,24,106,102,131,80" hai1="59,133,14,104,116,93,68,112,15,53,77,118,127" hai2="56,60,55,110,4,31,86,75,11,37,51,44,45" hai3="61,64,100,47,16,28,9,69,96,40,30,17,76"/><W62/><G76/><T58/><D123/><U8/><E104/><V88/><F75/><W38/><G62/><T26/><D131/><U78/><E68/><V97/><F110/><W5/><G30/><T107/><D13/><U91/><E112/><V101/><F31/><W94/><REACH who="3" step="1"/><G28/><REACH who="3" ten="130,327,180,353" step="2"/><T122/><D122/><U3/><E77/><V71/><F60/><W57/><G57/><T32/><D73/><U7/><E78/><V29/><F29/><W36/><G36/><T115/><D115/><U92/><E116/><V134/><F37/><W117/><G117/><T125/><D32/><U135/><E118/><V130/><F71/><W34/><G34/><T35/><D35/><U79/><E79/><V120/><F120/><W46/><G46/><T12/><D72/><U19/><E135/><V2/><F134/><W42/><G42/><T20/><D58/><U41/><E133/><V1/><F130/><W52/><G52/><T89/><D48/><U111/><E41/><V95/><REACH who="2" step="1"/><F1/><AGARI ba="0,1" hai="1,5,9,16,17,38,40,47,61,64,69,94,96,100" machi="1" ten="30,12000,1" yaku="1,1,7,1,52,1,54,1,53,1" doraHai="0" doraHaiUra="33" who="3" fromWho="2" sc="130,0,327,0,180,-120,353,130" /><INIT seed="3,1,0,1,2,70" ten="130,327,60,483" oya="3" hai0="43,104,23,75,52,84,85,41,131,103,9,105,110" hai1="33,73,46,58,129,42,95,125,97,50,98,19,26" hai2="34,16,118,114,94,32,92,62,76,122,120,128,115" hai3="12,7,130,82,48,63,93,13,116,11,83,89,69"/><W56/><G116/><T109/><D75/><U55/><E129/><V17/><F118/><W100/><G100/><T47/><D131/><U27/><E125/><V5/><F5/><W44/><G69/><T18/><D9/><U15/><E73/><V96/><F128/><W126/><G126/><T25/><D43/><U119/><E119/><V134/><F62/><W67/><G12/><T29/><D110/><U37/><E33/><N who="2" m="12907" /><F96/><W64/><G64/><T117/><D109/><U22/><REACH who="1" step="1"/><E98/><REACH who="1" ten="130,317,60,483" step="2"/><V99/><F99/><N who="3" m="57775" /><G130/><T108/><D108/><U121/><E121/><N who="2" m="46699" /><F134/><W1/><G1/><T127/><D117/><U74/><E74/><V6/><F76/><W57/><G57/><T112/><D127/><U35/><E35/><V78/><F78/><W40/><AGARI ba="1,1" hai="7,11,13,40,44,48,56,63,67,82,83" m="57775" machi="40" ten="30,1500,0" yaku="8,1" doraHai="70" who="3" fromWho="3" sc="130,-6,317,-6,60,-6,483,28" /><INIT seed="3,2,0,3,3,14" ten="124,311,54,511" oya="3" hai0="36,116,84,20,115,109,54,78,58,99,66,42,71" hai1="75,53,133,102,67,113,64,74,49,110,135,46,11" hai2="82,72,86,48,125,13,87,55,111,62,8,25,80" hai3="39,51,38,63,37,106,19,88,0,17,10,65,77"/><W118/><G118/><T1/><D116/><U126/><E110/><V28/><F111/><W93/><G106/><T15/><D109/><U73/><E102/><V90/><F125/><W32/><G32/><T134/><D1/><U96/><E96/><V112/><F72/><W69/><G77/><T33/><D33/><U68/><E126/><V92/><F62/><W30/><G30/><T44/><D134/><N who="1" m="51211" /><E113/><V59/><F87/><W7/><REACH who="3" step="1"/><G51/><REACH who="3" ten="124,311,54,501" step="2"/><T27/><D78/><U121/><E121/><V9/><F112/><W104/><G104/><T45/><D115/><U122/><E122/><V128/><F128/><W24/><G24/><T129/><D27/><U97/><E73/><V94/><F25/><W85/><AGARI ba="2,1" hai="0,7,10,17,19,37,38,39,63,65,69,85,88,93" machi="85" ten="30,12000,1" yaku="1,1,0,1,52,2,54,1,53,0" doraHai="14" doraHaiUra="26" who="3" fromWho="3" sc="124,-42,311,-42,54,-42,501,136" /><INIT seed="3,3,0,5,5,23" ten="82,269,12,637" oya="3" hai0="60,43,130,84,104,127,21,99,12,10,50,75,38" hai1="62,92,106,35,79,132,57,95,55,52,16,89,36" hai2="6,49,25,1,112,122,126,134,24,20,68,120,71" hai3="83,11,39,133,2,81,116,44,18,85,13,114,110"/><W91/><G116/><T59/><D75/><U26/><E106/><V48/><F112/><W19/><G114/><T56/><D38/><U0/><E0/><V66/><F134/><W32/><G133/><T15/><D127/><U7/><E36/><V93/><F126/><W47/><G32/><T77/><D130/><U135/><E79/><V27/><F20/><W105/><G105/><T129/><D129/><U5/><E132/><V103/><F66/><W117/><G117/><T63/><D99/><N who="1" m="57743" /><E35/><V72/><F72/><W30/><G30/><T78/><D21/><N who="1" m="13607" /><E135/><V61/><F61/><W17/><G2/><T37/><D37/><U3/><E3/><V101/><F1/><W14/><G39/><T51/><D104/><U9/><E9/><V54/><F6/><N who="1" m="2057" /><E95/><V69/><F93/><W128/><G128/><T41/><D10/><U118/><E55/><V124/><F124/><W29/><G14/><T31/><D31/><U88/><E88/><V4/><F4/><N who="3" m="3303" /><G29/><T33/><D33/><U42/><E42/><V108/><F54/><W40/><G40/><T97/><D97/><U64/><E64/><V28/><F28/><W53/><G53/><T70/><D70/><U102/><E102/><N who="2" m="38923" /><F108/><W123/><G110/><T109/><D109/><U131/><E131/><V22/><F22/><W98/><G19/><T34/><D34/><U94/><E94/><V96/><F96/><W67/><G18/><T107/><D107/><U76/><E76/><V119/><F119/><AGARI ba="3,0" hai="52,57,62,118,119" m="2057,13607,57743" machi="119" ten="30,7700,0" yaku="25,1,52,1,54,2" doraHai="23" who="1" fromWho="2" sc="82,0,269,86,12,-86,637,0" owari="82,-32.0,355,16.0,-74,-57.0,637,73.0" /></mjloggm>