<mjloggm ver="2.3"><GO type="185" lobby="0"/><UN n0="%E4%B8%8D%E5%B9%B8%E7%94%9F%E5%91%BD%E4%BD%93" n1="%E4%BC%8F%E5%B1%8B" n2="%E4%BD%90%E8%97%A4%E7%BE%8E%E5%92%8C%E5%AD%90" n3="" dan="17,16,16,0" rate="2179.72,2160.97,2128.73,1500.00" sx="M,M,M,C"/><TAIKYOKU oya="0"/><INIT seed="0,0,0,1,4,107" ten="350,350,350,0" oya="0" hai0="34,63,64,57,123,56,121,67,95,48,69,54,110" hai1="127,113,125,75,100,43,130,105,122,117,49,66,40" hai2="109,103,93,96,102,65,88,47,41,87,111,33,84" hai3=""/><T119/><N who="0" m="31008" /><T58/><N who="0" m="31520" /><T108/><D95/><U36/><N who="1" m="31264" /><U135/><E117/><V55/><F33/><T90/><D90/><U83/><E113/><V112/><F112/><T76/><D76/><U106/><E135/><V97/><F65/><T77/><D77/><U3/><E66/><V132/><F55/><T52/><D34/><U124/><E3/><V45/><F132/><T72/><D72/><U126/><N who="1" m="31744" /><DORA hai="118" /><U42/><E100/><V94/><F41/><T59/><D119/><U61/><E36/><V68/><F68/><T60/><D110/><U44/><E61/><V2/><REACH who="2" step="1"/><F88/><REACH who="2" ten="350,350,340,0" step="2"/><T82/><D82/><U37/><E37/><V0/><AGARI ba="0,1" hai="0,2,45,47,84,87,93,94,96,97,102,103,109,111" machi="0" ten="25,9000,2" yaku="1,1,2,1,0,1,22,2,53,2" doraHai="107,118" doraHaiUra="98,71" who="2" fromWho="2" sc="350,-60,350,-30,340,100,0,0" /><INIT seed="1,0,0,1,2,98" ten="290,320,440,0" oya="1" hai0="117,127,32,80,91,109,124,69,3,119,99,103,107" hai1="131,118,34,135,51,57,68,71,132,82,81,73,66" hai2="97,72,123,111,106,125,86,56,130,2,77,41,85" hai3=""/><U114/><E118/><N who="0" m="45065" /><D69/><U93/><E114/><V46/><N who="2" m="31520" /><V76/><F2/><T44/><D44/><U112/><E112/><V64/><F72/><T108/><D32/><U113/><E113/><V104/><F64/><T75/><D3/><U87/><E34/><V74/><F56/><T42/><D42/><U33/><E33/><V50/><F46/><T116/><N who="0" m="45073" /><T120/><N who="0" m="30752" /><DORA hai="79" /><T53/><D53/><U62/><E73/><V129/><F74/><T100/><D100/><U128/><E51/><V45/><F50/><T59/><D59/><U96/><E87/><V58/><F86/><T134/><D91/><U65/><E71/><V60/><F85/><T36/><D36/><U52/><E66/><V89/><F97/><T61/><D61/><U63/><E96/><V122/><F60/><T110/><D134/><N who="1" m="51243" /><E93/><V126/><F122/><T115/><D115/><U105/><E105/><V83/><F106/><T37/><D37/><U55/><E55/><V95/><F104/><T40/><D40/><U90/><E90/><V78/><F89/><T102/><D102/><U38/><E38/><V92/><F41/><T133/><D133/><U1/><E1/><V39/><F39/><T84/><D84/><U35/><E35/><RYUUKYOKU ba="0,0" sc="290,10,320,10,440,-20,0,0" hai0="75,80,99,103,107,108,109,110,124,127" hai1="52,57,62,63,65,68,81,82,128,131" /><INIT seed="1,1,0,5,3,109" ten="300,330,420,0" oya="1" hai0="115,79,121,112,97,105,111,60,78,107,128,106,65" hai1="61,103,36,50,117,108,87,124,93,66,54,95,81" hai2="92,135,118,100,76,72,101,114,94,83,119,122,86" hai3=""/><U125/><E117/><N who="2" m="44555" /><F135/><T90/><N who="0" m="31008" /><T113/><D111/><U85/><E36/><V37/><N who="2" m="31264" /><V48/><F37/><T44/><D44/><U63/><E108/><V89/><F48/><T1/><D1/><U41/><E41/><V71/><F71/><T45/><D45/><U34/><E34/><V130/><F130/><T46/><D46/><U133/><E133/><V40/><F40/><T56/><REACH who="0" step="1"/><D128/><REACH who="0" ten="290,330,420,0" step="2"/><U73/><E103/><V52/><F101/><T64/><D64/><U49/><E66/><V102/><F100/><T55/><D55/><U91/><E54/><V32/><F52/><T67/><D67/><U134/><E134/><V0/><F0/><T42/><D42/><U39/><E39/><V68/><F102/><T59/><D59/><U131/><E131/><V129/><F129/><T69/><D69/><U75/><E81/><V132/><F132/><T74/><D74/><U43/><E43/><V58/><F72/><T53/><D53/><U82/><E82/><V47/><F83/><T96/><D96/><U2/><E2/><V104/><F68/><T98/><D98/><U62/><E62/><V33/><F58/><T99/><D99/><U51/><E51/><V3/><F3/><T126/><D126/><RYUUKYOKU ba="1,1" sc="290,10,330,10,420,-20,0,0" hai0="56,60,65,78,79,90,97,105,106,107,112,113,115" hai1="49,50,61,63,73,75,85,87,91,93,95,124,125" /><INIT seed="1,2,1,1,0,3" ten="300,340,400,0" oya="1" hai0="124,107,66,86,78,90,106,133,81,34,65,89,56" hai1="91,35,64,111,77,68,99,42,50,60,82,57,2" hai2="76,41,51,94,131,123,105,98,69,130,108,110,80" hai3=""/><U36/><E2/><V52/><N who="2" m="31520" /><V85/><F69/><T125/><D56/><U53/><E111/><N who="2" m="42539" /><F41/><T73/><D133/><U117/><E117/><V0/><F105/><N who="0" m="39946" /><D34/><U95/><E35/><V103/><F0/><T122/><N who="0" m="31264" /><T79/><D66/><U102/><E102/><V61/><F61/><T128/><D65/><U48/><E48/><V39/><F39/><T119/><D119/><U55/><E55/><V88/><F103/><T72/><D128/><U118/><E118/><V70/><F70/><T134/><D134/><U45/><E82/><V59/><AGARI ba="2,1" hai="51,52,59,76,80,85,88,94,98,130,131" m="42539,31520" machi="59" ten="30,5900,0" yaku="14,1,52,1,54,2" doraHai="3" who="2" fromWho="2" sc="300,-22,340,-41,400,73,0,0" /><INIT seed="2,0,0,0,3,109" ten="278,299,473,0" oya="2" hai0="34,108,58,127,43,1,100,112,125,103,48,113,73" hai1="128,70,84,90,2,50,69,105,95,47,41,46,42" hai2="117,33,110,129,119,132,91,75,63,97,124,134,51" hai3=""/><V66/><F33/><T92/><D1/><U56/><E2/><V121/><N who="2" m="31008" /><V111/><F75/><T114/><D34/><U118/><E105/><V35/><F35/><T89/><D73/><U3/><E3/><V54/><F91/><T78/><D78/><U32/><E32/><V38/><F38/><T36/><D36/><U101/><E128/><V57/><F97/><T74/><D74/><U0/><E0/><V86/><F86/><T99/><D108/><N who="2" m="41514" /><F124/><N who="0" m="47690" /><D43/><U83/><E56/><V82/><F82/><T65/><D48/><U115/><E118/><N who="2" m="45067" /><F129/><T49/><D49/><U62/><E62/><AGARI ba="0,0" hai="58,62,65,89,92,99,100,103,112,113,114" m="47690" machi="62" ten="40,8000,1" yaku="11,1,18,1,52,3" doraHai="109" who="0" fromWho="1" sc="278,80,299,-80,473,0,0,0" /><INIT seed="4,0,0,0,5,54" ten="358,219,473,0" oya="0" hai0="111,72,33,58,36,50,45,34,47,93,96,126,119" hai1="40,74,82,128,117,52,64,55,105,104,94,133,63" hai2="84,125,130,35,49,80,91,132,97,86,67,122,83" hai3=""/><T81/><D119/><U99/><E117/><V32/><N who="2" m="31264" /><V3/><F3/><T48/><D126/><U110/><E110/><V69/><F125/><T60/><D111/><U43/><E133/><V68/><F132/><T66/><D36/><U65/><E128/><V89/><F130/><T90/><D72/><U57/><E74/><V118/><F118/><T92/><D81/><U2/><E82/><V38/><F38/><T77/><D77/><U95/><E2/><V51/><F97/><T102/><D48/><U108/><E108/><V115/><REACH who="2" step="1"/><F67/><REACH who="2" ten="358,219,463,0" step="2"/><T134/><D134/><U135/><E135/><V59/><F59/><T78/><D47/><U42/><E99/><V87/><F87/><T37/><D37/><U76/><E76/><V1/><F1/><T0/><D78/><U129/><E129/><V98/><F98/><T53/><D0/><U46/><E46/><V127/><F127/><T114/><D114/><AGARI ba="0,1" hai="32,35,49,51,68,69,80,83,84,86,89,91,114,115" m="31264" machi="114" ten="25,6400,0" yaku="1,1,22,2,52,1,53,0" doraHai="54" doraHaiUra="107" who="2" fromWho="0" sc="358,-64,219,0,463,74,0,0" /><INIT seed="5,0,0,1,2,127" ten="294,219,537,0" oya="1" hai0="65,67,114,82,133,125,130,126,91,108,135,33,43" hai1="60,46,38,111,121,49,134,73,100,58,64,106,92" hai2="75,45,81,42,55,96,71,109,52,85,1,97,87" hai3=""/><U90/><N who="1" m="31008" /><U131/><E73/><V88/><F109/><T62/><D33/><U124/><E111/><V47/><F1/><T35/><D35/><U93/><E124/><N who="0" m="47721" /><D108/><U79/><E79/><V102/><F71/><T48/><D114/><U0/><E0/><V36/><F75/><T51/><D82/><U53/><E134/><N who="0" m="51209" /><D91/><U107/><E38/><V2/><F81/><T110/><D110/><U104/><E100/><V3/><F102/><T66/><D62/><U112/><E112/><V40/><F88/><T61/><D61/><U84/><REACH who="1" step="1"/><E93/><REACH who="1" ten="294,209,537,0" step="2"/><V56/><F3/><T41/><D130/><AGARI ba="0,1" hai="46,49,53,58,60,64,84,90,92,104,106,107,130,131" m="31008" machi="130" ten="50,12000,1" yaku="1,1,2,1,52,3,53,0" doraHai="127" doraHaiUra="105" who="1" fromWho="0" sc="294,-120,209,130,537,0,0,0" /><INIT seed="5,1,0,2,5,66" ten="174,339,537,0" oya="1" hai0="39,32,52,106,61,102,89,114,88,43,116,71,33" hai1="68,95,69,79,65,64,91,105,118,54,115,51,122" hai2="103,128,92,34,63,1,67,59,96,97,53,47,93" hai3=""/><U131/><N who="1" m="31264" /><U124/><E118/><V108/><F34/><T111/><D111/><U70/><E105/><V90/><F1/><T42/><D114/><U120/><N who="1" m="30752" /><U2/><E2/><V57/><F108/><T107/><D116/><U41/><E115/><V121/><N who="2" m="31008" /><V77/><F128/><T75/><D75/><U104/><E104/><V113/><F113/><T72/><D72/><U60/><E131/><V126/><F126/><T45/><D102/><U100/><E100/><V36/><F77/><T48/><D106/><U38/><E79/><V109/><F109/><T125/><D107/><U73/><E73/><V56/><F36/><T76/><D76/><U129/><E129/><V82/><F82/><T62/><D125/><U123/><N who="1" m="31520" /><U110/><E110/><V58/><F47/><T40/><D39/><U127/><E65/><AGARI ba="1,0" hai="53,56,57,58,59,63,65,67,90,92,93,96,97,103" m="31008" machi="65" ten="40,2600,0" yaku="8,1,52,1" doraHai="66" who="2" fromWho="1" sc="174,0,339,-28,537,28,0,0" /><INIT seed="6,0,0,1,2,61" ten="174,311,565,0" oya="2" hai0="89,111,35,85,116,51,64,106,133,53,82,97,127" hai1="96,37,60,100,104,38,90,0,83,84,41,75,65" hai2="134,50,59,72,130,2,93,122,99,55,57,47,125" hai3=""/><V119/><N who="2" m="31264" /><V71/><F72/><T33/><D133/><U123/><N who="1" m="31520" /><U109/><E0/><V81/><F81/><T105/><D127/><U117/><E117/><V110/><F59/><T69/><D116/><U108/><E41/><V102/><F57/><T48/><D111/><U135/><E135/><V70/><F93/><T103/><D106/><U94/><E108/><V63/><F63/><T132/><D132/><U44/><E44/><V115/><F99/><T74/><D51/><U46/><E46/><V76/><F47/><T131/><D131/><U43/><E109/><V129/><F110/><T36/><D36/><U54/><E54/><V34/><F130/><T107/><D107/><U114/><E43/><V58/><F129/><T39/><D39/><U3/><E3/><V91/><F2/><T1/><D1/><U62/><E62/><V80/><F119/><T118/><D118/><U112/><E38/><V52/><F134/><T66/><D69/><U73/><E37/><V42/><F50/><T77/><D35/><U113/><REACH who="1" step="1"/><E94/><REACH who="1" ten="174,301,565,0" step="2"/><V32/><F52/><T87/><D33/><N who="2" m="12906" /><F55/><T88/><D48/><U121/><N who="1" m="31008" /><U67/><E67/><V92/><F42/><T126/><D53/><U120/><E120/><RYUUKYOKU ba="0,1" sc="174,-10,301,20,565,-10,0,0" hai1="60,65,73,75,83,84,90,96,100,104,112,113,114" owari="164,-44.0,321,-8.0,565,52.0,0,0.0" /></mjloggm>