<mjloggm ver="2.3"><GO type="169" lobby="0"/><UN n0="%4A%65%74%2E%42" n1="%E5%A4%A7%E6%A5%A0%E5%85%AC" n2="%E3%82%84%E3%81%B7%E3%83%BC" n3="%E3%82%A4%E3%82%AB%E3%81%AB%E3%82%82%E6%9D%B1%E5%8C%97" dan="18,16,16,16" rate="2210.87,2169.13,2043.42,2095.00" sx="M,M,M,M"/><TAIKYOKU oya="0"/><INIT seed="0,0,0,4,0,20" ten="250,250,250,250" oya="0" hai0="111,26,128,63,110,133,6,62,41,86,89,95,37" hai1="84,129,15,76,116,54,94,2,135,107,49,51,119" hai2="115,124,93,106,33,48,92,65,56,66,23,97,61" hai3="131,80,24,22,98,31,5,11,45,16,36,14,12"/><T46/><D133/><U113/><E107/><V10/><F115/><W3/><G131/><T74/><D128/><U125/><E2/><V78/><F33/><W104/><G80/><T108/><D74/><U88/><E129/><V101/><F124/><W75/><G75/><T81/><D6/><U0/><E0/><V132/><F132/><W59/><G59/><T29/><REACH who="0" step="1"/><D81/><REACH who="0" ten="240,250,250,250" step="2"/><U120/><E135/><V18/><F78/><W82/><G82/><T79/><D79/><U19/><E125/><V126/><F126/><W57/><G5/><T96/><D96/><U32/><E113/><V85/><F85/><W43/><G98/><T30/><D30/><U105/><E120/><V117/><F117/><W130/><G130/><T123/><D123/><U4/><E4/><V47/><F66/><W52/><G31/><T87/><D87/><U39/><E76/><V38/><F38/><W69/><G36/><T42/><D42/><U7/><E7/><V8/><F93/><W34/><G43/><T99/><D99/><U109/><E39/><V68/><F106/><W102/><G104/><T118/><D118/><U27/><E116/><V17/><F17/><W53/><G16/><T103/><D103/><U71/><E105/><V50/><F92/><W73/><G102/><T134/><D134/><U60/><E119/><V1/><F101/><W25/><G73/><T100/><D100/><U72/><E72/><V40/><F97/><W21/><G3/><T127/><D127/><U64/><E94/><V55/><F1/><W77/><G77/><T13/><D13/><AGARI ba="0,1" hai="8,10,13,18,23,40,47,48,50,55,56,61,65,68" machi="13" ten="30,1000,0" yaku="7,1" doraHai="20" who="2" fromWho="0" sc="240,-10,250,0,250,20,250,0" /><INIT seed="1,0,0,5,3,25" ten="230,250,270,250" oya="1" hai0="13,101,113,4,73,115,102,93,106,105,120,1,47" hai1="107,134,121,89,60,118,18,44,20,66,31,109,38" hai2="77,86,32,54,35,39,63,127,74,30,125,78,37" hai3="10,48,123,70,131,122,124,29,98,24,16,119,8"/><U5/><E121/><V128/><F74/><W76/><G70/><T22/><D73/><U68/><E118/><V110/><F110/><W91/><G76/><N who="2" m="29289" /><F86/><W2/><G91/><T14/><D120/><U56/><E134/><V95/><F95/><W59/><G98/><T133/><D133/><U130/><E130/><V111/><F111/><W6/><G48/><T114/><D47/><U79/><E79/><V108/><F108/><W3/><G59/><T43/><D43/><U97/><E109/><V72/><F72/><W28/><G119/><T51/><D51/><U58/><E5/><V82/><F82/><W36/><G36/><N who="2" m="13897" /><F30/><N who="3" m="11883" /><G131/><T45/><D93/><U90/><E31/><V46/><F46/><W112/><G124/><N who="2" m="47689" /><F128/><W80/><G80/><T23/><D45/><U83/><E90/><V11/><F11/><N who="3" m="4139" /><G112/><T75/><D75/><U126/><E126/><V69/><F54/><W33/><G33/><T87/><D115/><U135/><E135/><V94/><F94/><W100/><G100/><T84/><D114/><U71/><E83/><V62/><F69/><W42/><G42/><T0/><D113/><U103/><E89/><V104/><F104/><W27/><G6/><AGARI ba="0,0" hai="0,1,4,6,13,14,22,23,84,87,101,102,105,106" machi="6" ten="25,1600,0" yaku="22,2" doraHai="25" who="0" fromWho="3" sc="230,16,250,0,270,0,250,-16" /><INIT seed="2,0,0,5,5,105" ten="246,250,270,234" oya="2" hai0="48,76,89,39,29,114,40,42,5,1,90,45,54" hai1="135,57,84,102,69,103,15,13,98,41,127,82,33" hai2="128,109,23,60,75,17,78,132,119,80,30,34,83" hai3="130,129,88,81,87,68,101,65,79,28,92,26,19"/><V6/><F119/><W7/><G7/><T112/><D29/><U100/><E69/><V43/><F128/><W59/><G68/><T126/><D126/><U122/><E33/><V72/><F132/><W58/><G19/><T36/><D5/><U74/><E127/><V117/><F117/><W64/><G101/><T67/><D1/><U63/><E135/><V120/><F120/><W85/><G59/><T3/><D3/><U62/><E122/><V131/><F6/><W16/><G16/><T51/><D76/><U46/><E74/><V47/><F131/><N who="3" m="50187" /><G58/><N who="0" m="33119" /><D89/><U18/><E98/><V31/><F60/><W104/><G104/><T11/><D90/><U123/><E123/><V2/><F2/><W53/><G53/><N who="0" m="29839" /><D11/><U0/><E0/><V22/><F34/><AGARI ba="0,0" hai="26,28,34,64,65,79,81,85,87,88,92" m="50187" machi="34" ten="30,2000,0" yaku="19,1,54,1" doraHai="105" who="3" fromWho="2" sc="246,0,250,0,270,-20,234,20" /><INIT seed="3,0,0,0,0,34" ten="246,250,250,254" oya="3" hai0="6,27,108,77,135,64,69,95,127,126,125,8,15" hai1="55,37,103,110,75,67,25,82,70,58,116,102,74" hai2="98,29,76,85,94,118,130,50,52,53,49,104,120" hai3="106,122,33,81,121,72,42,131,24,17,111,133,86"/><W80/><G106/><T23/><D108/><U132/><E110/><V93/><F118/><W46/><G111/><T123/><D77/><U20/><E37/><V79/><F29/><W22/><G131/><T14/><D123/><U26/><E116/><V92/><F130/><W78/><G133/><T105/><D105/><U5/><E132/><V1/><F1/><W32/><G122/><T3/><D135/><U54/><E70/><V4/><F4/><W97/><G97/><T101/><D64/><U84/><E5/><V109/><F109/><W128/><G128/><T134/><D69/><U41/><E41/><V36/><F36/><W38/><REACH who="3" step="1"/><G121/><REACH who="3" ten="246,250,250,244" step="2"/><T2/><D134/><U30/><E74/><V56/><F120/><W61/><G61/><T71/><D127/><U40/><E75/><V7/><F104/><W59/><G59/><T62/><D126/><U115/><E115/><V12/><F98/><W124/><G124/><T39/><D62/><U114/><E114/><V117/><F117/><W89/><AGARI ba="0,1" hai="17,22,24,32,33,38,42,46,72,78,80,81,86,89" machi="89" ten="20,3900,0" yaku="1,1,0,1,7,1,53,0" doraHai="34" doraHaiUra="112" who="3" fromWho="3" sc="246,-13,250,-13,250,-13,244,49" /><INIT seed="3,1,0,1,0,1" ten="233,237,237,293" oya="3" hai0="69,75,73,62,125,20,48,49,68,5,81,133,96" hai1="46,9,91,131,39,56,107,124,71,42,4,80,23" hai2="83,77,118,102,134,65,18,94,10,108,33,50,89" hai3="11,22,121,78,114,13,87,47,59,99,101,122,25"/><W119/><G119/><T112/><D125/><U127/><E71/><V97/><F118/><W85/><G114/><T79/><D112/><U45/><E107/><V106/><F33/><W116/><G116/><T19/><D133/><U54/><E131/><V17/><F134/><W67/><G47/><T93/><D75/><U104/><E104/><V82/><F108/><W53/><G67/><T58/><D68/><U115/><E115/><V64/><F50/><W30/><G78/><T84/><D73/><U14/><E46/><V117/><F117/><W129/><G129/><T16/><D5/><U51/><REACH who="1" step="1"/><E23/><REACH who="1" ten="233,227,237,293" step="2"/><V24/><F106/><W66/><G122/><T90/><D69/><U103/><E103/><V52/><F102/><W44/><G121/><T21/><D21/><U3/><E3/><V34/><F34/><W135/><G44/><T0/><D0/><U7/><E7/><V8/><F8/><W123/><G135/><T12/><REACH who="0" step="1"/><D19/><REACH who="0" ten="223,227,237,293" step="2"/><U70/><E70/><V27/><F18/><W126/><G123/><T38/><D38/><U61/><E61/><V36/><F17/><W74/><G126/><T31/><D31/><U128/><E128/><V55/><F36/><W57/><G30/><T109/><D109/><U43/><E43/><V37/><F37/><W2/><G2/><T105/><D105/><U40/><E40/><V35/><F35/><W111/><G22/><T120/><D120/><U28/><E28/><V60/><F60/><W86/><G111/><T98/><D98/><U32/><E32/><V15/><F97/><W41/><G99/><T95/><D95/><RYUUKYOKU ba="1,2" sc="223,15,227,15,237,-15,293,-15" hai0="12,16,20,48,49,58,62,79,81,84,90,93,96" hai1="4,9,14,39,42,45,51,54,56,80,91,124,127" /><INIT seed="4,2,2,3,0,107" ten="238,242,222,278" oya="0" hai0="2,91,40,74,127,35,37,66,45,59,61,64,97" hai1="123,7,50,43,15,120,89,72,103,14,41,34,102" hai2="100,12,133,106,98,73,57,30,134,82,79,44,131" hai3="125,38,118,92,49,20,18,28,104,124,87,54,94"/><T25/><D127/><N who="3" m="48713" /><G38/><T26/><D2/><U132/><E34/><V77/><F131/><W96/><G28/><T4/><D4/><U81/><E132/><V5/><F30/><W19/><G19/><T110/><D110/><U80/><E50/><V3/><F3/><W22/><G22/><T90/><D64/><U1/><E1/><V6/><F44/><N who="3" m="27943" /><G118/><T108/><D35/><U60/><E60/><V115/><F115/><W53/><G53/><T126/><D108/><U67/><E67/><V52/><F79/><W121/><G87/><T31/><D126/><U111/><E111/><V23/><F23/><W47/><G47/><T39/><D39/><U17/><E72/><V11/><REACH who="2" step="1"/><F6/><REACH who="2" ten="238,242,212,278" step="2"/><W86/><G121/><T71/><D31/><U75/><E7/><V63/><AGARI ba="2,3" hai="5,11,12,52,57,63,73,77,82,98,100,106,133,134" machi="63" ten="30,12000,2" yaku="1,1,2,1,0,1,52,1,54,1,53,1" doraHai="107" doraHaiUra="78" who="2" fromWho="2" sc="238,-62,242,-32,212,156,278,-32" /><INIT seed="5,0,0,5,4,68" ten="176,210,368,246" oya="1" hai0="38,16,28,60,77,80,69,135,4,114,101,81,49" hai1="40,133,62,73,130,58,106,18,74,21,89,43,3" hai2="126,67,27,20,54,120,47,95,124,51,9,66,23" hai3="48,110,63,33,42,82,119,11,12,26,127,125,24"/><U52/><E130/><V70/><F120/><W102/><G110/><T105/><D114/><U1/><E133/><V88/><F9/><W112/><G112/><T99/><D135/><U71/><E106/><V56/><F70/><W122/><G122/><T79/><D28/><U123/><E123/><V129/><F129/><W118/><G102/><T15/><D4/><U0/><E71/><V121/><F121/><W55/><G82/><T6/><D6/><U85/><E73/><V72/><F72/><W57/><G42/><T25/><D25/><N who="3" m="9833" /><G48/><T84/><D49/><U93/><REACH who="1" step="1"/><E74/><REACH who="1" ten="176,200,368,246" step="2"/><V76/><F126/><N who="3" m="48139" /><G33/><T50/><D69/><U17/><E17/><AGARI ba="0,1" hai="11,12,17,55,57,63,118,119" m="48139,9833" machi="17" ten="30,1000,0" yaku="18,1" doraHai="68" who="3" fromWho="1" sc="176,0,200,-10,368,0,246,20" /><INIT seed="6,0,0,4,2,103" ten="176,190,368,266" oya="2" hai0="90,40,104,52,72,67,20,3,34,7,28,33,101" hai1="35,42,68,107,74,85,23,0,39,8,117,116,99" hai2="102,30,112,75,59,130,84,97,83,45,56,106,80" hai3="123,78,79,127,36,91,16,5,63,55,100,110,24"/><V46/><F112/><W77/><G110/><T129/><D72/><U132/><E23/><V26/><F75/><W10/><G123/><T1/><D40/><U65/><E85/><V41/><F130/><W37/><G100/><T53/><D129/><U96/><E96/><V44/><F41/><W11/><G91/><T9/><D3/><U66/><E66/><V94/><F83/><W64/><G127/><T73/><D73/><U25/><E132/><V128/><F128/><W88/><G55/><T54/><D67/><U81/><E81/><V113/><F113/><W124/><G124/><T48/><D90/><U93/><E74/><V57/><F106/><W13/><G88/><T70/><D70/><U19/><E19/><V122/><F122/><W22/><REACH who="3" step="1"/><G11/><REACH who="3" ten="176,190,368,256" step="2"/><T12/><D101/><U27/><E8/><V47/><F102/><W4/><G4/><T21/><D54/><U86/><E117/><V82/><F94/><W109/><G109/><T51/><D53/><U108/><E93/><V62/><F97/><W118/><G118/><T119/><D52/><U114/><E116/><V115/><F115/><W6/><G6/><T49/><D119/><U18/><E99/><V71/><F46/><W15/><G15/><T60/><D104/><U125/><E125/><V69/><F45/><W111/><G111/><T126/><D126/><U87/><E108/><V89/><F44/><W38/><G38/><T95/><D95/><U32/><E39/><V133/><F47/><W58/><AGARI ba="0,1" hai="5,10,13,16,22,24,36,37,58,63,64,77,78,79" machi="58" ten="30,4000,0" yaku="1,1,0,1,54,1,53,0" doraHai="103" doraHaiUra="31" who="3" fromWho="3" sc="176,-10,190,-10,368,-20,256,50" /><INIT seed="7,0,0,4,0,115" ten="166,180,348,306" oya="3" hai0="2,121,109,32,29,17,103,9,10,58,3,7,76" hai1="72,0,34,107,126,26,87,97,133,122,128,30,75" hai2="35,98,66,50,14,81,5,43,68,117,116,73,56" hai3="62,67,21,27,52,16,74,132,91,111,131,120,4"/><W85/><G120/><T119/><D76/><U108/><RYUUKYOKU type="yao9" ba="0,0" sc="166,0,180,0,348,0,306,0" hai1="0,26,30,34,72,75,87,97,107,108,122,126,128,133" /><INIT seed="7,1,0,0,1,122" ten="166,180,348,306" oya="3" hai0="21,94,128,120,65,72,77,89,10,121,106,23,32" hai1="25,118,95,119,126,102,116,35,45,31,70,78,123" hai2="124,80,97,100,55,85,88,53,107,19,29,11,58" hai3="93,127,26,132,30,57,131,115,36,46,133,117,74"/><W79/><G117/><T81/><D32/><U67/><E123/><V69/><F69/><W99/><G115/><T98/><D128/><U51/><E126/><V91/><F124/><W75/><G127/><T18/><D65/><U28/><E28/><V129/><F129/><W105/><G105/><T20/><D18/><U87/><E67/><V73/><F73/><W33/><G131/><T27/><D27/><U37/><E37/><V96/><F29/><W84/><G57/><T112/><D112/><U4/><E70/><V71/><F71/><W43/><G84/><T42/><D42/><U114/><E114/><V49/><F55/><W7/><G7/><T60/><D60/><U113/><E4/><V39/><F39/><W66/><G66/><T47/><D47/><U1/><E1/><V24/><F97/><W111/><G111/><T62/><D62/><U90/><E113/><V12/><F24/><W14/><G14/><T109/><D109/><U108/><E102/><V61/><F61/><W135/><REACH who="3" step="1"/><G79/><AGARI ba="1,0" hai="11,12,19,49,53,58,79,80,85,88,91,96,100,107" machi="79" ten="30,2000,0" yaku="7,1,54,1" doraHai="122" who="2" fromWho="3" sc="166,0,180,0,348,23,306,-23" owari="166,-33.0,180,-22.0,371,47.0,283,8.0" /></mjloggm>