<mjloggm ver="2.3"><GO type="185" lobby="0"/><UN n0="%6D%28%E3%81%AE%5F%E3%81%AE%29%6D%E2%99%AA" n1="%E5%A4%9A%E6%9E%97%E6%99%8B" n2="%E9%95%B7%E9%87%8E%E6%9D%BE%E6%9C%AC" n3="" dan="16,16,17,0" rate="2140.76,2197.86,2225.25,1500.00" sx="M,M,M,C"/><TAIKYOKU oya="0"/><INIT seed="0,0,0,1,3,121" ten="350,350,350,0" oya="0" hai0="69,49,104,117,75,101,118,44,84,72,113,71,0" hai1="91,66,81,90,61,85,122,116,94,57,132,112,107" hai2="92,62,97,115,65,64,34,123,129,67,53,134,87" hai3=""/><T111/><D0/><U70/><N who="1" m="31264" /><U105/><E116/><V45/><N who="2" m="31520" /><V37/><F34/><T114/><D84/><U47/><E132/><V79/><F134/><T42/><D101/><U3/><E3/><V51/><F129/><T82/><D104/><U119/><E119/><N who="0" m="45577" /><D82/><U120/><N who="1" m="30752" /><U100/><E112/><N who="0" m="43113" /><D75/><U110/><E100/><V98/><F37/><T127/><D72/><U38/><E107/><V52/><F115/><T78/><D78/><U33/><E33/><V106/><F106/><T1/><D1/><U77/><E105/><V99/><F79/><T95/><D95/><U73/><E91/><V46/><F87/><T35/><D35/><U56/><E73/><V130/><F130/><T41/><D127/><U63/><E77/><V36/><F36/><T125/><D125/><U76/><E76/><V39/><F39/><T58/><D58/><U50/><E38/><V32/><F32/><T126/><D126/><U135/><E56/><V86/><F86/><T128/><D128/><U89/><E57/><V43/><F92/><T133/><D133/><U124/><E135/><V54/><REACH who="2" step="1"/><F46/><REACH who="2" ten="350,350,340,0" step="2"/><T59/><D59/><AGARI ba="0,1" hai="43,45,51,52,53,54,59,62,64,65,67,97,98,99" m="31520" machi="59" ten="40,8000,1" yaku="1,1,2,1,8,1,52,1,54,1,53,0" doraHai="121" doraHaiUra="88" who="2" fromWho="0" sc="350,-80,350,0,340,90,0,0" /><INIT seed="1,0,0,4,5,82" ten="270,350,430,0" oya="1" hai0="32,109,83,80,47,90,63,128,50,99,102,37,89" hai1="58,94,135,38,51,98,76,65,111,68,0,110,46" hai2="103,77,74,100,56,81,119,62,93,45,96,2,40" hai3=""/><U87/><E0/><V106/><F2/><T1/><D32/><U53/><E135/><V59/><F119/><T43/><D1/><U127/><E127/><V92/><F103/><T42/><D109/><N who="1" m="41483" /><E68/><V125/><F125/><T133/><D128/><U104/><E104/><V129/><F129/><T105/><D133/><U57/><E65/><V95/><REACH who="2" step="1"/><F62/><REACH who="2" ten="270,350,420,0" step="2"/><T73/><D63/><U3/><E3/><V115/><F115/><T79/><D83/><U78/><E38/><AGARI ba="0,1" hai="38,40,45,56,59,74,77,81,92,93,95,96,100,106" machi="38" ten="40,1300,0" yaku="1,1,53,0" doraHai="82" doraHaiUra="44" who="2" fromWho="1" sc="270,0,350,-13,420,23,0,0" /><INIT seed="2,0,0,3,1,54" ten="270,337,443,0" oya="2" hai0="0,111,61,60,127,125,114,92,41,135,42,87,109" hai1="126,94,108,57,107,74,3,90,93,99,35,83,103" hai2="65,84,56,1,48,91,105,63,72,76,104,39,95" hai3=""/><V75/><F1/><T45/><D0/><U68/><E3/><V67/><F39/><T62/><D92/><U118/><E68/><V81/><F75/><T2/><D2/><U51/><E35/><V49/><F67/><T82/><D114/><U123/><N who="1" m="31520" /><U32/><E32/><V66/><REACH who="2" step="1"/><F65/><REACH who="2" ten="270,337,433,0" step="2"/><T52/><D135/><U116/><E74/><V112/><F112/><T97/><D127/><U134/><E126/><V36/><F36/><T120/><N who="0" m="30752" /><T53/><D125/><U47/><E134/><V133/><F133/><T86/><D45/><U131/><E47/><V122/><N who="2" m="31264" /><V38/><F38/><T100/><D111/><U78/><E108/><V40/><F40/><T79/><D109/><U101/><E118/><V80/><F80/><T69/><D41/><U128/><E116/><V64/><F64/><T117/><D42/><U50/><E83/><V129/><F129/><T124/><D117/><U121/><E131/><V55/><F55/><T106/><D124/><U113/><E128/><V58/><F58/><T46/><D46/><U102/><E57/><V96/><F96/><T43/><D43/><U33/><E113/><V110/><F110/><T115/><D115/><U88/><N who="1" m="31008" /><U71/><E99/><RYUUKYOKU ba="0,1" sc="270,-10,337,-10,433,20,0,0" hai2="48,49,56,63,66,72,76,81,84,91,95,104,105" /><INIT seed="2,1,1,3,5,95" ten="260,327,453,0" oya="2" hai0="126,80,109,117,60,55,48,37,102,1,88,54,90" hai1="39,121,50,35,43,82,38,58,96,110,0,3,85" hai2="42,86,45,99,67,32,33,59,70,84,131,44,57" hai3=""/><V135/><F135/><T76/><D1/><U104/><N who="1" m="31008" /><U81/><E35/><V123/><N who="2" m="31520" /><V93/><F131/><T107/><D117/><U63/><E110/><V132/><F132/><T52/><D37/><U62/><E63/><V101/><F70/><T97/><D109/><U124/><E124/><V128/><F128/><T40/><D126/><U72/><E50/><V64/><F32/><T79/><D60/><U105/><E72/><V65/><F33/><T108/><D108/><U129/><E81/><V120/><N who="2" m="30752" /><V56/><REACH who="2" step="1"/><F45/><REACH who="2" ten="260,327,443,0" step="2"/><T78/><REACH who="0" step="1"/><D80/><REACH who="0" ten="250,327,443,0" step="2"/><U75/><E129/><V53/><F53/><T106/><D106/><U115/><E105/><V71/><F71/><T98/><D98/><U112/><E104/><V91/><F91/><T61/><D61/><U68/><E96/><V119/><F119/><T133/><D133/><U116/><E68/><V122/><N who="2" m="31264" /><V41/><F41/><T111/><D111/><U130/><E116/><V118/><F118/><T114/><D114/><U36/><E130/><V92/><F92/><T2/><D2/><N who="1" m="555" /><E43/><V77/><F77/><T66/><D66/><U127/><E127/><V83/><F83/><T125/><D125/><U46/><E115/><V100/><F100/><RYUUKYOKU ba="1,3" sc="250,10,327,-20,443,10,0,0" hai0="40,48,52,54,55,76,78,79,88,90,97,102,107" hai2="42,44,56,57,59,64,65,67,84,86,93,99,101" /><INIT seed="2,2,3,1,4,52" ten="260,307,453,0" oya="2" hai0="87,94,112,62,105,116,85,56,125,36,131,1,68" hai1="35,100,34,42,2,111,132,37,39,124,64,43,119" hai2="133,57,47,106,101,45,82,48,65,40,3,114,66" hai3=""/><V75/><F3/><T53/><D116/><U73/><E2/><V135/><F114/><T96/><D1/><U89/><E119/><V115/><F115/><T97/><D112/><U81/><E124/><V128/><F128/><T63/><D125/><U80/><E132/><N who="2" m="50763" /><F101/><T129/><D36/><U134/><E134/><V67/><F106/><T38/><D38/><U78/><E111/><V113/><F113/><T109/><D109/><U107/><E64/><V103/><F103/><T72/><D72/><U90/><E100/><V118/><F118/><T122/><N who="0" m="31264" /><T33/><D33/><U60/><E60/><V130/><F130/><N who="0" m="49674" /><D105/><U50/><E107/><V99/><F99/><N who="0" m="37962" /><D94/><U79/><E73/><V55/><F75/><T70/><D70/><U98/><E98/><V108/><F108/><T121/><N who="0" m="31008" /><T83/><D83/><U126/><E126/><V86/><F40/><T95/><D95/><U71/><E34/><V74/><F74/><T92/><D92/><U69/><E35/><V59/><F45/><T76/><D76/><AGARI ba="2,3" hai="47,48,55,57,59,65,66,67,76,82,86" m="50763" machi="76" ten="30,5800,0" yaku="20,1,52,2" doraHai="52" who="2" fromWho="0" sc="260,-62,307,0,453,92,0,0" /><INIT seed="2,3,0,1,4,58" ten="198,307,545,0" oya="2" hai0="128,130,119,41,107,116,110,109,101,36,76,115,75" hai1="127,112,99,38,35,106,117,61,67,40,125,72,44" hai2="132,123,54,78,3,120,103,70,121,88,59,114,90" hai3=""/><V49/><N who="2" m="30752" /><V60/><N who="2" m="31008" /><V52/><N who="2" m="31520" /><V73/><F3/><T46/><D101/><U74/><E35/><V108/><F114/><T111/><D107/><U83/><E112/><V47/><F132/><T50/><D76/><U81/><E117/><N who="0" m="45129" /><D75/><U92/><E106/><V65/><F108/><N who="0" m="27650" /><T133/><DORA hai="126" /><D115/><U96/><E99/><V33/><F33/><T1/><D1/><U113/><E113/><V66/><F103/><T71/><D71/><U134/><E134/><V56/><F70/><T69/><D69/><U0/><E0/><V102/><F102/><T94/><D94/><U32/><E32/><V77/><F66/><T37/><D133/><U87/><E127/><V131/><F131/><AGARI ba="3,0" hai="36,37,41,46,50,128,130,131" m="27650,45129" machi="131" ten="50,12000,2" yaku="19,1,14,1,34,2,52,3" doraHai="58,126" who="0" fromWho="2" sc="198,126,307,0,545,-126,0,0" /><INIT seed="4,0,0,1,3,43" ten="324,307,419,0" oya="0" hai0="55,95,85,129,59,97,41,87,127,46,112,84,111" hai1="130,115,126,131,50,133,83,107,48,56,108,90,119" hai2="39,57,66,110,92,86,75,3,44,122,98,62,53" hai3=""/><T47/><D129/><N who="1" m="49163" /><E108/><V99/><N who="2" m="31264" /><V69/><F110/><T106/><D111/><U128/><E119/><V134/><F3/><T40/><D106/><U100/><E133/><V71/><F134/><T38/><D127/><U118/><E118/><V94/><F75/><T42/><D112/><U32/><E32/><V77/><F77/><T73/><D73/><U124/><E115/><V58/><F86/><T93/><D38/><U103/><E128/><V52/><F39/><T74/><D74/><U109/><E109/><V68/><F44/><N who="0" m="16938" /><D97/><U114/><E114/><V105/><F105/><T64/><D64/><U70/><E107/><V78/><F78/><T2/><D2/><U101/><E70/><V33/><F33/><T132/><D132/><U0/><E0/><V91/><REACH who="2" step="1"/><F58/><REACH who="2" ten="324,307,409,0" step="2"/><T34/><D34/><U121/><N who="1" m="31008" /><U36/><E56/><V72/><F72/><T65/><D65/><U81/><E36/><V49/><F49/><AGARI ba="0,1" hai="40,41,42,49,55,59,84,85,87,93,95" m="16938" machi="49" ten="30,11600,0" yaku="8,1,52,3" doraHai="43" who="0" fromWho="2" sc="324,126,307,0,409,-116,0,0" /><INIT seed="4,1,0,5,1,44" ten="450,307,293,0" oya="0" hai0="67,61,66,110,118,93,108,100,33,76,35,37,68" hai1="131,47,62,73,70,134,58,123,120,125,38,113,43" hai2="114,128,54,82,52,119,51,91,80,65,53,50,42" hai3=""/><T69/><D118/><U97/><N who="1" m="30752" /><U83/><N who="1" m="31520" /><U109/><E109/><N who="0" m="42089" /><D76/><U71/><E131/><V56/><F119/><T84/><D37/><U3/><E3/><V57/><F128/><T55/><D55/><U36/><E125/><V78/><F114/><T115/><D115/><U86/><E36/><V111/><F111/><T90/><D100/><U106/><E73/><V133/><F133/><T105/><D105/><U1/><E1/><V99/><F65/><N who="0" m="24586" /><D61/><U130/><E130/><V64/><F64/><T102/><D102/><U103/><E134/><V59/><F42/><T135/><D135/><U104/><E113/><V63/><F78/><T129/><D129/><U94/><E106/><V122/><N who="2" m="31264" /><V124/><F124/><T126/><D126/><U39/><E38/><V34/><F34/><AGARI ba="1,0" hai="33,34,35,68,69,84,90,93" m="24586,42089" machi="34" ten="30,1500,0" yaku="10,1" doraHai="44" who="0" fromWho="2" sc="450,17,307,0,293,-17,0,0" /><INIT seed="4,2,0,3,0,72" ten="467,307,276,0" oya="0" hai0="113,104,101,116,69,98,40,97,103,134,70,123,105" hai1="83,36,68,34,132,48,32,100,99,2,37,60,58" hai2="94,92,95,75,135,90,126,129,41,133,108,119,62" hai3=""/><T109/><N who="0" m="31520" /><T118/><D109/><U89/><E2/><V114/><F108/><T50/><D134/><N who="2" m="51210" /><F119/><T52/><D40/><U115/><E132/><V111/><F111/><T107/><D113/><U96/><E68/><V121/><N who="2" m="31008" /><V88/><F41/><T85/><D85/><U57/><E115/><V82/><F114/><T63/><D63/><U112/><E112/><V81/><F62/><T53/><D107/><U51/><E89/><N who="2" m="34411" /><F129/><T43/><D43/><U76/><E60/><V122/><N who="2" m="31264" /><V49/><F49/><AGARI ba="2,0" hai="49,50,52,53,69,70,97,98,101,103,104,105,116,118" m="31520" machi="49" ten="25,9600,0" yaku="22,2,52,1,54,1" doraHai="72" who="0" fromWho="2" sc="467,100,307,0,276,-100,0,0" /><INIT seed="4,3,0,2,1,61" ten="567,307,176,0" oya="0" hai0="91,57,62,64,115,105,101,121,114,132,72,49,102" hai1="47,33,37,119,34,126,69,86,40,99,125,85,131" hai2="63,78,123,71,134,76,55,124,95,0,100,130,111" hai3=""/><T112/><N who="0" m="31008" /><T90/><D72/><U41/><E119/><V73/><N who="2" m="31520" /><V118/><F0/><T46/><D132/><U110/><E110/><V58/><F111/><T66/><D105/><U116/><E116/><V39/><F118/><T59/><D101/><U74/><E74/><V38/><F134/><T84/><D102/><U32/><E69/><V50/><F124/><N who="1" m="47721" /><E131/><V97/><F130/><T48/><D48/><U51/><E99/><V54/><F73/><T94/><D91/><U108/><E108/><V53/><F71/><T77/><D77/><U107/><E107/><V98/><F38/><T120/><N who="0" m="30752" /><T52/><REACH who="0" step="1"/><D59/><REACH who="0" ten="557,307,176,0" step="2"/><U42/><E37/><V103/><F39/><T67/><AGARI ba="3,1" hai="46,49,52,57,62,64,66,67,84,90,94,112,114,115" m="30752,31008" machi="67" ten="40,24000,4" yaku="1,1,2,1,0,1,15,1,52,5,54,1,53,2" doraHai="61" doraHaiUra="117" who="0" fromWho="0" sc="557,256,307,-123,176,-123,0,0" /><INIT seed="4,4,0,1,4,59" ten="813,184,53,0" oya="0" hai0="116,111,40,82,94,54,68,67,105,39,63,66,73" hai1="35,110,123,101,80,74,0,99,133,36,44,113,104" hai2="42,58,34,46,33,1,93,83,127,92,117,96,69" hai3=""/><T102/><D116/><U41/><RYUUKYOKU type="yao9" ba="4,0" sc="813,0,184,0,53,0,0,0" hai1="0,35,36,41,44,74,80,99,101,104,110,113,123,133" /><INIT seed="4,5,0,3,0,106" ten="813,184,53,0" oya="0" hai0="111,105,39,132,69,110,94,92,96,120,59,107,38" hai1="98,32,135,3,80,66,129,79,77,87,41,100,83" hai2="70,86,67,45,54,134,82,2,52,1,51,62,65" hai3=""/><T50/><N who="0" m="30752" /><T93/><D69/><U117/><E3/><V91/><F134/><T104/><D132/><U114/><E135/><V103/><F103/><T126/><D126/><U127/><E32/><V63/><REACH who="2" step="1"/><F54/><REACH who="2" ten="813,184,43,0" step="2"/><T34/><D34/><U112/><E127/><V64/><F64/><T53/><REACH who="0" step="1"/><D96/><REACH who="0" ten="803,184,43,0" step="2"/><U37/><E98/><V130/><F130/><T55/><D55/><U75/><E129/><V49/><F49/><T72/><D72/><U68/><E75/><V33/><F33/><T97/><D97/><U95/><E68/><AGARI ba="5,2" hai="1,2,45,51,52,62,63,65,67,68,70,82,86,91" machi="68" ten="30,7700,0" yaku="1,1,7,1,9,1,54,1,53,0" doraHai="106" doraHaiUra="113" who="2" fromWho="1" sc="803,0,184,-87,43,107,0,0" /><INIT seed="5,0,0,0,4,71" ten="803,97,150,0" oya="1" hai0="35,41,57,121,101,84,44,53,125,99,33,61,3" hai1="118,112,97,124,80,74,59,82,77,56,83,91,48" hai2="117,123,32,87,86,119,122,135,102,72,34,0,128" hai3=""/><U81/><E118/><V111/><N who="2" m="31264" /><V115/><F102/><T76/><D125/><U78/><E124/><V114/><N who="2" m="31520" /><V36/><F0/><T54/><D53/><U50/><E112/><N who="2" m="43051" /><F111/><T55/><D54/><U2/><E2/><V75/><F128/><T98/><D98/><U131/><E131/><V94/><F135/><T108/><D108/><U63/><E97/><V93/><F36/><T69/><D69/><U92/><E56/><V46/><F46/><T88/><D76/><U85/><REACH who="1" step="1"/><E77/><REACH who="1" ten="803,87,150,0" step="2"/><V113/><F113/><T1/><N who="0" m="31008" /><T49/><D1/><U40/><E40/><V52/><F119/><T116/><D3/><U110/><E110/><V39/><F117/><T129/><D116/><U42/><E42/><V60/><F32/><T103/><D129/><U134/><E134/><V120/><N who="2" m="30752" /><V47/><F34/><T68/><D33/><U126/><E126/><V58/><F39/><T132/><D132/><U89/><E89/><V105/><F47/><T109/><D35/><U90/><E90/><V96/><F96/><T133/><D99/><U106/><E106/><V65/><F105/><T45/><D133/><U127/><E127/><V43/><F43/><T67/><D45/><U64/><AGARI ba="0,1" hai="48,50,59,63,64,74,78,80,81,82,83,85,91,92" machi="64" ten="30,7800,0" yaku="1,1,5,1,0,1,53,1" doraHai="71" doraHaiUra="107" who="1" fromWho="1" sc="803,-39,87,88,150,-39,0,0" /><INIT seed="5,1,0,5,1,116" ten="764,175,111,0" oya="1" hai0="57,83,131,46,38,92,135,129,109,54,49,80,71" hai1="96,68,75,100,40,115,121,110,111,128,125,61,59" hai2="47,53,3,93,51,39,94,90,81,91,98,108,88" hai3=""/><U42/><N who="1" m="31008" /><U103/><E75/><V37/><F108/><N who="1" m="41513" /><E115/><V64/><F3/><T62/><D109/><U36/><E68/><V0/><F0/><T87/><D135/><U112/><E112/><V124/><F124/><T113/><D113/><U56/><E125/><V70/><F70/><T89/><D38/><U76/><E76/><V79/><F64/><T41/><D71/><U48/><E36/><V132/><F132/><T122/><N who="0" m="31264" /><T133/><D133/><U82/><E82/><V52/><F53/><T2/><D2/><U66/><E128/><AGARI ba="1,0" hai="41,46,49,54,57,62,80,83,87,89,92,128,129,131" m="31264" machi="128" ten="40,5200,0" yaku="19,1,52,2" doraHai="116" who="0" fromWho="1" sc="764,54,175,-54,111,0,0,0" /><INIT seed="6,0,0,3,1,83" ten="818,121,111,0" oya="2" hai0="49,42,119,80,40,114,117,98,38,57,125,2,107" hai1="129,85,116,102,87,123,69,45,75,91,113,130,81" hai2="33,112,65,64,3,96,37,76,0,53,131,71,104" hai3=""/><V66/><F33/><T120/><D2/><U90/><N who="1" m="31520" /><U61/><E113/><V78/><F71/><T122/><D38/><U115/><E115/><V101/><F112/><T58/><D114/><U74/><E116/><V132/><F37/><T118/><D80/><U60/><E45/><V106/><F132/><T103/><D125/><U32/><E102/><V133/><F133/><T72/><D72/><U89/><E32/><V48/><F106/><T70/><D70/><U35/><E35/><V134/><F134/><T127/><D127/><U105/><E105/><V94/><F104/><T99/><D99/><U128/><E69/><V52/><F131/><T63/><D58/><U46/><E46/><V110/><F110/><T55/><D63/><N who="1" m="24139" /><E85/><V54/><REACH who="2" step="1"/><F48/><REACH who="2" ten="818,121,101,0" step="2"/><T124/><D124/><U68/><E68/><V1/><AGARI ba="0,1" hai="0,1,3,52,53,54,64,65,66,76,78,94,96,101" machi="1" ten="40,12000,2" yaku="1,1,2,1,0,1,29,2,54,1,53,0" doraHai="83" doraHaiUra="135" who="2" fromWho="2" sc="818,-60,121,-60,101,130,0,0" /><INIT seed="6,1,0,2,3,106" ten="758,61,231,0" oya="2" hai0="91,114,108,1,38,129,110,119,33,40,85,99,69" hai1="127,59,41,121,112,36,61,72,45,115,84,75,109" hai2="92,124,103,71,120,62,86,135,113,68,118,35,49" hai3=""/><V87/><N who="2" m="30752" /><V50/><F35/><T122/><D69/><U93/><N who="1" m="31008" /><U54/><E109/><V125/><F118/><T32/><D119/><U55/><E127/><V42/><F92/><T57/><D129/><U111/><E111/><V70/><F103/><T107/><D1/><U80/><E93/><V131/><F62/><T52/><D114/><U95/><E95/><V88/><F88/><T133/><D108/><U67/><E84/><V65/><F65/><T96/><D107/><U134/><E134/><V47/><F135/><T132/><D99/><U77/><E75/><V94/><F94/><T97/><D96/><U0/><E0/><V81/><F81/><T3/><D97/><U82/><E82/><V101/><F101/><T58/><D3/><U63/><E80/><V90/><F90/><T130/><D110/><U64/><E77/><V66/><F87/><T117/><D117/><U89/><E89/><V83/><F86/><T102/><D91/><U78/><E78/><V74/><F83/><T116/><D102/><U34/><E34/><V44/><F74/><T98/><D116/><U39/><E72/><V60/><F124/><T105/><D133/><U76/><E76/><V2/><F125/><T37/><D132/><RYUUKYOKU ba="1,0" sc="758,0,61,0,231,0,0,0" owari="758,71.0,61,-54.0,231,-17.0,0,0.0" /></mjloggm>