<mjloggm ver="2.3"><GO type="169" lobby="0"/><UN n0="%E3%81%B5%E3%81%98%E3%81%8B%E3%81%A4" n1="%42%72%42%61" n2="%E3%83%93%E3%83%B3%E3%82%AB%E3%83%B3" n3="%4E%6F%6D%65%72%63%79" dan="16,16,16,16" rate="2128.27,2170.64,2145.09,2165.90" sx="M,M,M,F"/><TAIKYOKU oya="0"/><INIT seed="0,0,0,5,4,49" ten="250,250,250,250" oya="0" hai0="83,87,40,122,88,62,93,133,103,13,69,129,16" hai1="114,34,68,118,90,127,19,43,97,91,3,132,42" hai2="104,18,9,105,108,32,77,5,20,21,31,37,92" hai3="67,75,57,71,94,78,95,27,74,106,124,17,46"/><T41/><D122/><U39/><E118/><V4/><F37/><W86/><G71/><T112/><D112/><U53/><E127/><V125/><F125/><W98/><G124/><T22/><D133/><U126/><E132/><V80/><F5/><W89/><G106/><T110/><D129/><U128/><E126/><V109/><F21/><W36/><G36/><T8/><D110/><N who="2" m="42602" /><F92/><W101/><G78/><T52/><D69/><U135/><E135/><V61/><F61/><W81/><G94/><T76/><D103/><U117/><E3/><N who="2" m="159" /><F31/><W6/><G6/><T70/><D70/><U50/><E68/><V99/><F99/><W47/><G17/><T100/><D100/><U11/><E117/><V28/><F28/><W48/><G27/><T38/><D38/><U65/><E39/><V134/><F32/><W33/><G33/><T64/><D64/><U111/><E65/><V55/><F55/><W131/><G131/><T72/><REACH who="0" step="1"/><D22/><REACH who="0" ten="240,250,250,250" step="2"/><U26/><E111/><V123/><F123/><W102/><G102/><T45/><D45/><U15/><E114/><V51/><F134/><W1/><G46/><T66/><D66/><U23/><E128/><V35/><F35/><W130/><G130/><T59/><AGARI ba="0,1" hai="8,13,16,40,41,52,59,62,72,76,83,87,88,93" machi="59" ten="30,18000,2" yaku="1,1,0,1,52,1,54,3,53,1" doraHai="49" doraHaiUra="79" who="0" fromWho="0" sc="240,190,250,-60,250,-60,250,-60" /><INIT seed="0,1,0,0,4,112" ten="430,190,190,190" oya="0" hai0="106,87,6,89,86,83,1,53,18,48,103,88,31" hai1="46,33,129,43,20,27,104,124,12,67,64,115,122" hai2="94,119,10,92,32,118,55,68,127,90,101,54,57" hai3="91,79,80,3,24,66,117,60,78,99,23,40,50"/><T21/><D31/><U17/><E122/><V77/><F68/><W71/><G3/><T84/><D1/><U37/><E115/><V26/><F77/><W52/><G40/><T100/><D106/><U128/><E124/><V2/><F127/><W51/><G51/><T135/><D135/><U25/><E104/><V126/><F126/><W42/><G42/><T133/><D133/><U28/><REACH who="1" step="1"/><E25/><REACH who="1" ten="430,180,190,190" step="2"/><V34/><F26/><W0/><G0/><T105/><D105/><U75/><E75/><V123/><F123/><W38/><G38/><T45/><D6/><U41/><E41/><V35/><F101/><N who="0" m="38986" /><D83/><U36/><E36/><V97/><F94/><W70/><G80/><T121/><D121/><U44/><E44/><V22/><F2/><W56/><G70/><T62/><D62/><U82/><E82/><V132/><F132/><W7/><G7/><T15/><AGARI ba="1,1" hai="15,18,21,45,48,53,84,86,87,88,89" m="38986" machi="15" ten="30,3000,0" yaku="8,1,54,1" doraHai="112" who="0" fromWho="0" sc="430,43,180,-11,190,-11,190,-11" /><INIT seed="0,2,0,1,3,83" ten="473,169,179,179" oya="0" hai0="81,46,76,63,118,71,132,119,123,95,110,99,48" hai1="117,27,134,124,66,21,2,26,23,36,55,89,10" hai2="47,77,37,80,86,84,72,98,105,59,129,122,126" hai3="94,61,43,121,103,4,115,100,112,0,25,57,60"/><T90/><D123/><U11/><E117/><V70/><F70/><W35/><G121/><T125/><D132/><U42/><E66/><V104/><F122/><W45/><G61/><T64/><D125/><U54/><E134/><V106/><F126/><W33/><G112/><T68/><D110/><U1/><E124/><V131/><F59/><W107/><G107/><T15/><D15/><U93/><E42/><V28/><F28/><W127/><G115/><T113/><D113/><U39/><E93/><V3/><F3/><W102/><G127/><T14/><D14/><U62/><E62/><V109/><F109/><W75/><G75/><T40/><REACH who="0" step="1"/><D68/><REACH who="0" ten="463,169,179,179" step="2"/><U96/><E1/><V19/><F131/><W29/><G0/><T128/><D128/><U116/><E2/><V9/><F129/><W69/><G69/><T82/><D82/><U85/><E116/><V20/><F9/><W49/><G4/><T5/><D5/><U111/><E111/><V120/><F120/><W18/><G94/><T7/><D7/><U12/><E12/><V31/><F106/><W133/><G133/><T52/><D52/><U135/><E135/><V8/><F105/><W87/><G43/><T22/><D22/><U41/><E41/><V51/><F8/><W56/><G35/><T34/><D34/><U67/><E21/><V92/><F104/><W101/><G33/><T38/><D38/><U108/><E23/><V88/><F37/><W58/><G25/><T44/><D44/><U13/><E108/><V97/><F92/><W16/><G45/><T65/><D65/><U91/><E67/><RYUUKYOKU ba="2,1" sc="463,30,169,-10,179,-10,179,-10" hai0="40,46,48,63,64,71,76,81,90,95,99,118,119" /><INIT seed="0,3,1,4,0,81" ten="493,159,169,169" oya="0" hai0="104,123,84,46,126,101,83,105,117,99,3,24,23" hai1="107,91,20,73,58,51,52,70,11,55,131,40,66" hai2="115,62,50,59,30,45,65,110,44,132,27,133,111" hai3="10,86,22,48,4,35,19,56,28,124,32,100,18"/><T69/><D123/><U97/><E131/><V75/><F75/><W68/><G68/><T122/><D117/><U67/><E73/><V79/><F79/><W57/><G124/><T5/><D122/><U95/><E107/><V130/><F30/><W43/><G100/><T12/><D126/><U96/><E40/><V61/><F27/><W85/><G43/><T21/><D69/><U77/><E77/><V87/><F87/><W15/><G28/><T64/><D105/><U36/><E36/><V71/><F115/><W125/><G125/><T78/><D3/><U39/><E39/><V25/><F25/><W94/><G94/><T127/><D127/><U103/><E20/><V7/><F7/><W16/><G22/><T0/><D0/><U53/><E11/><V135/><F130/><W134/><G134/><T34/><D64/><N who="1" m="24619" /><E70/><V76/><F76/><W93/><G93/><T37/><D37/><U116/><E116/><V41/><F45/><W31/><G31/><T72/><D46/><U92/><AGARI ba="3,1" hai="51,52,53,55,58,91,92,95,96,97,103" m="24619" machi="92" ten="30,2000,0" yaku="8,1,54,1" doraHai="81" who="1" fromWho="1" sc="493,-13,159,39,169,-8,169,-8" /><INIT seed="1,0,0,2,4,43" ten="480,198,161,161" oya="1" hai0="103,79,56,124,2,39,33,126,70,28,31,73,47" hai1="3,120,133,130,38,122,19,13,119,92,42,24,40" hai2="51,36,109,62,61,34,0,116,97,50,123,60,57" hai3="26,27,11,115,58,87,9,94,25,52,29,17,84"/><U88/><E119/><V68/><F34/><W110/><G115/><T7/><D70/><U83/><E133/><V134/><F0/><W131/><G110/><T77/><D103/><U1/><E130/><V100/><F116/><W135/><G135/><T22/><D56/><U32/><E83/><V125/><F134/><W85/><G131/><T105/><D105/><U106/><E106/><V63/><F123/><W96/><G29/><T102/><D102/><U44/><E42/><V99/><F36/><W20/><G20/><T21/><D33/><U101/><E101/><V95/><F68/><W72/><G72/><T41/><D22/><U89/><E122/><V30/><F30/><W66/><G66/><T104/><D104/><U15/><E120/><V71/><F71/><W121/><G121/><T76/><D73/><U14/><E89/><V6/><F99/><W107/><G107/><T75/><D75/><U45/><E45/><V55/><F6/><W16/><G94/><T35/><D35/><U18/><E32/><V114/><F109/><W90/><G90/><T91/><D21/><U64/><E64/><V74/><F74/><W108/><G96/><T113/><D91/><U65/><E65/><V53/><F114/><W69/><G69/><T93/><D93/><U80/><E80/><V81/><F81/><W112/><G108/><T59/><D113/><U37/><E37/><V128/><F128/><W23/><G112/><T48/><D39/><U10/><E24/><N who="3" m="9322" /><G17/><N who="1" m="6154" /><E10/><V46/><F125/><N who="0" m="48234" /><D59/><U86/><E38/><V82/><F82/><W98/><G98/><T132/><D132/><RYUUKYOKU ba="0,0" sc="480,0,198,0,161,0,161,0" hai0="2,7,28,31,41,47,48,76,77,79" hai1="1,3,13,14,15,40,44,86,88,92" hai2="46,50,51,53,55,57,60,61,62,63,95,97,100" hai3="9,11,16,23,27,52,58,84,85,87" /><INIT seed="1,1,0,5,3,20" ten="480,198,161,161" oya="1" hai0="33,13,24,98,37,61,107,127,82,16,134,117,96" hai1="129,17,111,94,43,49,8,4,46,11,86,76,14" hai2="29,50,93,90,3,30,119,21,66,97,115,130,116" hai3="118,2,68,133,69,126,48,77,26,28,10,55,89"/><U1/><E129/><V31/><F3/><W36/><G36/><T59/><D117/><U23/><E111/><V27/><F130/><W114/><G118/><T92/><D37/><U35/><E35/><V72/><F72/><W100/><G114/><T19/><D134/><U124/><E124/><V6/><F115/><W5/><G133/><T0/><D0/><U84/><E94/><V64/><F6/><W95/><G100/><T57/><D82/><U40/><E40/><V78/><F78/><W85/><G77/><T88/><D127/><U62/><E76/><V128/><F128/><W83/><G83/><T34/><D59/><U47/><E47/><V122/><F122/><W121/><G121/><T112/><D112/><U110/><E110/><V58/><F119/><W101/><G101/><T106/><D98/><U75/><E75/><V38/><F38/><W123/><G123/><T51/><D51/><U120/><E120/><V91/><F91/><W79/><G79/><T25/><D33/><U54/><E62/><V44/><F116/><W12/><G2/><T18/><D34/><U15/><REACH who="1" step="1"/><E43/><REACH who="1" ten="480,188,161,161" step="2"/><N who="2" m="24863" /><F58/><W22/><G126/><T109/><D109/><U7/><AGARI ba="1,1" hai="1,4,7,8,11,14,15,17,23,46,49,54,84,86" machi="7" ten="20,3900,0" yaku="1,1,0,1,7,1,53,0" doraHai="20" doraHaiUra="67" who="1" fromWho="1" sc="480,-14,188,52,161,-14,161,-14" /><INIT seed="1,2,0,2,0,16" ten="466,240,147,147" oya="1" hai0="34,33,5,88,3,66,129,81,131,103,54,79,78" hai1="52,2,62,73,18,57,27,50,99,55,134,71,118" hai2="104,125,70,56,26,32,82,41,13,28,69,25,101" hai3="9,19,108,95,93,6,64,44,122,1,127,114,45"/><U116/><E134/><V20/><F125/><W38/><G127/><T120/><D103/><U67/><E2/><V106/><F41/><W109/><G122/><T40/><D40/><U24/><E73/><V89/><F13/><W135/><G114/><T22/><D66/><U107/><E18/><V61/><F106/><W98/><G135/><T121/><D54/><U17/><E55/><V35/><F35/><W102/><G64/><T96/><D5/><U60/><E60/><V124/><F124/><W86/><G38/><T49/><D49/><U85/><E85/><V8/><F8/><W4/><G4/><T51/><D51/><U31/><E17/><V68/><F101/><W65/><G65/><T112/><D3/><U43/><E24/><V97/><F104/><W23/><G109/><T21/><D112/><U36/><E99/><V75/><F75/><W10/><G10/><T105/><D105/><U58/><E58/><V63/><F56/><W130/><G130/><N who="0" m="49675" /><D96/><U11/><E11/><V119/><F119/><W7/><G108/><T90/><D81/><U47/><E107/><V110/><F110/><W132/><G132/><T113/><D113/><U59/><E59/><V115/><F115/><W39/><G39/><T77/><D34/><AGARI ba="2,0" hai="27,31,34,36,43,47,50,52,57,62,67,71,116,118" machi="34" ten="30,11600,0" yaku="7,1,24,2,54,1" doraHai="16" who="1" fromWho="0" sc="466,-122,240,122,147,0,147,0" /><INIT seed="1,3,0,4,0,60" ten="344,362,147,147" oya="1" hai0="1,128,96,82,68,64,22,34,16,54,11,9,37" hai1="126,46,110,58,48,84,70,118,86,77,113,3,73" hai2="14,122,85,130,33,25,61,69,38,65,89,112,13" hai3="47,116,92,36,87,44,15,23,51,66,62,24,131"/><U10/><E118/><V134/><F38/><W4/><G116/><T12/><D128/><U117/><E117/><V132/><F122/><W52/><G131/><T78/><D34/><U115/><E126/><V123/><F123/><W114/><G114/><T94/><D37/><U105/><E105/><V42/><F42/><W29/><G36/><T6/><D11/><U111/><E70/><V35/><F130/><W26/><G44/><T101/><D68/><U120/><E120/><V45/><F45/><W32/><G15/><N who="2" m="5641" /><F25/><W121/><G4/><T102/><D54/><U98/><E98/><V71/><F71/><W67/><G121/><T7/><D7/><N who="1" m="1407" /><E58/><V88/><F89/><W124/><G124/><T28/><D28/><U79/><E73/><V72/><F72/><W8/><G8/><T59/><D59/><U74/><E74/><V55/><F55/><W40/><G40/><T18/><D18/><U135/><E135/><N who="2" m="51755" /><F112/><N who="1" m="43081" /><E79/><V56/><F69/><W31/><REACH who="3" step="1"/><G62/><REACH who="3" ten="344,362,147,137" step="2"/><T93/><D1/><U49/><E46/><V57/><F57/><W5/><G5/><T95/><D6/><U21/><E48/><V50/><F50/><W104/><G104/><T99/><D9/><U90/><E49/><V107/><F107/><W39/><G39/><T63/><D102/><U108/><E108/><V76/><F76/><W27/><G27/><T19/><D101/><U97/><E77/><V106/><F106/><W2/><G2/><T129/><D129/><U83/><E111/><V20/><F20/><W109/><G109/><T81/><D22/><U75/><E21/><V17/><F17/><RYUUKYOKU ba="3,1" sc="344,-15,362,-15,147,15,137,15" hai2="33,35,56,61,65,85,88" hai3="23,24,26,29,31,32,47,51,52,66,67,87,92" /><INIT seed="2,4,1,1,5,134" ten="329,347,162,152" oya="2" hai0="19,125,112,101,53,102,8,104,14,124,1,49,40" hai1="91,13,35,71,41,114,131,75,54,47,48,23,115" hai2="119,86,82,57,87,38,33,122,56,30,65,68,15" hai3="108,117,26,4,81,123,22,24,110,67,72,6,55"/><V127/><F38/><W113/><G117/><T64/><D112/><U89/><E131/><V31/><F119/><W118/><G118/><T62/><D1/><U116/><E116/><V100/><F122/><W92/><G123/><T43/><D104/><U132/><E132/><V50/><F100/><W69/><G113/><T21/><D21/><U93/><E35/><V17/><F68/><W46/><G24/><T80/><D80/><U16/><E71/><V77/><F33/><W25/><G25/><T5/><D5/><U51/><E75/><V7/><F7/><W12/><G92/><T37/><D101/><U29/><E29/><V3/><F3/><W98/><G98/><T121/><D102/><U73/><E73/><V59/><F65/><W61/><G72/><T99/><D99/><U32/><E32/><V58/><F87/><W126/><G81/><T52/><D121/><U45/><REACH who="1" step="1"/><E89/><REACH who="1" ten="329,337,162,152" step="2"/><V20/><F127/><N who="0" m="48714" /><D37/><U103/><E103/><V109/><F109/><N who="3" m="42091" /><G126/><T10/><D10/><U39/><E39/><V130/><F130/><W76/><G4/><T96/><D96/><AGARI ba="4,2" hai="13,16,23,41,45,47,48,51,54,91,93,96,114,115" machi="96" ten="30,3900,0" yaku="1,1,7,1,54,1,53,0" doraHai="134" doraHaiUra="133" who="1" fromWho="0" sc="329,-51,337,71,162,0,152,0" /><INIT seed="3,0,0,4,3,28" ten="278,408,162,152" oya="3" hai0="68,133,7,74,67,63,51,8,132,105,114,90,86" hai1="124,32,81,45,4,38,101,73,83,125,27,47,23" hai2="106,104,76,119,121,113,44,37,34,109,72,53,36" hai3="41,31,19,92,29,128,103,130,111,9,134,88,112"/><W25/><G112/><T108/><D114/><U64/><E32/><V49/><F113/><W5/><G103/><T100/><D105/><U131/><E131/><N who="3" m="50218" /><G134/><T2/><D74/><U56/><E4/><V96/><F119/><W40/><G19/><T85/><D100/><U75/><E101/><V93/><F121/><W118/><G118/><T17/><D108/><U99/><E99/><V39/><F109/><W87/><G111/><T80/><D51/><U59/><E75/><V42/><F106/><W58/><G58/><T91/><REACH who="0" step="1"/><D17/><REACH who="0" ten="268,408,162,152" step="2"/><U123/><E73/><V117/><F104/><W120/><G120/><T95/><AGARI ba="0,1" hai="2,7,8,63,67,68,80,85,86,90,91,95,132,133" machi="95" ten="30,7900,0" yaku="1,1,2,1,0,1,53,1" doraHai="28" doraHaiUra="3" who="0" fromWho="0" sc="268,89,408,-20,162,-20,152,-39" /><INIT seed="4,0,0,4,2,64" ten="357,388,142,113" oya="0" hai0="41,24,113,16,108,43,134,78,26,2,37,123,34" hai1="25,110,81,47,5,75,32,9,65,35,93,61,135" hai2="92,56,62,48,23,28,39,1,107,126,0,15,116" hai3="128,120,103,119,68,12,80,95,45,112,3,50,90"/><T88/><D123/><U85/><E110/><V31/><F107/><W117/><G120/><T132/><D2/><U13/><E135/><N who="0" m="51753" /><D78/><U21/><E75/><V98/><F39/><W86/><G3/><T22/><D108/><U101/><E47/><V121/><F121/><W133/><G133/><T109/><D109/><U69/><E101/><V53/><F116/><W91/><G103/><T67/><D37/><U11/><E11/><V97/><F126/><W44/><G112/><T130/><D130/><U14/><E14/><V7/><F0/><W60/><G128/><T83/><D113/><U17/><REACH who="1" step="1"/><E93/><REACH who="1" ten="357,378,142,113" step="2"/><V36/><F1/><W20/><G45/><T118/><D118/><U105/><E105/><V63/><F92/><W114/><G114/><T70/><D26/><U100/><E100/><V38/><F38/><W54/><G12/><T59/><D34/><U106/><E106/><V10/><F36/><W49/><G20/><T79/><D59/><U52/><E52/><V27/><F23/><W51/><G119/><T72/><D88/><AGARI ba="0,1" hai="5,9,13,17,21,25,32,35,61,65,69,81,85,88" machi="88" ten="30,7700,0" yaku="1,1,7,1,52,1,54,1,53,0" doraHai="64" doraHaiUra="73" who="1" fromWho="0" sc="357,-77,378,87,142,0,113,0" /><INIT seed="5,0,0,2,3,81" ten="280,465,142,113" oya="1" hai0="37,89,55,50,31,33,49,116,127,82,22,6,41" hai1="125,42,9,14,88,94,21,15,123,46,106,62,92" hai2="10,27,120,44,118,98,115,72,51,20,110,8,111" hai3="7,35,90,47,124,53,39,103,43,131,66,93,95"/><U104/><E123/><V112/><F72/><W107/><G35/><T64/><D116/><U19/><E125/><V54/><F118/><W83/><G124/><T45/><D127/><U60/><E106/><V121/><F98/><W100/><G131/><T63/><D33/><U24/><E104/><V0/><F54/><W80/><G107/><T26/><D6/><U101/><E101/><V105/><F44/><W129/><G129/><T52/><D49/><U12/><E9/><N who="2" m="3691" /><F0/><W84/><G7/><T134/><D134/><U23/><E23/><V17/><F51/><W119/><G119/><T135/><D135/><U70/><E94/><V74/><F74/><W56/><G66/><T69/><D55/><U1/><E70/><V113/><F105/><W4/><G4/><T122/><D122/><AGARI ba="0,0" hai="17,20,27,110,111,112,113,115,120,121,122" m="3691" machi="122" ten="40,8000,1" yaku="15,1,11,1,34,2" doraHai="81" who="2" fromWho="0" sc="280,-80,465,0,142,80,113,0" /><INIT seed="6,0,0,2,3,58" ten="200,465,222,113" oya="2" hai0="87,30,78,59,103,82,16,72,51,36,0,18,118" hai1="52,130,71,111,41,73,89,64,132,116,93,122,56" hai2="68,48,66,120,2,39,131,54,101,77,63,24,14" hai3="33,60,26,126,31,91,38,32,76,65,27,5,135"/><V102/><F2/><W25/><G38/><T7/><D118/><U17/><E116/><V62/><F120/><W28/><G135/><T109/><D36/><U19/><E111/><V92/><F39/><W125/><G76/><T123/><D109/><U67/><E132/><V108/><F108/><W10/><G91/><T42/><D123/><U8/><E122/><V107/><F107/><W110/><G110/><T13/><D0/><U9/><E130/><V127/><F77/><W74/><G74/><T90/><D30/><U100/><E73/><V81/><F81/><W128/><G128/><T97/><D42/><U129/><E41/><V4/><F131/><W117/><G27/><T44/><D7/><U35/><E35/><V53/><F24/><W88/><G117/><T34/><D34/><U98/><E100/><V70/><F127/><W49/><G49/><T46/><D13/><U96/><E96/><V3/><F3/><W84/><G10/><N who="1" m="4202" /><E71/><V21/><F4/><W115/><G5/><T80/><D59/><U124/><E124/><V37/><F37/><W69/><REACH who="3" step="1"/><G115/><REACH who="3" ten="200,465,222,103" step="2"/><T104/><REACH who="0" step="1"/><D51/><REACH who="0" ten="190,465,222,103" step="2"/><N who="1" m="30751" /><E129/><V75/><F48/><W20/><G20/><T99/><D99/><U1/><E1/><V45/><F21/><W106/><G106/><T121/><D121/><U79/><E98/><V119/><F119/><W133/><G133/><T43/><D43/><U15/><E15/><V6/><F14/><W83/><AGARI ba="0,2" hai="25,26,28,31,32,33,60,65,69,83,84,88,125,126" machi="83" ten="30,8000,1" yaku="1,1,0,1,9,1,52,1,54,1,53,0" doraHai="58" doraHaiUra="105" who="3" fromWho="3" sc="190,-20,465,-20,222,-40,103,100" /><INIT seed="7,0,0,4,4,35" ten="170,445,182,203" oya="3" hai0="48,115,124,47,59,37,102,135,101,62,106,8,0" hai1="13,96,118,91,54,108,76,42,110,55,27,70,74" hai2="50,32,88,128,26,66,78,11,56,61,3,4,77" hai3="130,2,5,83,125,107,19,127,44,29,105,64,68"/><W39/><G130/><T34/><D34/><U100/><E118/><V38/><F38/><W18/><G29/><T94/><D37/><U72/><E70/><V81/><F128/><W25/><G83/><T112/><D106/><N who="3" m="40457" /><G25/><T69/><D69/><U98/><E42/><V40/><F40/><N who="3" m="22559" /><G19/><T53/><D135/><U10/><E27/><V126/><F126/><W31/><G18/><T111/><D124/><U41/><E41/><V28/><F50/><W121/><G31/><T51/><D111/><U6/><E91/><V116/><F116/><W75/><G75/><T131/><D131/><U58/><E55/><V85/><AGARI ba="0,0" hai="3,4,11,26,28,32,56,61,66,77,78,81,85,88" machi="85" ten="30,4000,0" yaku="0,1,52,1,54,1" doraHai="35" who="2" fromWho="2" sc="170,-10,445,-10,182,40,203,-20" owari="160,-34.0,435,54.0,222,2.0,183,-22.0" /></mjloggm>