<mjloggm ver="2.3"><GO type="169" lobby="0"/><UN n0="%E6%9C%A8%E6%BC%8F%E3%82%8C%E6%97%A5" n1="%E8%B0%B7%E5%8F%A3%E3%81%93%E3%81%86%E3%81%B8%E3%81%84" n2="%4C%69%53%41" n3="%E3%81%B4%E3%83%BC%E3%81%8A%E3%81%8B" dan="17,17,16,16" rate="2237.39,2216.75,2169.54,2178.61" sx="M,M,F,M"/><TAIKYOKU oya="0"/><INIT seed="0,0,0,3,2,132" ten="250,250,250,250" oya="0" hai0="35,0,114,119,111,62,107,21,44,133,85,48,82" hai1="90,37,127,30,129,94,27,16,38,31,89,6,9" hai2="79,22,60,52,112,58,67,45,65,55,120,40,34" hai3="5,77,106,115,13,2,19,134,95,80,125,66,10"/><T39/><D35/><U128/><E37/><V53/><F34/><W126/><G115/><T71/><D114/><U1/><E38/><N who="2" m="21655" /><F79/><W72/><G106/><T93/><D107/><U98/><E90/><V122/><F22/><W113/><G113/><T61/><D0/><U14/><E127/><N who="3" m="48650" /><G134/><T87/><D39/><U33/><REACH who="1" step="1"/><E30/><REACH who="1" ten="250,240,250,250" step="2"/><V63/><F112/><W118/><G118/><T130/><D119/><U74/><E74/><V29/><F29/><W54/><G66/><T8/><D133/><U42/><E42/><V86/><F86/><W32/><G32/><T135/><D135/><U96/><E96/><V103/><F103/><W18/><G54/><T59/><D87/><U56/><E56/><AGARI ba="0,1" hai="52,53,55,56,58,60,63,65,67,120,122" m="21655" machi="56" ten="30,3900,0" yaku="34,2,54,1" doraHai="132" who="2" fromWho="1" sc="250,0,240,-39,250,49,250,0" /><INIT seed="1,0,0,3,2,81" ten="250,201,299,250" oya="1" hai0="105,8,120,49,23,111,57,25,17,40,130,119,7" hai1="117,24,30,104,19,63,2,76,91,48,131,4,32" hai2="90,89,59,37,118,96,94,113,22,50,10,107,12" hai3="20,82,70,66,54,33,128,109,44,114,27,133,13"/><U61/><E117/><V110/><F118/><W77/><G109/><T98/><D119/><U5/><E104/><V95/><F37/><W108/><G108/><T129/><D111/><U68/><E131/><V73/><F110/><W122/><G114/><T112/><D112/><U51/><E76/><V67/><F73/><W116/><G122/><T42/><D120/><U132/><E132/><V28/><F107/><W47/><G128/><N who="0" m="49259" /><D57/><U80/><E19/><V62/><F50/><W100/><G100/><N who="0" m="62615" /><D49/><U84/><E63/><V87/><F113/><W18/><G133/><T125/><D125/><U124/><E124/><V78/><F78/><W102/><G102/><T1/><AGARI ba="0,0" hai="1,7,8,17,23,25,40,42" m="62615,49259" machi="1" ten="30,1100,0" yaku="19,1" doraHai="81" who="0" fromWho="0" sc="250,11,201,-5,299,-3,250,-3" /><INIT seed="2,0,0,2,5,134" ten="261,196,296,247" oya="2" hai0="107,28,133,128,1,51,77,131,36,78,52,33,35" hai1="83,37,106,124,50,110,132,115,98,87,68,21,96" hai2="60,39,66,85,14,55,122,120,8,42,114,88,26" hai3="100,92,103,9,30,126,13,3,72,44,16,4,105"/><V130/><F114/><W10/><G72/><T34/><D36/><U135/><E37/><V80/><F130/><N who="0" m="49706" /><D1/><U65/><E68/><V32/><F55/><W70/><G70/><T99/><D28/><U84/><E65/><V73/><F73/><W0/><G105/><T53/><D133/><N who="1" m="51275" /><E50/><V19/><F32/><W54/><G30/><T25/><D25/><U22/><E115/><V104/><F104/><W59/><G126/><T57/><D53/><U56/><E56/><V24/><F120/><W117/><G117/><T29/><D29/><U81/><E110/><V123/><F122/><W75/><G75/><T5/><D5/><U43/><E43/><V129/><F129/><W71/><G71/><T17/><D17/><U102/><E21/><V109/><F123/><W97/><G44/><T86/><D86/><N who="1" m="32811" /><E22/><V67/><F67/><W18/><G0/><T112/><D112/><U11/><E11/><V101/><F109/><W113/><G113/><T49/><D49/><U23/><E23/><V116/><F116/><W64/><G64/><T61/><D51/><U93/><E124/><V6/><F6/><W108/><G108/><T79/><D35/><U82/><E82/><V90/><F39/><W127/><G127/><T89/><D107/><U74/><E74/><V91/><F42/><W15/><G3/><T58/><D58/><U118/><E118/><V125/><F125/><W27/><G4/><T63/><D63/><U40/><E40/><V12/><F66/><W38/><G38/><T2/><D2/><U121/><E121/><V45/><F45/><W7/><G7/><RYUUKYOKU ba="0,0" sc="261,15,196,15,296,-15,247,-15" hai0="33,34,52,57,61,77,78,79,89,99" hai1="81,83,93,96,98,102,106" /><INIT seed="3,1,0,5,2,32" ten="276,211,281,232" oya="3" hai0="38,75,2,3,4,120,53,42,86,6,45,135,67" hai1="107,51,116,54,106,63,124,7,82,78,41,9,108" hai2="65,112,92,130,99,19,72,50,29,34,24,12,0" hai3="27,109,125,35,126,68,33,85,102,70,57,83,18"/><W31/><G35/><T17/><D75/><U113/><E113/><V131/><F72/><W23/><G102/><T43/><D120/><U80/><E108/><V26/><F112/><W28/><G109/><T117/><D117/><U48/><E124/><N who="3" m="47722" /><G57/><T60/><D135/><U13/><E116/><V94/><F26/><N who="3" m="18679" /><G28/><T119/><D119/><U8/><E82/><V11/><F65/><W104/><G104/><T25/><D67/><U49/><E41/><V89/><F50/><W22/><G23/><T30/><D30/><U1/><E63/><V40/><F40/><W129/><G129/><N who="2" m="49161" /><F94/><W56/><G56/><T36/><D60/><U97/><E97/><V69/><F69/><W58/><G58/><T39/><D43/><U10/><E54/><V16/><F19/><W133/><G133/><T74/><D53/><U118/><E118/><V93/><F93/><W98/><G98/><T46/><D42/><U111/><E111/><V134/><F134/><W121/><G121/><T101/><D39/><U110/><E110/><V15/><F15/><W62/><G62/><T21/><D38/><U127/><E127/><V5/><F5/><W44/><G44/><T14/><D46/><U79/><E13/><V61/><F61/><W55/><G55/><T103/><D45/><U122/><E122/><V105/><F105/><N who="1" m="39945" /><E80/><V123/><F123/><W77/><AGARI ba="1,0" hai="18,22,27,68,70,77,83,85" m="18679,47722" machi="77" ten="30,1500,0" yaku="18,1" doraHai="32" who="3" fromWho="3" sc="276,-6,211,-6,281,-6,232,18" /><INIT seed="3,2,0,2,2,71" ten="270,205,275,250" oya="3" hai0="125,93,133,89,90,69,100,91,76,134,59,15,99" hai1="51,25,20,2,18,28,96,62,82,49,57,26,12" hai2="43,115,27,127,128,38,32,102,53,119,4,34,14" hai3="110,85,129,31,33,3,1,45,117,44,121,16,113"/><W46/><G113/><T74/><D69/><U80/><E2/><V118/><F102/><W61/><G117/><T97/><D59/><U109/><E109/><V107/><F107/><W73/><G121/><T124/><D15/><U19/><E80/><V9/><F53/><W84/><G73/><T86/><D74/><U52/><E82/><V104/><F104/><W101/><G129/><T72/><D72/><U41/><E41/><V66/><F66/><W58/><G101/><T30/><D30/><U54/><E54/><V39/><F43/><W63/><G110/><T24/><D24/><U13/><E96/><V131/><F27/><W60/><G58/><T81/><D99/><U103/><E103/><V77/><F77/><W68/><G68/><T87/><D87/><U50/><REACH who="1" step="1"/><E28/><REACH who="1" ten="270,195,275,250" step="2"/><V17/><F115/><W95/><G1/><T111/><D111/><U92/><E92/><V0/><F119/><W36/><G3/><T67/><D67/><U29/><E29/><V114/><F114/><W122/><G95/><T123/><D123/><U42/><E42/><V55/><F55/><W64/><G122/><T135/><AGARI ba="2,1" hai="76,81,86,89,90,91,93,97,100,124,125,133,134,135" machi="135" ten="40,8000,1" yaku="0,1,20,1,34,3" doraHai="71" who="0" fromWho="0" sc="270,96,195,-22,275,-22,250,-42" /><INIT seed="4,0,0,2,1,66" ten="366,173,253,208" oya="0" hai0="87,31,133,13,83,73,78,64,114,69,41,1,71" hai1="88,105,18,46,58,91,123,85,95,81,124,101,74" hai2="75,4,59,80,54,32,76,96,51,29,35,21,119" hai3="122,47,104,113,84,11,89,103,131,117,55,109,82"/><T72/><D1/><U106/><E46/><V67/><F119/><W48/><G117/><T42/><D64/><U23/><E123/><V108/><F108/><W3/><G113/><T120/><D31/><U110/><E110/><V33/><F4/><W22/><G109/><T130/><D13/><U24/><E124/><V135/><F135/><W92/><G131/><T126/><D120/><U12/><E101/><V27/><F67/><W90/><G122/><T30/><D30/><U25/><E58/><V118/><F118/><W6/><G22/><T121/><D121/><U60/><E60/><V99/><AGARI ba="0,0" hai="21,27,29,32,33,35,51,54,59,75,76,80,96,99" machi="99" ten="40,1500,0" yaku="0,1" doraHai="66" who="2" fromWho="2" sc="366,-7,173,-4,253,15,208,-4" /><INIT seed="5,0,0,2,3,47" ten="359,169,268,204" oya="1" hai0="79,78,116,29,61,80,25,110,19,130,105,127,27" hai1="56,7,17,135,20,44,71,74,120,21,51,70,34" hai2="38,87,99,13,45,36,133,75,6,107,123,14,66" hai3="94,60,69,91,101,41,81,118,115,93,15,88,43"/><U68/><E120/><V24/><F123/><W112/><G118/><T1/><D105/><U72/><E34/><V86/><F75/><W33/><G33/><T58/><D1/><U10/><E56/><V128/><F66/><N who="3" m="41159" /><G81/><T117/><D110/><U59/><E59/><V73/><F73/><W132/><G101/><T11/><D127/><U76/><E135/><V8/><F133/><W23/><G15/><T103/><D103/><U64/><E64/><V104/><F24/><W85/><G23/><T54/><D130/><U77/><E72/><V84/><F128/><W95/><G132/><T119/><D80/><U48/><E48/><V65/><F99/><N who="3" m="57767" /><G95/><T114/><D119/><U109/><E109/><V121/><F65/><W40/><G40/><T131/><D131/><U42/><E74/><V124/><F121/><W97/><G97/><T129/><D129/><U22/><REACH who="1" step="1"/><E17/><REACH who="1" ten="359,159,268,204" step="2"/><V106/><F38/><W83/><G41/><T53/><D117/><U46/><E46/><V0/><F36/><W52/><G43/><T55/><D116/><U31/><E31/><V62/><F45/><W57/><G57/><T102/><D58/><U16/><E16/><V108/><F108/><W49/><G49/><T4/><D19/><U18/><E18/><V90/><F62/><W26/><G52/><T125/><D55/><U113/><E113/><V89/><F124/><W67/><G67/><T3/><D125/><U12/><AGARI ba="0,1" hai="7,10,12,20,21,22,42,44,51,68,70,71,76,77" machi="12" ten="40,7800,0" yaku="1,1,0,1,52,1,53,0" doraHai="47" doraHaiUra="32" who="1" fromWho="1" sc="359,-26,159,88,268,-26,204,-26" /><INIT seed="5,1,0,1,0,68" ten="333,247,242,178" oya="1" hai0="120,83,76,74,70,122,59,19,71,119,64,2,53" hai1="98,60,112,96,121,29,82,30,45,111,57,40,128" hai2="131,89,73,0,78,39,3,75,109,100,133,36,52" hai3="34,69,58,32,87,47,114,50,62,14,33,27,129"/><U15/><E121/><N who="0" m="46697" /><D119/><U107/><E112/><V90/><F78/><W5/><G114/><T61/><D2/><N who="2" m="554" /><F100/><W116/><G69/><N who="0" m="42127" /><D19/><U124/><E111/><V56/><F109/><W49/><G129/><T1/><D1/><U85/><E128/><V95/><F95/><W16/><G5/><T11/><D11/><U103/><E98/><V110/><F110/><W8/><G116/><T115/><D115/><U46/><E46/><V42/><F42/><W106/><G106/><T93/><D93/><U44/><E44/><V123/><F131/><W135/><G135/><T101/><D101/><U20/><E82/><V23/><F23/><W7/><G87/><T4/><D4/><U21/><E85/><V79/><F79/><W31/><G7/><T54/><D54/><U92/><E107/><V41/><F41/><W132/><G132/><T43/><D43/><U130/><E130/><V81/><F81/><W26/><G47/><T48/><AGARI ba="1,0" hai="48,53,59,70,71,74,76,83" m="42127,46697" machi="48" ten="30,1100,0" yaku="13,1" doraHai="68" who="0" fromWho="0" sc="333,14,247,-6,242,-4,178,-4" /><INIT seed="6,0,0,2,3,23" ten="347,241,238,174" oya="2" hai0="44,55,75,121,14,57,7,122,132,8,128,39,84" hai1="35,27,99,76,83,112,72,18,92,22,89,78,56" hai2="30,74,80,45,6,103,105,102,15,133,34,82,88" hai3="70,31,127,40,62,43,125,109,134,135,101,28,61"/><V96/><F133/><N who="3" m="50699" /><G101/><T68/><D75/><U108/><E112/><V71/><F71/><W110/><G28/><T59/><D68/><U10/><E76/><V104/><F6/><W85/><G85/><T52/><D128/><U63/><E35/><V116/><F15/><W69/><G70/><T118/><D118/><U130/><E130/><V126/><F116/><W48/><G31/><T1/><D132/><U67/><REACH who="1" step="1"/><E10/><REACH who="1" ten="347,231,238,174" step="2"/><V36/><F34/><W17/><G17/><T33/><D33/><U119/><E119/><V120/><F30/><W47/><G40/><T60/><D8/><U21/><E21/><V95/><F74/><W2/><G2/><T106/><D1/><U123/><E123/><V81/><F120/><W131/><G131/><T41/><D122/><U12/><E12/><V77/><F77/><W97/><G69/><T115/><D121/><U117/><E117/><V66/><F104/><W26/><G26/><T65/><D106/><U87/><E87/><V90/><F105/><W64/><G97/><T42/><D84/><U4/><E4/><V107/><F107/><W86/><G86/><T24/><D7/><U113/><E113/><V29/><F29/><W73/><G73/><T3/><D115/><U129/><E129/><V98/><F98/><W124/><G64/><T79/><D79/><U111/><AGARI ba="0,1" hai="18,22,27,56,63,67,72,78,83,89,92,99,108,111" machi="111" ten="30,4000,0" yaku="1,1,0,1,52,1,53,0" doraHai="23" doraHaiUra="9" who="1" fromWho="1" sc="347,-10,231,50,238,-20,174,-10" /><INIT seed="7,0,0,0,5,45" ten="337,281,218,164" oya="3" hai0="71,101,12,20,59,41,57,108,29,119,64,116,112" hai1="56,38,60,87,2,100,133,127,80,0,84,115,46" hai2="102,48,129,50,47,66,69,134,98,40,124,26,30" hai3="6,19,120,131,70,13,107,22,21,1,78,28,95"/><W61/><G120/><T88/><D108/><U37/><E115/><V17/><F17/><W16/><G107/><T65/><D71/><U83/><E100/><V23/><F129/><W63/><G131/><T73/><D73/><U82/><E127/><V54/><F124/><W121/><G121/><T3/><D3/><U122/><E122/><V49/><F134/><W79/><G28/><T27/><D41/><U111/><E111/><V33/><F23/><W118/><G118/><T62/><D101/><U91/><E133/><V126/><F126/><W11/><G95/><T14/><D112/><U5/><E83/><V96/><F54/><W52/><G70/><T24/><D88/><U51/><E37/><V123/><F123/><W110/><G110/><T68/><D68/><U99/><E38/><V58/><F58/><W77/><REACH who="3" step="1"/><G52/><REACH who="3" ten="337,281,218,154" step="2"/><T85/><D119/><U132/><E132/><V8/><F96/><W104/><G104/><T39/><D116/><U106/><E99/><V18/><F69/><W128/><G128/><T10/><D29/><U43/><E106/><V34/><F66/><W36/><G36/><T114/><D39/><U55/><E5/><V109/><F109/><W75/><G75/><T15/><D114/><U44/><E44/><V72/><F72/><W105/><G105/><T67/><D67/><U74/><E74/><V42/><F42/><W76/><N who="3" m="19456" /><DORA hai="90" /><W86/><G86/><T94/><D85/><U92/><E92/><V103/><F98/><W135/><G135/><T117/><D117/><U32/><E84/><V93/><F93/><W89/><G89/><RYUUKYOKU ba="0,1" sc="337,-10,281,-10,218,-10,154,30" hai3="1,6,11,13,16,19,21,22,61,63" /><INIT seed="7,1,1,3,3,82" ten="327,271,208,184" oya="3" hai0="29,101,10,80,92,115,27,34,35,61,60,127,118" hai1="45,95,130,108,25,102,13,99,112,72,94,88,16" hai2="128,126,21,123,69,65,83,53,103,47,31,39,62" hai3="3,89,40,7,26,46,19,51,38,90,110,58,67"/><W93/><G110/><T132/><D118/><U6/><E108/><V119/><F119/><W135/><G135/><T11/><D35/><U68/><E72/><V63/><F103/><W14/><G26/><T113/><D127/><U42/><E68/><V107/><F107/><W106/><G106/><T124/><D124/><U0/><E112/><N who="0" m="43081" /><D80/><U100/><E130/><V28/><F126/><W9/><G93/><T41/><D41/><U78/><E78/><V54/><F128/><W75/><G75/><T55/><D132/><U134/><E134/><V125/><F123/><W43/><G43/><T129/><D129/><U131/><E131/><V104/><F104/><W32/><G32/><T76/><D76/><U57/><E57/><V49/><F125/><W114/><G114/><T15/><D55/><U77/><E77/><V97/><F83/><W56/><G56/><T18/><D11/><U17/><E0/><V86/><F53/><W133/><G133/><T50/><D50/><N who="1" m="26935" /><E25/><V87/><F54/><W79/><G79/><T2/><D2/><U70/><E102/><V111/><F111/><W117/><G117/><T84/><D101/><U1/><E1/><V37/><F37/><W20/><REACH who="3" step="1"/><G38/><REACH who="3" ten="327,271,208,174" step="2"/><T23/><D34/><U44/><E95/><V64/><F39/><W24/><G24/><T109/><D109/><U36/><E36/><V85/><F69/><W12/><G12/><T121/><D121/><U33/><E70/><V120/><F120/><W48/><G48/><T52/><D52/><U116/><E33/><V66/><F49/><W98/><G98/><T122/><D122/><RYUUKYOKU ba="1,2" sc="327,15,271,-15,208,-15,174,15" hai0="10,15,18,23,27,29,60,61,84,92" hai3="3,7,9,14,19,20,40,46,51,58,67,89,90" /><INIT seed="7,2,2,1,1,23" ten="342,256,193,189" oya="3" hai0="2,109,117,113,28,98,43,54,99,108,20,83,101" hai1="12,35,41,93,124,33,68,110,17,14,94,122,126" hai2="127,118,10,73,119,129,0,39,40,29,1,103,58" hai3="15,44,19,121,77,24,18,125,60,130,65,82,34"/><W70/><G121/><T38/><D2/><U79/><E110/><V45/><F103/><W59/><G125/><N who="1" m="48234" /><E68/><V36/><F127/><W5/><G130/><T135/><D54/><U7/><E41/><V111/><F111/><W30/><G70/><T102/><D20/><N who="1" m="11303" /><E79/><V90/><F129/><W92/><G92/><N who="1" m="35434" /><E122/><V88/><F40/><W46/><G5/><T32/><D109/><U69/><E69/><V51/><F118/><W120/><G120/><T52/><D108/><U42/><E42/><V105/><F119/><W56/><G56/><T100/><D117/><U3/><E3/><V91/><F58/><W48/><G48/><T66/><D43/><U86/><E86/><V8/><F51/><W21/><REACH who="3" step="1"/><G18/><REACH who="3" ten="342,256,193,179" step="2"/><T11/><D99/><U9/><AGARI ba="2,3" hai="7,9,14,33,35" m="35434,11303,48234" machi="9" ten="30,1100,0" yaku="18,1" doraHai="23" who="1" fromWho="1" sc="342,-5,256,47,193,-5,179,-7" owari="337,44.0,303,10.0,188,-21.0,172,-33.0" /></mjloggm>