<mjloggm ver="2.3"><GO type="169" lobby="0"/><UN n0="%E5%9B%9B%E5%AE%AE%E7%B4%85%E8%BC%9D" n1="%E3%82%AE%E3%82%AC%E3%83%9E%E3%82%A4%E3%83%B3" n2="%E3%83%88%E3%82%B7%E3%83%95%E3%83%BC%E3%83%8B" n3="%E3%82%82%E3%82%8A%E3%81%96%E3%81%AD" dan="18,16,18,16" rate="2281.41,2121.28,2233.28,2123.93" sx="F,M,M,M"/><TAIKYOKU oya="0"/><INIT seed="0,0,0,5,5,116" ten="250,250,250,250" oya="0" hai0="46,114,65,17,111,48,80,11,133,77,24,119,66" hai1="27,78,6,117,110,23,81,4,54,8,59,55,88" hai2="98,122,44,90,89,79,13,103,100,106,69,92,123" hai3="97,107,104,3,42,49,74,75,120,109,135,39,101"/><T26/><D119/><U129/><E117/><V124/><F69/><W45/><G49/><T85/><D114/><U73/><E110/><V71/><F71/><W127/><G109/><T7/><D133/><U126/><E129/><V102/><F44/><W21/><G21/><T32/><D111/><U130/><E130/><V105/><F13/><W56/><G56/><T52/><D32/><U84/><E126/><V50/><F50/><W121/><G127/><T93/><D93/><U86/><E73/><N who="3" m="27658" /><G135/><T125/><D125/><U95/><E8/><V43/><F43/><W63/><G63/><T61/><D17/><U28/><REACH who="1" step="1"/><E54/><REACH who="1" ten="250,240,250,250" step="2"/><V113/><F124/><W128/><G128/><T30/><D30/><U62/><AGARI ba="0,1" hai="4,6,23,27,28,55,59,62,78,81,84,86,88,95" machi="62" ten="20,12000,2" yaku="1,1,2,1,0,1,7,1,8,1,54,1,53,0" doraHai="116" doraHaiUra="68" who="1" fromWho="1" sc="250,-60,240,130,250,-30,250,-30" /><INIT seed="1,0,0,0,1,28" ten="190,370,220,220" oya="1" hai0="40,67,38,6,10,30,127,31,76,72,23,51,25" hai1="18,88,69,78,101,16,102,114,53,4,83,54,134" hai2="108,99,89,94,68,80,116,112,104,123,132,63,79" hai3="55,105,27,34,128,91,11,21,107,131,58,133,96"/><U2/><E114/><V106/><F68/><W43/><G43/><T115/><D127/><U124/><E69/><V97/><F63/><N who="3" m="36319" /><G11/><T32/><D115/><U117/><E117/><V60/><F60/><W48/><G48/><T61/><D51/><U86/><E124/><V113/><F116/><W126/><G126/><T52/><D67/><U13/><E134/><V120/><F132/><W36/><G36/><T98/><D98/><U20/><E2/><V103/><F108/><W92/><G133/><T118/><D118/><U19/><E78/><V26/><F26/><W130/><G34/><T81/><D31/><AGARI ba="0,0" hai="21,27,31,91,92,96,105,107,128,130,131" m="36319" machi="31" ten="30,1000,0" yaku="19,1" doraHai="28" who="3" fromWho="0" sc="190,-10,370,0,220,0,220,10" /><INIT seed="2,0,0,0,3,127" ten="180,370,220,230" oya="2" hai0="134,122,93,85,48,46,124,56,80,61,60,54,57" hai1="86,130,65,71,115,27,83,45,26,53,59,91,103" hai2="22,13,105,6,18,62,40,101,9,36,120,75,3" hai3="7,2,117,52,116,35,74,50,16,49,12,63,4"/><V106/><F120/><W58/><G74/><T118/><D124/><U67/><E115/><V14/><F75/><W102/><G35/><T126/><D126/><U51/><E71/><V15/><F40/><W97/><G49/><T42/><D134/><U79/><E130/><V5/><F36/><W47/><G2/><T34/><D118/><U11/><E103/><V128/><F5/><W121/><G121/><T104/><D104/><U125/><E125/><V38/><F38/><W123/><G123/><T44/><D34/><U30/><E11/><V29/><F128/><W78/><G78/><T68/><D122/><U119/><E119/><V19/><F29/><W76/><G76/><T21/><D93/><U64/><E30/><V32/><F32/><W99/><G99/><T96/><D96/><U98/><E45/><V77/><F77/><W88/><G116/><T1/><D1/><U31/><E31/><V84/><F84/><W10/><G117/><T39/><D21/><U8/><E8/><V92/><F62/><N who="0" m="24170" /><D85/><N who="1" m="48383" /><E98/><V55/><F55/><N who="3" m="30175" /><G102/><T41/><D80/><AGARI ba="0,0" hai="26,27,51,53,59,64,65,67,80,86,91" m="48383" machi="80" ten="30,1000,0" yaku="8,1" doraHai="127" who="1" fromWho="0" sc="180,-10,370,10,220,0,230,0" /><INIT seed="3,0,0,0,4,121" ten="170,380,220,230" oya="3" hai0="52,128,56,0,24,87,125,115,21,14,26,103,104" hai1="86,6,20,81,68,83,82,72,116,36,105,73,33" hai2="18,58,110,15,44,35,50,126,28,90,16,88,4" hai3="124,13,43,96,10,17,67,78,49,102,101,135,75"/><W5/><G135/><T131/><D0/><U51/><E33/><V1/><F1/><W63/><G124/><T97/><D125/><U94/><E36/><V77/><F126/><W25/><G75/><T69/><D69/><U89/><E68/><V129/><F129/><N who="0" m="49738" /><D115/><U65/><E65/><V46/><F77/><W54/><G78/><T120/><D120/><U64/><E64/><V106/><F106/><W76/><G76/><T108/><D87/><U9/><E105/><V48/><F35/><W91/><G43/><T111/><D14/><U59/><E116/><V85/><F28/><W45/><G91/><T60/><D24/><U99/><E20/><V37/><F37/><W3/><G25/><T23/><D21/><U118/><E118/><V100/><F100/><W27/><G27/><T122/><D122/><U130/><E130/><V11/><F58/><W41/><G41/><T127/><D127/><U2/><E86/><V66/><F66/><W12/><G96/><T47/><D47/><N who="2" m="17962" /><F110/><W71/><REACH who="3" step="1"/><G3/><REACH who="3" ten="170,380,220,220" step="2"/><T98/><D97/><U40/><E40/><V8/><F90/><W61/><G61/><T84/><D84/><U70/><E72/><V34/><F34/><W92/><G92/><T119/><D119/><U53/><E73/><V31/><F31/><AGARI ba="0,1" hai="23,26,31,52,56,60,98,103,104,108,111" m="49738" machi="31" ten="30,7700,0" yaku="19,1,52,2,54,1" doraHai="121" who="0" fromWho="2" sc="170,87,380,0,220,-77,220,0" /><INIT seed="4,0,0,0,5,7" ten="257,380,143,220" oya="0" hai0="84,112,134,42,73,45,28,104,10,107,57,96,110" hai1="20,113,54,46,47,132,103,23,80,5,63,4,68" hai2="123,51,89,34,19,83,60,18,52,69,97,127,102" hai3="24,17,11,124,92,111,70,125,81,56,75,53,108"/><T117/><D117/><U90/><E132/><V82/><F123/><W41/><G70/><T6/><D134/><U94/><E113/><V106/><F127/><N who="3" m="48715" /><G41/><T13/><D112/><U58/><E68/><V72/><F34/><W98/><G81/><T121/><D121/><U91/><E4/><V129/><F129/><W50/><G75/><T31/><D73/><U8/><E103/><V14/><F89/><N who="3" m="55567" /><G24/><T78/><D57/><U0/><E80/><V33/><F33/><W122/><G122/><T59/><D59/><U16/><E23/><V2/><F2/><W118/><G118/><T38/><D110/><U64/><E91/><V74/><F74/><W116/><G116/><T93/><D84/><U135/><E64/><V37/><F37/><W120/><G120/><T1/><D78/><U21/><E21/><V48/><F72/><W43/><G43/><T130/><D130/><U87/><REACH who="1" step="1"/><E135/><REACH who="1" ten="257,370,143,220" step="2"/><V100/><F69/><W71/><G71/><T39/><D1/><U119/><E119/><V32/><F32/><W115/><G115/><T128/><D128/><U27/><AGARI ba="0,1" hai="0,5,8,16,20,27,46,47,54,58,63,87,90,94" machi="27" ten="20,12000,2" yaku="1,1,0,1,7,1,52,1,54,1,53,1" doraHai="7" doraHaiUra="88" who="1" fromWho="1" sc="257,-60,370,130,143,-30,220,-30" /><INIT seed="5,0,0,3,0,7" ten="197,500,113,190" oya="1" hai0="90,25,72,49,88,112,26,101,58,76,33,135,66" hai1="86,56,120,113,123,1,23,14,80,35,9,34,12" hai2="93,0,47,52,94,42,79,100,96,2,61,98,19" hai3="116,48,115,75,31,46,103,17,122,74,64,81,114"/><U132/><E113/><V37/><F79/><W108/><G108/><T106/><D135/><U39/><E39/><V4/><F19/><W77/><G122/><T20/><D112/><U68/><E68/><V125/><F125/><W15/><G74/><T63/><D106/><U3/><E132/><V21/><F21/><W24/><G64/><T126/><D126/><U133/><E133/><V6/><F6/><W95/><G116/><T55/><D101/><U102/><E102/><V85/><F85/><W41/><G103/><T45/><D33/><U117/><E117/><V73/><F73/><W32/><REACH who="3" step="1"/><G95/><REACH who="3" ten="197,500,113,180" step="2"/><T107/><D107/><U18/><E123/><V134/><F134/><W28/><G28/><T110/><D110/><U128/><E120/><V51/><F61/><W78/><G78/><T22/><D76/><U121/><E121/><V105/><F98/><W53/><G53/><T62/><D62/><U130/><E86/><V29/><F29/><W8/><AGARI ba="0,1" hai="8,15,17,24,31,32,41,46,48,75,77,81,114,115" machi="8" ten="30,7900,0" yaku="1,1,0,1,52,1,53,1" doraHai="7" doraHaiUra="40" who="3" fromWho="3" sc="197,-20,500,-39,113,-20,180,89" /><INIT seed="6,0,0,0,0,85" ten="177,461,93,269" oya="2" hai0="45,104,67,99,128,93,52,34,46,26,72,28,19" hai1="103,92,13,97,40,59,122,83,121,79,123,9,80" hai2="91,57,58,74,23,94,24,11,86,112,41,87,15" hai3="49,110,96,48,101,16,127,108,114,14,32,55,30"/><V71/><F71/><W131/><G131/><T115/><D115/><U124/><E124/><V117/><F74/><W21/><G127/><T1/><D128/><U6/><E40/><V3/><F3/><W132/><G132/><T37/><D104/><U7/><E7/><V70/><F70/><W50/><G114/><T78/><D37/><U75/><E83/><V17/><F117/><W130/><G130/><T64/><D1/><U12/><E59/><V20/><F112/><W135/><G135/><T76/><D19/><U8/><E8/><V107/><F107/><W56/><G32/><T36/><D36/><U84/><E75/><V77/><F41/><W113/><G113/><T98/><D98/><U109/><E109/><V39/><F39/><W51/><REACH who="3" step="1"/><G30/><REACH who="3" ten="177,461,93,259" step="2"/><T42/><D28/><U81/><E81/><N who="2" m="47407" /><F20/><W35/><G35/><T54/><D34/><U120/><E120/><V111/><F111/><W2/><G2/><AGARI ba="0,1" hai="2,6,9,12,13,79,80,84,92,97,103,121,122,123" machi="2" ten="40,1300,0" yaku="13,1" doraHai="85" who="1" fromWho="3" sc="177,0,461,23,93,0,259,-13" /><INIT seed="7,0,0,3,1,34" ten="177,484,93,246" oya="3" hai0="47,87,32,15,91,36,60,80,17,11,119,5,55" hai1="8,132,29,52,134,125,0,73,9,20,94,102,21" hai2="124,104,122,105,110,22,58,1,4,130,14,54,68" hai3="39,23,43,41,13,51,98,76,38,2,123,26,72"/><W106/><G13/><T44/><D119/><U27/><E73/><V25/><F110/><W85/><G85/><T18/><D32/><U117/><E117/><V7/><F68/><W109/><G51/><T6/><D36/><U129/><E129/><V67/><F130/><W31/><G23/><T101/><D101/><U111/><E111/><V10/><F67/><W16/><G26/><T69/><D69/><U50/><E125/><V127/><F122/><W82/><G31/><T65/><D65/><U88/><E102/><V107/><F7/><N who="0" m="2570" /><D18/><U86/><E21/><V99/><F14/><W81/><G16/><T62/><D55/><U57/><E0/><V19/><REACH who="2" step="1"/><F99/><REACH who="2" ten="177,484,83,246" step="2"/><W96/><G96/><T131/><D131/><U40/><E40/><V71/><F71/><W12/><G98/><T118/><D118/><U103/><E103/><V24/><F24/><W56/><G12/><T133/><D133/><AGARI ba="0,1" hai="8,9,20,27,29,50,52,57,86,88,94,132,133,134" machi="133" ten="40,5200,0" yaku="20,1,54,2" doraHai="34" who="1" fromWho="0" sc="177,-52,484,62,83,0,246,0" owari="125,-27.0,546,64.0,83,-42.0,246,5.0" /></mjloggm>