<mjloggm ver="2.3"><GO type="169" lobby="0"/><UN n0="%E3%82%88%E3%81%97%E3%81%9E%E3%83%BC" n1="%E9%B4%A8%E8%91%B1%E5%A4%AA%E9%83%8E" n2="%79%75%36%31%39%7A%69" n3="%EF%BC%BC%28%EF%BC%BE%6F%EF%BC%BE%29%EF%BC%8F%E2%98%85" dan="17,17,16,17" rate="2152.00,2168.17,2110.37,2215.21" sx="M,M,M,M"/><TAIKYOKU oya="0"/><INIT seed="0,0,0,3,4,62" ten="250,250,250,250" oya="0" hai0="26,80,103,16,6,73,39,2,118,10,89,112,69" hai1="51,85,57,53,107,63,29,48,83,22,74,32,21" hai2="79,77,95,113,60,66,15,28,42,61,13,70,88" hai3="94,134,104,43,111,84,90,71,5,100,86,120,116"/><T45/><D112/><U36/><E107/><V96/><F113/><W8/><G71/><T65/><D118/><U99/><E74/><V1/><F1/><W47/><G116/><T54/><D103/><U98/><E36/><V3/><F3/><W114/><G111/><T76/><D89/><U117/><E32/><V17/><F28/><W133/><G120/><T131/><D131/><U101/><E117/><V108/><F108/><W68/><G68/><T135/><D135/><U110/><E110/><V123/><F123/><W126/><G114/><T33/><D54/><U40/><E51/><V130/><F130/><W122/><G126/><T4/><D4/><U27/><E22/><V30/><F30/><W97/><G86/><T106/><D106/><U55/><E40/><V59/><F42/><W128/><G122/><T34/><D26/><U50/><E101/><V93/><F93/><W132/><G128/><T20/><D20/><U0/><E50/><V12/><REACH who="2" step="1"/><F17/><REACH who="2" ten="250,250,240,250" step="2"/><W9/><G5/><T38/><D16/><U72/><E0/><V102/><F102/><W41/><REACH who="3" step="1"/><G41/><REACH who="3" ten="250,250,240,240" step="2"/><N who="0" m="22711" /><D39/><AGARI ba="0,2" hai="8,9,39,43,47,84,90,94,97,100,104,132,133,134" machi="39" ten="40,5200,0" yaku="1,1,20,1,53,1" doraHai="62" doraHaiUra="92" who="3" fromWho="0" sc="250,-52,250,0,240,0,240,72" /><INIT seed="1,0,0,4,0,93" ten="198,250,240,312" oya="1" hai0="39,119,87,42,134,8,50,123,15,22,62,117,5" hai1="9,17,104,63,125,130,29,128,80,20,86,48,133" hai2="129,118,131,97,65,61,23,4,71,56,110,82,16" hai3="105,14,19,75,64,41,113,32,109,68,70,37,57"/><U58/><E104/><V35/><F35/><W49/><G75/><T92/><D39/><U122/><E122/><V7/><F110/><W81/><G109/><T84/><D134/><U44/><E133/><V10/><F118/><W114/><G32/><T46/><D123/><U79/><E29/><V72/><F82/><W78/><G105/><T45/><D45/><U98/><E125/><V69/><F72/><W102/><G102/><T132/><D132/><U2/><E9/><V51/><F97/><W55/><G70/><T38/><D38/><U126/><E2/><V3/><F7/><W1/><G1/><T27/><D62/><U12/><E98/><V34/><F34/><W107/><G107/><T26/><D26/><U103/><E103/><V54/><REACH who="2" step="1"/><F71/><REACH who="2" ten="198,250,230,312" step="2"/><W95/><G68/><T53/><D119/><U24/><E126/><V112/><F112/><W91/><G81/><T85/><D117/><U73/><E73/><V100/><F100/><W89/><G114/><T47/><D92/><U18/><E130/><V33/><F33/><W59/><G95/><T115/><D115/><U40/><E128/><V83/><F83/><W30/><G113/><T74/><D74/><U52/><E17/><V127/><F127/><W135/><G19/><T101/><D101/><U77/><E79/><V13/><AGARI ba="0,1" hai="3,4,10,13,16,23,51,54,56,61,65,69,129,131" machi="13" ten="30,4000,0" yaku="1,1,0,1,54,1,53,0" doraHai="93" doraHaiUra="121" who="2" fromWho="2" sc="198,-10,250,-20,230,50,312,-10" /><INIT seed="2,0,0,3,0,99" ten="188,230,280,302" oya="2" hai0="26,84,15,113,42,10,56,85,11,110,13,34,66" hai1="59,16,88,75,131,77,109,115,36,58,0,129,47" hai2="127,45,2,89,118,33,9,117,17,116,27,69,121" hai3="132,63,52,111,80,44,64,125,126,71,73,101,49"/><V5/><F121/><W128/><G111/><T32/><D110/><U114/><E0/><V135/><F69/><W65/><G128/><N who="1" m="49226" /><E109/><V61/><F61/><W30/><G65/><T14/><D66/><U43/><E77/><V93/><F135/><W87/><G73/><T95/><D56/><N who="1" m="21547" /><E75/><V78/><F127/><W133/><G30/><T35/><D42/><U108/><E108/><V68/><F68/><W83/><G101/><T70/><D70/><U91/><E16/><V122/><F78/><N who="3" m="46487" /><G83/><T6/><D26/><U7/><E7/><V130/><F130/><W98/><G98/><T94/><D6/><U67/><E67/><V28/><F17/><W54/><G54/><T57/><D57/><U50/><E36/><V39/><F122/><W134/><AGARI ba="0,0" hai="44,49,52,63,64,71,125,126,132,133,134" m="46487" machi="134" ten="40,2700,0" yaku="20,1,54,1" doraHai="99" who="3" fromWho="3" sc="188,-7,230,-7,280,-13,302,27" /><INIT seed="3,0,0,5,1,44" ten="181,223,267,329" oya="3" hai0="13,18,88,114,47,109,72,60,33,86,45,10,55" hai1="35,125,50,29,0,20,133,51,65,64,59,67,42" hai2="76,56,119,4,90,7,2,108,19,70,71,9,34" hai3="38,92,40,57,36,104,127,63,30,25,93,46,58"/><W61/><G104/><T85/><D72/><U43/><E35/><V12/><F119/><W81/><G127/><T75/><D75/><U99/><E0/><V115/><F115/><W39/><G81/><T31/><D109/><U102/><E125/><V100/><F34/><W22/><G58/><T84/><D114/><U17/><E29/><V54/><F76/><W134/><G63/><T135/><D135/><U62/><E133/><V14/><F108/><W91/><G134/><T132/><D132/><U120/><E120/><V98/><F90/><W107/><G107/><T95/><D31/><U121/><E121/><V122/><F12/><W111/><G111/><T66/><D33/><U124/><E124/><V116/><F116/><W89/><G89/><T128/><D128/><U74/><E74/><V6/><F2/><W110/><G110/><T23/><D10/><U68/><E68/><V101/><F122/><W1/><G1/><T126/><D126/><U79/><E79/><V48/><REACH who="2" step="1"/><F101/><REACH who="2" ten="181,223,257,329" step="2"/><W69/><G69/><T27/><D13/><U41/><E102/><V113/><F113/><W82/><G82/><T123/><D123/><U8/><E8/><V52/><F52/><N who="3" m="33959" /><G91/><T16/><D55/><N who="1" m="34175" /><E99/><V53/><F53/><W106/><G106/><AGARI ba="0,1" hai="4,6,7,9,14,19,48,54,56,70,71,98,100,106" machi="106" ten="40,2600,0" yaku="1,1,52,1,53,0" doraHai="44" doraHaiUra="21" who="2" fromWho="3" sc="181,0,223,0,257,36,329,-26" /><INIT seed="4,0,0,2,3,132" ten="181,223,293,303" oya="0" hai0="50,69,82,51,41,114,76,88,79,126,52,21,77" hai1="102,56,10,109,4,87,38,94,84,19,22,14,117" hai2="23,29,128,104,111,107,86,92,83,42,63,65,106" hai3="68,27,110,47,9,72,91,20,115,124,34,118,6"/><T16/><D114/><U46/><E109/><V70/><F128/><W7/><G68/><T127/><D69/><U105/><E105/><V49/><F111/><W15/><G72/><T33/><D33/><U121/><E117/><V8/><F92/><W12/><G110/><T134/><D134/><U43/><E121/><V37/><F37/><W122/><G118/><T131/><D41/><U32/><E32/><V85/><F8/><W75/><G75/><T1/><D1/><U101/><E56/><V18/><F29/><W58/><G34/><T80/><D51/><U30/><E30/><V74/><F42/><W129/><G115/><T125/><D131/><U28/><E28/><V93/><F93/><W71/><G71/><T98/><D98/><U90/><REACH who="1" step="1"/><E87/><REACH who="1" ten="181,213,293,303" step="2"/><V44/><F85/><W133/><G58/><N who="0" m="33047" /><D88/><U11/><E11/><V100/><F86/><W39/><G9/><T5/><D5/><U53/><E53/><V3/><F107/><W57/><G7/><T120/><D120/><U81/><E81/><V40/><F104/><W99/><G6/><T2/><D2/><AGARI ba="0,1" hai="2,4,10,14,19,22,38,43,46,84,90,94,101,102" machi="2" ten="30,2000,0" yaku="1,1,7,1,53,0" doraHai="132" doraHaiUra="103" who="1" fromWho="0" sc="181,-20,213,30,293,0,303,0" /><INIT seed="5,0,0,5,4,74" ten="161,243,293,303" oya="1" hai0="22,85,120,6,44,34,122,130,43,116,58,60,50" hai1="55,12,56,48,2,117,110,70,13,91,45,89,76" hai2="9,135,37,98,31,127,99,75,28,10,132,81,95" hai3="25,0,96,29,49,19,64,39,15,52,86,42,68"/><U129/><E2/><V97/><F37/><W5/><G96/><T92/><D34/><U1/><E1/><V105/><F95/><W121/><G121/><T63/><D116/><U73/><E70/><V109/><F105/><W18/><G0/><T62/><D130/><U112/><E117/><V69/><F69/><W79/><G42/><T115/><D115/><U8/><E112/><V71/><F71/><W78/><G39/><T80/><D92/><U65/><E13/><V17/><F17/><N who="3" m="6155" /><G64/><T102/><D102/><U106/><E106/><V104/><F104/><W126/><G86/><T11/><D22/><U128/><E110/><V40/><F40/><W3/><G3/><T82/><D58/><U77/><E73/><V67/><F109/><W26/><G126/><T47/><D47/><U83/><E83/><V33/><F33/><W46/><G68/><T113/><D82/><U38/><E38/><V103/><F103/><W124/><G124/><T14/><REACH who="0" step="1"/><D113/><REACH who="0" ten="151,243,293,303" step="2"/><U16/><E128/><V36/><F127/><W90/><G26/><T88/><AGARI ba="0,1" hai="6,11,14,43,44,50,60,62,63,80,85,88,120,122" machi="88" ten="30,7900,0" yaku="1,1,2,1,0,1,54,1,53,0" doraHai="74" doraHaiUra="20" who="0" fromWho="0" sc="151,89,243,-39,293,-20,303,-20" /><INIT seed="6,0,0,5,2,87" ten="240,204,273,283" oya="2" hai0="79,97,54,84,68,39,120,34,77,82,115,43,91" hai1="47,134,107,37,114,22,123,118,99,32,100,74,40" hai2="60,89,38,131,98,67,95,126,75,8,119,132,66" hai3="31,36,128,108,29,10,127,90,130,72,117,46,52"/><V23/><F119/><W45/><G72/><T73/><D68/><U122/><E118/><V62/><F75/><W53/><G117/><T28/><D120/><N who="1" m="46123" /><E32/><V14/><F38/><W85/><G108/><T42/><D115/><U133/><E22/><V41/><F41/><N who="3" m="22695" /><G10/><T65/><D65/><U33/><E33/><V105/><F105/><W30/><G46/><T103/><D39/><U81/><E114/><V78/><F78/><AGARI ba="0,0" hai="37,40,47,74,78,81,99,100,107,133,134" m="46123" machi="78" ten="30,2000,0" yaku="13,1,23,1" doraHai="87" who="1" fromWho="2" sc="240,0,204,20,273,-20,283,0" /><INIT seed="7,0,0,1,1,125" ten="240,224,253,283" oya="3" hai0="70,9,94,5,124,44,45,16,82,28,122,33,53" hai1="68,91,103,3,132,34,93,126,1,21,96,39,26" hai2="13,102,24,117,99,73,35,135,31,86,19,61,88" hai3="10,92,115,130,65,112,6,54,111,81,62,97,77"/><W74/><G130/><T98/><D122/><U114/><E68/><V47/><F135/><W49/><G111/><T87/><D70/><U40/><E34/><V110/><F110/><W71/><G54/><T42/><D124/><U50/><E39/><V22/><F117/><W113/><G49/><T85/><D53/><U11/><E132/><V79/><F47/><W59/><G71/><T107/><D107/><U57/><E114/><V104/><F61/><W51/><G51/><T118/><D118/><U80/><E11/><V37/><F37/><W0/><G92/><T56/><D56/><U63/><E126/><V67/><F67/><W108/><G97/><T129/><D129/><U75/><E75/><V116/><F116/><W72/><G108/><T52/><D52/><N who="1" m="34215" /><E80/><V23/><F79/><W131/><G131/><T58/><D58/><U41/><E3/><V7/><F7/><W123/><G74/><T66/><D66/><U128/><E1/><V38/><F38/><W60/><G60/><T14/><D42/><N who="1" m="16491" /><E128/><V4/><F4/><W27/><G27/><T83/><D5/><U43/><N who="1" m="16499" /><U46/><DORA hai="15" /><E50/><V32/><REACH who="2" step="1"/><F73/><REACH who="2" ten="240,224,243,283" step="2"/><W36/><G36/><T78/><D45/><U121/><E121/><AGARI ba="0,1" hai="0,6,10,59,62,65,72,77,81,112,113,115,121,123" machi="121" ten="40,2000,0" yaku="15,1" doraHai="125,15" who="3" fromWho="1" sc="240,0,224,-20,243,0,283,30" owari="240,-16.0,204,-30.0,243,4.0,313,42.0" /></mjloggm>