<mjloggm ver="2.3"><GO type="185" lobby="0"/><UN n0="%63%61%6C%63%2E" n1="%E6%B0%B7%E3%81%AE%4B" n2="%E5%B0%8F%E5%B7%9D%2E%63%6F%6D" n3="" dan="19,16,16,0" rate="2393.12,2128.66,2119.21,1500.00" sx="M,M,M,C"/><TAIKYOKU oya="0"/><INIT seed="0,0,0,3,0,131" ten="350,350,350,0" oya="0" hai0="77,117,59,101,45,41,98,86,52,121,2,43,104" hai1="116,57,81,87,132,65,113,124,61,100,128,114,54" hai2="53,133,78,118,38,74,64,42,84,70,76,33,71" hai3=""/><T91/><N who="0" m="31008" /><T119/><D77/><U82/><E128/><V94/><F33/><T106/><D106/><U85/><E116/><V46/><F118/><T49/><D41/><U123/><N who="1" m="31520" /><U130/><E124/><V72/><F78/><T60/><REACH who="0" step="1"/><D2/><REACH who="0" ten="340,350,350,0" step="2"/><U88/><E130/><V110/><F76/><T50/><D50/><U99/><E132/><V120/><F133/><T109/><D109/><U75/><E75/><V97/><F110/><T67/><D67/><U129/><E129/><V102/><F64/><T127/><D127/><U0/><E0/><V40/><F74/><T103/><D103/><U35/><E35/><V125/><F102/><T95/><AGARI ba="0,1" hai="43,45,49,52,59,60,86,91,95,98,101,104,117,119" m="31008" machi="95" ten="20,8000,1" yaku="1,1,0,1,7,1,52,1,54,1,53,0" doraHai="131" doraHaiUra="111" who="0" fromWho="0" sc="340,90,350,-40,350,-40,0,0" /><INIT seed="0,1,0,0,4,41" ten="430,310,310,0" oya="0" hai0="33,112,134,80,99,128,133,61,48,51,93,114,65" hai1="78,36,35,54,58,42,104,120,110,43,40,85,130" hai2="111,38,103,49,95,56,89,47,135,59,2,115,122" hai3=""/><T62/><D80/><U50/><N who="1" m="30752" /><U52/><E35/><V37/><N who="2" m="31264" /><V55/><F115/><T64/><D93/><U1/><E1/><V127/><F2/><T44/><D99/><U98/><E110/><V67/><F111/><T73/><D73/><U82/><E130/><V124/><F135/><T87/><D87/><U86/><E36/><V84/><F103/><T32/><REACH who="0" step="1"/><D128/><REACH who="0" ten="420,310,310,0" step="2"/><U126/><E126/><V131/><F131/><T119/><D119/><U116/><E116/><V53/><F127/><T70/><D70/><U90/><E98/><V107/><F124/><T109/><D109/><U57/><E104/><V76/><F107/><T66/><D66/><U83/><REACH who="1" step="1"/><E43/><REACH who="1" ten="420,300,310,0" step="2"/><V71/><F95/><T63/><D63/><AGARI ba="1,2" hai="40,42,50,52,54,57,58,63,78,82,83,85,86,90" m="30752" machi="63" ten="30,12000,2" yaku="1,1,2,1,7,1,8,1,52,1,54,1,53,1" doraHai="41" doraHaiUra="75" who="1" fromWho="0" sc="420,-122,300,142,310,0,0,0" /><INIT seed="1,0,0,4,1,77" ten="298,442,310,0" oya="1" hai0="40,105,106,94,133,47,71,80,46,134,63,107,79" hai1="55,127,76,35,2,108,38,91,125,112,36,42,104" hai2="88,83,124,95,51,61,57,39,50,3,89,59,1" hai3=""/><U65/><E2/><V130/><F39/><T85/><D94/><U131/><E35/><V73/><F130/><T84/><D84/><U41/><E131/><V132/><F124/><N who="1" m="47689" /><E112/><V99/><F132/><N who="0" m="50794" /><D40/><N who="1" m="15467" /><E104/><N who="0" m="26625" /><T33/><DORA hai="48" /><D33/><U129/><E129/><V34/><F51/><T67/><AGARI ba="0,0" hai="46,47,63,67,71,79,80,85" m="26625,50794" machi="67" ten="50,2400,0" yaku="20,1,52,1" doraHai="77,48" who="0" fromWho="0" sc="298,24,442,-16,310,-8,0,0" /><INIT seed="2,0,0,0,0,47" ten="322,426,302,0" oya="2" hai0="58,81,113,109,60,116,38,52,89,93,42,67,37" hai1="131,64,78,45,119,118,66,65,96,35,56,130,125" hai2="51,86,57,88,49,50,54,77,0,123,102,135,97" hai3=""/><V83/><N who="2" m="31520" /><V39/><F39/><T62/><D116/><N who="1" m="44587" /><E35/><V46/><F0/><T84/><D109/><U98/><E125/><V120/><N who="2" m="30752" /><V43/><F135/><T33/><D33/><U59/><E78/><V68/><F68/><T75/><D113/><U122/><N who="1" m="31264" /><U71/><E71/><V134/><F134/><T76/><REACH who="0" step="1"/><D42/><REACH who="0" ten="312,426,302,0" step="2"/><U41/><E131/><V121/><N who="2" m="31008" /><V99/><F102/><T100/><D100/><U133/><E130/><V91/><F91/><T3/><D3/><U36/><E133/><V126/><F126/><T124/><D124/><U63/><E59/><AGARI ba="0,1" hai="37,38,52,58,59,60,62,67,75,76,81,84,89,93" machi="59" ten="30,3900,0" yaku="1,1,7,1,54,1,53,0" doraHai="47" doraHaiUra="94" who="0" fromWho="1" sc="312,49,426,-39,302,0,0,0" /><INIT seed="4,0,0,0,3,96" ten="361,387,302,0" oya="0" hai0="110,57,76,123,91,97,79,99,108,105,128,73,98" hai1="77,83,127,48,80,59,47,124,113,32,38,62,135" hai2="115,52,92,50,3,120,0,122,51,101,112,95,56" hai3=""/><T103/><N who="0" m="31520" /><T58/><D128/><U82/><E32/><V37/><N who="2" m="30752" /><V86/><N who="2" m="31264" /><V49/><F37/><T40/><D40/><U68/><E135/><V45/><F101/><T42/><D42/><U134/><E113/><N who="2" m="43595" /><F50/><T46/><D98/><U64/><E134/><V133/><F133/><T39/><D39/><U74/><E68/><V33/><F33/><T131/><D131/><U129/><E38/><V102/><F102/><T72/><D103/><U90/><E129/><V109/><F109/><T41/><D105/><U54/><E127/><V89/><F95/><T100/><D100/><U94/><E124/><V78/><F78/><T34/><D34/><U106/><E106/><V55/><AGARI ba="0,0" hai="0,3,45,49,51,52,55,56,86,89,92" m="43595,31264,30752" machi="55" ten="30,5900,0" yaku="15,1,52,2,54,1" doraHai="96" who="2" fromWho="2" sc="361,-39,387,-20,302,59,0,0" /><INIT seed="5,0,0,4,2,46" ten="322,367,361,0" oya="1" hai0="70,110,130,122,75,72,37,36,39,33,2,132,50" hai1="52,97,54,84,127,80,108,62,67,98,117,123,114" hai2="82,135,87,113,83,64,95,121,73,111,78,71,40" hai3=""/><U47/><E117/><V60/><N who="2" m="31008" /><V94/><F111/><T124/><D50/><U0/><N who="1" m="31520" /><U86/><E0/><V59/><F135/><T51/><D51/><U45/><E108/><V66/><F113/><T119/><D39/><U35/><E35/><V112/><F112/><T3/><D37/><U63/><E127/><V76/><REACH who="2" step="1"/><F40/><REACH who="2" ten="322,367,351,0" step="2"/><T32/><D33/><U118/><E114/><V85/><F85/><T120/><N who="0" m="30752" /><T90/><D3/><U133/><E133/><V131/><F131/><T74/><D75/><U55/><E118/><V1/><F1/><T99/><D74/><U115/><E115/><V125/><F125/><T77/><D72/><U96/><E86/><V68/><F68/><T129/><D70/><U89/><REACH who="1" step="1"/><E63/><AGARI ba="0,1" hai="59,60,63,64,66,71,73,76,78,82,83,87,94,95" m="31008" machi="63" ten="40,2600,0" yaku="1,1,52,1,53,0" doraHai="46" doraHaiUra="69" who="2" fromWho="1" sc="322,0,367,-26,351,36,0,0" /><INIT seed="6,0,0,3,5,62" ten="322,341,387,0" oya="2" hai0="32,61,79,59,87,93,55,94,67,99,37,131,0" hai1="49,50,126,88,110,130,98,63,104,38,58,122,90" hai2="42,77,83,51,112,115,89,128,118,47,127,109,65" hai3=""/><V80/><F118/><T36/><D32/><U129/><N who="1" m="31264" /><U102/><E38/><V114/><F128/><N who="1" m="49257" /><E110/><V132/><F127/><T103/><D131/><U39/><E39/><V111/><F132/><T48/><D0/><U3/><E3/><V84/><F65/><T56/><REACH who="0" step="1"/><D94/><REACH who="0" ten="312,341,387,0" step="2"/><U57/><E126/><V75/><AGARI ba="0,1" hai="42,47,51,75,77,80,83,84,89,109,111,112,114,115" machi="75" ten="40,2600,0" yaku="0,1,15,1" doraHai="62" who="2" fromWho="2" sc="312,-13,341,-13,387,36,0,0" owari="299,-30.0,328,-7.0,423,37.0,0,0.0" /></mjloggm>