<mjloggm ver="2.3"><GO type="169" lobby="0"/><UN n0="%E3%81%8F%E3%81%86%E3%81%9F%E3%82%8D" n1="%7A%6B%75%72%74" n2="%E3%81%82%E3%81%BE%E3%81%BF%EF%BD%9E" n3="%48%61%63%68%69%6E%61%6C" dan="17,17,17,16" rate="2167.91,2258.35,2119.78,2033.42" sx="M,M,M,M"/><TAIKYOKU oya="0"/><INIT seed="0,0,0,2,5,39" ten="250,250,250,250" oya="0" hai0="62,127,5,41,106,88,25,12,85,111,129,113,14" hai1="92,65,33,76,110,50,16,0,37,133,117,79,84" hai2="135,90,131,1,28,102,21,46,96,27,52,44,124" hai3="125,98,51,29,132,126,45,13,97,75,43,17,81"/><T120/><D113/><U77/><E37/><V4/><F124/><N who="3" m="47723" /><G132/><T64/><D120/><U130/><E117/><V2/><F135/><W89/><G29/><T15/><D127/><U55/><E0/><V78/><F131/><W60/><G60/><T114/><D114/><U67/><E33/><V26/><F90/><W116/><G116/><T24/><D106/><U82/><E130/><V9/><F78/><N who="3" m="44255" /><G89/><T109/><D5/><U23/><E133/><V11/><F1/><W34/><G34/><T71/><D41/><U108/><E92/><V107/><F11/><AGARI ba="0,0" hai="11,13,17,43,45,51,97,98" m="44255,47723" machi="11" ten="30,2000,0" yaku="18,1,52,1" doraHai="39" who="3" fromWho="2" sc="250,0,250,0,250,-20,250,20" /><INIT seed="1,0,0,1,0,103" ten="250,250,230,270" oya="1" hai0="33,56,54,64,83,110,73,59,48,30,28,118,67" hai1="29,26,75,18,51,8,125,85,106,5,123,55,11" hai2="17,6,31,107,22,7,109,98,13,104,95,102,0" hai3="57,10,52,47,19,124,15,40,97,92,66,127,9"/><U126/><E123/><V46/><F109/><W34/><G34/><T79/><D110/><U76/><E75/><V130/><F130/><W23/><G66/><T87/><D118/><U49/><E18/><V16/><F31/><W134/><G134/><T96/><D33/><U117/><E117/><V116/><F116/><W2/><G2/><T60/><D73/><U38/><E38/><V21/><F46/><W36/><G124/><T100/><REACH who="0" step="1"/><D67/><REACH who="0" ten="240,250,230,270" step="2"/><U63/><E125/><V43/><F43/><W112/><G127/><T65/><D65/><U42/><E126/><V94/><F95/><AGARI ba="0,1" hai="28,30,48,54,56,59,60,64,79,83,87,95,96,100" machi="95" ten="30,7700,0" yaku="1,1,7,1,8,1,53,1" doraHai="103" doraHaiUra="93" who="0" fromWho="2" sc="240,87,250,0,230,-77,270,0" /><INIT seed="2,0,0,1,4,25" ten="327,250,153,270" oya="2" hai0="39,8,24,119,87,102,52,88,41,36,115,12,68" hai1="76,30,74,99,55,108,129,60,59,82,22,31,3" hai2="47,105,17,71,127,10,61,93,63,33,109,58,44" hai3="66,1,37,125,95,92,113,89,28,5,67,45,54"/><V14/><F105/><W51/><G125/><T32/><D115/><U123/><E108/><V21/><F33/><W42/><G113/><T84/><D68/><U65/><E129/><V72/><F72/><W134/><G134/><T104/><D119/><U116/><E116/><V0/><F71/><W50/><G37/><T124/><D124/><U132/><E132/><V64/><F127/><W15/><G1/><T6/><D41/><U135/><E135/><V70/><F109/><W117/><G117/><T57/><D87/><U38/><E38/><V86/><F0/><W69/><G69/><T34/><D102/><U96/><E3/><V126/><F126/><W110/><G110/><T9/><D104/><U53/><E123/><V85/><F10/><W122/><G95/><T79/><D79/><U128/><E128/><V62/><F62/><W35/><G122/><T111/><D9/><U120/><E120/><V78/><F86/><W23/><G35/><T133/><D34/><U2/><E2/><V101/><F101/><W131/><G131/><T107/><D107/><U112/><E112/><V121/><F121/><W19/><G5/><T130/><D130/><U103/><E99/><V20/><F20/><W43/><G43/><T94/><D111/><U56/><E22/><V11/><F21/><W40/><G40/><T75/><D75/><U81/><E81/><N who="2" m="47287" /><F93/><W83/><G83/><T16/><D133/><U27/><E27/><V48/><F63/><W18/><G18/><T114/><D114/><U26/><E26/><V118/><F118/><W46/><G28/><N who="1" m="10794" /><E59/><V91/><F91/><RYUUKYOKU ba="0,0" sc="327,-30,250,10,153,10,270,10" hai1="53,55,56,60,65,74,76,82,96,103" hai2="11,14,17,44,47,48,58,61,64,70" hai3="15,19,23,42,45,46,50,51,54,66,67,89,92" /><INIT seed="2,1,0,3,0,135" ten="297,260,163,280" oya="2" hai0="36,60,123,33,86,127,35,75,17,53,105,117,18" hai1="74,47,57,40,70,41,113,55,10,89,125,45,24" hai2="77,107,82,30,118,101,28,79,92,84,111,48,116" hai3="8,42,130,131,50,13,25,122,62,1,5,119,54"/><V133/><F107/><W112/><G119/><T65/><D123/><U114/><E74/><V22/><F133/><W102/><G122/><T103/><D75/><U93/><E70/><V106/><F106/><W39/><G112/><T85/><D36/><U87/><E10/><V108/><F79/><W0/><G62/><T100/><D105/><U76/><E76/><V66/><F66/><W43/><G102/><T19/><D53/><U61/><E24/><N who="2" m="16407" /><F30/><W68/><G68/><T7/><D7/><U69/><E69/><V26/><F26/><W132/><G25/><T96/><D117/><U64/><E64/><V109/><F48/><W31/><G31/><T44/><D65/><U29/><E29/><V4/><F4/><W38/><G132/><T81/><D60/><U91/><E91/><N who="2" m="53351" /><F101/><W56/><G39/><T104/><D103/><U2/><E2/><N who="3" m="1130" /><G38/><T78/><D35/><U73/><E73/><AGARI ba="1,0" hai="73,77,82,108,109,111,116,118" m="53351,16407" machi="73" ten="30,2900,0" yaku="14,1,10,1" doraHai="135" who="2" fromWho="1" sc="297,0,260,-32,163,32,280,0" /><INIT seed="2,2,0,1,2,117" ten="297,228,195,280" oya="2" hai0="110,37,116,121,72,123,76,33,59,98,109,128,0" hai1="56,9,96,133,25,57,41,23,8,79,99,50,49" hai2="85,122,124,62,134,22,84,52,77,80,83,70,36" hai3="24,131,126,11,127,130,55,129,6,42,14,68,3"/><V18/><F36/><W89/><G68/><T75/><D37/><U5/><E133/><V65/><F134/><W69/><G69/><T107/><D0/><U7/><E79/><V27/><F124/><N who="3" m="47659" /><G42/><T31/><D116/><U114/><E114/><V35/><F35/><W13/><G89/><T95/><D128/><U100/><E23/><V115/><F115/><W20/><G55/><T71/><D71/><U21/><E21/><V120/><REACH who="2" step="1"/><F52/><REACH who="2" ten="297,228,185,280" step="2"/><W30/><AGARI ba="2,1" hai="3,6,11,13,14,20,24,30,129,130,131" m="47659" machi="30" ten="40,8000,1" yaku="19,1,18,1,34,2" doraHai="117" who="3" fromWho="3" sc="297,-22,228,-22,185,-42,280,96" /><INIT seed="3,0,0,3,3,11" ten="275,206,143,376" oya="3" hai0="24,135,39,58,17,59,98,18,97,34,65,118,35" hai1="72,73,106,14,6,41,86,70,112,77,64,48,37" hai2="127,119,40,111,124,130,90,23,31,42,132,80,32" hai3="25,120,92,125,47,63,93,81,74,45,5,78,100"/><W4/><G120/><T51/><D39/><U113/><E106/><V95/><F119/><W85/><G125/><T33/><D118/><U0/><E0/><V44/><F32/><W91/><G25/><T134/><D65/><U28/><E37/><V75/><F111/><W38/><G63/><T26/><D35/><U12/><E28/><V54/><F132/><W87/><G74/><T131/><REACH who="0" step="1"/><D51/><REACH who="0" ten="265,206,143,376" step="2"/><U16/><E64/><V10/><F127/><W101/><G38/><T2/><D2/><U116/><E116/><V79/><F124/><W129/><G129/><AGARI ba="0,1" hai="17,18,24,26,33,34,58,59,97,98,129,131,134,135" machi="129" ten="25,3200,0" yaku="1,1,22,2,53,0" doraHai="11" doraHaiUra="88" who="0" fromWho="3" sc="265,42,206,0,143,0,376,-32" /><INIT seed="4,0,0,2,0,125" ten="307,206,143,344" oya="0" hai0="76,7,48,31,116,85,106,129,66,67,39,50,75" hai1="6,49,98,65,130,32,69,132,80,102,45,115,92" hai2="135,126,3,108,37,111,28,95,70,53,84,62,29" hai3="63,30,89,119,25,90,17,8,133,11,79,26,104"/><T10/><D116/><U61/><E32/><V110/><F3/><W15/><G119/><T123/><D123/><U87/><E132/><V58/><F37/><W13/><G104/><T112/><D112/><U16/><E115/><V59/><F70/><W36/><G36/><T12/><D106/><U94/><E6/><V51/><F126/><W101/><G101/><T86/><D75/><U46/><E94/><V118/><F118/><W91/><G133/><T105/><D105/><U2/><E2/><V109/><F135/><W83/><G63/><T19/><D31/><U33/><E33/><V71/><F71/><W96/><G96/><T40/><D39/><U27/><E49/><N who="0" m="19049" /><D40/><U54/><E54/><V22/><F22/><W74/><REACH who="3" step="1"/><G30/><REACH who="3" ten="307,206,143,334" step="2"/><T42/><D67/><U107/><E107/><V97/><F97/><W88/><N who="3" m="22528" /><DORA hai="100" /><W56/><G56/><T77/><D66/><U128/><E46/><V43/><F59/><W103/><G103/><T38/><D38/><U121/><E45/><N who="2" m="26047" /><F111/><W9/><G9/><T20/><D10/><U35/><E121/><V81/><F95/><W0/><G0/><T44/><D44/><U99/><E99/><V72/><F28/><W68/><G68/><T131/><D42/><U18/><E92/><V5/><F29/><W127/><G127/><T64/><D77/><U21/><E98/><V52/><F109/><W134/><G134/><T114/><D76/><U47/><E47/><V124/><F110/><W93/><G93/><T34/><D114/><U120/><E120/><V4/><F108/><W57/><G57/><T117/><D117/><RYUUKYOKU ba="0,1" sc="307,-10,206,-10,143,-10,334,30" hai3="8,11,13,15,17,25,26,74,79,83" /><INIT seed="5,1,1,5,2,0" ten="297,196,133,364" oya="1" hai0="42,78,68,55,91,117,105,23,37,8,61,49,28" hai1="126,45,32,130,46,82,63,120,31,121,84,119,44" hai2="99,116,103,135,92,51,14,53,102,104,10,96,124" hai3="41,74,134,122,133,1,12,90,73,30,11,26,106"/><U9/><E119/><V66/><F124/><W16/><G122/><T131/><D105/><U98/><E126/><V111/><F135/><N who="3" m="51723" /><G106/><T24/><D117/><U29/><E130/><V39/><F116/><W38/><G1/><T81/><D131/><U115/><E115/><V114/><F114/><W97/><G41/><T127/><D127/><U60/><E98/><V87/><F66/><W107/><G38/><T36/><D91/><U83/><E9/><V56/><F87/><W17/><G17/><T113/><D113/><U77/><E32/><V48/><F39/><W123/><G123/><T93/><D93/><U108/><E108/><V132/><F132/><W47/><G47/><T34/><D34/><U7/><E7/><V118/><F118/><W110/><G110/><T43/><D8/><U13/><E13/><V94/><F111/><W100/><G90/><T86/><D37/><U64/><E83/><V62/><F104/><W89/><G89/><T19/><D36/><U50/><E121/><V6/><AGARI ba="1,1" hai="6,10,14,48,51,53,56,62,92,94,96,99,102,103" machi="6" ten="20,8000,1" yaku="0,1,7,1,9,1,8,1,52,1" doraHai="0" who="2" fromWho="2" sc="297,-21,196,-41,133,93,364,-21" /><INIT seed="6,0,0,5,2,125" ten="276,155,226,343" oya="2" hai0="11,60,117,2,134,31,100,126,65,25,109,128,6" hai1="58,62,76,50,83,4,93,18,30,42,90,77,0" hai2="89,52,63,17,88,8,19,54,38,5,29,121,116" hai3="79,87,133,123,107,16,96,105,10,64,111,39,130"/><V46/><F116/><W112/><G111/><T20/><D109/><U110/><E110/><V57/><F121/><W21/><G123/><T127/><D134/><U132/><E132/><V67/><F29/><W35/><G133/><T106/><D117/><U34/><E34/><V94/><F38/><W3/><G35/><T66/><D128/><U102/><E30/><V71/><F46/><W84/><G39/><T1/><D1/><U114/><E114/><V44/><F44/><W59/><G130/><T131/><D131/><U113/><E113/><V104/><F104/><W69/><G69/><T41/><D41/><U12/><E102/><V103/><F103/><W32/><G32/><T80/><D80/><U99/><E4/><V28/><F28/><W108/><G108/><T129/><D129/><U26/><E26/><V68/><F89/><W27/><G112/><T36/><D36/><U73/><E0/><V40/><F40/><W120/><G120/><T15/><D60/><U78/><E50/><V91/><F91/><W119/><G119/><T101/><D2/><U115/><E42/><V61/><F54/><W24/><G105/><T81/><D81/><U13/><E115/><V124/><F71/><W37/><G37/><T9/><D9/><U92/><E92/><V85/><REACH who="2" step="1"/><F124/><REACH who="2" ten="276,155,216,343" step="2"/><N who="0" m="47658" /><D101/><U7/><E90/><V14/><AGARI ba="0,1" hai="5,8,14,17,19,52,57,61,63,67,68,85,88,94" machi="14" ten="20,12000,1" yaku="1,1,0,1,7,1,54,2,53,0" doraHai="125" doraHaiUra="118" who="2" fromWho="2" sc="276,-40,155,-40,216,130,343,-40" /><INIT seed="6,1,0,2,0,106" ten="236,115,346,303" oya="2" hai0="135,91,89,85,113,38,99,118,83,51,93,129,26" hai1="18,87,122,60,74,53,58,4,132,62,82,31,20" hai2="111,59,102,0,94,11,109,33,134,47,50,76,81" hai3="21,120,52,69,79,123,27,67,36,72,2,112,124"/><V68/><F68/><W107/><G2/><T73/><D38/><U114/><E114/><V78/><F33/><W90/><G107/><T110/><D110/><N who="2" m="41994" /><F134/><W103/><G103/><T61/><D113/><U17/><E132/><V88/><F102/><W96/><G36/><T42/><D135/><U10/><E122/><V100/><F100/><W77/><G112/><T54/><D129/><U19/><E31/><V5/><F59/><W23/><G124/><T25/><D118/><U128/><E128/><V86/><F94/><W126/><G126/><T57/><D73/><U37/><E37/><V84/><F84/><W39/><G39/><T121/><D121/><U13/><E74/><V108/><N who="2" m="42002" /><V1/><DORA hai="125" /><F1/><W75/><G69/><T55/><REACH who="0" step="1"/><D42/><AGARI ba="1,0" hai="0,5,11,42,47,50,76,78,81,86,88" m="42002" machi="42" ten="40,3900,0" yaku="10,1,54,1" doraHai="106,125" who="2" fromWho="0" sc="236,-42,115,0,346,42,303,0" /><INIT seed="6,2,0,1,3,37" ten="194,115,388,303" oya="2" hai0="71,82,88,103,9,67,32,2,126,46,104,90,21" hai1="72,75,19,1,120,112,113,110,43,16,29,133,121" hai2="51,65,22,93,84,52,100,81,53,130,80,69,20" hai3="92,117,7,39,122,33,111,23,116,6,8,101,50"/><V64/><F130/><W87/><G39/><T96/><D126/><U107/><E107/><V105/><F105/><W62/><G33/><T68/><D32/><U47/><E110/><V57/><F69/><W10/><G111/><T54/><D67/><N who="2" m="25674" /><F81/><W0/><G122/><N who="1" m="47210" /><E1/><V115/><F115/><N who="1" m="44105" /><E29/><V86/><F53/><W114/><G114/><T102/><D2/><U48/><E133/><V13/><F13/><W15/><G62/><T94/><D104/><U78/><E78/><N who="2" m="46103" /><F86/><W108/><G108/><T55/><D71/><U36/><E36/><V131/><F131/><W40/><G87/><T14/><D68/><U61/><E61/><V34/><F34/><W3/><G15/><T60/><D60/><U49/><E49/><V76/><F76/><W38/><G38/><T89/><D14/><U134/><E134/><V56/><F56/><W127/><G127/><T35/><D35/><U70/><E70/><V4/><F4/><W45/><REACH who="3" step="1"/><G23/><REACH who="3" ten="194,115,388,293" step="2"/><T18/><D21/><U63/><E63/><V27/><F27/><W128/><G128/><T26/><D26/><U66/><E66/><V24/><F24/><W106/><G106/><T83/><D83/><U74/><AGARI ba="2,1" hai="16,19,43,47,48,72,74,75" m="44105,47210" machi="74" ten="40,8000,1" yaku="13,1,15,1,52,1,54,1" doraHai="37" who="1" fromWho="1" sc="194,-22,115,96,388,-42,293,-22" /><INIT seed="7,0,0,3,2,91" ten="172,211,346,271" oya="3" hai0="95,109,60,81,50,106,45,11,76,46,4,128,49" hai1="35,119,118,77,1,107,85,9,90,17,73,92,20" hai2="93,83,68,94,38,25,84,103,99,74,26,117,57" hai3="18,27,52,41,98,34,5,28,115,82,130,113,16"/><W23/><G130/><T100/><D109/><U120/><E120/><V129/><F68/><W64/><G64/><T31/><D106/><U88/><E35/><V54/><F38/><W58/><G41/><T43/><D128/><U55/><E107/><V80/><F74/><W122/><G122/><T29/><D60/><U96/><E73/><V59/><F117/><N who="1" m="44553" /><E55/><V7/><F7/><W125/><G125/><T70/><D70/><U66/><E66/><V51/><F129/><W48/><G5/><T101/><D101/><U132/><E132/><V114/><F114/><N who="3" m="43531" /><G34/><T75/><D100/><N who="1" m="60423" /><E77/><N who="2" m="46095" /><F83/><W133/><G133/><T61/><D95/><U124/><E124/><V86/><F59/><W135/><G135/><T116/><D61/><U127/><E127/><V112/><F112/><W10/><G82/><T14/><REACH who="0" step="1"/><D116/><REACH who="0" ten="162,211,346,271" step="2"/><U13/><E85/><V2/><F103/><W67/><G98/><T8/><D8/><U62/><E62/><V37/><F99/><W65/><G10/><T89/><D89/><U134/><E134/><V3/><F94/><W36/><G65/><T12/><D12/><U78/><E78/><V56/><F93/><W42/><G67/><T40/><AGARI ba="0,1" hai="4,11,14,29,31,40,43,45,46,49,50,75,76,81" machi="40" ten="20,8000,1" yaku="1,1,0,1,7,1,9,1,53,1" doraHai="91" doraHaiUra="79" who="0" fromWho="0" sc="162,90,211,-20,346,-20,271,-40" owari="252,5.0,191,-31.0,326,43.0,231,-17.0" /></mjloggm>