<mjloggm ver="2.3"><GO type="169" lobby="0"/><UN n0="%E6%8C%AF%E3%82%8A%E8%BE%BC%E3%81%BF%E3%81%AE%E9%81%94%E4%BA%BA%EF%BC%81" n1="%E7%9C%BC%E7%A7%91%E5%8C%BB" n2="%5C%E3%81%AF%E3%81%A1%E3%81%8D%E3%82%87%E3%81%86%2F" n3="%69%6B%65%64%61%64%61" dan="16,16,16,16" rate="2147.21,2110.94,2117.61,2166.14" sx="M,M,M,M"/><TAIKYOKU oya="0"/><INIT seed="0,0,0,3,0,135" ten="250,250,250,250" oya="0" hai0="12,131,4,56,117,52,96,75,8,32,36,69,27" hai1="0,19,118,63,79,105,83,85,38,59,101,119,31" hai2="53,61,116,10,72,68,78,76,126,2,15,90,87" hai3="109,29,125,7,86,49,110,34,58,28,33,104,130"/><T6/><D117/><U98/><E38/><V40/><F116/><W37/><G37/><T129/><D69/><U62/><E0/><V113/><F2/><W13/><G104/><T45/><D75/><U81/><E31/><N who="3" m="11850" /><G86/><T127/><D32/><N who="3" m="12393" /><G49/><T9/><D27/><U84/><E19/><V21/><F113/><W47/><G58/><T100/><D36/><U3/><E3/><V48/><F72/><W115/><G47/><T66/><D66/><U51/><E51/><V122/><F122/><W133/><G115/><T106/><D45/><U103/><E63/><V73/><F73/><W64/><G64/><T41/><D127/><U20/><E20/><V70/><F126/><W92/><G92/><T18/><D41/><U82/><E82/><V107/><F107/><W30/><G30/><T39/><D39/><U128/><E101/><V44/><F21/><W57/><G57/><T25/><D25/><U94/><E105/><V95/><F70/><W16/><G125/><T99/><D96/><U120/><E120/><V54/><F68/><W80/><G80/><T43/><D43/><U88/><REACH who="1" step="1"/><E128/><REACH who="1" ten="250,240,250,250" step="2"/><N who="0" m="49225" /><D8/><U26/><E26/><V1/><F1/><W89/><G130/><T121/><D121/><U134/><E134/><V93/><F10/><N who="3" m="4319" /><G133/><T91/><D91/><U42/><E42/><V102/><F40/><W55/><G89/><T22/><D22/><U112/><E112/><V35/><F90/><W132/><G132/><T46/><D46/><U23/><E23/><V108/><F44/><W24/><G55/><AGARI ba="0,1" hai="55,59,62,79,81,83,84,85,88,94,98,103,118,119" machi="55" ten="30,3900,0" yaku="1,1,7,1,54,1,53,0" doraHai="135" doraHaiUra="14" who="1" fromWho="3" sc="250,0,240,49,250,0,250,-39" /><INIT seed="1,0,0,4,5,40" ten="250,289,250,211" oya="1" hai0="105,92,11,51,85,66,38,109,22,74,61,48,35" hai1="19,64,101,27,8,70,104,71,3,90,128,52,5" hai2="93,89,39,59,4,56,73,54,129,76,124,17,18" hai3="28,63,125,81,37,7,84,75,91,114,15,1,6"/><U31/><E19/><V14/><F39/><W131/><G114/><T60/><D74/><U55/><E128/><V134/><F129/><W100/><G131/><T42/><D35/><U95/><E71/><V77/><F124/><W2/><G125/><T36/><D105/><U49/><E101/><V116/><F59/><W99/><G37/><T32/><D32/><U113/><E104/><V12/><F4/><W120/><G120/><T13/><D38/><U29/><E113/><V102/><F102/><W132/><G132/><T0/><D36/><U94/><E64/><V119/><F73/><W68/><G28/><T112/><D0/><U127/><E70/><V45/><F134/><W98/><G75/><T47/><D112/><U111/><E111/><V46/><F56/><W108/><G99/><T80/><D51/><U44/><E127/><V53/><F89/><W97/><G97/><T103/><D22/><U16/><E55/><V106/><REACH who="2" step="1"/><F93/><REACH who="2" ten="250,289,240,211" step="2"/><W88/><G91/><T65/><D103/><U86/><REACH who="1" step="1"/><E94/><REACH who="1" ten="250,279,240,211" step="2"/><V57/><F57/><W115/><G115/><T72/><D92/><U34/><E34/><V121/><F121/><W24/><G68/><T9/><D109/><U118/><E118/><V110/><F110/><W123/><G108/><T96/><D66/><U83/><E83/><V69/><F69/><W133/><G123/><T130/><D65/><U126/><E126/><V30/><F30/><W25/><G133/><T135/><D80/><U23/><AGARI ba="0,2" hai="3,5,8,16,23,27,29,31,44,49,52,86,90,95" machi="23" ten="30,12000,1" yaku="1,1,0,1,52,1,54,2,53,0" doraHai="40" doraHaiUra="78" who="1" fromWho="1" sc="250,-40,279,140,240,-40,211,-40" /><INIT seed="1,1,0,1,4,27" ten="210,419,200,171" oya="1" hai0="44,72,43,14,34,116,123,28,112,18,97,8,1" hai1="10,51,35,67,29,21,119,12,76,126,9,75,3" hai2="0,4,33,79,45,69,84,62,63,50,113,32,66" hai3="19,83,53,74,95,58,64,92,30,13,131,17,90"/><U59/><E119/><V134/><F134/><W16/><G131/><T24/><D116/><U26/><E75/><V121/><F121/><W94/><G64/><T25/><D112/><U108/><E76/><V103/><F113/><W135/><G135/><T106/><D123/><U46/><E126/><V68/><F103/><W56/><G56/><T23/><D72/><U110/><E59/><V91/><F79/><W133/><G133/><T130/><D130/><U2/><E67/><V78/><F78/><W36/><G36/><T61/><D61/><U129/><E51/><V77/><F77/><W80/><G74/><T73/><D73/><U22/><E46/><V127/><F127/><W15/><G30/><T47/><D1/><N who="1" m="11" /><E129/><V54/><F63/><W124/><G124/><T87/><D87/><U102/><E102/><V98/><F98/><W100/><G100/><T20/><D106/><U122/><E122/><V11/><REACH who="2" step="1"/><F68/><REACH who="2" ten="210,419,190,171" step="2"/><W86/><REACH who="3" step="1"/><G83/><AGARI ba="1,1" hai="0,4,11,32,33,45,50,54,62,66,69,83,84,91" machi="83" ten="30,3900,0" yaku="1,1,2,1,7,1,53,0" doraHai="27" doraHaiUra="71" who="2" fromWho="3" sc="210,0,419,0,190,52,171,-42" /><INIT seed="2,0,0,1,2,58" ten="210,419,242,129" oya="2" hai0="113,38,118,43,39,124,77,22,101,48,114,5,98" hai1="82,97,91,47,2,55,70,3,84,128,23,35,120" hai2="51,33,122,49,116,87,88,96,62,20,64,29,86" hai3="28,30,119,50,4,112,25,19,27,83,11,117,130"/><V65/><F116/><W45/><G83/><T129/><D118/><U115/><E35/><V31/><F33/><W60/><G19/><T63/><D5/><U44/><E115/><V32/><F32/><W102/><G102/><T66/><D77/><U99/><E70/><V75/><F75/><W34/><G112/><N who="0" m="43115" /><D98/><U24/><E128/><V10/><F10/><W12/><G130/><T59/><D101/><U36/><E2/><V100/><F122/><W135/><G135/><T126/><D22/><U21/><E3/><V9/><F9/><W69/><G27/><T89/><D89/><U125/><E125/><N who="0" m="48233" /><D129/><U71/><E71/><V121/><F121/><W54/><REACH who="3" step="1"/><G30/><REACH who="3" ten="210,419,242,119" step="2"/><T85/><D85/><U92/><E24/><V41/><F87/><W53/><G53/><N who="0" m="32167" /><D43/><U8/><E120/><V79/><F41/><W52/><G52/><T109/><D109/><U104/><E55/><V40/><F40/><W18/><G18/><T67/><D67/><AGARI ba="0,1" hai="4,11,12,25,28,34,45,50,54,60,67,69,117,119" machi="67" ten="40,2600,0" yaku="1,1,52,1,53,0" doraHai="58" doraHaiUra="111" who="3" fromWho="0" sc="210,-26,419,0,242,0,119,36" /><INIT seed="3,0,0,0,1,91" ten="184,419,242,155" oya="3" hai0="79,103,56,72,90,61,28,18,113,60,70,133,58" hai1="127,31,66,84,21,33,46,96,12,64,59,131,36" hai2="57,134,126,24,114,9,15,97,125,102,78,82,55" hai3="116,73,44,22,118,130,51,80,115,101,1,7,63"/><W74/><G115/><T129/><D113/><U76/><E33/><V83/><F114/><W19/><G130/><T112/><D112/><U135/><E131/><V17/><F24/><W92/><G63/><T121/><D121/><U98/><E135/><V38/><F38/><W75/><G80/><T93/><D129/><U49/><E36/><V50/><F134/><W86/><G7/><T110/><D103/><U81/><E127/><N who="2" m="48651" /><F78/><W65/><G65/><T94/><D28/><U25/><E12/><V47/><F47/><W120/><G1/><T43/><D133/><U14/><E14/><V132/><F132/><W71/><G71/><T48/><D70/><U3/><E3/><V77/><F77/><W39/><G39/><T68/><D68/><U122/><E122/><V27/><F27/><W109/><G120/><T53/><D72/><U87/><E87/><V16/><F17/><W29/><G29/><T42/><D79/><U123/><E123/><V106/><AGARI ba="0,0" hai="9,15,16,50,55,57,82,83,97,102,106" m="48651" machi="106" ten="30,2000,0" yaku="18,1,54,1" doraHai="91" who="2" fromWho="2" sc="184,-5,419,-5,242,20,155,-10" /><INIT seed="4,0,0,2,5,94" ten="179,414,262,145" oya="0" hai0="9,121,102,27,78,28,93,135,116,48,52,37,14" hai1="106,75,65,43,127,132,84,58,90,8,80,16,82" hai2="97,117,45,131,25,66,50,83,130,105,77,23,122" hai3="35,63,49,54,115,113,79,18,61,6,107,96,7"/><T133/><D121/><U31/><E106/><V4/><F122/><W21/><G35/><T104/><D116/><U72/><E31/><V55/><F117/><W99/><G79/><T85/><D37/><U29/><E29/><V33/><F33/><W114/><G107/><T41/><D41/><U88/><E43/><V22/><F22/><W125/><G125/><T98/><D104/><U64/><E127/><V92/><F4/><N who="3" m="1579" /><G63/><T76/><D9/><U10/><E132/><N who="0" m="50761" /><D85/><U95/><E58/><V53/><F66/><W109/><G61/><T47/><D14/><U129/><E129/><V26/><F105/><W12/><G109/><T68/><D68/><U13/><E8/><V38/><F38/><W118/><G118/><T87/><D87/><N who="1" m="50279" /><E72/><N who="2" m="43431" /><F53/><W0/><G0/><T2/><D2/><U67/><E75/><V56/><F23/><AGARI ba="0,0" hai="23,27,28,47,48,52,76,78,93,98,102" m="50761" machi="23" ten="30,5800,0" yaku="20,1,52,1,54,1" doraHai="94" who="0" fromWho="2" sc="179,58,414,0,262,-58,145,0" /><INIT seed="4,1,0,5,4,118" ten="237,414,204,145" oya="0" hai0="35,62,58,10,90,123,97,91,93,106,113,28,59" hai1="120,85,128,98,16,64,84,4,103,25,27,54,23" hai2="34,122,53,115,116,131,56,19,129,45,41,32,110" hai3="74,71,73,101,121,1,66,96,18,133,43,46,6"/><T24/><D113/><U0/><E128/><N who="2" m="49227" /><F115/><W65/><G18/><T44/><D44/><U119/><E119/><V17/><F116/><W39/><G66/><T108/><D108/><U80/><E64/><V50/><F110/><W70/><G133/><T37/><D37/><U42/><E42/><V11/><F122/><W57/><G57/><T72/><D72/><U82/><E0/><V38/><F11/><W48/><G48/><T63/><D123/><U83/><E120/><V67/><F67/><W33/><G33/><AGARI ba="1,0" hai="17,19,32,33,34,38,41,45,50,53,56" m="49227" machi="33" ten="30,1000,0" yaku="19,1" doraHai="118" who="2" fromWho="3" sc="237,0,414,0,204,13,145,-13" /><INIT seed="5,0,0,1,5,33" ten="237,414,217,132" oya="1" hai0="38,70,111,29,52,86,77,19,129,39,59,0,43" hai1="12,13,46,87,3,90,128,53,105,127,71,6,61" hai2="62,95,65,24,27,51,134,75,45,10,30,66,121" hai3="94,50,132,44,69,64,133,114,115,1,103,40,17"/><U36/><E105/><V18/><F121/><W48/><G17/><T76/><D111/><U107/><E107/><V119/><F75/><W58/><G94/><T135/><D70/><U11/><E128/><V67/><F119/><W120/><G103/><T14/><D29/><U102/><E102/><V97/><F134/><N who="3" m="51819" /><G120/><T80/><D135/><U37/><E127/><V32/><F24/><W84/><G84/><T26/><D26/><U63/><E63/><V96/><F96/><W54/><G1/><T106/><D106/><U131/><E131/><V123/><F123/><W4/><G4/><T112/><D76/><U113/><E113/><N who="3" m="43018" /><G64/><T125/><D0/><U23/><E23/><V41/><F18/><W74/><G74/><T101/><D101/><U49/><E13/><V81/><F81/><W93/><G93/><T126/><D126/><U31/><E12/><V108/><F10/><W83/><G83/><T15/><D15/><U56/><E31/><V57/><F67/><W104/><G104/><T55/><D129/><U7/><E7/><V28/><F28/><W98/><G98/><T78/><D78/><U21/><E21/><V34/><F66/><W122/><G122/><T109/><D125/><U2/><E2/><V25/><F25/><W79/><G79/><T100/><D100/><U68/><E87/><V8/><F8/><W89/><G89/><T16/><D14/><U42/><REACH who="1" step="1"/><E90/><REACH who="1" ten="237,404,217,132" step="2"/><N who="2" m="55543" /><F34/><W9/><G9/><T92/><D86/><U130/><E130/><V85/><F85/><W88/><G88/><T5/><D5/><U20/><E20/><V47/><F108/><RYUUKYOKU ba="0,1" sc="237,-30,404,10,217,10,132,10" hai1="3,6,11,36,37,42,46,49,53,56,61,68,71" hai2="27,30,32,41,45,47,51,57,62,65" hai3="40,44,48,50,54,58,69" /><INIT seed="5,1,1,2,4,20" ten="207,414,227,142" oya="1" hai0="45,44,26,2,57,27,73,28,71,98,16,95,126" hai1="52,58,112,106,111,23,41,97,117,61,135,75,107" hai2="89,133,92,47,39,1,13,63,25,114,128,33,103" hai3="82,55,40,130,72,118,32,8,37,14,80,7,62"/><U127/><E117/><V53/><F1/><W24/><G118/><T54/><D71/><U56/><E75/><V105/><F128/><W116/><G116/><T101/><D73/><U48/><E112/><V109/><F109/><W83/><G130/><T50/><D2/><U38/><E38/><V86/><F114/><W119/><G119/><T88/><D126/><U70/><E70/><V35/><F133/><W65/><G55/><N who="0" m="30151" /><D28/><U19/><E127/><V124/><F124/><W84/><G72/><T129/><D129/><U49/><E135/><V87/><F13/><W36/><G40/><T96/><D45/><U121/><E49/><V18/><F105/><W43/><G43/><T102/><D16/><U5/><E5/><V85/><F103/><N who="0" m="39434" /><D96/><U131/><E97/><V31/><F18/><W108/><G108/><T76/><D76/><U134/><E131/><V21/><F39/><W77/><G37/><T78/><D78/><U66/><E41/><V74/><F74/><W42/><G42/><T125/><D125/><U132/><E111/><V123/><F123/><W100/><G100/><T115/><D115/><U6/><E6/><V60/><F35/><W59/><REACH who="3" step="1"/><G36/><REACH who="3" ten="207,414,227,132" step="2"/><T90/><D90/><U91/><E134/><V22/><F89/><W34/><G34/><T69/><D69/><U67/><E132/><V51/><F33/><W110/><G110/><T79/><D79/><U11/><E107/><V64/><F64/><W17/><G17/><T113/><D113/><U4/><E106/><V29/><F92/><W3/><G3/><T30/><D30/><AGARI ba="1,2" hai="7,8,14,24,30,32,59,62,65,77,80,82,83,84" machi="30" ten="40,2600,0" yaku="1,1,52,1,53,0" doraHai="20" doraHaiUra="104" who="3" fromWho="0" sc="207,-29,414,0,227,0,132,49" /><INIT seed="6,0,0,0,3,70" ten="178,414,227,181" oya="2" hai0="26,111,40,28,115,76,98,109,94,41,66,18,23" hai1="92,130,29,101,38,77,48,34,79,82,61,110,64" hai2="35,25,72,80,100,22,124,45,21,78,44,46,114" hai3="113,106,87,3,135,42,69,117,67,105,112,119,104"/><V58/><F114/><N who="3" m="44139" /><G3/><T39/><D115/><U122/><E110/><V73/><F124/><W2/><G2/><T118/><D118/><U10/><E38/><V57/><F73/><W49/><G87/><T132/><D132/><U103/><E130/><V97/><F35/><W20/><G20/><T6/><D6/><U75/><E79/><V129/><F21/><W134/><G49/><T74/><D66/><U89/><E122/><V55/><F55/><W14/><G14/><T131/><D131/><U65/><E65/><V62/><F62/><N who="3" m="40183" /><G42/><T13/><D76/><U4/><E48/><V30/><REACH who="2" step="1"/><F129/><REACH who="2" ten="178,414,217,181" step="2"/><W127/><G127/><T121/><D74/><U36/><E34/><V53/><F53/><W60/><G60/><T52/><D52/><U116/><E61/><V59/><F59/><W56/><G56/><T8/><D111/><U15/><E64/><V11/><F11/><W31/><G31/><T99/><D109/><U93/><E29/><V120/><F120/><W90/><G90/><T32/><D121/><U12/><E89/><V0/><F0/><W71/><G71/><T95/><D32/><U43/><E75/><V83/><F83/><W68/><G68/><T54/><D54/><U1/><E82/><V17/><F17/><W50/><G50/><T16/><D18/><U128/><E128/><V133/><F133/><AGARI ba="0,1" hai="104,105,106,117,119,133,134,135" m="40183,44139" machi="133" ten="40,8000,1" yaku="20,1,15,1,11,1,23,1" doraHai="70" who="3" fromWho="2" sc="178,0,414,0,217,-80,181,90" /><INIT seed="7,0,0,5,1,95" ten="178,414,137,271" oya="3" hai0="110,105,74,114,73,40,82,88,90,83,29,8,102" hai1="23,17,70,98,97,101,52,87,50,49,93,80,15" hai2="71,118,92,96,6,13,20,126,42,27,130,132,112" hai3="100,119,75,2,60,135,18,10,28,124,14,5,79"/><W59/><G119/><T131/><D40/><U104/><E70/><V45/><F118/><W127/><G135/><T12/><D29/><U39/><E39/><V35/><F132/><W44/><G44/><T11/><D12/><U0/><E0/><V68/><F112/><W33/><G100/><T58/><D58/><U67/><E67/><V47/><F126/><W48/><G48/><T9/><D110/><U115/><E115/><V51/><F130/><W128/><G128/><T107/><D114/><U31/><E31/><V21/><F35/><W76/><G75/><N who="0" m="28683" /><D102/><U19/><E19/><V72/><F72/><W36/><G36/><T57/><D57/><U109/><E109/><V121/><F121/><W64/><G28/><T22/><D22/><U129/><E129/><V78/><F78/><W32/><G32/><T113/><D113/><U43/><E43/><V61/><F61/><W120/><G33/><T16/><D16/><U89/><E52/><V116/><F116/><W94/><G120/><T37/><D37/><U84/><E84/><V56/><F56/><W53/><G64/><T3/><D3/><U125/><E125/><V133/><F133/><W54/><G54/><T30/><D30/><U81/><E81/><N who="0" m="30729" /><D131/><U123/><E123/><V24/><F47/><W63/><G63/><T25/><D25/><N who="2" m="9802" /><F6/><W106/><G5/><T99/><D107/><U1/><E1/><V65/><F65/><W134/><G2/><T4/><D4/><U55/><E55/><V34/><F34/><W85/><G127/><T111/><D111/><U122/><E122/><V38/><F38/><RYUUKYOKU ba="0,0" sc="178,15,414,15,137,-15,271,-15" hai0="8,9,11,88,90,99,105" hai1="15,17,23,49,50,80,87,89,93,97,98,101,104" owari="193,-21.0,429,53.0,122,-38.0,256,6.0" /></mjloggm>