<mjloggm ver="2.3"><GO type="169" lobby="0"/><UN n0="%4C%65%67%65%6E%64%61" n1="%E3%81%98%E3%81%98%E3%81%84%E3%81%8C%E5%91%BC%E3%82%93%E3%81%A0" n2="%4E%4F%42%55%53%48%49" n3="%41%6E%74%69%64%6F%74%65" dan="17,16,17,16" rate="2138.72,2125.15,2176.33,2180.98" sx="M,M,M,M"/><TAIKYOKU oya="0"/><INIT seed="0,0,0,3,4,124" ten="250,250,250,250" oya="0" hai0="18,7,106,132,14,42,49,19,41,61,50,34,72" hai1="95,117,74,58,77,127,21,5,86,23,116,123,88" hai2="25,128,125,2,3,99,121,100,43,73,97,130,10" hai3="56,120,104,60,108,126,28,134,75,16,27,36,31"/><T63/><D72/><U79/><E123/><V0/><F121/><W89/><G36/><T37/><D106/><U67/><E127/><V9/><F125/><W45/><G126/><T133/><D37/><U92/><E5/><V11/><F73/><W38/><G108/><T87/><D7/><U93/><E74/><V8/><F43/><W62/><G120/><T1/><D87/><U69/><E69/><V101/><N who="2" m="2048" /><DORA hai="26" /><V105/><REACH who="2" step="1"/><F25/><REACH who="2" ten="250,250,240,250" step="2"/><W13/><G75/><T113/><D14/><U65/><E117/><V6/><F6/><W96/><G27/><T30/><D113/><U54/><E116/><V17/><F17/><W48/><G16/><T35/><REACH who="0" step="1"/><D1/><REACH who="0" ten="240,250,240,250" step="2"/><U39/><E39/><V81/><F81/><W111/><G38/><T33/><D33/><U71/><E21/><V76/><F76/><W64/><G13/><T122/><D122/><U112/><E23/><V15/><F15/><W12/><G12/><T20/><D20/><U22/><E22/><V85/><F85/><W51/><G111/><T119/><D119/><U135/><E112/><V68/><F68/><W47/><G28/><AGARI ba="0,2" hai="18,19,28,30,34,35,41,42,49,50,61,63,132,133" machi="28" ten="25,12000,1" yaku="1,1,22,2,52,2,53,0" doraHai="124,26" doraHaiUra="114,91" who="0" fromWho="3" sc="240,140,250,0,240,0,250,-120" /><INIT seed="0,1,0,2,2,97" ten="380,250,240,130" oya="0" hai0="12,69,39,61,15,82,14,53,11,28,25,37,116" hai1="85,96,24,66,94,41,20,22,106,102,104,135,36" hai2="2,45,42,74,30,64,51,1,72,118,26,21,120" hai3="56,103,63,46,73,65,33,91,122,132,126,109,125"/><T18/><D116/><U129/><E129/><V111/><F120/><W68/><G122/><T50/><D15/><U95/><E135/><V93/><F118/><W49/><G33/><T0/><D0/><U38/><E66/><V60/><F111/><W115/><G115/><T71/><D14/><U87/><E41/><V17/><F74/><W113/><G113/><T108/><D108/><U8/><E8/><V7/><F72/><W23/><G73/><T52/><D69/><U5/><E5/><V59/><F7/><W92/><G109/><T134/><D134/><U43/><E43/><V76/><F76/><W127/><G132/><T35/><D82/><U32/><E32/><V128/><F128/><W47/><G23/><T98/><D98/><U4/><E4/><V62/><F93/><W101/><G68/><T99/><D99/><U131/><E131/><V121/><F121/><W44/><G49/><T16/><D18/><U90/><E106/><V48/><F48/><W40/><G40/><T78/><D78/><U58/><E58/><V6/><F6/><W112/><G112/><T86/><D86/><AGARI ba="1,0" hai="44,46,47,56,63,65,86,91,92,101,103,125,126,127" machi="86" ten="50,6400,0" yaku="18,1,52,2" doraHai="97" who="3" fromWho="0" sc="380,-67,250,0,240,0,130,67" /><INIT seed="1,0,0,1,5,117" ten="313,250,240,197" oya="1" hai0="134,118,8,121,36,92,86,27,42,109,124,65,89" hai1="11,80,95,9,75,88,113,66,132,57,51,41,105" hai2="28,45,17,30,14,123,128,22,126,0,54,102,64" hai3="29,72,96,21,58,7,53,79,59,93,10,55,85"/><U101/><E113/><V99/><F0/><W107/><G107/><T111/><D118/><U125/><E125/><V77/><F126/><W12/><G72/><T37/><D124/><U5/><E132/><V103/><F128/><W84/><G29/><T97/><D134/><U34/><E34/><V13/><F123/><W38/><G38/><T112/><D112/><U133/><E133/><V52/><F77/><W83/><G21/><T2/><D65/><U81/><E105/><V69/><F69/><W73/><G58/><T70/><D70/><U104/><E104/><V31/><F64/><W26/><G26/><T3/><D27/><U56/><E101/><N who="2" m="38411" /><F99/><W46/><G46/><N who="0" m="23879" /><D37/><U115/><E115/><V48/><F14/><W76/><G76/><T120/><D97/><N who="1" m="57575" /><E75/><V19/><F19/><W130/><G130/><T106/><D106/><U94/><E94/><V18/><F18/><W33/><G33/><T110/><D8/><N who="1" m="3147" /><E5/><V32/><F32/><W61/><G73/><T43/><D43/><AGARI ba="0,0" hai="13,17,22,28,30,31,43,45,48,52,54" m="38411" machi="43" ten="30,2000,0" yaku="8,1,54,1" doraHai="117" who="2" fromWho="0" sc="313,-20,250,0,240,20,197,0" /><INIT seed="2,0,0,4,1,50" ten="293,250,260,197" oya="2" hai0="117,25,95,49,125,39,104,2,27,5,76,128,72" hai1="123,57,114,45,75,51,79,94,8,26,62,127,47" hai2="106,9,32,54,96,1,67,68,43,36,93,83,71" hai3="88,23,52,74,6,60,55,42,99,135,111,41,35"/><V4/><F32/><W0/><G35/><T109/><D104/><U29/><E114/><V53/><F106/><W90/><G74/><T120/><D120/><U86/><E75/><V59/><F83/><W103/><G0/><T3/><D39/><U122/><E127/><V64/><F43/><N who="3" m="16395" /><G135/><T31/><D49/><U38/><E38/><V58/><F36/><W22/><G111/><T34/><D95/><U134/><E134/><V131/><F131/><W46/><G6/><T126/><D76/><U12/><E51/><V98/><F4/><W118/><G118/><T19/><D72/><U70/><E70/><V92/><F9/><W18/><G46/><T48/><D48/><U81/><E94/><V113/><REACH who="2" step="1"/><F1/><REACH who="2" ten="293,250,250,197" step="2"/><W13/><G60/><T40/><D40/><U30/><E123/><V124/><F124/><W133/><G133/><T108/><D5/><U44/><E122/><V115/><AGARI ba="0,1" hai="53,54,58,59,64,67,68,71,92,93,96,98,113,115" machi="115" ten="25,18000,2" yaku="1,1,0,1,22,2,52,2,53,0" doraHai="50" doraHaiUra="84" who="2" fromWho="2" sc="293,-60,250,-60,250,190,197,-60" /><INIT seed="2,1,0,1,5,129" ten="233,190,440,137" oya="2" hai0="26,59,100,15,38,52,25,53,16,47,63,0,18" hai1="8,74,1,120,9,127,96,37,42,43,77,81,48" hai2="132,35,45,90,57,133,20,92,62,61,67,72,102" hai3="51,31,135,105,36,97,56,33,6,65,12,14,112"/><V3/><F3/><W60/><G36/><T58/><D0/><U13/><E127/><V23/><F35/><W104/><G112/><T19/><D100/><U21/><E120/><V91/><F72/><W115/><G115/><T88/><D15/><U50/><E1/><V126/><F126/><W83/><G83/><T128/><D128/><U98/><E21/><V113/><F113/><W76/><G76/><T71/><D71/><U89/><E8/><V32/><F32/><W54/><G135/><N who="2" m="51785" /><F45/><W39/><G39/><T30/><D30/><U122/><E122/><V117/><F117/><W10/><G14/><T11/><D11/><U55/><E37/><V119/><F119/><W49/><G49/><N who="0" m="28735" /><D38/><U121/><E121/><V79/><F79/><W27/><REACH who="3" step="1"/><G97/><REACH who="3" ten="233,190,440,127" step="2"/><T69/><D69/><AGARI ba="1,1" hai="6,10,12,27,31,33,51,54,56,60,65,69,104,105" machi="69" ten="30,3900,0" yaku="1,1,2,1,7,1,53,0" doraHai="129" doraHaiUra="106" who="3" fromWho="0" sc="233,-42,190,0,440,0,127,52" /><INIT seed="3,0,0,4,4,81" ten="191,190,440,179" oya="3" hai0="34,64,53,26,89,55,126,31,29,1,80,33,38" hai1="41,83,97,47,86,7,27,95,57,74,22,46,85" hai2="76,91,94,68,3,128,37,58,108,105,133,16,77" hai3="4,44,78,129,98,43,132,99,52,61,56,106,84"/><W18/><G129/><T130/><D38/><U70/><E70/><V25/><F105/><W87/><G132/><T6/><D130/><U113/><E113/><V20/><F133/><W92/><G106/><T51/><D126/><U122/><E122/><V69/><F128/><W15/><G4/><T67/><D6/><U82/><E74/><V48/><F37/><W73/><G73/><T93/><D80/><N who="1" m="30763" /><E7/><V112/><F3/><W28/><G28/><T13/><D13/><U79/><E57/><V125/><F108/><W2/><G2/><T104/><D104/><U123/><E123/><V9/><F9/><N who="3" m="6511" /><G78/><T114/><D114/><U50/><E47/><V66/><F125/><W88/><G98/><T96/><D1/><U135/><E79/><V23/><F69/><W109/><G109/><T19/><D19/><N who="1" m="12767" /><E135/><V115/><F68/><W118/><G118/><T45/><REACH who="0" step="1"/><D55/><REACH who="0" ten="181,190,440,179" step="2"/><U59/><E59/><V71/><F58/><W62/><G62/><T103/><D103/><AGARI ba="0,1" hai="41,46,50,85,86,95,97,103" m="12767,30763" machi="103" ten="30,3900,0" yaku="8,1,52,2" doraHai="81" who="1" fromWho="0" sc="181,-39,190,49,440,0,179,0" /><INIT seed="4,0,0,1,0,63" ten="142,239,440,179" oya="0" hai0="106,46,13,75,21,54,105,100,37,44,82,80,91" hai1="89,123,112,42,27,5,65,6,111,52,74,134,43" hai2="66,62,24,77,86,59,104,119,41,19,64,10,56" hai3="17,103,61,114,53,45,109,121,95,18,93,81,60"/><T126/><D126/><U97/><E74/><V33/><F104/><W73/><G109/><T8/><D21/><U78/><E111/><V132/><F119/><W92/><G114/><T131/><D131/><U48/><E123/><V96/><F41/><W113/><G113/><T68/><D68/><U1/><E78/><V85/><F33/><W49/><G103/><T15/><D100/><U122/><E122/><V3/><F96/><W35/><G35/><T28/><D28/><U16/><E112/><V70/><F3/><W7/><G121/><T67/><D67/><U130/><E130/><V125/><F132/><W0/><G0/><T29/><D29/><U118/><E118/><V34/><F34/><W83/><G7/><T115/><D115/><U32/><E65/><V101/><F101/><W107/><G107/><T14/><D8/><U69/><E69/><V36/><F10/><W2/><G2/><T128/><D128/><U84/><E97/><V87/><F77/><W88/><G73/><T39/><D75/><U108/><E1/><V124/><F66/><W47/><G88/><T76/><D76/><U110/><E32/><V40/><F124/><W55/><G93/><T98/><D98/><U116/><E116/><V71/><F71/><W26/><G26/><T99/><D99/><U50/><E110/><V22/><F125/><W12/><G12/><T94/><D94/><U30/><E108/><V129/><F129/><W135/><G49/><N who="1" m="19050" /><E134/><AGARI ba="0,0" hai="17,18,45,47,53,55,60,61,81,83,92,95,134,135" machi="134" ten="25,1600,0" yaku="22,2" doraHai="63" who="3" fromWho="1" sc="142,0,239,-16,440,0,179,16" /><INIT seed="5,0,0,5,0,115" ten="142,223,440,195" oya="1" hai0="19,29,1,91,22,8,43,119,2,51,88,59,47" hai1="127,99,17,126,132,61,107,45,74,0,80,11,98" hai2="23,121,118,49,83,111,77,58,104,122,106,41,3" hai3="67,20,94,50,70,128,60,5,18,78,14,15,12"/><U35/><E35/><V109/><F3/><W6/><G128/><T87/><D119/><U57/><E132/><V123/><F23/><W21/><G78/><T86/><D29/><U75/><E45/><V9/><F9/><W13/><G21/><T90/><D59/><U103/><E99/><V124/><F41/><W27/><N who="3" m="3072" /><DORA hai="85" /><W120/><G120/><T62/><D62/><U134/><E17/><V31/><F31/><W129/><G129/><T55/><D2/><U105/><E105/><N who="2" m="40555" /><F49/><W110/><G110/><N who="2" m="41993" /><F58/><W108/><G108/><T68/><D68/><U48/><E48/><V44/><F44/><W53/><REACH who="3" step="1"/><G94/><REACH who="3" ten="142,223,440,185" step="2"/><T93/><D1/><U133/><E133/><V10/><F10/><W16/><G16/><T116/><D8/><U72/><E134/><V32/><F32/><W84/><G84/><N who="0" m="32299" /><D116/><U79/><E11/><V36/><F118/><W54/><G54/><T46/><D55/><N who="1" m="33983" /><E0/><V42/><F77/><W26/><G26/><N who="0" m="14687" /><D47/><AGARI ba="0,1" hai="5,6,18,20,27,47,50,53,60,67,70" m="3072" machi="47" ten="50,3200,0" yaku="1,1,53,1" doraHai="115,85" doraHaiUra="95,66" who="3" fromWho="0" sc="142,-32,223,0,440,0,185,42" /><INIT seed="6,0,0,2,1,77" ten="110,223,440,227" oya="2" hai0="119,127,3,11,35,73,91,29,75,78,131,128,107" hai1="129,34,60,25,98,36,70,92,4,130,84,7,14" hai2="49,133,124,30,109,96,100,88,6,44,93,74,99" hai3="27,83,15,22,32,132,66,33,23,111,37,89,76"/><V103/><F109/><W57/><G111/><T48/><D48/><U94/><E36/><V69/><F69/><W104/><G37/><T135/><D29/><N who="1" m="19759" /><E14/><V61/><F124/><W54/><G66/><T50/><D11/><U79/><E70/><V116/><F133/><W108/><G108/><T20/><D20/><U5/><E60/><V9/><F116/><W101/><G89/><T126/><D50/><U0/><E0/><V1/><F30/><W65/><G65/><T10/><D35/><U72/><E72/><N who="0" m="27721" /><D10/><U40/><E40/><V115/><F61/><W21/><G27/><T90/><D3/><U58/><E58/><V114/><F74/><W24/><G24/><T51/><D51/><U67/><E67/><V87/><F100/><W52/><G54/><T47/><D47/><U110/><E98/><V62/><F62/><W59/><G57/><T42/><D42/><U95/><E79/><V45/><F99/><N who="3" m="61503" /><G15/><T8/><D8/><U13/><E13/><V46/><REACH who="2" step="1"/><F49/><REACH who="2" ten="110,223,430,227" step="2"/><W28/><G28/><T18/><D119/><U105/><E110/><V134/><F134/><W118/><G132/><T106/><D135/><U16/><E130/><N who="0" m="49705" /><D18/><U63/><E16/><V125/><F125/><N who="0" m="47626" /><D78/><U120/><E63/><V81/><AGARI ba="0,1" hai="1,6,9,44,45,46,81,87,88,93,96,103,114,115" machi="81" ten="30,11700,0" yaku="1,1,0,1,52,1,54,1,53,0" doraHai="77" doraHaiUra="55" who="2" fromWho="2" sc="110,-39,223,-39,430,127,227,-39" /><INIT seed="6,1,0,2,4,124" ten="71,184,557,188" oya="2" hai0="126,2,96,105,99,35,4,89,1,135,3,47,93" hai1="74,76,78,20,70,22,14,79,129,111,120,116,45" hai2="66,69,13,40,113,108,61,68,130,49,23,122,77" hai3="75,127,91,65,55,41,46,28,63,100,82,0,17"/><V39/><F77/><W128/><G0/><T8/><D126/><U80/><E116/><V110/><F13/><W51/><G127/><T109/><D109/><N who="2" m="42090" /><F23/><W83/><G28/><T59/><D135/><U27/><E45/><N who="2" m="23711" /><F122/><W115/><G115/><T85/><D35/><U37/><E70/><N who="2" m="42319" /><F113/><W88/><G17/><T19/><D19/><U95/><E14/><V104/><F104/><W18/><G18/><T133/><D133/><U134/><E134/><V53/><F130/><W29/><G128/><T38/><D105/><U52/><E129/><V131/><F131/><W21/><G91/><T36/><D3/><U132/><E20/><V98/><F98/><W67/><G88/><T107/><D2/><U81/><E78/><V117/><F117/><W42/><G21/><T6/><D6/><U7/><E79/><V54/><F54/><W102/><G55/><T103/><D96/><U121/><E52/><V125/><F125/><W58/><G29/><T72/><D72/><U87/><E76/><V64/><F64/><W48/><G67/><T112/><D112/><U10/><E22/><V86/><F86/><W118/><G118/><T56/><D47/><AGARI ba="1,0" hai="47,49,53,68,69" m="42319,23711,42090" machi="47" ten="30,5800,0" yaku="10,1,34,2" doraHai="124" who="2" fromWho="0" sc="71,-61,184,0,557,61,188,0" /><INIT seed="6,2,0,3,5,21" ten="10,184,618,188" oya="2" hai0="25,113,37,0,99,135,97,87,122,29,47,90,78" hai1="63,112,43,20,102,125,14,16,65,24,62,80,42" hai2="95,49,70,129,33,89,41,10,61,12,27,92,59" hai3="39,57,127,5,44,2,58,82,134,68,54,107,13"/><V116/><F116/><W46/><G68/><T67/><D0/><U96/><E112/><V133/><F129/><W103/><G134/><T75/><D67/><U77/><E125/><V64/><F133/><W11/><G127/><T119/><D135/><U17/><E96/><V124/><F124/><W1/><G58/><T93/><D47/><U105/><E102/><V130/><F130/><W71/><G71/><T126/><D37/><U121/><E105/><V9/><F95/><W26/><G82/><T81/><D126/><U6/><E6/><V51/><F10/><W3/><G39/><T40/><D40/><U45/><E121/><V117/><F117/><W84/><G84/><T69/><D119/><U74/><E65/><V91/><F89/><W94/><G107/><T132/><D122/><U115/><E115/><V86/><F70/><W23/><G103/><T108/><D132/><U32/><E43/><V36/><F36/><W56/><G94/><T30/><D113/><U15/><E15/><V85/><F86/><W19/><G56/><T60/><D108/><U123/><E123/><V48/><F41/><W52/><G54/><T50/><D50/><U72/><E72/><V104/><F104/><W7/><G7/><T118/><D118/><U88/><E88/><V4/><F33/><W66/><G66/><N who="0" m="41159" /><D30/><N who="1" m="19527" /><E17/><V101/><F101/><W120/><REACH who="3" step="1"/><G120/><REACH who="3" ten="10,184,618,178" step="2"/><T131/><D131/><U79/><E79/><V100/><F100/><W111/><G111/><T83/><D83/><U114/><E114/><V109/><F109/><W38/><G38/><T28/><D28/><U76/><E76/><RYUUKYOKU ba="2,1" sc="10,0,184,0,618,0,178,0" hai0="25,29,75,78,81,87,90,93,97,99" hai1="14,16,20,42,45,62,63,74,77,80" hai2="4,9,12,27,48,49,51,59,61,64,85,91,92" hai3="1,2,3,5,11,13,19,23,26,44,46,52,57" /><INIT seed="6,3,1,2,0,42" ten="10,184,618,178" oya="2" hai0="31,83,84,11,119,58,18,64,89,113,69,32,47" hai1="101,108,124,70,126,34,50,120,77,15,3,81,27" hai2="131,133,62,2,102,43,37,100,74,109,67,93,66" hai3="72,8,7,106,13,30,57,46,56,134,48,63,22"/><V28/><F74/><W9/><G72/><T12/><D113/><U135/><E3/><V117/><F2/><W79/><G79/><T54/><D119/><U52/><E70/><V94/><F117/><W122/><G106/><T5/><D69/><U95/><E108/><V25/><F109/><W123/><G134/><T21/><D64/><U24/><E135/><V1/><F1/><W53/><G56/><T99/><D99/><N who="1" m="59647" /><E15/><V49/><F37/><W82/><G82/><T78/><D78/><U59/><E34/><V61/><F43/><W40/><REACH who="3" step="1"/><G9/><REACH who="3" ten="10,184,618,168" step="2"/><T29/><D32/><U14/><E120/><V41/><F133/><W38/><G38/><T110/><D110/><U35/><E35/><V26/><F131/><W114/><G114/><T111/><D111/><U51/><E51/><V105/><F105/><W103/><G103/><T92/><D83/><U96/><E81/><V85/><F49/><W115/><G115/><T68/><D68/><U10/><E77/><V65/><F102/><W6/><G6/><T130/><D130/><U76/><E76/><V91/><F100/><W75/><G75/><T116/><D116/><U80/><E80/><V39/><F39/><W73/><G73/><T44/><D31/><U23/><E126/><V107/><F107/><W19/><G19/><T112/><D29/><U4/><E124/><V55/><F28/><W128/><G128/><T16/><D112/><U97/><E23/><V118/><F118/><W121/><G121/><T17/><D21/><U132/><E132/><V104/><F104/><W88/><G88/><T71/><D71/><RYUUKYOKU ba="3,2" sc="10,10,184,10,618,-30,168,10" hai0="5,11,12,16,17,18,44,47,54,58,84,89,92" hai1="4,10,14,24,27,50,52,59,96,97" hai3="7,8,13,22,30,40,46,48,53,57,63,122,123" /><INIT seed="7,4,2,1,3,50" ten="20,194,588,178" oya="3" hai0="110,62,116,73,39,23,101,8,112,129,114,127,82" hai1="2,13,64,11,96,124,123,115,9,43,15,54,91" hai2="63,37,44,80,26,19,90,78,70,48,47,20,108" hai3="32,125,97,45,68,104,81,52,33,67,61,128,87"/><W4/><G128/><T72/><D39/><U35/><E35/><V58/><F108/><W1/><G125/><T28/><D62/><U119/><E123/><V21/><F70/><W113/><G113/><N who="0" m="43627" /><D23/><U106/><E2/><V40/><F90/><W27/><G33/><T84/><D28/><U120/><E120/><V89/><F89/><W132/><G32/><T3/><D8/><U0/><E0/><V74/><F21/><W10/><G27/><T94/><D3/><U66/><E119/><V131/><F131/><W92/><G45/><T12/><D12/><U117/><E117/><V46/><F37/><W121/><G121/><T41/><D41/><U18/><E106/><V107/><F107/><W133/><G10/><T36/><D36/><U60/><E43/><V83/><F83/><W118/><G1/><T130/><D116/><U55/><E124/><V38/><F38/><W59/><G118/><T134/><D127/><U49/><E115/><V100/><F100/><W98/><G4/><T24/><D24/><U111/><E111/><V102/><F102/><N who="3" m="62551" /><G68/><T57/><D57/><N who="1" m="36879" /><E49/><V34/><F34/><W65/><G65/><AGARI ba="4,2" hai="19,20,26,40,44,46,47,48,58,63,65,74,78,80" machi="65" ten="30,1000,0" yaku="7,1" doraHai="50" who="2" fromWho="3" sc="20,0,194,0,588,42,178,-22" owari="20,-48.0,194,-1.0,630,73.0,156,-24.0" /></mjloggm>