<mjloggm ver="2.3"><GO type="185" lobby="0"/><UN n0="%E6%B0%B7%E3%81%AE%4B" n1="%63%61%6C%63%2E" n2="%E3%81%9F%E3%82%93%E3%82%86%E3%81%86" n3="" dan="16,19,16,0" rate="2115.34,2400.62,2238.96,1500.00" sx="M,M,F,C"/><TAIKYOKU oya="0"/><INIT seed="0,0,0,4,2,58" ten="350,350,350,0" oya="0" hai0="75,107,123,65,38,76,50,111,81,105,91,132,100" hai1="109,87,53,37,67,130,41,95,46,78,94,86,93" hai2="83,36,116,73,64,77,103,96,117,124,79,128,125" hai3=""/><T82/><D38/><U70/><E109/><V98/><F36/><T45/><N who="0" m="31520" /><T62/><D111/><U52/><E130/><V56/><F64/><T2/><D2/><U51/><E78/><V74/><F56/><T99/><D132/><U61/><REACH who="1" step="1"/><E53/><REACH who="1" ten="350,340,350,0" step="2"/><V35/><F35/><T40/><D107/><U54/><E54/><V60/><F128/><T106/><D106/><U33/><E33/><V49/><F49/><T0/><D0/><U97/><E97/><V108/><F108/><T39/><D50/><U133/><E133/><V68/><F60/><T55/><D55/><U90/><E90/><V69/><F103/><T92/><D105/><U131/><E131/><V44/><F44/><AGARI ba="0,1" hai="37,41,44,46,51,52,61,67,70,86,87,93,94,95" machi="44" ten="40,5200,0" yaku="1,1,52,1,54,1,53,0" doraHai="58" doraHaiUra="84" who="1" fromWho="2" sc="350,0,340,62,350,-52,0,0" /><INIT seed="1,0,0,5,1,80" ten="350,402,298,0" oya="1" hai0="94,3,48,91,60,110,69,102,128,66,126,54,111" hai1="92,120,81,58,46,104,85,72,56,93,95,70,125" hai2="129,116,87,122,114,62,100,71,37,43,118,131,99" hai3=""/><U103/><N who="1" m="30752" /><U65/><E72/><V107/><N who="2" m="31264" /><V35/><F35/><T77/><D3/><U1/><E1/><V113/><F43/><T106/><D128/><N who="2" m="49226" /><F37/><T0/><D0/><U135/><E135/><V121/><N who="2" m="31008" /><V45/><F45/><T53/><D77/><U74/><E74/><V73/><F73/><T88/><D126/><U41/><E125/><V49/><F49/><T40/><D40/><U89/><E104/><V132/><F132/><T2/><D106/><U134/><E103/><V105/><F105/><T124/><D2/><U108/><E134/><V38/><F38/><T42/><D124/><U115/><E115/><N who="2" m="44043" /><F87/><T123/><N who="0" m="31520" /><T127/><D127/><U82/><E46/><V51/><F51/><T83/><D42/><U32/><E32/><V33/><F33/><T86/><D48/><U101/><E41/><V130/><N who="2" m="49234" /><V47/><DORA hai="50" /><F47/><T112/><D112/><U75/><E75/><V57/><F71/><T52/><REACH who="0" step="1"/><D102/><REACH who="0" ten="340,402,298,0" step="2"/><U59/><E101/><V109/><F109/><T96/><AGARI ba="0,1" hai="52,53,54,60,66,69,83,86,88,91,94,96,110,111" m="31520" machi="96" ten="30,18000,4" yaku="1,1,2,1,0,1,52,5,54,2,53,1" doraHai="80,50" doraHaiUra="119,98" who="0" fromWho="0" sc="340,190,402,-120,298,-60,0,0" /><INIT seed="2,0,0,1,1,59" ten="530,282,238,0" oya="2" hai0="60,1,91,83,69,116,122,74,46,33,57,45,96" hai1="124,103,51,62,112,104,56,130,81,90,132,120,50" hai2="102,0,134,135,64,41,75,101,34,2,114,3,123" hai3=""/><V94/><N who="2" m="31520" /><V127/><F34/><T48/><D1/><U115/><N who="1" m="30752" /><U86/><E130/><V110/><F114/><T61/><N who="0" m="31264" /><T80/><D33/><U70/><E132/><N who="2" m="50731" /><F75/><T78/><D116/><U79/><E124/><V82/><F82/><T128/><D128/><U85/><E70/><V117/><F117/><T84/><D96/><U125/><E125/><V38/><F127/><T77/><D91/><U93/><E112/><V121/><N who="2" m="31008" /><V106/><F106/><T68/><D45/><U67/><REACH who="1" step="1"/><E115/><REACH who="1" ten="530,272,238,0" step="2"/><V36/><F110/><T32/><D32/><U133/><E133/><V73/><F73/><T37/><D69/><U44/><E44/><V65/><F41/><T47/><D74/><U35/><E35/><V131/><F131/><T55/><D68/><U105/><E105/><V40/><F40/><T118/><D118/><U126/><E126/><V97/><F102/><T71/><D71/><U72/><E72/><V95/><F95/><T76/><D47/><U42/><E42/><V58/><F58/><T63/><D46/><U98/><AGARI ba="0,1" hai="50,51,56,62,67,79,81,85,86,90,93,98,103,104" m="30752" machi="98" ten="30,6000,1" yaku="1,1,0,1,52,2,53,1" doraHai="59" doraHaiUra="100" who="1" fromWho="1" sc="530,-20,272,70,238,-40,0,0" /><INIT seed="4,0,0,4,5,120" ten="510,342,198,0" oya="0" hai0="72,90,1,100,117,112,64,135,103,75,40,114,94" hai1="44,81,108,59,88,79,70,83,37,2,3,113,87" hai2="0,41,60,78,48,76,66,130,126,46,80,73,127" hai3=""/><T50/><D1/><U109/><E70/><V36/><F0/><T92/><D64/><U49/><E3/><V115/><F130/><T97/><D117/><U106/><E2/><V63/><F115/><N who="0" m="44074" /><D135/><U38/><E106/><V131/><F131/><T65/><D65/><U89/><E113/><V55/><F76/><T122/><N who="0" m="31264" /><T58/><D103/><U42/><E89/><V101/><F101/><T53/><D40/><U32/><E32/><V125/><REACH who="2" step="1"/><F66/><REACH who="2" ten="510,342,188,0" step="2"/><T119/><D119/><U104/><E104/><V133/><F133/><T47/><D47/><AGARI ba="0,1" hai="36,41,46,47,48,55,60,63,73,78,80,125,126,127" machi="47" ten="40,5200,0" yaku="1,1,18,1,53,1" doraHai="120" doraHaiUra="71" who="2" fromWho="0" sc="510,-52,342,0,188,62,0,0" /><INIT seed="5,0,0,5,3,32" ten="458,342,250,0" oya="1" hai0="129,59,66,79,95,62,44,103,83,2,133,78,40" hai1="75,39,108,97,80,71,89,125,60,117,132,64,82" hai2="109,85,48,102,51,134,43,120,105,135,116,119,67" hai3=""/><U131/><E117/><V70/><N who="2" m="30752" /><V35/><F35/><T81/><D2/><U123/><N who="1" m="31520" /><U34/><E34/><V72/><F72/><T69/><D133/><N who="2" m="50698" /><F109/><T111/><D129/><U127/><E132/><V73/><F73/><T65/><D111/><U94/><E108/><V128/><F128/><T47/><D69/><U88/><E131/><V126/><F126/><N who="1" m="48137" /><E39/><V113/><F113/><T42/><D103/><U93/><E75/><V36/><F85/><AGARI ba="0,0" hai="60,64,71,80,82,85,88,89,93,94,97" m="48137,31520" machi="85" ten="30,5800,0" yaku="18,1,52,1,54,1" doraHai="32" who="1" fromWho="2" sc="458,0,342,58,250,-58,0,0" /><INIT seed="5,1,0,5,1,50" ten="458,400,192,0" oya="1" hai0="37,42,125,48,52,111,33,39,41,40,109,77,85" hai1="59,43,68,131,106,102,60,113,89,57,94,93,36" hai2="55,128,51,100,119,81,76,83,129,127,73,66,58" hai3=""/><U62/><E68/><V95/><F119/><T46/><D33/><U71/><E71/><V123/><N who="2" m="31520" /><V101/><F127/><T104/><D104/><U134/><E113/><V75/><F66/><T82/><REACH who="0" step="1"/><D125/><REACH who="0" ten="448,400,192,0" step="2"/><U45/><E106/><V135/><F135/><T118/><D118/><U121/><N who="1" m="31008" /><U112/><E134/><V114/><F114/><T74/><D74/><U54/><E112/><V56/><F95/><T2/><D2/><U87/><E131/><V110/><F110/><AGARI ba="1,1" hai="37,39,40,41,42,46,48,52,77,82,85,109,110,111" machi="110" ten="40,5200,0" yaku="1,1,52,1,54,1,53,0" doraHai="50" doraHaiUra="86" who="0" fromWho="2" sc="448,64,400,0,192,-54,0,0" /><INIT seed="6,0,0,0,1,111" ten="512,400,138,0" oya="2" hai0="40,100,61,86,92,79,101,91,90,59,50,105,58" hai1="83,93,129,37,96,67,38,73,122,98,55,1,51" hai2="2,46,117,42,114,134,57,81,128,78,76,120,63" hai3=""/><V99/><N who="2" m="30752" /><V66/><F2/><T68/><D68/><U130/><N who="1" m="31264" /><U107/><E1/><V106/><F117/><T124/><D124/><U108/><E108/><V72/><F128/><N who="1" m="49257" /><E67/><V104/><F134/><T95/><D79/><U70/><E70/><V126/><F126/><T119/><D105/><U47/><E107/><V64/><F114/><T41/><D119/><U49/><E49/><V33/><F33/><T69/><D69/><U3/><E3/><V53/><F78/><T74/><D74/><U110/><E96/><V94/><F106/><T56/><D50/><U115/><E110/><V43/><F104/><T32/><D32/><U75/><E83/><V34/><F34/><T65/><D65/><U127/><E127/><V35/><F35/><T0/><D0/><U77/><E77/><V36/><REACH who="2" step="1"/><F42/><REACH who="2" ten="512,400,128,0" step="2"/><T123/><N who="0" m="31520" /><T132/><D40/><U133/><E133/><V60/><F60/><T112/><D41/><U121/><N who="1" m="31008" /><U88/><E115/><V62/><F62/><T118/><D132/><U54/><E54/><V102/><AGARI ba="0,1" hai="36,43,46,53,57,63,64,66,72,76,81,94,99,102" m="30752" machi="102" ten="20,8000,1" yaku="1,1,0,1,7,1,52,1,53,1" doraHai="111" doraHaiUra="52" who="2" fromWho="2" sc="512,-40,400,-40,128,90,0,0" /><INIT seed="6,1,0,3,1,69" ten="472,360,218,0" oya="2" hai0="79,96,41,84,117,83,44,125,111,33,67,114,109" hai1="112,127,131,51,95,34,87,53,56,46,99,108,38" hai2="103,54,126,66,85,80,86,101,65,115,118,55,36" hai3=""/><V47/><F118/><T122/><D33/><U32/><E108/><V124/><F115/><T59/><N who="0" m="31264" /><T116/><D114/><U61/><E112/><V120/><N who="2" m="30752" /><V1/><F47/><T105/><D125/><U90/><E127/><V3/><REACH who="2" step="1"/><F80/><REACH who="2" ten="472,360,208,0" step="2"/><T2/><D117/><U88/><E32/><V134/><F134/><T81/><D116/><U93/><E34/><V71/><F71/><T43/><D83/><U63/><E131/><V76/><F76/><T102/><D44/><U45/><E46/><V123/><N who="2" m="31520" /><V57/><F57/><T133/><D133/><U82/><E82/><V106/><F106/><T130/><D130/><U74/><REACH who="1" step="1"/><E74/><REACH who="1" ten="472,350,208,0" step="2"/><V129/><F129/><T49/><D111/><U104/><E104/><V78/><F78/><T97/><D109/><U75/><E75/><V42/><F42/><AGARI ba="1,2" hai="38,42,45,51,53,56,61,63,87,88,90,93,95,99" machi="42" ten="40,5200,0" yaku="1,1,52,1,54,1,53,0" doraHai="69" doraHaiUra="119" who="1" fromWho="2" sc="472,0,350,74,208,-54,0,0" owari="472,43.0,424,2.0,154,-45.0,0,0.0" /></mjloggm>