<mjloggm ver="2.3"><GO type="169" lobby="0"/><UN n0="%E5%8F%A4%E6%9C%AC" n1="%E3%82%A2%E3%83%B3%E3%81%93%E3%81%B3" n2="%E7%AB%B9%E4%BA%95%E4%B9%85%EF%BC%A0%E9%83%A8%E9%95%B7" n3="%E3%83%8B%E3%83%A3%E3%83%83%E3%83%94%E3%83%BC%E5%A4%8F%E7%9B%AE" dan="16,16,16,18" rate="2037.01,2190.50,2164.26,2311.01" sx="M,M,F,M"/><TAIKYOKU oya="0"/><INIT seed="0,0,0,3,0,50" ten="250,250,250,250" oya="0" hai0="99,31,101,103,71,15,11,63,48,111,115,116,17" hai1="36,56,119,79,129,78,89,22,54,34,32,134,109" hai2="85,73,12,13,124,77,128,86,76,96,30,46,16" hai3="133,60,107,66,1,126,122,120,104,35,100,97,39"/><T58/><D116/><U131/><E119/><V14/><F73/><W94/><G39/><T27/><D115/><U44/><E134/><V112/><F112/><W47/><G1/><T9/><D9/><U24/><E109/><V105/><F124/><W4/><G4/><T132/><D132/><U52/><E89/><V38/><F30/><W135/><G35/><T106/><D111/><U82/><E36/><V69/><F69/><W43/><G126/><T33/><D103/><U59/><E44/><V110/><F128/><N who="1" m="49225" /><E59/><V28/><F28/><W72/><G72/><T6/><D48/><U70/><E56/><V118/><F118/><W121/><G47/><T40/><D40/><U53/><E70/><V62/><F62/><W41/><G135/><T90/><D90/><U93/><E93/><V114/><F114/><W108/><G108/><T18/><REACH who="0" step="1"/><D71/><REACH who="0" ten="240,250,250,250" step="2"/><U98/><E98/><V74/><F96/><W42/><G133/><T20/><D20/><U95/><E95/><V83/><F110/><W65/><G60/><T127/><D127/><U113/><E113/><V130/><F130/><W25/><G104/><T3/><D3/><U57/><E57/><V29/><F105/><W7/><G107/><T23/><D23/><U0/><E0/><V68/><F68/><W88/><G100/><T92/><D92/><U19/><E79/><V2/><F76/><W81/><G94/><T45/><D45/><U49/><E49/><V21/><F2/><W8/><G88/><T125/><D125/><U51/><E51/><V123/><F77/><W84/><G43/><T55/><AGARI ba="0,1" hai="6,11,15,17,18,27,31,33,55,58,63,99,101,106" machi="55" ten="20,18000,2" yaku="1,1,5,1,0,1,7,1,52,1,53,1" doraHai="50" doraHaiUra="5" who="0" fromWho="0" sc="240,190,250,-60,250,-60,250,-60" /><INIT seed="0,1,0,1,4,46" ten="430,190,190,190" oya="0" hai0="63,44,86,103,134,26,106,66,67,39,118,129,135" hai1="76,62,2,60,34,111,115,114,122,17,35,132,110" hai2="56,84,29,19,99,18,96,59,0,123,70,57,95" hai3="69,80,91,20,64,133,11,42,68,48,121,5,112"/><T130/><D118/><U109/><E76/><V72/><F123/><W117/><G112/><N who="1" m="43050" /><E122/><V51/><F72/><W126/><G121/><T12/><D86/><U93/><E93/><V33/><F70/><W23/><G117/><T78/><D78/><U94/><E94/><V7/><F0/><W82/><G133/><N who="0" m="50699" /><D12/><U9/><E132/><V25/><F7/><W43/><G126/><T3/><D3/><U49/><E49/><V97/><REACH who="2" step="1"/><F51/><REACH who="2" ten="430,190,180,190" step="2"/><W32/><G69/><T125/><D125/><U45/><E2/><V6/><F6/><W47/><G48/><T85/><D39/><U101/><E109/><V124/><F124/><W127/><G68/><T24/><D63/><U74/><E60/><V8/><F8/><W30/><G11/><T100/><D130/><U50/><E62/><V4/><F4/><W88/><G5/><T120/><D129/><U21/><E74/><V31/><F31/><W28/><G127/><T104/><D120/><U53/><E9/><V40/><F40/><W61/><G61/><T75/><D75/><U89/><E111/><V108/><F108/><W116/><G116/><T1/><D1/><U98/><E110/><V105/><F105/><W73/><G73/><T83/><D67/><U113/><E113/><V65/><F65/><W52/><G64/><T81/><D66/><U131/><E131/><V16/><F16/><W27/><G30/><T71/><D106/><N who="1" m="63799" /><E89/><AGARI ba="1,1" hai="18,19,25,29,33,56,57,59,84,89,95,96,97,99" machi="89" ten="40,5200,0" yaku="1,1,53,2" doraHai="46" doraHaiUra="15" who="2" fromWho="1" sc="430,0,190,-55,180,65,190,0" /><INIT seed="1,0,0,4,2,22" ten="430,135,245,190" oya="1" hai0="52,110,92,127,33,90,37,60,94,98,126,105,43" hai1="109,111,131,34,4,20,59,104,112,133,29,30,85" hai2="18,78,129,113,45,73,8,122,86,128,25,31,48" hai3="107,27,21,6,108,47,77,99,114,66,40,44,55"/><U49/><E112/><V81/><F122/><W12/><G114/><T46/><D105/><U0/><E104/><V102/><F113/><W5/><G108/><N who="1" m="41546" /><E85/><V2/><F102/><W96/><G66/><T83/><D110/><U61/><E131/><V36/><F36/><W17/><G77/><T132/><D132/><U19/><E133/><V117/><F117/><W69/><G69/><T95/><D83/><U64/><E34/><V76/><F76/><W120/><G120/><T116/><D33/><U63/><E49/><V39/><F39/><W65/><G65/><T91/><D116/><U121/><E121/><V13/><F2/><W24/><G107/><T135/><D135/><U101/><E101/><V82/><F82/><W10/><G5/><T125/><D98/><N who="3" m="37417" /><G40/><T32/><D32/><U93/><E93/><V84/><F128/><W26/><G55/><T130/><D130/><U87/><E87/><V97/><F97/><W56/><G56/><AGARI ba="0,0" hai="37,43,46,52,56,60,90,91,92,94,95,125,126,127" machi="56" ten="50,3200,0" yaku="18,1,54,1" doraHai="22" who="0" fromWho="3" sc="430,32,135,0,245,0,190,-32" /><INIT seed="2,0,0,1,3,49" ten="462,135,245,158" oya="2" hai0="64,50,7,3,82,121,91,54,62,80,110,109,63" hai1="73,100,60,68,76,26,107,125,37,52,90,35,84" hai2="69,46,0,129,72,130,98,123,28,2,20,34,21" hai3="112,71,11,33,29,102,43,88,14,85,133,128,9"/><V104/><F72/><W65/><G133/><T61/><D121/><U113/><E113/><V38/><F69/><W17/><G128/><N who="2" m="49257" /><F123/><W41/><G112/><T30/><D64/><U122/><E122/><V13/><F34/><W111/><G111/><N who="0" m="42507" /><D30/><U81/><E68/><V119/><F119/><W4/><G102/><T31/><D31/><U22/><E35/><V124/><F124/><W12/><G29/><T97/><D7/><U131/><E37/><V57/><F57/><W116/><G33/><T47/><D3/><U42/><E42/><N who="2" m="22871" /><F28/><W126/><G126/><T77/><D77/><U101/><E131/><V132/><F132/><W93/><REACH who="3" step="1"/><G116/><REACH who="3" ten="462,135,245,148" step="2"/><T48/><D82/><U15/><E125/><V66/><F104/><W75/><G75/><T44/><D80/><U134/><E107/><V32/><F32/><W16/><G16/><T78/><D78/><U114/><E114/><V99/><F2/><W74/><G74/><T51/><D91/><U6/><E134/><V19/><F0/><W118/><G118/><T94/><D94/><U55/><E76/><V127/><F127/><W83/><G83/><T27/><D97/><N who="2" m="36874" /><F66/><W115/><G115/><T135/><D135/><U58/><E73/><V92/><F92/><W24/><G24/><T1/><D27/><U56/><E26/><V105/><F105/><W36/><G36/><T25/><D25/><U95/><E95/><V96/><F96/><W8/><G8/><AGARI ba="0,1" hai="8,13,19,20,21" m="36874,22871,49257" machi="8" ten="30,1500,0" yaku="19,1" doraHai="49" who="2" fromWho="3" sc="462,0,135,0,245,25,148,-15" /><INIT seed="2,1,0,0,1,128" ten="462,135,270,133" oya="2" hai0="6,62,73,60,115,33,56,40,57,83,114,76,96" hai1="26,27,42,125,5,50,131,17,133,52,38,86,29" hai2="7,1,103,64,18,53,93,80,135,99,105,55,113" hai3="121,45,110,25,126,124,34,70,3,66,100,28,118"/><V32/><F113/><W59/><G118/><T82/><D40/><U78/><E131/><V61/><F32/><W106/><G121/><T94/><D33/><U79/><E125/><N who="3" m="48234" /><G110/><T84/><D6/><U75/><E75/><V98/><F80/><W49/><G59/><T37/><D37/><U109/><E109/><V67/><F67/><W22/><G3/><T20/><D20/><U130/><E130/><V91/><F18/><W102/><G106/><T46/><D46/><U95/><E5/><V41/><F41/><N who="3" m="24751" /><G34/><T107/><D107/><U51/><E38/><V23/><F23/><W68/><G66/><T47/><D47/><U36/><E36/><V112/><F112/><W69/><AGARI ba="1,0" hai="22,25,28,68,69,70,100,102" m="24751,48234" machi="69" ten="40,1500,0" yaku="18,1" doraHai="128" who="3" fromWho="3" sc="462,-5,135,-5,270,-8,133,18" /><INIT seed="3,0,0,5,1,127" ten="457,130,262,151" oya="3" hai0="1,55,18,99,82,38,12,81,118,23,89,105,17" hai1="72,49,21,92,108,48,25,29,11,19,66,84,93" hai2="117,116,134,133,113,30,61,8,131,124,59,77,85" hai3="14,43,128,71,9,73,101,119,102,27,98,41,65"/><W37/><G119/><T104/><D118/><U52/><E72/><V34/><F113/><W53/><G73/><T94/><D1/><U86/><E108/><V35/><F124/><W36/><G53/><T121/><D38/><U130/><E130/><V110/><F110/><W26/><G128/><T70/><D70/><U114/><E114/><V103/><F131/><W10/><G71/><T44/><D121/><U32/><E66/><V135/><F103/><W5/><G65/><T56/><D44/><U111/><E111/><V3/><F77/><W132/><G14/><N who="0" m="9655" /><D105/><U90/><E11/><V64/><F85/><W74/><G74/><T122/><D104/><U39/><E39/><V16/><F3/><W126/><G126/><T120/><D122/><U63/><E32/><N who="2" m="12331" /><F30/><W47/><G47/><T96/><D96/><U33/><E33/><V129/><F129/><W40/><G40/><T67/><D67/><U62/><E29/><V2/><F2/><W51/><G98/><T83/><D120/><U54/><E48/><V13/><AGARI ba="0,0" hai="8,13,16,59,61,64,116,117,133,134,135" m="12331" machi="13" ten="40,2700,0" yaku="20,1,54,1" doraHai="127" who="2" fromWho="2" sc="457,-7,130,-7,262,27,151,-13" /><INIT seed="4,0,0,4,3,45" ten="450,123,289,138" oya="0" hai0="68,29,58,116,77,12,2,64,54,10,14,107,66" hai1="21,11,15,74,51,97,41,18,65,93,72,100,131" hai2="94,86,26,91,24,25,113,22,49,126,44,32,19" hai3="16,76,106,128,57,129,123,33,20,73,6,47,87"/><T9/><D107/><U89/><E131/><N who="3" m="50250" /><G106/><T133/><D116/><U84/><E65/><N who="0" m="25193" /><D68/><U92/><REACH who="1" step="1"/><E11/><REACH who="1" ten="450,113,289,138" step="2"/><V119/><F119/><W117/><G117/><T103/><D9/><U38/><E38/><V61/><F126/><W59/><G123/><T85/><D10/><U120/><E120/><V102/><F113/><W40/><G6/><T79/><D133/><U118/><E118/><V27/><F32/><W95/><G33/><T43/><D2/><U63/><E63/><V112/><F112/><W1/><G1/><T108/><D108/><U46/><AGARI ba="0,1" hai="15,18,21,41,46,51,72,74,84,89,92,93,97,100" machi="46" ten="30,4000,0" yaku="1,1,0,1,52,1,53,0" doraHai="45" doraHaiUra="52" who="1" fromWho="1" sc="450,-20,113,50,289,-10,138,-10" /><INIT seed="5,0,0,4,4,78" ten="430,163,279,128" oya="1" hai0="10,113,8,18,40,42,134,100,102,115,20,116,77" hai1="65,111,81,6,21,101,64,76,39,47,29,52,88" hai2="11,109,121,23,120,62,41,128,53,71,98,84,22" hai3="56,17,70,55,130,83,114,58,16,74,90,124,1"/><U126/><E126/><V46/><F109/><W7/><G70/><T91/><D116/><U79/><E111/><V117/><F117/><W85/><G124/><T127/><D127/><U33/><E33/><V19/><F128/><W80/><G130/><T38/><D91/><U61/><E39/><V27/><F11/><N who="0" m="4138" /><D77/><U96/><E6/><V50/><F98/><W72/><G114/><N who="0" m="43531" /><D134/><U103/><E76/><V0/><F0/><W110/><G110/><T133/><D133/><U31/><E79/><V14/><F84/><N who="3" m="50439" /><G1/><T25/><D38/><U87/><E96/><V54/><F71/><W95/><G74/><T2/><D2/><U92/><E92/><V34/><F34/><W129/><G72/><T97/><D102/><N who="1" m="38923" /><E21/><V63/><F120/><W107/><G107/><AGARI ba="0,0" hai="18,20,25,40,42,97,100,107" m="43531,4138" machi="107" ten="30,1000,0" yaku="15,1" doraHai="78" who="0" fromWho="3" sc="430,10,163,0,279,0,128,-10" /><INIT seed="6,0,0,2,2,48" ten="440,163,279,118" oya="2" hai0="135,61,76,17,104,44,67,29,11,118,46,85,79" hai1="2,27,13,49,38,37,19,26,1,7,54,28,73" hai2="45,75,84,102,70,32,6,59,109,132,106,23,4" hai3="116,35,68,15,86,88,124,93,36,114,87,16,10"/><V129/><F75/><W42/><G116/><T24/><D104/><U20/><E73/><V98/><F70/><W81/><G68/><T53/><D53/><U9/><E1/><V117/><F32/><W33/><G124/><T31/><D31/><U51/><E51/><V100/><F117/><W107/><G107/><T77/><D85/><U112/><E112/><V8/><F129/><W119/><G119/><T25/><D118/><U134/><E134/><V60/><F132/><W64/><G64/><T131/><D135/><U62/><E62/><V74/><F74/><W126/><G126/><T18/><D131/><U91/><E91/><V123/><F123/><W43/><G114/><T80/><D80/><U66/><E66/><V3/><F109/><W47/><REACH who="3" step="1"/><G43/><REACH who="3" ten="440,163,279,108" step="2"/><T115/><D67/><U110/><E110/><V22/><F106/><W21/><G21/><T72/><D115/><U58/><REACH who="1" step="1"/><E26/><REACH who="1" ten="440,153,279,108" step="2"/><V128/><F128/><W120/><G120/><T30/><D25/><U40/><E40/><V94/><F3/><W92/><G92/><T63/><D24/><U130/><E130/><V83/><F94/><W71/><G71/><T78/><D72/><U133/><E133/><V108/><F108/><W103/><G103/><T96/><D63/><U113/><E113/><V97/><F60/><W82/><G82/><T90/><D61/><U99/><E99/><V65/><F97/><W57/><G57/><T111/><D96/><U125/><E125/><V52/><F98/><W50/><G50/><T41/><D111/><U89/><E89/><AGARI ba="0,2" hai="10,15,16,33,35,36,42,47,81,86,87,88,89,93" machi="89" ten="30,7700,0" yaku="1,1,7,1,54,2,53,0" doraHai="48" doraHaiUra="121" who="3" fromWho="1" sc="440,0,153,-77,279,0,108,97" /><INIT seed="7,0,0,2,5,84" ten="440,76,279,205" oya="3" hai0="107,72,44,26,128,18,56,116,87,1,109,16,38" hai1="42,15,17,90,80,93,81,129,6,36,108,23,60" hai2="49,19,132,47,98,113,88,58,74,4,100,46,83" hai3="91,32,33,68,123,52,104,126,118,97,95,131,79"/><W3/><G118/><T127/><D116/><U134/><E108/><V11/><F113/><W34/><G123/><T130/><D1/><U133/><E129/><N who="0" m="49769" /><D127/><U114/><E114/><V21/><F132/><W125/><G131/><T61/><D109/><U78/><E6/><V0/><F58/><W51/><G68/><T111/><D111/><U37/><E37/><V63/><F63/><W86/><G3/><T112/><D72/><U110/><E110/><V135/><F135/><W43/><G43/><N who="0" m="22647" /><D112/><U27/><E42/><V94/><F49/><W121/><G121/><T55/><D107/><U124/><E124/><N who="3" m="47722" /><G79/><T54/><D26/><U39/><E39/><V96/><F74/><W62/><G62/><T57/><D87/><U69/><E36/><V12/><F83/><W31/><G31/><T28/><D28/><U59/><E69/><V66/><F66/><W117/><G117/><T89/><D61/><U75/><E133/><V53/><F53/><W41/><G41/><T9/><D55/><U101/><E134/><V76/><F76/><W103/><G32/><T22/><D54/><U105/><E105/><AGARI ba="0,0" hai="0,4,11,12,19,21,46,47,88,94,96,98,100,105" machi="105" ten="30,3900,0" yaku="7,1,52,1,54,1" doraHai="84" who="2" fromWho="1" sc="440,0,76,-39,279,39,205,0" owari="440,53.0,37,-46.0,318,12.0,205,-19.0" /></mjloggm>