<mjloggm ver="2.3"><GO type="185" lobby="0"/><UN n0="%E5%A4%9A%E6%9E%97%E6%99%8B" n1="%E3%83%9D%E3%82%B1%E3%83%83%E3%83%88" n2="%28%C2%B4%E3%81%B8%CE%B5%E3%81%B8%60%29" n3="" dan="16,16,20,0" rate="2228.58,2211.77,2413.44,1500.00" sx="M,M,M,C"/><TAIKYOKU oya="0"/><INIT seed="0,0,0,2,2,37" ten="350,350,350,0" oya="0" hai0="66,128,84,122,101,39,98,41,118,132,57,45,38" hai1="83,78,93,51,44,85,82,2,115,127,91,61,81" hai2="67,88,49,107,123,125,59,89,48,100,99,110,47" hai3=""/><T79/><N who="0" m="31264" /><T102/><D118/><U87/><E2/><V76/><N who="2" m="31520" /><V60/><F110/><T32/><D32/><U36/><E127/><V121/><N who="2" m="31008" /><V63/><F125/><T69/><D132/><U62/><E36/><V55/><F76/><T42/><D128/><U109/><E109/><V92/><F60/><N who="1" m="23145" /><E115/><V53/><REACH who="2" step="1"/><F107/><REACH who="2" ten="350,350,340,0" step="2"/><T134/><D134/><U126/><E126/><V129/><F129/><T58/><D69/><AGARI ba="0,1" hai="47,48,49,53,55,59,63,67,69,88,89,92,99,100" m="31008,31520" machi="69" ten="30,12000,2" yaku="1,1,7,1,52,2,54,1,53,1" doraHai="37" doraHaiUra="64" who="2" fromWho="0" sc="350,-120,350,0,340,130,0,0" /><INIT seed="1,0,0,5,4,131" ten="230,350,470,0" oya="1" hai0="133,86,96,64,40,76,117,46,87,35,0,48,121" hai1="111,65,108,82,81,2,69,101,73,120,32,68,1" hai2="122,97,93,58,60,113,41,57,123,129,105,89,56" hai3=""/><U79/><N who="1" m="30752" /><U106/><E32/><V59/><N who="2" m="31264" /><V36/><N who="2" m="31520" /><V102/><F129/><T44/><N who="0" m="31008" /><T49/><D35/><U75/><E65/><V115/><F41/><T45/><D117/><U51/><E51/><V54/><REACH who="2" step="1"/><F36/><REACH who="2" ten="230,350,460,0" step="2"/><T34/><D34/><U128/><E128/><V33/><F33/><T42/><D0/><U104/><E79/><V110/><F110/><T116/><D116/><U74/><E73/><V135/><F135/><T62/><D133/><U84/><E84/><AGARI ba="0,1" hai="54,56,57,58,59,60,84,89,93,97,102,105,113,115" m="31520,31264" machi="84" ten="40,5200,0" yaku="1,1,52,2,53,0" doraHai="131" doraHaiUra="77" who="2" fromWho="1" sc="230,0,350,-52,460,62,0,0" /><INIT seed="2,0,0,5,5,76" ten="230,298,522,0" oya="2" hai0="118,124,46,109,96,40,129,91,122,88,57,69,113" hai1="38,99,75,67,87,49,32,77,65,83,128,90,47" hai2="52,34,73,119,92,64,63,71,72,79,3,102,115" hai3=""/><V117/><F115/><T53/><N who="0" m="31264" /><T133/><D118/><U80/><E32/><V78/><F34/><T130/><D113/><U82/><E38/><V36/><F36/><T48/><D69/><U123/><N who="1" m="31520" /><U98/><E128/><N who="0" m="49257" /><D124/><U86/><E65/><V60/><F3/><T112/><D112/><U70/><E67/><V50/><F60/><T85/><D133/><U135/><E70/><V120/><N who="2" m="30752" /><V84/><F72/><T68/><D68/><U111/><E111/><V106/><F106/><T39/><D109/><U121/><N who="1" m="31008" /><U127/><E127/><V43/><F43/><T94/><D85/><U110/><E135/><V33/><F73/><T51/><D91/><U116/><E116/><V41/><F33/><T132/><D132/><U54/><E110/><V37/><F117/><T58/><D58/><U107/><E107/><V104/><F104/><T42/><D40/><U1/><E1/><V100/><F119/><T56/><D56/><U74/><E75/><V81/><F78/><AGARI ba="0,0" hai="47,49,54,74,77,78,80,82,83,86,87,90,98,99" m="31008,31520" machi="78" ten="30,12000,2" yaku="7,1,52,5" doraHai="76" who="1" fromWho="2" sc="230,0,298,120,522,-120,0,0" /><INIT seed="4,0,0,0,5,3" ten="230,418,402,0" oya="0" hai0="92,130,135,91,117,119,60,81,104,52,93,129,61" hai1="132,97,89,37,96,125,46,124,51,109,65,79,44" hai2="120,133,54,59,116,33,84,95,35,66,85,126,105" hai3=""/><T110/><D104/><U47/><E109/><V63/><N who="2" m="30752" /><V86/><F105/><T55/><D110/><U58/><E132/><V106/><F106/><T74/><D74/><U131/><E131/><V75/><F75/><T102/><D81/><U112/><E79/><V49/><F133/><T111/><D111/><U41/><E112/><V118/><F126/><N who="1" m="48745" /><E89/><V68/><REACH who="2" step="1"/><F95/><REACH who="2" ten="230,418,392,0" step="2"/><T53/><D135/><U67/><E37/><V32/><AGARI ba="0,1" hai="32,33,35,49,54,59,63,66,68,84,85,86,116,118" m="30752" machi="32" ten="40,12000,3" yaku="1,1,2,1,0,1,52,4,53,3" doraHai="3" doraHaiUra="0" who="2" fromWho="2" sc="230,-80,418,-40,392,130,0,0" /><INIT seed="5,0,0,3,5,63" ten="150,378,522,0" oya="1" hai0="56,35,73,107,113,61,116,118,2,32,93,95,133" hai1="41,37,39,132,65,110,89,122,124,0,33,36,81" hai2="48,44,106,58,62,94,104,72,1,102,120,134,119" hai3=""/><U131/><N who="1" m="31264" /><U127/><E0/><V112/><N who="2" m="30752" /><V97/><F1/><T114/><D2/><U46/><E33/><V34/><F34/><N who="0" m="12842" /><D107/><U121/><N who="1" m="31008" /><U79/><E132/><V123/><N who="2" m="31520" /><V77/><F119/><N who="0" m="45610" /><D73/><U66/><E89/><V92/><F134/><T91/><D91/><U129/><E110/><V38/><F38/><N who="1" m="14953" /><E81/><V75/><F77/><T86/><D86/><U69/><E79/><V98/><F75/><T126/><D133/><U42/><E42/><V55/><F72/><T68/><D68/><U100/><E100/><V40/><F102/><T64/><D126/><N who="1" m="48171" /><E69/><V59/><F98/><T130/><D130/><AGARI ba="0,0" hai="39,41,46,65,66,129,130,131" m="48171,14953,31008,31264" machi="130" ten="40,24000,3" yaku="19,1,18,1,34,2,52,4" doraHai="63" who="1" fromWho="0" sc="150,-240,378,240,522,0,0,0" owari="-90,-69.0,618,57.0,522,12.0,0,0.0" /></mjloggm>