<mjloggm ver="2.3"><GO type="169" lobby="0"/><UN n0="%E3%81%B5%E3%81%98%E3%81%8B%E3%81%A4" n1="%E3%82%88%E3%81%97%E3%81%8E" n2="%4E%41%4B%41%48%41%52%41" n3="%4D%6F%6E%6F%69%64" dan="16,17,16,16" rate="2174.30,2113.94,2087.79,2158.43" sx="M,M,M,F"/><TAIKYOKU oya="0"/><INIT seed="0,0,0,3,3,126" ten="250,250,250,250" oya="0" hai0="40,20,60,1,108,99,35,21,10,24,58,57,15" hai1="85,100,12,7,33,102,114,135,72,50,37,59,91" hai2="34,67,4,31,103,95,16,71,129,106,87,6,134" hai3="124,127,94,110,82,133,2,66,19,117,51,131,29"/><T43/><D21/><U42/><E72/><V130/><F106/><W17/><G117/><T96/><D35/><U41/><E33/><V118/><F118/><W49/><G2/><T30/><D1/><U73/><E73/><V46/><F134/><W125/><G29/><T45/><D108/><U88/><E135/><V81/><F31/><W93/><G133/><T113/><D113/><U128/><E114/><V109/><F34/><W76/><G66/><T22/><D22/><U27/><E27/><V63/><F109/><W69/><G69/><T121/><D121/><U83/><E91/><V97/><F46/><W89/><G110/><T62/><D45/><U26/><E26/><V28/><F28/><W0/><G0/><T44/><D44/><U68/><E68/><V11/><F16/><N who="3" m="6219" /><G131/><N who="2" m="50185" /><F11/><W101/><G101/><T112/><D112/><U18/><E128/><V90/><AGARI ba="0,0" hai="4,6,63,67,71,81,87,90,95,97,103" m="50185" machi="90" ten="30,7900,0" yaku="19,1,52,3" doraHai="126" who="2" fromWho="2" sc="250,-39,250,-20,250,79,250,-20" /><INIT seed="1,0,0,4,0,70" ten="211,230,329,230" oya="1" hai0="90,134,27,96,105,76,82,111,83,107,129,41,123" hai1="116,37,68,48,14,57,110,23,22,106,97,32,71" hai2="0,124,20,16,130,2,94,8,49,84,45,100,73" hai3="131,44,98,127,120,87,21,46,56,135,91,126,52"/><U93/><E116/><V10/><F73/><W47/><G120/><T86/><D27/><U13/><E32/><V39/><F124/><N who="3" m="47659" /><G131/><T122/><D41/><U102/><E106/><N who="0" m="40457" /><D129/><U43/><E110/><V18/><F130/><W30/><G98/><T61/><D61/><U24/><E68/><V25/><F39/><W26/><G135/><T88/><D111/><U4/><E71/><V35/><F35/><W36/><G36/><T58/><D58/><U5/><E37/><V64/><F64/><W28/><G28/><T69/><D69/><U62/><E13/><V17/><F0/><W51/><G44/><T12/><D12/><U118/><E118/><V104/><F104/><W80/><AGARI ba="0,0" hai="21,26,30,46,47,51,52,56,80,87,91" m="47659" machi="80" ten="30,2000,0" yaku="18,1,54,1" doraHai="70" who="3" fromWho="3" sc="211,-5,230,-10,329,-5,230,20" /><INIT seed="2,0,0,0,3,13" ten="206,220,324,250" oya="2" hai0="126,3,2,36,97,48,101,34,46,122,70,92,29" hai1="134,85,121,31,33,123,113,38,79,22,114,41,37" hai2="1,106,66,87,116,26,61,16,7,91,45,99,5" hai3="127,40,133,4,90,98,103,52,102,130,42,94,18"/><V104/><F116/><W28/><G127/><T118/><D122/><N who="1" m="46603" /><E33/><V17/><F45/><W119/><G119/><T53/><D118/><U77/><E134/><V67/><F26/><W15/><G133/><T75/><D126/><U105/><E105/><V86/><F61/><W50/><G130/><T80/><D70/><U60/><E60/><V11/><F11/><N who="3" m="6527" /><G4/><T73/><D36/><N who="1" m="13931" /><E41/><N who="3" m="15978" /><G28/><T24/><REACH who="0" step="1"/><D80/><REACH who="0" ten="196,220,324,250" step="2"/><U6/><E114/><V32/><F1/><AGARI ba="0,1" hai="1,2,3,24,29,34,46,48,53,73,75,92,97,101" machi="1" ten="40,2600,0" yaku="1,1,2,1,53,0" doraHai="13" doraHaiUra="117" who="0" fromWho="2" sc="196,36,220,0,324,-26,250,0" /><INIT seed="3,0,0,4,2,131" ten="232,220,298,250" oya="3" hai0="4,121,113,107,134,102,122,57,126,65,38,89,87" hai1="86,83,31,103,91,106,66,114,95,62,97,79,124" hai2="93,51,72,68,41,40,23,39,67,71,48,58,112" hai3="24,80,74,49,54,90,35,42,56,135,85,130,76"/><W69/><G69/><N who="2" m="26697" /><F93/><W8/><G130/><T110/><D38/><U105/><E114/><V127/><F23/><W27/><G135/><T6/><D113/><U61/><E124/><V128/><F72/><W77/><G42/><T70/><D126/><U129/><E129/><V47/><F127/><W22/><G8/><T94/><D70/><U12/><E66/><V7/><F7/><W117/><G117/><T123/><D110/><U17/><E31/><V84/><F84/><W75/><G75/><T18/><D134/><U120/><E106/><V60/><F112/><W32/><G77/><T115/><D115/><U52/><E120/><V73/><F73/><W13/><G13/><T78/><D65/><U46/><E105/><V64/><F128/><W133/><G133/><T16/><D57/><U98/><E98/><V14/><F14/><W88/><G27/><T55/><D55/><U1/><E79/><V34/><F34/><W132/><G132/><T45/><D45/><U43/><E1/><V36/><F67/><W25/><G25/><T81/><D4/><U101/><E101/><V111/><F111/><W21/><G21/><T82/><D6/><U0/><E0/><V104/><F104/><W9/><G9/><T116/><D116/><U63/><E17/><V15/><F15/><W53/><G53/><T37/><D37/><N who="2" m="14410" /><F51/><W118/><G118/><T99/><REACH who="0" step="1"/><D82/><REACH who="0" ten="222,220,298,250" step="2"/><U30/><E83/><V26/><F26/><W108/><G108/><T19/><D19/><U11/><E30/><V5/><F5/><W100/><G80/><T28/><D28/><U119/><E119/><RYUUKYOKU ba="0,1" sc="222,15,220,-15,298,15,250,-15" hai0="16,18,78,81,87,89,94,99,102,107,121,122,123" hai2="40,41,47,48,58,60,64" /><INIT seed="4,1,1,0,0,113" ten="237,205,313,235" oya="0" hai0="83,36,87,42,120,40,38,68,65,28,114,34,102" hai1="79,97,71,88,33,39,1,60,76,116,90,10,16" hai2="98,46,84,115,56,130,126,108,107,117,112,78,93" hai3="30,133,31,105,44,15,57,26,48,3,17,131,103"/><T61/><D114/><N who="2" m="43562" /><F56/><W132/><G3/><T50/><D120/><U125/><E33/><V41/><F108/><W69/><G69/><T89/><D102/><U6/><E39/><V55/><F55/><W62/><G131/><T96/><D96/><U5/><E116/><V9/><F130/><W19/><G103/><T86/><D86/><U4/><E125/><V22/><F126/><W11/><G105/><T104/><D104/><U27/><E71/><V111/><F111/><W134/><G19/><T99/><D50/><U75/><E60/><V110/><F110/><W49/><G44/><T80/><D80/><U8/><E75/><V7/><F22/><N who="3" m="15703" /><G31/><T119/><D119/><U82/><E1/><V25/><F25/><W45/><G45/><T52/><D42/><U81/><E97/><V128/><F107/><W95/><G95/><T14/><D40/><U66/><E66/><AGARI ba="1,1" hai="11,15,17,48,49,57,62,66,132,133,134" m="15703" machi="66" ten="30,1000,0" yaku="20,1" doraHai="113" who="3" fromWho="1" sc="237,0,205,-13,313,0,235,23" /><INIT seed="5,0,0,5,2,45" ten="237,192,313,258" oya="1" hai0="57,62,13,43,107,100,72,69,71,81,61,14,103" hai1="15,89,48,79,23,12,99,66,115,36,63,38,29" hai2="58,113,134,65,129,50,121,119,70,52,126,127,74" hai3="30,28,24,27,18,37,78,111,123,85,84,109,25"/><U83/><E115/><V104/><F74/><W41/><G37/><T116/><D116/><U135/><E135/><V39/><F104/><W76/><G41/><T19/><D43/><U3/><E3/><V8/><F119/><W0/><G123/><T60/><D107/><U2/><E2/><V33/><F33/><W1/><G25/><T9/><D72/><U105/><E48/><V21/><F121/><W26/><G27/><T59/><D81/><U16/><E29/><V86/><F39/><W108/><G111/><T114/><D114/><U10/><E89/><V53/><F134/><W93/><G93/><T40/><D40/><U82/><E99/><V92/><F129/><W49/><REACH who="3" step="1"/><G18/><REACH who="3" ten="237,192,313,248" step="2"/><T95/><D95/><U47/><E105/><V128/><F113/><W7/><G7/><N who="0" m="3263" /><D71/><U54/><E38/><V110/><F110/><W80/><G80/><T102/><D69/><U117/><E117/><V98/><F70/><W122/><G122/><T90/><D19/><N who="1" m="8599" /><E79/><V34/><F92/><W77/><G77/><T55/><D90/><U5/><E5/><V56/><F128/><W31/><G31/><T97/><D97/><U67/><E36/><V73/><F98/><W132/><G132/><T101/><D101/><U106/><E106/><V20/><F126/><W6/><G6/><T118/><D118/><U46/><E83/><V11/><F127/><W120/><G120/><T64/><D14/><U35/><E82/><V96/><F96/><W51/><AGARI ba="0,1" hai="0,1,24,26,28,30,49,51,76,78,84,85,108,109" machi="51" ten="25,12000,2" yaku="1,1,0,1,22,2,52,2,53,0" doraHai="45" doraHaiUra="17" who="3" fromWho="3" sc="237,-30,192,-60,313,-30,248,130" /><INIT seed="6,0,0,4,1,39" ten="207,132,283,378" oya="2" hai0="96,11,26,45,93,81,57,89,86,23,7,109,24" hai1="127,110,88,0,119,49,6,123,60,15,103,108,101" hai2="94,78,47,102,133,32,121,69,5,130,44,90,40" hai3="29,9,131,61,135,48,112,58,75,54,4,31,42"/><V38/><F121/><W51/><G75/><T76/><D109/><U65/><E119/><V106/><F130/><W114/><G131/><T122/><D122/><U28/><E123/><V87/><F133/><W17/><G135/><T95/><D95/><U70/><E0/><V16/><F32/><W43/><G17/><T100/><D57/><U115/><E115/><N who="3" m="44074" /><G51/><T8/><D26/><U104/><E127/><V2/><F69/><W126/><G126/><T83/><D7/><U73/><E73/><V80/><F47/><N who="3" m="25727" /><G42/><T19/><D45/><U116/><E116/><V63/><F63/><W64/><G64/><T62/><D62/><U125/><E125/><V14/><F5/><W111/><G111/><T92/><REACH who="0" step="1"/><D83/><REACH who="0" ten="197,132,283,378" step="2"/><U53/><E108/><V99/><F2/><AGARI ba="0,1" hai="2,4,9,29,31,54,58,61" m="25727,44074" machi="2" ten="30,3900,0" yaku="15,1,11,1,52,1" doraHai="39" who="3" fromWho="2" sc="197,0,132,0,283,-39,378,49" /><INIT seed="7,0,0,2,3,88" ten="197,132,244,427" oya="3" hai0="105,21,73,19,69,14,67,63,30,83,25,1,128" hai1="34,121,79,126,62,49,75,101,107,2,120,58,80" hai2="117,9,78,12,22,46,134,96,87,81,57,16,41" hai3="94,90,31,53,18,99,55,70,92,4,95,106,135"/><W26/><G70/><T72/><D128/><U112/><E34/><V45/><F117/><W111/><G106/><T8/><D83/><U82/><E2/><V23/><F134/><W60/><G135/><T116/><D116/><U110/><E110/><V91/><F57/><N who="3" m="34863" /><G111/><T68/><D68/><U33/><E33/><V130/><F130/><W35/><G35/><N who="0" m="20943" /><D105/><U108/><E108/><V29/><F29/><W102/><G4/><AGARI ba="0,0" hai="1,4,8,14,19,21,63,67,69,72,73" m="20943" machi="4" ten="30,1000,0" yaku="24,1" doraHai="88" who="0" fromWho="3" sc="197,10,132,0,244,0,427,-10" owari="207,-19.0,132,-37.0,244,4.0,417,52.0" /></mjloggm>