<mjloggm ver="2.3"><GO type="225" lobby="0"/><UN n0="%E3%81%AB%E3%81%9B%E6%82%9F%E7%A9%BA" n1="%E3%81%93%E3%81%84%E3%82%8F%E3%81%84%E3%82%88%E3%81%A4%E3%81%B0" n2="%E3%83%B4%E3%82%A3%E3%83%AF%E3%82%B3%E3%82%B0%E3%83%8B" n3="%E9%99%A4%E5%90%8D" dan="17,18,16,16" rate="2170.67,2238.92,2127.26,2167.76" sx="M,M,M,M"/><TAIKYOKU oya="0"/><INIT seed="0,0,0,2,4,18" ten="250,250,250,250" oya="0" hai0="13,104,100,127,115,17,62,122,21,56,3,35,125" hai1="79,76,0,55,31,34,133,47,58,23,81,130,15" hai2="19,4,68,114,111,94,113,135,65,67,73,110,14" hai3="92,120,69,107,60,26,48,64,52,12,132,119,88"/><T129/><D122/><U103/><E0/><V38/><F73/><W109/><G119/><T134/><D115/><U1/><E1/><V72/><F72/><W66/><G109/><N who="2" m="41481" /><F38/><W46/><G132/><T131/><D3/><U44/><E130/><N who="0" m="49673" /><D35/><U20/><E133/><V78/><F135/><W59/><G120/><T90/><D134/><U51/><E103/><V45/><F4/><W2/><G2/><T99/><D90/><U71/><E71/><V106/><F106/><W128/><G107/><T126/><D56/><U102/><E102/><V117/><F117/><W6/><G128/><T25/><D62/><U91/><E91/><V108/><F108/><W74/><G74/><T10/><D25/><N who="1" m="16831" /><E34/><V105/><F68/><W98/><G26/><T33/><D33/><U28/><E81/><V30/><F105/><W121/><G121/><T8/><AGARI ba="0,0" hai="8,10,13,17,21,99,100,104,125,126,127" m="49673" machi="8" ten="40,7800,0" yaku="18,1,19,1,52,1" doraHai="18" who="0" fromWho="0" sc="250,78,250,-26,250,-26,250,-26" /><INIT seed="0,1,0,4,5,109" ten="328,224,224,224" oya="0" hai0="15,65,77,69,114,22,12,44,93,108,11,49,119" hai1="60,92,54,99,115,63,21,45,131,25,124,56,118" hai2="47,14,107,4,29,80,135,5,58,6,13,20,130" hai3="42,2,83,33,134,116,85,59,74,48,101,37,7"/><T17/><D119/><U26/><E118/><V117/><F117/><W96/><G116/><RYUUKYOKU type="kaze4" ba="1,0" sc="328,0,224,0,224,0,224,0" /><INIT seed="0,2,0,4,4,20" ten="328,224,224,224" oya="0" hai0="125,26,9,12,6,56,90,120,87,4,16,14,29" hai1="37,115,133,117,105,40,39,85,33,124,31,35,75" hai2="118,63,134,74,69,113,41,42,11,50,81,99,61" hai3="53,5,62,13,8,128,97,47,45,107,68,24,130"/><T73/><D73/><U22/><E105/><V95/><F113/><W49/><G45/><T72/><D72/><U123/><E75/><V91/><F134/><W25/><G68/><T92/><D120/><U98/><E98/><V54/><F118/><W46/><G46/><T66/><D125/><U108/><E85/><V71/><F71/><W38/><G38/><T70/><D70/><U89/><E89/><V94/><F11/><W122/><G62/><N who="2" m="23561" /><F74/><W21/><G122/><T18/><D56/><U65/><E65/><V2/><F2/><W48/><G48/><T79/><D79/><U44/><E39/><V111/><F111/><W126/><G126/><T109/><D66/><U78/><E123/><V82/><F94/><W102/><REACH who="3" step="1"/><G21/><REACH who="3" ten="328,224,224,214" step="2"/><N who="0" m="15567" /><D109/><U1/><E108/><V93/><F69/><W77/><G77/><T0/><D0/><U104/><E78/><V88/><F41/><W110/><G110/><T30/><D30/><U23/><E1/><V121/><F42/><W17/><G17/><T100/><D100/><U83/><E31/><V86/><F121/><W3/><G3/><T34/><D34/><U27/><E124/><V96/><F50/><W19/><G19/><T64/><D64/><U57/><E33/><V119/><F119/><W127/><G127/><T106/><D18/><U51/><E117/><V116/><F116/><W114/><G114/><T43/><D43/><U36/><E115/><V67/><F67/><W80/><G80/><N who="2" m="30825" /><F54/><W28/><G28/><T60/><D60/><U131/><E35/><V101/><F101/><W132/><G132/><T135/><D135/><RYUUKYOKU ba="2,1" sc="328,-15,224,-15,224,15,214,15" hai2="86,88,91,93,95,96,99" hai3="5,8,13,24,25,47,49,53,97,102,107,128,130" /><INIT seed="1,3,1,4,3,73" ten="313,209,239,229" oya="1" hai0="57,121,74,49,30,2,124,50,109,103,89,0,96" hai1="15,128,134,62,78,13,102,48,67,81,4,133,33" hai2="110,5,47,68,130,97,26,55,116,91,76,24,51" hai3="105,7,117,115,70,99,54,35,79,107,37,90,127"/><U41/><E33/><V93/><F116/><W101/><G115/><T84/><D74/><U118/><E118/><V83/><F68/><W106/><G117/><T126/><D30/><U29/><E29/><V120/><F120/><W129/><G35/><T46/><D109/><U88/><E102/><V82/><F110/><W132/><G37/><T87/><D57/><U114/><E114/><V38/><F130/><W60/><G129/><T77/><D77/><U63/><E128/><V53/><F38/><W92/><G132/><N who="1" m="50794" /><E4/><V39/><F39/><W86/><G127/><N who="0" m="48683" /><D121/><U3/><E3/><N who="0" m="1065" /><D89/><U6/><E88/><V135/><F135/><W42/><G7/><T27/><D27/><N who="2" m="10282" /><F5/><W9/><G70/><T108/><D108/><U8/><E67/><V123/><F123/><W34/><G34/><T122/><D122/><U17/><E6/><V100/><F76/><W119/><G79/><T23/><D23/><U66/><E66/><V12/><F12/><W58/><G119/><T113/><D113/><U56/><E13/><V71/><F71/><W25/><G25/><T36/><D36/><U104/><E78/><V31/><F31/><W131/><G131/><T10/><D87/><U22/><E15/><V14/><F14/><W98/><G86/><T61/><D84/><U75/><E22/><V1/><F1/><W21/><G21/><T72/><D72/><U125/><E125/><V85/><F82/><W18/><G9/><T44/><D10/><U94/><E81/><V28/><F28/><W80/><G80/><T19/><D96/><U32/><E8/><V111/><F111/><RYUUKYOKU ba="3,1" sc="313,-10,209,-10,239,30,229,-10" hai2="47,51,53,55,83,85,91,93,97,100" /><INIT seed="2,4,1,4,1,56" ten="303,199,269,219" oya="2" hai0="52,26,95,39,112,107,113,29,11,116,129,102,23" hai1="30,117,70,15,9,41,74,111,80,94,22,122,96" hai2="106,114,18,67,4,20,55,110,13,48,16,45,21" hai3="119,128,6,88,81,12,40,46,92,60,133,3,43"/><V93/><F114/><W0/><G119/><T64/><D107/><U79/><E117/><V14/><F106/><W65/><G128/><T49/><D39/><U51/><E70/><V34/><F34/><W2/><G133/><T132/><D132/><U120/><E111/><V61/><F110/><W66/><G66/><T62/><D129/><U82/><E82/><V84/><F4/><W98/><G81/><T134/><D134/><U44/><E30/><V87/><REACH who="2" step="1"/><F93/><REACH who="2" ten="303,199,259,219" step="2"/><W37/><G40/><T28/><D116/><U5/><REACH who="1" step="1"/><E22/><REACH who="1" ten="303,189,259,219" step="2"/><V17/><F17/><W101/><G6/><T77/><D23/><U42/><E42/><V99/><F99/><W135/><G135/><T97/><D97/><U68/><E68/><AGARI ba="4,3" hai="13,14,16,18,20,21,45,48,55,61,67,68,84,87" machi="68" ten="30,18000,2" yaku="1,1,7,1,9,1,52,1,54,1,53,2" doraHai="56" doraHaiUra="10" who="2" fromWho="1" sc="303,0,189,-192,259,222,219,0" owari="303,10.0,-3,-50.0,481,58.0,219,-18.0" /></mjloggm>