<mjloggm ver="2.3"><GO type="225" lobby="0"/><UN n0="%E7%B6%BE%E9%87%8E%E7%8F%AA%E5%AD%90" n1="%E2%98%85%E3%83%9F%E3%83%BC%E3%82%B3%E2%98%85" n2="%59%4F%55%E5%BE%80%4D%59%E9%80%B2%21" n3="%E5%8F%AF%E5%85%90%E9%82%A3%E7%94%B1%E5%A4%9A" dan="16,17,16,17" rate="2166.00,2236.74,2112.36,2215.08" sx="F,F,M,F"/><TAIKYOKU oya="0"/><INIT seed="0,0,0,1,3,102" ten="250,250,250,250" oya="0" hai0="25,135,117,46,24,14,13,77,71,73,62,74,95" hai1="86,70,68,50,6,93,125,2,90,83,103,113,1" hai2="115,122,23,111,78,87,17,26,63,31,124,52,67" hai3="104,75,120,11,48,119,112,53,56,96,45,69,109"/><T131/><D117/><U76/><E125/><V99/><F99/><W97/><G69/><T7/><D135/><U106/><E113/><V9/><F115/><W39/><G112/><T28/><D131/><U116/><E116/><V4/><F122/><W84/><G119/><T58/><D71/><N who="1" m="27179" /><E50/><V44/><F124/><W101/><G75/><T129/><D129/><U40/><E40/><V118/><F118/><W82/><G120/><T3/><D46/><U0/><E6/><V126/><F126/><W79/><G109/><T18/><D95/><U15/><E15/><V121/><F121/><W33/><G33/><T114/><D114/><U108/><E2/><V88/><F78/><W42/><G96/><T132/><D132/><U85/><E85/><V72/><F72/><W107/><REACH who="3" step="1"/><G11/><REACH who="3" ten="250,250,250,240" step="2"/><T47/><D73/><N who="1" m="43407" /><E108/><V64/><F111/><W80/><G80/><T57/><D74/><U98/><AGARI ba="0,1" hai="0,1,86,90,93,98,103,106" m="43407,27179" machi="98" ten="30,2000,0" yaku="24,1,52,1" doraHai="102" who="1" fromWho="1" sc="250,-10,250,30,250,-5,240,-5" /><INIT seed="1,0,0,3,3,50" ten="240,280,245,235" oya="1" hai0="20,37,100,33,70,116,41,47,125,71,107,7,2" hai1="85,130,53,14,83,25,64,68,80,123,97,91,108" hai2="128,112,69,94,58,134,110,95,30,72,51,82,49" hai3="6,135,22,101,63,111,44,121,119,99,0,109,10"/><U98/><E123/><V9/><F69/><W114/><G121/><T122/><D116/><U23/><E130/><V43/><F128/><W1/><G114/><T57/><D122/><U54/><E108/><N who="3" m="41546" /><G119/><T65/><D125/><U89/><E64/><V35/><F110/><W61/><G0/><T5/><D33/><U124/><E68/><V48/><F112/><W133/><G44/><T120/><D120/><U21/><E124/><V77/><F134/><N who="3" m="51211" /><G22/><N who="1" m="8202" /><E25/><V102/><F43/><W39/><G39/><T90/><D20/><U15/><E80/><V36/><F36/><W87/><G87/><T79/><D2/><U67/><E67/><V8/><F35/><W32/><G32/><T26/><D65/><U126/><E126/><V117/><F117/><W46/><G46/><T55/><D47/><U18/><E18/><V29/><F29/><W103/><G103/><T38/><D100/><U129/><E129/><V4/><F30/><W105/><AGARI ba="0,0" hai="1,6,10,61,63,99,101,105" m="51211,41546" machi="105" ten="30,2000,0" yaku="14,1,20,1" doraHai="50" who="3" fromWho="3" sc="240,-5,280,-10,245,-5,235,20" /><INIT seed="2,0,0,4,1,129" ten="235,270,240,255" oya="2" hai0="28,128,58,85,55,100,39,56,7,110,126,35,133" hai1="48,59,54,25,135,37,31,4,86,96,82,89,66" hai2="63,46,1,90,79,67,109,34,41,118,42,77,44" hai3="113,83,57,19,40,13,36,26,117,49,70,11,81"/><V16/><F118/><W120/><G70/><T121/><D121/><U134/><E37/><V131/><F34/><W5/><G117/><T111/><D39/><U124/><E124/><V23/><F1/><W80/><G120/><T93/><D128/><U73/><E4/><V50/><F131/><W30/><G36/><T53/><D126/><U29/><E73/><V78/><F109/><N who="0" m="41482" /><D7/><U0/><E0/><V12/><F90/><W61/><G113/><T24/><D133/><N who="1" m="50699" /><E25/><V74/><F74/><W38/><G38/><T119/><D119/><U102/><E66/><V116/><F116/><W112/><G5/><T103/><D85/><U106/><AGARI ba="0,0" hai="29,31,48,54,59,82,86,89,96,102,106" m="50699" machi="106" ten="30,7900,0" yaku="20,1,52,3" doraHai="129" who="1" fromWho="1" sc="235,-20,270,79,240,-39,255,-20" /><INIT seed="3,0,0,3,4,87" ten="215,349,201,235" oya="3" hai0="75,109,23,60,24,4,118,129,40,126,2,68,51" hai1="38,55,15,44,76,63,119,97,81,70,34,69,124" hai2="26,8,114,72,116,53,54,85,22,125,135,128,12" hai3="1,56,108,99,96,110,48,86,123,84,61,18,41"/><W27/><G1/><T67/><D75/><U115/><E15/><V98/><F114/><W131/><G123/><T45/><D118/><U33/><E55/><V113/><F116/><W39/><G39/><T52/><D109/><N who="3" m="42089" /><G131/><T62/><D129/><U46/><E46/><V105/><F72/><W5/><G5/><T74/><D74/><N who="1" m="43159" /><E119/><V13/><F113/><W104/><G48/><T79/><D126/><U71/><E63/><V0/><F0/><W106/><G41/><T94/><D79/><U6/><E6/><V100/><F128/><W31/><G18/><T3/><D4/><U130/><E115/><V121/><F121/><W77/><G77/><T117/><D117/><U16/><E16/><V93/><F125/><W132/><G132/><T134/><D134/><U89/><E130/><V47/><F135/><W92/><G99/><T21/><D40/><U36/><E97/><V83/><F105/><W66/><G104/><T11/><D62/><U133/><E133/><V25/><F47/><W90/><G106/><T73/><D73/><U19/><E19/><N who="2" m="8615" /><F12/><W120/><G120/><T59/><D11/><U29/><E124/><V43/><F43/><W10/><G10/><T112/><D112/><U122/><E122/><V28/><F26/><W57/><G56/><T88/><D45/><U103/><E44/><V80/><F80/><W14/><G14/><T101/><D24/><N who="1" m="18599" /><E36/><V82/><F82/><W17/><G17/><T107/><D2/><U91/><E38/><V32/><F32/><AGARI ba="0,0" hai="27,31,32,57,61,66,84,86,90,92,96" m="42089" machi="32" ten="30,5800,0" yaku="14,1,10,1,52,1" doraHai="87" who="3" fromWho="2" sc="215,0,349,0,201,-58,235,58" /><INIT seed="3,1,0,4,5,129" ten="215,349,143,293" oya="3" hai0="114,54,24,132,6,100,4,73,43,42,107,96,135" hai1="17,56,12,72,75,31,1,59,101,104,86,74,111" hai2="110,97,20,37,91,130,77,40,29,70,0,5,66" hai3="115,9,87,120,21,61,105,14,34,45,47,90,3"/><W64/><G34/><T69/><D69/><U65/><E1/><V16/><F130/><W19/><G105/><T108/><D114/><U58/><E111/><V119/><F110/><W25/><G3/><T85/><D108/><U99/><E31/><V48/><F119/><W81/><G120/><T2/><D73/><U60/><REACH who="1" step="1"/><E86/><REACH who="1" ten="215,339,143,293" step="2"/><V57/><F29/><W125/><G115/><T68/><D2/><U23/><AGARI ba="1,1" hai="12,17,23,56,58,59,60,65,72,74,75,99,101,104" machi="23" ten="30,4000,0" yaku="1,1,2,1,0,1,53,0" doraHai="129" doraHaiUra="127" who="1" fromWho="1" sc="215,-11,339,53,143,-11,293,-21" owari="204,-20.0,392,50.0,132,-37.0,272,7.0" /></mjloggm>