<mjloggm ver="2.3"><GO type="169" lobby="0"/><UN n0="%E3%82%B7%E3%83%B3%E3%83%95%E3%82%A9%E3%83%8B%E3%82%A2" n1="%E3%83%87%E3%83%B3%E3%82%A8%E3%83%B3" n2="%E3%83%88%E3%82%B7%E3%83%95%E3%83%BC%E3%83%8B" n3="%6B%61%7A%75%2D" dan="18,17,18,17" rate="2235.09,2185.07,2227.07,2175.85" sx="M,M,M,M"/><TAIKYOKU oya="0"/><INIT seed="0,0,0,1,5,119" ten="250,250,250,250" oya="0" hai0="106,52,104,95,86,108,8,48,33,53,134,102,131" hai1="13,26,114,121,68,92,61,78,105,21,39,135,14" hai2="38,75,41,93,42,35,133,65,115,118,57,31,70" hai3="80,76,27,83,113,60,7,109,74,69,94,101,37"/><T15/><D33/><U110/><E39/><V23/><F118/><W2/><G113/><T45/><D131/><U17/><E105/><V50/><F35/><W56/><G69/><T12/><D134/><U96/><E110/><V18/><F75/><W73/><G37/><T85/><D108/><U103/><E114/><V36/><F31/><W5/><G109/><T125/><D125/><U16/><E135/><V34/><F34/><W6/><G27/><T132/><D132/><U111/><E78/><V112/><F133/><W87/><G2/><T63/><D106/><U51/><E51/><V81/><F81/><N who="3" m="47527" /><G74/><T28/><D104/><U30/><E111/><V10/><F10/><W71/><G71/><T0/><D0/><U124/><E124/><V99/><F38/><W40/><G40/><T77/><D28/><U126/><E126/><V129/><F129/><W62/><G62/><T97/><D77/><U32/><E61/><V20/><F36/><W4/><G4/><T122/><D12/><U19/><E68/><V130/><F70/><W49/><G49/><T98/><D63/><U117/><E117/><V89/><F130/><W91/><G101/><T120/><D53/><U100/><E100/><V25/><F115/><W127/><G73/><T29/><D97/><U128/><E128/><V66/><F112/><W88/><G127/><T116/><D29/><U72/><E72/><V1/><F1/><W43/><G43/><N who="2" m="16393" /><F23/><W9/><G9/><T11/><D11/><U44/><E21/><V55/><F65/><N who="3" m="39047" /><G91/><T24/><D116/><U47/><E32/><V84/><F66/><RYUUKYOKU ba="0,0" sc="250,-15,250,-15,250,15,250,15" hai2="18,20,25,50,55,57,84,89,93,99" hai3="5,6,7,80,83,88,94" /><INIT seed="1,1,0,1,5,63" ten="235,235,265,265" oya="1" hai0="12,69,24,90,53,28,71,77,4,66,38,62,123" hai1="107,36,41,72,8,105,118,65,5,51,45,133,42" hai2="131,16,54,35,31,6,110,112,18,73,56,11,111" hai3="25,84,9,97,13,116,22,89,93,135,100,96,43"/><U128/><E72/><V50/><F73/><W119/><G135/><T60/><D123/><U26/><E118/><N who="3" m="45098" /><G43/><T29/><D38/><U32/><E128/><V64/><F112/><W104/><G9/><T114/><D77/><U15/><E133/><V125/><F125/><W106/><G13/><T3/><D3/><U33/><E42/><V129/><F31/><N who="3" m="17847" /><G97/><T88/><D114/><U101/><E36/><V19/><F35/><W34/><G34/><T70/><D28/><U130/><E130/><N who="2" m="49675" /><F64/><W108/><G108/><N who="2" m="41513" /><F19/><W79/><G79/><T14/><D53/><U103/><E33/><V99/><F99/><W94/><AGARI ba="1,0" hai="84,89,93,94,96,100,104,106" m="17847,45098" machi="94" ten="30,1100,0" yaku="12,1" doraHai="63" who="3" fromWho="3" sc="235,-4,235,-6,265,-4,265,14" /><INIT seed="2,0,0,0,4,5" ten="231,229,261,279" oya="2" hai0="130,29,84,101,12,73,53,64,119,25,132,24,92" hai1="8,96,79,126,35,66,106,40,3,116,81,13,134" hai2="6,67,36,63,50,46,2,70,107,68,37,15,100" hai3="34,124,71,1,32,65,105,135,60,85,129,95,44"/><V103/><F2/><W59/><G105/><T69/><D73/><U48/><E126/><V91/><F91/><N who="3" m="53743" /><G1/><T19/><D130/><U20/><E134/><V72/><F72/><W7/><G71/><T76/><D132/><U41/><E35/><V117/><F117/><W123/><G123/><T14/><D69/><U4/><E66/><V18/><F6/><W9/><G32/><T55/><D64/><U11/><E20/><V21/><F70/><W49/><G34/><T17/><D119/><U80/><E80/><V30/><F30/><W94/><G135/><T82/><D92/><U61/><E61/><V128/><F128/><W121/><G121/><T112/><D101/><U10/><E116/><V109/><F109/><W16/><G94/><T89/><D89/><U31/><E31/><V28/><F28/><W97/><G97/><T122/><D122/><U43/><E3/><V33/><F33/><W47/><G124/><T104/><D104/><U51/><E96/><V39/><REACH who="2" step="1"/><F107/><REACH who="2" ten="231,229,251,279" step="2"/><W26/><G129/><T125/><D125/><U57/><E106/><V113/><F113/><W102/><G102/><T93/><D112/><U99/><E99/><V38/><N who="2" m="9216" /><DORA hai="98" /><V75/><F75/><W74/><G74/><T54/><D29/><U115/><E115/><V83/><F83/><W27/><G7/><T45/><D93/><U87/><E51/><V127/><F127/><W88/><G49/><T108/><D82/><U131/><E131/><V120/><F120/><W52/><G60/><T56/><D108/><U42/><N who="1" m="10240" /><DORA hai="118" /><U111/><E111/><V78/><F78/><RYUUKYOKU ba="0,1" sc="231,-15,229,15,251,15,279,-15" hai1="4,8,10,11,13,48,57,79,81,87" hai2="15,18,21,46,50,63,67,68,100,103" /><INIT seed="2,1,1,3,2,132" ten="216,244,266,264" oya="2" hai0="89,51,121,4,82,7,41,106,96,133,44,58,126" hai1="114,39,81,79,64,100,61,62,43,111,130,27,5" hai2="90,134,127,1,48,66,53,72,116,105,23,22,57" hai3="69,113,118,77,9,73,93,110,102,20,104,123,13"/><V42/><F116/><W65/><G123/><T12/><D121/><U125/><E111/><V80/><F105/><W17/><G17/><T26/><D133/><U112/><E125/><V115/><F134/><W37/><G37/><T0/><D0/><U71/><E130/><V29/><F1/><W98/><G98/><T59/><D106/><U2/><E100/><V95/><F115/><W55/><G55/><T70/><D70/><U49/><E49/><N who="2" m="30895" /><F127/><W33/><G33/><T52/><D126/><U10/><E62/><V119/><F119/><W107/><G107/><T131/><D131/><U86/><E43/><V84/><F72/><W31/><G104/><T35/><D59/><U40/><E40/><V8/><F66/><W32/><G32/><T108/><D108/><U15/><E39/><V46/><F8/><W92/><G65/><T38/><D12/><U11/><REACH who="1" step="1"/><E27/><REACH who="1" ten="216,234,266,264" step="2"/><N who="2" m="16631" /><F23/><W124/><G118/><T103/><D26/><U117/><E117/><V135/><F135/><W109/><G124/><T24/><D24/><U63/><E63/><V91/><F95/><W67/><G93/><N who="0" m="58767" /><D35/><U3/><E3/><V68/><F68/><W85/><G110/><T97/><D38/><U47/><E47/><V129/><F129/><W50/><G69/><T78/><D44/><U19/><AGARI ba="1,2" hai="2,5,10,11,15,19,61,64,71,79,81,86,112,114" machi="19" ten="20,2700,0" yaku="1,1,0,1,7,1,53,0" doraHai="132" doraHaiUra="94" who="1" fromWho="1" sc="216,-8,234,50,266,-14,264,-8" /><INIT seed="3,0,0,2,3,114" ten="208,284,252,256" oya="3" hai0="96,19,59,93,86,30,116,6,14,111,127,69,115" hai1="65,98,4,60,109,122,34,3,31,106,128,35,117" hai2="119,79,61,12,120,51,68,26,97,90,46,82,83" hai3="100,0,43,41,85,62,39,32,29,54,81,58,107"/><W17/><G0/><T8/><D69/><U101/><E109/><V21/><F120/><W53/><G32/><T135/><D111/><U63/><E63/><V49/><F119/><W38/><G29/><T23/><D115/><U25/><E35/><V113/><F113/><W112/><G112/><T121/><D121/><U20/><E20/><V27/><F68/><W44/><G17/><T129/><D129/><U104/><E122/><V36/><F36/><N who="3" m="13867" /><G85/><T33/><D135/><U42/><E42/><N who="3" m="15882" /><G81/><T92/><D127/><U110/><E128/><V72/><F12/><W118/><G100/><T9/><D86/><U95/><E95/><V18/><F26/><W66/><G107/><T64/><D33/><U70/><E106/><V50/><F83/><W99/><G99/><T108/><D108/><U88/><E88/><V130/><F130/><W134/><G134/><T47/><D47/><U67/><E67/><V45/><F90/><W123/><G123/><T74/><D74/><U124/><E110/><V73/><F73/><W71/><G118/><T87/><D116/><U77/><E77/><V22/><F97/><W2/><G2/><N who="0" m="87" /><D87/><U7/><E7/><V78/><F78/><W131/><G131/><T125/><D125/><U56/><E117/><V84/><F72/><W28/><G28/><T13/><D96/><U75/><E124/><V5/><F5/><W57/><G44/><N who="2" m="17001" /><F21/><W76/><G76/><T133/><D133/><U126/><E126/><V24/><F24/><W105/><G105/><T89/><D89/><U91/><E75/><V80/><F80/><W15/><G15/><RYUUKYOKU ba="0,0" sc="208,-15,284,-15,252,15,256,15" hai2="18,22,27,49,50,51,61,79,82,84" hai3="53,54,57,58,62,66,71" /><INIT seed="3,1,0,0,1,51" ten="193,269,267,271" oya="3" hai0="118,2,32,7,85,99,37,58,27,131,61,42,123" hai1="14,8,105,130,11,95,57,116,100,83,91,68,9" hai2="0,129,112,38,80,10,49,40,135,41,75,20,16" hai3="29,108,78,103,46,97,128,110,13,111,74,56,55"/><W70/><G70/><T1/><D118/><U90/><E68/><V26/><F112/><W5/><G128/><T4/><D123/><U113/><E130/><V31/><F129/><W47/><G29/><T94/><D131/><U76/><E113/><V25/><F135/><W23/><G78/><T19/><D85/><U59/><E116/><V101/><F101/><W35/><G35/><T62/><D37/><U64/><E105/><V50/><F38/><W71/><G71/><T6/><D42/><U114/><E114/><V15/><F0/><W52/><G74/><T44/><D44/><N who="3" m="16937" /><G56/><T17/><D32/><U33/><E33/><V132/><F132/><W54/><G23/><T28/><D28/><U48/><E100/><V89/><F41/><W115/><G115/><T36/><D36/><U124/><E124/><V45/><F50/><W77/><G77/><T3/><D27/><U72/><E59/><V107/><F107/><N who="3" m="63983" /><G54/><T63/><D58/><U65/><E14/><V127/><F127/><W133/><G133/><T30/><D30/><U92/><E92/><V134/><F134/><W82/><G82/><T21/><D21/><U106/><E106/><V60/><F26/><W96/><G96/><T53/><D53/><N who="1" m="31911" /><E95/><V34/><F34/><W66/><G66/><N who="1" m="25706" /><E72/><V18/><F75/><W98/><G98/><T122/><D122/><U117/><E117/><V88/><F80/><W104/><G104/><T67/><D67/><U22/><E22/><V102/><F102/><AGARI ba="1,0" hai="1,2,3,4,6,7,17,19,61,62,63,94,99,102" machi="102" ten="50,3200,0" yaku="29,2" doraHai="51" who="0" fromWho="2" sc="193,35,269,0,267,-35,271,0" /><INIT seed="4,0,0,4,3,134" ten="228,269,232,271" oya="0" hai0="35,17,132,3,41,113,82,10,14,108,129,105,111" hai1="57,32,131,127,121,4,99,28,83,94,1,123,48" hai2="27,81,6,37,69,100,44,26,93,11,42,86,97" hai3="135,67,73,120,74,114,106,2,133,126,39,109,65"/><T103/><D103/><U0/><E131/><V53/><F69/><W19/><RYUUKYOKU type="yao9" ba="0,0" sc="228,0,269,0,232,0,271,0" hai3="2,19,39,65,67,73,74,106,109,114,120,126,133,135" /><INIT seed="4,1,0,0,0,4" ten="228,269,232,271" oya="0" hai0="38,30,122,7,118,25,120,17,12,10,62,53,94" hai1="117,112,20,33,82,63,55,60,52,129,16,97,108" hai2="96,72,89,116,11,6,76,115,23,98,78,34,51" hai3="104,103,2,56,26,88,113,110,28,134,35,99,86"/><T66/><D118/><U8/><E108/><V87/><F34/><W135/><G110/><T83/><D38/><U131/><E33/><V22/><F116/><W109/><G109/><T75/><D53/><N who="1" m="20555" /><E117/><V36/><F36/><W27/><G113/><T73/><D94/><U106/><E106/><V37/><F37/><W45/><G45/><T5/><D122/><U29/><E112/><V31/><F115/><W71/><G56/><T79/><D75/><U133/><E97/><N who="2" m="37483" /><F72/><W74/><G74/><T69/><REACH who="0" step="1"/><D120/><REACH who="0" ten="218,269,232,271" step="2"/><U105/><E105/><V90/><F51/><W48/><G48/><T93/><D93/><U84/><E133/><V125/><F125/><W100/><G135/><T50/><D50/><U95/><E95/><N who="2" m="54719" /><F90/><W67/><G134/><T49/><D49/><U132/><E132/><V65/><F65/><W77/><G103/><T80/><D80/><U102/><E102/><V127/><F127/><W0/><G100/><T54/><D54/><U58/><E82/><V119/><F119/><W32/><G104/><T14/><D14/><U39/><E39/><V47/><F47/><W44/><G44/><T41/><D41/><U81/><E81/><V57/><F78/><W40/><G40/><T9/><D9/><U91/><E8/><V1/><F76/><W126/><G126/><T70/><D70/><U107/><E107/><V3/><F3/><N who="3" m="1067" /><G77/><T130/><D130/><U18/><E91/><V111/><F111/><W121/><G121/><T64/><D64/><U128/><E84/><V46/><F46/><W85/><G85/><T19/><D19/><N who="1" m="7211" /><E58/><V114/><F57/><RYUUKYOKU ba="1,1" sc="218,15,269,15,232,-15,271,-15" hai0="5,7,10,12,17,25,30,62,66,69,73,79,83" hai1="20,29,60,63,128,129,131" /><INIT seed="4,2,1,4,0,115" ten="233,284,217,256" oya="0" hai0="9,70,72,41,73,82,29,90,126,99,16,7,10" hai1="30,42,107,4,78,52,114,103,101,17,25,98,33" hai2="26,122,118,124,0,109,89,125,19,28,120,67,110" hai3="14,81,48,106,31,27,134,87,32,8,44,50,131"/><T2/><D70/><U22/><E114/><V11/><F67/><W5/><G106/><T68/><D68/><U83/><E42/><V102/><F102/><W94/><G134/><T13/><D126/><N who="2" m="48746" /><F89/><W36/><G131/><T6/><D29/><U3/><E103/><V60/><F60/><W123/><G123/><N who="2" m="47145" /><F118/><W1/><G94/><T49/><D6/><U62/><E62/><V132/><F132/><W69/><G69/><T57/><D41/><U65/><E65/><V71/><F71/><W43/><G1/><T112/><D112/><U35/><E52/><V40/><F40/><W53/><G53/><T24/><D24/><U95/><E107/><V91/><F91/><AGARI ba="2,1" hai="5,8,14,27,31,32,36,43,44,48,50,81,87,91" machi="91" ten="30,1000,0" yaku="7,1" doraHai="115" who="3" fromWho="2" sc="233,0,284,0,217,-16,256,26" /><INIT seed="5,0,0,2,5,48" ten="233,284,201,282" oya="1" hai0="106,111,59,57,85,4,131,0,83,69,37,60,135" hai1="70,8,53,19,82,86,30,120,64,36,123,89,63" hai2="78,42,126,128,119,14,127,133,40,92,55,26,50" hai3="24,130,51,7,75,129,23,122,6,113,32,84,17"/><U81/><E36/><V3/><F3/><W77/><G75/><T31/><D111/><U101/><E101/><V104/><F104/><W134/><G122/><T9/><D37/><U94/><E30/><V13/><F119/><W72/><G72/><T74/><D74/><U115/><E115/><V107/><F107/><W102/><G102/><T54/><D106/><U20/><E8/><V43/><F78/><W44/><G32/><T61/><D131/><N who="3" m="50185" /><G134/><T27/><D69/><U71/><E71/><V73/><F73/><W109/><G109/><T96/><D96/><U56/><E123/><V38/><F38/><W110/><G110/><T11/><D135/><U99/><E120/><V117/><F117/><W79/><G113/><T80/><D11/><U124/><E124/><V100/><F133/><W112/><G112/><T34/><REACH who="0" step="1"/><D85/><REACH who="0" ten="223,284,201,282" step="2"/><U62/><REACH who="1" step="1"/><E86/><REACH who="1" ten="223,274,201,282" step="2"/><V21/><F128/><W49/><G84/><T105/><D105/><U22/><E22/><V90/><F127/><W68/><G68/><T18/><D18/><U58/><E58/><N who="2" m="33143" /><F126/><W46/><G7/><T35/><D35/><U10/><E10/><V25/><F100/><W16/><G6/><T93/><D93/><U98/><E98/><N who="2" m="57623" /><F21/><W52/><G17/><T29/><D29/><U87/><E87/><V108/><F108/><W97/><G97/><T125/><D125/><U47/><E47/><V121/><F121/><W76/><G76/><T28/><D28/><U2/><E2/><V15/><AGARI ba="0,2" hai="13,14,15,25,26,40,42,43" m="57623,33143" machi="15" ten="30,2000,0" yaku="8,1,52,1" doraHai="48" who="2" fromWho="2" sc="223,-5,274,-10,201,40,282,-5" /><INIT seed="6,0,0,0,2,128" ten="218,264,241,277" oya="2" hai0="111,94,78,110,13,22,55,52,8,66,39,75,50" hai1="12,69,72,26,62,96,35,67,91,85,102,15,34" hai2="64,56,29,106,24,63,33,32,97,3,58,101,18" hai3="83,79,98,84,7,125,112,99,116,54,113,28,9"/><V20/><F3/><W80/><G28/><T92/><D39/><U60/><E60/><V119/><F119/><W77/><G54/><T11/><D66/><U131/><E72/><V40/><F40/><W104/><G9/><T16/><D75/><U10/><E131/><V105/><F105/><W108/><G7/><T17/><D78/><U86/><E91/><V42/><F42/><W88/><G116/><T133/><D133/><U25/><E25/><V132/><F132/><W121/><G121/><T68/><D68/><U45/><E45/><V127/><F127/><W76/><G125/><T81/><D81/><N who="3" m="31305" /><G108/><T53/><D50/><U134/><E134/><V122/><F122/><W6/><G6/><T130/><D130/><U115/><E115/><N who="3" m="44106" /><G104/><T44/><D44/><U37/><E37/><V21/><F58/><W1/><G1/><T135/><D135/><U59/><E10/><V30/><F30/><W0/><G0/><T95/><REACH who="0" step="1"/><D8/><REACH who="0" ten="208,264,241,277" step="2"/><U38/><E38/><V27/><AGARI ba="0,1" hai="18,20,21,24,27,29,32,33,56,63,64,97,101,106" machi="27" ten="20,2100,0" yaku="0,1,7,1" doraHai="128" who="2" fromWho="2" sc="208,-7,264,-7,241,31,277,-7" /><INIT seed="6,1,0,5,1,88" ten="201,257,272,270" oya="2" hai0="123,22,69,109,24,41,11,85,52,7,46,66,59" hai1="117,130,6,86,44,133,116,122,34,45,112,1,94" hai2="134,55,70,84,71,35,60,80,56,18,72,82,90" hai3="124,125,36,5,63,62,14,19,107,40,2,91,119"/><V75/><F35/><W50/><G119/><T42/><D123/><U58/><E34/><V105/><F105/><W121/><G121/><T10/><D109/><U100/><E122/><V97/><F134/><W15/><G107/><T65/><D69/><U53/><E133/><V79/><F75/><W4/><G36/><T48/><D85/><U108/><E108/><V132/><F132/><W61/><G2/><T32/><D32/><U81/><E130/><V16/><F97/><W83/><G50/><T129/><D129/><U9/><E112/><V43/><F43/><W73/><G40/><T12/><D10/><U111/><E111/><V103/><F103/><W128/><G128/><T33/><D33/><U120/><E120/><V54/><F55/><W21/><G15/><T39/><REACH who="0" step="1"/><D41/><REACH who="0" ten="191,257,272,270" step="2"/><U131/><E131/><V29/><F71/><W114/><G114/><T17/><AGARI ba="1,1" hai="7,11,12,17,22,24,39,42,46,48,52,59,65,66" machi="17" ten="20,8000,1" yaku="1,1,2,1,0,1,7,1,54,1,53,0" doraHai="88" doraHaiUra="57" who="0" fromWho="0" sc="191,93,257,-21,272,-41,270,-21" /><INIT seed="7,0,0,2,5,125" ten="284,236,231,249" oya="3" hai0="101,134,34,15,57,110,23,102,59,109,121,19,127" hai1="16,54,135,90,1,12,115,94,103,91,98,83,32" hai2="96,72,112,130,53,106,47,51,7,48,87,39,75" hai3="42,122,33,68,55,11,35,2,13,49,66,133,62"/><W111/><G122/><T80/><D121/><U37/><E1/><V116/><F39/><W10/><G133/><T73/><D34/><U67/><E32/><V17/><F116/><W43/><G111/><T129/><D127/><U86/><E135/><V119/><F119/><W123/><G123/><T56/><D134/><U84/><E37/><V76/><F7/><W70/><G70/><T82/><D129/><U132/><E132/><V60/><F112/><W93/><G11/><T108/><REACH who="0" step="1"/><D80/><REACH who="0" ten="274,236,231,249" step="2"/><U38/><E115/><V120/><F120/><W99/><G33/><T28/><D28/><U128/><E128/><V3/><F130/><W24/><G35/><T8/><D8/><U25/><E83/><N who="2" m="47591" /><F3/><W31/><G2/><T63/><D63/><U58/><E38/><V77/><F60/><W41/><G31/><T36/><D36/><U69/><E69/><V45/><F77/><AGARI ba="0,1" hai="15,19,23,56,57,59,73,77,82,101,102,108,109,110" machi="77" ten="50,1600,0" yaku="1,1,53,0" doraHai="125" doraHaiUra="81" who="0" fromWho="2" sc="274,26,236,0,231,-16,249,0" owari="300,39.0,236,-16.0,215,-28.0,249,5.0" /></mjloggm>