<mjloggm ver="2.3"><GO type="169" lobby="0"/><UN n0="%E5%BD%97%E6%98%9F%E5%85%A5%E3%83%92%E3%82%B3" n1="%63%6C%75%74%63%68%37%33" n2="%E5%BD%A9%E4%BA%AC" n3="%E8%AA%B2%E9%95%B7%E8%A6%96%E9%87%8E%E7%8B%AD%E7%AA%84" dan="16,17,16,16" rate="2128.16,2163.86,2164.04,2090.47" sx="M,M,M,M"/><TAIKYOKU oya="0"/><INIT seed="0,0,0,1,2,79" ten="250,250,250,250" oya="0" hai0="6,131,91,128,102,77,104,93,108,66,88,86,18" hai1="105,132,21,125,122,33,110,124,50,54,25,60,85" hai2="26,58,126,11,68,29,23,118,74,40,94,57,9" hai3="22,70,7,28,59,45,36,65,121,130,106,84,67"/><T69/><D6/><U13/><E122/><V123/><F123/><W107/><G121/><T90/><D69/><U43/><E105/><V103/><F74/><W96/><G70/><T92/><D66/><U20/><E110/><V61/><F126/><N who="1" m="48745" /><E43/><V71/><F40/><W30/><G84/><T115/><D18/><N who="1" m="10319" /><E60/><V55/><F118/><W37/><G7/><T81/><D115/><U89/><E33/><V56/><F71/><W111/><G59/><N who="2" m="22601" /><F68/><W31/><G111/><T24/><D24/><U8/><E8/><V135/><F135/><W82/><G22/><T35/><D35/><U72/><E72/><V10/><F10/><W1/><G31/><T62/><D62/><U129/><E129/><N who="0" m="49737" /><D108/><U3/><E3/><V95/><F95/><W0/><G130/><T27/><D27/><U116/><E116/><V83/><F83/><W53/><G82/><T119/><D119/><U5/><E5/><V114/><F114/><W64/><G1/><T100/><D100/><U120/><E120/><V134/><F134/><W101/><G0/><T34/><D34/><U14/><E25/><V49/><F61/><W15/><G107/><T76/><D76/><U19/><E132/><V63/><F63/><W2/><G2/><T47/><D47/><N who="1" m="27999" /><E89/><N who="0" m="22785" /><T46/><DORA hai="133" /><D46/><U97/><E85/><V32/><F32/><W41/><G106/><T98/><AGARI ba="0,0" hai="77,81,86,92,93,98,102,104" m="22785,49737" machi="98" ten="40,12000,1" yaku="19,1,34,2,52,1,54,1" doraHai="79,133" who="0" fromWho="0" sc="250,120,250,-40,250,-40,250,-40" /><INIT seed="0,1,0,2,5,52" ten="370,210,210,210" oya="0" hai0="65,10,70,20,135,58,126,29,130,43,17,0,59" hai1="123,53,54,51,64,47,48,129,124,30,49,134,57" hai2="44,22,86,95,4,105,108,56,115,77,19,25,63" hai3="112,99,93,116,103,131,66,120,87,84,42,40,88"/><T38/><D126/><U76/><E30/><V109/><F115/><W55/><G112/><T91/><D130/><U33/><E33/><V117/><F117/><W125/><G116/><T50/><D135/><U21/><E123/><V46/><F105/><W3/><G3/><T94/><D29/><U2/><E2/><V9/><F95/><N who="3" m="58879" /><G131/><T80/><D80/><U79/><E129/><V75/><F75/><W72/><G72/><T113/><D113/><U45/><E134/><V111/><F86/><N who="3" m="32811" /><G125/><T106/><D106/><U83/><E124/><V18/><F77/><W127/><G127/><T101/><D101/><U24/><E51/><V97/><F97/><N who="3" m="57511" /><G120/><T14/><D70/><U104/><E104/><V16/><F19/><W133/><G133/><T61/><D38/><U119/><E119/><V35/><F18/><W7/><G66/><T15/><D0/><U98/><E98/><V67/><F35/><W85/><G7/><T26/><D10/><U89/><E89/><V32/><F32/><W69/><G69/><T37/><D37/><U31/><E83/><V122/><F122/><W68/><G68/><T36/><D36/><U110/><E110/><V5/><F5/><W34/><G34/><T114/><D114/><U6/><E6/><V78/><F78/><W118/><G118/><T23/><D23/><U12/><E12/><AGARI ba="1,0" hai="4,9,12,16,22,25,44,46,56,63,67,108,109,111" machi="12" ten="40,5200,0" yaku="14,1,52,1,54,1" doraHai="52" who="2" fromWho="1" sc="370,0,210,-55,210,55,210,0" /><INIT seed="1,0,0,2,3,88" ten="370,155,265,210" oya="1" hai0="113,112,111,132,7,26,123,87,46,27,73,81,102" hai1="110,126,51,36,19,55,29,104,38,47,48,8,22" hai2="83,43,37,106,14,12,33,105,84,56,107,49,98" hai3="13,67,92,9,71,85,109,2,61,28,62,125,133"/><U72/><E104/><V128/><F33/><W65/><G2/><T63/><D111/><U11/><E126/><V80/><F128/><W86/><G125/><T122/><D73/><U90/><E110/><V127/><F127/><W60/><G109/><T119/><D119/><U124/><E124/><V130/><F130/><W77/><G133/><T91/><D132/><U6/><E72/><V93/><F37/><W21/><G77/><T5/><D102/><U20/><E29/><V103/><F83/><W30/><G21/><T89/><D63/><U15/><E38/><V41/><F56/><W0/><G0/><T129/><D129/><U135/><E36/><V100/><F100/><W134/><G134/><T18/><D18/><U17/><E135/><V23/><F23/><W32/><G32/><T101/><D101/><U3/><E19/><V44/><REACH who="2" step="1"/><F43/><REACH who="2" ten="370,155,255,210" step="2"/><W76/><G71/><T31/><D81/><U114/><E114/><V35/><F35/><W1/><G67/><T79/><D113/><U108/><E108/><V34/><F34/><W116/><G65/><T39/><D112/><U64/><E64/><V70/><F70/><W117/><G116/><T42/><D39/><U95/><REACH who="1" step="1"/><E51/><REACH who="1" ten="370,145,255,210" step="2"/><V120/><F120/><W115/><G117/><T66/><D66/><U24/><E24/><V10/><F10/><W74/><G9/><T54/><D26/><U53/><E53/><V40/><F40/><W131/><G115/><T25/><D123/><U78/><E78/><AGARI ba="0,2" hai="12,14,41,44,49,78,80,84,93,98,103,105,106,107" machi="78" ten="40,5200,0" yaku="1,1,52,1,53,1" doraHai="88" doraHaiUra="96" who="2" fromWho="1" sc="370,0,145,-52,255,72,210,0" /><INIT seed="2,0,0,0,1,112" ten="370,93,327,210" oya="2" hai0="5,53,61,47,17,90,69,67,62,44,81,43,99" hai1="55,12,132,98,73,22,27,16,18,50,46,134,11" hai2="91,51,4,31,2,26,60,72,101,94,127,30,100" hai3="128,35,116,79,54,19,23,75,133,124,14,20,84"/><V122/><F122/><W89/><G35/><T42/><D5/><U52/><E73/><V1/><F72/><W70/><G70/><T36/><D17/><U111/><E111/><V117/><F127/><W25/><G124/><T59/><D99/><U135/><E98/><V65/><F51/><W71/><G71/><T82/><REACH who="0" step="1"/><D90/><REACH who="0" ten="360,93,327,210" step="2"/><U110/><REACH who="1" step="1"/><E110/><REACH who="1" ten="360,83,327,210" step="2"/><V80/><F100/><W93/><G89/><T113/><D113/><U123/><E123/><V56/><F91/><W106/><G79/><T104/><D104/><U129/><E129/><V76/><F101/><W3/><G106/><T63/><D63/><U78/><E78/><V83/><F76/><W88/><G128/><T97/><D97/><U15/><E15/><V125/><F2/><W86/><G3/><T108/><D108/><U34/><E34/><V103/><F1/><W96/><G75/><T130/><D130/><U29/><E29/><V0/><F31/><W102/><G88/><T33/><D33/><U39/><E39/><AGARI ba="0,2" hai="36,39,42,43,44,47,53,59,61,62,67,69,81,82" machi="39" ten="30,3900,0" yaku="1,1,7,1,9,1,53,0" doraHai="112" doraHaiUra="105" who="0" fromWho="1" sc="360,59,83,-39,327,0,210,0" /><INIT seed="3,0,0,0,3,106" ten="419,44,327,210" oya="3" hai0="36,67,122,19,32,129,105,125,89,103,25,43,11" hai1="14,120,44,114,29,7,101,77,34,135,96,85,100" hai2="51,52,9,20,70,99,80,57,126,130,45,82,58" hai3="91,49,41,94,15,55,26,28,47,95,108,27,109"/><W62/><G15/><T2/><D122/><U83/><E114/><V117/><F70/><W78/><G78/><T102/><D125/><U72/><E120/><V88/><F117/><W16/><G28/><T0/><D67/><U22/><E135/><V69/><F69/><W74/><G74/><T113/><D113/><U46/><E100/><V39/><F130/><W42/><G27/><T66/><D66/><U6/><E34/><V33/><F33/><W112/><G112/><T17/><D89/><U84/><E7/><V48/><F39/><W37/><G62/><T81/><D81/><N who="2" m="31338" /><F126/><W59/><G42/><T31/><D43/><U35/><E35/><V54/><F9/><W121/><G121/><T98/><D36/><U131/><E131/><V133/><F20/><N who="3" m="13575" /><G91/><T123/><D123/><U124/><E124/><V111/><F133/><W3/><G3/><T116/><D116/><U134/><E134/><V132/><F132/><W128/><G128/><T110/><D129/><U13/><E85/><V53/><F99/><W61/><G37/><T115/><D115/><U97/><E97/><V60/><F88/><W90/><G90/><T18/><D2/><U5/><E72/><V73/><F60/><W76/><G76/><T86/><D86/><U119/><E119/><V38/><F73/><W64/><G41/><T79/><D79/><U63/><E63/><N who="2" m="36263" /><F38/><W68/><G68/><T118/><D118/><U65/><E65/><V24/><F24/><W104/><G104/><T92/><D105/><N who="1" m="63655" /><E5/><V40/><F40/><N who="3" m="24807" /><G64/><T107/><D107/><U75/><E75/><V56/><F45/><RYUUKYOKU ba="0,0" sc="419,-15,44,-15,327,15,210,15" hai2="48,51,53,54,56,58,111" hai3="55,59,61,94,95,108,109" /><INIT seed="3,1,0,4,4,11" ten="404,29,342,225" oya="3" hai0="102,59,128,33,35,133,82,27,29,5,100,57,37" hai1="101,49,21,58,43,34,120,47,50,92,122,117,38" hai2="63,98,9,68,53,93,1,87,3,6,70,107,110" hai3="111,20,17,46,24,131,69,36,121,123,22,114,40"/><W80/><G114/><T74/><D37/><U23/><E34/><V64/><F110/><W89/><G69/><T76/><D128/><U125/><E125/><V30/><F70/><W96/><G131/><T99/><D133/><U45/><E117/><V118/><F118/><W67/><G111/><T88/><D5/><U0/><E0/><V134/><F134/><W55/><G67/><T65/><D35/><U119/><E119/><V62/><F3/><W79/><G55/><T26/><D26/><U71/><E71/><V4/><F4/><W77/><G77/><T31/><D31/><U14/><E38/><V127/><F127/><W81/><G81/><T73/><D73/><U52/><E45/><V105/><F30/><W115/><G115/><T13/><D13/><U18/><REACH who="1" step="1"/><E23/><REACH who="1" ten="404,19,342,225" step="2"/><V130/><F68/><W85/><G22/><T86/><D33/><U66/><E66/><V39/><F64/><W2/><G2/><T106/><D65/><U60/><E60/><V116/><F63/><W126/><G126/><T28/><D59/><U108/><E108/><V97/><F39/><W8/><G36/><T7/><D57/><U78/><E78/><V132/><F116/><W75/><G46/><T10/><D76/><U72/><E72/><V16/><F130/><W41/><G75/><T42/><D74/><U32/><E32/><V51/><F132/><W54/><G79/><T83/><D29/><U113/><E113/><V129/><F129/><W15/><G20/><T135/><D28/><U48/><E48/><V95/><F1/><W104/><G123/><T94/><D135/><RYUUKYOKU ba="1,1" sc="404,-10,19,30,342,-10,225,-10" hai1="14,18,21,43,47,49,50,52,58,92,101,120,122" /><INIT seed="4,2,1,5,1,44" ten="394,49,332,215" oya="0" hai0="109,55,119,12,105,115,108,99,92,50,32,36,127" hai1="77,5,31,86,26,73,17,42,85,113,67,10,4" hai2="69,28,82,102,38,70,123,87,37,83,91,74,134" hai3="39,59,34,125,95,13,130,100,24,131,80,45,71"/><T79/><D36/><U103/><E67/><V57/><F123/><W30/><G71/><T64/><D119/><U126/><E126/><V124/><F102/><W112/><G125/><T75/><D127/><U18/><E103/><V46/><F124/><W43/><G112/><T63/><D32/><U58/><E113/><V7/><F134/><W27/><G13/><T72/><D105/><U2/><E5/><V117/><F117/><W35/><G80/><T56/><D115/><U81/><E58/><V116/><F116/><W132/><G132/><T135/><D135/><U40/><E40/><V84/><F74/><W53/><G100/><T107/><D107/><U60/><E60/><V128/><F7/><W20/><G95/><T21/><D79/><U47/><E85/><V68/><F28/><W98/><G98/><T89/><D12/><U41/><E41/><V94/><F38/><W88/><G88/><T33/><D21/><U104/><E86/><V1/><F87/><W133/><G133/><T3/><D3/><U62/><E62/><V48/><F1/><W118/><G118/><T8/><D8/><U51/><REACH who="1" step="1"/><E104/><REACH who="1" ten="394,39,332,215" step="2"/><V66/><F70/><W29/><G59/><N who="0" m="36991" /><D33/><AGARI ba="2,2" hai="2,4,10,17,18,26,31,33,42,47,51,73,77,81" machi="33" ten="30,3900,0" yaku="1,1,7,1,52,1,53,0" doraHai="44" doraHaiUra="93" who="1" fromWho="0" sc="394,-45,39,65,332,0,215,0" /><INIT seed="5,0,0,3,0,24" ten="349,104,332,215" oya="1" hai0="76,96,72,49,119,123,2,97,91,87,9,106,82" hai1="39,43,83,68,132,95,100,0,32,6,120,5,18" hai2="23,126,10,105,19,75,27,122,80,45,40,52,44" hai3="113,74,33,108,17,12,134,135,42,130,86,34,111"/><U71/><E120/><V31/><F122/><W121/><G74/><T8/><D119/><U128/><E128/><V115/><F105/><W69/><G69/><T48/><D123/><U64/><E132/><N who="3" m="50730" /><G121/><T94/><D96/><U65/><E18/><V41/><F126/><W61/><G42/><N who="2" m="16489" /><F75/><W99/><G130/><T35/><D35/><N who="3" m="13321" /><G99/><T16/><D2/><U70/><E32/><V11/><F115/><W4/><G61/><T3/><D3/><U58/><E95/><V20/><F80/><W93/><G113/><T25/><D8/><N who="2" m="3114" /><F52/><W85/><G4/><T110/><D110/><N who="3" m="42025" /><G93/><T84/><D84/><N who="3" m="32361" /><G17/><T55/><D55/><U15/><E100/><V36/><F36/><W90/><G12/><AGARI ba="0,0" hai="12,19,20,23,27,31,44,45" m="3114,16489" machi="12" ten="30,2000,0" yaku="8,1,52,1" doraHai="24" who="2" fromWho="3" sc="349,0,104,0,332,20,215,-20" /><INIT seed="6,0,0,2,5,64" ten="349,104,352,195" oya="2" hai0="123,10,106,20,130,70,99,129,104,12,128,29,53" hai1="60,84,67,114,133,26,58,103,86,134,117,17,46" hai2="96,54,107,110,44,109,25,94,40,77,1,119,49" hai3="76,8,87,22,18,88,100,63,39,55,68,125,80"/><V14/><F119/><W78/><G39/><T6/><D123/><U135/><E117/><V19/><F1/><W101/><G125/><T126/><D126/><U116/><E116/><V56/><F107/><W66/><G8/><T31/><D70/><U3/><E3/><V37/><F77/><W69/><G69/><T82/><D82/><U91/><E114/><V105/><F105/><W5/><G5/><T35/><D35/><U42/><E103/><V59/><F25/><W15/><G78/><T79/><D79/><U52/><E67/><V90/><REACH who="2" step="1"/><F59/><REACH who="2" ten="349,104,342,195" step="2"/><W0/><G0/><T4/><D106/><U41/><E41/><V11/><AGARI ba="0,1" hai="11,14,19,37,40,44,49,54,56,90,94,96,109,110" machi="11" ten="30,6000,0" yaku="1,1,2,1,0,1,53,0" doraHai="64" doraHaiUra="113" who="2" fromWho="2" sc="349,-20,104,-20,342,70,195,-20" /><INIT seed="6,1,0,0,4,59" ten="329,84,412,175" oya="2" hai0="101,40,16,132,66,103,106,28,70,48,42,31,36" hai1="22,120,131,83,81,104,121,119,10,58,7,18,32" hai2="25,13,122,98,62,4,2,52,80,92,124,133,0" hai3="94,105,30,8,112,75,72,41,123,125,19,87,110"/><V15/><F122/><W60/><G105/><T21/><D36/><U74/><E104/><V128/><F133/><W14/><G123/><N who="1" m="47178" /><E119/><V3/><F80/><N who="1" m="30793" /><E32/><V127/><F128/><W116/><G116/><T53/><D132/><U56/><E74/><V114/><F114/><W76/><G112/><T111/><D111/><U73/><E73/><V55/><F25/><W23/><G75/><T126/><D126/><N who="2" m="48170" /><F4/><W109/><G72/><T63/><D103/><U26/><E131/><V96/><F55/><W24/><G125/><T35/><D35/><U77/><E77/><V33/><F33/><W85/><G41/><T69/><D69/><U34/><E34/><V9/><F9/><W129/><G76/><T29/><D101/><U115/><E115/><V39/><F39/><W95/><G129/><T99/><D99/><N who="2" m="37930" /><F92/><W84/><G109/><T6/><D6/><U37/><E37/><V49/><F49/><W118/><G110/><T64/><D106/><U12/><AGARI ba="1,0" hai="7,10,12,18,22,26,56,58" m="30793,47178" machi="12" ten="30,1100,0" yaku="13,1" doraHai="59" who="1" fromWho="1" sc="329,-4,84,14,412,-6,175,-4" /><INIT seed="7,0,0,0,3,108" ten="325,98,406,171" oya="3" hai0="18,23,43,38,111,66,8,22,1,88,62,105,78" hai1="113,42,9,57,4,123,51,64,29,25,131,100,106" hai2="26,16,134,71,63,36,20,49,53,54,125,77,135" hai3="68,91,24,80,10,76,37,132,81,98,90,121,17"/><W55/><G121/><T69/><D105/><U0/><E123/><V65/><F125/><W33/><G37/><T2/><D111/><U6/><E131/><V46/><F77/><W85/><G68/><T126/><D126/><U89/><E89/><V73/><F73/><W107/><G132/><N who="2" m="50729" /><F36/><W40/><G40/><AGARI ba="0,0" hai="16,20,26,40,46,49,53,54,63,65,71" m="50729" machi="40" ten="30,2000,0" yaku="20,1,54,1" doraHai="108" who="2" fromWho="3" sc="325,0,98,0,406,20,171,-20" owari="325,13.0,98,-40.0,426,52.0,151,-25.0" /></mjloggm>