<mjloggm ver="2.3"><GO type="169" lobby="0"/><UN n0="%61%6E%6C%75%6E" n1="%E4%BD%8E%E3%82%81%E3%82%B9%E3%83%A9%E3%82%A4%E3%83%80%E3%83%BC" n2="%E6%B9%98%E5%8C%97%E2%91%AD%E4%B8%89%E4%BA%95%E5%AF%BF" n3="%E3%81%A8%E3%81%B3%E3%81%BE%E3%81%93" dan="16,16,16,16" rate="2132.39,2159.92,2148.40,2109.95" sx="M,F,M,M"/><TAIKYOKU oya="0"/><INIT seed="0,0,0,2,5,1" ten="250,250,250,250" oya="0" hai0="58,84,109,9,59,37,74,130,107,67,114,55,98" hai1="75,48,70,41,8,76,95,0,101,73,7,29,91" hai2="126,20,13,51,118,44,82,47,85,132,135,89,124" hai3="102,113,63,35,17,30,133,129,36,125,92,61,131"/><T10/><D114/><U21/><E70/><V99/><F118/><W110/><G110/><T88/><D74/><U62/><E101/><V31/><F99/><N who="3" m="59751" /><G113/><T15/><D37/><U43/><E43/><V108/><F108/><W134/><G36/><T94/><D109/><U116/><E116/><V46/><F51/><W12/><G30/><T96/><D10/><U52/><E41/><V26/><REACH who="2" step="1"/><F13/><REACH who="2" ten="250,250,240,250" step="2"/><W72/><G72/><T127/><D107/><U80/><E75/><V115/><F115/><W4/><G35/><T123/><D123/><U57/><E48/><V14/><F14/><W16/><G4/><N who="0" m="3495" /><D98/><U128/><E0/><V60/><F60/><N who="3" m="23115" /><G12/><T50/><D96/><U111/><E111/><V54/><F54/><W5/><G5/><T90/><D67/><U122/><E122/><V117/><F117/><W106/><G106/><T103/><D55/><U38/><E38/><V83/><F83/><W77/><G17/><T65/><D65/><U24/><E7/><V120/><F120/><W6/><G16/><T79/><D50/><U100/><E8/><V119/><F119/><W81/><G6/><T56/><D127/><AGARI ba="0,1" hai="20,26,31,44,46,47,82,85,89,124,126,127,132,135" machi="127" ten="40,2600,0" yaku="1,1,18,1,53,0" doraHai="1" doraHaiUra="11" who="2" fromWho="0" sc="250,-26,250,0,240,36,250,0" /><INIT seed="1,0,0,4,2,3" ten="224,250,276,250" oya="1" hai0="101,19,91,1,79,13,9,115,65,83,106,121,135" hai1="127,69,109,124,119,88,27,7,20,100,61,56,51" hai2="66,14,33,50,103,98,95,38,107,85,94,2,64" hai3="30,10,26,45,110,86,24,68,22,48,52,54,53"/><U17/><E119/><V108/><F2/><W49/><G110/><T80/><D115/><U25/><E109/><V8/><F38/><W92/><G68/><T59/><D135/><U43/><E100/><V104/><F33/><W15/><G24/><T93/><D121/><U126/><E69/><V5/><F108/><W112/><G112/><T70/><D70/><U132/><E132/><V77/><F107/><W118/><G118/><T35/><D35/><U128/><E128/><V78/><F104/><W87/><G92/><T113/><D113/><U6/><E27/><V133/><F133/><W114/><G114/><T125/><D125/><U134/><E134/><V117/><F117/><W29/><G29/><T96/><D1/><U32/><E32/><V62/><F62/><W89/><G89/><T111/><D111/><U72/><E72/><V16/><F77/><W31/><G31/><T123/><D123/><U130/><E130/><V97/><F50/><N who="3" m="19563" /><G45/><T37/><D37/><U105/><E105/><V71/><F71/><W81/><G81/><T58/><D65/><N who="1" m="39079" /><E88/><N who="2" m="55527" /><F66/><W18/><AGARI ba="0,0" hai="10,15,18,22,26,30,52,53,54,86,87" m="19563" machi="18" ten="30,2000,0" yaku="8,1,54,1" doraHai="3" who="3" fromWho="3" sc="224,-5,250,-10,276,-5,250,20" /><INIT seed="2,0,0,1,4,31" ten="219,240,271,270" oya="2" hai0="46,79,45,118,90,62,55,97,10,60,75,28,42" hai1="23,63,21,81,66,112,102,110,96,85,25,22,120" hai2="92,15,32,29,74,80,83,98,48,27,38,4,11" hai3="6,101,57,70,122,78,86,134,35,117,105,91,93"/><V131/><F38/><W52/><G70/><T44/><D118/><U47/><E110/><V12/><F131/><W123/><G117/><T130/><D130/><U99/><E112/><V17/><F74/><W14/><G35/><T37/><D28/><U87/><E120/><V7/><F48/><W65/><G65/><T77/><D75/><U0/><E0/><V2/><F15/><W54/><G54/><T76/><D10/><U114/><E114/><V24/><F24/><W5/><G134/><T94/><D55/><U82/><E47/><V71/><F71/><W89/><G78/><T115/><D115/><U128/><E128/><V43/><F43/><W84/><G101/><T20/><D20/><U103/><E25/><V53/><F53/><W1/><G105/><T36/><D46/><U8/><E8/><V121/><F121/><W129/><G14/><T18/><D18/><U95/><E63/><V67/><F67/><W51/><G129/><T111/><D111/><U109/><E66/><V30/><F30/><W61/><G61/><T59/><D59/><U106/><E109/><V88/><F7/><N who="3" m="2571" /><G1/><T125/><D125/><U64/><E64/><V9/><AGARI ba="0,0" hai="2,4,9,11,12,17,27,29,32,80,83,88,92,98" machi="9" ten="20,7800,0" yaku="0,1,7,1,52,1,54,1" doraHai="31" who="2" fromWho="2" sc="219,-26,240,-26,271,78,270,-26" /><INIT seed="2,1,0,4,0,86" ten="193,214,349,244" oya="2" hai0="6,55,109,101,2,15,128,29,106,132,23,17,81" hai1="70,115,91,96,118,117,87,59,26,56,73,102,116" hai2="65,21,100,122,38,18,60,97,67,78,107,0,84" hai3="74,90,54,47,110,79,35,62,1,80,72,53,104"/><V7/><F38/><W52/><G110/><T121/><D121/><U50/><E115/><V88/><F122/><W48/><G104/><T34/><D109/><U3/><E70/><V33/><F33/><W64/><G35/><T99/><D132/><U63/><E73/><V92/><F78/><W16/><G1/><T19/><D19/><U129/><E3/><V119/><F119/><W134/><G134/><T10/><D81/><U93/><E129/><V8/><REACH who="2" step="1"/><F60/><REACH who="2" ten="193,214,339,244" step="2"/><W112/><G112/><T22/><D128/><U98/><E63/><V123/><F123/><W71/><G72/><T68/><D68/><U113/><E113/><V89/><F89/><W103/><G103/><T40/><D34/><U25/><E117/><V125/><F125/><W28/><G28/><T108/><D29/><U46/><E118/><V9/><F9/><W111/><G111/><T43/><D108/><U130/><E102/><V5/><F5/><W57/><G71/><T83/><D23/><U11/><E11/><V95/><F95/><W61/><G62/><T24/><D83/><U105/><E130/><V49/><F49/><W77/><G77/><T31/><D31/><U20/><E116/><V41/><F41/><W37/><G37/><T94/><D94/><U42/><E105/><V12/><AGARI ba="1,1" hai="0,7,8,12,18,21,65,67,84,88,92,97,100,107" machi="12" ten="20,18000,2" yaku="1,1,0,1,7,1,52,1,54,1,53,1" doraHai="86" doraHaiUra="14" who="2" fromWho="2" sc="193,-61,214,-61,339,193,244,-61" /><INIT seed="2,2,0,2,0,127" ten="132,153,532,183" oya="2" hai0="25,105,103,77,37,1,73,38,39,5,52,115,134" hai1="65,101,135,50,41,31,86,24,79,51,4,121,93" hai2="125,131,129,110,116,11,70,58,90,49,46,27,67" hai3="92,45,87,8,32,62,29,75,106,63,0,109,48"/><V64/><F116/><W84/><G75/><T33/><D115/><U69/><E135/><V81/><F125/><W59/><G106/><T132/><D52/><U120/><E4/><V15/><F110/><W107/><G107/><T61/><D61/><U113/><E113/><V118/><F70/><W98/><G109/><T2/><D5/><U126/><E126/><V119/><F27/><W19/><G29/><N who="0" m="19631" /><D77/><U130/><E69/><V6/><F90/><W78/><G32/><T35/><D35/><U122/><E65/><N who="2" m="25163" /><F58/><W21/><G0/><N who="0" m="107" /><D73/><U9/><E122/><V112/><F81/><N who="3" m="47159" /><G8/><T40/><D40/><U133/><E121/><V18/><F6/><W12/><G87/><T47/><D47/><U7/><E86/><V22/><F11/><W55/><G59/><T95/><D95/><U28/><E93/><V60/><F60/><W26/><G26/><T30/><D30/><U85/><E24/><V54/><F112/><W36/><G36/><T89/><D89/><AGARI ba="2,0" hai="12,19,21,45,48,55,62,63,89,92,98" m="47159" machi="89" ten="30,1000,0" yaku="8,1" doraHai="127" who="3" fromWho="0" sc="132,-16,153,0,532,0,183,16" /><INIT seed="3,0,0,2,0,95" ten="116,153,532,199" oya="3" hai0="134,89,30,57,2,109,18,61,60,117,39,4,52" hai1="82,26,15,116,37,41,75,34,88,59,73,14,16" hai2="91,49,126,129,125,85,83,76,81,99,64,29,69" hai3="79,17,22,13,119,1,65,122,123,12,38,58,44"/><W77/><G119/><T56/><D117/><U48/><E116/><V72/><F29/><W84/><G1/><T67/><D39/><U9/><E37/><V63/><F129/><W105/><G105/><T133/><D30/><U11/><E34/><V71/><F49/><W51/><G38/><T132/><D18/><U19/><E26/><V112/><F112/><W3/><G3/><T86/><D2/><U54/><E41/><V111/><F111/><W47/><G13/><T33/><D33/><U68/><E68/><V10/><F10/><W107/><G107/><T113/><D4/><U106/><E106/><V32/><F32/><W66/><G47/><T110/><REACH who="0" step="1"/><D113/><REACH who="0" ten="106,153,532,199" step="2"/><U24/><E24/><V25/><F25/><W90/><G123/><T93/><AGARI ba="0,1" hai="52,56,57,60,61,67,86,89,93,109,110,132,133,134" machi="93" ten="40,8000,1" yaku="1,1,2,1,0,1,20,1,54,1,53,0" doraHai="95" doraHaiUra="97" who="0" fromWho="0" sc="106,90,153,-20,532,-20,199,-40" /><INIT seed="4,0,0,1,4,29" ten="196,133,512,159" oya="0" hai0="45,105,19,50,32,76,9,2,121,41,57,31,62" hai1="13,116,4,37,40,18,78,5,25,111,132,91,58" hai2="44,108,131,73,39,11,55,86,74,82,65,84,24" hai3="46,3,134,103,71,104,99,22,27,87,107,7,26"/><T6/><D121/><U85/><E111/><V30/><F131/><W77/><G134/><T88/><D105/><U66/><E132/><V89/><F108/><W106/><G71/><T119/><D119/><U90/><E116/><V69/><F69/><W109/><G109/><T115/><D115/><U17/><E78/><V81/><F65/><W33/><G46/><T59/><D76/><U8/><E40/><V79/><F11/><W49/><G49/><T118/><D118/><U68/><E68/><V112/><F112/><W28/><G7/><T98/><D19/><U130/><E37/><V80/><F80/><W97/><G3/><T60/><D60/><N who="1" m="38167" /><E130/><V113/><F113/><W129/><G129/><T72/><D72/><U110/><E110/><V127/><F127/><W123/><G123/><T133/><D133/><U15/><E25/><V34/><F55/><W0/><G0/><T100/><D59/><U135/><E91/><V75/><F44/><W52/><G52/><T95/><D100/><U54/><E54/><V42/><F42/><W38/><G38/><T12/><D2/><U1/><E1/><V102/><F102/><W10/><G103/><T48/><D48/><U92/><E135/><V64/><F64/><W114/><G114/><T96/><D57/><U125/><E125/><V122/><F39/><W61/><G61/><T23/><D62/><U35/><E35/><V16/><F122/><W63/><G63/><T56/><D56/><U70/><E70/><V47/><F47/><W67/><G67/><T101/><D32/><U94/><E94/><V93/><F93/><RYUUKYOKU ba="0,0" sc="196,-15,133,15,512,15,159,-15" hai1="4,5,8,13,15,17,18,85,90,92" hai2="16,24,30,34,73,74,75,79,81,82,84,86,89" /><INIT seed="5,1,0,3,1,0" ten="181,148,527,144" oya="1" hai0="29,20,89,46,95,32,70,105,18,62,125,98,68" hai1="88,121,23,63,92,123,85,87,35,25,45,130,86" hai2="2,134,64,58,1,94,108,9,76,10,118,99,97" hai3="82,42,47,116,109,43,53,83,129,59,11,104,103"/><U131/><E35/><V112/><F118/><W52/><G109/><T28/><D125/><U57/><E45/><V128/><F76/><W6/><G116/><T73/><D73/><U84/><E123/><V96/><F108/><W75/><G129/><N who="1" m="49162" /><E121/><V135/><F128/><W120/><G120/><T106/><D32/><U126/><E126/><V14/><F112/><W26/><G26/><T117/><D117/><U48/><E48/><V54/><F64/><W13/><G103/><T8/><D46/><U114/><E114/><V100/><F2/><W122/><G104/><T7/><D106/><U50/><E50/><N who="2" m="31063" /><F1/><W60/><G122/><T90/><D105/><U56/><E63/><V77/><F77/><W71/><G71/><T101/><D70/><U113/><E113/><V40/><F40/><N who="3" m="15403" /><G75/><T124/><D124/><U110/><E110/><V55/><F55/><N who="3" m="21067" /><G47/><T27/><D68/><U133/><E133/><N who="2" m="50699" /><F10/><W69/><G69/><T111/><D111/><U33/><E33/><V79/><F79/><W132/><G132/><T22/><D62/><U44/><E44/><V34/><F34/><W41/><N who="3" m="15411" /><W65/><AGARI ba="1,0" hai="6,11,13,59,60,65,82,83" m="21067,15411" machi="65" ten="40,8000,1" yaku="4,1,8,1,52,1,54,1" doraHai="0" who="3" fromWho="3" sc="181,-21,148,-41,527,-21,144,83" /><INIT seed="6,0,0,2,5,52" ten="160,107,506,227" oya="2" hai0="88,14,31,127,63,72,80,92,4,17,132,135,115" hai1="13,130,32,47,69,128,27,33,26,60,55,37,116" hai2="39,89,10,59,30,54,82,15,76,96,46,108,104" hai3="42,23,48,79,19,51,62,56,109,25,11,99,73"/><V103/><F108/><W94/><G109/><T134/><D115/><U112/><E116/><V91/><F30/><W106/><G106/><T67/><D31/><U125/><E112/><V93/><F46/><W28/><G73/><T101/><D101/><U34/><E125/><V74/><F39/><W78/><G11/><T24/><D24/><U57/><E13/><V6/><REACH who="2" step="1"/><F104/><REACH who="2" ten="160,107,496,227" step="2"/><W50/><G28/><T9/><D127/><U117/><E117/><V113/><F113/><W75/><G42/><T133/><D133/><U53/><E37/><V64/><F64/><N who="3" m="38983" /><G75/><T70/><D72/><U118/><E118/><V120/><F120/><W1/><G1/><T121/><D121/><U29/><E29/><V43/><F43/><W119/><G119/><T105/><D105/><U61/><E34/><V2/><F2/><W58/><G78/><T111/><D111/><U98/><E33/><V12/><F12/><W86/><G79/><T85/><D4/><U5/><E5/><V124/><F124/><W45/><G45/><T68/><D68/><U95/><E32/><V102/><F102/><N who="3" m="60791" /><G86/><T40/><D40/><U49/><E27/><V107/><F107/><W8/><G58/><T66/><D67/><N who="1" m="41199" /><E26/><V97/><F97/><W35/><G35/><T129/><D135/><U71/><E71/><V100/><F100/><W7/><G7/><T122/><D134/><U77/><E77/><V87/><F87/><W22/><G25/><T20/><D122/><U41/><E41/><V110/><F110/><W3/><G3/><T131/><D132/><U65/><E65/><V126/><F126/><RYUUKYOKU ba="0,1" sc="160,-30,107,10,496,10,227,10" hai1="47,49,53,55,57,60,95,98,128,130" hai2="6,10,15,54,59,74,76,82,89,91,93,96,103" hai3="8,19,22,23,48,50,51" /><INIT seed="6,1,1,1,5,44" ten="130,117,506,237" oya="2" hai0="31,70,96,42,17,79,105,39,6,86,7,28,73" hai1="10,125,11,94,64,56,40,53,65,118,89,113,51" hai2="92,102,99,61,49,24,54,34,110,117,12,115,98" hai3="74,127,19,83,26,114,27,22,46,58,100,106,3"/><V4/><F117/><W85/><G74/><T30/><D70/><U97/><E125/><V20/><F115/><W133/><G127/><T104/><D73/><U90/><E113/><V95/><F110/><W93/><G114/><T75/><D75/><U25/><E118/><V72/><F72/><W43/><G106/><T13/><D39/><U0/><E0/><V1/><F1/><W123/><G3/><T23/><D42/><U21/><E40/><V122/><F34/><W107/><G107/><T32/><D32/><U55/><E90/><V47/><F122/><W129/><G133/><T76/><D105/><U8/><REACH who="1" step="1"/><E55/><REACH who="1" ten="130,107,506,237" step="2"/><V41/><F41/><W126/><G43/><T78/><D104/><U57/><E57/><V128/><F128/><W112/><G58/><T14/><D79/><U80/><E80/><V84/><F54/><W134/><G83/><N who="0" m="47463" /><D78/><U16/><AGARI ba="1,2" hai="8,10,11,16,21,25,51,53,56,64,65,89,94,97" machi="16" ten="30,8000,1" yaku="1,1,0,1,8,1,52,1,54,1,53,0" doraHai="44" doraHaiUra="29" who="1" fromWho="1" sc="130,-21,107,103,506,-41,237,-21" /><INIT seed="7,0,0,5,3,129" ten="109,210,465,216" oya="3" hai0="48,108,39,110,5,65,2,60,101,21,119,42,121" hai1="131,17,128,86,40,51,25,31,19,97,76,71,58" hai2="82,54,114,104,16,26,14,36,105,123,0,33,124" hai3="92,96,103,112,22,69,8,89,118,57,122,12,43"/><W68/><G118/><T1/><D119/><U20/><E71/><V127/><F0/><W78/><G112/><T72/><D121/><U35/><E97/><V106/><F36/><W15/><G122/><T18/><D101/><U115/><E115/><V38/><F38/><W6/><G78/><T125/><D125/><N who="2" m="48202" /><F114/><W44/><G57/><T52/><D72/><U59/><E131/><V87/><F123/><W102/><G69/><T27/><D5/><U109/><E109/><V28/><F54/><W37/><G68/><T3/><D42/><U120/><E120/><V67/><F67/><W7/><G22/><T66/><D39/><U32/><E32/><V56/><F56/><N who="1" m="21545" /><E35/><V45/><F45/><W85/><G96/><T134/><D60/><U10/><E10/><AGARI ba="0,0" hai="6,7,8,10,12,15,37,43,44,85,89,92,102,103" machi="10" ten="40,2000,0" yaku="9,1" doraHai="129" who="3" fromWho="1" sc="109,0,210,-20,465,0,216,20" /><INIT seed="7,1,0,2,0,45" ten="109,190,465,236" oya="3" hai0="50,43,121,24,35,31,91,4,2,125,13,62,98" hai1="48,119,89,122,126,55,67,105,52,116,64,5,99" hai2="112,17,32,10,21,9,84,56,107,25,102,123,78" hai3="40,114,15,28,96,93,36,18,120,20,66,12,57"/><W68/><G68/><T69/><D121/><U3/><E126/><V104/><F112/><W65/><G120/><T97/><D125/><U103/><E122/><V124/><F124/><W44/><G114/><T58/><D69/><U70/><E55/><V109/><F109/><W74/><G74/><T26/><D26/><U7/><E89/><V135/><F135/><W19/><G57/><T92/><D2/><U73/><E73/><V14/><F123/><W79/><G28/><T37/><D37/><U71/><E71/><V33/><F107/><W101/><G79/><T23/><D35/><U117/><E3/><V111/><F111/><W83/><G83/><T130/><D130/><U22/><E22/><AGARI ba="1,0" hai="12,15,18,19,20,22,36,40,44,65,66,93,96,101" machi="22" ten="30,2900,0" yaku="7,1,9,1" doraHai="45" who="3" fromWho="1" sc="109,0,190,-32,465,0,236,32" /><INIT seed="7,2,0,3,1,95" ten="109,158,465,268" oya="3" hai0="105,112,41,49,124,102,134,73,30,18,23,11,135" hai1="78,116,132,97,48,129,121,40,96,133,77,99,54" hai2="42,14,35,75,25,114,57,16,31,104,65,62,122" hai3="0,1,53,26,47,131,79,127,106,107,20,10,101"/><W128/><G79/><N who="1" m="30218" /><E121/><V15/><F114/><W29/><G127/><T108/><D73/><U61/><E129/><N who="3" m="49738" /><G101/><T123/><D108/><U63/><E40/><V111/><F111/><W126/><G126/><T72/><D72/><U118/><E48/><V37/><F75/><W130/><N who="3" m="49746" /><W8/><DORA hai="21" /><G47/><T7/><D123/><U100/><E100/><V74/><F74/><W103/><G53/><T46/><D124/><U45/><E45/><V82/><F104/><N who="3" m="39979" /><G103/><T70/><D112/><U87/><E87/><V90/><F122/><W98/><G98/><N who="1" m="25090" /><U94/><DORA hai="117" /><E94/><V92/><F82/><W60/><G60/><N who="1" m="23114" /><E54/><V68/><F92/><W93/><G93/><T89/><D102/><U38/><E38/><V39/><F37/><W28/><G1/><T17/><D105/><U119/><AGARI ba="2,0" hai="116,118,119,132,133" m="23114,25090,30218" machi="119" ten="50,12000,2" yaku="28,2,12,1,52,4" doraHai="95,21,117" who="1" fromWho="1" sc="109,-32,158,126,465,-32,268,-62" owari="77,-42.0,284,8.0,433,53.0,206,-19.0" /></mjloggm>