<mjloggm ver="2.3"><GO type="225" lobby="0"/><UN n0="%73%75%7A%75%6D%65%33" n1="%E3%83%A9%E3%82%B9%E7%8E%87%EF%BC%93%E5%89%B2" n2="%31%73%E3%81%A7%E3%81%84%E3%81%84%E3%81%9D%E3%81%86" n3="%E3%83%AD%E3%83%9C%E3%82%B3%E3%83%97" dan="17,16,16,16" rate="2214.98,2149.18,2136.77,2123.14" sx="M,M,M,M"/><TAIKYOKU oya="0"/><INIT seed="0,0,0,5,0,12" ten="250,250,250,250" oya="0" hai0="107,37,97,80,81,103,35,84,98,105,109,14,53" hai1="87,72,66,102,28,30,24,111,32,65,6,56,91" hai2="25,4,132,101,51,52,130,135,17,33,128,40,69" hai3="13,77,96,45,15,78,38,108,92,74,31,67,18"/><T133/><D35/><U21/><E72/><V23/><F69/><W11/><G108/><T115/><D37/><U3/><E111/><V131/><F40/><W104/><G104/><T110/><D53/><U89/><E102/><V117/><F117/><W106/><G106/><T49/><D49/><U63/><E89/><V59/><F4/><W70/><G31/><T61/><D61/><U1/><E6/><V122/><F122/><W129/><G129/><T134/><D14/><U9/><E9/><V88/><F101/><W75/><G70/><T114/><D103/><U99/><E99/><V124/><F33/><W44/><G67/><T43/><D43/><U16/><E65/><V34/><F34/><W0/><G0/><T120/><D84/><U83/><REACH who="1" step="1"/><E30/><REACH who="1" ten="250,240,250,250" step="2"/><V41/><F88/><W127/><G75/><T79/><D79/><U68/><E68/><V119/><F119/><W86/><G74/><T112/><D112/><U113/><E113/><V54/><F124/><W2/><G78/><T64/><D64/><U90/><E90/><V50/><REACH who="2" step="1"/><F41/><REACH who="2" ten="250,240,240,250" step="2"/><W47/><G127/><T94/><D94/><U39/><E39/><V22/><F22/><W19/><G38/><T71/><D71/><U123/><E123/><AGARI ba="0,2" hai="80,81,97,98,105,107,109,110,114,115,120,123,133,134" machi="123" ten="25,12000,1" yaku="22,2,34,3" doraHai="12" who="0" fromWho="1" sc="250,140,240,-120,240,0,250,0" /><INIT seed="0,1,0,0,2,75" ten="390,120,240,250" oya="0" hai0="76,52,67,46,98,43,80,83,77,9,74,17,2" hai1="72,54,30,28,103,33,107,81,34,53,8,51,3" hai2="20,7,0,57,55,117,110,101,84,32,73,78,131" hai3="26,49,113,11,108,70,37,111,13,59,4,31,15"/><T128/><D128/><U93/><E107/><V58/><F32/><W133/><G113/><T45/><D67/><U91/><E33/><V14/><F131/><W39/><G70/><T88/><D52/><U24/><E30/><V35/><F35/><N who="3" m="20983" /><G133/><T135/><D135/><U38/><E38/><V40/><F110/><N who="3" m="42027" /><G15/><N who="0" m="7407" /><D74/><U44/><E54/><AGARI ba="1,0" hai="4,11,13,37,39,49,54,59" m="42027,20983" machi="54" ten="30,1000,0" yaku="14,1" doraHai="75" who="3" fromWho="1" sc="390,0,120,-13,240,0,250,13" /><INIT seed="1,0,0,2,2,96" ten="390,107,240,263" oya="1" hai0="135,108,17,123,98,115,67,109,47,78,117,0,112" hai1="18,62,131,2,119,86,49,22,42,132,102,7,66" hai2="61,46,1,41,84,105,89,12,77,125,33,19,79" hai3="87,63,92,59,111,110,134,85,120,9,126,37,103"/><U121/><E119/><V82/><F125/><W5/><G120/><T88/><D0/><U106/><E121/><V10/><F105/><W80/><G37/><T8/><D123/><U44/><E131/><V81/><F33/><W48/><G126/><T124/><D124/><U97/><E132/><V104/><F104/><W69/><G134/><T40/><D135/><U31/><E31/><V51/><F1/><W127/><G127/><T35/><D35/><U99/><E99/><V38/><F38/><W122/><G48/><T34/><D34/><U70/><E86/><V72/><F61/><W116/><G69/><T55/><D117/><U114/><E114/><V94/><F79/><W71/><G71/><T64/><D78/><U76/><E76/><V13/><F13/><W16/><G116/><T27/><D98/><U107/><E107/><V90/><F90/><W4/><G122/><T21/><D88/><U50/><E7/><V74/><REACH who="2" step="1"/><F82/><REACH who="2" ten="390,107,230,263" step="2"/><W60/><G80/><T36/><D36/><U15/><REACH who="1" step="1"/><E2/><REACH who="1" ten="390,97,230,263" step="2"/><V118/><F118/><W57/><G111/><T68/><D109/><U39/><AGARI ba="0,2" hai="15,18,22,39,42,44,49,50,62,66,70,97,102,106" machi="39" ten="20,18000,2" yaku="1,1,2,1,0,1,7,1,52,1,53,2" doraHai="96" doraHaiUra="45" who="1" fromWho="1" sc="390,-60,97,200,230,-60,263,-60" /><INIT seed="1,1,0,4,0,72" ten="330,297,170,203" oya="1" hai0="128,55,135,58,10,11,32,107,127,100,28,115,117" hai1="81,123,54,59,132,14,126,3,118,50,98,17,125" hai2="83,40,36,80,24,39,27,87,12,109,96,5,71" hai3="78,92,1,6,62,122,2,23,106,45,66,99,9"/><U29/><E3/><V110/><F71/><W133/><G122/><T69/><D69/><U84/><E123/><V112/><F112/><W120/><G120/><T86/><D115/><U93/><E118/><V103/><F5/><W101/><G133/><T34/><D117/><U77/><E132/><V65/><F65/><W90/><G45/><T108/><D135/><U94/><E29/><V102/><F12/><W89/><G2/><T51/><D128/><U70/><E70/><V76/><F40/><W60/><G66/><T82/><D127/><N who="1" m="48651" /><E98/><V22/><F96/><W97/><G90/><T129/><D129/><U44/><E44/><V21/><F87/><W95/><G106/><T131/><D28/><U64/><E64/><V30/><F30/><W88/><G101/><T48/><D100/><U52/><E54/><V134/><F134/><W104/><G104/><T25/><D107/><U121/><E121/><V7/><F7/><W8/><G8/><AGARI ba="1,0" hai="8,14,17,50,52,59,77,81,84,93,94" m="48651" machi="8" ten="30,5800,0" yaku="18,1,52,1,54,1" doraHai="72" who="1" fromWho="3" sc="330,0,297,61,170,0,203,-61" /><INIT seed="1,2,0,5,4,96" ten="330,358,170,142" oya="1" hai0="93,25,3,87,27,30,123,11,6,59,101,118,53" hai1="13,109,121,110,94,51,100,45,50,14,102,105,35" hai2="31,64,108,46,1,66,34,99,85,40,76,47,135" hai3="49,21,65,120,24,116,83,67,32,15,90,12,114"/><U111/><E121/><V39/><F1/><W23/><G120/><T42/><D123/><U71/><E105/><V74/><F74/><W72/><G114/><T97/><D118/><U22/><E35/><V106/><F108/><W26/><G116/><T73/><D73/><U4/><E94/><V88/><F135/><W81/><G72/><T98/><D42/><N who="1" m="24887" /><E71/><V48/><F76/><W52/><G32/><T134/><D134/><U0/><E51/><V117/><F117/><W33/><G33/><T104/><D87/><U18/><E0/><V78/><F78/><W56/><G90/><T82/><D82/><U41/><E41/><V58/><F58/><W126/><G126/><T43/><D30/><U16/><E4/><V127/><F127/><W20/><G83/><T57/><D43/><U129/><E129/><V10/><F47/><W55/><G81/><T37/><D59/><U113/><E113/><V8/><F39/><W103/><G55/><T44/><D44/><U75/><E75/><V5/><F66/><N who="3" m="25099" /><G103/><N who="1" m="39466" /><E18/><V132/><F132/><W19/><G15/><AGARI ba="2,0" hai="13,14,15,16,22,109,110,111" m="39466,24887" machi="15" ten="40,18000,2" yaku="14,1,10,1,52,3,54,1" doraHai="96" who="1" fromWho="3" sc="330,0,358,186,170,0,142,-186" owari="330,13.0,544,64.0,170,-23.0,-44,-54.0" /></mjloggm>