<mjloggm ver="2.3"><GO type="225" lobby="0"/><UN n0="%E3%81%93%E3%81%84%E3%82%8F%E3%81%84%E3%82%88%E3%81%A4%E3%81%B0" n1="%E2%98%85%E3%83%9F%E3%83%BC%E3%82%B3%E2%98%85" n2="%E3%82%8F%E3%81%A3%E3%81%97%E3%82%87%E3%81%84%E5%90%9B%32%E5%8F%B7" n3="%E7%B6%BE%E9%87%8E%E7%8F%AA%E5%AD%90" dan="18,17,16,16" rate="2223.90,2242.47,2139.11,2164.09" sx="M,F,M,F"/><TAIKYOKU oya="0"/><INIT seed="0,0,0,0,2,128" ten="250,250,250,250" oya="0" hai0="108,17,130,102,65,68,15,100,47,85,125,38,5" hai1="123,10,0,21,18,34,126,16,66,106,30,28,109" hai2="134,101,104,54,95,9,23,45,58,39,78,12,42" hai3="57,26,124,132,129,118,94,29,111,7,25,103,44"/><T8/><D130/><U36/><E106/><V113/><F113/><W89/><G129/><T14/><D125/><U71/><E36/><V20/><F104/><W52/><G118/><T92/><D68/><U107/><E107/><V27/><F78/><W76/><G124/><T114/><D114/><U133/><E126/><V112/><F112/><W64/><G76/><T119/><D119/><U86/><E86/><V80/><F80/><W127/><G127/><T22/><D65/><U91/><E91/><V70/><F70/><W120/><G111/><T50/><D38/><U55/><E55/><V6/><F134/><W97/><G120/><T77/><D108/><U48/><E48/><V110/><F110/><W62/><G132/><T131/><D131/><U96/><E34/><V69/><F69/><W105/><G7/><T51/><D51/><U41/><E41/><V83/><F83/><W56/><G44/><T74/><D74/><U35/><E109/><V3/><F3/><W43/><G43/><N who="0" m="24959" /><D92/><U59/><E35/><V98/><F27/><W82/><G29/><N who="1" m="11370" /><E133/><V116/><F116/><W72/><G72/><T67/><D67/><U60/><E123/><V33/><F33/><W87/><REACH who="3" step="1"/><G105/><REACH who="3" ten="250,250,250,240" step="2"/><T1/><D1/><U93/><E0/><V4/><F6/><W40/><G40/><T81/><AGARI ba="0,1" hai="5,8,14,15,17,22,77,81,85,100,102" m="24959" machi="81" ten="30,3000,0" yaku="25,1,8,1" doraHai="128" who="0" fromWho="0" sc="250,40,250,-10,250,-10,240,-10" /><INIT seed="0,1,0,3,4,37" ten="290,240,240,230" oya="0" hai0="83,73,7,60,82,11,135,28,126,52,10,20,38" hai1="67,9,93,120,41,66,29,122,5,94,102,127,55" hai2="91,134,24,33,101,130,118,100,58,72,61,36,90" hai3="105,4,31,128,86,78,88,34,76,87,2,1,74"/><T53/><D38/><U39/><E127/><V26/><F72/><W71/><G71/><T89/><D126/><U18/><E29/><V111/><F111/><W81/><G105/><T42/><D135/><U129/><E129/><V19/><F130/><W92/><G128/><T59/><D42/><U104/><E104/><V62/><F134/><W124/><G124/><T85/><D7/><U110/><E18/><V95/><F36/><W3/><G4/><T117/><D117/><U97/><E110/><V112/><F112/><W6/><G6/><T133/><D133/><U56/><E94/><V49/><F118/><W15/><G15/><T79/><REACH who="0" step="1"/><D53/><REACH who="0" ten="280,240,240,230" step="2"/><U35/><E41/><V119/><F119/><W30/><REACH who="3" step="1"/><G34/><REACH who="3" ten="280,240,240,220" step="2"/><T47/><D47/><U103/><E35/><V27/><F33/><W25/><G25/><AGARI ba="1,2" hai="10,11,20,25,28,52,59,60,73,79,82,83,85,89" machi="25" ten="40,7700,0" yaku="1,1,54,1,53,1" doraHai="37" doraHaiUra="50" who="0" fromWho="3" sc="280,100,240,0,240,0,220,-80" /><INIT seed="0,2,0,3,1,14" ten="380,240,240,140" oya="0" hai0="56,20,31,135,36,70,15,51,38,95,35,83,74" hai1="100,68,33,22,94,58,73,91,43,104,110,4,0" hai2="54,93,105,18,39,131,21,86,53,96,24,90,111" hai3="28,109,2,52,47,133,8,99,13,19,84,10,114"/><T64/><D35/><U63/><E33/><V32/><F39/><W134/><G114/><T132/><D70/><U123/><E123/><V77/><F131/><W17/><G109/><T12/><D95/><U117/><E73/><V107/><F111/><W1/><G99/><T29/><D74/><U11/><E68/><V106/><F32/><W76/><G28/><T126/><D83/><U26/><E110/><V7/><F7/><W118/><G118/><T34/><D34/><U85/><E43/><V16/><F77/><W40/><G76/><T60/><D51/><U130/><E130/><V48/><F86/><W9/><G84/><T112/><D112/><U122/><E122/><V71/><F71/><W75/><G75/><T124/><D20/><U46/><E46/><V103/><F103/><W37/><G52/><T81/><D81/><U23/><E117/><V72/><F72/><W59/><G59/><T129/><D56/><U67/><E26/><V113/><F113/><W62/><G62/><T87/><D60/><U89/><E89/><V119/><F119/><W69/><G69/><T65/><D87/><U5/><E5/><V25/><F48/><W41/><G41/><T101/><D101/><U66/><E66/><V121/><F121/><W61/><G61/><T49/><D49/><U3/><E3/><N who="3" m="1034" /><G13/><T102/><D102/><U55/><E67/><V6/><F6/><W44/><G44/><T79/><D79/><U88/><E91/><V42/><F42/><W45/><G45/><T116/><D116/><U57/><E57/><V82/><F82/><W78/><G78/><RYUUKYOKU ba="2,0" sc="380,0,240,0,240,0,140,0" hai0="12,15,29,31,36,38,64,65,124,126,129,132,135" hai1="0,4,11,22,23,55,58,63,85,88,94,100,104" hai2="16,18,21,24,25,53,54,90,93,96,105,106,107" hai3="8,9,10,17,19,37,40,47,133,134" /><INIT seed="0,3,0,2,0,84" ten="380,240,240,140" oya="0" hai0="117,13,4,116,95,102,83,8,0,107,123,105,40" hai1="81,126,74,32,65,77,34,39,132,79,28,54,16" hai2="37,121,30,122,35,47,72,93,20,66,17,111,25" hai3="82,131,104,127,38,101,112,90,5,61,120,43,96"/><T23/><D123/><U94/><E39/><V124/><F124/><W129/><G5/><T60/><D40/><U18/><E126/><V68/><F111/><W108/><G127/><T100/><D60/><U69/><E79/><V128/><F128/><N who="3" m="49227" /><G38/><T118/><D83/><U110/><E110/><V85/><F72/><W98/><G43/><T114/><D114/><U109/><E109/><V103/><F37/><W21/><G21/><T33/><D33/><U36/><E36/><V78/><F47/><W55/><G55/><T22/><D22/><U64/><E54/><V113/><F113/><W88/><G61/><T125/><D125/><U71/><E28/><V76/><F66/><W86/><G108/><T44/><D44/><U59/><E59/><V134/><F134/><W70/><G70/><T45/><D45/><U1/><E1/><V56/><F56/><W19/><G19/><T99/><D23/><U46/><E46/><V49/><F68/><N who="1" m="26185" /><E132/><V42/><F121/><W63/><G63/><T11/><D11/><U58/><E58/><V57/><F122/><W130/><N who="3" m="49235" /><W29/><DORA hai="97" /><G120/><T73/><D0/><U24/><E65/><V89/><F42/><W10/><G10/><T6/><D6/><U9/><E9/><V92/><F57/><W51/><G51/><T27/><D8/><U80/><E34/><V2/><F49/><W91/><G112/><T50/><D117/><U75/><E32/><V106/><F2/><W87/><G98/><T119/><D118/><U14/><E64/><V41/><F41/><W133/><G133/><T31/><D119/><RYUUKYOKU ba="3,0" sc="380,0,240,0,240,0,140,0" /><INIT seed="1,4,0,0,1,79" ten="380,240,240,140" oya="1" hai0="88,45,64,120,3,15,113,78,81,25,80,35,13" hai1="73,22,21,4,6,17,95,39,109,31,43,72,130" hai2="131,1,92,85,66,83,7,12,55,112,51,84,93" hai3="71,52,47,114,100,11,37,10,132,76,104,74,98"/><U125/><E130/><V32/><F131/><W56/><G71/><T117/><D113/><U102/><E125/><V9/><F112/><W48/><G114/><T61/><D3/><U87/><E39/><V134/><F134/><W49/><G37/><T16/><D117/><U5/><E109/><V111/><F111/><W86/><G74/><T58/><D120/><U105/><E105/><V50/><F32/><W82/><REACH who="3" step="1"/><G132/><REACH who="3" ten="380,240,240,130" step="2"/><T115/><D115/><U29/><E73/><V119/><F119/><W68/><G68/><T62/><D62/><U121/><E72/><V89/><F50/><W108/><G108/><T54/><D61/><U106/><E121/><V127/><F127/><W59/><G59/><T38/><D58/><U42/><E42/><AGARI ba="4,1" hai="10,11,42,47,48,49,52,56,76,82,86,98,100,104" machi="42" ten="30,7700,0" yaku="1,1,7,1,52,1,54,1,53,0" doraHai="79" doraHaiUra="69" who="3" fromWho="1" sc="380,0,240,-89,240,0,130,99" /><INIT seed="2,0,0,1,4,132" ten="380,151,240,229" oya="2" hai0="68,50,110,84,31,60,65,5,3,72,58,92,51" hai1="71,10,19,77,129,13,100,55,48,59,7,63,113" hai2="120,82,66,95,122,47,111,87,83,107,97,2,25" hai3="61,67,118,21,121,36,126,54,70,27,133,75,1"/><V101/><F2/><W134/><G118/><T28/><D72/><U98/><E129/><V37/><F66/><W52/><G121/><N who="2" m="46697" /><F47/><W49/><G1/><T86/><D92/><U18/><E113/><V46/><F46/><W106/><G106/><T96/><D96/><U9/><E77/><V30/><F25/><W81/><G36/><T45/><D68/><U69/><E63/><V34/><F30/><W76/><G126/><T117/><D117/><U104/><REACH who="1" step="1"/><E18/><REACH who="1" ten="380,141,240,229" step="2"/><V99/><F111/><W22/><G134/><T16/><D60/><U108/><E108/><V124/><F124/><W91/><G133/><T89/><D16/><U26/><E26/><V17/><F17/><W114/><G114/><T43/><D110/><U123/><E123/><V102/><F34/><W11/><G27/><T14/><D31/><U12/><AGARI ba="0,1" hai="7,9,10,12,13,19,48,55,59,69,71,98,100,104" machi="12" ten="20,2700,0" yaku="1,1,0,1,7,1,53,0" doraHai="132" doraHaiUra="79" who="1" fromWho="1" sc="380,-7,141,37,240,-13,229,-7" /><INIT seed="3,0,0,2,3,91" ten="373,178,227,222" oya="3" hai0="48,40,14,43,8,44,49,64,132,3,100,24,72" hai1="96,82,20,62,30,25,117,34,9,27,123,80,17" hai2="26,77,93,70,94,125,36,103,45,95,118,105,67" hai3="63,75,135,60,121,87,134,54,133,42,76,16,46"/><W41/><G75/><T69/><D72/><U51/><E123/><V115/><F115/><W90/><G76/><T79/><D3/><U99/><E117/><V71/><F118/><W7/><G7/><T130/><D130/><U61/><E51/><V4/><F125/><W23/><G121/><T29/><D100/><U15/><E82/><V55/><F77/><W89/><G54/><T38/><D79/><U39/><E39/><V21/><F4/><W66/><G90/><T5/><D132/><U78/><E99/><V28/><F67/><W112/><G112/><T56/><D69/><U88/><E78/><V22/><F22/><W128/><G128/><T10/><D10/><U68/><E68/><V126/><F126/><W109/><G109/><T47/><D38/><U19/><REACH who="1" step="1"/><E80/><REACH who="1" ten="373,168,227,222" step="2"/><V32/><F36/><N who="3" m="21799" /><G42/><T122/><D122/><U129/><E129/><V85/><F70/><W108/><G108/><T58/><D43/><U74/><E74/><V111/><F71/><W73/><G73/><T104/><D40/><U106/><E106/><V124/><F105/><W113/><G113/><T31/><D49/><U127/><E127/><V83/><F124/><W119/><G119/><T102/><D48/><U0/><E0/><V37/><F111/><W107/><G107/><T114/><D114/><U50/><E50/><N who="2" m="29135" /><F37/><W33/><G134/><T65/><D104/><U1/><E1/><V98/><F98/><W92/><G135/><T2/><D2/><U59/><E59/><V57/><F57/><W101/><G133/><T97/><D56/><U11/><E11/><V13/><F83/><RYUUKYOKU ba="0,1" sc="373,-10,168,30,227,-10,222,-10" hai1="9,15,17,19,20,25,27,30,34,61,62,88,96" owari="373,47.0,198,-30.0,217,2.0,212,-19.0" /></mjloggm>