<mjloggm ver="2.3"><GO type="169" lobby="0"/><UN n0="%E5%90%89%E6%BE%A4%E2%98%86%E7%91%A0%E5%81%89" n1="%E3%81%98%E3%81%98%E3%81%84%E3%81%8C%E5%91%BC%E3%82%93%E3%81%A0" n2="%E2%91%A3%E3%82%BB%E3%83%B3%E3%83%81" n3="%E6%86%A7%E6%86%AC" dan="16,16,18,16" rate="2143.31,2127.31,2243.34,2140.46" sx="M,M,M,F"/><TAIKYOKU oya="0"/><INIT seed="0,0,0,3,3,135" ten="250,250,250,250" oya="0" hai0="1,19,46,68,0,70,61,118,49,102,26,35,89" hai1="120,40,108,84,117,86,77,79,20,15,48,126,62" hai2="33,60,131,39,16,10,95,82,109,85,111,69,71" hai3="104,124,81,18,36,114,5,17,51,2,110,103,127"/><T30/><D118/><U52/><E117/><V98/><F39/><W87/><G36/><T133/><D133/><U94/><E120/><V125/><F33/><W74/><G114/><T9/><D68/><U24/><E108/><N who="2" m="41547" /><F60/><W101/><G110/><T132/><D132/><U121/><E121/><V105/><F105/><W115/><G115/><T113/><D102/><N who="3" m="38921" /><G74/><T90/><D113/><U100/><E15/><N who="2" m="7287" /><F131/><W129/><G104/><T96/><D96/><N who="1" m="59415" /><E40/><V63/><F63/><W78/><G51/><T53/><D1/><U57/><E126/><N who="3" m="48170" /><G129/><T34/><D49/><U122/><E122/><V4/><F125/><W14/><G2/><T80/><D0/><U75/><E75/><V31/><F31/><W41/><G41/><T13/><D30/><N who="1" m="17671" /><E48/><V28/><F28/><W128/><G128/><T65/><D35/><U37/><E37/><V29/><F29/><W12/><G12/><T45/><D34/><U25/><E25/><V59/><F98/><W44/><G44/><T97/><D46/><U66/><E66/><V64/><F64/><W56/><G56/><T32/><D65/><U83/><E86/><V42/><F42/><W38/><G38/><T58/><D45/><U130/><E130/><V67/><F67/><W99/><G99/><T55/><D97/><U8/><E62/><V47/><F47/><W119/><G119/><T21/><D61/><U11/><E57/><V76/><F59/><W134/><G134/><T123/><D58/><U50/><E50/><V23/><F71/><W88/><G78/><N who="1" m="29706" /><E52/><V6/><F69/><W27/><G27/><T43/><D26/><RYUUKYOKU ba="0,0" sc="250,-15,250,15,250,-15,250,15" hai1="8,11,83,84" hai3="5,14,17,18,81,87,88" /><INIT seed="1,1,0,0,4,76" ten="235,265,235,265" oya="1" hai0="38,99,130,120,41,116,18,97,9,84,101,104,45" hai1="42,81,89,90,78,0,51,95,75,30,109,65,88" hai2="91,128,111,58,53,28,115,98,48,54,71,4,57" hai3="108,7,79,32,67,47,123,85,112,33,43,68,93"/><U56/><E0/><V83/><F71/><W21/><G123/><T27/><D120/><U132/><E132/><V5/><F111/><W15/><G112/><T131/><D116/><U117/><E117/><V96/><F128/><W31/><G108/><T12/><D99/><N who="2" m="37930" /><F28/><W66/><G68/><T62/><D62/><U26/><E109/><V114/><F114/><W1/><G1/><T86/><REACH who="0" step="1"/><D27/><REACH who="0" ten="225,265,235,265" step="2"/><U70/><E26/><V40/><F115/><W34/><G66/><T59/><D59/><U105/><E56/><V82/><F40/><W36/><G67/><T102/><D102/><U13/><E65/><V11/><F58/><W25/><G25/><T121/><D121/><U49/><E42/><V103/><F103/><W46/><G43/><T118/><D118/><U94/><E70/><V106/><F54/><W52/><G52/><T10/><D10/><U39/><E105/><V55/><F106/><W20/><G34/><T113/><D113/><U23/><E39/><V107/><F107/><W37/><G32/><T3/><D3/><U29/><E51/><V50/><F48/><W124/><G33/><T92/><D92/><U24/><E49/><V63/><F63/><W64/><G93/><N who="1" m="35338" /><E30/><V122/><F122/><W127/><G31/><T17/><D17/><N who="1" m="10671" /><E24/><V22/><F55/><W119/><G119/><T125/><D125/><U61/><E61/><V133/><F53/><W87/><G127/><T77/><D77/><U69/><E29/><V19/><F50/><W72/><G124/><T80/><D80/><U35/><E69/><V74/><F57/><W126/><G126/><RYUUKYOKU ba="1,1" sc="225,15,265,15,235,-15,265,-15" hai0="9,12,18,38,41,45,84,86,97,101,104,130,131" hai1="35,75,78,81,88,89,90" /><INIT seed="1,2,1,2,3,59" ten="240,280,220,250" oya="1" hai0="63,9,97,37,50,32,134,4,81,95,124,100,60" hai1="52,33,22,41,119,8,66,135,77,92,120,131,105" hai2="70,79,78,2,57,31,11,116,28,19,76,16,67" hai3="107,121,83,84,110,40,129,21,82,38,36,112,46"/><U6/><E105/><V118/><F70/><W104/><G121/><T88/><D37/><U86/><E33/><V74/><F74/><W65/><G112/><T51/><D32/><U15/><E120/><V99/><F2/><W109/><G129/><T93/><D81/><U34/><E34/><V69/><F69/><W35/><G35/><T39/><D39/><U49/><E119/><V13/><F118/><W123/><G38/><T55/><D134/><U7/><E66/><V94/><F116/><W113/><G113/><T44/><D51/><U98/><E41/><V5/><F67/><W17/><G65/><T56/><D44/><N who="1" m="27687" /><E22/><V72/><F57/><W24/><G83/><T117/><D124/><U53/><E131/><V133/><F72/><W87/><G87/><T48/><D48/><U122/><E135/><V73/><F73/><W43/><G43/><T108/><D108/><N who="3" m="41577" /><G123/><T20/><D20/><U96/><E53/><V26/><F133/><W89/><AGARI ba="2,1" hai="17,21,24,36,40,46,82,84,89,104,107" m="41577" machi="89" ten="30,1100,0" yaku="14,1" doraHai="59" who="3" fromWho="3" sc="240,-5,280,-7,220,-5,250,27" /><INIT seed="2,0,0,1,1,13" ten="235,273,215,277" oya="2" hai0="70,11,9,75,36,16,45,86,23,90,99,71,77" hai1="101,124,33,105,21,84,88,55,127,51,50,72,61" hai2="126,68,29,95,38,0,132,113,93,69,10,114,4" hai3="128,5,109,97,125,134,53,48,133,107,14,28,118"/><V100/><F38/><W41/><G118/><T87/><D75/><U42/><E33/><V73/><F73/><W80/><G41/><T64/><D99/><N who="1" m="61631" /><E72/><V35/><F29/><W6/><G109/><T3/><D77/><U26/><E61/><V31/><F31/><W91/><G14/><T39/><D39/><U60/><E60/><V46/><F46/><W106/><G125/><N who="1" m="48202" /><E55/><V94/><F100/><W19/><G128/><T74/><D74/><U98/><E98/><V37/><F37/><W62/><G62/><T7/><D9/><U27/><E42/><V120/><F35/><W96/><G53/><T2/><D3/><U40/><E40/><V59/><F59/><W12/><G97/><T17/><D64/><U102/><E27/><V34/><F34/><W66/><G96/><T32/><D32/><U85/><E85/><V65/><F65/><W54/><G54/><T92/><D86/><U63/><E63/><V131/><F69/><W8/><G66/><T49/><D36/><U121/><E121/><V56/><F68/><W1/><G107/><T76/><D76/><U79/><E79/><V130/><F120/><W44/><G106/><T111/><D71/><U52/><E52/><V58/><F126/><W122/><G122/><T78/><D70/><U83/><E102/><V25/><F25/><W20/><G48/><T82/><D49/><U15/><E15/><V22/><F58/><W47/><G12/><T81/><D45/><U108/><E108/><V115/><F56/><W135/><G47/><T67/><D111/><U104/><E104/><V89/><F115/><RYUUKYOKU ba="0,0" sc="235,-10,273,30,215,-10,277,-10" hai1="21,26,50,51,83,84,88" /><INIT seed="3,1,0,5,4,6" ten="225,303,205,267" oya="3" hai0="68,57,17,122,7,129,91,48,87,2,117,73,52" hai1="8,50,38,60,22,65,45,133,49,23,131,74,59" hai2="81,25,112,69,78,40,106,33,134,54,4,55,102" hai3="13,79,36,110,51,42,67,44,35,43,53,75,5"/><W92/><G35/><T128/><D117/><U31/><E74/><V20/><F69/><W101/><G67/><T61/><D73/><U99/><E38/><V19/><F112/><W124/><G124/><T9/><D122/><U84/><E50/><V28/><F134/><W97/><G110/><T47/><D17/><U120/><E120/><V3/><F40/><W108/><G108/><T15/><D68/><U58/><E58/><V32/><F102/><W12/><G12/><T71/><D71/><U121/><E121/><V126/><F106/><W72/><G79/><T24/><D24/><U0/><E31/><V100/><F100/><W85/><G85/><T86/><D2/><U109/><E133/><V104/><F104/><W127/><G127/><T107/><D107/><U113/><E99/><V41/><F41/><W80/><G80/><T88/><D87/><U76/><E113/><V83/><F83/><W95/><G95/><T56/><D56/><U11/><E0/><V103/><F103/><W114/><G42/><T62/><D62/><U30/><E109/><V119/><F33/><W27/><G27/><T89/><REACH who="0" step="1"/><D86/><REACH who="0" ten="215,303,205,267" step="2"/><U39/><E59/><V1/><F119/><W37/><G114/><T46/><D46/><U21/><E45/><V135/><F126/><W66/><G75/><T118/><D118/><U132/><E132/><V130/><F135/><W77/><G72/><T105/><D105/><U34/><E60/><V123/><F1/><W125/><G125/><T14/><D14/><U90/><E84/><N who="2" m="48183" /><F123/><W10/><G44/><T63/><D63/><U93/><E30/><RYUUKYOKU ba="1,1" sc="215,30,303,-10,205,-10,267,-10" hai0="7,9,15,47,48,52,57,61,88,89,91,128,129" /><INIT seed="4,2,1,4,2,41" ten="245,293,195,257" oya="0" hai0="134,78,118,48,75,43,49,63,79,92,5,50,126" hai1="73,103,124,131,34,113,30,123,128,52,13,9,91" hai2="23,77,95,66,88,82,17,47,109,89,127,36,76" hai3="26,107,133,12,81,94,62,57,35,96,20,8,116"/><T42/><D118/><U114/><E123/><V108/><F127/><W18/><G133/><T71/><D75/><U129/><E73/><V132/><F132/><W83/><G107/><T115/><D134/><U135/><E135/><V29/><F29/><W44/><G35/><T37/><D5/><U98/><E91/><V2/><F2/><W122/><G122/><T86/><D126/><U69/><E69/><V10/><F10/><W100/><G44/><T11/><D11/><U31/><E124/><V4/><F66/><W40/><G40/><T65/><D115/><N who="1" m="44043" /><E34/><V16/><F17/><W22/><G22/><T27/><D27/><U61/><E61/><V3/><F4/><W68/><G68/><T0/><D0/><U117/><E52/><V14/><F3/><W101/><G101/><T56/><D71/><U102/><E117/><V51/><F89/><W67/><REACH who="3" step="1"/><G116/><REACH who="3" ten="245,293,195,247" step="2"/><T84/><D37/><U54/><E103/><V119/><F36/><W15/><G15/><T104/><D104/><N who="1" m="63575" /><E54/><V58/><F119/><W110/><G110/><T38/><D38/><U80/><E80/><V28/><F82/><W1/><G1/><T60/><D42/><U7/><AGARI ba="2,2" hai="7,9,13,30,31,128,129,131" m="63575,44043" machi="7" ten="40,5200,0" yaku="19,1,15,1,11,1" doraHai="41" who="1" fromWho="1" sc="245,-28,293,78,195,-15,247,-15" /><INIT seed="5,0,0,5,4,101" ten="217,371,180,232" oya="1" hai0="59,57,123,80,115,63,69,116,85,4,33,99,47" hai1="39,89,35,93,72,95,100,105,107,119,73,23,34" hai2="61,120,6,66,104,122,22,48,68,112,75,110,40" hai3="135,90,98,113,128,50,30,124,24,42,62,43,26"/><U87/><E39/><V2/><F75/><N who="1" m="28745" /><E23/><V84/><F2/><W54/><G62/><T12/><D33/><U60/><E60/><V103/><F6/><W16/><G113/><T134/><D116/><U13/><E13/><V52/><F110/><W76/><G76/><T65/><D115/><U28/><E28/><V102/><F112/><W118/><G118/><T32/><D32/><U37/><E37/><V9/><F9/><W11/><G135/><T71/><D123/><U8/><E8/><V132/><F40/><W29/><G128/><T106/><D69/><U7/><E7/><V21/><F21/><W36/><G124/><T17/><D47/><U18/><E18/><V109/><F109/><W15/><G36/><T88/><D4/><U86/><E34/><V14/><F84/><W127/><G127/><T56/><D134/><U1/><E35/><V5/><F103/><W111/><G111/><T114/><D114/><U126/><E1/><V53/><F53/><W131/><G131/><T96/><REACH who="0" step="1"/><D106/><REACH who="0" ten="207,371,180,232" step="2"/><N who="1" m="40459" /><E119/><V77/><F5/><W0/><G0/><T133/><D133/><U44/><E44/><V81/><F132/><W92/><G30/><T25/><D25/><N who="3" m="9833" /><G29/><T41/><D41/><U45/><E45/><AGARI ba="0,1" hai="11,15,16,42,43,45,50,54,90,92,98" m="9833" machi="45" ten="30,2000,0" yaku="8,1,54,1" doraHai="101" who="3" fromWho="1" sc="207,0,371,-20,180,0,232,30" /><INIT seed="6,0,0,3,5,117" ten="207,351,180,262" oya="2" hai0="21,29,43,42,134,3,135,54,64,19,0,92,101" hai1="12,130,8,50,110,44,26,36,47,41,27,122,30" hai2="63,127,120,33,131,80,49,6,32,25,45,102,66" hai3="11,97,14,16,83,61,104,13,31,2,67,129,1"/><V40/><F127/><W76/><G129/><T22/><D64/><U112/><E110/><V116/><F116/><W46/><G31/><T62/><D29/><U20/><E130/><V51/><F131/><W82/><G46/><T52/><D62/><U58/><E112/><V107/><F6/><W18/><G97/><T5/><D5/><U38/><E58/><V93/><F107/><W126/><G104/><T128/><D128/><U59/><E59/><V91/><F102/><W57/><G126/><T55/><D92/><U72/><E72/><V17/><F80/><W106/><G106/><T99/><D19/><U4/><E122/><V7/><F7/><W98/><G98/><T60/><D60/><U119/><E119/><V70/><F51/><W24/><G24/><T15/><D15/><U87/><E87/><V123/><F32/><W90/><G90/><T88/><D99/><U84/><E47/><V65/><F65/><W73/><REACH who="3" step="1"/><G83/><REACH who="3" ten="207,351,180,252" step="2"/><T10/><D101/><U94/><E27/><V37/><F37/><W114/><G114/><T133/><D88/><U100/><E100/><V115/><F115/><W113/><G113/><T78/><D78/><U85/><E94/><V9/><F33/><W121/><G121/><T71/><D71/><U111/><E111/><V34/><F34/><W86/><G86/><N who="1" m="33386" /><E38/><V69/><F69/><W96/><G96/><T23/><D10/><AGARI ba="0,1" hai="1,2,10,11,13,14,16,18,57,61,67,73,76,82" machi="10" ten="30,7700,0" yaku="1,1,7,1,9,1,54,1,53,0" doraHai="117" doraHaiUra="68" who="3" fromWho="0" sc="207,-77,351,0,180,0,252,87" /><INIT seed="7,0,0,5,4,29" ten="130,351,180,339" oya="3" hai0="109,96,5,74,113,0,58,28,122,118,25,38,79" hai1="127,99,84,69,8,123,9,50,51,64,90,48,47" hai2="37,98,129,6,92,87,53,16,89,1,119,73,41" hai3="93,59,61,24,66,49,120,39,95,22,46,133,97"/><W135/><G120/><T115/><D58/><U83/><E123/><V68/><F73/><W4/><G4/><T126/><D122/><U116/><E127/><V103/><F68/><W10/><G10/><N who="1" m="4202" /><E69/><V104/><F6/><W55/><G39/><T85/><D85/><U56/><E116/><V128/><F1/><W81/><G81/><N who="0" m="45303" /><D96/><U94/><E47/><N who="2" m="23983" /><F16/><W105/><G105/><T101/><D101/><N who="1" m="60663" /><E64/><V12/><F12/><W20/><G20/><T40/><D118/><U112/><E112/><N who="0" m="43081" /><D109/><U110/><E110/><V52/><F119/><W27/><G27/><T125/><D5/><U15/><E15/><V100/><F100/><N who="3" m="60463" /><G95/><T54/><D0/><U71/><E71/><V13/><F13/><W111/><G111/><T26/><D54/><AGARI ba="0,0" hai="48,50,51,54,56,83,84,90" m="60663,4202" machi="54" ten="30,1000,0" yaku="8,1" doraHai="29" who="1" fromWho="0" sc="130,-10,351,10,180,0,339,0" owari="120,-38.0,361,46.0,180,-22.0,339,14.0" /></mjloggm>