<mjloggm ver="2.3"><GO type="169" lobby="0"/><UN n0="%E3%81%8D%E3%81%BE%E3%81%99" n1="%4B%69%7A%75%6E%65%72" n2="%E3%81%8B%E3%81%A5%E3%81%8D%EF%BC%B8%EF%BC%A9" n3="%E3%81%A4%E3%81%91%E3%82%82%E3%81%AE" dan="17,17,17,17" rate="2190.42,2198.12,2113.76,2166.93" sx="M,F,M,M"/><TAIKYOKU oya="0"/><INIT seed="0,0,0,0,1,17" ten="250,250,250,250" oya="0" hai0="1,60,74,118,129,81,20,42,23,131,14,33,58" hai1="16,6,82,65,67,91,64,31,117,127,110,55,104" hai2="12,124,5,98,101,76,45,28,111,85,95,35,87" hai3="3,78,66,77,19,24,133,29,59,86,51,68,56"/><T89/><D118/><U30/><E117/><V103/><F111/><W130/><G133/><T70/><D33/><U40/><E110/><V4/><F124/><W11/><G130/><N who="0" m="49675" /><D1/><U54/><E104/><V25/><F103/><W125/><G125/><T8/><D70/><U100/><E127/><V10/><F76/><W18/><G68/><T27/><D42/><U52/><E100/><V72/><F72/><W22/><G3/><T26/><D89/><U21/><E6/><V13/><F45/><W0/><G0/><T69/><D69/><U41/><E82/><V7/><F7/><W62/><G11/><AGARI ba="0,0" hai="4,5,10,11,12,13,25,28,35,85,87,95,98,101" machi="11" ten="40,1300,0" yaku="9,1" doraHai="17" who="2" fromWho="3" sc="250,0,250,0,250,13,250,-13" /><INIT seed="1,0,0,2,0,22" ten="250,250,263,237" oya="1" hai0="38,106,132,90,54,130,36,60,42,128,28,12,71" hai1="39,85,10,63,52,33,40,55,94,14,114,99,13" hai2="49,112,115,68,124,15,51,122,77,96,23,92,79" hai3="1,73,34,126,121,117,127,113,6,135,48,2,67"/><U97/><E114/><N who="2" m="43563" /><F68/><W4/><G67/><N who="0" m="41447" /><D28/><U11/><E33/><V107/><F107/><W9/><G48/><N who="2" m="18505" /><F124/><N who="3" m="47659" /><G73/><T84/><D106/><U118/><E118/><V101/><F122/><W31/><G113/><T43/><D132/><U24/><E85/><V102/><F101/><W61/><G61/><T18/><D54/><U89/><E99/><V44/><F44/><W131/><G135/><T133/><D133/><U80/><E80/><V100/><F102/><W37/><G37/><N who="0" m="14443" /><D90/><U110/><E40/><N who="0" m="15401" /><D84/><U35/><E39/><V125/><F125/><W46/><G121/><T41/><N who="0" m="15409" /><T109/><DORA hai="64" /><D109/><U7/><E63/><V29/><F15/><W129/><G117/><T21/><D12/><U62/><E62/><V105/><F105/><W3/><G46/><T116/><D116/><U82/><E82/><V30/><F30/><W20/><G34/><T25/><D25/><AGARI ba="0,0" hai="23,25,29,77,79,92,96,100" m="18505,43563" machi="25" ten="30,2000,0" yaku="11,1,52,1" doraHai="22,64" who="2" fromWho="0" sc="250,-20,250,0,263,20,237,0" /><INIT seed="2,0,0,4,3,74" ten="230,250,283,237" oya="2" hai0="132,66,130,114,36,125,129,11,105,57,119,116,92" hai1="24,98,97,82,104,15,85,94,59,78,0,69,8" hai2="6,58,2,38,99,131,133,67,12,96,19,41,84" hai3="134,64,70,135,34,49,39,80,83,68,108,21,93"/><V115/><F115/><W1/><G34/><T46/><D105/><U91/><E69/><V75/><F75/><W112/><G39/><T101/><D11/><U13/><E104/><V17/><F133/><N who="3" m="50699" /><G1/><T81/><D81/><U43/><E0/><V35/><F131/><N who="0" m="50186" /><D101/><U117/><E117/><N who="0" m="45129" /><D92/><U122/><E122/><V48/><F2/><W103/><G108/><T113/><D132/><U3/><E43/><V45/><F41/><W51/><G21/><T44/><D125/><U72/><E59/><V106/><F58/><W47/><G112/><N who="0" m="43115" /><D36/><U37/><E37/><V88/><F38/><W42/><G93/><T61/><AGARI ba="0,0" hai="44,46,57,61,66" m="43115,45129,50186" machi="61" ten="40,8000,1" yaku="19,1,12,1,34,2" doraHai="74" who="0" fromWho="0" sc="230,80,250,-20,283,-40,237,-20" /><INIT seed="3,0,0,5,1,13" ten="310,230,243,217" oya="3" hai0="75,26,29,54,0,95,86,25,50,76,110,64,101" hai1="2,116,122,125,71,55,96,57,45,17,99,23,31" hai2="78,90,130,109,33,93,58,36,69,128,49,70,20" hai3="14,133,7,1,126,92,127,66,34,102,11,19,83"/><W114/><G114/><T81/><D110/><U21/><E122/><V30/><F33/><W37/><G37/><T63/><D0/><U56/><E125/><N who="3" m="47626" /><G66/><T60/><D75/><U43/><E71/><V47/><F36/><W51/><G83/><T85/><D64/><U73/><E73/><V24/><F109/><W72/><G72/><T77/><D29/><U104/><E2/><V121/><F58/><W84/><G51/><T119/><D119/><U35/><E116/><V12/><F78/><W117/><G117/><T59/><D63/><U15/><E35/><V106/><F121/><W88/><G34/><T38/><D38/><U134/><E57/><V3/><F70/><W62/><G102/><T120/><D120/><U113/><E113/><V118/><F69/><W18/><G133/><T79/><D76/><U111/><E134/><V105/><F118/><W135/><G135/><T89/><D101/><U44/><E111/><V22/><F106/><W67/><G1/><T74/><D74/><U4/><E104/><V46/><F105/><W98/><G98/><N who="0" m="57711" /><D50/><U80/><E99/><N who="2" m="57783" /><F49/><W41/><G41/><T52/><D54/><U97/><E43/><V124/><F3/><W115/><G115/><T28/><D28/><U91/><E97/><V48/><F124/><W9/><G9/><T40/><D40/><U68/><E68/><AGARI ba="0,0" hai="7,11,14,18,19,62,67,68,84,88,92" m="47626" machi="68" ten="30,11600,0" yaku="18,1,52,2,54,1" doraHai="13" who="3" fromWho="1" sc="310,0,230,-116,243,0,217,116" /><INIT seed="3,1,0,3,0,10" ten="310,114,243,333" oya="3" hai0="88,51,2,65,112,64,97,116,7,107,16,36,90" hai1="101,122,35,121,4,61,125,28,91,1,72,103,108" hai2="15,80,12,66,96,57,11,77,104,32,9,34,25" hai3="49,81,21,42,50,39,45,93,70,0,54,29,40"/><W83/><G0/><T74/><D36/><U6/><E72/><V106/><F25/><W127/><G127/><T120/><D116/><U99/><E125/><V69/><F69/><W78/><G70/><T56/><D120/><U126/><E126/><V44/><F44/><W98/><G39/><T89/><D74/><U79/><E108/><V119/><F96/><W75/><G81/><T114/><D7/><U27/><E79/><V94/><F94/><W26/><REACH who="3" step="1"/><G50/><REACH who="3" ten="310,114,243,323" step="2"/><T24/><D2/><U109/><E1/><V14/><F119/><W37/><G37/><T23/><D114/><U133/><E122/><V102/><F9/><W53/><G53/><T73/><D112/><U19/><E121/><V134/><F11/><W117/><G117/><T130/><D130/><U115/><E115/><V67/><F80/><W60/><G60/><T20/><D51/><U55/><E61/><V8/><F8/><W131/><G131/><T52/><D52/><U132/><E55/><V22/><F67/><W47/><G47/><T46/><D46/><U87/><E133/><V135/><F66/><W63/><G63/><T5/><D64/><U84/><E132/><V95/><F135/><W68/><G68/><T38/><D65/><U100/><E109/><V62/><F62/><W30/><G30/><T71/><D38/><U58/><E28/><V59/><F134/><W31/><G31/><T43/><D71/><U105/><E58/><V82/><F59/><W33/><G33/><T123/><D56/><U13/><E35/><V110/><F57/><W124/><G124/><T113/><D123/><RYUUKYOKU ba="1,1" sc="310,-10,114,-10,243,-10,323,30" hai3="21,26,29,40,42,45,49,54,75,78,83,93,98" /><INIT seed="3,2,1,3,0,17" ten="300,104,233,353" oya="3" hai0="116,71,5,102,115,112,92,81,93,27,20,48,28" hai1="82,76,19,119,31,117,128,96,59,30,18,24,84" hai2="3,78,124,90,12,51,135,33,61,118,80,9,111" hai3="123,22,37,50,127,29,121,43,16,42,125,21,72"/><W108/><G37/><T10/><D116/><N who="1" m="44619" /><E128/><V122/><F111/><W62/><G72/><T57/><D71/><U89/><E59/><V103/><F33/><W107/><G107/><T134/><D134/><U23/><E31/><V13/><F3/><W38/><G38/><T58/><D81/><U85/><E96/><V7/><F122/><W47/><G62/><T70/><D70/><U114/><E114/><N who="0" m="43561" /><D102/><U131/><E131/><V83/><F135/><W99/><G99/><T130/><D130/><U45/><E45/><V126/><F103/><W66/><G66/><T67/><D67/><U63/><E63/><V110/><F110/><W120/><G108/><T46/><D58/><U35/><E35/><V52/><F61/><W2/><G2/><N who="0" m="311" /><D57/><U113/><E113/><V53/><F118/><W8/><G43/><AGARI ba="2,1" hai="20,27,28,43,46,48,92,93" m="311,43561" machi="43" ten="30,2000,0" yaku="11,1,52,1" doraHai="17" who="0" fromWho="3" sc="300,36,104,0,233,0,353,-26" /><INIT seed="4,0,0,3,0,135" ten="336,104,233,327" oya="0" hai0="61,41,114,46,122,125,117,70,18,40,106,75,132" hai1="65,3,134,53,81,37,86,112,74,109,20,28,78" hai2="113,13,58,119,96,2,34,105,103,17,123,115,7" hai3="99,102,77,1,26,45,79,83,36,73,82,9,10"/><T27/><D106/><U16/><E134/><V90/><F34/><W24/><G36/><T121/><D75/><U0/><E109/><V101/><F123/><W29/><G45/><T98/><D117/><U19/><E112/><N who="2" m="43083" /><F2/><W35/><G26/><T104/><D114/><U76/><E37/><V44/><F44/><W128/><G128/><T111/><D132/><U21/><E65/><V133/><F133/><W63/><G63/><T85/><D111/><U120/><E120/><V57/><F7/><W91/><G91/><T71/><D41/><U110/><E110/><V15/><F119/><W108/><G1/><T42/><D42/><U59/><E28/><V84/><F103/><W131/><G131/><T51/><D85/><U32/><E32/><V39/><F39/><W92/><G108/><T38/><D38/><U66/><E66/><V80/><F15/><W64/><G64/><T129/><D129/><U50/><E74/><AGARI ba="0,0" hai="9,10,24,29,35,73,74,77,79,82,83,92,99,102" machi="74" ten="30,2000,0" yaku="7,1,9,1" doraHai="135" who="3" fromWho="1" sc="336,0,104,-20,233,0,327,20" /><INIT seed="5,0,0,4,2,44" ten="336,84,233,347" oya="1" hai0="45,8,135,33,5,57,79,134,118,90,25,61,41" hai1="28,19,130,102,109,126,89,94,103,124,42,88,128" hai2="132,120,58,60,35,104,59,95,7,73,67,30,101" hai3="108,3,75,125,15,112,4,6,96,46,123,11,127"/><U29/><E42/><V80/><F104/><W24/><G108/><T17/><D79/><U81/><E19/><V18/><F120/><W47/><G123/><T40/><D118/><U72/><E109/><V115/><F132/><N who="0" m="50730" /><D90/><N who="1" m="34923" /><E94/><V114/><F73/><W97/><G75/><T133/><D45/><U55/><E55/><V74/><F74/><W31/><G3/><N who="0" m="63" /><D133/><U22/><E72/><V113/><F80/><W66/><G66/><N who="0" m="39215" /><D17/><U111/><E81/><V39/><F18/><W119/><G119/><T86/><D86/><U38/><E38/><V14/><F35/><W98/><G6/><T82/><D82/><U84/><E84/><V52/><F39/><W49/><G47/><T10/><D10/><U64/><E64/><V78/><F78/><W56/><G56/><T0/><D0/><U93/><E111/><V76/><F76/><W121/><G121/><T105/><D105/><U65/><E65/><V37/><F37/><W54/><G112/><T117/><D117/><U129/><E93/><V50/><F95/><W26/><G31/><AGARI ba="0,0" hai="25,31,33,40,41" m="39215,63,50730" machi="31" ten="30,1000,0" yaku="20,1" doraHai="44" who="0" fromWho="3" sc="336,10,84,0,233,0,347,-10" /><INIT seed="6,0,0,3,3,45" ten="346,84,233,337" oya="2" hai0="74,112,72,99,86,128,85,108,36,23,80,50,121" hai1="3,100,82,42,13,113,70,131,76,129,65,54,29" hai2="60,18,1,32,133,41,71,116,73,19,98,91,52" hai3="9,46,104,40,38,39,126,115,33,103,120,14,95"/><V111/><F73/><N who="0" m="28266" /><D36/><U88/><E3/><V97/><F1/><W118/><G118/><T79/><D50/><U69/><E29/><V57/><F111/><W119/><G104/><T10/><D10/><U75/><E42/><V26/><F133/><W64/><G126/><T135/><D23/><U94/><E113/><V87/><F116/><W51/><G120/><T11/><D11/><U58/><E100/><V7/><F7/><W0/><G33/><T15/><D15/><U61/><E13/><V43/><F71/><W53/><G64/><T44/><D44/><U37/><E37/><V5/><F5/><W56/><G115/><T84/><D135/><U49/><REACH who="1" step="1"/><E70/><REACH who="1" ten="346,74,233,337" step="2"/><V6/><F43/><W62/><G119/><T12/><D112/><U27/><E27/><V24/><F41/><W110/><G0/><T83/><D12/><U59/><E59/><V68/><F68/><W125/><G110/><T30/><D108/><U17/><E17/><N who="2" m="6155" /><F32/><W124/><G124/><T134/><D30/><U21/><E21/><V107/><F24/><W132/><G125/><T109/><D109/><U16/><E16/><V123/><F26/><W67/><G132/><T28/><D28/><U89/><E89/><V34/><F91/><W96/><G40/><T25/><D25/><U78/><E78/><V130/><F57/><W105/><G105/><T20/><D79/><U48/><E48/><V81/><F34/><W63/><G63/><T114/><D20/><U22/><E22/><V92/><F60/><W31/><G31/><T102/><D114/><U2/><E2/><V106/><F6/><AGARI ba="0,1" hai="6,9,14,38,39,46,51,53,56,62,67,95,96,103" machi="6" ten="30,3900,0" yaku="6,1,7,1,52,1" doraHai="45" who="3" fromWho="2" sc="346,0,74,0,233,-39,337,49" /><INIT seed="7,0,0,2,3,74" ten="346,74,194,386" oya="3" hai0="69,131,90,34,73,134,114,79,21,65,132,16,58" hai1="36,109,43,49,61,53,127,126,106,107,77,22,0" hai2="102,92,13,9,5,7,19,54,115,62,3,6,112" hai3="100,1,41,89,75,120,123,121,50,14,80,72,29"/><W26/><G1/><T93/><D34/><U35/><E35/><V124/><F124/><W129/><G100/><T128/><D69/><U125/><E0/><V18/><F18/><W135/><G14/><N who="0" m="9367" /><D65/><U52/><E109/><V10/><F54/><W17/><G17/><T47/><D47/><U64/><E22/><V119/><F62/><W101/><G101/><T68/><D68/><U38/><E77/><V117/><F92/><W45/><G135/><N who="0" m="51755" /><D58/><N who="1" m="36919" /><E106/><V104/><F102/><W86/><REACH who="3" step="1"/><G129/><REACH who="3" ten="346,74,194,376" step="2"/><N who="0" m="49739" /><D114/><N who="2" m="43562" /><F104/><W24/><G24/><T71/><D71/><U25/><E107/><V103/><F103/><W30/><G30/><T99/><D73/><U11/><E11/><V85/><F10/><W78/><G78/><AGARI ba="0,1" hai="78,79,90,93,99" m="49739,51755,9367" machi="78" ten="30,8000,1" yaku="20,1,19,1,52,2,54,1" doraHai="74" who="0" fromWho="3" sc="346,90,74,0,194,0,376,-80" owari="436,54.0,74,-43.0,194,-21.0,296,10.0" /></mjloggm>