<mjloggm ver="2.3"><GO type="185" lobby="0"/><UN n0="%63%61%6C%63%2E" n1="%E6%B0%B7%E3%81%AE%4B" n2="%E3%82%B5%E3%83%B3%E3%83%9E%E6%BC%81%E5%B8%AB%4B" n3="" dan="19,16,17,0" rate="2386.23,2129.09,2273.08,1500.00" sx="M,M,M,C"/><TAIKYOKU oya="0"/><INIT seed="0,0,0,1,1,41" ten="350,350,350,0" oya="0" hai0="86,3,78,124,35,69,81,85,42,120,47,117,101" hai1="105,129,130,131,112,134,113,108,132,87,63,90,58" hai2="43,68,55,34,45,103,49,126,32,107,115,82,92" hai3=""/><T2/><N who="0" m="30752" /><T79/><D117/><U38/><E105/><V57/><F115/><N who="1" m="44105" /><E108/><V110/><F110/><T37/><D35/><U93/><E38/><V39/><F126/><T122/><N who="0" m="31264" /><T95/><D69/><U88/><E90/><V77/><F107/><T106/><D124/><U56/><E56/><V67/><F92/><T50/><D106/><U52/><AGARI ba="0,0" hai="52,58,63,87,88,93,129,130,131,132,134" m="44105" machi="52" ten="40,6000,1" yaku="19,1,11,1,54,2" doraHai="41" who="1" fromWho="1" sc="350,-40,350,60,350,-20,0,0" /><INIT seed="1,0,0,5,2,126" ten="310,410,330,0" oya="1" hai0="35,68,124,106,42,91,3,98,96,122,119,36,104" hai1="32,132,94,93,74,45,111,71,46,50,1,95,77" hai2="86,60,128,41,61,135,125,110,117,78,75,103,133" hai3=""/><U39/><E1/><V102/><F41/><T97/><N who="0" m="31264" /><T123/><N who="0" m="31520" /><T76/><D3/><U0/><E32/><V37/><F37/><T90/><D35/><U92/><E0/><V49/><F75/><T118/><D68/><U79/><E132/><V70/><F70/><T109/><D124/><U65/><E111/><V112/><F117/><N who="0" m="44554" /><D109/><U44/><E39/><V113/><F125/><T85/><D42/><U66/><E74/><V88/><F78/><T108/><D108/><U134/><E134/><N who="2" m="51211" /><F49/><T55/><D55/><U52/><N who="1" m="23552" /><DORA hai="63" /><U114/><E114/><N who="2" m="44139" /><F110/><T116/><D36/><U84/><E71/><V99/><F99/><T34/><D34/><U72/><E72/><V53/><F53/><T83/><D116/><U131/><E131/><V107/><F107/><AGARI ba="0,0" hai="76,83,85,90,91,96,97,98,104,106,107" m="44554,31520,31264" machi="107" ten="40,8000,1" yaku="12,1,34,2,52,2" doraHai="126,63" who="0" fromWho="2" sc="310,80,410,0,330,-80,0,0" /><INIT seed="2,0,0,2,1,76" ten="390,410,250,0" oya="2" hai0="133,96,83,56,87,103,0,111,120,84,40,128,68" hai1="101,78,117,88,85,64,125,46,71,123,36,69,86" hai2="47,95,110,92,73,38,113,54,34,82,126,52,44" hai3=""/><V50/><F113/><T79/><N who="0" m="30752" /><T42/><D68/><U35/><N who="1" m="31520" /><U45/><E35/><V97/><F34/><T58/><D0/><U134/><E117/><V75/><F126/><T61/><D111/><U109/><E125/><V66/><F110/><T62/><D128/><U43/><E109/><V116/><F116/><T93/><D133/><U132/><E101/><V65/><F50/><T122/><N who="0" m="31264" /><T48/><D87/><U121/><N who="1" m="31008" /><U135/><E64/><V51/><F51/><T60/><D42/><U106/><E106/><V129/><F97/><T32/><D32/><U89/><E78/><V77/><F77/><T131/><D131/><U94/><E46/><AGARI ba="0,0" hai="40,46,48,56,58,60,61,62,79,83,84,93,96,103" m="31264,30752" machi="46" ten="40,8000,1" yaku="8,1,52,3" doraHai="76" who="0" fromWho="1" sc="390,80,410,-80,250,0,0,0" /><INIT seed="4,0,0,2,3,61" ten="470,330,250,0" oya="0" hai0="121,72,53,122,112,106,39,58,52,105,2,114,94" hai1="55,37,1,104,101,40,131,99,33,59,68,65,83" hai2="73,98,96,81,110,76,90,108,35,130,118,3,125" hai3=""/><T132/><N who="0" m="31008" /><T67/><N who="0" m="31264" /><T88/><D72/><U74/><E1/><V100/><F35/><T51/><D2/><U45/><E33/><V113/><F3/><T117/><D117/><U46/><E131/><V42/><F42/><T127/><D39/><U119/><E119/><V60/><F118/><T120/><N who="0" m="30752" /><T128/><D128/><U54/><E46/><V44/><F44/><T0/><D0/><U38/><E38/><V123/><N who="2" m="31520" /><V126/><F130/><T69/><D53/><U47/><E47/><V135/><F60/><T92/><D132/><U79/><REACH who="1" step="1"/><E68/><REACH who="1" ten="470,320,250,0" step="2"/><V43/><F135/><T85/><D69/><U84/><E84/><V124/><F43/><T66/><D127/><U129/><E129/><V57/><F57/><T95/><D112/><U48/><E48/><V32/><F32/><T70/><D114/><U36/><E36/><V49/><F49/><T41/><D70/><U50/><E50/><V82/><F113/><T107/><REACH who="0" step="1"/><D41/><REACH who="0" ten="460,320,250,0" step="2"/><U111/><E111/><V87/><REACH who="2" step="1"/><F98/><REACH who="2" ten="460,320,240,0" step="2"/><T91/><D91/><U62/><AGARI ba="0,3" hai="37,40,45,54,55,59,62,65,74,79,83,99,101,104" machi="62" ten="30,5900,0" yaku="1,1,0,1,52,1,53,1" doraHai="61" doraHaiUra="97" who="1" fromWho="1" sc="460,-39,320,89,240,-20,0,0" /><INIT seed="5,0,0,2,0,116" ten="421,409,220,0" oya="1" hai0="113,124,42,80,121,3,90,69,70,87,53,112,32" hai1="58,132,72,0,100,81,125,65,78,47,67,55,133" hai2="129,68,93,130,92,114,102,60,50,41,103,66,2" hai3=""/><U106/><E0/><V51/><F2/><T57/><N who="0" m="31008" /><T86/><D3/><U37/><E125/><V73/><F73/><T71/><D32/><U38/><E100/><V107/><F107/><T82/><D42/><U97/><E97/><V109/><F109/><T99/><D99/><U45/><E106/><V83/><F83/><T1/><D1/><U61/><E81/><V111/><F111/><T119/><D119/><U104/><E78/><V85/><F85/><T64/><D64/><N who="1" m="24651" /><E72/><V48/><F41/><T117/><D124/><U76/><E76/><V35/><F35/><T79/><REACH who="0" step="1"/><D117/><REACH who="0" ten="411,409,220,0" step="2"/><U84/><E104/><V88/><F114/><T49/><AGARI ba="0,1" hai="49,53,57,69,70,71,79,80,82,86,87,90,112,113" m="31008" machi="49" ten="40,6000,1" yaku="1,1,2,1,0,1,52,2,53,0" doraHai="116" doraHaiUra="128" who="0" fromWho="0" sc="411,70,409,-40,220,-20,0,0" /><INIT seed="6,0,0,5,0,70" ten="481,369,200,0" oya="2" hai0="33,125,85,110,84,128,120,134,48,34,111,44,49" hai1="95,67,63,77,57,32,51,119,94,41,130,124,3" hai2="75,61,50,66,103,68,127,65,93,109,123,105,45" hai3=""/><V122/><N who="2" m="31264" /><V91/><N who="2" m="31520" /><V129/><F75/><T118/><N who="0" m="30752" /><T62/><D118/><U36/><E3/><V115/><F109/><T52/><D62/><U69/><E32/><V100/><F129/><T47/><D134/><U89/><E130/><V38/><F105/><T90/><D128/><U40/><E124/><V35/><F35/><T37/><D37/><U86/><E119/><V133/><F127/><T83/><D125/><U114/><E114/><V76/><F115/><T0/><D0/><U60/><E77/><V116/><F116/><T43/><D34/><U107/><E107/><V46/><F76/><T132/><D132/><U87/><E51/><V72/><F72/><T96/><D33/><U54/><E36/><V126/><F66/><T80/><D96/><U74/><E74/><V131/><F131/><T108/><D111/><U55/><E54/><V71/><F71/><T135/><D135/><U56/><E69/><V117/><F117/><T102/><D102/><N who="2" m="38954" /><F133/><T98/><D98/><U64/><REACH who="1" step="1"/><E55/><REACH who="1" ten="481,359,200,0" step="2"/><V112/><F112/><T82/><D110/><U78/><E78/><V113/><F113/><T97/><D108/><U53/><E53/><V88/><F126/><T101/><D48/><U81/><E81/><RYUUKYOKU ba="0,1" sc="481,-10,359,20,200,-10,0,0" hai1="40,41,56,57,60,63,64,67,86,87,89,94,95" owari="481,43.0,379,-2.0,190,-41.0,0,0.0" /></mjloggm>