<mjloggm ver="2.3"><GO type="169" lobby="0"/><UN n0="%E3%81%B5%E3%81%98%E3%81%8B%E3%81%A4" n1="%E3%82%B3%E3%83%A1%E3%83%83%E3%83%88%E3%82%8D%E3%82%93" n2="%4D%6F%6E%6F%69%64" n3="%E9%B4%A8%E8%91%B1%E5%A4%AA%E9%83%8E" dan="16,16,16,17" rate="2172.10,2010.97,2164.31,2162.14" sx="M,M,F,M"/><TAIKYOKU oya="0"/><INIT seed="0,0,0,1,2,2" ten="250,250,250,250" oya="0" hai0="135,45,20,119,29,84,88,96,39,130,125,27,91" hai1="113,53,129,17,68,57,122,58,106,82,18,85,37" hai2="111,134,23,97,99,51,72,49,11,70,112,12,120" hai3="102,1,86,116,26,63,54,8,95,56,93,123,121"/><T98/><D119/><U10/><E122/><V28/><F120/><W48/><G116/><T42/><D135/><U76/><E68/><V16/><F112/><W21/><G121/><T65/><D130/><U124/><E106/><V30/><F70/><W69/><G123/><T9/><D125/><U14/><E37/><V81/><F134/><W104/><G104/><T132/><D132/><U59/><E129/><V118/><F118/><W109/><G109/><T7/><D65/><U36/><E36/><V77/><F111/><W79/><G102/><T78/><D78/><U101/><E101/><V131/><F131/><W92/><G69/><T94/><REACH who="0" step="1"/><D91/><REACH who="0" ten="240,250,250,250" step="2"/><U80/><E124/><V126/><F126/><W34/><G79/><T114/><D114/><U133/><E113/><V103/><F97/><W115/><G115/><T44/><D44/><U83/><E133/><V100/><F100/><W90/><G34/><T25/><D25/><U108/><E108/><V46/><F46/><W67/><G67/><T33/><D33/><U22/><REACH who="1" step="1"/><E53/><REACH who="1" ten="240,240,250,250" step="2"/><V24/><REACH who="2" step="1"/><F30/><REACH who="2" ten="240,240,240,250" step="2"/><W64/><G64/><T4/><D4/><U127/><E127/><V41/><F41/><W32/><G54/><T55/><D55/><U89/><E89/><V74/><F74/><W31/><G90/><T19/><D19/><U73/><E73/><V6/><F6/><W13/><G31/><T50/><D50/><U0/><E0/><AGARI ba="0,3" hai="0,7,9,20,27,29,39,42,45,84,88,94,96,98" machi="0" ten="30,12000,1" yaku="1,1,7,1,52,1,54,1,53,1" doraHai="2" doraHaiUra="71" who="0" fromWho="1" sc="240,150,240,-120,240,0,250,0" /><INIT seed="0,1,0,5,1,6" ten="390,120,240,250" oya="0" hai0="125,29,23,106,85,107,115,117,32,45,77,10,8" hai1="22,134,16,66,39,18,99,127,43,122,124,94,9" hai2="95,70,27,14,132,92,129,0,135,4,113,53,52" hai3="2,21,48,33,114,34,76,63,24,102,91,108,38"/><T118/><D45/><N who="1" m="23807" /><E122/><V121/><F121/><W119/><G38/><T116/><D77/><U26/><E66/><V37/><F113/><W55/><G2/><T41/><D41/><U13/><E134/><N who="2" m="51243" /><F129/><W44/><G114/><T1/><D115/><U15/><E124/><V120/><F120/><W35/><G119/><T28/><D85/><U73/><E73/><V130/><F130/><W69/><G102/><T20/><D125/><U56/><E127/><V49/><F37/><W80/><G91/><T82/><D82/><U112/><E112/><V90/><F0/><W105/><G105/><N who="0" m="39947" /><D32/><U50/><E56/><N who="2" m="32783" /><F70/><W60/><G69/><T101/><D101/><N who="1" m="60663" /><E50/><V79/><F79/><W72/><REACH who="3" step="1"/><G108/><REACH who="3" ten="390,120,240,240" step="2"/><T84/><D1/><U103/><E103/><V67/><F90/><W40/><G40/><T47/><D118/><U133/><E133/><V46/><F67/><W128/><G128/><T111/><D117/><U83/><E83/><V100/><F100/><W88/><G88/><T31/><D111/><U7/><E18/><AGARI ba="1,1" hai="18,21,24,33,34,35,44,48,55,60,63,72,76,80" machi="18" ten="40,1300,0" yaku="1,1,53,0" doraHai="6" doraHaiUra="87" who="3" fromWho="1" sc="390,0,120,-16,240,0,240,26" /><INIT seed="1,0,0,3,1,85" ten="390,104,240,266" oya="1" hai0="2,13,4,95,47,71,116,59,50,112,108,60,76" hai1="94,123,66,34,104,109,133,67,5,78,6,36,45" hai2="99,83,86,35,72,80,87,68,79,117,102,24,0" hai3="41,49,54,14,84,8,65,46,113,134,32,106,129"/><U38/><E123/><V93/><F68/><W37/><G32/><T52/><D116/><U92/><E104/><N who="2" m="63583" /><F0/><W124/><G106/><T89/><D112/><U74/><E34/><V132/><F24/><W64/><G113/><T12/><D108/><U53/><E109/><V101/><F35/><W11/><G11/><T27/><D76/><U57/><E133/><V118/><F132/><W128/><G134/><T25/><D71/><U33/><E33/><V62/><F62/><W1/><G1/><T39/><D39/><N who="1" m="14891" /><E78/><N who="2" m="44103" /><F101/><W103/><G103/><T110/><D2/><U26/><E74/><V15/><F15/><N who="0" m="5706" /><D110/><U58/><E26/><V43/><F43/><W98/><G41/><N who="0" m="24943" /><D4/><N who="1" m="1643" /><E53/><V125/><F125/><W82/><G124/><T111/><D111/><U130/><E45/><V73/><F73/><W131/><G37/><T42/><D42/><U97/><E66/><V96/><F96/><AGARI ba="0,0" hai="25,27,52,59,60,89,95,96" m="24943,5706" machi="96" ten="30,3900,0" yaku="8,1,52,1,54,1" doraHai="85" who="0" fromWho="2" sc="390,39,104,0,240,-39,266,0" /><INIT seed="2,0,0,1,4,63" ten="429,104,201,266" oya="2" hai0="121,117,118,101,83,31,107,104,39,65,76,115,98" hai1="73,74,77,114,51,108,10,33,85,30,126,29,23" hai2="46,66,34,75,50,135,13,90,84,110,0,44,38" hai3="128,28,132,78,127,68,92,40,53,48,4,133,71"/><V88/><F0/><W55/><G78/><T45/><D121/><U24/><E114/><V134/><F75/><W72/><G72/><N who="0" m="43399" /><D31/><U62/><E108/><V125/><F34/><W17/><G28/><T37/><D115/><U64/><E126/><V96/><F125/><W129/><G17/><T124/><D124/><U116/><E116/><N who="0" m="44649" /><D107/><U102/><E102/><V5/><F110/><W8/><G92/><T52/><D65/><U97/><E97/><V89/><F96/><W67/><G4/><T54/><D45/><U9/><E74/><V56/><F84/><W87/><G87/><T131/><D131/><N who="3" m="50249" /><G8/><T47/><D47/><U42/><E73/><V122/><F122/><W1/><G1/><T21/><D21/><U81/><E29/><V12/><F38/><AGARI ba="0,0" hai="37,38,39,52,54,98,101,104" m="44649,43399" machi="38" ten="30,2000,0" yaku="12,1,54,1" doraHai="63" who="0" fromWho="2" sc="429,20,104,0,201,-20,266,0" /><INIT seed="3,0,0,2,5,132" ten="449,104,181,266" oya="3" hai0="54,25,100,33,106,10,117,1,21,16,109,76,12" hai1="114,88,37,89,113,111,34,71,96,5,81,59,27" hai2="95,58,43,85,101,102,8,53,13,6,9,128,3" hai3="87,2,134,80,97,23,14,32,121,105,107,0,118"/><W82/><G32/><T31/><D117/><U129/><E71/><V24/><F128/><W28/><G28/><T62/><D109/><U55/><E37/><V7/><F43/><W116/><G23/><T50/><D76/><U112/><E129/><V104/><F104/><W110/><G14/><T40/><D40/><U22/><E34/><V74/><F74/><W78/><G134/><T130/><D130/><U36/><E36/><V123/><F123/><W42/><G42/><T4/><D62/><U73/><E111/><V57/><F24/><W91/><G110/><T11/><D100/><U77/><E5/><V51/><REACH who="2" step="1"/><F58/><REACH who="2" ten="449,104,171,266" step="2"/><W44/><G121/><T75/><D75/><U120/><E120/><V72/><F72/><W45/><G107/><T52/><D106/><U93/><E113/><V68/><F68/><W18/><G105/><T56/><D11/><U49/><REACH who="1" step="1"/><E89/><AGARI ba="0,1" hai="3,6,7,8,9,13,51,53,57,85,89,95,101,102" machi="89" ten="40,1300,0" yaku="1,1,53,0" doraHai="132" doraHaiUra="26" who="2" fromWho="1" sc="449,0,104,-13,171,23,266,0" /><INIT seed="4,0,0,3,0,121" ten="449,91,194,266" oya="0" hai0="3,118,67,46,135,97,36,64,16,33,50,122,90" hai1="12,117,77,58,87,84,9,61,34,51,103,83,98" hai2="127,93,54,96,105,66,15,31,4,30,53,25,113" hai3="70,5,52,8,44,0,80,112,26,28,108,114,40"/><T21/><D122/><U102/><E117/><V62/><F105/><W69/><G52/><N who="2" m="20073" /><F113/><W104/><G104/><T76/><D33/><U43/><E34/><V124/><F4/><W47/><G47/><T6/><D118/><U116/><E116/><V119/><F119/><W74/><G108/><T134/><D36/><U94/><E43/><V91/><F15/><W17/><G17/><T95/><D76/><U29/><E29/><V78/><F78/><N who="3" m="44119" /><G114/><T111/><D3/><U85/><E51/><V73/><F73/><W23/><G112/><T57/><D6/><U32/><E32/><V38/><F38/><AGARI ba="0,0" hai="0,5,8,23,26,28,38,40,44,69,70" m="44119" machi="38" ten="30,1000,0" yaku="25,1" doraHai="121" who="3" fromWho="2" sc="449,0,91,0,194,-10,266,10" /><INIT seed="5,0,0,4,2,17" ten="449,91,184,276" oya="1" hai0="10,89,106,27,24,117,82,16,53,94,69,80,59" hai1="108,79,20,48,128,29,135,120,98,101,41,51,97" hai2="63,92,30,18,47,110,55,50,7,132,107,67,74" hai3="4,8,100,64,85,54,12,125,21,84,95,119,76"/><U45/><E120/><V112/><F107/><W0/><G119/><T34/><D117/><U104/><E128/><V3/><F74/><W102/><G125/><T37/><D37/><U15/><E135/><V126/><F110/><W46/><G64/><T72/><D69/><U118/><E118/><V2/><F126/><W99/><G102/><T127/><D106/><U103/><E108/><V60/><F132/><W83/><G85/><T78/><D127/><U6/><E79/><V43/><F112/><W86/><G86/><T81/><D34/><U52/><E6/><V56/><F30/><W58/><G46/><T134/><D134/><U122/><E122/><V88/><F7/><W1/><G21/><N who="0" m="13351" /><D10/><U32/><E32/><V9/><F9/><W36/><REACH who="3" step="1"/><G36/><REACH who="3" ten="449,91,184,266" step="2"/><T75/><D72/><U113/><E113/><V61/><F2/><W114/><G114/><T66/><D66/><U68/><E68/><V5/><F3/><W133/><G133/><T28/><D75/><U38/><E38/><V44/><F5/><W73/><G73/><T115/><D115/><U40/><E48/><AGARI ba="0,1" hai="0,1,4,8,12,48,54,58,76,83,84,95,99,100" machi="48" ten="30,2000,0" yaku="1,1,7,1,53,0" doraHai="17" doraHaiUra="111" who="3" fromWho="1" sc="449,0,91,-20,184,0,266,30" /><INIT seed="6,0,0,5,3,124" ten="449,71,184,296" oya="2" hai0="128,83,120,61,46,68,117,64,37,49,53,75,43" hai1="84,78,60,66,81,107,110,56,47,40,31,32,9" hai2="95,42,54,85,101,29,92,45,0,62,115,121,132" hai3="12,126,69,34,108,11,130,51,19,10,116,2,86"/><V79/><F121/><W131/><G69/><T20/><D120/><U133/><E110/><V39/><F0/><W59/><G108/><T96/><D20/><U41/><E133/><V13/><F132/><W129/><G126/><T112/><D96/><U106/><E32/><V90/><F115/><W82/><G34/><T27/><D27/><U35/><E35/><V109/><F109/><W15/><G2/><T80/><D112/><U72/><E72/><V52/><F29/><W93/><G93/><T30/><D30/><U16/><E31/><V122/><F122/><W55/><G116/><T14/><D14/><N who="3" m="5161" /><G19/><T87/><D117/><U25/><E41/><V44/><F79/><AGARI ba="0,0" hai="10,11,51,55,59,79,82,86,129,130,131" m="5161" machi="79" ten="30,7700,0" yaku="19,1,52,3" doraHai="124" who="3" fromWho="2" sc="449,0,71,0,184,-77,296,77" /><INIT seed="7,0,0,5,2,44" ten="449,71,107,373" oya="3" hai0="26,46,94,91,68,64,35,49,88,14,67,117,47" hai1="105,60,19,111,86,124,98,115,11,103,97,36,20" hai2="131,106,128,83,50,27,43,24,129,9,3,120,133" hai3="0,74,62,29,57,101,10,127,34,69,21,30,90"/><W73/><G69/><T28/><D117/><U89/><E111/><V15/><F3/><W41/><G34/><T109/><D109/><U119/><E36/><V107/><F133/><W12/><G0/><T51/><D68/><U82/><E119/><V4/><F120/><W110/><G110/><T52/><D14/><U59/><E115/><V125/><F125/><W116/><G116/><T95/><D91/><U87/><E124/><V96/><F83/><W104/><G41/><T16/><D94/><U93/><E105/><N who="2" m="39947" /><F96/><W23/><G127/><T75/><D75/><U118/><E118/><V61/><F61/><W54/><G90/><T71/><D71/><U100/><E11/><V121/><F121/><W134/><G134/><T132/><D132/><U112/><E112/><V80/><F80/><W72/><G101/><T76/><D76/><U31/><E31/><V6/><F6/><W122/><G104/><T53/><D16/><U130/><E130/><V58/><F43/><W7/><REACH who="3" step="1"/><G122/><REACH who="3" ten="449,71,107,363" step="2"/><T8/><D8/><U37/><E103/><V25/><F129/><W2/><G2/><T48/><D48/><U85/><E100/><V81/><F128/><W135/><G135/><T77/><D77/><U70/><E70/><V63/><F131/><W99/><G99/><AGARI ba="0,1" hai="26,28,35,46,47,49,51,52,53,64,67,88,95,99" machi="99" ten="30,12000,2" yaku="7,1,9,1,52,2,54,2" doraHai="44" who="0" fromWho="3" sc="449,130,71,0,107,0,363,-120" owari="579,68.0,71,-43.0,107,-29.0,243,4.0" /></mjloggm>