<mjloggm ver="2.3"><GO type="185" lobby="0"/><UN n0="%E4%B8%96%E7%9B%B4%E3%81%97%E4%BA%BA" n1="%E5%A4%9A%E6%9E%97%E6%99%8B" n2="%28%C2%B4%E3%81%B8%CE%B5%E3%81%B8%60%29" n3="" dan="17,16,20,0" rate="2263.24,2222.87,2412.80,1500.00" sx="M,M,M,C"/><TAIKYOKU oya="0"/><INIT seed="0,0,0,1,1,126" ten="350,350,350,0" oya="0" hai0="83,51,77,42,92,122,129,61,48,91,114,98,104" hai1="33,46,35,102,88,78,132,58,84,89,117,50,125" hai2="81,70,109,103,37,75,44,3,110,133,72,121,119" hai3=""/><T106/><N who="0" m="31264" /><T43/><D114/><U99/><E117/><V93/><N who="2" m="31008" /><V108/><F3/><T62/><D129/><U54/><E125/><V52/><F119/><T94/><D83/><U85/><E132/><V82/><F70/><T71/><D77/><U101/><E78/><V55/><F133/><T1/><D1/><U0/><E0/><V116/><F116/><T39/><D39/><U65/><E33/><V100/><F37/><T87/><D71/><U64/><E35/><V134/><F134/><T95/><D98/><U80/><E46/><V60/><F44/><T57/><D87/><U79/><E79/><V74/><F60/><N who="0" m="23146" /><D91/><U115/><E115/><V47/><F93/><T107/><D57/><U38/><E38/><V105/><F47/><T131/><D131/><U66/><E99/><V34/><F34/><T53/><D53/><N who="2" m="20554" /><F105/><T124/><D124/><U2/><E2/><V118/><F118/><T45/><D45/><U49/><E50/><AGARI ba="0,0" hai="42,43,48,50,51,92,94,95,104,106,107" m="23146,31264" machi="50" ten="40,7700,0" yaku="28,2,52,1" doraHai="126" who="0" fromWho="1" sc="350,77,350,-77,350,0,0,0" /><INIT seed="0,1,0,3,1,40" ten="427,273,350,0" oya="0" hai0="65,81,60,111,90,2,58,84,108,69,53,55,121" hai1="91,88,38,52,98,56,67,54,47,44,92,0,82" hai2="41,42,83,80,116,107,79,37,128,133,105,134,61" hai3=""/><T70/><N who="0" m="31008" /><T57/><D2/><U101/><E0/><V130/><F61/><T93/><D81/><N who="2" m="31306" /><F37/><T110/><REACH who="0" step="1"/><D65/><REACH who="0" ten="417,273,350,0" step="2"/><U51/><E67/><V72/><F72/><T129/><D129/><N who="2" m="49770" /><F79/><T33/><D33/><U87/><E38/><V132/><F116/><T75/><D75/><U64/><E64/><V115/><F115/><T103/><D103/><U114/><E114/><V100/><F100/><T34/><D34/><U124/><E124/><V43/><AGARI ba="1,1" hai="41,42,43,105,107,132,133,134" m="49770,31306" machi="43" ten="40,6000,1" yaku="28,2,20,1,19,1" doraHai="40" who="2" fromWho="2" sc="417,-41,273,-21,350,72,0,0" /><INIT seed="1,0,0,3,2,32" ten="376,252,422,0" oya="1" hai0="34,57,123,87,73,92,61,37,79,47,0,101,53" hai1="42,130,131,82,126,40,124,100,96,67,109,86,56" hai2="71,88,68,50,85,90,49,105,115,94,46,106,60" hai3=""/><U83/><E109/><V54/><F115/><T118/><N who="0" m="31520" /><T1/><D34/><U132/><E67/><V63/><F68/><T35/><D35/><U84/><E56/><V64/><F63/><T70/><D70/><U104/><E40/><V98/><REACH who="2" step="1"/><F50/><REACH who="2" ten="376,252,412,0" step="2"/><T51/><D51/><U43/><E43/><V39/><F39/><T128/><D61/><U65/><E42/><V58/><F58/><T121/><D57/><U108/><E65/><V97/><F97/><T119/><D37/><U52/><E52/><V93/><AGARI ba="0,1" hai="46,49,54,60,64,71,85,88,90,93,94,98,105,106" machi="93" ten="20,6000,1" yaku="1,1,0,1,7,1,54,1,53,1" doraHai="32" doraHaiUra="48" who="2" fromWho="2" sc="376,-20,252,-40,412,70,0,0" /><INIT seed="2,0,0,2,4,66" ten="356,212,482,0" oya="2" hai0="126,54,123,72,44,56,132,114,41,0,71,63,117" hai1="52,48,57,67,110,106,38,120,96,113,89,77,111" hai2="53,127,86,130,105,34,88,33,39,122,55,35,46" hai3=""/><V129/><N who="2" m="31264" /><V92/><F105/><T112/><N who="0" m="31520" /><T95/><D0/><U1/><N who="1" m="30752" /><U3/><E113/><V84/><F127/><T50/><D72/><U116/><E38/><V61/><F84/><T2/><D2/><U133/><E116/><V78/><F78/><T121/><N who="0" m="31008" /><T124/><D117/><U101/><E77/><V36/><F61/><T109/><D109/><N who="1" m="41483" /><E133/><V68/><F68/><T91/><D132/><U102/><E102/><V97/><F97/><T81/><D81/><U128/><E128/><N who="2" m="49259" /><F36/><T94/><D71/><U59/><E89/><V43/><AGARI ba="0,0" hai="33,34,35,39,43,46,53,55,86,88,92" m="49259,31264" machi="43" ten="40,5200,0" yaku="19,1,52,1,54,1" doraHai="66" who="2" fromWho="2" sc="356,-26,212,-26,482,52,0,0" /><INIT seed="2,1,0,0,3,72" ten="330,186,534,0" oya="2" hai0="80,44,87,114,69,56,129,79,77,123,45,111,128" hai1="82,35,90,124,39,112,50,33,67,116,131,103,2" hai2="81,93,47,70,135,117,85,61,59,73,94,83,96" hai3=""/><V115/><F117/><T46/><N who="0" m="31520" /><T95/><D69/><U58/><E2/><V78/><F115/><T84/><D114/><U133/><E39/><V52/><F135/><T130/><D111/><U32/><E112/><V132/><F132/><T110/><D110/><U104/><E133/><V109/><F109/><T49/><D95/><U76/><E116/><V105/><F70/><T3/><D3/><U1/><E1/><V99/><F47/><N who="0" m="17994" /><D56/><U126/><E131/><N who="0" m="33537" /><T40/><DORA hai="37" /><D84/><U41/><E104/><V66/><F105/><T36/><D79/><U100/><E76/><V63/><F93/><T86/><D86/><U134/><E134/><V97/><F94/><T38/><AGARI ba="1,0" hai="36,38,40,46,49,77,80,87" m="33537,17994,31520" machi="38" ten="50,6000,1" yaku="19,1,52,3" doraHai="72,37" who="0" fromWho="0" sc="330,62,186,-21,534,-41,0,0" /><INIT seed="4,0,0,4,3,40" ten="392,165,493,0" oya="0" hai0="58,112,111,71,38,135,128,92,118,97,56,33,113" hai1="76,99,133,70,114,83,126,34,131,3,125,106,104" hai2="124,0,115,105,62,2,73,132,79,91,50,82,55" hai3=""/><T74/><RYUUKYOKU type="yao9" ba="0,0" sc="392,0,165,0,493,0,0,0" hai0="33,38,56,58,71,74,92,97,111,112,113,118,128,135" /><INIT seed="4,1,0,2,2,121" ten="392,165,493,0" oya="0" hai0="33,85,38,42,89,81,101,64,90,132,82,63,3" hai1="34,103,60,53,65,115,55,113,74,32,119,97,77" hai2="110,51,124,59,91,35,84,129,125,66,48,134,37" hai3=""/><T75/><D3/><U127/><E119/><V41/><F35/><T87/><D33/><U135/><E135/><V2/><F2/><T44/><D132/><U69/><E127/><N who="2" m="48715" /><F134/><T58/><D101/><U62/><E77/><V39/><F129/><T61/><D61/><U67/><E74/><AGARI ba="1,0" hai="38,42,44,58,63,64,74,75,81,82,85,87,89,90" machi="74" ten="40,2000,0" yaku="9,1" doraHai="121" who="0" fromWho="1" sc="392,22,165,-22,493,0,0,0" /><INIT seed="4,2,0,1,3,112" ten="414,143,493,0" oya="0" hai0="45,46,52,135,69,33,92,43,36,91,128,37,1" hai1="71,82,86,80,61,0,131,59,40,100,121,120,38" hai2="72,41,79,84,70,65,68,88,126,113,35,50,97" hai3=""/><T103/><D33/><U129/><N who="1" m="30752" /><U32/><N who="1" m="31008" /><U119/><E32/><V94/><F35/><T49/><D1/><U56/><E0/><V115/><F72/><T89/><D69/><U51/><E71/><V60/><F68/><T48/><D128/><N who="1" m="49227" /><E38/><V90/><F79/><T99/><D135/><U73/><E100/><V47/><REACH who="2" step="1"/><F126/><REACH who="2" ten="414,143,483,0" step="2"/><T44/><REACH who="0" step="1"/><D36/><REACH who="0" ten="404,143,483,0" step="2"/><U95/><E73/><V66/><F66/><T75/><D75/><U93/><E86/><V2/><F2/><T3/><D3/><U77/><E77/><V87/><F87/><T134/><D134/><U110/><E110/><V107/><F107/><T127/><D127/><U76/><E76/><V132/><F132/><T117/><D117/><U58/><E119/><V81/><AGARI ba="2,2" hai="41,47,50,60,65,70,81,84,88,90,94,97,113,115" machi="81" ten="30,3000,0" yaku="1,1,0,1,54,1,53,0" doraHai="112" doraHaiUra="98" who="2" fromWho="2" sc="404,-22,143,-12,483,54,0,0" /><INIT seed="5,0,0,1,4,58" ten="382,131,537,0" oya="1" hai0="118,71,60,98,78,70,59,61,53,76,127,38,54" hai1="135,52,57,49,44,134,50,81,68,133,92,80,105" hai2="99,97,100,40,121,132,104,83,129,122,3,131,93" hai3=""/><U87/><E105/><V69/><N who="2" m="31008" /><V85/><N who="2" m="31264" /><V55/><F3/><T35/><D35/><U33/><E33/><V65/><F132/><T73/><D38/><U112/><E68/><V86/><F40/><T62/><D127/><U36/><E36/><V90/><F55/><T126/><D126/><U124/><E112/><V116/><F116/><T123/><N who="0" m="31520" /><T64/><D118/><U74/><E74/><V95/><F65/><T47/><D73/><U82/><E92/><V77/><F69/><T42/><D98/><U130/><E124/><V41/><F41/><T117/><D117/><U114/><E114/><V115/><F115/><T75/><D75/><U32/><E32/><V37/><F37/><T103/><D103/><AGARI ba="0,0" hai="77,83,85,86,90,93,95,97,99,100,103,104,129,131" m="31264,31008" machi="103" ten="40,8000,1" yaku="34,3,52,2" doraHai="58" who="2" fromWho="0" sc="382,-80,131,0,537,80,0,0" /><INIT seed="6,0,0,5,5,87" ten="302,131,617,0" oya="2" hai0="35,129,0,116,124,48,111,105,93,66,39,80,84" hai1="2,55,44,43,67,81,41,125,89,52,75,45,82" hai2="99,38,97,88,86,37,63,126,135,59,117,3,100" hai3=""/><V98/><F117/><T62/><D84/><U70/><E2/><V47/><F3/><T134/><D93/><U79/><E125/><V83/><F126/><T114/><D48/><U65/><E75/><V32/><F32/><T120/><D62/><U107/><E107/><V109/><F135/><T78/><D66/><U119/><E119/><V34/><F109/><T58/><D58/><U74/><E74/><V56/><F34/><T64/><D64/><U72/><E72/><V133/><F133/><T54/><D54/><U85/><E79/><V102/><F56/><T127/><D80/><U73/><E73/><V68/><F68/><T106/><N who="0" m="30752" /><T33/><D78/><U110/><E110/><V118/><F118/><T121/><N who="0" m="31008" /><T42/><D116/><U53/><E82/><V92/><F47/><T51/><D111/><U130/><E130/><V132/><F132/><T60/><D134/><U40/><E81/><V57/><F57/><T77/><D127/><U49/><E85/><V50/><F50/><T76/><D51/><U91/><E49/><V108/><F108/><T96/><D124/><U46/><E70/><V122/><N who="2" m="31264" /><V123/><N who="2" m="31520" /><V131/><F131/><T128/><D129/><U103/><E103/><RYUUKYOKU ba="0,0" sc="302,-10,131,20,617,-10,0,0" hai1="40,41,43,44,45,46,52,53,55,65,67,89,91" owari="292,-11.0,151,-45.0,607,56.0,0,0.0" /></mjloggm>