<mjloggm ver="2.3"><GO type="225" lobby="0"/><UN n0="%E7%B6%BE%E9%87%8E%E7%8F%AA%E5%AD%90" n1="%E5%8F%AF%E5%85%90%E9%82%A3%E7%94%B1%E5%A4%9A" n2="%59%4F%55%E5%BE%80%4D%59%E9%80%B2%21" n3="%E8%83%83%E3%81%A8%E8%85%B8" dan="16,17,16,18" rate="2163.90,2209.20,2114.01,2245.92" sx="F,F,M,M"/><TAIKYOKU oya="0"/><INIT seed="0,0,0,1,5,130" ten="250,250,250,250" oya="0" hai0="133,8,101,129,95,35,24,12,55,108,80,49,114" hai1="61,74,110,93,63,29,18,53,134,50,128,116,9" hai2="99,135,15,121,68,58,59,83,100,21,131,132,111" hai3="22,20,19,92,113,39,27,71,62,56,44,86,91"/><T17/><D114/><U109/><E74/><V43/><F121/><W67/><G113/><T85/><D129/><U48/><E128/><V13/><F131/><W65/><G71/><T107/><D107/><U97/><E116/><V7/><F68/><W5/><G5/><T26/><D108/><U36/><E36/><V112/><F112/><W119/><G119/><T54/><D133/><N who="2" m="51274" /><F111/><W46/><G39/><T41/><D41/><U16/><E29/><V2/><F43/><W104/><G104/><T118/><D118/><U30/><E30/><V6/><F83/><W103/><G103/><T72/><D72/><U28/><E28/><V77/><F77/><W117/><G117/><T82/><D35/><U76/><E76/><V105/><F2/><W81/><G65/><T66/><D66/><U38/><E134/><V106/><F106/><W51/><G51/><T31/><D31/><U42/><E48/><V98/><F98/><W96/><G96/><N who="0" m="59551" /><D55/><U123/><E42/><V64/><F64/><W120/><G120/><T88/><D82/><U40/><E40/><V84/><F84/><W60/><G81/><T47/><AGARI ba="0,0" hai="8,12,17,24,26,47,49,54,80,85,88" m="59551" machi="47" ten="30,6000,0" yaku="25,1,8,1,54,1" doraHai="130" who="0" fromWho="0" sc="250,60,250,-20,250,-20,250,-20" /><INIT seed="0,1,0,1,3,89" ten="310,230,230,230" oya="0" hai0="100,52,59,78,106,130,56,71,5,114,97,39,1" hai1="79,83,50,98,76,82,67,129,84,85,6,24,116" hai2="44,126,115,2,36,34,49,26,64,27,69,35,109" hai3="113,13,111,58,94,48,3,23,123,57,17,73,74"/><T12/><D71/><U22/><E116/><V25/><F115/><W102/><G113/><T99/><D114/><U118/><E118/><V81/><F2/><W121/><G111/><T95/><D1/><U86/><E129/><V46/><F109/><W42/><G3/><T125/><D130/><U88/><E67/><V28/><F126/><W31/><G31/><T105/><D39/><U93/><E6/><V131/><F131/><W96/><G42/><T32/><D32/><U119/><E119/><V133/><F133/><W122/><REACH who="3" step="1"/><G48/><REACH who="3" ten="310,230,230,220" step="2"/><N who="0" m="30727" /><D125/><U53/><E76/><V80/><F49/><W117/><G117/><T20/><D78/><U132/><E79/><V10/><F28/><W77/><G77/><T19/><D106/><U40/><E40/><V55/><F36/><W107/><G107/><T134/><D105/><U8/><E132/><V108/><F108/><W16/><G16/><T61/><D134/><U4/><E4/><V120/><F120/><W63/><G63/><T15/><D5/><U30/><REACH who="1" step="1"/><E8/><REACH who="1" ten="310,220,230,220" step="2"/><V110/><F10/><W18/><G18/><T41/><D41/><U68/><E68/><V7/><F110/><W91/><G91/><T62/><D19/><U92/><E92/><V75/><F7/><W87/><G87/><T9/><D95/><U14/><E14/><V38/><F69/><W45/><G45/><AGARI ba="1,2" hai="22,24,30,45,50,53,82,83,84,85,86,88,93,98" machi="45" ten="40,8000,1" yaku="1,1,8,1,52,1,54,1,53,0" doraHai="89" doraHaiUra="37" who="1" fromWho="3" sc="310,0,220,103,230,0,220,-83" /><INIT seed="1,0,0,4,2,90" ten="310,323,230,137" oya="1" hai0="101,114,10,38,58,59,20,134,9,67,76,116,8" hai1="30,98,97,42,6,127,47,13,69,70,31,52,61" hai2="89,54,113,41,62,77,51,130,15,106,91,60,63" hai3="34,64,125,100,132,95,5,37,115,118,46,128,36"/><U66/><E70/><V16/><F106/><W56/><G115/><T82/><D114/><U7/><E127/><V81/><F113/><W96/><G125/><T109/><D116/><U44/><E30/><V25/><F41/><W122/><G122/><T131/><D38/><U99/><E31/><V19/><F25/><W87/><G128/><T112/><D112/><U18/><E47/><V11/><F130/><W71/><G132/><T120/><D109/><U48/><REACH who="1" step="1"/><E42/><REACH who="1" ten="310,313,230,137" step="2"/><V110/><F110/><W119/><G71/><T40/><D40/><U3/><E3/><V92/><F19/><W2/><G46/><T72/><D131/><U17/><E17/><V29/><F29/><W135/><G34/><T124/><D124/><U85/><E85/><V68/><F68/><W53/><G87/><T117/><D120/><U55/><E55/><V129/><F129/><W27/><G53/><T26/><D117/><U108/><E108/><V126/><F126/><W105/><G118/><T43/><D43/><U73/><E73/><V102/><F54/><W75/><G119/><T111/><D111/><U0/><E0/><V121/><F121/><W21/><G75/><T88/><D134/><U39/><E39/><N who="3" m="14922" /><G135/><T74/><D74/><U14/><E14/><V104/><F51/><W103/><G2/><T57/><D72/><U94/><E94/><V23/><F92/><W93/><G93/><T49/><D67/><U133/><E133/><V28/><F28/><N who="3" m="17519" /><G105/><T33/><D33/><U84/><E84/><V12/><F104/><W79/><G95/><T32/><D32/><U24/><E24/><RYUUKYOKU ba="0,1" sc="310,-10,313,30,230,-10,137,-10" hai1="6,7,13,18,44,48,52,61,66,69,97,98,99" /><INIT seed="1,1,1,1,2,24" ten="300,343,220,127" oya="1" hai0="30,52,126,50,41,75,28,57,44,119,38,131,47" hai1="74,40,45,122,79,20,90,95,96,110,77,133,97" hai2="72,103,2,29,80,102,15,117,17,3,63,25,39" hai3="92,11,70,42,21,67,130,86,37,123,85,94,120"/><U49/><E122/><V76/><F117/><W116/><G116/><T73/><D119/><U89/><E74/><V121/><F121/><W93/><G130/><T134/><D134/><U108/><E133/><V55/><F39/><W127/><G127/><T132/><D132/><U12/><E12/><V23/><F3/><W19/><G11/><T128/><D126/><U100/><E20/><V87/><F2/><W60/><G120/><T107/><D107/><U0/><E0/><V58/><REACH who="2" step="1"/><F72/><REACH who="2" ten="300,343,210,127" step="2"/><W129/><G123/><T114/><D114/><U82/><E110/><V36/><F36/><W118/><G118/><T35/><D75/><U65/><E108/><V33/><AGARI ba="1,2" hai="15,17,23,25,29,33,55,58,63,76,80,87,102,103" machi="33" ten="20,5200,0" yaku="1,1,0,1,7,1,52,1,53,0" doraHai="24" doraHaiUra="1" who="2" fromWho="2" sc="300,-14,343,-27,210,75,127,-14" /><INIT seed="2,0,0,2,2,125" ten="286,316,285,113" oya="2" hai0="65,135,12,35,113,7,96,101,14,128,77,104,58" hai1="76,122,89,15,39,54,22,20,13,63,92,48,56" hai2="100,3,115,60,29,99,106,118,78,9,116,55,109" hai3="123,97,5,50,98,31,43,90,61,132,95,57,74"/><V103/><F115/><W108/><G123/><T127/><D113/><U134/><E39/><V25/><F109/><W42/><G108/><T44/><D127/><U85/><E134/><V73/><F100/><W2/><G132/><T88/><D135/><U21/><E122/><V111/><F111/><W6/><G74/><T68/><D68/><U130/><E130/><V110/><F110/><W84/><G31/><T87/><D35/><U83/><REACH who="1" step="1"/><E63/><REACH who="1" ten="286,306,285,113" step="2"/><V24/><F60/><W126/><G126/><T69/><D128/><U46/><E46/><V75/><F116/><W40/><G2/><T107/><D44/><U129/><E129/><V59/><F118/><W82/><G50/><T117/><D117/><U102/><E102/><V10/><F75/><AGARI ba="0,1" hai="13,15,20,21,22,48,54,56,75,76,83,85,89,92" machi="75" ten="40,2600,0" yaku="1,1,53,1" doraHai="125" doraHaiUra="45" who="1" fromWho="2" sc="286,0,306,36,285,-26,113,0" /><INIT seed="3,0,0,3,4,79" ten="286,342,259,113" oya="3" hai0="106,131,3,16,134,50,44,48,21,70,38,58,96" hai1="101,128,108,35,15,72,43,37,110,126,116,61,80" hai2="77,81,105,93,11,20,85,118,97,76,66,102,129" hai3="122,113,27,2,23,56,94,28,46,9,52,121,99"/><W104/><G113/><T84/><D70/><U32/><E128/><V26/><F118/><W40/><G104/><T41/><D3/><U120/><E120/><V30/><F129/><W45/><G121/><T100/><D131/><U10/><E116/><V18/><F66/><W64/><G122/><T135/><D84/><U73/><E126/><V89/><F11/><W25/><G25/><N who="0" m="14503" /><D58/><U8/><E101/><V115/><F115/><W53/><G64/><T95/><D106/><U59/><E32/><V87/><F76/><W91/><G40/><T31/><D31/><U19/><E35/><V49/><F49/><W132/><G132/><T65/><D65/><N who="1" m="39103" /><E80/><V119/><F119/><W90/><G90/><T130/><D130/><U57/><E57/><V117/><F117/><W1/><G53/><T98/><D98/><U92/><E92/><V63/><F63/><W36/><G36/><T60/><D60/><U39/><E8/><V55/><F55/><W103/><G103/><T22/><D22/><U78/><E78/><V5/><F5/><W111/><G111/><N who="1" m="42538" /><E43/><V114/><F114/><W133/><G133/><AGARI ba="0,0" hai="38,41,44,48,50,95,96,100,133,134,135" m="14503" machi="133" ten="30,2000,0" yaku="20,1,54,1" doraHai="79" who="0" fromWho="3" sc="286,20,342,0,259,0,113,-20" owari="306,11.0,342,44.0,259,-14.0,93,-41.0" /></mjloggm>