<mjloggm ver="2.3"><GO type="169" lobby="0"/><UN n0="%E7%9F%B3%E5%A1%9A" n1="%E4%BD%90%E3%80%85%E6%9C%A8%E5%BD%A9%E5%A4%8F" n2="%E5%85%AD%E9%83%A8%E5%9C%AD" n3="%E3%81%82%E3%82%93%E3%81%A7%E3%81%83" dan="16,16,16,17" rate="2094.53,2126.20,2123.26,2142.78" sx="M,F,M,F"/><TAIKYOKU oya="0"/><INIT seed="0,0,0,1,1,59" ten="250,250,250,250" oya="0" hai0="112,111,119,16,47,62,131,121,18,20,5,3,12" hai1="93,63,115,42,124,106,27,80,56,118,39,94,92" hai2="4,132,1,50,96,70,127,68,105,89,91,31,26" hai3="82,14,79,125,58,76,36,107,101,38,37,98,66"/><T88/><D112/><U15/><E118/><V71/><F50/><W102/><G125/><T87/><D121/><U99/><E124/><V35/><F89/><W130/><G130/><T34/><D119/><U28/><E115/><V116/><F91/><W24/><G101/><T123/><D123/><U133/><E133/><V65/><F116/><W134/><G134/><T23/><D34/><U10/><E80/><V72/><F132/><W64/><G79/><T21/><D3/><U40/><E39/><V85/><F85/><W13/><G24/><T108/><D131/><U129/><E106/><V135/><F72/><W43/><G43/><T54/><D5/><U33/><E129/><V114/><F114/><W44/><G44/><T95/><D47/><U25/><E25/><V117/><F117/><W126/><G126/><T109/><D18/><U52/><REACH who="1" step="1"/><E99/><REACH who="1" ten="250,240,250,250" step="2"/><V49/><F135/><W122/><G122/><T86/><D87/><U100/><E100/><N who="2" m="62599" /><F127/><W19/><G38/><T2/><D2/><U110/><E110/><V6/><F1/><W69/><G37/><T7/><D7/><AGARI ba="0,1" hai="7,10,15,27,28,33,40,42,52,56,63,92,93,94" machi="7" ten="40,5200,0" yaku="1,1,52,1,54,1,53,0" doraHai="59" doraHaiUra="104" who="1" fromWho="0" sc="250,-52,240,62,250,0,250,0" /><INIT seed="1,0,0,0,1,64" ten="198,302,250,250" oya="1" hai0="43,128,76,35,102,66,59,95,63,78,40,33,89" hai1="31,85,61,68,25,129,134,65,17,15,9,20,7" hai2="119,12,73,5,51,70,77,83,30,2,103,121,3" hai3="26,55,86,69,132,53,39,104,67,98,133,75,88"/><U81/><E129/><V8/><F119/><W21/><G39/><T110/><D110/><U125/><E125/><V0/><F121/><W123/><G75/><T42/><D128/><U52/><E134/><N who="3" m="51818" /><G123/><T41/><N who="0" m="10240" /><DORA hai="131" /><T114/><D114/><U48/><E85/><V80/><F103/><N who="3" m="62583" /><G67/><T13/><D102/><U4/><REACH who="1" step="1"/><E81/><REACH who="1" ten="198,292,250,250" step="2"/><V46/><F83/><N who="3" m="49247" /><G69/><T14/><D35/><U19/><E19/><AGARI ba="0,1" hai="19,21,26,53,55" m="49247,62583,51818" machi="19" ten="30,8000,1" yaku="20,1,52,3,54,1" doraHai="64,131" who="3" fromWho="1" sc="198,0,292,-80,250,0,250,90" /><INIT seed="2,0,0,2,4,11" ten="198,212,250,340" oya="2" hai0="101,39,116,40,125,19,14,132,20,65,102,23,89" hai1="17,87,121,82,58,84,69,106,45,44,94,109,43" hai2="123,28,32,98,120,41,111,62,83,5,0,55,135" hai3="12,54,67,105,86,118,104,128,103,108,18,110,30"/><V124/><F41/><W126/><G118/><T57/><D132/><U66/><E106/><V64/><F135/><W99/><G128/><T131/><D125/><U7/><E69/><V26/><F124/><W47/><G126/><T114/><D114/><U77/><E109/><N who="3" m="42090" /><G67/><T53/><D131/><U21/><E121/><V49/><F111/><W130/><G130/><T72/><D72/><U8/><E66/><V71/><F83/><W96/><G86/><T15/><D65/><U134/><E134/><V36/><F36/><W115/><G30/><T91/><D116/><U27/><E58/><V68/><F68/><W42/><G54/><T6/><D40/><U127/><E127/><V59/><F0/><W3/><G3/><T117/><D39/><U4/><E4/><V25/><F5/><W46/><G115/><T10/><D117/><U75/><E94/><V81/><F81/><W133/><G133/><T88/><D23/><U122/><E122/><V37/><F37/><W9/><G42/><T90/><N who="0" m="22528" /><DORA hai="34" /><T107/><D107/><U24/><E24/><V38/><F38/><W52/><G52/><T74/><D74/><U22/><E22/><V56/><F25/><W80/><G80/><T31/><D31/><U95/><E95/><V61/><REACH who="2" step="1"/><F98/><REACH who="2" ten="198,212,240,340" step="2"/><W129/><G129/><T70/><REACH who="0" step="1"/><D70/><REACH who="0" ten="188,212,240,340" step="2"/><U97/><E43/><V119/><F119/><W63/><G99/><T29/><D29/><U100/><E97/><V79/><F79/><W35/><G96/><T1/><D1/><N who="1" m="111" /><E100/><V51/><F51/><AGARI ba="0,2" hai="6,10,14,15,19,20,51,53,57,101,102" m="22528" machi="51" ten="50,8000,1" yaku="1,1,8,1,52,2,54,1,53,0" doraHai="11,34" doraHaiUra="60,113" who="0" fromWho="2" sc="188,100,212,0,240,-80,340,0" /><INIT seed="3,0,0,0,0,23" ten="288,212,160,340" oya="3" hai0="76,113,57,115,103,59,135,98,128,116,102,97,122" hai1="22,89,106,37,10,60,66,82,72,15,27,118,38" hai2="71,54,121,86,45,78,99,40,14,67,20,17,130" hai3="90,87,93,6,132,2,95,51,88,100,81,34,107"/><W19/><G132/><T112/><D135/><U43/><E106/><V123/><F130/><W0/><G34/><T41/><D128/><U91/><E118/><V101/><F54/><W25/><G107/><T108/><D116/><U9/><E9/><V73/><F73/><W28/><G100/><N who="0" m="38443" /><D41/><U52/><E72/><V85/><F71/><W62/><G62/><T48/><D48/><U125/><E125/><V4/><F67/><W92/><G6/><T79/><D122/><N who="2" m="46602" /><F78/><N who="0" m="29738" /><D108/><U56/><E66/><V39/><F4/><W50/><G28/><T70/><D70/><U24/><E43/><V63/><F63/><W96/><G2/><T47/><D47/><U49/><E60/><V55/><F55/><W12/><G0/><T109/><D109/><U75/><E75/><V11/><F11/><W18/><G51/><T5/><D5/><U7/><E38/><V126/><F126/><W74/><G50/><T105/><D105/><AGARI ba="0,0" hai="14,17,20,39,40,45,85,86,99,101,105" m="46602" machi="105" ten="30,1000,0" yaku="13,1" doraHai="23" who="2" fromWho="0" sc="288,-10,212,0,160,10,340,0" /><INIT seed="4,0,0,4,1,103" ten="278,212,170,340" oya="0" hai0="48,135,21,64,20,16,57,77,104,80,119,12,6" hai1="31,1,121,22,42,41,19,58,99,125,49,91,95" hai2="73,37,10,81,50,132,122,26,92,24,2,27,9" hai3="89,127,101,88,52,29,72,23,102,128,129,93,117"/><T8/><D135/><U14/><E121/><V84/><F122/><W25/><G117/><T110/><D119/><U7/><E125/><V33/><F37/><W82/><G127/><T105/><D110/><U36/><E36/><V59/><F132/><W53/><G101/><T114/><D114/><U45/><E31/><V54/><F2/><W112/><G112/><T87/><D21/><U62/><E1/><V69/><F69/><W40/><G40/><T47/><D64/><N who="1" m="38999" /><E7/><V18/><F18/><W63/><G102/><T76/><D76/><U70/><E70/><V51/><F73/><W4/><G4/><T94/><D57/><U79/><E79/><V32/><F32/><W60/><G72/><T133/><D133/><U11/><E22/><V17/><F17/><W34/><G34/><T67/><D67/><U68/><E68/><V131/><F131/><N who="3" m="50251" /><G82/><T115/><D115/><U100/><E100/><V120/><F33/><W134/><G134/><T0/><D94/><U107/><E107/><V39/><F39/><W98/><G89/><T113/><D113/><U85/><E99/><V30/><F120/><W108/><G108/><T13/><D0/><U86/><E86/><V75/><F30/><W124/><G124/><T83/><D83/><U74/><E74/><V106/><F106/><W111/><G111/><T90/><D90/><U55/><AGARI ba="0,0" hai="11,14,19,41,42,45,49,55,85,91,95" m="38999" machi="55" ten="30,1100,0" yaku="8,1" doraHai="103" who="1" fromWho="1" sc="278,-5,212,11,170,-3,340,-3" /><INIT seed="5,0,0,2,1,46" ten="273,223,167,337" oya="1" hai0="42,116,84,40,37,6,22,111,55,23,76,66,24" hai1="120,126,68,3,119,62,73,113,17,43,53,14,115" hai2="101,110,130,77,28,41,60,12,108,107,57,58,16" hai3="103,44,63,31,49,112,127,1,10,104,36,82,97"/><U30/><E119/><V117/><F117/><W38/><G112/><T11/><D111/><U124/><E3/><V72/><F130/><W123/><G123/><T45/><D116/><U5/><E73/><V109/><F28/><W52/><G127/><N who="1" m="48682" /><E5/><V96/><F41/><W70/><G31/><T50/><D66/><N who="1" m="41047" /><E43/><V131/><F131/><W71/><G82/><T67/><D67/><U81/><E81/><V100/><F100/><W7/><REACH who="3" step="1"/><G63/><REACH who="3" ten="273,223,167,327" step="2"/><T129/><D129/><U114/><E30/><V83/><REACH who="2" step="1"/><F60/><REACH who="2" ten="273,223,157,327" step="2"/><W99/><G99/><T54/><D37/><AGARI ba="0,2" hai="1,7,10,36,37,38,44,49,52,70,71,97,103,104" machi="37" ten="40,5200,0" yaku="1,1,52,1,54,1,53,0" doraHai="46" doraHaiUra="29" who="3" fromWho="0" sc="273,-52,223,0,157,0,327,72" /><INIT seed="6,0,0,4,1,63" ten="221,223,157,399" oya="2" hai0="27,42,98,25,23,113,71,47,122,90,95,31,39" hai1="135,13,12,43,28,110,114,111,33,100,19,107,49" hai2="75,120,70,18,131,21,52,77,97,84,1,55,130" hai3="17,57,126,15,108,85,124,116,127,14,30,104,128"/><V2/><F120/><W60/><G116/><T109/><D113/><U105/><E114/><V41/><F75/><W7/><G108/><T11/><D109/><U86/><E135/><V67/><F41/><W81/><G104/><T54/><D122/><U22/><E12/><V74/><F74/><W79/><G128/><N who="2" m="49193" /><F97/><W6/><G30/><T62/><D11/><U132/><E132/><V88/><F77/><W44/><G44/><T129/><D129/><U94/><E110/><V102/><F102/><W20/><G15/><T58/><D27/><U35/><E111/><V72/><F72/><W24/><G24/><T66/><REACH who="0" step="1"/><D71/><REACH who="0" ten="211,223,157,399" step="2"/><U87/><E107/><V37/><F37/><W3/><G3/><N who="2" m="1033" /><F70/><W5/><G5/><T46/><D46/><U64/><E105/><V38/><F38/><W65/><AGARI ba="0,1" hai="6,7,14,17,20,57,60,65,79,81,85,124,126,127" machi="65" ten="30,4000,0" yaku="0,1,18,1,52,1" doraHai="63" who="3" fromWho="3" sc="211,-10,223,-10,157,-20,399,50" /><INIT seed="7,0,0,2,0,54" ten="201,213,137,449" oya="3" hai0="47,93,60,91,51,50,133,42,90,49,4,95,55" hai1="126,6,123,35,34,104,73,85,68,135,114,56,8" hai2="62,88,83,89,22,31,97,38,134,3,121,1,84" hai3="67,61,14,96,2,122,76,79,109,81,26,39,70"/><W13/><G39/><T44/><D133/><U72/><E85/><V118/><F118/><W106/><G2/><T65/><D4/><U108/><E6/><V10/><F38/><W110/><G26/><T28/><D28/><U57/><E8/><V87/><F134/><W63/><G63/><T7/><D7/><U33/><E135/><V120/><F97/><W11/><G122/><T12/><D12/><U99/><E99/><V69/><F10/><W132/><G132/><T19/><D19/><U101/><E101/><V27/><F69/><W128/><G128/><T112/><D112/><U130/><E35/><V86/><F62/><W117/><G117/><T45/><D65/><U21/><E21/><V43/><F43/><W18/><G14/><T129/><D129/><U53/><E53/><V5/><F5/><W16/><G16/><T0/><D0/><U82/><E130/><V29/><F86/><W102/><G79/><T107/><D107/><U59/><E104/><V100/><F100/><W66/><G66/><T52/><D60/><U103/><E103/><V24/><REACH who="2" step="1"/><F22/><REACH who="2" ten="201,213,127,449" step="2"/><W92/><G106/><T127/><D127/><U37/><E68/><V58/><F58/><W46/><G46/><T78/><D78/><U105/><E57/><V40/><F40/><W75/><AGARI ba="0,1" hai="11,13,18,61,67,70,75,76,81,92,96,102,109,110" machi="75" ten="30,1500,0" yaku="0,1" doraHai="54" who="3" fromWho="3" sc="201,-5,213,-5,127,-5,449,25" owari="196,-20.0,208,1.0,122,-38.0,474,57.0" /></mjloggm>