<mjloggm ver="2.3"><GO type="169" lobby="0"/><UN n0="%4E%41%4E%4F%48%41" n1="%E7%A7%8B%E6%9C%88%36%31" n2="%E8%87%AA%E6%83%9A%E3%82%8C%E3%83%AA%E3%83%BC%E3%83%81" n3="%E5%B0%8F%E6%B1%A0%E7%BE%8E%E6%B3%A2%E2%8A%BF" dan="16,17,16,16" rate="2072.00,2114.35,2076.46,2101.45" sx="M,M,M,F"/><TAIKYOKU oya="0"/><INIT seed="0,0,0,3,0,23" ten="250,250,250,250" oya="0" hai0="110,16,78,42,135,50,114,111,65,92,118,93,35" hai1="47,91,84,27,108,95,24,61,121,112,48,117,106" hai2="116,8,39,62,4,63,94,69,53,45,46,6,79" hai3="58,72,34,96,12,131,90,109,9,38,26,1,70"/><T7/><D114/><U43/><E117/><V100/><F116/><W99/><G70/><T57/><D118/><U71/><E121/><V32/><F79/><W18/><G38/><T124/><D124/><U19/><E112/><V14/><F32/><W129/><G72/><T25/><D7/><U0/><E0/><V123/><F123/><W126/><G126/><T102/><D78/><U36/><E106/><V29/><F29/><N who="3" m="19767" /><G109/><N who="0" m="41483" /><D135/><U56/><E108/><V59/><F6/><N who="3" m="1231" /><G58/><T89/><D102/><U97/><E19/><V103/><F39/><W127/><G90/><T52/><D35/><U30/><E30/><V67/><F100/><W113/><G113/><T74/><D74/><U125/><E125/><V21/><F103/><W11/><G127/><T10/><D10/><U76/><E71/><V128/><F21/><W104/><G104/><T33/><D33/><U51/><E76/><V87/><F8/><W68/><G68/><T37/><D65/><U28/><E28/><V49/><F67/><W60/><G60/><T115/><D115/><U22/><E22/><V31/><F62/><W15/><G15/><T77/><D77/><U133/><E133/><V3/><F14/><W17/><G17/><T122/><D122/><U73/><E73/><V66/><F31/><W55/><G55/><T107/><D107/><U44/><E84/><V98/><F87/><W86/><G86/><N who="0" m="52279" /><D93/><U130/><E36/><V120/><F120/><W81/><G81/><T2/><D2/><U13/><E13/><V105/><F105/><W54/><G54/><T20/><D37/><U85/><E85/><RYUUKYOKU ba="0,0" sc="250,15,250,-15,250,-15,250,15" hai0="16,20,25,42,50,52,57" hai3="11,12,18,96,99,129,131" /><INIT seed="0,1,0,5,5,130" ten="265,235,235,265" oya="0" hai0="77,23,127,93,9,89,80,66,100,115,12,47,15" hai1="95,21,81,62,44,3,133,132,88,43,42,96,71" hai2="124,29,107,48,61,28,19,126,35,10,63,41,76" hai3="110,33,27,92,135,105,6,57,31,109,24,73,20"/><T22/><D115/><U36/><E3/><V40/><F107/><W119/><G105/><T99/><D127/><N who="2" m="48682" /><F76/><W16/><G73/><T49/><D66/><U37/><E81/><V30/><F35/><W18/><G57/><T11/><D15/><U51/><E21/><V65/><F48/><W111/><G119/><T39/><D39/><U34/><E34/><V17/><F10/><W72/><G72/><T131/><D131/><U125/><E125/><V122/><F122/><W120/><G120/><T54/><D11/><U90/><E90/><V114/><F114/><W69/><G69/><T117/><D117/><U79/><E79/><V121/><F121/><W118/><G118/><T106/><D106/><U104/><E104/><V68/><F63/><W53/><G53/><T8/><D8/><U13/><E13/><V103/><F103/><W50/><G50/><T46/><D46/><U56/><E71/><V5/><F5/><W91/><G6/><T74/><REACH who="0" step="1"/><D100/><REACH who="0" ten="255,235,235,265" step="2"/><U98/><E43/><AGARI ba="1,1" hai="17,19,28,29,30,40,41,43,61,65,68" m="48682" machi="43" ten="30,1000,0" yaku="18,1" doraHai="130" who="2" fromWho="1" sc="255,0,235,-13,235,23,265,0" /><INIT seed="1,0,0,0,3,118" ten="255,222,258,265" oya="1" hai0="108,81,17,33,127,68,62,40,64,20,28,3,57" hai1="99,73,34,110,131,14,78,117,47,103,55,80,104" hai2="59,111,63,5,77,102,67,13,126,46,16,71,76" hai3="107,10,134,36,83,23,29,82,37,61,51,56,7"/><U114/><E117/><V129/><F129/><W45/><G107/><T2/><D33/><U120/><E114/><V8/><F126/><W15/><G37/><T123/><D28/><U21/><E131/><V112/><F111/><W119/><G36/><T96/><D108/><U65/><E110/><V122/><F102/><W116/><G134/><T70/><D40/><U88/><E34/><V98/><F98/><W12/><G116/><T4/><D127/><U75/><E65/><V27/><F46/><W94/><G94/><T39/><D39/><U89/><E75/><V53/><F122/><W84/><G29/><T26/><D81/><U18/><REACH who="1" step="1"/><E120/><REACH who="1" ten="255,212,258,265" step="2"/><V49/><F112/><W69/><G119/><T52/><D123/><U125/><E125/><V54/><F67/><W101/><G69/><T135/><D70/><U106/><E106/><V32/><F71/><W90/><G101/><T74/><D74/><U35/><E35/><V22/><F32/><W128/><G128/><T93/><D68/><U24/><E24/><V87/><F27/><W6/><G12/><T72/><D72/><U66/><E66/><V19/><F13/><W105/><G15/><T97/><D64/><U38/><E38/><V9/><F22/><W130/><G23/><T30/><D20/><U0/><E0/><V41/><F9/><W124/><G10/><T1/><D3/><U109/><E109/><V11/><F8/><W48/><G124/><T91/><D2/><U95/><E95/><V31/><F11/><W60/><G130/><T113/><D1/><U25/><E25/><V79/><F5/><RYUUKYOKU ba="0,1" sc="255,-10,212,30,258,-10,265,-10" hai1="14,18,21,47,55,73,78,80,88,89,99,103,104" /><INIT seed="1,1,1,1,5,71" ten="245,242,248,255" oya="1" hai0="102,66,41,13,126,120,128,113,15,11,14,59,107" hai1="76,19,24,0,63,54,34,122,58,109,42,115,91" hai2="57,52,80,89,47,121,51,93,99,67,83,20,123" hai3="30,12,62,65,108,73,129,45,88,101,117,133,105"/><U111/><E115/><V118/><F118/><W61/><G73/><T134/><D113/><U29/><E122/><V28/><F123/><W81/><G108/><N who="1" m="41546" /><E0/><V43/><F67/><W40/><G129/><T8/><D128/><U50/><E76/><V74/><F121/><W85/><G133/><T26/><D134/><U90/><E19/><V37/><REACH who="2" step="1"/><F74/><REACH who="2" ten="245,242,238,255" step="2"/><W86/><G65/><T95/><D66/><N who="1" m="39287" /><E42/><V82/><F82/><W56/><G81/><T103/><D41/><U5/><E5/><V112/><F112/><W130/><G40/><T70/><D120/><U46/><AGARI ba="1,2" hai="24,29,34,46,50,54,90,91" m="39287,41546" machi="46" ten="30,3000,0" yaku="14,1,10,1" doraHai="71" who="1" fromWho="1" sc="245,-11,242,53,238,-11,255,-11" /><INIT seed="1,2,0,5,5,112" ten="234,295,227,244" oya="1" hai0="96,28,88,99,70,56,48,80,29,17,65,36,98" hai1="8,49,58,11,1,78,90,44,60,3,107,128,89" hai2="22,75,94,101,15,20,66,71,110,0,4,105,122" hai3="95,116,27,50,134,97,10,86,13,30,61,35,131"/><U82/><E107/><V127/><F122/><W53/><G131/><T83/><D36/><U117/><E128/><V38/><F75/><W34/><G134/><T132/><D132/><U123/><E123/><V74/><F74/><W24/><G86/><N who="0" m="50247" /><D70/><U102/><E117/><V42/><F0/><W104/><G61/><N who="0" m="38055" /><D83/><U54/><E102/><V93/><F71/><W111/><G111/><T69/><D69/><U118/><E118/><V39/><F110/><W64/><G64/><T6/><D6/><U23/><E23/><V108/><F39/><W130/><G104/><T72/><D72/><U87/><E3/><V84/><F38/><W91/><G130/><T21/><D48/><U73/><E1/><V129/><F108/><W120/><G120/><T37/><D37/><U12/><E73/><V67/><F105/><W106/><G106/><T79/><D79/><U51/><E51/><V55/><F101/><W46/><G116/><T2/><D2/><U9/><REACH who="1" step="1"/><E12/><AGARI ba="2,0" hai="12,17,21,28,29,96,98,99" m="38055,50247" machi="12" ten="30,2000,0" yaku="8,1,54,1" doraHai="112" who="0" fromWho="1" sc="234,26,295,-26,227,0,244,0" /><INIT seed="2,0,0,1,4,17" ten="260,269,227,244" oya="2" hai0="44,28,81,15,132,109,32,102,68,48,20,53,75" hai1="131,62,39,90,66,135,8,121,112,25,58,116,115" hai2="35,123,54,2,13,52,45,27,83,105,76,99,130" hai3="22,40,34,97,11,104,101,108,33,31,55,134,12"/><V124/><F123/><W4/><G40/><T110/><D68/><U6/><E116/><V26/><F2/><W57/><G108/><N who="0" m="41579" /><D102/><U30/><E121/><V69/><F69/><W80/><G80/><T36/><D132/><U98/><E39/><V0/><F0/><W89/><G89/><T113/><D113/><U111/><E135/><V19/><F105/><W38/><G38/><T117/><D117/><U100/><E90/><V87/><F124/><W64/><G64/><T128/><D128/><U10/><E10/><V61/><F130/><W71/><G71/><T126/><D36/><U42/><E42/><V118/><F99/><W91/><G91/><T107/><D126/><U84/><E84/><V95/><F95/><W47/><G47/><T63/><D63/><U16/><E131/><V3/><F35/><W82/><G82/><T50/><D107/><U72/><E72/><V106/><F3/><W70/><G70/><T85/><D75/><U103/><E111/><V18/><F106/><W41/><G41/><T21/><D15/><N who="1" m="7271" /><E103/><V74/><F74/><W56/><G134/><T49/><D49/><U37/><E37/><V129/><F118/><W77/><G77/><N who="0" m="46255" /><D48/><U29/><E115/><V14/><F61/><W51/><REACH who="3" step="1"/><G57/><REACH who="3" ten="260,269,227,234" step="2"/><T125/><D125/><U1/><E112/><V92/><F129/><W46/><G46/><T7/><D44/><U9/><E58/><V93/><F45/><W24/><AGARI ba="0,1" hai="4,11,12,22,24,31,33,34,51,55,56,97,101,104" machi="24" ten="30,7900,0" yaku="1,1,0,1,52,1,53,1" doraHai="17" doraHaiUra="5" who="3" fromWho="3" sc="260,-20,269,-20,227,-39,234,89" /><INIT seed="3,0,0,0,0,11" ten="240,249,188,323" oya="3" hai0="125,26,36,114,45,75,107,19,79,37,72,92,69" hai1="80,5,122,35,27,55,87,60,111,2,39,130,101" hai2="82,3,104,66,8,44,18,78,59,43,89,86,23" hai3="70,15,52,117,34,123,129,113,56,13,108,73,64"/><W6/><G113/><T134/><D107/><U31/><E122/><V128/><F104/><W131/><G123/><T88/><D69/><U121/><E39/><N who="0" m="14921" /><D79/><U10/><E121/><V132/><F132/><W119/><G73/><T9/><D45/><U71/><E101/><V30/><F128/><N who="3" m="49227" /><G34/><T42/><D42/><U93/><E93/><V103/><F103/><W95/><G6/><T57/><D57/><U126/><E130/><V84/><F30/><W47/><G47/><T49/><D49/><U120/><E120/><V97/><F3/><W40/><G40/><T14/><D26/><U110/><E71/><V20/><F97/><W90/><G64/><T76/><D76/><U112/><E112/><V53/><F66/><W0/><G0/><T63/><D114/><U100/><E2/><V65/><F65/><W54/><G70/><T98/><D63/><U32/><E60/><V38/><F59/><W83/><G83/><T109/><D134/><U48/><E80/><N who="2" m="49287" /><F43/><W46/><G46/><T4/><D4/><U81/><E35/><V33/><F33/><W24/><G24/><T67/><D67/><U29/><E27/><V12/><F38/><W61/><G54/><T96/><D75/><U74/><E55/><V7/><F7/><W99/><G108/><T85/><D72/><U91/><E111/><V62/><F62/><W25/><G25/><T68/><D109/><U94/><E110/><V16/><F18/><W22/><G22/><T133/><D133/><U118/><E32/><V127/><F44/><W41/><G41/><T51/><D68/><U21/><E74/><RYUUKYOKU ba="0,0" sc="240,-10,249,-10,188,-10,323,30" hai3="13,15,52,56,61,90,95,99,117,119" /><INIT seed="3,1,0,0,4,12" ten="230,239,178,353" oya="3" hai0="64,97,68,77,80,8,22,11,51,96,61,52,0" hai1="9,76,66,74,103,50,2,16,23,89,106,69,36" hai2="112,95,40,130,39,43,6,35,54,1,99,131,62" hai3="87,121,78,48,14,44,29,128,84,3,81,27,126"/><W58/><G121/><T110/><D110/><U104/><E36/><V17/><F35/><W113/><G113/><T4/><D11/><U24/><E103/><V129/><F112/><W55/><G3/><T135/><D135/><U114/><E114/><V37/><F1/><W28/><G128/><T122/><D22/><U53/><E89/><V85/><F6/><W18/><G126/><T118/><D118/><U26/><E26/><V94/><F85/><N who="3" m="48311" /><G58/><T90/><D90/><U125/><E125/><V116/><F116/><W70/><G70/><T15/><D0/><U25/><E25/><V100/><F95/><W108/><G108/><T72/><REACH who="0" step="1"/><D122/><REACH who="0" ten="220,239,178,353" step="2"/><U134/><E134/><V127/><F127/><W34/><G34/><T109/><D109/><U98/><E2/><V33/><F33/><W93/><G27/><T79/><D79/><U133/><E133/><V13/><F39/><W56/><G28/><T49/><D49/><U42/><E9/><N who="2" m="6319" /><F37/><W32/><G29/><T45/><AGARI ba="1,1" hai="4,8,15,45,51,52,61,64,68,72,77,80,96,97" machi="45" ten="20,5200,0" yaku="1,1,0,1,7,1,54,1,53,0" doraHai="12" doraHaiUra="91" who="0" fromWho="0" sc="220,65,239,-14,178,-14,353,-27" /><INIT seed="4,0,0,4,2,124" ten="285,225,164,326" oya="0" hai0="93,29,74,106,127,130,97,111,84,35,60,46,22" hai1="129,118,55,76,92,30,24,61,128,115,50,37,67" hai2="63,121,12,83,9,23,42,54,109,131,70,2,6" hai3="72,31,95,13,99,16,82,112,45,78,52,44,102"/><T75/><D127/><U89/><E118/><V8/><F109/><W26/><G112/><T21/><D111/><U105/><E105/><V107/><F107/><W77/><G77/><T18/><D106/><U91/><E76/><V133/><F42/><W7/><G7/><T56/><D46/><U101/><E101/><V132/><F83/><W39/><G39/><T79/><D84/><U96/><E37/><V119/><F54/><W51/><G45/><T3/><D3/><U19/><E19/><N who="2" m="10727" /><F63/><W1/><G1/><T57/><D35/><U88/><E115/><V17/><F70/><W59/><G44/><T41/><D29/><U87/><E50/><V94/><F94/><W43/><G43/><T49/><D41/><U4/><E55/><V40/><F40/><W117/><G117/><T71/><D71/><U20/><E4/><V123/><F119/><W14/><G16/><T28/><D18/><U100/><REACH who="1" step="1"/><E87/><REACH who="1" ten="285,215,164,326" step="2"/><V126/><F126/><W120/><G120/><T0/><D49/><U66/><E66/><V98/><F98/><W86/><G86/><T85/><D97/><U68/><AGARI ba="0,1" hai="20,24,30,61,67,68,88,89,91,92,96,100,128,129" machi="68" ten="30,8000,1" yaku="1,1,0,1,52,2,54,1,53,0" doraHai="124" doraHaiUra="10" who="1" fromWho="1" sc="285,-40,215,90,164,-20,326,-20" /><INIT seed="5,0,0,1,3,45" ten="245,305,144,306" oya="1" hai0="43,26,58,41,9,82,122,110,44,42,57,4,91" hai1="63,92,89,2,76,97,129,135,10,94,131,134,70" hai2="81,29,77,128,28,108,87,116,132,101,49,78,13" hai3="21,14,62,25,111,18,53,84,93,100,103,68,15"/><U120/><E120/><V109/><F116/><W61/><G111/><T104/><D110/><U17/><E70/><V6/><F128/><N who="1" m="49225" /><E63/><N who="3" m="24074" /><G68/><T66/><D104/><U27/><E76/><V99/><F132/><N who="1" m="50729" /><E27/><V1/><F1/><W31/><G53/><T20/><D66/><U112/><E112/><V90/><F78/><W51/><G51/><T55/><D26/><U123/><E123/><V7/><F77/><W16/><G31/><T50/><D122/><U47/><E47/><V124/><F109/><W106/><G106/><T67/><D67/><U12/><E94/><V105/><F108/><W96/><G25/><T121/><D121/><U98/><E2/><V24/><F29/><W60/><G60/><T38/><D38/><U23/><E98/><V69/><F69/><W72/><G72/><T46/><D44/><U32/><E32/><V36/><F36/><W52/><G96/><T22/><D58/><U88/><E10/><V85/><F99/><W73/><G93/><T75/><D46/><U95/><E95/><V83/><F24/><W48/><G73/><T35/><D35/><U127/><E89/><V37/><F90/><W79/><G79/><T118/><D75/><U3/><E3/><V33/><F33/><W74/><G74/><T54/><D91/><U133/><N who="1" m="50737" /><U130/><N who="1" m="49233" /><DORA hai="126" /><U64/><DORA hai="115" /><E64/><V40/><F28/><W59/><G84/><T114/><D114/><U5/><E127/><V125/><F124/><W102/><G102/><T65/><D65/><U30/><E30/><V86/><F125/><W71/><G71/><T113/><D113/><RYUUKYOKU ba="0,0" sc="245,-15,305,15,144,-15,306,15" hai1="5,12,17,23,88,92,97" hai3="14,15,16,18,21,48,52,59,100,103" /><INIT seed="5,1,0,4,0,0" ten="230,320,129,321" oya="1" hai0="68,107,64,24,34,55,9,17,127,125,50,22,13" hai1="15,132,16,71,93,8,130,79,115,67,18,116,78" hai2="81,54,119,129,58,95,21,98,99,69,120,75,86" hai3="61,88,121,30,46,96,65,113,82,56,106,36,90"/><U31/><E116/><V27/><F129/><W89/><G121/><T72/><D107/><U101/><E130/><V128/><F128/><W108/><G108/><T7/><D72/><U49/><E115/><V73/><F69/><W6/><G113/><T59/><D68/><U1/><E1/><V29/><F120/><W112/><G112/><T84/><D64/><U66/><E132/><V94/><F119/><W3/><G30/><T11/><D34/><U2/><E2/><V28/><F28/><W102/><G36/><T63/><D63/><U33/><E71/><V42/><F42/><W35/><G46/><T39/><D39/><U52/><E31/><V41/><F41/><W87/><REACH who="3" step="1"/><G35/><REACH who="3" ten="230,320,129,311" step="2"/><T38/><D38/><U118/><E33/><V44/><F44/><W100/><G100/><T92/><D125/><U25/><E118/><V135/><F135/><W47/><G47/><T26/><D127/><U104/><E104/><V122/><F122/><W80/><G80/><T48/><D48/><U70/><E70/><V43/><F95/><W19/><G19/><T32/><D32/><U62/><E93/><V77/><F43/><W133/><G133/><T114/><D114/><U109/><E101/><V74/><REACH who="2" step="1"/><F94/><REACH who="2" ten="230,320,119,311" step="2"/><W10/><AGARI ba="1,2" hai="3,6,10,56,61,65,82,87,88,89,90,96,102,106" machi="10" ten="30,7900,0" yaku="1,1,0,1,52,1,54,1,53,0" doraHai="0" doraHaiUra="126" who="3" fromWho="3" sc="230,-21,320,-40,119,-21,311,102" /><INIT seed="6,0,0,2,0,67" ten="209,280,98,413" oya="2" hai0="25,17,16,112,79,9,18,98,24,80,65,53,123" hai1="64,43,81,61,110,42,126,107,87,105,34,55,122" hai2="45,59,22,74,1,19,127,89,115,69,62,132,131" hai3="57,13,95,116,26,54,40,52,37,75,76,58,5"/><V83/><F131/><W97/><G116/><T15/><D123/><U27/><E110/><V21/><F132/><W111/><G111/><T134/><D134/><U70/><E126/><V46/><F1/><W84/><G75/><T113/><D65/><U28/><E122/><V23/><F127/><W38/><G38/><T48/><D98/><U100/><E55/><V125/><F125/><W118/><G37/><T109/><D109/><U90/><E107/><V129/><F115/><N who="0" m="44106" /><D25/><U63/><E61/><V133/><F129/><W77/><G40/><T14/><D14/><U32/><E34/><V30/><F30/><W31/><G5/><T108/><D24/><U68/><E68/><V104/><F69/><W114/><G76/><T20/><D20/><N who="2" m="7786" /><F104/><W121/><G95/><T103/><D103/><U66/><E66/><N who="2" m="39263" /><F74/><W2/><G58/><N who="0" m="33063" /><D108/><U102/><E102/><V119/><F119/><W82/><G31/><T73/><AGARI ba="0,0" hai="9,15,16,17,18,73,79,80" m="33063,44106" machi="73" ten="30,2000,0" yaku="15,1,54,1" doraHai="67" who="0" fromWho="0" sc="209,20,280,-5,98,-10,413,-5" /><INIT seed="7,0,0,3,1,104" ten="229,275,88,408" oya="3" hai0="71,19,97,96,132,43,58,99,28,93,124,111,68" hai1="38,21,30,108,82,11,65,17,131,35,57,109,23" hai2="42,62,112,78,48,53,2,4,130,119,20,91,76" hai3="3,98,88,7,74,79,127,8,73,113,85,94,44"/><W103/><G113/><T55/><D111/><U121/><E38/><V86/><F112/><W14/><G127/><T102/><D124/><U49/><E121/><V90/><F130/><W105/><G79/><T47/><D71/><U18/><E131/><V6/><F119/><W51/><G3/><T126/><D68/><U66/><E82/><V77/><F2/><W59/><G59/><T41/><D132/><U133/><E57/><V52/><F62/><W29/><G29/><T81/><D28/><U118/><E49/><V39/><F39/><W117/><G117/><T95/><D99/><U84/><E84/><V110/><F110/><W134/><G134/><T100/><D47/><U114/><E30/><V13/><F42/><AGARI ba="0,0" hai="7,8,14,42,44,51,73,74,85,88,94,98,103,105" machi="42" ten="30,11600,0" yaku="7,1,52,2,54,1" doraHai="104" who="3" fromWho="2" sc="229,0,275,0,88,-116,408,116" owari="229,-17.0,275,8.0,-28,-53.0,524,62.0" /></mjloggm>