<mjloggm ver="2.3"><GO type="169" lobby="0"/><UN n0="%E7%94%B0%E4%B8%AD%E2%98%86%E6%98%9F%E4%BA%BA" n1="%63%6C%75%74%63%68%37%33" n2="%E3%82%A2%E3%83%B3%E3%81%93%E3%81%B3" n3="%E5%BD%97%E6%98%9F%E5%85%A5%E3%83%92%E3%82%B3" dan="16,17,16,16" rate="2138.13,2157.73,2184.43,2130.21" sx="M,M,M,M"/><TAIKYOKU oya="0"/><INIT seed="0,0,0,3,3,70" ten="250,250,250,250" oya="0" hai0="49,69,94,112,107,97,95,78,104,96,105,14,55" hai1="23,39,64,56,110,117,63,85,74,2,61,116,22" hai2="72,38,123,68,82,52,111,81,118,30,132,99,7" hai3="41,12,115,67,62,113,18,1,21,11,86,89,121"/><T33/><D69/><U92/><E74/><V103/><F123/><W126/><G126/><T79/><D33/><U125/><E2/><V6/><F68/><W80/><G121/><T75/><D14/><U34/><E34/><V131/><F118/><W28/><G41/><T20/><D20/><U29/><E125/><V66/><F66/><W45/><G45/><T42/><D42/><U36/><E110/><V58/><F111/><W129/><G129/><T127/><D49/><U4/><E4/><V0/><F131/><W120/><G120/><T102/><D55/><N who="1" m="33951" /><E85/><V25/><F132/><W101/><G101/><N who="0" m="60575" /><D127/><U16/><E92/><V17/><F0/><W53/><G53/><T40/><D40/><U50/><E16/><V19/><F38/><N who="1" m="14377" /><E23/><V57/><F72/><W84/><G84/><T5/><D112/><U48/><E22/><V87/><F7/><W32/><G32/><T135/><D5/><U35/><E29/><V109/><F6/><W8/><G8/><T130/><D135/><U59/><E35/><V9/><F30/><W88/><G1/><T24/><D24/><U37/><N who="1" m="14385" /><U54/><DORA hai="15" /><E50/><V26/><F9/><W124/><G124/><T44/><D130/><U133/><E133/><V60/><F109/><W31/><G11/><T83/><D44/><AGARI ba="0,0" hai="44,48,54,59,63,64,116,117" m="14385,33951" machi="44" ten="40,12000,2" yaku="34,2,52,4" doraHai="70,15" who="1" fromWho="0" sc="250,-120,250,120,250,0,250,0" /><INIT seed="1,0,0,4,5,15" ten="130,370,250,250" oya="1" hai0="58,109,83,2,118,33,86,102,46,1,71,36,135" hai1="121,93,92,106,76,68,101,79,125,88,105,19,14" hai2="26,131,7,77,24,38,90,37,94,50,116,13,78" hai3="48,117,23,95,113,60,5,132,43,80,11,124,27"/><U44/><E68/><V10/><F116/><W97/><G113/><T75/><D118/><U66/><E121/><V8/><F131/><W20/><G117/><T129/><D71/><U40/><E125/><V67/><F67/><W61/><G124/><T34/><D129/><U57/><E106/><V17/><F50/><W39/><G132/><T56/><D102/><U52/><E93/><V98/><F38/><W73/><G39/><T64/><D86/><U65/><E101/><V42/><F42/><W134/><G134/><T62/><D135/><U81/><E105/><V133/><F37/><W31/><G20/><T6/><D56/><U123/><E44/><V49/><F49/><W128/><G128/><T119/><D1/><U30/><E30/><V3/><REACH who="2" step="1"/><F133/><REACH who="2" ten="130,370,240,250" step="2"/><W9/><G48/><T54/><D119/><U32/><E40/><V16/><F16/><W41/><G43/><N who="0" m="22887" /><D54/><U45/><E45/><V115/><F115/><W63/><G41/><T91/><D109/><U29/><E66/><V114/><F114/><W85/><G5/><T55/><D55/><U103/><E65/><V18/><F18/><W99/><G63/><T53/><D53/><U89/><E52/><V127/><F127/><W112/><G61/><T122/><D62/><U120/><E19/><V47/><F47/><W70/><G60/><T69/><D64/><U110/><E57/><V74/><F74/><W108/><G112/><T111/><D58/><U21/><E123/><V0/><F0/><W28/><G70/><T12/><D69/><U107/><E120/><V104/><F104/><W25/><G31/><RYUUKYOKU ba="0,1" sc="130,-10,370,-10,240,30,250,-10" hai2="3,7,8,10,13,17,24,26,77,78,90,94,98" /><INIT seed="2,1,1,3,0,42" ten="120,360,270,240" oya="2" hai0="29,51,118,74,54,24,90,120,23,99,123,38,32" hai1="13,61,18,2,59,134,88,53,122,43,10,94,9" hai2="85,87,130,11,35,96,98,108,65,26,132,0,95" hai3="39,76,19,106,78,68,131,31,44,75,15,102,121"/><V84/><F132/><W69/><G121/><T30/><D38/><U135/><E122/><V6/><F130/><W125/><G131/><T8/><D74/><U79/><E79/><V28/><F108/><W112/><G125/><T20/><D118/><U7/><REACH who="1" step="1"/><E43/><REACH who="1" ten="120,350,270,240" step="2"/><V117/><F117/><W103/><G78/><T36/><D123/><U119/><E119/><V47/><F65/><W34/><G76/><T50/><D120/><U126/><E126/><V81/><F81/><W37/><G75/><T27/><D36/><U48/><E48/><V12/><F0/><W66/><G39/><T46/><D50/><U57/><E57/><V64/><F64/><W55/><G66/><T73/><D73/><U41/><E41/><V40/><REACH who="2" step="1"/><F95/><REACH who="2" ten="120,350,260,240" step="2"/><W105/><G37/><AGARI ba="1,3" hai="6,11,12,26,28,35,37,40,47,84,85,87,96,98" machi="37" ten="40,7700,0" yaku="1,1,2,1,52,1,53,0" doraHai="42" doraHaiUra="124" who="2" fromWho="3" sc="120,0,350,0,260,110,240,-80" /><INIT seed="2,2,0,3,2,72" ten="120,350,370,160" oya="2" hai0="92,129,8,103,115,64,42,93,4,99,0,53,34" hai1="122,57,11,101,26,10,85,56,81,55,9,24,82" hai2="41,6,36,19,16,54,135,90,66,84,86,65,58" hai3="132,51,102,123,21,75,35,37,2,63,130,89,73"/><V12/><F135/><W30/><G123/><T20/><D34/><U112/><E112/><V114/><F114/><W23/><G35/><T40/><D115/><U80/><E122/><V71/><F71/><W43/><G2/><T70/><D129/><U50/><E101/><V13/><F41/><W110/><G130/><T77/><D64/><N who="2" m="24682" /><F36/><W76/><G132/><T7/><D70/><U28/><E85/><N who="2" m="32875" /><F90/><W95/><G89/><T131/><D42/><U25/><E28/><V31/><F31/><W60/><G30/><T97/><D40/><U61/><E61/><N who="2" m="36055" /><F6/><W125/><G43/><T121/><D7/><U119/><E119/><V94/><F94/><W29/><G95/><T22/><D121/><U111/><E111/><V134/><F134/><W14/><G110/><T91/><D131/><U68/><E68/><V1/><F1/><W127/><G29/><T62/><D62/><U83/><N who="1" m="20992" /><DORA hai="88" /><U46/><AGARI ba="2,0" hai="9,10,11,24,25,26,46,50,55,56,57" m="20992" machi="46" ten="50,8000,1" yaku="4,1,0,1,29,2,8,1" doraHai="72,88" who="1" fromWho="1" sc="120,-22,350,86,370,-42,160,-22" /><INIT seed="3,0,0,0,5,100" ten="98,436,328,138" oya="3" hai0="102,61,29,11,38,43,89,86,84,0,76,125,93" hai1="40,3,47,4,91,18,116,118,85,114,99,97,107" hai2="75,36,127,59,130,19,117,108,80,22,74,51,54" hai3="70,30,77,106,134,124,88,24,28,25,82,135,52"/><W14/><G124/><T126/><D29/><U16/><E114/><V64/><F117/><N who="1" m="45161" /><E4/><V55/><F127/><N who="0" m="48650" /><D102/><N who="1" m="62927" /><E99/><V129/><F108/><W83/><G70/><T62/><D43/><U92/><E3/><V109/><F109/><W17/><G52/><T128/><D38/><AGARI ba="0,0" hai="16,18,38,40,47,85,91,92" m="62927,45161" machi="38" ten="30,3900,0" yaku="12,1,52,1,54,1" doraHai="100" who="1" fromWho="0" sc="98,-39,436,39,328,0,138,0" /><INIT seed="4,0,0,1,2,61" ten="59,475,328,138" oya="0" hai0="56,71,32,16,121,85,29,20,81,66,68,53,11" hai1="113,42,80,75,36,89,1,128,8,5,14,26,91" hai2="114,3,86,46,54,95,102,111,130,43,25,110,103" hai3="18,41,122,112,65,38,0,51,39,37,126,19,108"/><T49/><D121/><U12/><E128/><V129/><F3/><W134/><G108/><T30/><D32/><U10/><E26/><V82/><F25/><W57/><G0/><T123/><D123/><U94/><E94/><V63/><F63/><W116/><G116/><T107/><D107/><U70/><E70/><V87/><F54/><W35/><G35/><T15/><D68/><U2/><E2/><V96/><F46/><W105/><G105/><T31/><D71/><U98/><E98/><N who="2" m="59743" /><F43/><W59/><G134/><T48/><D48/><U88/><E10/><V52/><F52/><N who="3" m="31903" /><G122/><T93/><D66/><U23/><E23/><V79/><F86/><W28/><G28/><T72/><D72/><U77/><E113/><V13/><F13/><W47/><G18/><T62/><D62/><U4/><E4/><V78/><F78/><W100/><G100/><T120/><D93/><U92/><E92/><N who="2" m="58759" /><F114/><W34/><G19/><T90/><REACH who="0" step="1"/><D120/><REACH who="0" ten="49,475,328,138" step="2"/><U64/><E64/><V74/><F74/><W118/><G34/><T117/><D117/><U60/><E60/><V104/><F104/><W131/><G118/><T84/><D84/><U21/><E75/><V55/><F111/><W127/><G65/><T17/><D17/><U50/><E50/><V115/><F110/><W83/><G39/><T7/><D7/><U73/><E21/><AGARI ba="0,1" hai="11,15,16,20,21,29,30,31,49,53,56,81,85,90" machi="21" ten="40,12000,1" yaku="1,1,8,1,54,1,53,1" doraHai="61" doraHaiUra="6" who="0" fromWho="1" sc="49,130,475,-120,328,0,138,0" /><INIT seed="4,1,0,3,0,12" ten="179,355,328,138" oya="0" hai0="41,101,11,81,95,32,40,13,84,69,39,123,34" hai1="31,135,96,100,92,55,58,121,77,128,80,75,99" hai2="6,91,25,125,22,113,43,53,78,17,28,105,27" hai3="16,35,120,70,0,2,83,93,5,67,118,124,68"/><T51/><D123/><U61/><E128/><V60/><F125/><W42/><G118/><T1/><D69/><U132/><E121/><V107/><F113/><W126/><G120/><T49/><D1/><U108/><E108/><V59/><F78/><W10/><G35/><T23/><D34/><U45/><E31/><V98/><F6/><W64/><G93/><T38/><D32/><U89/><REACH who="1" step="1"/><E45/><REACH who="1" ten="179,345,328,138" step="2"/><V47/><F47/><W122/><G122/><T46/><D39/><U18/><E18/><V87/><F17/><W63/><G16/><N who="0" m="8255" /><D38/><U57/><E57/><V116/><F59/><W133/><G126/><T33/><D33/><U29/><E29/><V15/><F28/><W134/><G124/><T88/><D23/><U4/><E4/><V86/><F22/><W110/><G5/><T30/><D30/><U104/><AGARI ba="1,1" hai="55,58,61,75,77,80,89,92,96,99,100,104,132,135" machi="104" ten="30,2000,0" yaku="1,1,0,1,53,0" doraHai="12" doraHaiUra="3" who="1" fromWho="1" sc="179,-11,345,33,328,-6,138,-6" /><INIT seed="5,0,0,0,2,100" ten="168,378,322,132" oya="1" hai0="126,96,76,92,39,79,98,8,123,70,84,111,103" hai1="90,25,50,128,48,109,29,21,2,0,86,91,89" hai2="101,114,88,121,133,24,5,116,77,9,62,122,42" hai3="17,11,119,4,94,44,80,18,130,113,45,61,115"/><U14/><E128/><V78/><F116/><W63/><G130/><T49/><D70/><U117/><E117/><V16/><F133/><W36/><G119/><T107/><D39/><U28/><E109/><V65/><F42/><W93/><G80/><T30/><D30/><U87/><E14/><V58/><F114/><W13/><G36/><T108/><D49/><U31/><E21/><V64/><F64/><W135/><G4/><T55/><D8/><U15/><E15/><V69/><F69/><W82/><G82/><T41/><D55/><U56/><E25/><V40/><F40/><W54/><G135/><T112/><D41/><U60/><E60/><V53/><F65/><W75/><G13/><T120/><D112/><U99/><E99/><V22/><F101/><W27/><G27/><T6/><D6/><U3/><E56/><V68/><F68/><W10/><REACH who="3" step="1"/><G54/><REACH who="3" ten="168,378,322,122" step="2"/><T74/><D126/><U105/><E2/><V95/><F122/><N who="0" m="46634" /><D74/><AGARI ba="0,1" hai="10,11,17,18,44,45,61,63,74,75,93,94,113,115" machi="74" ten="25,8000,1" yaku="1,1,22,2,53,2" doraHai="100" doraHaiUra="110" who="3" fromWho="0" sc="168,-80,378,0,322,0,122,90" /><INIT seed="6,0,0,1,1,105" ten="88,378,322,212" oya="2" hai0="68,126,36,53,54,41,31,79,10,128,6,49,120" hai1="28,87,52,131,25,24,57,26,115,39,92,82,86" hai2="122,132,66,78,91,7,108,13,55,112,16,94,69" hai3="125,81,90,129,103,64,35,130,23,124,99,51,106"/><V80/><F122/><W38/><G38/><T50/><D79/><U45/><E131/><N who="3" m="50186" /><G35/><T14/><D31/><U133/><E133/><V33/><F132/><W123/><G64/><T83/><D120/><U75/><E115/><V89/><F108/><W98/><G123/><T47/><D128/><U20/><E75/><V42/><F112/><W3/><G3/><T102/><D126/><N who="3" m="48745" /><G51/><T107/><D68/><U11/><E11/><V67/><F33/><W97/><G23/><T4/><D83/><U18/><E45/><V117/><F117/><W46/><G46/><T12/><D36/><U59/><E59/><V48/><F42/><W77/><G90/><T56/><D102/><U60/><E39/><V29/><F89/><W17/><G17/><T104/><REACH who="0" step="1"/><D41/><REACH who="0" ten="78,378,322,212" step="2"/><U19/><E28/><V116/><F29/><W76/><G76/><T85/><D85/><AGARI ba="0,1" hai="77,81,85,97,98,99,103,106" m="48745,50186" machi="85" ten="30,7700,0" yaku="19,1,18,1,34,2" doraHai="105" who="3" fromWho="0" sc="78,-77,378,0,322,0,212,87" /><INIT seed="7,0,0,4,4,6" ten="1,378,322,299" oya="3" hai0="27,5,94,126,15,93,119,88,50,91,56,21,47" hai1="58,12,121,79,118,18,134,131,59,105,114,54,16" hai2="66,30,35,132,20,1,40,106,95,43,97,60,68" hai3="108,38,67,84,87,85,61,24,2,11,123,113,51"/><W72/><G123/><T76/><D119/><U46/><E121/><V29/><F1/><W62/><G38/><T111/><D126/><U96/><E118/><V23/><F106/><W99/><G72/><T124/><D124/><U0/><E0/><V89/><F132/><W3/><G113/><T63/><D111/><U31/><E31/><V104/><F104/><W74/><G74/><T39/><D39/><U32/><E32/><V98/><F35/><W135/><G135/><T13/><D76/><U116/><E116/><V4/><F4/><W69/><G108/><T81/><D81/><U33/><E33/><V10/><F10/><W109/><G109/><T22/><D56/><U83/><E134/><V26/><REACH who="2" step="1"/><F97/><REACH who="2" ten="1,378,312,299" step="2"/><W41/><G62/><T115/><D91/><U103/><E114/><V107/><F107/><W28/><G99/><T90/><D94/><U73/><E96/><V25/><AGARI ba="0,1" hai="20,23,25,26,29,30,40,43,60,66,68,89,95,98" machi="25" ten="30,4000,0" yaku="1,1,0,1,9,1,53,0" doraHai="6" doraHaiUra="80" who="2" fromWho="2" sc="1,-10,378,-10,312,50,299,-20" owari="-9,-51.0,368,47.0,362,16.0,279,-12.0" /></mjloggm>