<mjloggm ver="2.3"><GO type="169" lobby="0"/><UN n0="%E3%83%AB%E3%82%A2%E3%82%B4%E3%82%A4%E3%83%95" n1="%E4%BD%BF%E5%BE%92%E2%80%A0%E3%82%84%E3%82%93%E3%81%97%E3%81%97%E3%83%BC" n2="%E9%81%8A%E8%B5%B0" n3="%E9%95%B7%E5%B1%B1%E5%A4%A7%E6%A8%B9" dan="17,16,16,16" rate="2099.87,2072.61,2156.73,2107.88" sx="M,F,M,M"/><TAIKYOKU oya="0"/><INIT seed="0,0,0,0,4,134" ten="250,250,250,250" oya="0" hai0="67,123,51,105,65,54,79,66,95,52,78,61,12" hai1="33,96,120,82,64,104,90,101,112,31,37,60,88" hai2="69,46,89,43,126,131,15,108,56,85,28,3,27" hai3="25,135,53,127,76,73,22,13,63,26,39,99,93"/><T38/><D123/><U71/><E37/><V9/><F126/><W34/><G39/><T48/><D105/><U81/><E120/><V132/><F69/><W87/><G73/><T57/><D12/><U36/><E36/><V16/><F132/><W2/><G2/><T129/><D129/><U94/><E112/><V119/><F119/><W83/><G34/><T58/><D95/><U113/><E113/><V6/><F131/><W130/><G135/><T20/><D20/><U75/><E75/><V128/><F128/><W106/><G106/><T47/><D78/><U80/><REACH who="1" step="1"/><E94/><REACH who="1" ten="250,240,250,250" step="2"/><V125/><F125/><W29/><G127/><T133/><D133/><U103/><E103/><V50/><F108/><W8/><G130/><T1/><D1/><U121/><E121/><V17/><F3/><W35/><G93/><T111/><D111/><U117/><E117/><V68/><F68/><W74/><G74/><T18/><D79/><U102/><E102/><V21/><REACH who="2" step="1"/><F56/><REACH who="2" ten="250,240,240,250" step="2"/><W23/><G76/><T55/><D18/><U0/><E0/><V109/><F109/><W122/><G122/><T114/><D114/><U107/><E107/><V24/><F24/><AGARI ba="0,2" hai="24,31,33,60,64,71,80,81,82,88,90,96,101,104" machi="24" ten="40,8000,1" yaku="1,1,25,2,54,1,53,0" doraHai="134" doraHaiUra="115" who="1" fromWho="2" sc="250,0,240,100,240,-80,250,0" /><INIT seed="1,0,0,5,3,55" ten="250,340,160,250" oya="1" hai0="46,68,50,45,58,92,19,54,34,22,47,132,48" hai1="25,76,112,97,87,131,23,119,32,51,74,130,14" hai2="66,96,77,0,101,38,18,52,31,128,61,43,126" hai3="3,70,78,13,7,91,41,103,12,56,117,57,35"/><U21/><E112/><V75/><F0/><W33/><G70/><T11/><D34/><U100/><E119/><V133/><F128/><W110/><G117/><T20/><D132/><U2/><E2/><V67/><F133/><W26/><G3/><T106/><D106/><U104/><E74/><V65/><F126/><W134/><G134/><T124/><D124/><U17/><E32/><V44/><F31/><W118/><G110/><T39/><D68/><U109/><E109/><V15/><F77/><W4/><G41/><T49/><D39/><U71/><E71/><V59/><F75/><W9/><G103/><T24/><D11/><U127/><E127/><V120/><F120/><W60/><G78/><T81/><D81/><U72/><E72/><V85/><F85/><W90/><G26/><T105/><D105/><U84/><E51/><V82/><F82/><W111/><G60/><T122/><D122/><U95/><E76/><V121/><F121/><W115/><G9/><T62/><D92/><U108/><E104/><V36/><F36/><W40/><G111/><T80/><D80/><U69/><E69/><V86/><F86/><W89/><G40/><T102/><D102/><U30/><E108/><V98/><REACH who="2" step="1"/><F101/><REACH who="2" ten="250,340,150,250" step="2"/><W93/><G118/><T79/><D79/><U37/><E37/><V64/><N who="2" m="16384" /><DORA hai="8" /><V10/><AGARI ba="0,1" hai="10,15,18,38,43,44,52,59,61,96,98" m="16384" machi="10" ten="40,12000,2" yaku="1,1,4,1,0,1,52,2,54,1,53,0" doraHai="55,8" doraHaiUra="114,135" who="2" fromWho="2" sc="250,-30,340,-60,150,130,250,-30" /><INIT seed="2,0,0,1,5,119" ten="220,280,280,220" oya="2" hai0="14,27,38,25,12,131,116,34,132,133,35,106,33" hai1="96,78,73,39,74,107,18,115,125,75,91,67,36" hai2="32,120,56,37,16,124,82,65,93,68,22,127,60" hai3="108,48,102,43,0,50,100,24,79,117,61,97,92"/><V10/><F32/><W129/><G108/><T23/><D106/><U66/><E115/><V112/><F112/><W95/><G117/><T81/><D38/><U130/><E78/><V53/><F37/><W128/><G0/><T103/><D116/><U122/><E18/><V59/><F10/><W111/><G111/><T4/><D103/><U21/><E21/><V2/><F2/><W80/><G61/><T76/><D81/><U83/><E74/><V70/><F82/><W94/><G24/><N who="0" m="9291" /><D76/><U30/><E83/><V8/><F8/><W63/><G63/><T109/><D109/><U42/><E107/><V88/><F120/><W71/><G71/><T104/><D104/><U87/><E96/><N who="2" m="57383" /><F59/><W72/><G43/><T90/><D90/><U49/><E91/><V46/><F46/><W84/><G48/><T47/><D47/><U11/><E49/><V45/><F45/><W9/><G50/><T89/><D89/><U105/><E105/><V135/><F135/><N who="0" m="51786" /><D131/><N who="3" m="50249" /><G72/><T57/><D57/><U114/><E130/><V5/><F5/><W69/><G69/><N who="2" m="26729" /><F65/><W19/><G100/><T121/><D121/><U3/><E122/><V6/><F6/><W54/><G54/><T31/><D4/><U98/><E67/><V110/><F110/><W86/><G86/><T13/><D31/><U62/><E30/><V77/><F77/><W134/><G134/><T55/><D55/><U101/><E66/><V85/><F85/><W1/><G102/><T51/><D51/><U52/><E39/><V29/><F29/><W15/><G97/><T7/><D7/><U64/><E36/><RYUUKYOKU ba="0,0" sc="220,10,280,-30,280,10,220,10" hai0="12,13,14,23,33,34,35" hai2="16,22,53,56,60,124,127" hai3="1,9,15,19,79,80,84,92,94,95" /><INIT seed="2,1,0,1,3,54" ten="230,250,290,230" oya="2" hai0="59,115,7,49,130,72,29,126,3,63,74,55,35" hai1="128,18,24,83,101,15,5,60,1,78,105,88,66" hai2="94,132,75,119,67,120,108,57,100,118,87,97,123" hai3="40,113,131,125,21,48,47,65,71,73,50,46,56"/><V9/><F9/><W69/><G73/><T58/><D115/><U127/><E128/><V25/><F25/><W12/><G12/><T41/><D130/><U134/><E127/><V85/><F67/><W33/><G33/><T95/><D126/><U10/><E134/><V107/><F57/><W70/><G131/><T45/><D95/><U89/><E24/><V11/><F11/><W16/><G125/><T111/><D111/><U116/><E116/><N who="2" m="44587" /><F132/><W26/><G113/><T43/><D43/><U34/><E34/><V38/><F38/><W102/><G102/><T44/><D7/><U96/><E5/><V30/><F30/><W122/><G122/><N who="2" m="46633" /><F108/><W22/><G22/><T86/><D3/><U13/><E13/><V106/><F75/><W37/><REACH who="3" step="1"/><G46/><REACH who="3" ten="230,250,290,220" step="2"/><T121/><D35/><U133/><E133/><V51/><F100/><W68/><N who="3" m="17408" /><DORA hai="109" /><W129/><G129/><T77/><D121/><U103/><E103/><V61/><F107/><W82/><G82/><N who="0" m="47439" /><D74/><U53/><E1/><V91/><F106/><W20/><G20/><T39/><D72/><U19/><E105/><V17/><F94/><W76/><G76/><T28/><D44/><U84/><E101/><V23/><F23/><W27/><G27/><T104/><D104/><U79/><E79/><V8/><F8/><W64/><G64/><T92/><D92/><N who="1" m="56327" /><E78/><V98/><F91/><W32/><G32/><T90/><D90/><U93/><E93/><V62/><F98/><W117/><G117/><T80/><D80/><U31/><E89/><V52/><F97/><W36/><G36/><T0/><D0/><RYUUKYOKU ba="1,1" sc="230,15,250,-15,290,-15,220,15" hai0="28,29,39,41,45,49,55,58,59,63" hai3="16,21,26,37,40,47,48,50,56,65" /><INIT seed="3,2,1,5,0,34" ten="245,235,275,235" oya="3" hai0="52,21,100,36,9,131,128,20,62,126,93,133,2" hai1="22,43,101,74,64,67,11,40,135,72,66,92,69" hai2="106,94,122,119,63,132,77,57,130,125,80,70,12" hai3="60,98,27,108,19,84,7,124,0,25,114,65,90"/><W16/><G114/><T87/><D36/><U71/><E135/><V59/><F106/><W68/><G124/><T112/><D126/><U45/><E22/><V91/><F125/><W97/><G108/><T83/><D133/><U48/><E40/><V134/><F119/><W117/><G117/><T75/><D75/><U123/><E123/><V104/><F104/><W23/><G27/><T129/><D112/><U4/><E74/><V103/><F103/><W49/><G19/><T118/><D118/><U61/><E72/><V86/><F122/><W31/><G31/><T8/><D93/><U26/><E26/><V79/><F130/><W113/><G113/><T6/><D9/><U42/><E42/><V13/><F70/><W10/><REACH who="3" step="1"/><G49/><REACH who="3" ten="245,235,275,225" step="2"/><T99/><D129/><U46/><E71/><V110/><F134/><W58/><G58/><T95/><D128/><U78/><E46/><V127/><F132/><W107/><G107/><T33/><D131/><U35/><E35/><V32/><F110/><W54/><G54/><T44/><D33/><U38/><E48/><V41/><F32/><W5/><G5/><T120/><D120/><U82/><E69/><V88/><F127/><W50/><G50/><T47/><D47/><U30/><E30/><V24/><F24/><W28/><G28/><T73/><D44/><U115/><E115/><V51/><F57/><W29/><G29/><T121/><D121/><U39/><E45/><V37/><F51/><W56/><G56/><T109/><D109/><U111/><E111/><V3/><F59/><W53/><G53/><T17/><D52/><RYUUKYOKU ba="2,2" sc="245,-10,235,-10,275,-10,225,30" hai3="0,7,10,16,23,25,60,65,68,84,90,97,98" /><INIT seed="3,3,2,0,5,82" ten="235,225,265,255" oya="3" hai0="74,24,128,11,125,98,72,88,32,47,18,126,103" hai1="133,95,54,101,89,124,51,106,130,15,36,102,27" hai2="77,13,12,19,55,21,61,62,40,66,0,7,50" hai3="115,57,135,35,22,111,119,1,67,45,75,116,28"/><W59/><G115/><T63/><D128/><U92/><E36/><V48/><F0/><W64/><G35/><T23/><D32/><U84/><E106/><V65/><F77/><W71/><G1/><T43/><D63/><N who="2" m="24074" /><F40/><W120/><G75/><T118/><D118/><N who="3" m="45097" /><G22/><T131/><D131/><U104/><E104/><V68/><F68/><W78/><G78/><T121/><D11/><U10/><E130/><V14/><F50/><W99/><G99/><T44/><D121/><U17/><E124/><N who="0" m="47721" /><D88/><N who="1" m="53255" /><E27/><N who="2" m="14783" /><F7/><W100/><G28/><T105/><D44/><AGARI ba="3,2" hai="12,13,14,44,48,55,65,66" m="14783,24074" machi="44" ten="30,1000,0" yaku="8,1" doraHai="82" who="2" fromWho="0" sc="235,-19,225,0,265,39,255,0" /><INIT seed="4,0,0,0,4,128" ten="216,225,304,255" oya="0" hai0="5,75,120,12,134,78,121,63,68,67,24,115,1" hai1="74,6,34,79,126,53,108,70,103,116,29,119,82" hai2="60,85,125,4,81,36,31,10,45,97,87,76,19" hai3="71,62,21,91,20,122,22,0,48,98,56,25,123"/><T35/><D12/><U93/><E108/><V111/><F111/><W49/><G0/><T104/><D115/><U28/><E126/><V92/><F125/><W18/><G71/><T89/><D89/><U83/><E70/><V129/><F129/><W124/><G124/><T59/><D104/><U66/><E66/><V114/><F114/><W65/><G123/><T94/><D94/><U55/><E6/><V39/><F31/><W95/><G122/><T73/><D59/><U58/><E93/><V42/><F19/><W54/><G65/><T84/><D84/><U51/><E103/><V27/><F27/><W50/><AGARI ba="0,0" hai="18,20,21,22,25,48,49,50,54,56,62,91,95,98" machi="50" ten="30,7900,0" yaku="0,1,25,2,8,1" doraHai="128" who="3" fromWho="3" sc="216,-39,225,-20,304,-20,255,79" /><INIT seed="5,0,0,2,1,28" ten="177,205,284,334" oya="1" hai0="80,5,108,11,12,72,25,79,70,10,77,40,6" hai1="0,15,51,58,112,118,42,27,20,50,63,88,44" hai2="106,22,56,14,23,92,7,91,41,120,89,47,110" hai3="87,119,75,82,61,102,124,122,37,43,30,54,64"/><U90/><E0/><V132/><F106/><W125/><G122/><T69/><D108/><U83/><E118/><V68/><F68/><W114/><G75/><T4/><D79/><U67/><E112/><V101/><F120/><W134/><G114/><T45/><D25/><U36/><E15/><V115/><F110/><W85/><G134/><T96/><D96/><U52/><E83/><V9/><F115/><W57/><G119/><T29/><D29/><U104/><E104/><V24/><F132/><W53/><G102/><T73/><D73/><U78/><E78/><V121/><F121/><W111/><G111/><T55/><D55/><U123/><E123/><V93/><F56/><W84/><G82/><T127/><D4/><U33/><E33/><V35/><F35/><W21/><G21/><T71/><D127/><N who="3" m="48713" /><G30/><T16/><REACH who="0" step="1"/><D10/><REACH who="0" ten="167,205,284,334" step="2"/><U107/><E107/><V103/><F24/><W128/><G128/><T131/><D131/><U116/><E116/><V74/><F74/><W135/><G135/><T129/><D129/><U13/><E27/><V130/><F130/><W95/><G54/><T34/><D34/><U38/><E20/><V117/><F117/><W76/><G53/><T99/><D99/><U113/><E113/><V19/><F22/><W1/><G76/><T86/><D86/><U60/><E52/><V66/><F23/><W17/><G85/><T133/><D133/><U105/><E105/><V98/><F7/><W126/><G126/><T62/><D62/><U2/><E63/><V48/><F66/><W8/><G95/><T59/><D59/><U97/><E58/><RYUUKYOKU ba="0,1" sc="167,15,205,-15,284,15,334,-15" hai0="5,6,11,12,16,40,45,69,70,71,72,77,80" hai2="9,14,19,41,47,48,89,91,92,93,98,101,103" /><INIT seed="6,1,1,4,0,64" ten="182,190,299,319" oya="2" hai0="12,95,26,50,2,83,37,122,103,104,75,133,98" hai1="29,38,116,100,28,27,112,58,91,44,60,45,70" hai2="73,127,48,88,71,47,30,135,8,93,113,3,42" hai3="90,132,121,87,13,53,134,92,6,52,49,35,109"/><V85/><F135/><N who="3" m="51755" /><G109/><T124/><D133/><U94/><E116/><V106/><F106/><W15/><G121/><T51/><D122/><U101/><E112/><V74/><F113/><W56/><G35/><T1/><D124/><U107/><E38/><V61/><F127/><W32/><G32/><T24/><D37/><U54/><E70/><V102/><F30/><W126/><G126/><T63/><D12/><U84/><E28/><V57/><F102/><N who="1" m="39529" /><E107/><V115/><F115/><W108/><G108/><T43/><D104/><U19/><E29/><V114/><F114/><W39/><G39/><T10/><D43/><U65/><E65/><V69/><F73/><W62/><G6/><T59/><D75/><U14/><E27/><N who="0" m="10281" /><D1/><U41/><E41/><V25/><F25/><W80/><G92/><T36/><D36/><U78/><E78/><V125/><F74/><W5/><G5/><T76/><D2/><U7/><E7/><V110/><F110/><W105/><G105/><T86/><D10/><AGARI ba="1,1" hai="10,14,19,44,45,54,58,60,84,91,94" m="39529" machi="10" ten="30,1000,0" yaku="8,1" doraHai="64" who="1" fromWho="0" sc="182,-13,190,23,299,0,319,0" /><INIT seed="7,0,0,2,2,120" ten="169,213,299,319" oya="3" hai0="109,43,1,21,13,42,114,102,127,56,79,25,101" hai1="38,86,9,99,14,65,19,3,37,119,24,22,123" hai2="39,49,52,67,59,113,89,71,98,69,105,54,63" hai3="118,2,40,80,133,41,112,8,100,31,33,70,88"/><W83/><G118/><T78/><D1/><U134/><E123/><V92/><F113/><W53/><G70/><T116/><D116/><U104/><E119/><V87/><F39/><W117/><G117/><T66/><D114/><U18/><E134/><V44/><REACH who="2" step="1"/><F67/><REACH who="2" ten="169,213,289,319" step="2"/><W11/><G133/><T72/><D127/><U131/><E65/><V82/><F82/><W110/><G112/><T35/><D109/><U91/><E38/><V74/><F74/><W27/><G110/><T85/><D72/><U23/><E37/><V107/><F107/><W5/><G83/><T51/><D66/><U132/><E104/><V17/><F17/><W121/><G121/><T90/><D35/><U126/><E19/><V68/><F68/><W81/><G81/><T77/><D13/><U45/><E14/><V46/><F46/><W108/><G108/><T124/><D124/><U57/><E126/><V0/><F0/><W64/><G64/><T61/><D61/><U58/><E45/><V115/><F115/><W36/><G36/><T29/><D56/><U4/><E57/><V20/><F20/><W34/><G34/><T50/><D50/><U60/><E58/><V75/><F75/><W10/><G2/><T129/><D129/><U84/><E60/><V106/><F106/><W122/><G122/><T93/><REACH who="0" step="1"/><D51/><REACH who="0" ten="159,213,289,319" step="2"/><U26/><E131/><V12/><F12/><W28/><G33/><T76/><N who="0" m="19456" /><DORA hai="95" /><T130/><D130/><U125/><E125/><V15/><F15/><W62/><G62/><T111/><D111/><U32/><E3/><V97/><F97/><W128/><G128/><RYUUKYOKU ba="0,2" sc="159,15,213,-15,289,15,319,-15" hai0="21,25,29,42,43,85,90,93,101,102" hai2="44,49,52,54,59,63,69,71,87,89,92,98,105" owari="174,-33.0,198,-20.0,324,43.0,304,10.0" /></mjloggm>