<mjloggm ver="2.3"><GO type="169" lobby="0"/><UN n0="%E8%8F%B1%E5%B7%9D%E6%85%8E%E5%90%BE" n1="%E3%82%B3%E3%82%AB%E3%83%A9%E3%82%A4%E3%82%A2" n2="%E3%81%82%E3%81%BE%E3%81%BF%EF%BD%9E" n3="%66%61%7A%65" dan="16,17,17,16" rate="2141.83,2173.60,2121.72,2095.88" sx="M,M,M,M"/><TAIKYOKU oya="0"/><INIT seed="0,0,0,5,5,22" ten="250,250,250,250" oya="0" hai0="9,123,83,42,124,7,43,2,88,69,18,4,3" hai1="5,126,118,48,82,52,73,51,13,84,0,132,74" hai2="106,104,56,107,119,64,1,59,20,23,53,135,101" hai3="96,54,39,67,31,72,85,14,11,105,38,15,95"/><T131/><D123/><U116/><E132/><V65/><F1/><W60/><G72/><T41/><D69/><U89/><E126/><V115/><F115/><W75/><G75/><T6/><D124/><U40/><E0/><V68/><F68/><W19/><G105/><T10/><D131/><U110/><E110/><V77/><F77/><W24/><G85/><T27/><D7/><U29/><E74/><V44/><F44/><W112/><G15/><T76/><D76/><U86/><E73/><V87/><F87/><W25/><G54/><T92/><D83/><U90/><E29/><V34/><F34/><W49/><G49/><T99/><REACH who="0" step="1"/><D43/><REACH who="0" ten="240,250,250,250" step="2"/><U55/><E40/><V114/><F114/><W21/><G112/><T94/><D94/><U47/><E5/><V45/><F106/><W129/><G129/><T17/><D17/><U127/><E127/><V80/><F80/><W35/><G35/><T62/><D62/><U66/><E82/><V98/><F104/><W50/><G31/><T71/><D71/><U16/><E16/><V58/><F107/><W37/><G19/><T8/><D8/><U91/><E116/><V103/><F119/><W33/><G33/><T128/><D128/><U70/><E118/><V63/><F63/><W111/><G11/><T122/><D122/><U120/><E120/><V113/><F113/><W100/><G60/><T121/><D121/><U32/><E32/><V57/><F23/><AGARI ba="0,1" hai="2,3,4,6,9,10,18,23,27,41,42,88,92,99" machi="23" ten="40,12000,1" yaku="1,1,9,1,52,1,54,1,53,0" doraHai="22" doraHaiUra="81" who="0" fromWho="2" sc="240,130,250,0,250,-120,250,0" /><INIT seed="0,1,0,5,4,89" ten="370,250,130,250" oya="0" hai0="130,56,69,43,126,40,55,99,72,44,21,51,62" hai1="17,129,116,104,115,71,92,61,73,26,100,131,78" hai2="16,88,39,91,103,60,127,119,3,80,123,67,58" hai3="75,86,125,1,81,10,110,133,31,27,112,109,18"/><T52/><D72/><U132/><E116/><V63/><F123/><W37/><G112/><T102/><D130/><N who="1" m="49675" /><E104/><V118/><F3/><W117/><G117/><N who="2" m="44553" /><F39/><W29/><G37/><T24/><D126/><U113/><E132/><V34/><F34/><W66/><G75/><T48/><D69/><U20/><E71/><V70/><F80/><W54/><G66/><T38/><D51/><U12/><E61/><V77/><F77/><W101/><G133/><T45/><D45/><U53/><E53/><N who="2" m="33871" /><F127/><W42/><G42/><T0/><D0/><U14/><E78/><V15/><F103/><W23/><G125/><T111/><D111/><U74/><E74/><V90/><F90/><W6/><G54/><T35/><D35/><U36/><E36/><V50/><F50/><W97/><G110/><T83/><D83/><U114/><E73/><V94/><F94/><W120/><G120/><T134/><D134/><U25/><E92/><V65/><F65/><W85/><G85/><T108/><D108/><U30/><E100/><V122/><F122/><W47/><G47/><T106/><REACH who="0" step="1"/><D38/><REACH who="0" ten="360,250,130,250" step="2"/><U41/><E41/><V107/><F107/><W64/><G109/><T135/><D135/><U79/><E79/><V98/><F98/><W128/><G128/><T8/><D8/><AGARI ba="1,1" hai="8,15,16,63,67,70,88,91" m="33871,44553" machi="8" ten="30,3900,0" yaku="12,1,54,2" doraHai="89" who="2" fromWho="0" sc="360,-42,250,0,130,52,250,0" /><INIT seed="1,0,0,3,1,115" ten="318,250,182,250" oya="1" hai0="59,43,114,9,45,0,62,20,57,37,78,25,116" hai1="82,124,79,6,119,132,112,76,33,18,53,85,121" hai2="15,38,8,109,22,64,105,72,75,4,101,66,47" hai3="26,16,17,44,34,96,104,129,56,41,55,52,107"/><U120/><E112/><V35/><F35/><W7/><G129/><T3/><D114/><U97/><E33/><V5/><F5/><W63/><G7/><T133/><D133/><U11/><E132/><V110/><F22/><W111/><G111/><N who="2" m="42505" /><F105/><W81/><G55/><T31/><D116/><U83/><E124/><V12/><F101/><W50/><G81/><T135/><D135/><U24/><E119/><V91/><F15/><W61/><G61/><T77/><D59/><U74/><E97/><V92/><F38/><W113/><G113/><T94/><D94/><U98/><E98/><N who="2" m="57631" /><F47/><W10/><G10/><T46/><D45/><U54/><E120/><V100/><F100/><W51/><G51/><T69/><D9/><U30/><E121/><V106/><F106/><W122/><G122/><T90/><D3/><U89/><E30/><V21/><F21/><W71/><G107/><T108/><D0/><U68/><E24/><V13/><F13/><W103/><REACH who="3" step="1"/><G71/><REACH who="3" ten="318,250,182,240" step="2"/><T88/><D108/><U28/><E68/><V19/><F4/><W118/><G118/><T125/><D69/><U84/><E6/><V80/><F80/><W117/><G117/><T93/><D125/><U73/><E11/><V131/><F131/><W39/><G39/><T42/><D37/><U65/><E82/><V14/><F14/><W23/><G23/><T99/><D43/><U2/><E83/><V67/><AGARI ba="0,1" hai="8,12,19,64,66,67,72,75" m="57631,42505" machi="67" ten="30,1100,0" yaku="14,1" doraHai="115" who="2" fromWho="2" sc="318,-3,250,-5,182,21,240,-3" /><INIT seed="2,0,0,2,5,38" ten="315,245,203,237" oya="2" hai0="125,49,31,75,128,58,107,88,84,131,101,120,5" hai1="35,11,27,121,93,102,54,48,92,113,26,127,129" hai2="110,1,105,6,51,71,100,95,36,13,9,30,65" hai3="44,86,39,85,45,99,3,115,122,25,124,37,117"/><V116/><F116/><W22/><G117/><T12/><D120/><U34/><E113/><V123/><F36/><W52/><G115/><T4/><D75/><U41/><E127/><V96/><F123/><W15/><G122/><T72/><D72/><U43/><E129/><V108/><F51/><W67/><G3/><T40/><D125/><U7/><E121/><V70/><F13/><W87/><G124/><T81/><D31/><U46/><E35/><V53/><F53/><W50/><G67/><T21/><D101/><U55/><E55/><V78/><F78/><W109/><G109/><N who="2" m="42089" /><F65/><W32/><G44/><N who="0" m="25735" /><D107/><U66/><E66/><V61/><F61/><W106/><G15/><T135/><D135/><U79/><E79/><V10/><F10/><W2/><G2/><T112/><D58/><U77/><E77/><V89/><F30/><W130/><G39/><T114/><D114/><U17/><E11/><V18/><F18/><W63/><G37/><T60/><D60/><U20/><E7/><V28/><F28/><W104/><G63/><T8/><D112/><U62/><E62/><V74/><F74/><W119/><G119/><T69/><D69/><U111/><E111/><V133/><F133/><W64/><G64/><T134/><D134/><U68/><E68/><N who="2" m="26155" /><F100/><W23/><G52/><T47/><D47/><U33/><E102/><V76/><F105/><W59/><G106/><T29/><D29/><N who="1" m="19647" /><E34/><V103/><F103/><N who="3" m="62591" /><G59/><T80/><D5/><U16/><E17/><V126/><F126/><W132/><G132/><T24/><D81/><U19/><E19/><V118/><F118/><RYUUKYOKU ba="0,0" sc="315,10,245,10,203,10,237,-30" hai0="4,8,12,21,24,80,84,88,128,131" hai1="16,20,26,41,43,46,48,54,92,93" hai2="1,6,9,76,89,95,96" /><INIT seed="2,1,0,2,4,20" ten="325,255,213,207" oya="2" hai0="82,29,14,19,13,102,52,44,119,10,85,30,103" hai1="91,83,105,57,71,129,106,27,118,25,124,120,95" hai2="60,88,122,113,62,87,50,76,36,21,37,58,81" hai3="96,117,65,31,98,121,127,48,39,28,99,42,26"/><V108/><F113/><W23/><G117/><T125/><D125/><U59/><E118/><V4/><F122/><W32/><G121/><T97/><D119/><U33/><E71/><V75/><F62/><W41/><G127/><T116/><D116/><U114/><E120/><V70/><F70/><W47/><G65/><T77/><D14/><U134/><E124/><V67/><F4/><W130/><G130/><T45/><D45/><U111/><E33/><V9/><F9/><W84/><G84/><T80/><D82/><U131/><E114/><V92/><F108/><W68/><G68/><T100/><REACH who="0" step="1"/><D97/><REACH who="0" ten="315,255,213,207" step="2"/><N who="1" m="57599" /><E83/><V46/><REACH who="2" step="1"/><F21/><REACH who="2" ten="315,255,203,207" step="2"/><W55/><REACH who="3" step="1"/><G39/><REACH who="3" ten="315,255,203,197" step="2"/><T24/><D24/><AGARI ba="1,3" hai="23,24,26,28,31,32,41,42,47,48,55,96,98,99" machi="24" ten="40,8000,1" yaku="1,1,2,1,52,2,53,0" doraHai="20" doraHaiUra="56" who="3" fromWho="0" sc="315,-83,255,0,203,0,197,113" /><INIT seed="3,0,0,0,3,67" ten="232,255,203,310" oya="3" hai0="25,32,54,133,85,78,130,132,109,119,68,123,135" hai1="91,61,18,101,4,98,58,110,82,22,117,111,71" hai2="42,89,45,134,52,129,74,57,39,6,19,116,115" hai3="62,3,124,20,26,88,86,103,73,12,114,55,106"/><W104/><G3/><T15/><D119/><U76/><E117/><V36/><F116/><W30/><G73/><T120/><D109/><N who="1" m="41483" /><E4/><V122/><F74/><W23/><G114/><T108/><D108/><U38/><E38/><V37/><F6/><W94/><G124/><T21/><D130/><U47/><E47/><V66/><F19/><W121/><G121/><T31/><D54/><U102/><E91/><V96/><F96/><W59/><REACH who="3" step="1"/><G103/><REACH who="3" ten="232,255,203,300" step="2"/><T24/><D120/><U28/><E101/><V29/><F122/><W13/><G13/><T34/><D123/><U49/><E102/><V17/><F115/><W5/><G5/><T2/><D2/><U35/><E98/><V0/><F0/><W87/><G87/><T33/><D15/><U14/><E14/><V99/><F99/><W40/><G40/><T105/><D85/><U90/><E90/><V10/><F89/><W75/><G75/><T51/><D25/><U79/><E76/><V77/><F77/><W81/><G81/><T44/><D78/><U112/><E82/><V46/><F42/><W69/><G69/><T97/><D97/><U128/><E71/><V60/><F129/><W118/><G118/><T127/><D127/><U113/><E79/><V64/><F37/><W50/><G50/><T53/><D68/><U56/><E128/><V126/><F36/><W11/><G11/><T125/><D125/><U9/><E9/><V48/><F39/><W43/><G43/><T83/><D83/><U100/><E112/><V70/><F126/><W16/><AGARI ba="0,1" hai="12,16,20,23,26,30,55,59,62,86,88,94,104,106" machi="16" ten="30,12000,1" yaku="1,1,0,1,54,2,53,1" doraHai="67" doraHaiUra="84" who="3" fromWho="3" sc="232,-40,255,-40,203,-40,300,130" /><INIT seed="3,1,0,5,5,132" ten="192,215,163,430" oya="3" hai0="117,125,61,91,83,113,8,62,127,69,57,118,96" hai1="84,128,77,133,5,131,97,90,11,56,124,106,95" hai2="37,59,55,24,130,63,87,114,29,33,45,21,25" hai3="18,28,22,65,105,120,102,1,71,36,126,99,72"/><W42/><G120/><T80/><D69/><U27/><E133/><V50/><F114/><W0/><G72/><T60/><D113/><U86/><E27/><V46/><F130/><N who="1" m="49705" /><E56/><V116/><F116/><W17/><G28/><T129/><D129/><U2/><E106/><V70/><F37/><W82/><G82/><N who="0" m="31275" /><D57/><U78/><E124/><N who="0" m="47689" /><D8/><U32/><E32/><V100/><F87/><AGARI ba="1,0" hai="2,5,11,77,78,84,86,87,90,95,97" m="49705" machi="87" ten="30,1000,0" yaku="19,1" doraHai="132" who="1" fromWho="2" sc="192,0,215,13,163,-13,430,0" /><INIT seed="4,0,0,3,4,84" ten="192,228,150,430" oya="0" hai0="123,98,64,36,83,40,74,11,96,29,20,127,110" hai1="31,24,38,65,61,35,114,1,28,76,63,68,87" hai2="107,53,42,116,128,109,103,99,55,46,95,81,104" hai3="91,43,73,39,12,71,79,30,115,86,130,7,112"/><T106/><D123/><U0/><E38/><V16/><F109/><W121/><G71/><T37/><D110/><U122/><E122/><V58/><F128/><W132/><G30/><T4/><D64/><U82/><E114/><N who="3" m="43562" /><G7/><T41/><D127/><U129/><E129/><V26/><F116/><W77/><G12/><T113/><D113/><U72/><E31/><V13/><F26/><W78/><G43/><T117/><D117/><U22/><E35/><V118/><F81/><N who="3" m="49615" /><G39/><T105/><D37/><U120/><E120/><V9/><F118/><W93/><G121/><T23/><D36/><U56/><REACH who="1" step="1"/><E72/><REACH who="1" ten="192,218,150,430" step="2"/><V33/><F33/><W119/><G130/><T18/><D29/><U89/><E89/><V48/><REACH who="2" step="1"/><F42/><REACH who="2" ten="192,218,140,430" step="2"/><W85/><G119/><T62/><D41/><U90/><E90/><V45/><F45/><W8/><G73/><T108/><D74/><U70/><E70/><V94/><F94/><W60/><G93/><T134/><D108/><U21/><E21/><V49/><AGARI ba="0,2" hai="9,13,16,46,48,49,53,55,58,95,99,103,104,107" machi="49" ten="20,5200,0" yaku="1,1,0,1,7,1,54,1,53,0" doraHai="84" doraHaiUra="17" who="2" fromWho="2" sc="192,-26,218,-13,140,72,430,-13" /><INIT seed="5,0,0,2,5,8" ten="166,205,212,417" oya="1" hai0="47,35,10,31,56,122,6,128,1,2,36,62,5" hai1="38,115,29,24,108,125,102,123,34,109,22,77,55" hai2="67,28,26,14,95,131,112,119,11,37,64,79,96" hai3="49,93,100,94,80,124,81,61,86,63,129,104,17"/><U57/><E123/><V127/><F119/><W13/><G124/><T44/><D122/><U16/><E38/><V33/><F37/><W21/><G129/><T133/><D128/><U32/><E125/><V54/><F127/><W116/><G104/><T12/><D133/><U76/><E102/><V60/><F131/><W74/><G116/><T135/><D135/><U19/><E115/><V43/><F43/><W69/><G74/><T45/><D36/><U30/><E76/><V53/><F79/><W65/><G61/><T3/><D31/><N who="1" m="11787" /><E77/><V134/><F67/><W98/><G49/><T89/><D89/><U18/><E55/><V7/><F112/><W82/><REACH who="3" step="1"/><G94/><REACH who="3" ten="166,205,212,407" step="2"/><T103/><D35/><N who="1" m="13355" /><E57/><V90/><REACH who="2" step="1"/><F134/><REACH who="2" ten="166,205,202,407" step="2"/><W23/><G23/><T20/><D20/><U70/><E70/><AGARI ba="0,2" hai="7,11,14,26,28,33,53,54,60,64,70,90,95,96" machi="70" ten="30,12000,2" yaku="1,1,2,1,7,1,52,1,53,2" doraHai="8" doraHaiUra="48" who="2" fromWho="1" sc="166,0,205,-120,202,140,407,0" /><INIT seed="6,0,0,5,4,109" ten="166,85,342,407" oya="2" hai0="95,107,91,90,65,127,10,100,125,79,129,85,64" hai1="70,63,75,55,35,4,94,27,23,39,26,105,36" hai2="18,123,9,86,60,31,122,71,120,96,42,54,13" hai3="11,131,50,83,128,115,82,74,24,16,118,88,34"/><V52/><F42/><W49/><G118/><T5/><D129/><N who="3" m="49737" /><G115/><T43/><D43/><U81/><E105/><V62/><F31/><N who="3" m="19815" /><G74/><T6/><D79/><U99/><E35/><V2/><F2/><W41/><G88/><T19/><D19/><U0/><E70/><V73/><F73/><W61/><G61/><T135/><D135/><U22/><E4/><V104/><F86/><W53/><G16/><T113/><D113/><U69/><E0/><V134/><F134/><W25/><G25/><T102/><D107/><U38/><E23/><V78/><F78/><W112/><G11/><T133/><D95/><U66/><E55/><V68/><F62/><W32/><G32/><T33/><D85/><U12/><E12/><V20/><F9/><W15/><G15/><T117/><D33/><U87/><E75/><V98/><F98/><W48/><G112/><T119/><D133/><U37/><N who="1" m="9216" /><DORA hai="97" /><U57/><E69/><V21/><F21/><W111/><G111/><T121/><REACH who="0" step="1"/><D10/><REACH who="0" ten="156,85,342,407" step="2"/><U77/><REACH who="1" step="1"/><E22/><REACH who="1" ten="156,75,342,407" step="2"/><N who="2" m="11599" /><F104/><W14/><G41/><T47/><D47/><U92/><E92/><V67/><F120/><AGARI ba="0,2" hai="5,6,64,65,90,91,100,102,117,119,120,121,125,127" machi="120" ten="25,12000,2" yaku="1,1,22,2,52,2,53,2" doraHai="109,97" doraHaiUra="3,80" who="0" fromWho="2" sc="156,140,75,0,342,-120,407,0" /><INIT seed="7,0,0,4,2,43" ten="296,75,222,407" oya="3" hai0="47,17,78,14,110,86,133,37,18,95,34,128,97" hai1="16,40,49,57,100,55,122,3,28,125,101,9,44" hai2="56,106,50,51,94,63,85,107,124,0,54,102,112" hai3="69,15,82,4,25,68,126,118,33,134,29,46,52"/><W64/><G118/><T131/><D110/><U83/><E122/><V76/><F0/><W30/><G126/><T65/><D133/><U98/><E125/><V90/><F112/><W111/><G134/><T91/><D34/><U92/><E3/><V27/><F124/><W88/><G64/><T93/><D65/><U58/><E28/><V71/><F71/><W75/><G111/><T42/><D78/><U77/><E100/><V39/><F39/><W99/><G30/><T121/><D121/><U7/><E7/><V26/><F51/><W62/><G75/><T109/><D109/><U84/><E40/><V2/><F76/><W123/><G123/><T41/><D41/><U31/><E31/><V81/><F26/><W105/><G105/><T127/><D127/><U8/><E57/><V38/><F38/><W22/><G22/><T60/><D60/><U89/><E58/><V10/><F63/><W132/><G132/><T20/><REACH who="0" step="1"/><D18/><REACH who="0" ten="286,75,222,407" step="2"/><U114/><E114/><V45/><F107/><W66/><G62/><T19/><D19/><U11/><REACH who="1" step="1"/><E77/><REACH who="1" ten="286,65,222,407" step="2"/><V23/><F56/><W72/><G33/><T108/><D108/><U73/><E73/><V36/><F102/><AGARI ba="0,2" hai="14,17,20,37,42,47,86,91,93,95,97,102,128,131" machi="102" ten="40,2600,0" yaku="1,1,52,1,53,0" doraHai="43" doraHaiUra="67" who="0" fromWho="2" sc="286,46,65,0,222,-26,407,0" owari="332,13.0,65,-43.0,196,-20.0,407,50.0" /></mjloggm>