<mjloggm ver="2.3"><GO type="169" lobby="0"/><UN n0="%E8%87%B3%E5%A6%82%E4%BF%A1%E3%83%A2%E3%83%8E" n1="%E8%83%83%E3%81%A8%E8%85%B8" n2="%E4%BF%BA%54%55%45%45%45%45%45" n3="%E3%82%82%E3%82%8A%E3%81%96%E3%81%AD" dan="16,18,18,16" rate="2050.92,2239.61,2231.25,2126.27" sx="M,M,F,M"/><TAIKYOKU oya="0"/><INIT seed="0,0,0,1,2,60" ten="250,250,250,250" oya="0" hai0="110,54,31,86,124,108,51,126,125,40,48,79,81" hai1="0,22,27,21,71,87,104,6,7,23,73,41,115" hai2="8,37,18,19,72,95,13,5,57,122,118,67,2" hai3="103,28,39,98,36,11,44,96,63,42,53,121,25"/><T102/><D102/><U17/><E73/><V77/><F122/><W66/><G121/><T74/><D31/><U94/><E104/><V43/><F118/><W132/><G132/><T119/><D119/><U128/><E128/><V135/><F135/><W123/><G123/><T16/><D74/><U100/><E115/><V99/><F37/><W75/><G75/><T65/><D65/><U4/><E0/><V116/><F43/><W35/><G11/><T30/><D30/><U109/><E109/><N who="0" m="42089" /><D40/><U111/><E111/><V78/><F116/><W131/><G131/><T50/><D16/><N who="2" m="6186" /><F2/><W92/><G53/><AGARI ba="0,0" hai="48,50,51,53,54,79,81,86,124,125,126" m="42089" machi="53" ten="40,7700,0" yaku="18,1,14,1,10,1" doraHai="60" who="0" fromWho="3" sc="250,77,250,0,250,0,250,-77" /><INIT seed="0,1,0,4,2,16" ten="327,250,250,173" oya="0" hai0="51,82,65,47,13,4,123,111,32,126,31,58,73" hai1="97,7,52,37,77,129,24,0,60,38,116,44,26" hai2="99,108,40,19,95,101,119,94,124,61,80,128,67" hai3="84,59,70,127,68,121,64,29,90,45,106,14,17"/><T42/><D123/><U28/><E116/><V89/><F119/><W131/><G106/><T69/><D126/><U43/><E129/><V93/><F128/><W132/><G131/><T107/><D107/><U48/><E77/><V25/><F108/><W115/><G115/><T113/><D113/><U109/><E109/><V96/><F124/><W120/><G127/><T98/><D111/><U20/><E97/><V117/><F117/><W23/><G132/><T104/><D58/><U133/><E133/><V2/><F2/><W85/><G85/><T30/><D32/><U63/><E37/><V6/><F6/><W122/><G45/><T33/><D33/><U9/><REACH who="1" step="1"/><E24/><REACH who="1" ten="327,240,250,173" step="2"/><V102/><F25/><W66/><G121/><T10/><D98/><U134/><E134/><V87/><F40/><W5/><G120/><T27/><D27/><U18/><E18/><V130/><F19/><W15/><G122/><T91/><D30/><U114/><E114/><V8/><F130/><W53/><G29/><T39/><D31/><U11/><E11/><V100/><REACH who="2" step="1"/><F8/><REACH who="2" ten="327,240,240,173" step="2"/><W125/><G125/><T135/><D10/><U83/><E83/><V88/><F88/><W105/><G5/><T50/><D91/><U118/><E118/><V36/><F36/><W34/><G17/><T49/><D4/><U62/><E62/><V79/><F79/><W35/><G90/><T71/><D39/><U86/><E86/><V46/><F46/><AGARI ba="1,2" hai="0,7,9,20,26,28,38,43,44,46,48,52,60,63" machi="46" ten="30,7700,0" yaku="1,1,7,1,52,1,54,1,53,0" doraHai="16" doraHaiUra="103" who="1" fromWho="2" sc="327,0,240,100,240,-80,173,0" /><INIT seed="1,0,0,3,2,20" ten="327,340,160,173" oya="1" hai0="112,66,110,119,30,70,120,25,129,132,45,64,79" hai1="49,123,14,103,107,48,84,135,19,92,124,109,76" hai2="56,96,31,128,63,106,47,43,53,57,29,101,100" hai3="102,13,89,75,94,44,80,5,73,122,23,16,125"/><U82/><E123/><V134/><F128/><W108/><G122/><T78/><D120/><U61/><E124/><V98/><F134/><W41/><G125/><T50/><D129/><U35/><E135/><V113/><F113/><W69/><G69/><T58/><D132/><U15/><E109/><V17/><F17/><W38/><G108/><T127/><D110/><U81/><E35/><V26/><F57/><W11/><G102/><T115/><D127/><U133/><E133/><V1/><F1/><W74/><G80/><T99/><D119/><U105/><E14/><V90/><F90/><W62/><G62/><T12/><D70/><U77/><E61/><V3/><F3/><W118/><G118/><T86/><D99/><U0/><E0/><V71/><F71/><W83/><G83/><T54/><D12/><U130/><E130/><V2/><F2/><W10/><REACH who="3" step="1"/><G5/><REACH who="3" ten="327,340,160,163" step="2"/><T6/><D6/><U22/><E81/><V7/><F7/><W39/><G39/><T126/><D126/><U95/><E103/><V21/><F100/><W87/><AGARI ba="0,1" hai="10,11,13,16,23,38,41,44,73,74,75,87,89,94" machi="87" ten="30,7900,0" yaku="1,1,0,1,54,1,53,1" doraHai="20" doraHaiUra="42" who="3" fromWho="3" sc="327,-20,340,-39,160,-20,163,89" /><INIT seed="2,0,0,5,3,71" ten="307,301,140,252" oya="2" hai0="94,43,44,89,3,9,97,131,124,99,73,107,41" hai1="112,5,125,119,111,106,103,64,123,19,58,23,100" hai2="108,65,116,12,10,128,59,13,34,46,87,101,91" hai3="22,79,96,2,88,57,61,28,86,39,26,122,80"/><V104/><F128/><W38/><G122/><T129/><D124/><U6/><E112/><V60/><F116/><W72/><G2/><T81/><D99/><U33/><E119/><V52/><F34/><W83/><REACH who="3" step="1"/><G96/><REACH who="3" ten="307,301,140,242" step="2"/><T67/><D3/><U95/><E123/><V16/><F108/><W63/><G63/><T68/><D97/><U102/><E111/><V90/><F104/><W113/><G113/><T118/><D107/><U85/><E106/><V93/><F101/><W74/><G74/><T55/><D73/><U66/><E100/><V110/><F110/><W4/><G4/><T24/><D129/><U8/><E5/><V115/><F115/><W126/><G126/><T75/><D75/><U121/><E125/><V127/><F127/><W53/><AGARI ba="0,1" hai="22,26,28,38,39,53,57,61,72,79,80,83,86,88" machi="53" ten="20,12000,2" yaku="1,1,0,1,7,1,52,2,54,1,53,0" doraHai="71" doraHaiUra="14" who="3" fromWho="3" sc="307,-30,301,-30,140,-60,242,130" /><INIT seed="3,0,0,2,1,87" ten="277,271,80,372" oya="3" hai0="51,115,44,72,113,82,40,76,43,3,121,110,91" hai1="63,57,23,1,64,126,100,116,30,38,130,70,18" hai2="125,75,105,13,54,29,11,39,20,19,0,10,134" hai3="133,56,28,9,17,37,35,71,74,92,25,103,97"/><W81/><G71/><T48/><D121/><U60/><E126/><V5/><F105/><W4/><G37/><T77/><D110/><U8/><E130/><V22/><F75/><W24/><G133/><T96/><D3/><U90/><E116/><V6/><F39/><W127/><G127/><T106/><D106/><U120/><E100/><V33/><F54/><W117/><G117/><T52/><D77/><U78/><E120/><V128/><F125/><W73/><G81/><T47/><REACH who="0" step="1"/><D40/><REACH who="0" ten="267,271,80,372" step="2"/><U84/><E78/><V80/><F134/><W83/><G74/><T36/><D36/><U124/><E124/><V66/><F128/><W50/><G73/><T34/><D34/><U7/><E38/><V49/><F33/><W85/><G35/><T62/><D62/><U129/><E129/><V14/><F49/><W132/><G132/><T89/><D89/><U131/><E131/><V26/><F80/><W86/><G83/><T135/><D135/><U42/><E42/><V111/><REACH who="2" step="1"/><F66/><REACH who="2" ten="267,271,70,372" step="2"/><W109/><G50/><T94/><AGARI ba="0,2" hai="43,44,47,48,51,52,72,76,82,91,94,96,113,115" machi="94" ten="30,7900,0" yaku="1,1,0,1,52,1,54,1,53,0" doraHai="87" doraHaiUra="65" who="0" fromWho="0" sc="267,99,271,-20,70,-20,372,-39" /><INIT seed="4,0,0,0,4,130" ten="366,251,50,333" oya="0" hai0="104,135,23,71,21,81,57,83,106,30,70,40,16" hai1="120,105,54,116,90,66,79,119,44,115,59,93,128" hai2="62,133,20,9,68,123,117,80,14,76,55,67,126" hai3="28,109,11,51,52,22,69,38,82,85,121,122,61"/><T34/><D40/><U1/><E120/><N who="3" m="46186" /><G11/><T84/><D57/><U98/><E128/><V4/><F126/><W132/><G38/><T33/><D30/><U129/><E129/><V95/><F123/><W64/><G109/><T48/><D48/><U110/><E110/><V2/><F117/><W92/><G92/><T26/><D84/><U103/><E115/><V99/><F55/><W94/><G94/><T86/><D86/><U32/><E32/><V46/><F46/><N who="3" m="27767" /><G22/><T127/><D26/><U108/><E108/><V102/><F20/><W15/><G15/><T35/><D35/><U31/><E1/><V18/><F2/><W73/><G73/><T100/><D100/><U113/><E103/><V12/><F14/><W124/><G28/><T36/><D36/><U77/><E31/><V89/><F4/><W53/><G53/><T41/><D41/><U24/><E54/><V45/><F102/><W10/><G10/><T3/><D3/><U112/><E116/><V63/><F45/><W56/><G124/><T101/><D101/><U43/><E119/><V19/><F18/><W25/><G25/><T8/><D8/><U78/><E24/><V91/><F62/><W27/><G27/><T131/><D131/><U88/><E44/><V39/><F39/><W87/><G87/><T17/><D127/><U97/><E43/><V107/><F107/><W49/><G49/><T47/><D47/><U37/><E105/><V125/><F125/><W134/><G56/><T13/><D13/><U58/><E37/><V50/><F12/><W7/><G7/><T6/><D6/><RYUUKYOKU ba="0,0" sc="366,15,251,-15,50,-15,333,15" hai0="16,17,21,23,33,34,70,71,81,83,104,106,135" hai3="61,64,69,82,85,132,134" /><INIT seed="4,1,0,5,3,71" ten="381,236,35,348" oya="0" hai0="65,12,84,113,22,30,61,63,124,67,25,119,87" hai1="118,106,36,86,94,53,28,81,122,74,117,24,27" hai2="78,56,40,82,55,91,79,129,20,127,83,66,7" hai3="76,90,101,29,95,19,73,98,128,123,16,69,21"/><T1/><D1/><U41/><E122/><V45/><F129/><W48/><G69/><T52/><D119/><U13/><E106/><V72/><F127/><W10/><G128/><T100/><D124/><U49/><E74/><V135/><F135/><W93/><G123/><T15/><D100/><U112/><E118/><V26/><F66/><N who="0" m="25098" /><D113/><U109/><E117/><V38/><F91/><W70/><G70/><T80/><D87/><U60/><E109/><V46/><F7/><W43/><G73/><T125/><D125/><U126/><E126/><V0/><F46/><W110/><G110/><T62/><D52/><U103/><E112/><V42/><F40/><W133/><G76/><AGARI ba="1,0" hai="12,15,22,25,30,61,62,63,76,80,84" m="25098" machi="76" ten="30,1500,0" yaku="8,1" doraHai="71" who="0" fromWho="3" sc="381,18,236,0,35,0,348,-18" /><INIT seed="4,2,0,5,5,7" ten="399,236,35,330" oya="0" hai0="120,101,49,85,18,83,57,118,38,65,19,84,102" hai1="88,110,108,106,53,104,69,116,107,37,4,64,24" hai2="122,40,50,127,12,70,97,27,68,10,81,131,135" hai3="16,114,59,6,95,9,15,74,33,23,128,55,71"/><T76/><D118/><U5/><E116/><V31/><F131/><W86/><G74/><T94/><D38/><U26/><E37/><V60/><F135/><W123/><G71/><T87/><D120/><U113/><E113/><V61/><F127/><W92/><G33/><T77/><D65/><U54/><E64/><V134/><F134/><W130/><G114/><T44/><D57/><U11/><E69/><V121/><F70/><W20/><G20/><T132/><D132/><U117/><E117/><V48/><F68/><W32/><G32/><T51/><D94/><U115/><E115/><V73/><F97/><W125/><G125/><T126/><D126/><U14/><E88/><V41/><F73/><W80/><G123/><T67/><D67/><U36/><E36/><V3/><F3/><W90/><G128/><T91/><D85/><U46/><E4/><V1/><F1/><W58/><G58/><T105/><D105/><U112/><E112/><V8/><F81/><W66/><G66/><T39/><D39/><U43/><E43/><V100/><F100/><N who="0" m="38506" /><D51/><U13/><E106/><V99/><F99/><W52/><G55/><N who="0" m="30119" /><D87/><U96/><E96/><V45/><F45/><W72/><G72/><T119/><D119/><U133/><E133/><V109/><F122/><W79/><G90/><T82/><D82/><U56/><E46/><V28/><F121/><W75/><G75/><T17/><AGARI ba="2,0" hai="17,18,19,76,77,83,84,91" m="30119,38506" machi="17" ten="30,1500,0" yaku="8,1" doraHai="7" who="0" fromWho="0" sc="399,21,236,-7,35,-7,330,-7" /><INIT seed="4,3,0,5,2,135" ten="420,229,28,323" oya="0" hai0="72,117,12,2,67,90,119,82,66,118,113,125,101" hai1="80,75,129,25,63,85,65,69,16,97,29,76,43" hai2="35,20,23,30,18,108,68,33,60,28,41,34,19" hai3="17,94,21,1,22,93,121,122,74,57,87,124,53"/><T107/><D2/><U55/><E129/><V131/><F41/><W105/><G105/><T110/><D110/><U49/><E75/><V27/><F60/><W52/><G74/><T79/><D12/><U8/><E43/><V0/><F68/><W102/><G1/><T5/><D5/><U3/><E97/><V133/><F131/><W77/><G77/><T114/><D125/><U83/><E83/><V56/><F56/><W127/><G22/><N who="2" m="8233" /><F133/><W100/><G53/><T120/><D120/><N who="3" m="46185" /><G87/><T86/><D67/><U99/><E99/><V36/><F36/><W78/><G78/><T6/><D6/><U126/><E55/><V73/><F73/><W92/><G100/><T51/><D66/><U130/><E130/><V10/><F108/><W95/><N who="3" m="23552" /><DORA hai="50" /><W61/><G102/><T116/><D51/><U109/><E49/><V84/><F84/><W46/><G46/><T37/><D37/><U40/><E40/><V15/><F0/><W24/><AGARI ba="3,0" hai="17,21,24,52,57,61,124,127" m="23552,46185" machi="24" ten="50,8000,1" yaku="13,1,52,3,54,1" doraHai="135,50" who="3" fromWho="3" sc="420,-43,229,-23,28,-23,323,89" /><INIT seed="5,0,0,5,3,135" ten="377,206,5,412" oya="1" hai0="93,22,70,104,24,38,77,127,68,10,32,57,1" hai1="92,19,65,21,34,27,133,83,134,17,100,80,2" hai2="75,28,72,49,89,64,84,86,58,6,59,99,78" hai3="128,87,125,9,62,110,48,112,103,54,121,25,42"/><U39/><E39/><V81/><F28/><W85/><G110/><T130/><D104/><U126/><E65/><V117/><F6/><W56/><G121/><T116/><D116/><U33/><E2/><V129/><F117/><W79/><G112/><T102/><D32/><U91/><E100/><V36/><F36/><W40/><G128/><T44/><D130/><U120/><E120/><V50/><F129/><W66/><G125/><T111/><D111/><U123/><E123/><V88/><F64/><W31/><G103/><T61/><D61/><U69/><E69/><V12/><F12/><W26/><G9/><T30/><D30/><U46/><E46/><V41/><F41/><N who="3" m="15979" /><G79/><T18/><D77/><U0/><E0/><V115/><F115/><W119/><G119/><T95/><D127/><U82/><E17/><V113/><F113/><W114/><G114/><T16/><D57/><N who="2" m="21514" /><F75/><W96/><G96/><T11/><D11/><U108/><E108/><V63/><F72/><W60/><G31/><T35/><D35/><U76/><E76/><N who="2" m="46119" /><F63/><N who="3" m="24107" /><G66/><T90/><D102/><U106/><E106/><V105/><F105/><W124/><G124/><T52/><D38/><U94/><E126/><V4/><F4/><W45/><G56/><T29/><D68/><U51/><E51/><N who="2" m="19467" /><F99/><W37/><G37/><T98/><D70/><U132/><REACH who="1" step="1"/><E92/><REACH who="1" ten="377,196,5,412" step="2"/><V15/><F15/><W47/><G47/><T122/><D122/><U118/><E118/><V53/><F53/><W74/><G45/><T7/><D93/><U14/><E14/><V71/><F71/><W3/><G48/><N who="0" m="28679" /><D95/><U13/><E13/><RYUUKYOKU ba="0,1" sc="377,10,196,10,5,10,412,-30" hai0="1,7,10,16,18,22,24,29,90,98" hai1="19,21,27,33,34,80,82,83,91,94,132,133,134" hai2="78,86,88,89" /><INIT seed="5,1,1,3,5,70" ten="387,206,15,382" oya="1" hai0="110,61,0,60,1,66,126,73,106,23,130,24,15" hai1="89,31,123,77,120,37,132,28,97,47,30,59,103" hai2="127,122,57,98,53,108,18,39,90,19,92,65,115" hai3="6,29,13,20,112,5,111,95,84,10,27,2,16"/><U46/><E132/><V71/><F122/><W33/><G111/><T113/><D110/><U109/><E109/><V9/><F108/><W116/><G112/><T62/><D106/><U96/><E77/><V52/><F127/><W101/><G5/><T36/><D73/><U131/><E131/><V93/><F115/><W83/><G116/><T102/><D113/><U25/><E120/><V51/><F9/><W129/><G129/><T85/><D130/><U48/><E123/><V133/><F133/><W114/><G114/><T43/><D102/><U124/><E124/><V86/><F39/><W12/><G101/><T44/><D126/><U35/><E59/><V21/><F53/><W81/><G12/><T100/><D100/><U87/><E37/><V121/><F121/><W54/><G54/><T117/><D117/><U68/><E68/><V45/><F71/><W82/><G95/><T134/><D134/><U14/><E14/><V56/><F65/><W107/><G107/><T72/><D72/><U128/><E128/><V22/><F21/><W88/><AGARI ba="1,1" hai="2,6,10,13,16,20,27,29,33,81,82,83,84,88" machi="88" ten="20,12000,2" yaku="0,1,7,1,24,2,54,2" doraHai="70" who="3" fromWho="3" sc="387,-31,206,-61,15,-31,382,133" owari="356,16.0,145,-25.0,-16,-52.0,515,61.0" /></mjloggm>