<mjloggm ver="2.3"><GO type="185" lobby="0"/><UN n0="%E6%B0%B7%E3%81%AE%4B" n1="%E5%A4%9A%E6%9E%97%E6%99%8B" n2="%E3%81%B5%E3%81%8B" n3="" dan="16,16,16,0" rate="2121.09,2228.87,2161.98,1500.00" sx="M,M,M,C"/><TAIKYOKU oya="0"/><INIT seed="0,0,0,5,0,57" ten="350,350,350,0" oya="0" hai0="33,35,124,65,32,36,115,69,117,102,41,72,89" hai1="103,52,0,40,46,58,92,85,122,64,76,55,66" hai2="42,67,129,2,1,100,99,71,111,109,125,128,38" hai3=""/><T105/><D117/><U34/><N who="1" m="31264" /><U60/><E0/><V98/><F125/><T127/><D89/><U45/><E34/><V101/><F42/><T91/><D91/><U87/><E76/><V121/><N who="2" m="31008" /><V3/><F38/><T54/><D54/><N who="1" m="20523" /><E64/><V74/><F71/><T68/><D72/><U116/><E116/><V73/><F3/><T39/><D115/><U104/><E104/><V135/><REACH who="2" step="1"/><F67/><REACH who="2" ten="350,350,340,0" step="2"/><T126/><D41/><U70/><E70/><N who="0" m="27241" /><D65/><U86/><E40/><V120/><N who="2" m="30752" /><V51/><F51/><T80/><D80/><U97/><AGARI ba="0,1" hai="45,46,58,60,66,85,86,87,92,97,103" m="20523,31264" machi="97" ten="30,5900,0" yaku="8,1,52,2,54,1" doraHai="57" who="1" fromWho="1" sc="350,-39,350,69,340,-20,0,0" /><INIT seed="1,0,0,5,0,42" ten="311,419,320,0" oya="1" hai0="105,65,33,87,79,54,135,55,109,67,76,57,84" hai1="62,74,81,56,51,124,88,32,70,85,98,72,93" hai2="48,106,130,119,58,90,1,37,110,34,123,97,116" hai3=""/><U115/><E32/><V43/><N who="2" m="31520" /><V64/><F37/><T77/><D33/><U86/><E115/><V41/><F106/><T134/><D105/><U61/><E124/><V122/><N who="2" m="31264" /><V126/><F43/><T83/><D109/><U113/><E113/><V3/><F64/><N who="0" m="24650" /><D57/><U99/><E70/><V111/><F130/><T96/><D96/><U68/><E68/><V38/><F38/><T132/><D87/><U94/><E51/><V49/><F49/><T40/><D40/><U103/><E85/><V104/><F126/><T36/><D36/><U45/><E45/><V75/><F104/><T35/><D35/><U39/><E39/><V128/><F34/><T82/><D82/><U95/><E94/><V89/><F110/><T60/><D60/><U50/><E50/><V114/><F48/><T53/><AGARI ba="0,0" hai="53,54,55,76,77,79,83,84,132,134,135" m="24650" machi="53" ten="40,1100,0" yaku="20,1" doraHai="42" who="0" fromWho="0" sc="311,11,419,-7,320,-4,0,0" /><INIT seed="2,0,0,5,5,57" ten="322,412,316,0" oya="2" hai0="75,122,124,89,125,65,92,35,40,71,101,52,79" hai1="96,128,123,69,106,119,99,76,32,1,38,110,117" hai2="62,48,74,100,114,94,64,135,51,44,70,72,120" hai3=""/><V118/><N who="2" m="30752" /><V131/><F114/><T3/><N who="0" m="31264" /><T68/><D3/><U39/><E96/><V73/><F118/><T37/><D35/><U115/><E76/><V107/><F131/><T127/><D101/><U95/><E95/><V80/><F135/><T34/><D34/><U134/><E99/><V109/><F109/><T63/><D71/><U2/><E38/><V87/><F107/><T130/><D130/><U113/><E119/><V102/><F94/><T59/><D40/><U93/><E93/><V60/><F60/><T77/><D37/><U61/><E61/><V53/><REACH who="2" step="1"/><F51/><REACH who="2" ten="322,412,306,0" step="2"/><T108/><D108/><U66/><E115/><V98/><F98/><T41/><D92/><U121/><N who="1" m="31008" /><U132/><E134/><V49/><F49/><T103/><D127/><U91/><E66/><V78/><AGARI ba="0,1" hai="44,48,53,62,64,70,72,73,74,78,80,87,100,102" m="30752" machi="78" ten="30,8000,1" yaku="1,1,0,1,52,2,53,1" doraHai="57" doraHaiUra="42" who="2" fromWho="2" sc="322,-40,412,-40,306,90,0,0" /><INIT seed="2,1,0,4,5,52" ten="282,372,396,0" oya="2" hai0="70,77,50,108,69,95,33,127,66,89,84,47,74" hai1="99,63,73,133,1,88,82,38,109,102,55,78,100" hai2="48,81,122,61,87,37,112,118,115,110,59,51,90" hai3=""/><V46/><N who="2" m="31264" /><V86/><F118/><T104/><D33/><U40/><E1/><V128/><F37/><T103/><D108/><U131/><E109/><V71/><F71/><T53/><D127/><U67/><E133/><V68/><F68/><T123/><N who="0" m="31520" /><T92/><D92/><U130/><E40/><V125/><F110/><T2/><D2/><U85/><E38/><V101/><F125/><T135/><D135/><U111/><E55/><V39/><F39/><T96/><D66/><U134/><E134/><V32/><F32/><T120/><N who="0" m="30752" /><T56/><D47/><U44/><E44/><V72/><F72/><T124/><D124/><U62/><E62/><V58/><F61/><T49/><D49/><U79/><E102/><V45/><F101/><T0/><D0/><U97/><E97/><V91/><F81/><AGARI ba="1,0" hai="50,53,56,69,70,74,77,81,84,89,95,96,103,104" m="30752,31520" machi="81" ten="40,8000,1" yaku="24,2,52,3" doraHai="52" who="0" fromWho="2" sc="282,82,372,0,396,-82,0,0" /><INIT seed="4,0,0,0,2,47" ten="364,372,314,0" oya="0" hai0="58,53,57,71,66,90,83,121,111,98,132,81,59" hai1="100,39,68,108,43,105,45,75,33,37,107,77,50" hai2="130,79,102,84,0,123,110,126,135,3,38,61,134" hai3=""/><T52/><N who="0" m="31008" /><T56/><D132/><N who="2" m="50730" /><F110/><T41/><D111/><U48/><E33/><V2/><N who="2" m="31520" /><V51/><F38/><T133/><D133/><U118/><E68/><V122/><N who="2" m="31264" /><V42/><F130/><T76/><D41/><U115/><E118/><V125/><F102/><T103/><D90/><U87/><E75/><V93/><F61/><T72/><D83/><U101/><E115/><V40/><F51/><T78/><D78/><U35/><E77/><V34/><F34/><T54/><D71/><U95/><E35/><V89/><F79/><T104/><REACH who="0" step="1"/><D66/><REACH who="0" ten="354,372,314,0" step="2"/><U44/><E108/><V74/><F74/><T64/><D64/><U113/><E43/><AGARI ba="0,1" hai="0,2,3,40,42,43,84,89,93,125,126" m="31264,31520,50730" machi="43" ten="40,5200,0" yaku="20,1,52,2" doraHai="47" who="2" fromWho="1" sc="354,0,372,-52,314,62,0,0" /><INIT seed="5,0,0,3,3,71" ten="354,320,376,0" oya="1" hai0="129,89,127,120,100,105,122,109,93,101,60,81,132" hai1="131,79,103,92,110,0,135,2,84,82,33,54,53" hai2="42,3,55,70,38,52,72,90,106,111,123,62,67" hai3=""/><U32/><E110/><V97/><N who="2" m="31520" /><V87/><F111/><T133/><N who="0" m="30752" /><T118/><N who="0" m="31264" /><T56/><D109/><U1/><E135/><N who="0" m="51785" /><D129/><U99/><REACH who="1" step="1"/><E131/><REACH who="1" ten="354,310,376,0" step="2"/><V48/><F3/><T94/><D127/><U112/><E112/><V35/><F35/><AGARI ba="0,1" hai="0,1,2,32,33,35,53,54,79,82,84,92,99,103" machi="35" ten="50,2400,0" yaku="1,1,53,0" doraHai="71" doraHaiUra="45" who="1" fromWho="2" sc="354,0,310,34,376,-24,0,0" /><INIT seed="5,1,0,0,0,66" ten="354,344,352,0" oya="1" hai0="134,43,54,114,39,77,124,75,110,44,97,79,118" hai1="101,51,71,131,48,58,112,129,73,93,40,105,130" hai2="126,53,95,103,135,111,56,86,84,113,46,98,85" hai3=""/><U81/><E112/><V67/><F111/><T89/><D110/><U69/><E105/><V57/><F113/><T62/><D118/><U47/><E101/><V74/><F135/><T92/><D134/><U127/><E127/><V106/><F126/><T125/><D114/><U133/><E133/><V60/><F74/><T35/><D35/><U83/><E93/><V37/><F37/><T82/><D79/><U102/><E102/><V52/><F46/><T70/><REACH who="0" step="1"/><D54/><REACH who="0" ten="344,344,352,0" step="2"/><U38/><E73/><V107/><REACH who="2" step="1"/><F53/><REACH who="2" ten="344,344,342,0" step="2"/><T87/><D87/><U104/><E130/><V68/><F68/><T119/><D119/><U96/><E131/><V3/><F3/><T88/><D88/><U132/><E129/><V117/><F117/><T36/><D36/><U32/><E132/><V59/><F59/><T76/><D76/><U64/><E69/><V61/><AGARI ba="1,2" hai="52,56,57,60,61,67,84,85,86,95,98,103,106,107" machi="61" ten="30,3000,0" yaku="1,1,0,1,54,1,53,0" doraHai="66" doraHaiUra="42" who="2" fromWho="2" sc="344,-11,344,-21,342,52,0,0" /><INIT seed="6,0,0,1,1,90" ten="333,323,394,0" oya="2" hai0="134,119,74,130,72,37,132,63,95,125,33,135,82" hai1="133,122,81,60,85,101,3,46,98,41,128,118,115" hai2="66,44,47,40,76,67,129,104,1,0,57,49,38" hai3=""/><V103/><F76/><T69/><D33/><U117/><N who="1" m="31264" /><U124/><E3/><V39/><F129/><T53/><D119/><N who="1" m="45579" /><E128/><V71/><F71/><T113/><D130/><U97/><E115/><V77/><F77/><T2/><D113/><U43/><E133/><V35/><F35/><T65/><D2/><U121/><N who="1" m="31008" /><U68/><E124/><V102/><F104/><T48/><D125/><U62/><E68/><V99/><F99/><N who="1" m="37897" /><E101/><V83/><F102/><T89/><D82/><U84/><E41/><V107/><F103/><T54/><D135/><U88/><E84/><V75/><F40/><T58/><D134/><U70/><E70/><V87/><F87/><T34/><D132/><U80/><E80/><V50/><F83/><T105/><D34/><U42/><E42/><V114/><F114/><T52/><D105/><U92/><E81/><V109/><F107/><T64/><D74/><U51/><AGARI ba="0,0" hai="43,46,51,60,62,85,88,92" m="37897,31008,45579,31264" machi="51" ten="30,6000,1" yaku="12,1,52,3,54,1" doraHai="90" who="1" fromWho="1" sc="333,-20,323,60,394,-40,0,0" /><INIT seed="8,0,0,3,0,83" ten="313,383,354,0" oya="0" hai0="88,86,120,65,107,53,76,0,40,87,60,130,47" hai1="109,73,110,54,71,82,45,117,115,62,96,2,3" hai2="116,90,85,106,101,91,124,95,112,1,41,64,66" hai3=""/><T70/><D0/><U122/><N who="1" m="31264" /><U80/><E115/><V43/><F1/><T123/><N who="0" m="30752" /><T128/><N who="0" m="31520" /><T133/><D107/><U36/><E117/><V94/><F112/><T84/><D133/><U126/><E126/><V111/><F111/><T49/><D76/><U127/><E127/><V135/><F124/><T59/><REACH who="0" step="1"/><D88/><REACH who="0" ten="303,383,354,0" step="2"/><U77/><E2/><V38/><F135/><T42/><D42/><U61/><E3/><V81/><F116/><T79/><D79/><U33/><E77/><V39/><F106/><T32/><D32/><U50/><E33/><V74/><F101/><T78/><D78/><U37/><E73/><V99/><F74/><T75/><D75/><U63/><E110/><V100/><F100/><T103/><D103/><U55/><E109/><V57/><F43/><T129/><D129/><U134/><E134/><V89/><F41/><T118/><D118/><U67/><E82/><V125/><F125/><T98/><D98/><U102/><E80/><V93/><F99/><T34/><D34/><U104/><E96/><V56/><F81/><T113/><D113/><U108/><E108/><V131/><F131/><T97/><D97/><U132/><E132/><V52/><F89/><T68/><D68/><RYUUKYOKU ba="0,1" sc="303,20,383,-10,354,-10,0,0" hai0="40,47,49,53,59,60,65,70,84,86,87,128,130" /><INIT seed="8,1,1,1,3,48" ten="323,373,344,0" oya="0" hai0="54,72,110,134,116,100,130,81,37,122,86,132,101" hai1="97,63,2,105,123,92,93,61,75,88,135,85,99" hai2="77,121,102,113,111,119,50,114,79,41,67,65,126" hai3=""/><T74/><D37/><U84/><N who="1" m="31520" /><U82/><E2/><V59/><N who="2" m="31008" /><V76/><F111/><T95/><N who="0" m="31264" /><T53/><D110/><U131/><E135/><N who="0" m="51753" /><D130/><U56/><E131/><V62/><F126/><T127/><D127/><U40/><E75/><N who="0" m="28713" /><D116/><U1/><E105/><V70/><F119/><T45/><D45/><U103/><E40/><V73/><F73/><T124/><D124/><U120/><N who="1" m="30752" /><U90/><E1/><V60/><REACH who="2" step="1"/><F102/><REACH who="2" ten="323,373,334,0" step="2"/><N who="0" m="39530" /><D95/><U133/><E133/><V44/><AGARI ba="1,2" hai="41,44,50,59,60,62,65,67,70,76,77,79,113,114" m="31008" machi="44" ten="30,5900,0" yaku="1,1,0,1,52,1,53,1" doraHai="48" doraHaiUra="43" who="2" fromWho="2" sc="323,-40,373,-21,334,81,0,0" owari="283,-32.0,352,-5.0,415,37.0,0,0.0" /></mjloggm>