<mjloggm ver="2.3"><GO type="169" lobby="0"/><UN n0="%EF%BC%8A%E7%B4%97%E5%BC%A5%E8%8F%AF%EF%BC%8A" n1="%E3%81%BF%E3%81%A1%E3%82%85%E3%81%84" n2="%E3%83%8E%E3%82%AA%E3%83%81%E3%83%A3%E3%83%99%E3%82%B9" n3="%E6%9C%A8%E5%8E%9F%E8%B1%AA%E4%B8%80" dan="16,16,16,16" rate="2090.98,2098.02,2079.47,2196.28" sx="F,M,M,M"/><TAIKYOKU oya="0"/><INIT seed="0,0,0,0,0,82" ten="250,250,250,250" oya="0" hai0="118,36,46,122,40,95,30,114,24,58,34,9,90" hai1="19,97,75,88,98,135,11,61,22,10,42,18,15" hai2="120,29,109,132,27,112,31,44,115,72,59,74,14" hai3="104,103,113,99,57,4,87,96,100,21,111,68,39"/><T116/><D122/><U79/><E135/><V6/><F132/><W81/><G68/><T92/><D114/><U123/><E123/><V124/><F120/><W2/><G39/><T76/><D76/><U67/><E42/><V52/><F44/><W110/><G113/><T37/><D37/><U7/><E75/><V121/><F121/><W12/><G2/><T41/><D41/><U93/><E79/><V33/><F112/><W134/><G134/><T60/><D9/><U80/><E80/><V128/><F115/><W86/><G57/><T108/><D108/><N who="3" m="41513" /><G81/><T28/><D28/><U53/><E53/><V51/><F109/><W47/><G47/><T63/><D95/><U32/><E32/><V1/><F1/><W127/><G127/><T78/><D78/><U71/><E97/><V17/><F6/><W119/><G119/><T5/><D5/><U84/><E98/><V23/><F128/><W50/><G50/><T101/><D101/><U94/><E94/><V3/><F3/><W69/><G69/><T62/><REACH who="0" step="1"/><D58/><REACH who="0" ten="240,250,250,250" step="2"/><U107/><E107/><V55/><F31/><W117/><G117/><T66/><D66/><U85/><E7/><V77/><F77/><W91/><G91/><T130/><D130/><U129/><E129/><V126/><REACH who="2" step="1"/><F55/><REACH who="2" ten="240,250,240,250" step="2"/><W56/><G4/><T13/><D13/><U89/><E19/><V131/><F131/><W26/><G12/><T83/><D83/><U16/><E18/><V8/><F8/><W65/><G103/><T25/><D25/><U45/><E45/><V64/><F64/><W0/><G65/><T35/><D35/><RYUUKYOKU ba="0,2" sc="240,10,250,10,240,10,250,-30" hai0="24,30,34,36,40,46,60,62,63,90,92,116,118" hai1="10,11,15,16,22,61,67,71,84,85,88,89,93" hai2="14,17,23,27,29,33,51,52,59,72,74,124,126" /><INIT seed="0,1,2,5,1,76" ten="250,260,250,220" oya="0" hai0="116,99,46,98,53,109,61,73,44,112,71,80,0" hai1="31,81,18,36,66,37,74,40,95,110,102,63,67" hai2="56,89,123,79,94,14,34,20,78,130,50,60,15" hai3="122,13,93,5,57,114,128,6,105,133,86,49,119"/><T111/><D0/><U108/><E18/><V39/><F39/><W90/><G114/><T117/><D112/><U30/><E95/><V124/><F34/><W17/><G119/><N who="0" m="45643" /><D71/><U120/><E102/><V4/><F123/><W104/><G133/><T92/><D61/><U87/><E74/><V55/><F124/><W101/><G128/><T75/><D53/><U12/><E12/><V69/><F130/><W42/><G122/><T106/><D46/><U7/><E7/><V29/><F69/><W24/><G24/><T16/><D44/><U115/><E120/><V9/><F60/><W83/><G105/><T64/><D64/><N who="1" m="24619" /><E63/><V82/><F29/><N who="1" m="10761" /><E40/><V59/><F56/><W35/><G104/><T97/><D16/><U121/><E121/><V132/><F132/><W58/><G35/><T72/><D106/><U26/><E26/><V38/><F38/><W126/><G126/><T84/><D92/><U68/><E68/><V129/><F129/><W8/><G58/><T2/><D2/><U134/><E134/><V91/><F94/><W77/><G101/><T25/><D25/><U103/><E103/><V118/><F118/><W48/><G42/><T85/><D85/><U125/><E125/><V22/><F15/><W10/><G57/><T96/><N who="0" m="24576" /><DORA hai="127" /><T51/><D51/><N who="3" m="19529" /><G10/><T27/><D27/><U47/><E47/><V70/><F70/><W23/><G8/><T107/><D107/><U62/><E62/><V88/><F59/><W32/><G32/><T100/><D100/><U19/><E115/><V41/><F41/><W11/><G11/><T131/><D131/><RYUUKYOKU ba="1,2" sc="250,15,260,-15,250,-15,220,15" hai0="72,73,75,80,84,109,111" hai3="5,6,13,17,23,77,83,86,90,93" /><INIT seed="0,2,2,1,2,106" ten="265,245,235,235" oya="0" hai0="91,42,35,18,109,13,0,129,126,73,60,7,12" hai1="58,10,131,99,36,24,133,127,88,135,23,22,27" hai2="112,53,82,81,89,90,44,17,37,41,120,123,6" hai3="9,117,125,5,119,100,118,124,72,77,84,101,39"/><T103/><D35/><U65/><E36/><V29/><F112/><W19/><G39/><T48/><D0/><U15/><E127/><N who="3" m="48714" /><G19/><T61/><D126/><U51/><E131/><V132/><F29/><W46/><G46/><N who="0" m="25687" /><D73/><U43/><E133/><V57/><F132/><W75/><G84/><T32/><D32/><U69/><E69/><V76/><F17/><W79/><G79/><T130/><D103/><N who="3" m="39497" /><G77/><T67/><D67/><U96/><E96/><V66/><F66/><W110/><G110/><T128/><D109/><U68/><E68/><V1/><F82/><W34/><G34/><T33/><D33/><U26/><E135/><V95/><F89/><W92/><G92/><T21/><D91/><U78/><E78/><V115/><F115/><W113/><G113/><T62/><D7/><U83/><E43/><V30/><F30/><W121/><G121/><T80/><D80/><U114/><E114/><V86/><F6/><W20/><G20/><T14/><AGARI ba="2,2" hai="12,13,14,18,21,60,61,62,128,129,130" m="25687" machi="14" ten="40,2100,0" yaku="19,1" doraHai="106" who="0" fromWho="0" sc="265,47,245,-9,235,-9,235,-9" /><INIT seed="0,3,0,1,0,105" ten="312,236,226,226" oya="0" hai0="108,63,50,112,33,65,18,24,75,113,39,83,40" hai1="103,101,131,97,117,73,129,21,119,64,11,55,125" hai2="3,28,127,135,13,94,60,74,57,123,71,38,120" hai3="31,82,37,89,27,110,22,5,35,54,118,8,114"/><T32/><D50/><U124/><E64/><V93/><F3/><W68/><G68/><N who="0" m="42047" /><D18/><U1/><E21/><V128/><F38/><W49/><G114/><N who="0" m="44139" /><D24/><U17/><E55/><V48/><F48/><W86/><G118/><N who="1" m="45066" /><E17/><V96/><F71/><W81/><G110/><T100/><D100/><N who="1" m="38475" /><E11/><V51/><F51/><W116/><G116/><T126/><D108/><U130/><E1/><V15/><F28/><W62/><G62/><T41/><D41/><U10/><E10/><V99/><F60/><W45/><G37/><T29/><D29/><U115/><E115/><V16/><F57/><W56/><G82/><T90/><D40/><U26/><E26/><V2/><F2/><W109/><G109/><T70/><D39/><U132/><E97/><V47/><F16/><W78/><G22/><T59/><D70/><U42/><E42/><V44/><F44/><W102/><G45/><T84/><D59/><U67/><E67/><V69/><F47/><W30/><G30/><T0/><D0/><U87/><E87/><V58/><F58/><W14/><G27/><T43/><D43/><U19/><E19/><V6/><F69/><W36/><G36/><T72/><D33/><U122/><E122/><V61/><F61/><W92/><G35/><T25/><D32/><U52/><E52/><V7/><F120/><W133/><G31/><T95/><D25/><U88/><E88/><V20/><F123/><W79/><G89/><T46/><D46/><U12/><E12/><V77/><F20/><W66/><G56/><T111/><D111/><U107/><E131/><V34/><F34/><RYUUKYOKU ba="3,0" sc="312,0,236,0,226,0,226,0" /><INIT seed="1,4,0,4,1,6" ten="312,236,226,226" oya="1" hai0="88,64,47,65,98,101,38,75,33,53,50,72,109" hai1="58,134,67,110,30,29,22,126,37,74,12,123,125" hai2="61,129,3,57,105,80,1,59,103,108,97,92,119" hai3="82,78,95,11,60,89,84,26,70,124,71,51,127"/><U21/><E74/><V107/><F119/><W9/><G26/><T99/><D38/><U86/><E37/><V118/><F118/><W77/><G51/><T106/><D33/><U81/><E123/><V17/><F108/><W41/><G41/><T87/><D109/><U18/><E110/><V121/><F121/><W63/><G78/><T31/><D31/><U44/><E44/><V45/><F129/><W62/><G71/><T23/><D23/><U94/><E94/><V79/><F45/><W8/><REACH who="3" step="1"/><G70/><REACH who="3" ten="312,236,226,216" step="2"/><T93/><D65/><U0/><E134/><V28/><F79/><W39/><G39/><T54/><D64/><U25/><E0/><V117/><F3/><W19/><G19/><T131/><D131/><U76/><REACH who="1" step="1"/><E30/><REACH who="1" ten="312,226,226,216" step="2"/><V73/><F28/><W111/><G111/><T16/><D75/><AGARI ba="4,2" hai="8,9,11,60,62,63,75,77,82,84,89,95,124,127" machi="75" ten="40,8000,1" yaku="1,1,52,3,53,0" doraHai="6" doraHaiUra="128" who="3" fromWho="0" sc="312,-92,226,0,226,0,216,112" /><INIT seed="2,0,0,5,5,32" ten="220,226,226,328" oya="2" hai0="53,48,123,119,76,88,110,80,67,46,14,23,68" hai1="51,33,52,132,134,65,64,96,98,99,120,18,125" hai2="135,116,61,8,103,83,75,20,59,16,127,25,6" hai3="86,3,94,21,36,117,12,58,7,133,28,115,15"/><V70/><F116/><W0/><G36/><T111/><D123/><U27/><E120/><V104/><F70/><W40/><G40/><T4/><D119/><U91/><E125/><V82/><F127/><W87/><G117/><T60/><D88/><U118/><E91/><V69/><F69/><W42/><G42/><T107/><D107/><U106/><E106/><V45/><F75/><W50/><G133/><N who="1" m="51306" /><E118/><V22/><F135/><W13/><G7/><T95/><D95/><U121/><E121/><V55/><F45/><W112/><G28/><T57/><D68/><U102/><E102/><V24/><F103/><W30/><G30/><T108/><D23/><N who="1" m="13815" /><E33/><V34/><F104/><W84/><G21/><T78/><REACH who="0" step="1"/><D80/><REACH who="0" ten="210,226,226,328" step="2"/><U113/><E113/><N who="3" m="43594" /><G94/><T124/><D124/><U29/><E29/><V39/><F34/><W97/><G97/><T122/><D122/><U56/><AGARI ba="0,1" hai="51,52,56,64,65,96,98,99" m="13815,51306" machi="56" ten="30,2000,0" yaku="20,1,54,1" doraHai="32" who="1" fromWho="1" sc="210,-5,226,30,226,-10,328,-5" /><INIT seed="3,0,0,5,4,98" ten="205,256,216,323" oya="3" hai0="82,104,107,43,64,66,70,45,61,81,93,102,99" hai1="58,25,17,8,83,112,121,14,2,111,19,94,48" hai2="3,76,90,73,128,91,80,38,130,22,44,85,109" hai3="101,63,72,41,57,46,51,108,106,122,20,15,40"/><W87/><G122/><T10/><D64/><U69/><E121/><V113/><F3/><W124/><G72/><T68/><D68/><U134/><E69/><V23/><F113/><W28/><G124/><T34/><D34/><U79/><E112/><V84/><F109/><W97/><G108/><T75/><D10/><U133/><E2/><V27/><F38/><W118/><G118/><T59/><D70/><U88/><E111/><V119/><F44/><W55/><G87/><T4/><D4/><U74/><E25/><V12/><F12/><W117/><G117/><T42/><D42/><U6/><E48/><V32/><F32/><W47/><G47/><T120/><D120/><U29/><E29/><V53/><F53/><W125/><G125/><T114/><D114/><U89/><E58/><V50/><F50/><W24/><REACH who="3" step="1"/><G15/><REACH who="3" ten="205,256,216,313" step="2"/><T9/><D75/><U54/><E134/><V35/><F119/><W96/><G96/><T33/><D45/><U115/><E133/><V71/><F85/><W52/><AGARI ba="0,1" hai="20,24,28,40,41,46,51,52,55,57,63,97,101,106" machi="52" ten="20,12000,1" yaku="1,1,0,1,7,1,52,1,54,1,53,0" doraHai="98" doraHaiUra="132" who="3" fromWho="3" sc="205,-40,256,-40,216,-40,313,130" /><INIT seed="3,1,0,5,1,57" ten="165,216,176,443" oya="3" hai0="18,9,10,52,44,62,68,81,127,23,19,7,71" hai1="58,76,0,14,111,107,79,87,102,130,56,93,133" hai2="108,38,124,77,4,112,15,73,39,41,60,116,12" hai3="37,99,90,26,13,80,105,67,63,55,69,45,16"/><W92/><G105/><T35/><D35/><U95/><E0/><V50/><F112/><W17/><G80/><T120/><D120/><U114/><E114/><V110/><F116/><W89/><G26/><N who="0" m="14711" /><D71/><U135/><E111/><V126/><F77/><N who="1" m="29769" /><E14/><V72/><F50/><W8/><G90/><T33/><D68/><U74/><E58/><V98/><F41/><W30/><G30/><T64/><D33/><U103/><E56/><V134/><F98/><W88/><G89/><T86/><D7/><U100/><E107/><V48/><F48/><W61/><G37/><T11/><D127/><U53/><E53/><V97/><F97/><W66/><G45/><T43/><D43/><U70/><E70/><V47/><F47/><W3/><G3/><T40/><D40/><U109/><E109/><V91/><F91/><W1/><G1/><T101/><D101/><U42/><E42/><V85/><F85/><W46/><G46/><T59/><D44/><U115/><E115/><V28/><F4/><W36/><G55/><T25/><D64/><N who="3" m="24617" /><G36/><T106/><D106/><U22/><E22/><V132/><F28/><W6/><G69/><T75/><D75/><U2/><E2/><V119/><F119/><W78/><G78/><N who="0" m="46391" /><D25/><U83/><E74/><V96/><F96/><W65/><G65/><T82/><D82/><U125/><E83/><V129/><F129/><W123/><G123/><T27/><D27/><U118/><E130/><V54/><F54/><W122/><G122/><T34/><D34/><U117/><E117/><V20/><F20/><W128/><G128/><T131/><D131/><RYUUKYOKU ba="1,0" sc="165,10,216,-30,176,10,443,10" hai0="9,10,11,19,52,59,62" hai2="12,15,38,39,60,72,73,108,110,124,126,132,134" hai3="6,8,13,16,17,61,63,88,92,99" /><INIT seed="3,2,0,0,5,28" ten="175,186,186,453" oya="3" hai0="120,90,119,87,82,107,19,48,1,53,56,69,73" hai1="51,57,102,60,42,121,10,97,128,30,24,23,113" hai2="127,22,4,114,7,21,86,84,9,81,100,63,105" hai3="43,13,16,0,94,49,93,110,64,122,26,45,101"/><W55/><G122/><T91/><D120/><U62/><E113/><V116/><F105/><W29/><G0/><T83/><D119/><U65/><E128/><V80/><F63/><W66/><G110/><T41/><D1/><U77/><E121/><V109/><F100/><W18/><G18/><T96/><D69/><U123/><E123/><V17/><F9/><W131/><G131/><T108/><D108/><U25/><E77/><V74/><F109/><W52/><G66/><T85/><D73/><U79/><E79/><V47/><F47/><W40/><G64/><T46/><D19/><U117/><E10/><V58/><F17/><W130/><G55/><T31/><D31/><U115/><E115/><V3/><F3/><W125/><G125/><T111/><D111/><U132/><E132/><V98/><F98/><N who="3" m="59599" /><G94/><T61/><D107/><U71/><E117/><V103/><F103/><W126/><G126/><T12/><D12/><U15/><E15/><V67/><F67/><W8/><G130/><T6/><REACH who="0" step="1"/><D96/><REACH who="0" ten="165,186,186,453" step="2"/><U133/><E133/><V118/><F127/><W54/><G29/><T75/><D75/><U68/><E25/><V72/><F114/><W44/><G26/><T78/><D78/><U99/><E99/><V36/><F118/><W27/><G27/><T106/><D106/><N who="1" m="63823" /><E71/><V112/><F116/><W20/><G8/><T2/><D2/><U89/><E89/><V129/><F112/><W33/><G13/><T39/><D39/><U59/><E68/><V35/><F129/><W38/><G16/><T135/><D135/><U32/><E30/><V104/><F104/><RYUUKYOKU ba="2,1" sc="165,30,186,-10,186,-10,453,-10" hai0="6,41,46,48,53,56,61,82,83,85,87,90,91" /><INIT seed="4,3,1,3,4,2" ten="195,176,176,443" oya="0" hai0="76,74,50,130,86,106,59,87,121,10,98,63,90" hai1="62,4,68,35,133,128,27,57,109,20,6,132,65" hai2="5,100,42,0,24,3,78,131,37,25,55,8,80" hai3="19,124,21,88,51,58,122,67,93,91,28,104,107"/><T41/><D121/><U60/><E35/><V18/><F131/><W40/><G28/><T49/><D130/><U31/><E109/><V43/><F100/><W95/><G122/><T61/><D74/><U56/><E68/><V23/><F3/><W53/><G124/><T16/><D106/><U15/><E128/><V39/><F55/><W71/><G40/><T108/><D108/><U89/><E15/><V36/><REACH who="2" step="1"/><F24/><REACH who="2" ten="195,176,166,443" step="2"/><W127/><G53/><N who="0" m="32183" /><D41/><U96/><E133/><V135/><F135/><W45/><G107/><T29/><D29/><U83/><E132/><V13/><F13/><W134/><G104/><T52/><D76/><U115/><E115/><V54/><F54/><W112/><G134/><T99/><D63/><U110/><E110/><V30/><F30/><W14/><G112/><T48/><D61/><U77/><E77/><V44/><F44/><W129/><G129/><T101/><D101/><U85/><E96/><V84/><AGARI ba="3,2" hai="0,5,8,18,23,25,36,37,39,42,43,78,80,84" machi="84" ten="30,4000,0" yaku="1,1,0,1,52,1,53,0" doraHai="2" doraHaiUra="120" who="2" fromWho="2" sc="195,-23,176,-13,166,69,443,-13" /><INIT seed="5,0,0,3,5,26" ten="172,163,235,430" oya="1" hai0="22,96,15,131,94,57,30,42,62,79,80,121,36" hai1="92,54,90,64,29,67,101,114,27,58,23,0,82" hai2="75,81,60,28,135,6,2,129,45,69,103,72,120" hai3="13,46,127,102,134,21,37,78,12,117,55,44,124"/><U93/><E0/><V74/><F120/><W68/><G68/><T1/><D1/><U113/><E82/><V112/><F103/><W50/><G134/><T116/><D121/><U104/><E104/><V65/><F135/><W111/><G111/><T49/><D116/><U109/><E109/><V43/><F129/><W108/><G108/><T19/><D36/><U18/><E18/><V122/><F122/><W91/><G102/><T3/><D3/><U47/><E47/><V31/><F81/><W66/><G66/><T118/><D118/><U88/><E101/><V39/><REACH who="2" step="1"/><F112/><REACH who="2" ten="172,163,225,430" step="2"/><N who="1" m="43113" /><E93/><V17/><F17/><W105/><G117/><T7/><D131/><U9/><E9/><AGARI ba="0,1" hai="2,6,9,28,31,39,43,45,60,65,69,72,74,75" machi="9" ten="40,8000,1" yaku="1,1,52,2,53,1" doraHai="26" doraHaiUra="35" who="2" fromWho="1" sc="172,0,163,-80,225,90,430,0" /><INIT seed="6,0,0,4,3,5" ten="172,83,315,430" oya="2" hai0="80,67,102,114,120,124,117,22,122,115,50,133,84" hai1="18,130,109,12,101,17,10,41,98,26,13,125,57" hai2="108,99,21,19,85,93,40,44,74,86,88,65,58" hai3="52,25,32,33,61,59,119,51,64,20,60,62,76"/><V72/><F108/><W77/><G119/><T23/><D117/><U83/><E109/><V49/><F74/><W43/><G33/><T2/><D2/><U89/><E130/><V116/><F72/><W37/><G32/><T15/><D133/><U31/><E125/><V87/><F116/><W118/><G118/><T53/><D124/><U48/><E83/><V106/><F106/><W95/><G95/><T112/><D67/><U36/><E36/><V8/><F65/><W9/><G9/><T110/><D102/><U107/><E89/><V79/><F58/><W54/><G37/><T63/><D63/><N who="3" m="24137" /><G43/><T127/><D110/><U55/><E41/><V0/><F0/><W90/><G90/><N who="0" m="51463" /><D127/><U7/><REACH who="1" step="1"/><E13/><REACH who="1" ten="172,73,315,430" step="2"/><N who="2" m="7591" /><F21/><AGARI ba="0,1" hai="7,10,12,17,18,21,26,31,48,55,57,98,101,107" machi="21" ten="30,3900,0" yaku="1,1,7,1,52,1,53,0" doraHai="5" doraHaiUra="71" who="1" fromWho="2" sc="172,0,73,49,315,-39,430,0" /><INIT seed="7,0,0,1,3,55" ten="172,122,276,430" oya="3" hai0="52,105,28,91,81,76,45,123,56,16,51,50,110" hai1="30,5,99,134,80,61,27,17,53,125,132,103,62" hai2="135,37,20,44,72,121,71,23,126,49,95,6,73" hai3="34,60,42,122,82,10,29,130,39,14,84,116,78"/><W75/><G122/><T98/><D110/><U118/><E5/><V83/><F71/><W127/><G116/><T96/><D28/><U36/><E36/><V113/><F37/><W129/><G127/><T24/><D91/><U54/><E80/><V25/><F95/><W8/><G60/><N who="1" m="23146" /><E30/><V35/><F35/><W85/><G10/><T69/><D105/><U111/><E111/><V58/><F44/><N who="3" m="23647" /><G29/><T117/><D123/><U21/><E125/><V119/><F83/><W7/><G34/><T63/><D69/><U3/><E3/><V18/><F6/><W101/><G101/><T57/><D117/><U38/><E38/><V115/><F119/><W13/><G13/><T77/><D81/><U107/><E118/><V19/><F126/><W22/><G22/><N who="0" m="13383" /><D76/><U47/><E47/><V133/><F121/><W92/><G92/><T0/><D77/><U15/><E15/><V48/><F25/><W11/><G11/><T67/><D0/><U33/><E33/><V88/><F88/><W4/><G4/><T106/><D106/><U89/><E89/><V124/><F124/><W46/><G46/><T86/><D86/><U40/><E40/><AGARI ba="0,0" hai="40,45,50,51,52,56,57,63,67,96,98" m="13383" machi="40" ten="30,8000,1" yaku="8,1,52,2,54,2" doraHai="55" who="0" fromWho="1" sc="172,80,122,-80,276,0,430,0" owari="252,-15.0,42,-46.0,276,8.0,430,53.0" /></mjloggm>