<mjloggm ver="2.3"><GO type="169" lobby="0"/><UN n0="%E3%81%8B%E3%82%8A%E3%82%93%E3%81%95%E3%82%93" n1="%6B%6F%6D%61%70%69%61" n2="%64%6F%6E%63%68%61%6E%33" n3="%E3%81%84%E3%81%AA%E3%81%97%E3%82%93%E3%80%82" dan="18,16,17,16" rate="2217.52,2214.79,2178.46,2062.69" sx="M,M,M,M"/><TAIKYOKU oya="0"/><INIT seed="0,0,0,2,2,61" ten="250,250,250,250" oya="0" hai0="78,85,71,110,9,56,50,22,82,129,94,19,42" hai1="98,35,66,95,111,81,132,62,0,89,101,121,120" hai2="53,76,88,92,32,70,27,102,96,130,23,122,58" hai3="5,80,34,127,39,36,114,40,28,116,105,21,14"/><T108/><D71/><U115/><E0/><V47/><F122/><W134/><G80/><T29/><D29/><U79/><E111/><N who="0" m="42537" /><D129/><U104/><E132/><V103/><F130/><W109/><G21/><T68/><D68/><U25/><E115/><V2/><F2/><W135/><G40/><T33/><D33/><U57/><E25/><V4/><F4/><W13/><G28/><T52/><D42/><U124/><E124/><V44/><F32/><W107/><G34/><T60/><D94/><U15/><E15/><N who="3" m="5642" /><G109/><T64/><D9/><U93/><E35/><V100/><F76/><W99/><G5/><T26/><D50/><U20/><E20/><V126/><F70/><W12/><G114/><T77/><D78/><U51/><E51/><V119/><F119/><W59/><G116/><T73/><D73/><N who="1" m="43247" /><E95/><V30/><REACH who="2" step="1"/><F126/><REACH who="2" ten="250,250,240,250" step="2"/><W46/><G127/><T24/><D24/><U37/><E121/><V86/><F86/><W54/><G134/><T63/><D63/><AGARI ba="0,1" hai="23,27,30,44,47,53,58,63,88,92,96,100,102,103" machi="63" ten="40,5200,0" yaku="1,1,8,1,54,1,53,0" doraHai="61" doraHaiUra="112" who="2" fromWho="0" sc="250,-52,250,0,240,62,250,0" /><INIT seed="1,0,0,4,3,59" ten="198,250,302,250" oya="1" hai0="112,11,63,108,25,73,62,38,128,75,56,58,133" hai1="101,65,80,77,23,82,120,2,135,61,97,14,122" hai2="114,49,129,83,70,9,53,92,86,16,89,132,90" hai3="55,130,0,109,6,87,37,39,93,4,42,113,68"/><U110/><E2/><V104/><F132/><W28/><G68/><T45/><D112/><U7/><E135/><V43/><F104/><W95/><G113/><T64/><D133/><U85/><E110/><V35/><F35/><W66/><G66/><T127/><D108/><U84/><E14/><V88/><F114/><W51/><G28/><T126/><D128/><U18/><E7/><V34/><F34/><W15/><G42/><N who="0" m="22743" /><D11/><U74/><E18/><V119/><F119/><W54/><G15/><T102/><D102/><U98/><E23/><V8/><F129/><W46/><G87/><T1/><D1/><U40/><E40/><V10/><F70/><W131/><G51/><T72/><D25/><U24/><E24/><V134/><F43/><W96/><G46/><T21/><D21/><U76/><E74/><V99/><F134/><W116/><G0/><T19/><D19/><U124/><E124/><N who="0" m="47657" /><D73/><U17/><E17/><V36/><F36/><W29/><G29/><T125/><N who="0" m="47665" /><T106/><DORA hai="3" /><D106/><U44/><E44/><N who="2" m="27815" /><F90/><W26/><G26/><T117/><D117/><U12/><E12/><AGARI ba="0,0" hai="8,9,10,12,16,83,86,88,89,92,99" m="27815" machi="12" ten="30,7700,0" yaku="25,1,8,1,54,2" doraHai="59,3" who="2" fromWho="1" sc="198,0,250,-77,302,77,250,0" /><INIT seed="2,0,0,2,5,98" ten="198,173,379,250" oya="2" hai0="44,25,13,28,94,38,68,18,11,132,67,71,119" hai1="8,120,87,3,34,41,65,43,88,99,108,5,114" hai2="90,97,63,14,40,26,134,36,57,33,49,23,130" hai3="128,64,91,70,95,52,111,45,73,27,92,39,135"/><V32/><F134/><W80/><G111/><T37/><D132/><U106/><E114/><V56/><F130/><W107/><G107/><T103/><D119/><U0/><E108/><V60/><F36/><W110/><G110/><T133/><D133/><U53/><E120/><V117/><F117/><W6/><G6/><T102/><D38/><U48/><E34/><V81/><F14/><W19/><G64/><T54/><D71/><U109/><E109/><V24/><F40/><W61/><G70/><T15/><D94/><U118/><E118/><V82/><F49/><W42/><G73/><T75/><D75/><U21/><E21/><V78/><F78/><W124/><G80/><T115/><D115/><U7/><E65/><V20/><F97/><W125/><G95/><T46/><D15/><U131/><E131/><V121/><REACH who="2" step="1"/><F90/><REACH who="2" ten="198,173,369,250" step="2"/><W84/><G128/><T123/><D37/><U79/><E79/><V10/><F10/><W96/><G135/><T93/><D11/><U72/><E3/><V1/><F1/><W113/><G113/><T31/><D13/><U129/><E129/><V51/><F51/><W101/><G39/><T35/><D123/><AGARI ba="0,1" hai="20,23,24,26,32,33,56,57,60,63,81,82,121,123" machi="123" ten="25,4800,0" yaku="1,1,22,2,53,0" doraHai="98" doraHaiUra="127" who="2" fromWho="0" sc="198,-48,173,0,369,58,250,0" /><INIT seed="2,1,0,3,0,10" ten="150,173,427,250" oya="2" hai0="3,111,104,35,19,102,80,131,117,15,34,82,20" hai1="114,27,100,8,108,126,69,92,86,73,13,49,95" hai2="2,53,115,116,30,123,90,134,50,25,81,58,61" hai3="43,60,51,12,127,56,1,68,106,44,118,63,24"/><V121/><F115/><W33/><G106/><T97/><D111/><U5/><E114/><V84/><F116/><W125/><G1/><T113/><D113/><U14/><E73/><V77/><F2/><W9/><G118/><T78/><D117/><U88/><E108/><V67/><F134/><W109/><G109/><T52/><D3/><U75/><E75/><V62/><F77/><W54/><G33/><T4/><D131/><U66/><E126/><N who="3" m="48138" /><G24/><T32/><D4/><U16/><E27/><V48/><F48/><N who="3" m="30791" /><G68/><T6/><D6/><AGARI ba="1,0" hai="6,9,12,43,44,51,60,63" m="30791,48138" machi="6" ten="30,2000,0" yaku="18,1,52,1" doraHai="10" who="3" fromWho="0" sc="150,-23,173,0,427,0,250,23" /><INIT seed="3,0,0,1,2,2" ten="127,173,427,273" oya="3" hai0="35,63,48,18,111,22,102,24,38,75,70,127,20" hai1="8,86,79,135,45,65,103,42,33,16,117,100,39" hai2="68,119,98,10,81,46,126,88,105,54,61,36,34" hai3="82,17,130,71,5,3,58,40,93,6,27,90,74"/><W113/><G71/><T72/><D38/><U66/><E135/><V52/><F119/><W128/><G3/><T19/><D35/><U106/><E117/><V43/><F34/><W85/><G40/><T108/><D102/><U29/><E33/><V78/><F126/><W14/><G27/><T13/><D127/><U50/><E29/><V31/><F31/><W96/><G74/><T23/><D48/><U64/><E39/><V47/><F47/><W110/><G113/><T25/><D63/><U116/><E116/><V112/><F112/><W56/><G110/><N who="0" m="42027" /><D70/><U0/><E106/><V49/><F10/><W12/><G128/><T76/><D76/><U107/><E107/><V132/><F132/><W30/><G30/><AGARI ba="0,0" hai="13,18,19,20,22,23,24,25,30,72,75" m="42027" machi="30" ten="30,1000,0" yaku="14,1" doraHai="2" who="0" fromWho="3" sc="127,10,173,0,427,0,273,-10" /><INIT seed="4,0,0,2,2,124" ten="137,173,427,263" oya="0" hai0="91,123,33,83,19,103,49,11,102,74,60,42,130" hai1="15,22,99,129,50,13,128,29,89,122,4,56,23" hai2="94,18,20,76,75,90,39,71,53,131,58,45,135" hai3="107,113,7,97,104,48,116,100,17,118,21,121,98"/><T132/><D123/><U46/><E122/><V34/><F34/><W134/><G121/><T119/><D119/><U120/><E120/><V126/><F71/><W52/><G7/><T70/><D33/><U125/><E125/><V80/><F126/><W61/><G113/><T32/><D32/><U79/><E79/><V12/><F135/><W26/><G134/><T36/><D36/><U9/><E56/><V111/><F111/><W44/><REACH who="3" step="1"/><G61/><REACH who="3" ten="137,173,427,253" step="2"/><T54/><D132/><U55/><E13/><V8/><F39/><W86/><G86/><N who="0" m="50655" /><D74/><U40/><E40/><V24/><F75/><W65/><G65/><T114/><D114/><U41/><E41/><V0/><F53/><W6/><G6/><T115/><D115/><U3/><E3/><V47/><F0/><W77/><G77/><T1/><D1/><U117/><E117/><V93/><F76/><W88/><G88/><T67/><D42/><U95/><REACH who="1" step="1"/><E29/><REACH who="1" ten="137,163,427,253" step="2"/><V64/><F64/><W16/><G16/><T14/><D67/><U37/><E37/><V78/><F18/><W101/><AGARI ba="0,2" hai="17,21,26,44,48,52,97,98,100,101,104,107,116,118" machi="101" ten="30,7900,0" yaku="1,1,0,1,9,1,54,1,53,0" doraHai="124" doraHaiUra="10" who="3" fromWho="3" sc="137,-39,163,-20,427,-20,253,99" /><INIT seed="5,0,0,3,2,106" ten="98,143,407,352" oya="1" hai0="11,0,19,121,115,84,135,63,80,18,37,101,5" hai1="28,10,53,67,97,122,82,64,58,134,99,38,124" hai2="52,44,75,74,13,49,102,57,32,113,3,15,129" hai3="114,89,61,39,81,55,59,103,34,118,14,26,1"/><U47/><E122/><V94/><F3/><W33/><G1/><T36/><D121/><U31/><E134/><V30/><F129/><W17/><G39/><T68/><D135/><U88/><E124/><V65/><F113/><W45/><G118/><T108/><D108/><U130/><E130/><V112/><F112/><W123/><G123/><T95/><D115/><U77/><E10/><V128/><F128/><W78/><G114/><T91/><D37/><U125/><E125/><V22/><F32/><W54/><G89/><T70/><D36/><U83/><E47/><V40/><F13/><W120/><G103/><T87/><D101/><U25/><E38/><V86/><F65/><N who="1" m="25161" /><E77/><V116/><F116/><W46/><G120/><T127/><D127/><U90/><E83/><V16/><F30/><N who="1" m="11305" /><E25/><V6/><F6/><W42/><G26/><T21/><D18/><U62/><E82/><V131/><F131/><W60/><G45/><T110/><D110/><U2/><E2/><V105/><F105/><W41/><G34/><T66/><D70/><U126/><E126/><V72/><F102/><W56/><G33/><T100/><D100/><U8/><E8/><V98/><F98/><AGARI ba="0,0" hai="53,58,62,88,90,97,98,99" m="11305,25161" machi="98" ten="30,2900,0" yaku="8,1,54,1" doraHai="106" who="1" fromWho="2" sc="98,0,143,29,407,-29,352,0" /><INIT seed="5,1,0,4,4,21" ten="98,172,378,352" oya="1" hai0="1,134,27,83,121,128,14,95,28,104,39,76,24" hai1="10,4,12,107,79,17,77,99,44,52,112,38,102" hai2="34,82,92,59,105,131,2,40,100,50,109,91,0" hai3="51,108,75,49,127,11,9,130,98,43,69,68,60"/><U106/><E112/><V80/><F109/><W103/><G75/><T45/><D104/><U37/><E107/><V72/><F34/><W67/><G108/><T30/><D1/><U41/><E37/><V135/><F82/><W8/><G130/><T22/><D128/><U33/><E33/><V118/><F131/><W18/><G127/><T96/><D134/><U132/><E132/><V6/><F6/><W129/><G129/><T126/><D126/><U19/><E19/><V125/><F125/><W117/><G117/><T53/><D121/><U114/><E114/><V120/><F120/><W13/><G68/><T115/><D115/><U116/><E116/><V36/><F36/><W54/><G43/><T101/><D14/><U61/><REACH who="1" step="1"/><E4/><REACH who="1" ten="98,162,378,352" step="2"/><V32/><F32/><W123/><G123/><T35/><D39/><U56/><AGARI ba="1,1" hai="10,12,17,38,41,44,52,56,61,77,79,99,102,106" machi="56" ten="30,11700,0" yaku="1,1,2,1,0,1,54,1,53,0" doraHai="21" doraHaiUra="124" who="1" fromWho="1" sc="98,-40,162,130,378,-40,352,-40" /><INIT seed="5,2,0,2,4,43" ten="58,292,338,312" oya="1" hai0="127,109,45,70,82,123,63,55,9,89,12,51,122" hai1="31,88,115,72,29,27,77,104,38,102,132,24,16" hai2="13,5,90,74,3,49,108,114,116,11,84,42,83" hai3="75,37,131,100,10,28,71,91,105,117,21,54,79"/><U36/><E115/><V110/><F116/><W35/><G37/><T48/><D109/><U68/><E132/><V0/><F114/><W60/><G131/><T17/><D127/><U22/><E68/><V134/><F134/><W20/><G117/><T120/><D51/><U25/><E77/><V46/><F74/><W52/><G10/><T32/><D32/><U125/><E72/><V4/><F0/><W59/><G71/><T15/><D15/><U99/><E125/><V124/><F124/><W14/><G91/><T133/><D133/><U87/><E29/><V73/><F5/><W53/><G35/><T78/><D78/><U6/><E6/><V135/><F135/><W47/><G28/><T94/><D70/><U76/><E76/><V64/><F64/><W40/><G79/><T119/><D119/><U81/><REACH who="1" step="1"/><E25/><REACH who="1" ten="58,282,338,312" step="2"/><V106/><F73/><W96/><G75/><T39/><D39/><U130/><E130/><V2/><F110/><W92/><G14/><T26/><D26/><U34/><AGARI ba="2,1" hai="16,22,24,27,31,34,36,38,81,87,88,99,102,104" machi="34" ten="20,18000,2" yaku="1,1,0,1,7,1,54,2,53,1" doraHai="43" doraHaiUra="80" who="1" fromWho="1" sc="58,-62,282,196,338,-62,312,-62" owari="-4,-50.0,478,57.0,276,8.0,250,-15.0" /></mjloggm>