<mjloggm ver="2.3"><GO type="225" lobby="0"/><UN n0="%E3%83%B4%E3%83%A0%EF%BC%99%E3%81%A6" n1="%E7%88%86%E7%89%8C%E3%82%A6%E3%82%B7%E3%82%B8%E3%83%9E%E3%81%8F%E3%82%93" n2="%31%73%E3%81%A7%E3%81%84%E3%81%84%E3%81%9D%E3%81%86" n3="%E3%81%AB%E3%82%83%EF%BD%9E%E3%81%8A" dan="17,16,16,16" rate="2209.23,2116.83,2121.31,2139.61" sx="M,M,M,M"/><TAIKYOKU oya="0"/><INIT seed="0,0,0,3,5,1" ten="250,250,250,250" oya="0" hai0="11,57,71,29,65,125,54,0,128,55,88,134,109" hai1="64,33,117,135,114,32,123,39,22,85,103,4,61" hai2="97,44,49,110,122,35,15,84,75,52,5,12,101" hai3="3,25,78,68,74,63,50,10,126,51,17,72,89"/><T107/><D107/><U69/><E123/><V129/><F122/><W7/><G126/><T121/><D121/><U79/><E117/><V76/><F35/><W38/><G38/><T27/><D125/><U21/><E39/><V8/><F110/><W104/><G104/><T36/><D36/><U111/><E103/><V70/><F70/><W133/><G133/><T66/><D134/><U98/><E98/><V31/><F129/><W92/><G78/><T90/><D71/><U115/><E135/><V2/><F75/><W30/><G17/><T34/><D128/><U99/><E99/><V106/><REACH who="2" step="1"/><F31/><REACH who="2" ten="250,250,240,250" step="2"/><W87/><G72/><T26/><D109/><U18/><E33/><V20/><F20/><W67/><G74/><T23/><D34/><AGARI ba="0,1" hai="3,7,10,25,30,34,50,51,63,67,68,87,89,92" machi="34" ten="30,2000,0" yaku="7,1,52,1" doraHai="1" who="3" fromWho="0" sc="250,-20,250,0,240,0,250,30" /><INIT seed="1,0,0,0,5,69" ten="230,250,240,280" oya="1" hai0="100,72,115,71,89,54,39,55,105,99,40,25,76" hai1="20,38,10,58,97,95,63,70,1,29,52,129,75" hai2="132,134,109,36,22,94,34,118,14,66,112,42,78" hai3="102,13,2,5,126,80,18,16,131,125,50,133,74"/><U77/><E129/><V83/><F118/><W85/><G74/><T64/><D115/><U41/><E70/><V91/><F112/><W57/><G131/><T110/><D110/><U107/><E107/><V43/><F34/><W27/><G102/><T119/><D119/><U117/><E117/><V53/><F66/><W122/><G122/><T106/><D106/><U44/><E75/><V113/><F113/><W127/><G133/><N who="2" m="51305" /><F109/><W37/><G37/><T84/><D25/><U93/><E77/><V65/><F65/><W82/><G2/><T59/><D59/><U73/><E73/><N who="2" m="43471" /><F53/><N who="3" m="31927" /><G27/><T68/><D64/><U28/><E93/><V108/><F36/><W96/><G96/><T121/><D68/><U86/><E86/><N who="2" m="52599" /><F108/><W4/><G82/><N who="0" m="45319" /><D71/><U130/><E130/><V3/><F3/><W62/><G62/><T24/><D121/><U15/><E1/><V30/><F30/><W7/><G13/><T48/><D48/><U49/><E38/><V135/><N who="2" m="51313" /><V128/><DORA hai="114" /><F128/><W51/><G51/><T47/><D24/><N who="1" m="16391" /><E29/><V92/><F92/><AGARI ba="0,0" hai="39,40,47,54,55,84,89,92,99,100,105" m="45319" machi="92" ten="30,2000,0" yaku="24,1,52,1" doraHai="69,114" who="0" fromWho="2" sc="230,20,250,0,240,-20,280,0" /><INIT seed="2,0,0,5,0,120" ten="250,250,220,280" oya="2" hai0="33,135,100,8,21,125,5,86,19,11,13,63,28" hai1="102,43,74,35,9,113,90,124,132,60,116,14,50" hai2="38,129,23,22,70,78,39,84,97,20,1,82,118" hai3="123,85,95,130,104,24,101,117,62,72,112,16,15"/><V31/><F118/><W111/><G117/><T109/><D100/><U126/><E35/><V93/><F129/><W103/><G72/><T25/><D86/><U34/><E34/><V121/><F121/><W10/><G123/><T3/><D63/><U59/><E74/><V2/><F70/><W87/><G104/><T41/><D41/><U47/><E116/><V27/><F38/><W99/><G130/><T122/><D122/><U110/><E102/><V45/><F39/><W133/><G133/><T71/><D71/><U119/><E119/><V115/><F115/><W89/><G112/><T96/><D96/><U55/><E113/><V4/><F45/><W64/><G24/><N who="0" m="18567" /><D125/><N who="1" m="48235" /><E132/><V114/><F114/><W36/><G36/><T106/><D106/><U7/><E90/><V42/><F42/><W52/><G101/><T68/><D68/><U51/><E51/><V83/><F83/><W61/><G103/><T131/><D135/><U80/><E80/><V29/><F29/><W48/><G89/><T108/><D131/><U65/><E110/><V17/><F4/><AGARI ba="0,0" hai="3,4,5,8,11,13,19,21,25,108,109" m="18567" machi="4" ten="30,7700,0" yaku="34,2,52,2" doraHai="120" who="0" fromWho="2" sc="250,77,250,0,220,-77,280,0" /><INIT seed="3,0,0,0,2,124" ten="327,250,143,280" oya="3" hai0="114,95,97,51,1,128,125,77,110,82,122,108,33" hai1="37,103,10,87,52,91,112,55,107,126,117,130,71" hai2="78,29,31,54,63,94,79,34,56,18,92,15,57" hai3="118,23,90,27,105,98,132,93,99,43,49,9,73"/><W68/><G68/><T5/><D128/><U42/><E130/><V127/><F127/><W70/><G70/><T3/><D125/><U123/><E126/><V32/><F32/><W100/><G118/><T84/><D122/><U35/><E35/><V39/><F39/><W134/><G73/><T36/><D36/><U111/><E111/><N who="0" m="42537" /><D114/><U40/><E71/><V14/><F34/><W121/><G121/><T116/><D116/><U8/><E112/><V53/><REACH who="2" step="1"/><F63/><REACH who="2" ten="327,250,133,280" step="2"/><W76/><G132/><T104/><D33/><U80/><E123/><V66/><F66/><W81/><G134/><T13/><D104/><U85/><E117/><V89/><F89/><W46/><G9/><N who="0" m="4271" /><D51/><U74/><E91/><AGARI ba="0,1" hai="1,3,77,82,84,91,95,97" m="4271,42537" machi="91" ten="30,1000,0" yaku="14,1" doraHai="124" who="0" fromWho="1" sc="327,20,250,-10,133,0,280,0" owari="347,45.0,240,-16.0,133,-37.0,280,8.0" /></mjloggm>