<mjloggm ver="2.3"><GO type="169" lobby="0"/><UN n0="%E3%81%BF%E3%81%A3%E3%81%8D%E3%83%BC" n1="%E3%81%88%E3%81%88%E3%81%88%E3%81%88%E3%81%88%E3%81%88%E3%81%88" n2="%42%72%42%61" n3="%6B%5F%6D%5F%62" dan="17,16,16,16" rate="2205.43,2085.43,2135.47,2126.85" sx="M,M,M,M"/><TAIKYOKU oya="0"/><INIT seed="0,0,0,2,2,10" ten="250,250,250,250" oya="0" hai0="36,77,23,57,91,118,106,2,95,135,73,12,0" hai1="11,14,100,67,123,104,86,52,129,1,114,75,16" hai2="68,61,42,88,44,25,20,64,128,40,120,3,13" hai3="93,51,60,7,34,66,126,71,119,108,127,109,28"/><T22/><D118/><U97/><E123/><V37/><F120/><W29/><G119/><T112/><D112/><U62/><E75/><V81/><F128/><W6/><G93/><T80/><D36/><U130/><E114/><V43/><F3/><W19/><G19/><T122/><D122/><U39/><E39/><V4/><F4/><N who="3" m="1579" /><G51/><T115/><D115/><U87/><E1/><V59/><F68/><W24/><G29/><T133/><D106/><U53/><E87/><N who="2" m="50287" /><F37/><W116/><G116/><T74/><D57/><U78/><E78/><V50/><F13/><W111/><AGARI ba="0,0" hai="24,28,34,60,66,71,108,109,111,126,127" m="1579" machi="111" ten="40,1500,0" yaku="14,1" doraHai="10" who="3" fromWho="3" sc="250,-7,250,-4,250,-4,250,15" /><INIT seed="1,0,0,4,1,19" ten="243,246,246,265" oya="1" hai0="40,49,76,18,48,125,58,113,102,106,92,38,23" hai1="13,74,21,81,129,96,105,47,121,26,66,15,100" hai2="126,65,80,46,2,61,72,111,54,101,1,73,103" hai3="64,60,112,122,124,67,29,11,0,8,104,55,98"/><U33/><E121/><V3/><F111/><W52/><G112/><T130/><D113/><U91/><E33/><V22/><F126/><W17/><G122/><T30/><D106/><U25/><E129/><V37/><F80/><W20/><G124/><T28/><D125/><U116/><E116/><V10/><F10/><N who="3" m="3627" /><G0/><T109/><D109/><U24/><E66/><N who="3" m="25130" /><G104/><T71/><D130/><U45/><E15/><V43/><F54/><W7/><G7/><T93/><D76/><U128/><E128/><V107/><F107/><W51/><G29/><N who="0" m="11371" /><D71/><U59/><E59/><V117/><F117/><W39/><G39/><T32/><D38/><U75/><E91/><V85/><F85/><W118/><G118/><T35/><D102/><U42/><E81/><V69/><F103/><W27/><G60/><T62/><D62/><U6/><E6/><V36/><F101/><W79/><G79/><T94/><D35/><U110/><E110/><V123/><F37/><W5/><G5/><T78/><D78/><U9/><E9/><V132/><F123/><W108/><G108/><T119/><D32/><U50/><REACH who="1" step="1"/><E47/><REACH who="1" ten="243,236,246,265" step="2"/><V95/><F1/><W41/><G98/><T120/><D119/><U63/><E63/><V86/><F2/><W83/><G83/><T135/><D120/><U14/><E14/><V56/><F3/><W4/><G4/><T97/><D97/><U99/><E99/><V89/><F56/><W88/><G88/><T53/><D58/><U127/><E127/><V84/><F46/><AGARI ba="0,1" hai="17,20,27,41,46,51,52,55" m="25130,3627" machi="46" ten="30,3900,0" yaku="8,1,52,1,54,1" doraHai="19" who="3" fromWho="2" sc="243,0,236,0,246,-39,265,49" /><INIT seed="2,0,0,2,1,15" ten="243,236,207,314" oya="2" hai0="47,122,107,29,35,26,13,93,17,88,42,121,101" hai1="28,103,36,14,6,37,72,1,92,39,73,34,30" hai2="19,0,89,4,132,86,78,114,58,120,106,40,50" hai3="44,71,18,90,79,126,24,20,51,133,116,33,125"/><V113/><F120/><W128/><G116/><T123/><D107/><U127/><E127/><N who="3" m="48650" /><G133/><T74/><D101/><U84/><E1/><V99/><F132/><W49/><G128/><T31/><D74/><U91/><E103/><V23/><F78/><W2/><G2/><T85/><D31/><U32/><E6/><V135/><F135/><W52/><G79/><T59/><D59/><U111/><E111/><V55/><F40/><W96/><G71/><T115/><D115/><U100/><E100/><V118/><F118/><W8/><G8/><T62/><D62/><U81/><E81/><V124/><F124/><W7/><G7/><T95/><D95/><U97/><E84/><V102/><F4/><W54/><G33/><T48/><REACH who="0" step="1"/><D122/><REACH who="0" ten="233,236,207,314" step="2"/><U25/><E30/><V66/><F66/><W69/><G69/><T21/><AGARI ba="0,1" hai="13,17,21,26,29,35,42,47,48,85,88,93,121,123" machi="21" ten="20,12000,2" yaku="1,1,2,1,0,1,7,1,52,1,54,1,53,0" doraHai="15" doraHaiUra="5" who="0" fromWho="0" sc="233,130,236,-30,207,-60,314,-30" /><INIT seed="3,0,0,3,4,38" ten="363,206,147,284" oya="3" hai0="57,70,42,21,61,133,58,73,107,112,116,125,7" hai1="69,97,105,101,46,16,1,81,60,89,102,68,66" hai2="14,6,77,12,41,11,114,122,0,110,17,131,10" hai3="33,50,18,132,117,53,51,32,118,82,86,34,99"/><W76/><G132/><T54/><D107/><U78/><E1/><V87/><F114/><W2/><G2/><T30/><D73/><U126/><E126/><V134/><F110/><W94/><G18/><T29/><D116/><U27/><E101/><V20/><F134/><W65/><G65/><T35/><D35/><U98/><E68/><V39/><F87/><W28/><G28/><T104/><D104/><U74/><E97/><V24/><F77/><W113/><G113/><T108/><D70/><U95/><E46/><V31/><F39/><W43/><G51/><N who="0" m="30943" /><D42/><U71/><E71/><V37/><F41/><W119/><G43/><T85/><D125/><U36/><E36/><V106/><F37/><W47/><REACH who="3" step="1"/><G34/><REACH who="3" ten="363,206,147,274" step="2"/><T80/><D112/><U22/><E105/><V91/><F106/><W88/><AGARI ba="0,1" hai="32,33,47,50,53,76,82,86,88,94,99,117,118,119" machi="88" ten="30,11700,0" yaku="1,1,2,1,0,1,54,1,53,0" doraHai="38" doraHaiUra="128" who="3" fromWho="3" sc="363,-39,206,-39,147,-39,274,127" /><INIT seed="3,1,0,0,5,1" ten="324,167,108,401" oya="3" hai0="31,87,123,133,38,78,85,0,119,93,81,113,121" hai1="56,117,68,82,11,134,61,108,130,98,79,90,39" hai2="105,69,94,66,77,100,10,65,109,128,102,72,63" hai3="118,96,17,40,4,126,120,22,107,51,16,95,53"/><W27/><G118/><T116/><D0/><U42/><E117/><N who="0" m="45129" /><D38/><U110/><E134/><V97/><F109/><N who="1" m="42089" /><E68/><V62/><F128/><W36/><G120/><N who="0" m="46155" /><D31/><U88/><E130/><V21/><F21/><W13/><G126/><T15/><D15/><U64/><E98/><V50/><F50/><W43/><G107/><T32/><D32/><U6/><E42/><V2/><F102/><N who="3" m="60703" /><G36/><T19/><D19/><U75/><E39/><V99/><F94/><W91/><G91/><N who="0" m="53503" /><D133/><U59/><E59/><V48/><F99/><W132/><G132/><T41/><D41/><U3/><AGARI ba="1,0" hai="3,6,11,56,61,64,75,79,82,88,90" m="42089" machi="3" ten="30,4000,0" yaku="14,1,52,1,54,1" doraHai="1" who="1" fromWho="1" sc="324,-11,167,43,108,-11,401,-21" /><INIT seed="4,0,0,2,5,11" ten="313,210,97,380" oya="0" hai0="31,33,58,109,29,106,79,127,16,128,55,67,76" hai1="6,98,131,113,81,119,80,36,56,129,8,66,7" hai2="117,134,12,99,118,89,77,25,72,93,38,50,111" hai3="52,130,47,62,122,104,108,22,44,18,95,60,63"/><T132/><D106/><U19/><E119/><V84/><F38/><W14/><G108/><T124/><D109/><U28/><E36/><V13/><F111/><W61/><G104/><T30/><D67/><U27/><E98/><V75/><F134/><W24/><G130/><N who="1" m="49674" /><E113/><V101/><F25/><W74/><G74/><N who="2" m="28201" /><F77/><W54/><G122/><T73/><D33/><U96/><E96/><V82/><F50/><W120/><G120/><T115/><D115/><U20/><E28/><V116/><AGARI ba="0,0" hai="12,13,82,84,89,93,99,101,116,117,118" m="28201" machi="116" ten="40,5200,0" yaku="12,1,52,2" doraHai="11" who="2" fromWho="2" sc="313,-26,210,-13,97,52,380,-13" /><INIT seed="5,0,0,0,3,105" ten="287,197,149,367" oya="1" hai0="68,63,131,72,110,124,101,109,44,40,6,128,0" hai1="92,116,15,89,42,49,133,24,84,126,22,14,71" hai2="12,113,2,25,64,78,61,112,53,39,91,62,26" hai3="41,111,11,46,93,118,119,88,31,58,67,85,79"/><U18/><E116/><N who="3" m="44586" /><G111/><N who="0" m="42507" /><D101/><U23/><E126/><V127/><F2/><W80/><G31/><T95/><D95/><U114/><E133/><V51/><F127/><W115/><G115/><N who="2" m="44105" /><F39/><W57/><G67/><N who="0" m="41087" /><D72/><U21/><E114/><V75/><F91/><W5/><G46/><T13/><D13/><U59/><E71/><N who="2" m="42383" /><F12/><N who="1" m="4649" /><E42/><V48/><F62/><W45/><G11/><N who="0" m="2503" /><D124/><U104/><E104/><V87/><F87/><N who="3" m="52383" /><G5/><T107/><D107/><U135/><E135/><V33/><F33/><W106/><G106/><T30/><D30/><U29/><E29/><V73/><F78/><W10/><G10/><T94/><D94/><U43/><E43/><V9/><F9/><W117/><G117/><T60/><D60/><U76/><E76/><V129/><F129/><W90/><G90/><T70/><D70/><U82/><E92/><V35/><F51/><AGARI ba="0,0" hai="41,45,51,57,58,79,80,85" m="52383,44586" machi="51" ten="30,2000,0" yaku="12,1,54,1" doraHai="105" who="3" fromWho="2" sc="287,0,197,0,149,-20,367,20" /><INIT seed="6,0,0,2,5,23" ten="287,197,129,387" oya="2" hai0="13,102,31,100,74,66,6,16,42,0,109,93,83" hai1="104,119,46,117,2,35,111,61,129,103,24,54,98" hai2="69,43,20,124,12,95,71,78,63,53,27,89,59" hai3="133,26,62,19,94,107,113,130,25,127,28,21,64"/><V65/><F124/><W55/><G107/><T56/><D109/><U131/><E2/><V22/><F78/><W45/><G127/><T29/><D42/><U73/><E73/><V101/><F43/><W88/><G133/><T80/><D6/><U14/><E14/><V82/><F82/><N who="0" m="31274" /><D74/><U112/><E112/><V40/><F40/><W7/><G130/><N who="1" m="49674" /><E111/><V39/><F39/><W114/><G7/><T96/><D100/><U118/><E46/><V87/><F101/><W135/><G135/><T85/><D85/><U99/><E99/><V10/><F65/><W47/><G64/><T90/><D0/><U105/><E105/><V115/><F115/><N who="3" m="44043" /><G55/><T79/><D102/><U91/><E54/><V41/><F41/><W86/><G62/><N who="0" m="38215" /><D79/><U44/><E61/><V67/><F67/><W51/><G51/><T123/><D123/><U11/><E118/><V34/><F71/><W132/><G132/><T9/><AGARI ba="0,0" hai="9,13,16,29,31,90,93,96" m="38215,31274" machi="9" ten="30,2000,0" yaku="8,1,54,1" doraHai="23" who="0" fromWho="0" sc="287,20,197,-5,129,-10,387,-5" /><INIT seed="7,0,0,3,0,26" ten="307,192,119,382" oya="3" hai0="69,2,4,78,95,6,5,7,90,24,29,55,16" hai1="92,36,59,66,64,65,105,77,126,75,110,46,106" hai2="0,113,25,86,133,128,102,33,89,60,123,8,104" hai3="103,135,130,49,37,107,100,17,73,125,131,101,43"/><W47/><G125/><T20/><D69/><U52/><E126/><V58/><F113/><W30/><G135/><T93/><D78/><U51/><E77/><V71/><F133/><W27/><G73/><T129/><D129/><N who="3" m="49161" /><G17/><T31/><D2/><U57/><E75/><V109/><F128/><W14/><G14/><T61/><D4/><U62/><E92/><N who="0" m="35401" /><D90/><U1/><E1/><V34/><F109/><W134/><G134/><T112/><D112/><U41/><E106/><V99/><F123/><W124/><G124/><T76/><D76/><U28/><E28/><V35/><F89/><W121/><G121/><T120/><D120/><U23/><E23/><V83/><F58/><AGARI ba="0,0" hai="5,6,7,16,20,24,29,31,55,58,61" m="35401" machi="58" ten="30,7700,0" yaku="8,1,52,2,54,1" doraHai="26" who="0" fromWho="2" sc="307,77,192,0,119,-77,382,0" owari="384,49.0,192,-21.0,42,-46.0,382,18.0" /></mjloggm>