<mjloggm ver="2.3"><GO type="185" lobby="0"/><UN n0="%E3%83%9D%E3%82%B8%E3%83%BC%EF%BC%92" n1="%E3%81%B6%E3%82%8B%E3%81%AF%E3%81%A4" n2="%58%65%6C%65%72%61%74%6F" n3="" dan="18,16,16,0" rate="2294.75,2181.06,2186.22,1500.00" sx="M,M,F,C"/><TAIKYOKU oya="0"/><INIT seed="0,0,0,3,3,80" ten="350,350,350,0" oya="0" hai0="103,131,130,105,38,135,36,111,85,82,124,34,57" hai1="51,46,88,119,91,40,125,97,100,61,67,108,75" hai2="62,33,104,76,110,55,112,113,117,60,114,72,126" hai3=""/><T71/><D71/><U53/><E119/><V106/><F117/><T44/><D34/><U133/><E75/><V96/><F33/><T73/><D73/><U93/><E108/><V89/><F110/><T3/><D111/><U98/><E133/><V63/><F126/><T69/><D69/><U66/><E125/><V92/><F55/><T52/><D3/><U83/><E83/><V48/><F48/><T79/><D124/><U127/><E127/><V41/><F41/><T74/><D74/><U90/><BYE who="0" /><E98/><UN n0="%E3%83%9D%E3%82%B8%E3%83%BC%EF%BC%92" /><V87/><F72/><T49/><D135/><U68/><REACH who="1" step="1"/><E66/><REACH who="1" ten="350,340,350,0" step="2"/><V77/><REACH who="2" step="1"/><F96/><REACH who="2" ten="350,340,340,0" step="2"/><T78/><D130/><U101/><E101/><V70/><F70/><T35/><D131/><U81/><E81/><V122/><N who="2" m="31264" /><V132/><F132/><T115/><D35/><U123/><N who="1" m="31520" /><U47/><E47/><V39/><F39/><T42/><D36/><U128/><E128/><V94/><F94/><T120/><D38/><U43/><AGARI ba="0,2" hai="40,43,46,51,53,61,67,68,88,90,91,93,97,100" m="31520" machi="43" ten="30,6000,1" yaku="1,1,0,1,52,1,54,1,53,1" doraHai="80" doraHaiUra="59" who="1" fromWho="1" sc="350,-40,340,80,340,-20,0,0" /><INIT seed="1,0,0,5,1,92" ten="310,420,320,0" oya="1" hai0="46,68,126,117,111,81,45,77,35,114,78,103,84" hai1="40,86,63,37,48,76,132,32,120,42,70,88,96" hai2="79,109,135,99,0,72,3,105,129,98,2,89,83" hai3=""/><U116/><N who="1" m="30752" /><U54/><E32/><V106/><F109/><T34/><D111/><U115/><E116/><V104/><F135/><T82/><D117/><U124/><E132/><V58/><F129/><T125/><D68/><U119/><E119/><V87/><REACH who="2" step="1"/><F58/><REACH who="2" ten="310,420,310,0" step="2"/><T121/><N who="0" m="31008" /><T108/><D108/><U61/><E70/><V73/><F73/><T75/><D114/><U36/><E115/><V91/><F91/><T85/><D75/><U101/><E124/><V95/><AGARI ba="0,1" hai="0,2,3,72,79,83,87,89,95,98,99,104,105,106" machi="95" ten="40,6000,1" yaku="1,1,0,1,52,2,53,0" doraHai="92" doraHaiUra="65" who="2" fromWho="2" sc="310,-20,420,-40,310,70,0,0" /><INIT seed="2,0,0,0,5,93" ten="290,380,380,0" oya="2" hai0="79,112,104,70,56,81,54,107,44,45,51,63,57" hai1="108,66,113,122,86,65,37,69,62,117,48,73,1" hai2="92,78,130,82,46,52,103,131,72,42,109,74,3" hai3=""/><V121/><N who="2" m="31008" /><V2/><F74/><T53/><D112/><U60/><N who="1" m="31264" /><U125/><E1/><V39/><F109/><T64/><D70/><U128/><E108/><V133/><F133/><T102/><D102/><U111/><E111/><V83/><F83/><T47/><REACH who="0" step="1"/><D64/><REACH who="0" ten="280,380,380,0" step="2"/><U98/><E113/><V88/><F103/><T89/><D89/><U75/><E65/><V40/><F2/><T132/><D132/><U94/><E66/><V126/><F3/><T34/><D34/><U106/><E69/><V80/><F126/><T90/><D90/><U58/><E125/><V105/><F105/><T135/><D135/><U36/><E106/><V91/><F91/><T110/><D110/><U33/><E33/><V123/><N who="2" m="31520" /><V100/><F100/><T0/><D0/><U101/><E101/><V59/><F80/><T71/><D71/><U114/><E114/><V76/><F76/><T96/><D96/><U55/><E98/><V119/><F119/><T85/><AGARI ba="0,1" hai="44,45,47,51,53,54,56,57,63,79,81,85,104,107" machi="85" ten="30,1500,0" yaku="1,1,0,1,53,0" doraHai="93" doraHaiUra="67" who="0" fromWho="0" sc="280,25,380,-5,380,-10,0,0" /><INIT seed="4,0,0,5,4,120" ten="305,375,370,0" oya="0" hai0="99,1,3,123,46,73,105,48,0,42,93,87,54" hai1="131,116,78,45,109,94,122,130,101,126,56,37,61" hai2="118,84,124,79,133,51,58,86,96,132,76,2,91" hai3=""/><T127/><N who="0" m="31520" /><T33/><D33/><U59/><N who="1" m="31264" /><U66/><E116/><V50/><F118/><T114/><D73/><U75/><E126/><V67/><F124/><T90/><D127/><U115/><E115/><V113/><F113/><T129/><D114/><U65/><E75/><V100/><F2/><T53/><D129/><N who="1" m="49163" /><E78/><V44/><F79/><T60/><D60/><U39/><E101/><V135/><F76/><T52/><D105/><U108/><E94/><V106/><F91/><T36/><REACH who="0" step="1"/><D99/><REACH who="0" ten="295,375,370,0" step="2"/><U34/><E34/><V72/><F72/><T77/><D77/><U83/><E83/><V47/><F86/><T35/><D35/><U103/><E103/><V121/><N who="2" m="31008" /><V110/><F84/><T55/><D55/><U88/><E88/><V134/><F134/><T111/><D111/><N who="1" m="42571" /><E45/><AGARI ba="0,1" hai="0,1,3,36,42,45,46,48,52,53,54,87,90,93" m="31520" machi="45" ten="40,12000,1" yaku="1,1,52,1,54,1,53,2" doraHai="120" doraHaiUra="40" who="0" fromWho="1" sc="295,130,375,-120,370,0,0,0" /><INIT seed="4,1,0,2,4,115" ten="425,255,370,0" oya="0" hai0="89,55,129,113,131,40,103,92,77,49,37,81,45" hai1="119,132,38,34,128,117,133,120,130,57,118,51,122" hai2="95,47,70,84,59,78,63,107,52,98,102,88,114" hai3=""/><T97/><D113/><U116/><N who="1" m="29696" /><DORA hai="121" /><U48/><N who="1" m="30752" /><U99/><N who="1" m="31264" /><U74/><E34/><V50/><F114/><T58/><REACH who="0" step="1"/><D89/><REACH who="0" ten="415,255,370,0" step="2"/><U64/><E74/><AGARI ba="1,1" hai="37,40,45,49,55,58,74,77,81,92,97,103,129,131" machi="74" ten="40,7700,0" yaku="1,1,2,1,53,1" doraHai="115,121" doraHaiUra="44,83" who="0" fromWho="1" sc="415,89,255,-79,370,0,0,0" /><INIT seed="4,2,0,1,1,2" ten="504,176,370,0" oya="0" hai0="80,63,38,123,114,79,93,119,58,95,97,133,50" hai1="134,122,76,131,84,92,106,77,103,69,94,44,107" hai2="60,32,125,56,1,99,51,75,55,78,117,96,33" hai3=""/><T61/><N who="0" m="31520" /><T101/><D119/><U85/><N who="1" m="31264" /><U135/><E69/><V104/><F117/><T120/><N who="0" m="30752" /><T71/><D38/><U88/><E44/><V48/><F1/><T126/><D114/><U49/><E49/><V43/><F125/><T59/><D126/><U62/><E62/><V65/><F78/><T89/><D133/><N who="1" m="50699" /><E131/><V118/><F75/><T42/><D71/><U47/><E47/><V113/><F118/><T112/><D112/><U128/><E128/><V46/><F113/><T127/><D127/><U0/><E0/><V3/><F3/><T36/><D36/><U81/><E76/><V53/><F53/><T82/><D79/><U86/><E86/><V54/><F43/><T40/><D40/><U129/><E129/><V45/><F104/><N who="1" m="39977" /><E103/><V41/><F41/><T67/><D42/><U39/><E39/><V91/><F91/><T57/><D50/><U121/><N who="1" m="31008" /><U102/><E102/><V70/><F70/><T87/><D57/><U111/><E111/><V72/><F72/><T98/><D87/><U90/><E90/><V115/><F115/><T34/><D34/><AGARI ba="2,0" hai="32,33,34,45,46,48,51,54,55,56,60,65,96,99" machi="34" ten="40,8000,1" yaku="9,1,52,3" doraHai="2" who="2" fromWho="0" sc="504,-84,176,0,370,84,0,0" /><INIT seed="5,0,0,5,5,135" ten="420,176,454,0" oya="1" hai0="58,105,74,101,79,75,115,76,2,98,134,81,120" hai1="32,94,112,35,87,113,84,64,83,37,124,36,1" hai2="121,67,59,116,38,119,49,108,118,109,51,106,80" hai3=""/><U62/><E1/><V66/><N who="2" m="31008" /><V55/><F106/><T40/><N who="0" m="30752" /><T70/><D2/><U107/><E107/><V63/><F80/><T43/><D70/><U86/><E94/><V0/><F38/><N who="1" m="14953" /><E83/><V125/><F125/><T34/><D34/><N who="1" m="12843" /><E62/><V89/><F89/><T88/><D76/><U3/><E64/><N who="2" m="24619" /><F0/><T65/><D88/><U52/><E3/><V50/><AGARI ba="0,0" hai="49,50,51,55,59,63,108,109,116,118,119" m="24619,31008" machi="50" ten="40,3900,0" yaku="34,2,52,1" doraHai="135" who="2" fromWho="2" sc="420,-13,176,-26,454,39,0,0" /><INIT seed="6,0,0,2,5,41" ten="407,150,493,0" oya="2" hai0="125,132,126,54,75,81,42,68,67,80,117,56,93" hai1="62,48,60,50,74,116,36,51,130,96,76,86,34" hai2="64,103,65,118,44,112,88,87,57,32,40,98,45" hai3=""/><V102/><F118/><T110/><D117/><U122/><N who="1" m="31264" /><U83/><E116/><V52/><F112/><T90/><D110/><U91/><E34/><V106/><F102/><T107/><D107/><U43/><E130/><V55/><F32/><T66/><D132/><U84/><E96/><V97/><F97/><T58/><D68/><U71/><E71/><V49/><F45/><T37/><D67/><U101/><E101/><V59/><F55/><T120/><N who="0" m="30752" /><T99/><D66/><U69/><E69/><V128/><F59/><T105/><D105/><U100/><E100/><V0/><F0/><T123/><N who="0" m="31520" /><T94/><D93/><U113/><E113/><V2/><F2/><T33/><D33/><U3/><E3/><V127/><F127/><N who="0" m="48650" /><D75/><U82/><REACH who="1" step="1"/><E74/><REACH who="1" ten="407,140,493,0" step="2"/><V79/><F128/><T108/><D108/><U35/><E35/><V131/><F131/><T61/><D58/><U38/><E38/><V89/><F57/><T129/><D129/><U78/><E78/><V39/><F79/><T114/><D114/><U1/><E1/><V121/><F106/><T119/><D119/><U134/><E134/><V72/><F72/><T77/><D77/><U92/><E92/><V85/><N who="2" m="31008" /><V104/><F104/><RYUUKYOKU ba="0,1" sc="407,10,140,10,493,-20,0,0" hai0="37,42,54,56,61,80,81,90,94,99" hai1="36,43,48,50,51,60,62,76,82,83,84,86,91" owari="417,2.0,150,-45.0,483,43.0,0,0.0" /></mjloggm>