<mjloggm ver="2.3"><GO type="169" lobby="0"/><UN n0="%74%6F%6D%75%74%6F%6D%69" n1="%E3%82%A2%E3%83%8B%E3%82%AA%E3%83%B3%EF%BC%92" n2="%E3%81%8B%E3%81%8D%E9%86%A4%E6%B2%B9" n3="%E3%81%BF%E3%82%86%E3%82%8D%E3%82%93" dan="16,16,16,17" rate="2089.81,2119.65,2090.39,2169.73" sx="M,F,M,M"/><TAIKYOKU oya="0"/><INIT seed="0,0,0,2,3,30" ten="250,250,250,250" oya="0" hai0="43,19,9,78,86,117,36,2,72,74,128,4,28" hai1="100,51,18,105,31,126,29,62,127,110,58,116,38" hai2="34,20,109,57,106,21,25,118,64,121,115,87,114" hai3="13,70,79,47,88,134,94,8,63,133,82,10,123"/><T80/><D117/><U0/><E0/><V92/><F106/><W65/><G123/><T15/><D128/><U71/><E38/><V132/><F64/><W85/><G47/><T107/><D107/><U35/><E116/><V130/><F57/><W119/><G119/><T97/><D97/><U23/><E110/><V131/><F87/><W41/><G41/><T77/><D78/><U40/><E71/><V12/><F92/><W48/><G48/><T24/><D43/><U42/><E51/><V60/><F60/><W68/><G68/><T27/><D24/><U76/><E76/><V45/><F45/><W98/><REACH who="3" step="1"/><G13/><REACH who="3" ten="250,250,250,240" step="2"/><T129/><D36/><U95/><E42/><V26/><F118/><W69/><G69/><T49/><D49/><U50/><E50/><V135/><F12/><W108/><G108/><T101/><D129/><U59/><E40/><V83/><F109/><W90/><G90/><T66/><D101/><U103/><E103/><V75/><F121/><W96/><G96/><T125/><D125/><U3/><E100/><V14/><F14/><W46/><G46/><T113/><D113/><U112/><E112/><V52/><F114/><W81/><G81/><T16/><D66/><U111/><E111/><V37/><F115/><W32/><G32/><T89/><D15/><U54/><E35/><V73/><F34/><W39/><G39/><T120/><D120/><U61/><E127/><V67/><F37/><W17/><G17/><N who="0" m="6731" /><D89/><U104/><E18/><V44/><F67/><W1/><G1/><T7/><D4/><U84/><E126/><V33/><F131/><RYUUKYOKU ba="0,1" sc="250,15,250,-15,250,-15,240,15" hai0="2,7,9,27,28,72,74,77,80,86" hai3="8,10,63,65,70,79,82,85,88,94,98,133,134" /><INIT seed="0,1,1,0,3,37" ten="265,235,235,255" oya="0" hai0="115,102,17,25,34,35,100,63,84,52,47,107,41" hai1="104,16,23,5,123,94,81,4,101,56,11,28,92" hai2="97,83,54,106,78,19,59,76,69,67,55,122,120" hai3="66,108,12,134,7,118,15,49,48,9,77,0,24"/><T74/><D115/><U43/><E123/><V3/><F3/><W95/><G118/><T113/><D74/><U87/><E104/><V85/><F78/><W38/><G108/><T91/><D113/><U88/><E56/><V109/><F55/><W116/><G116/><T132/><D132/><U99/><E94/><V22/><F109/><W36/><G134/><T31/><D35/><U119/><E119/><V21/><F21/><W30/><G66/><T72/><D72/><U57/><E57/><V51/><F67/><W62/><G62/><T39/><D107/><U128/><E128/><V70/><F122/><W50/><G77/><T86/><D17/><U112/><E112/><V98/><F120/><W8/><G95/><T33/><D33/><U14/><E43/><V75/><F75/><W133/><G133/><T130/><D130/><U71/><E71/><V40/><F106/><W135/><G135/><T44/><D86/><U80/><E80/><V131/><F131/><W79/><G79/><T45/><D47/><U29/><E4/><V90/><F70/><W18/><REACH who="3" step="1"/><G0/><AGARI ba="1,1" hai="0,5,11,14,16,23,28,29,81,87,88,92,99,101" machi="0" ten="30,3900,0" yaku="7,1,54,2" doraHai="37" who="1" fromWho="3" sc="265,0,235,52,235,0,255,-42" /><INIT seed="1,0,0,1,5,43" ten="265,287,235,213" oya="1" hai0="110,96,102,6,65,55,90,117,3,4,84,21,45" hai1="130,113,56,73,59,31,125,20,37,34,27,61,68" hai2="114,41,23,116,94,95,36,28,62,71,128,119,122" hai3="74,39,91,99,35,131,121,26,124,17,133,58,16"/><U134/><E73/><V70/><F28/><W108/><G121/><T24/><D110/><U85/><E113/><V105/><F105/><W52/><G108/><T100/><D117/><U101/><E125/><V49/><F23/><W48/><G124/><T103/><D3/><U69/><E130/><V12/><F12/><W25/><G131/><T47/><D55/><U32/><E134/><V89/><F95/><N who="3" m="56831" /><G39/><T50/><D50/><U109/><E109/><V5/><F5/><N who="0" m="2154" /><D96/><U97/><E85/><V76/><F128/><W107/><G107/><T83/><D65/><N who="1" m="39079" /><E37/><V72/><F36/><W86/><G74/><T67/><D67/><U112/><E112/><V42/><F114/><W30/><G133/><T11/><D11/><U118/><E118/><V88/><F119/><W80/><G35/><N who="1" m="13354" /><E59/><V66/><F116/><W77/><G30/><AGARI ba="0,0" hai="21,24,30,45,47,83,84,90,100,102,103" m="2154" machi="30" ten="30,3900,0" yaku="8,1,52,2" doraHai="43" who="0" fromWho="3" sc="265,39,287,0,235,0,213,-39" /><INIT seed="2,0,0,1,3,51" ten="304,287,235,174" oya="2" hai0="129,77,29,105,97,19,118,104,111,40,30,101,125" hai1="15,28,32,33,76,87,10,131,1,44,65,68,83" hai2="130,128,110,3,99,16,45,48,134,13,71,108,82" hai3="113,43,86,21,102,49,38,123,73,18,95,8,90"/><V4/><F71/><W94/><G123/><T124/><D111/><N who="2" m="42538" /><F99/><W14/><G73/><T116/><D40/><U56/><E131/><N who="2" m="50219" /><F82/><W20/><G38/><T54/><D77/><U60/><E68/><V57/><F57/><W23/><G113/><T92/><D19/><U25/><E44/><V39/><F39/><W69/><G69/><T112/><D112/><U17/><E1/><V7/><F134/><W78/><G78/><T66/><D66/><U52/><REACH who="1" step="1"/><E65/><REACH who="1" ten="304,277,235,174" step="2"/><V84/><F3/><W27/><G43/><T106/><D129/><U107/><E107/><V96/><F96/><N who="3" m="59679" /><G49/><T80/><D106/><U109/><E109/><V37/><F37/><W72/><G72/><T74/><D105/><U75/><E75/><V70/><F70/><W50/><G50/><T98/><D104/><U53/><E53/><N who="2" m="29839" /><F84/><W47/><G47/><T63/><D74/><U67/><E67/><V59/><F59/><W24/><AGARI ba="0,1" hai="8,14,18,20,21,23,24,27,86,90,94" m="59679" machi="24" ten="30,1100,0" yaku="8,1" doraHai="51" who="3" fromWho="3" sc="304,-3,277,-3,235,-5,174,21" /><INIT seed="3,0,0,4,1,30" ten="301,274,230,195" oya="3" hai0="83,89,56,125,87,118,44,12,102,97,82,35,104" hai1="27,126,40,105,36,66,65,131,81,70,99,76,9" hai2="31,93,112,15,5,69,124,54,10,55,0,77,37" hai3="62,100,109,91,103,134,132,59,13,74,110,128,1"/><W19/><G1/><T11/><D118/><U111/><E111/><N who="3" m="42506" /><G74/><T84/><D125/><U71/><E126/><V98/><F124/><W47/><G91/><T80/><D56/><U41/><E131/><V14/><F112/><W86/><G86/><T17/><D35/><U8/><E27/><V39/><F69/><W20/><G47/><T50/><REACH who="0" step="1"/><D84/><REACH who="0" ten="291,274,230,195" step="2"/><U95/><E71/><V79/><F98/><W23/><G128/><T116/><D116/><U135/><E70/><V6/><F0/><W63/><G59/><T94/><D94/><U64/><E95/><V16/><F93/><W122/><G122/><T21/><D21/><U48/><E99/><V127/><F127/><W46/><G23/><T18/><D18/><U101/><E105/><V34/><F16/><W117/><G117/><T3/><D3/><U49/><E8/><V108/><F108/><W90/><G20/><T42/><AGARI ba="0,1" hai="11,12,17,42,44,50,80,82,83,87,89,97,102,104" machi="42" ten="20,2700,0" yaku="1,1,0,1,7,1,53,0" doraHai="30" doraHaiUra="68" who="0" fromWho="0" sc="291,37,274,-7,230,-7,195,-13" /><INIT seed="4,0,0,4,0,121" ten="328,267,223,182" oya="0" hai0="20,72,53,4,12,35,50,64,51,41,105,99,89" hai1="9,48,95,3,135,36,132,67,38,27,60,131,0" hai2="18,100,74,134,109,112,70,59,114,17,102,45,22" hai3="33,78,43,115,97,34,29,87,79,96,111,118,62"/><T56/><D35/><U5/><E48/><V88/><F70/><W10/><G118/><T110/><D72/><U124/><E27/><V107/><F74/><W19/><G115/><T58/><D105/><U104/><E95/><V125/><F107/><W6/><G19/><T130/><D130/><U73/><E104/><V26/><F59/><W123/><G123/><T44/><D110/><U117/><E117/><V71/><F71/><W129/><G129/><T75/><D75/><U52/><E73/><V23/><F45/><W7/><G62/><T40/><D20/><U81/><E81/><V91/><F125/><W80/><G29/><T46/><D12/><U116/><E116/><V133/><F26/><W126/><G87/><T98/><D4/><U90/><E90/><V119/><F119/><W13/><G13/><T15/><D15/><U83/><E83/><V16/><F18/><W30/><G30/><T54/><D89/><U101/><E101/><V37/><F37/><W94/><G80/><T47/><D64/><U28/><E67/><V55/><F55/><W57/><G43/><AGARI ba="0,0" hai="40,41,43,44,46,47,50,51,53,54,56,58,98,99" machi="43" ten="40,3900,0" yaku="9,1,8,1" doraHai="121" who="0" fromWho="3" sc="328,39,267,0,223,0,182,-39" /><INIT seed="4,1,0,4,1,14" ten="367,267,223,143" oya="0" hai0="88,40,10,25,51,113,89,21,1,116,68,111,38" hai1="106,97,124,98,87,2,72,53,26,48,131,28,13" hai2="93,55,120,129,107,128,96,103,5,91,74,7,29" hai3="54,90,4,122,44,70,6,62,135,9,65,78,52"/><T85/><D116/><U127/><E2/><V18/><F29/><W104/><G135/><T134/><D68/><U67/><E72/><V20/><F74/><W130/><G130/><N who="2" m="50281" /><F55/><W16/><G122/><T81/><D38/><U41/><E41/><V56/><F56/><N who="3" m="37063" /><G104/><T66/><D134/><U94/><E67/><V30/><F30/><W105/><G105/><T69/><D113/><U60/><E60/><V32/><F32/><W76/><G70/><T83/><D111/><U121/><E121/><V42/><F42/><W17/><G90/><T64/><D69/><U125/><E131/><V109/><F109/><W80/><G80/><T22/><D10/><U84/><E13/><N who="2" m="9295" /><F120/><W8/><G6/><T75/><D1/><U11/><E53/><N who="3" m="20586" /><G44/><N who="0" m="25991" /><D75/><U102/><E127/><V50/><F50/><W101/><G101/><T36/><D36/><U31/><E48/><V19/><F19/><N who="3" m="7243" /><G4/><T126/><D126/><U61/><E102/><V86/><AGARI ba="1,0" hai="5,7,86,91,93,96,103,107" m="9295,50281" machi="86" ten="30,2000,0" yaku="19,1,52,1" doraHai="14" who="2" fromWho="2" sc="367,-11,267,-6,223,23,143,-6" /><INIT seed="5,0,0,5,0,29" ten="356,261,246,137" oya="1" hai0="6,84,114,86,104,39,15,133,52,90,69,40,58" hai1="33,18,124,23,65,17,9,131,20,36,44,87,32" hai2="105,125,55,73,37,122,53,93,66,35,111,135,89" hai3="64,121,109,72,116,1,88,78,119,10,113,99,98"/><U77/><E65/><V26/><F66/><W11/><G109/><T25/><D104/><U28/><E28/><V34/><F26/><W129/><G121/><T60/><D114/><U132/><E9/><V63/><F63/><W3/><G113/><T21/><D133/><U110/><E132/><V100/><F100/><W0/><G129/><T97/><D69/><U59/><E59/><V71/><F93/><N who="3" m="56615" /><G64/><T127/><D127/><U120/><E120/><V82/><F89/><W51/><G99/><T102/><D39/><U91/><E77/><V4/><F82/><N who="3" m="45383" /><G51/><T22/><D40/><U126/><E131/><V68/><F68/><W54/><G54/><T2/><D2/><N who="3" m="513" /><W41/><DORA hai="50" /><G41/><T48/><D48/><U115/><E110/><V108/><F71/><W43/><G43/><T7/><D102/><U80/><E115/><V128/><F128/><W70/><G70/><T117/><D97/><U103/><E103/><V16/><F135/><W75/><G75/><T24/><D15/><N who="1" m="9279" /><E36/><V49/><F37/><W8/><G8/><T42/><D58/><U134/><E134/><V46/><F73/><W107/><G107/><T123/><D123/><U14/><E44/><V57/><F122/><W83/><G83/><T56/><D56/><U74/><E74/><V94/><F105/><W67/><G67/><T130/><D130/><U106/><E106/><V31/><F111/><W101/><G101/><T96/><D90/><U12/><E14/><V30/><F108/><W61/><G61/><T47/><D60/><U92/><E80/><V81/><F81/><W19/><G11/><RYUUKYOKU ba="0,0" sc="356,-15,261,15,246,-15,137,15" hai1="12,18,23,32,33,87,91,92,124,126" hai3="10,19,116,119" /><INIT seed="5,1,0,1,0,111" ten="341,276,231,152" oya="1" hai0="38,75,113,66,3,93,85,67,44,76,134,80,102" hai1="129,15,65,104,112,98,128,109,40,36,110,57,56" hai2="37,63,49,59,73,41,125,52,103,10,133,30,43" hai3="13,21,25,19,2,107,33,42,23,14,118,120,58"/><U12/><E112/><V20/><F73/><W78/><G107/><T31/><D31/><U105/><E40/><V99/><F37/><W9/><G42/><T100/><D134/><U45/><E45/><V62/><F10/><N who="3" m="6583" /><G58/><N who="1" m="22634" /><E65/><V46/><F133/><W8/><G78/><T53/><D3/><U26/><E26/><V55/><F30/><N who="3" m="19663" /><G118/><T64/><D38/><U115/><E115/><V127/><F20/><N who="3" m="7755" /><G120/><T74/><D74/><U83/><E83/><V101/><F99/><W54/><G54/><T16/><D75/><U121/><E121/><V71/><F101/><W108/><G108/><N who="1" m="41578" /><E36/><V81/><F81/><W48/><G48/><N who="0" m="28807" /><D113/><U17/><E98/><V94/><F94/><W72/><G72/><T124/><D93/><U122/><E122/><V88/><F103/><W96/><G96/><T47/><D47/><U24/><E104/><V106/><F106/><W79/><G79/><T77/><D76/><U61/><E105/><V5/><F41/><W82/><G82/><T117/><D117/><U34/><E61/><V70/><F43/><W27/><G2/><T11/><D102/><U114/><E114/><V22/><F63/><W92/><G92/><T87/><D100/><U39/><E39/><V0/><F0/><W28/><G14/><N who="0" m="7263" /><D85/><U119/><E12/><V18/><F46/><W32/><AGARI ba="1,0" hai="8,9,27,28,32" m="7755,19663,6583" machi="32" ten="30,8000,1" yaku="35,5" doraHai="111" who="3" fromWho="3" sc="341,-21,276,-41,231,-21,152,83" /><INIT seed="6,0,0,5,0,98" ten="320,235,210,235" oya="2" hai0="37,44,132,9,10,77,23,52,35,83,30,89,20" hai1="131,123,32,96,4,46,82,91,6,64,104,36,103" hai2="5,122,63,15,113,40,75,11,12,78,111,116,81" hai3="107,66,86,25,101,59,125,124,18,50,120,1,55"/><V106/><F122/><W58/><G120/><T60/><D132/><U87/><E123/><V73/><F116/><W19/><G1/><T105/><D105/><U27/><E131/><V110/><F106/><W28/><G86/><T95/><D35/><U130/><E130/><V43/><F75/><W118/><G118/><T51/><D60/><U42/><E64/><V127/><F113/><W115/><G115/><T128/><D37/><U68/><E68/><V49/><F127/><N who="3" m="48715" /><G66/><T72/><D128/><U109/><E109/><N who="2" m="41483" /><F63/><W61/><G107/><T45/><D45/><U84/><REACH who="1" step="1"/><E87/><REACH who="1" ten="320,225,210,235" step="2"/><V67/><F67/><N who="3" m="39351" /><G101/><T92/><D72/><U74/><E74/><V31/><F73/><W114/><G114/><T117/><D117/><U62/><E62/><V47/><F49/><W121/><G121/><T119/><D119/><U39/><E39/><V94/><F43/><W88/><G88/><T16/><D89/><U29/><AGARI ba="0,1" hai="4,6,27,29,32,36,42,46,82,84,91,96,103,104" machi="29" ten="30,7900,0" yaku="1,1,0,1,52,1,53,1" doraHai="98" doraHaiUra="80" who="1" fromWho="1" sc="320,-20,225,89,210,-39,235,-20" /><INIT seed="7,0,0,4,4,45" ten="300,314,171,215" oya="3" hai0="14,27,38,116,62,41,10,74,105,87,101,65,127" hai1="59,18,1,55,113,57,81,99,52,131,129,69,16" hai2="133,126,86,91,68,28,61,67,77,112,6,43,84" hai3="115,2,80,25,33,7,120,66,17,83,85,56,108"/><W82/><G120/><T15/><D116/><U19/><E69/><V70/><F112/><W31/><G115/><T110/><D110/><U118/><E113/><V92/><F126/><W8/><G108/><T0/><D127/><U78/><E1/><V42/><F68/><W5/><G5/><T58/><D74/><U97/><E118/><V122/><F133/><W44/><G44/><T76/><D0/><U107/><E107/><V95/><F122/><W75/><G75/><T30/><D38/><U109/><E109/><V88/><F77/><W34/><G34/><T121/><D121/><U90/><E90/><V11/><REACH who="2" step="1"/><F28/><REACH who="2" ten="300,314,161,215" step="2"/><W21/><G66/><T130/><D76/><U96/><E78/><V106/><F106/><W53/><G31/><T71/><D71/><U111/><E111/><V51/><F51/><W89/><REACH who="3" step="1"/><G33/><REACH who="3" ten="300,314,161,205" step="2"/><T117/><D30/><U73/><E73/><V100/><F100/><W79/><G79/><T37/><D101/><U29/><E29/><V26/><F26/><W102/><G102/><T103/><D103/><U98/><E131/><V20/><F20/><W3/><G3/><AGARI ba="0,2" hai="3,6,11,42,43,61,67,70,84,86,88,91,92,95" machi="3" ten="30,7700,0" yaku="1,1,7,1,9,1,54,1,53,0" doraHai="45" doraHaiUra="114" who="2" fromWho="3" sc="300,0,314,0,161,97,205,-77" owari="300,10.0,314,41.0,258,-14.0,128,-37.0" /></mjloggm>