<mjloggm ver="2.3"><GO type="185" lobby="0"/><UN n0="%63%61%6C%63%2E" n1="%44%75%73%6B" n2="%4A%45%54%4D%41%4E%4E" n3="" dan="19,16,16,0" rate="2389.72,2164.02,2159.16,1500.00" sx="M,M,M,C"/><TAIKYOKU oya="0"/><INIT seed="0,0,0,0,3,98" ten="350,350,350,0" oya="0" hai0="75,43,93,84,119,36,60,52,90,76,107,118,97" hai1="65,49,134,91,115,58,34,132,71,69,113,129,96" hai2="3,120,77,44,68,125,39,94,54,105,70,59,42" hai3=""/><T80/><D43/><U53/><E34/><V64/><N who="2" m="30752" /><V104/><F3/><T1/><D36/><U55/><E96/><V106/><F125/><T50/><D60/><U123/><N who="1" m="31520" /><U88/><E129/><V61/><F77/><T114/><D114/><N who="1" m="43531" /><E55/><V78/><F78/><T112/><D1/><U100/><E100/><V38/><F38/><T41/><D41/><U103/><E103/><V79/><F79/><T126/><D126/><U83/><E65/><V87/><F64/><T48/><D112/><U85/><E91/><V32/><F32/><T62/><D97/><U73/><E73/><V108/><F108/><T92/><D107/><U47/><E58/><V109/><F109/><T57/><REACH who="0" step="1"/><D93/><REACH who="0" ten="340,350,350,0" step="2"/><U130/><E130/><V67/><F94/><T0/><D0/><U45/><E45/><V102/><F104/><T46/><D46/><U127/><E127/><V2/><F105/><T111/><D111/><U66/><E66/><V56/><F106/><T135/><D135/><AGARI ba="0,1" hai="47,49,53,69,71,83,85,88,132,134,135" m="43531,31520" machi="135" ten="30,7700,0" yaku="20,1,11,1,52,1,54,1" doraHai="98" who="1" fromWho="0" sc="340,-77,350,87,350,0,0,0" /><INIT seed="1,0,0,1,0,83" ten="263,437,350,0" oya="1" hai0="130,99,63,97,128,104,106,56,122,135,82,87,114" hai1="70,45,110,52,65,107,72,43,92,108,77,32,53" hai2="35,102,91,54,74,113,2,133,39,88,118,86,51" hai3=""/><U93/><E107/><V36/><F2/><T61/><N who="0" m="31264" /><T129/><D114/><U126/><E32/><V58/><F113/><T132/><D104/><U121/><N who="1" m="31008" /><U48/><E126/><V44/><F35/><T116/><D116/><U123/><N who="1" m="31520" /><U84/><E72/><V67/><F74/><T103/><D99/><U98/><E70/><V94/><F118/><T64/><REACH who="0" step="1"/><D63/><REACH who="0" ten="253,437,350,0" step="2"/><U62/><E98/><V40/><F133/><T125/><D125/><U109/><E62/><V134/><F134/><T101/><D101/><U95/><E65/><V105/><F105/><T111/><D111/><U59/><E59/><V115/><F102/><T131/><N who="0" m="32768" /><DORA hai="96" /><T66/><D66/><U78/><E77/><AGARI ba="0,1" hai="56,61,64,77,82,87,97,103,106,132,135" m="32768,31264" machi="77" ten="70,8000,1" yaku="1,1,19,1,52,3,53,0" doraHai="83,96" doraHaiUra="1,37" who="0" fromWho="1" sc="253,90,437,-80,350,0,0,0" /><INIT seed="2,0,0,0,0,70" ten="343,357,350,0" oya="2" hai0="40,66,42,84,105,79,46,101,134,48,114,44,83" hai1="92,78,1,81,69,49,60,128,75,2,47,57,127" hai2="89,87,68,86,65,104,91,50,62,98,133,33,102" hai3=""/><V132/><F33/><T124/><D134/><U67/><E128/><V110/><F110/><T100/><D124/><U95/><E127/><V106/><F106/><T59/><D114/><U131/><E131/><V103/><F103/><T121/><N who="0" m="31008" /><T97/><D101/><U94/><REACH who="1" step="1"/><E69/><REACH who="1" ten="343,347,350,0" step="2"/><V120/><N who="2" m="30752" /><V0/><F0/><T129/><D129/><U45/><E45/><V93/><REACH who="2" step="1"/><F50/><REACH who="2" ten="343,347,340,0" step="2"/><T61/><REACH who="0" step="1"/><D46/><REACH who="0" ten="333,347,340,0" step="2"/><U64/><E64/><V111/><F111/><T107/><D107/><U53/><AGARI ba="0,3" hai="1,2,47,49,53,57,60,67,75,78,81,92,94,95" machi="53" ten="30,1500,0" yaku="1,1,0,1,53,0" doraHai="70" doraHaiUra="130" who="1" fromWho="1" sc="333,-5,347,45,340,-10,0,0" /><INIT seed="4,0,0,2,4,105" ten="328,392,330,0" oya="0" hai0="89,119,120,53,57,73,45,70,37,50,85,65,124" hai1="63,33,134,81,36,78,82,46,52,91,61,42,93" hai2="122,41,110,133,87,0,77,86,96,101,98,115,76" hai3=""/><T72/><N who="0" m="30752" /><T114/><D119/><U43/><E134/><V64/><N who="2" m="31264" /><V129/><F133/><T35/><D35/><U126/><E126/><V104/><F0/><T60/><D114/><U106/><E106/><V1/><F1/><T95/><D124/><U97/><E33/><V113/><F64/><T34/><D34/><U111/><E111/><V56/><F56/><T51/><D37/><U48/><E82/><V130/><F41/><AGARI ba="0,0" hai="41,45,50,51,53,57,60,65,70,72,73,85,89,95" m="30752" machi="41" ten="30,11600,0" yaku="7,1,52,3" doraHai="105" who="0" fromWho="2" sc="328,116,392,0,330,-116,0,0" /><INIT seed="4,1,0,5,2,44" ten="444,392,214,0" oya="0" hai0="33,45,64,98,103,72,37,102,110,2,52,69,95" hai1="92,106,36,74,100,96,59,105,82,66,121,91,61" hai2="3,40,122,57,114,99,123,131,126,41,89,0,85" hai3=""/><T101/><D33/><U86/><N who="1" m="31008" /><U49/><E36/><V125/><N who="2" m="31264" /><V70/><N who="2" m="31520" /><V43/><F70/><T77/><D2/><U35/><E35/><V48/><F99/><T83/><D37/><U71/><E71/><V65/><F131/><T78/><D78/><U113/><E113/><V107/><F107/><T47/><D47/><U55/><REACH who="1" step="1"/><E74/><REACH who="1" ten="444,382,214,0" step="2"/><V134/><F114/><T129/><D129/><U127/><E127/><N who="2" m="48651" /><F134/><T34/><D34/><U130/><E130/><V124/><N who="2" m="48659" /><V46/><DORA hai="42" /><F0/><T51/><D110/><U53/><E53/><V97/><F3/><T108/><D108/><U84/><E84/><V94/><F85/><T104/><D69/><U117/><E117/><V93/><F93/><T73/><D72/><U80/><E80/><V119/><F119/><T67/><REACH who="0" step="1"/><D104/><REACH who="0" ten="434,382,214,0" step="2"/><U56/><AGARI ba="1,2" hai="49,55,56,59,61,66,82,86,91,92,96,100,105,106" m="31008" machi="56" ten="20,9000,2" yaku="1,1,0,1,7,1,52,2,53,1" doraHai="44,42" doraHaiUra="87,133" who="1" fromWho="1" sc="434,-61,382,112,214,-31,0,0" /><INIT seed="5,0,0,2,3,32" ten="373,494,183,0" oya="1" hai0="73,126,119,133,85,55,115,121,81,2,3,132,69" hai1="92,82,78,128,84,33,70,39,49,68,116,71,63" hai2="36,96,43,90,67,118,51,1,86,117,48,109,47" hai3=""/><U0/><E116/><V83/><F109/><T93/><N who="0" m="31008" /><T106/><D106/><U58/><E39/><V122/><N who="2" m="31264" /><V59/><F96/><T52/><D69/><U64/><E0/><N who="0" m="41" /><D115/><U127/><E33/><V80/><F80/><T103/><D126/><U79/><E128/><V114/><F114/><T134/><D73/><U44/><E127/><V107/><F107/><T60/><D119/><U45/><E92/><V91/><F1/><T110/><D60/><U53/><E44/><V123/><N who="2" m="31520" /><V75/><F75/><T113/><D110/><U135/><E135/><V72/><F72/><T37/><D37/><U105/><E105/><V50/><REACH who="2" step="1"/><F91/><REACH who="2" ten="373,494,173,0" step="2"/><T41/><D113/><U61/><E82/><V94/><F94/><T99/><D41/><U57/><E84/><V54/><F54/><T77/><AGARI ba="0,1" hai="52,55,77,81,85,93,99,103,132,133,134" m="41,31008" machi="77" ten="40,9000,2" yaku="20,1,52,4,54,1" doraHai="32" who="0" fromWho="0" sc="373,100,494,-60,173,-30,0,0" /><INIT seed="6,0,0,2,3,115" ten="473,434,143,0" oya="2" hai0="104,127,38,132,90,46,3,40,128,82,80,62,109" hai1="107,78,58,130,133,1,67,89,34,56,96,77,42" hai2="79,135,100,61,114,94,106,66,113,99,64,120,86" hai3=""/><V69/><N who="2" m="30752" /><V125/><F66/><T44/><D109/><U68/><E34/><V134/><F125/><T124/><D3/><U2/><E130/><V83/><REACH who="2" step="1"/><F94/><REACH who="2" ten="473,434,133,0" step="2"/><T63/><D127/><U49/><E1/><V111/><F111/><T33/><D124/><U71/><E2/><V48/><F48/><T85/><D128/><U76/><E67/><V101/><F101/><T74/><D33/><U117/><E49/><V72/><F72/><T57/><D74/><U0/><E0/><V131/><F131/><T32/><D32/><U52/><E68/><V105/><F105/><T41/><D104/><U121/><E71/><V91/><F91/><T87/><D132/><AGARI ba="0,1" hai="61,64,69,79,83,86,99,100,106,113,114,132,134,135" m="30752" machi="132" ten="40,7700,0" yaku="1,1,20,1,52,1,53,0" doraHai="115" doraHaiUra="54" who="2" fromWho="0" sc="473,-77,434,0,133,87,0,0" /><INIT seed="6,1,0,2,0,86" ten="396,434,220,0" oya="2" hai0="129,97,82,71,33,62,111,46,84,58,43,101,78" hai1="0,3,67,1,38,50,115,130,103,90,100,36,69" hai2="83,118,42,117,122,75,104,113,72,96,70,74,105" hai3=""/><V92/><N who="2" m="31264" /><V52/><F70/><T80/><D111/><U133/><E115/><V68/><F68/><T131/><D33/><U121/><N who="1" m="31008" /><U76/><E130/><V54/><F113/><T94/><D82/><U65/><E133/><V34/><F34/><T126/><D126/><U102/><E76/><V2/><F2/><T47/><D71/><U81/><E50/><V108/><F108/><T56/><D56/><U32/><E32/><V53/><F42/><T79/><D79/><U128/><E128/><N who="0" m="49225" /><D43/><U55/><E55/><AGARI ba="1,0" hai="46,47,55,58,62,78,80,84,94,97,101" m="49225" machi="55" ten="30,1000,0" yaku="19,1" doraHai="86" who="0" fromWho="1" sc="396,12,434,-12,220,0,0,0" owari="408,1.0,422,37.0,220,-38.0,0,0.0" /></mjloggm>