<mjloggm ver="2.3"><GO type="169" lobby="0"/><UN n0="%6B%69%6D%38" n1="%E3%82%AA%E3%82%AC%E3%83%8E%E3%83%AB%E3%83%BC%E3%83%88" n2="%E7%A0%B4%E5%A3%8A%E9%AD%94%E3%81%A1%E3%82%8B%E3%81%BF" n3="%7A%6B%75%72%74" dan="18,16,17,17" rate="2249.01,2014.37,2182.15,2225.27" sx="M,M,F,M"/><TAIKYOKU oya="0"/><INIT seed="0,0,0,0,2,80" ten="250,250,250,250" oya="0" hai0="77,36,129,5,12,43,39,105,127,2,15,78,35" hai1="19,28,111,121,69,64,115,81,87,41,26,103,14" hai2="117,27,51,130,134,48,57,29,67,54,34,109,33" hai3="31,1,124,112,0,32,63,44,4,60,8,94,90"/><T24/><D105/><U13/><E121/><V71/><F109/><W59/><G112/><T45/><D127/><U52/><E111/><V86/><F134/><W68/><G124/><T16/><D39/><U42/><E115/><V89/><F130/><W128/><G128/><T40/><D40/><U96/><E69/><V21/><F117/><W73/><G73/><T47/><D47/><U119/><E64/><V56/><F71/><W6/><G68/><T72/><D129/><U118/><E13/><V88/><F89/><W113/><G113/><T102/><D102/><U62/><E26/><V11/><F11/><W20/><G32/><T70/><D70/><U123/><E28/><V30/><F30/><W65/><G44/><T92/><D92/><N who="1" m="58759" /><E123/><V9/><F9/><W106/><G106/><T135/><D2/><U107/><E107/><V82/><REACH who="2" step="1"/><F48/><REACH who="2" ten="250,250,240,250" step="2"/><W79/><G8/><T108/><D135/><U50/><E119/><V104/><F104/><W22/><G31/><T95/><D108/><U100/><E118/><V93/><F93/><W38/><G94/><T133/><D95/><U53/><E100/><V125/><F125/><W7/><G90/><T120/><D133/><U85/><E50/><V3/><F3/><W83/><G0/><T17/><D120/><U61/><E61/><AGARI ba="0,1" hai="21,27,29,33,34,51,54,56,57,61,67,82,86,88" machi="61" ten="40,8000,1" yaku="1,1,52,1,54,1,53,2" doraHai="80" doraHaiUra="55" who="2" fromWho="1" sc="250,0,250,-80,240,90,250,0" /><INIT seed="1,0,0,2,2,60" ten="250,170,330,250" oya="1" hai0="96,114,88,118,65,82,6,81,87,53,133,7,52" hai1="105,44,37,129,79,84,121,124,98,12,18,56,54" hai2="64,42,1,21,97,115,55,51,110,25,40,16,123" hai3="8,47,59,113,126,74,17,26,68,106,48,29,111"/><U128/><E121/><V117/><F123/><W100/><G113/><T50/><D114/><U4/><E4/><N who="0" m="1577" /><D118/><U33/><E33/><V2/><F117/><W75/><G68/><T3/><D3/><U67/><E124/><V85/><F115/><W73/><G126/><T80/><D133/><U32/><E32/><V130/><F1/><W132/><G132/><T71/><D71/><U22/><E105/><V39/><F2/><W109/><G59/><N who="0" m="33175" /><D53/><U9/><E98/><V127/><F127/><W69/><G69/><T0/><D0/><U134/><E134/><V120/><F120/><W107/><G100/><T76/><D65/><U66/><E37/><V77/><F39/><W99/><G99/><T94/><AGARI ba="0,0" hai="76,80,81,82,87,88,94,96" m="33175,1577" machi="94" ten="30,4000,0" yaku="8,1,54,2" doraHai="60" who="0" fromWho="0" sc="250,40,170,-20,330,-10,250,-10" /><INIT seed="2,0,0,4,3,92" ten="290,150,320,240" oya="2" hai0="74,11,105,45,65,110,8,1,98,5,19,55,69" hai1="122,62,88,61,125,29,109,120,91,97,2,111,18" hai2="112,48,9,51,52,44,53,128,38,106,54,23,89" hai3="113,3,121,60,75,47,39,90,96,35,117,80,27"/><V42/><F106/><W87/><G121/><N who="1" m="46698" /><E29/><V40/><F9/><W131/><G117/><T70/><D65/><U21/><E2/><V102/><F102/><W86/><G75/><T64/><D64/><U114/><E114/><V7/><F7/><W126/><G113/><T94/><D74/><U99/><E125/><V93/><F112/><W56/><G126/><T129/><D110/><N who="1" m="41995" /><E18/><V63/><F128/><W127/><G127/><T16/><D105/><U119/><E119/><V66/><F23/><W13/><G3/><T76/><D76/><U135/><E21/><V77/><F77/><W50/><G131/><T115/><D129/><U95/><E135/><V100/><F100/><W81/><G39/><T34/><D34/><U17/><E17/><V124/><F124/><W71/><G13/><T68/><D8/><U43/><E43/><V67/><F67/><W30/><G71/><T59/><D45/><U103/><E103/><V133/><F133/><W82/><G30/><T78/><D78/><U134/><E134/><V28/><F28/><W83/><G27/><T57/><D57/><U107/><E107/><V14/><F14/><W84/><G35/><T37/><D115/><U20/><E20/><V4/><F4/><W6/><G6/><T24/><D24/><U101/><E101/><V104/><F104/><W72/><G56/><T130/><D130/><U118/><E118/><V73/><F42/><W108/><G108/><T12/><D1/><U36/><E36/><V46/><F44/><W31/><G47/><T123/><D123/><U116/><E116/><V22/><F46/><RYUUKYOKU ba="0,0" sc="290,-10,150,30,320,-10,240,-10" hai1="61,62,88,91,95,97,99" /><INIT seed="3,1,0,2,1,33" ten="280,180,310,230" oya="3" hai0="116,17,53,98,120,93,104,36,48,83,131,80,94" hai1="25,113,37,129,30,19,102,96,74,31,24,43,119" hai2="134,105,13,70,35,34,135,108,63,62,133,66,81" hai3="68,12,76,0,79,16,10,23,122,88,126,1,128"/><W67/><G122/><T51/><D36/><U78/><E113/><V97/><F108/><W9/><G128/><T112/><D116/><U32/><E129/><V124/><F124/><W49/><G126/><T127/><D127/><U77/><E19/><V50/><F63/><W110/><G110/><T8/><D120/><U55/><E119/><V82/><F13/><W101/><G101/><T4/><D104/><U40/><E55/><V115/><F115/><W11/><G49/><T59/><D94/><U45/><E43/><V18/><F18/><W46/><G46/><T111/><D111/><U64/><E64/><V61/><F61/><W106/><G106/><T47/><D17/><U21/><REACH who="1" step="1"/><E74/><REACH who="1" ten="280,170,310,230" step="2"/><V56/><F66/><W15/><G67/><T118/><D118/><U44/><E44/><V130/><F130/><W54/><G54/><T73/><D73/><U92/><AGARI ba="1,1" hai="21,24,25,30,31,32,37,40,45,77,78,92,96,102" machi="92" ten="20,5200,0" yaku="1,1,0,1,7,1,53,1" doraHai="33" doraHaiUra="90" who="1" fromWho="1" sc="280,-14,170,65,310,-14,230,-27" /><INIT seed="4,0,0,3,1,55" ten="266,235,296,203" oya="0" hai0="8,114,54,17,56,38,129,30,108,119,57,78,18" hai1="4,46,66,0,131,7,123,64,5,127,65,90,75" hai2="84,45,89,133,25,107,36,92,2,70,77,14,19" hai3="33,101,32,71,35,134,96,26,68,6,111,122,51"/><T52/><D38/><U67/><E123/><V37/><F133/><W82/><G111/><T106/><D119/><U116/><E116/><V61/><F2/><W28/><G134/><T115/><D106/><U87/><E75/><V95/><F107/><W103/><G122/><T86/><D30/><U43/><E127/><V23/><F77/><W58/><G6/><T118/><D118/><U27/><E131/><V47/><F36/><W124/><G124/><T73/><D73/><U12/><N who="1" m="16384" /><DORA hai="3" /><U24/><E0/><V135/><F135/><W132/><G132/><T63/><D108/><U49/><E12/><V9/><F37/><W62/><G62/><N who="0" m="36119" /><D8/><U112/><E112/><N who="0" m="43049" /><D129/><U113/><E113/><V1/><F1/><W100/><G96/><T22/><D22/><U16/><E16/><V10/><F10/><W53/><REACH who="3" step="1"/><G82/><AGARI ba="0,0" hai="17,18,52,57,63,78,82,86" m="43049,36119" machi="82" ten="30,11600,0" yaku="15,1,52,2,54,1" doraHai="55,3" who="0" fromWho="3" sc="266,116,235,0,296,0,203,-116" /><AGARI ba="0,0" hai="4,5,7,24,27,43,46,49,82,87,90" m="16384" machi="82" ten="50,8000,1" yaku="8,1,52,3" doraHai="55,3" who="1" fromWho="3" sc="382,0,235,80,296,0,87,-80" /><INIT seed="4,1,0,2,1,123" ten="382,315,296,7" oya="0" hai0="133,50,63,130,57,51,73,35,97,41,93,92,110" hai1="104,118,44,47,12,27,135,45,30,53,86,88,81" hai2="62,56,109,121,103,49,5,90,58,31,64,34,67" hai3="105,117,120,75,127,2,69,76,18,91,112,17,78"/><T99/><D73/><U43/><E104/><V4/><F121/><W108/><G91/><T126/><D35/><U102/><E102/><V52/><F109/><W15/><G15/><T13/><D126/><U28/><E135/><V125/><F125/><W94/><G94/><T89/><D130/><U54/><E118/><V32/><F32/><W70/><G17/><T42/><D110/><U46/><E12/><V79/><F79/><W61/><G18/><T65/><D133/><U6/><E6/><N who="2" m="2667" /><F103/><W77/><G61/><T95/><D13/><U82/><E82/><V20/><F34/><W83/><G83/><T113/><D113/><U74/><E74/><V100/><F100/><W96/><G96/><N who="0" m="36939" /><D89/><U119/><E119/><V40/><F40/><AGARI ba="1,0" hai="40,41,42,50,51,57,63,65,92,93,95" m="36939" machi="40" ten="30,1500,0" yaku="8,1" doraHai="123" who="0" fromWho="2" sc="382,18,315,0,296,-18,7,0" /><INIT seed="4,2,0,2,5,122" ten="400,315,278,7" oya="0" hai0="67,69,29,60,10,7,59,25,86,76,35,92,96" hai1="75,91,90,112,108,8,135,131,0,54,39,17,19" hai2="2,30,115,128,62,63,87,14,127,126,22,58,56" hai3="34,11,47,80,120,93,113,114,117,71,16,6,52"/><T99/><D69/><U88/><E75/><V133/><F2/><W70/><G117/><T23/><D35/><U130/><E39/><V89/><F115/><N who="3" m="44043" /><G34/><T107/><D107/><U84/><E112/><V105/><F105/><W53/><G120/><T121/><D121/><U9/><E135/><V82/><F133/><W3/><G93/><T33/><D33/><U13/><E108/><V78/><F128/><N who="1" m="49193" /><E54/><N who="3" m="21098" /><G47/><T46/><D46/><U102/><E102/><V5/><F78/><W1/><G1/><T124/><D124/><N who="2" m="47658" /><F5/><W64/><G64/><T123/><D123/><U38/><E38/><V68/><F68/><W27/><G80/><N who="0" m="47367" /><D92/><U32/><E32/><V26/><F14/><AGARI ba="2,0" hai="7,10,14,23,25,29,59,60,67,96,99" m="47367" machi="14" ten="30,1500,0" yaku="8,1" doraHai="122" who="0" fromWho="2" sc="400,21,315,0,278,-21,7,0" /><INIT seed="4,3,0,5,5,83" ten="421,315,257,7" oya="0" hai0="6,31,0,99,46,127,37,130,110,116,39,121,74" hai1="100,85,73,59,84,58,63,94,26,40,98,32,41" hai2="20,131,55,92,7,50,106,89,71,42,101,75,79" hai3="10,35,2,15,102,93,49,128,88,43,118,107,123"/><T78/><D116/><U51/><E73/><V135/><F71/><W65/><G118/><T29/><D121/><U76/><E32/><V115/><F115/><W129/><G35/><T96/><D127/><U30/><E76/><V97/><F135/><W47/><G2/><T117/><D117/><U77/><E26/><V69/><F69/><W36/><G123/><T23/><D23/><U119/><E119/><V21/><F131/><N who="3" m="50251" /><G65/><T53/><D53/><N who="1" m="32063" /><E77/><V19/><F42/><N who="1" m="16489" /><E30/><V48/><F7/><N who="3" m="3551" /><G107/><T70/><D70/><U17/><E17/><V62/><F62/><W16/><G102/><T38/><D6/><U34/><E34/><V124/><F124/><W126/><G126/><T86/><D0/><U125/><E125/><V52/><F48/><W18/><G49/><T11/><D130/><U72/><E72/><V22/><F19/><W120/><G120/><T5/><D74/><U132/><E132/><V111/><F111/><W1/><G1/><T105/><D110/><U14/><E14/><V82/><REACH who="2" step="1"/><F50/><REACH who="2" ten="421,315,247,7" step="2"/><W60/><G60/><T109/><D109/><U81/><E81/><V56/><F56/><W4/><G4/><T80/><D5/><U87/><E63/><V103/><F103/><W113/><G113/><T13/><D39/><U12/><E59/><V104/><F104/><W45/><G45/><T61/><D61/><U66/><E66/><V68/><F68/><W133/><G133/><T27/><D105/><U95/><E95/><V90/><F90/><W3/><G3/><T122/><D122/><U57/><E57/><V33/><F33/><W24/><G24/><RYUUKYOKU ba="3,1" sc="421,-30,315,10,247,10,7,10" hai1="12,84,85,87,94,98,100" hai2="20,21,22,52,55,75,79,82,89,92,97,101,106" hai3="16,18,36,43,47,88,93" /><INIT seed="5,4,1,2,5,128" ten="391,325,257,17" oya="1" hai0="48,100,51,112,43,70,25,113,49,59,34,38,102" hai1="30,7,104,119,27,2,40,42,31,129,99,66,107" hai2="14,75,88,47,111,6,65,91,63,103,46,116,131" hai3="11,127,28,26,10,52,37,13,78,32,101,105,71"/><U24/><E119/><V109/><F75/><W93/><G37/><T126/><D70/><U106/><E129/><V58/><F116/><W17/><G71/><T86/><D59/><U125/><E125/><V84/><F131/><W94/><G127/><T98/><D126/><U80/><E80/><V81/><F111/><W15/><G78/><T4/><D4/><U121/><E121/><V5/><F109/><W85/><G85/><T56/><D56/><U67/><E99/><V36/><F36/><W114/><G114/><N who="0" m="44139" /><D86/><U117/><E117/><V89/><F103/><W21/><G105/><T74/><D74/><U45/><E45/><V54/><F46/><W87/><G101/><T16/><D98/><U19/><E19/><V124/><F124/><W95/><G32/><T76/><D76/><U123/><E123/><V130/><F130/><W8/><G87/><T135/><D34/><U35/><E7/><V82/><F14/><W133/><G133/><T108/><D135/><U122/><E122/><V69/><F69/><W64/><G64/><N who="1" m="24618" /><E2/><V12/><F12/><W23/><REACH who="3" step="1"/><G52/><REACH who="3" ten="391,325,257,7" step="2"/><T55/><D55/><U44/><E35/><V115/><F84/><W90/><G90/><T1/><D102/><U73/><E73/><V92/><F91/><W72/><G72/><T18/><D100/><U77/><E77/><V96/><F89/><W53/><G53/><T110/><D110/><U39/><E42/><V132/><F132/><W60/><G60/><T0/><D108/><U20/><E107/><V57/><F63/><W118/><G118/><T29/><D38/><U120/><E120/><RYUUKYOKU ba="4,2" sc="391,-15,325,15,257,-15,7,15" hai1="20,24,27,30,31,39,40,44,104,106" hai3="8,10,11,13,15,17,21,23,26,28,93,94,95" /><INIT seed="5,5,2,5,0,94" ten="376,340,242,22" oya="1" hai0="6,124,125,110,113,101,0,30,118,55,24,89,1" hai1="88,28,57,64,99,3,85,132,62,119,61,32,108" hai2="80,12,104,96,128,29,50,67,70,49,17,42,87" hai3="34,45,16,72,134,51,44,18,135,79,47,100,46"/><U39/><E119/><V116/><F116/><W97/><G34/><T22/><D110/><U31/><E3/><V115/><F128/><W21/><G79/><T69/><D118/><U38/><E132/><N who="3" m="50730" /><G72/><T36/><D36/><U106/><E108/><V66/><F115/><W78/><G78/><T20/><D69/><U10/><E10/><V48/><F42/><N who="3" m="24983" /><G21/><T59/><D113/><U107/><E107/><AGARI ba="5,2" hai="16,18,45,46,47,97,100,107" m="24983,50730" machi="107" ten="30,3900,0" yaku="20,1,52,1,54,1" doraHai="94" who="3" fromWho="1" sc="376,0,340,-54,242,0,22,74" /><INIT seed="6,0,0,3,1,78" ten="376,286,242,96" oya="2" hai0="35,10,118,105,1,111,34,43,103,0,52,69,102" hai1="70,32,92,37,48,36,6,122,68,101,45,129,125" hai2="123,61,116,20,11,133,26,12,49,5,67,66,33" hai3="29,77,21,59,16,46,121,76,17,115,120,114,25"/><V2/><F123/><W60/><G46/><T64/><D111/><U135/><E32/><V42/><F116/><W99/><G99/><T7/><D52/><N who="1" m="29711" /><E92/><V40/><F133/><W93/><G93/><T55/><D55/><U39/><E101/><V87/><F33/><W85/><G121/><T96/><D43/><U4/><E4/><V113/><F113/><N who="3" m="43019" /><G120/><T94/><D94/><U108/><E6/><V112/><F112/><W51/><G51/><T84/><D103/><U98/><E98/><V110/><F110/><W82/><G77/><T50/><D96/><U31/><E31/><V74/><F74/><W71/><G71/><N who="1" m="27178" /><E122/><V23/><F2/><W89/><G76/><T19/><D0/><U56/><E108/><V95/><F49/><W15/><G15/><T30/><D1/><U134/><E129/><V72/><F72/><W3/><G3/><T54/><D102/><U124/><E56/><N who="2" m="37159" /><F67/><AGARI ba="0,0" hai="16,17,21,25,29,59,60,67,82,85,89" m="43019" machi="67" ten="30,7700,0" yaku="15,1,11,1,52,1,54,1" doraHai="78" who="3" fromWho="2" sc="376,0,286,0,242,-77,96,77" /><INIT seed="7,0,0,5,1,51" ten="376,286,165,173" oya="3" hai0="49,21,9,41,67,73,31,34,10,99,72,76,108" hai1="1,91,53,28,77,56,15,74,126,96,114,135,111" hai2="98,84,35,14,104,101,50,59,125,58,107,80,26" hai3="62,46,82,33,92,61,47,37,110,97,121,17,5"/><W130/><G121/><T100/><D108/><U4/><E111/><V48/><F107/><W94/><G110/><T116/><D116/><U103/><E126/><V106/><F106/><W13/><G33/><T122/><D122/><U6/><E135/><V52/><F125/><W30/><G30/><T16/><D67/><U89/><E114/><V127/><F127/><W86/><G5/><T65/><D65/><U63/><E1/><V0/><F0/><W68/><G130/><T8/><D76/><U64/><E28/><V45/><F35/><W43/><G47/><T109/><D109/><U120/><E120/><V75/><F75/><W36/><G36/><T19/><D19/><U90/><E64/><V40/><F26/><W124/><G124/><T57/><D31/><U134/><E134/><V85/><F14/><W93/><G68/><T83/><D83/><U119/><E119/><V22/><F22/><W113/><G97/><T69/><D69/><U12/><E77/><V105/><F105/><W66/><G66/><T115/><D115/><U81/><E81/><V87/><F59/><W3/><G3/><T128/><D57/><U20/><E74/><V132/><F132/><W60/><G113/><T18/><D34/><U95/><REACH who="1" step="1"/><E12/><REACH who="1" ten="376,276,165,173" step="2"/><V129/><F129/><W23/><REACH who="3" step="1"/><G82/><REACH who="3" ten="376,276,165,163" step="2"/><T2/><D128/><U29/><E29/><V102/><REACH who="2" step="1"/><F102/><REACH who="2" ten="376,276,155,163" step="2"/><W117/><G117/><T123/><D100/><U38/><E38/><V27/><F27/><W7/><G7/><T88/><D2/><U42/><E42/><V39/><F39/><W54/><G54/><T44/><D41/><RYUUKYOKU ba="0,3" sc="376,-30,276,10,155,10,163,10" hai1="4,6,15,20,53,56,63,89,90,91,95,96,103" hai2="40,45,48,50,52,58,80,84,85,87,98,101,104" hai3="13,17,23,37,43,46,60,61,62,86,92,93,94" /><INIT seed="7,1,3,4,4,5" ten="346,286,165,173" oya="3" hai0="110,51,83,111,21,17,55,66,95,41,47,16,77" hai1="38,76,0,48,52,96,71,90,64,75,118,91,105" hai2="19,124,132,35,23,123,8,24,131,108,114,1,72" hai3="78,88,125,42,45,10,80,103,43,27,122,68,117"/><W93/><G122/><T50/><D66/><U100/><E38/><V73/><RYUUKYOKU type="yao9" ba="1,3" sc="346,0,286,0,165,0,173,0" hai2="1,8,19,23,24,35,72,73,108,114,123,124,131,132" /><INIT seed="7,2,3,3,0,121" ten="346,286,165,173" oya="3" hai0="0,76,6,69,108,47,58,15,32,33,55,48,87" hai1="77,4,23,90,22,39,80,84,124,75,43,19,125" hai2="17,42,89,64,119,9,130,109,18,20,92,104,66" hai3="45,106,100,85,82,129,88,91,44,134,61,128,34"/><W114/><G34/><T21/><D108/><U107/><E4/><V3/><F104/><W79/><G114/><T115/><D69/><U52/><E43/><V50/><F119/><W112/><G112/><T30/><D115/><U36/><E107/><V60/><F109/><W2/><G2/><T78/><D33/><U103/><E103/><V98/><F130/><N who="3" m="50283" /><G134/><T99/><D99/><U46/><E75/><V63/><F3/><W24/><G24/><N who="0" m="18503" /><D87/><U12/><E23/><V105/><F105/><W49/><G61/><N who="2" m="23625" /><F9/><W67/><G67/><N who="2" m="25641" /><F20/><W110/><G110/><T7/><D58/><U95/><E77/><V126/><F126/><N who="1" m="48745" /><E80/><V120/><F120/><W41/><G45/><AGARI ba="2,3" hai="17,18,42,45,50,89,92,98" m="25641,23625" machi="45" ten="30,1000,0" yaku="8,1" doraHai="121" who="2" fromWho="3" sc="346,0,286,0,165,46,173,-16" owari="346,44.0,286,9.0,211,-19.0,157,-34.0" /></mjloggm>