<mjloggm ver="2.3"><GO type="169" lobby="0"/><UN n0="%64%61%6E%6E%63%68%69" n1="%E4%B9%9D%E4%B8%88%E8%8A%B1%E9%9F%B3" n2="%E7%A2%A7%E4%B9%83" n3="%69%71%31%38%30%E7%9C%9F%E5%89%A3%E6%A7%98" dan="17,16,16,16" rate="2169.88,2175.30,2137.64,2144.66" sx="M,F,F,M"/><TAIKYOKU oya="0"/><INIT seed="0,0,0,1,1,133" ten="250,250,250,250" oya="0" hai0="107,70,110,19,108,121,88,79,92,35,135,20,89" hai1="77,93,124,76,104,91,0,112,17,50,30,67,65" hai2="33,74,39,120,10,38,61,85,14,8,116,78,100" hai3="105,59,134,58,11,64,25,12,71,129,42,99,36"/><T18/><D70/><U56/><E104/><V90/><F120/><W13/><G134/><T15/><D107/><U47/><E0/><V102/><F33/><W63/><G129/><T40/><D135/><U86/><E112/><V5/><F116/><W22/><G42/><T31/><D121/><U7/><E7/><V80/><F102/><W3/><G36/><T119/><D119/><U57/><E30/><V122/><F122/><W95/><G105/><T37/><D79/><U28/><E28/><V96/><F61/><W45/><G45/><T24/><D37/><U97/><E124/><V98/><F98/><W43/><G43/><T94/><D40/><U72/><E17/><V53/><F53/><W46/><G46/><T54/><D54/><U66/><E72/><V29/><F29/><W1/><G1/><T41/><D41/><N who="1" m="24943" /><E97/><V82/><REACH who="2" step="1"/><F8/><REACH who="2" ten="250,250,240,250" step="2"/><W131/><G131/><T49/><D49/><U125/><E125/><V115/><F115/><W62/><G63/><T101/><D101/><U21/><E21/><V128/><F128/><W132/><G132/><T87/><REACH who="0" step="1"/><D19/><REACH who="0" ten="240,250,240,250" step="2"/><U55/><E55/><V81/><F81/><W60/><G60/><T83/><D83/><U114/><E114/><V113/><F113/><W23/><G62/><T52/><D52/><U68/><E68/><V126/><F126/><W69/><G71/><T117/><D117/><U127/><E127/><V106/><AGARI ba="0,2" hai="5,10,14,38,39,74,78,80,82,85,90,96,100,106" machi="106" ten="20,2700,0" yaku="1,1,0,1,7,1,53,0" doraHai="133" doraHaiUra="51" who="2" fromWho="2" sc="240,-13,250,-7,240,47,250,-7" /><INIT seed="1,0,0,0,2,53" ten="227,243,287,243" oya="1" hai0="32,82,9,122,12,129,84,46,19,135,124,71,76" hai1="13,77,128,16,8,41,63,131,123,134,133,88,108" hai2="126,15,119,117,70,0,92,6,94,45,98,101,43" hai3="118,102,26,28,37,58,14,66,114,104,62,74,72"/><U86/><E123/><V17/><F70/><W29/><G114/><T39/><D71/><U54/><E41/><V97/><F126/><W55/><G37/><T111/><D124/><U130/><E77/><V60/><F0/><W120/><G120/><T90/><D122/><U109/><E54/><V5/><F119/><W83/><G118/><T25/><D129/><U68/><E63/><V85/><F85/><W73/><G28/><T110/><D135/><N who="1" m="51723" /><E68/><V89/><F117/><W40/><G40/><T52/><D39/><U121/><E121/><V42/><F42/><W127/><G127/><T65/><D65/><U23/><E23/><V35/><F35/><W22/><G14/><T44/><D76/><U91/><E91/><V47/><F60/><W31/><G31/><N who="0" m="19567" /><D44/><N who="2" m="16970" /><F43/><W59/><G83/><AGARI ba="0,0" hai="8,13,16,83,86,88,108,109,128,130,131" m="51723" machi="83" ten="40,12000,1" yaku="19,1,20,1,54,2" doraHai="53" who="1" fromWho="3" sc="227,0,243,120,287,0,243,-120" /><INIT seed="1,1,0,5,2,14" ten="227,363,287,123" oya="1" hai0="108,124,38,59,3,83,82,130,68,7,78,43,2" hai1="106,11,65,110,15,126,21,42,4,77,101,118,48" hai2="112,47,35,116,107,114,89,1,97,75,49,51,81" hai3="128,16,122,0,91,27,54,119,105,125,12,8,123"/><U120/><E118/><V131/><F116/><W32/><G105/><T69/><D108/><U62/><E120/><V41/><F131/><W50/><G119/><T67/><D130/><U31/><E126/><V71/><F1/><W74/><G128/><T45/><D124/><U5/><E110/><V103/><F35/><W9/><G125/><T117/><D117/><U24/><E106/><V132/><F132/><W98/><G74/><T72/><D82/><U90/><E101/><V100/><F100/><W133/><G133/><T26/><D3/><U33/><E90/><V63/><F51/><W135/><G135/><T60/><REACH who="0" step="1"/><D26/><REACH who="0" ten="217,363,287,123" step="2"/><U95/><E24/><V88/><F112/><W96/><G123/><T37/><D37/><U66/><E66/><V80/><F114/><W73/><G122/><T64/><D64/><U121/><E65/><V17/><F80/><W36/><G36/><T52/><D52/><U86/><E121/><V28/><F81/><W92/><G73/><T111/><D111/><U127/><E127/><V18/><F75/><W93/><G0/><T19/><D19/><U6/><E6/><V129/><F129/><W134/><G134/><T85/><D85/><U23/><E4/><V10/><F17/><W44/><G32/><T58/><D58/><U109/><E5/><V94/><F71/><W115/><G115/><T25/><D25/><N who="1" m="16831" /><E109/><V84/><F18/><W113/><G113/><T22/><D22/><U20/><E20/><V46/><F84/><W102/><G27/><T30/><D30/><U29/><E33/><V70/><F28/><W55/><G55/><RYUUKYOKU ba="1,1" sc="217,15,363,-15,287,-15,123,15" hai0="2,7,38,43,45,59,60,67,68,69,72,78,83" hai3="8,9,12,16,44,50,54,91,92,93,96,98,102" /><INIT seed="2,2,1,4,0,131" ten="232,348,272,138" oya="2" hai0="113,35,7,100,98,50,132,61,8,1,83,68,17" hai1="104,21,134,33,32,71,81,116,115,102,31,72,0" hai2="129,79,2,11,75,69,60,106,90,112,128,52,16" hai3="110,126,20,82,107,47,85,123,59,30,111,54,95"/><V37/><F112/><W80/><G107/><T96/><D113/><U97/><E21/><V15/><F106/><W133/><G123/><T42/><D35/><U117/><E115/><V56/><F37/><W57/><G126/><T103/><D17/><U87/><E87/><V49/><F75/><W9/><G9/><T74/><D68/><U64/><E0/><V27/><F79/><W18/><G30/><T46/><D61/><N who="1" m="40335" /><E134/><V118/><F118/><W122/><G122/><T45/><D132/><U67/><E67/><V88/><F69/><W10/><G10/><T127/><D127/><U41/><E41/><V93/><F2/><W48/><G133/><T19/><D19/><U28/><E28/><V70/><F70/><W63/><G59/><T44/><D44/><U94/><E94/><V86/><F90/><N who="3" m="53711" /><G110/><T73/><D100/><U124/><E124/><V89/><F27/><N who="3" m="14743" /><G111/><T99/><D103/><U105/><E105/><V76/><F76/><W43/><AGARI ba="2,1" hai="43,47,48,54,57,63,80,82" m="14743,53711" machi="43" ten="30,1100,0" yaku="8,1" doraHai="131" who="3" fromWho="3" sc="232,-5,348,-5,272,-7,138,27" /><INIT seed="3,0,0,0,4,54" ten="227,343,265,165" oya="3" hai0="134,64,122,74,69,92,44,17,113,38,84,66,11" hai1="23,43,1,10,75,68,96,32,91,95,18,46,22" hai2="30,62,83,127,135,7,27,106,52,79,67,78,120" hai3="50,94,72,35,8,107,93,28,116,97,71,117,20"/><W41/><G71/><T131/><D74/><U4/><E68/><V123/><F106/><W98/><G72/><T55/><D122/><N who="2" m="46634" /><F7/><W29/><G35/><T115/><D131/><U86/><E75/><V48/><F135/><W37/><G37/><T77/><D134/><U108/><E108/><V61/><F127/><W51/><G107/><T70/><D11/><U99/><E32/><N who="2" m="20575" /><F83/><W125/><G20/><T129/><D17/><U25/><REACH who="1" step="1"/><E23/><REACH who="1" ten="227,333,265,165" step="2"/><V39/><F39/><AGARI ba="0,1" hai="1,4,10,18,22,25,39,43,46,86,91,95,96,99" machi="39" ten="30,3900,0" yaku="1,1,2,1,7,1,53,0" doraHai="54" doraHaiUra="118" who="1" fromWho="2" sc="227,0,333,49,265,-39,165,0" /><INIT seed="4,0,0,3,5,107" ten="227,382,226,165" oya="0" hai0="66,47,44,112,31,68,125,96,82,59,35,90,19" hai1="43,115,98,78,85,67,60,114,32,36,21,1,94" hai2="45,103,104,92,3,26,72,126,11,64,23,83,110" hai3="39,38,49,41,76,111,10,88,14,20,7,29,123"/><T89/><D112/><N who="1" m="43051" /><E1/><V16/><F110/><W128/><G111/><T132/><D68/><U17/><E32/><V48/><F126/><W75/><G128/><T18/><D125/><U79/><E85/><V118/><F118/><W105/><G123/><T84/><D132/><U58/><E43/><V50/><F104/><W25/><G105/><T127/><D127/><U57/><E57/><V4/><F64/><W56/><G88/><N who="0" m="51223" /><D35/><U15/><E36/><V71/><F71/><W37/><G56/><T93/><D31/><U65/><E65/><V77/><REACH who="2" step="1"/><F45/><REACH who="2" ten="227,382,216,165" step="2"/><W134/><G134/><T9/><D47/><U113/><E113/><V70/><F70/><W121/><G121/><T53/><D44/><U12/><E12/><V73/><F73/><W13/><G41/><T27/><D66/><U87/><E87/><V54/><F54/><W119/><G119/><T95/><D53/><U86/><E86/><V55/><F55/><W97/><G49/><T5/><D59/><U61/><E61/><V100/><F100/><AGARI ba="0,1" hai="15,17,21,58,60,67,78,79,94,98,100" m="43051" machi="100" ten="30,2000,0" yaku="15,1,11,1" doraHai="107" who="1" fromWho="2" sc="227,0,382,30,216,-20,165,0" /><INIT seed="5,0,0,2,3,5" ten="227,412,196,165" oya="1" hai0="53,111,18,84,105,117,114,63,6,89,32,14,132" hai1="131,86,33,90,41,128,83,135,113,19,20,23,55" hai2="122,129,8,96,65,47,93,112,29,7,24,130,57" hai3="48,88,45,95,62,37,30,28,118,72,59,73,61"/><U102/><E33/><V31/><F122/><W60/><G37/><T42/><D32/><U64/><E113/><V87/><F87/><W100/><G118/><T50/><D105/><U0/><E0/><V46/><F112/><W76/><G100/><T51/><D111/><U116/><E116/><V39/><F31/><W99/><G59/><T124/><D117/><U58/><E135/><V125/><F125/><W12/><G73/><T36/><D114/><U115/><E41/><V16/><F39/><W25/><G25/><T98/><D124/><U97/><E64/><V110/><F110/><W104/><G104/><T43/><D36/><U68/><E68/><V79/><F79/><W13/><G72/><T126/><D6/><U78/><E78/><V133/><F133/><W9/><G76/><T11/><D98/><U27/><E23/><N who="2" m="15519" /><F7/><N who="3" m="3135" /><G13/><T21/><D126/><U94/><E115/><V77/><F77/><W4/><G4/><T75/><D75/><U56/><REACH who="1" step="1"/><E55/><AGARI ba="0,0" hai="28,30,45,48,55,60,61,62,88,95,99" m="3135" machi="55" ten="30,3900,0" yaku="8,1,52,1,54,1" doraHai="5" who="3" fromWho="1" sc="227,0,412,-39,196,0,165,39" /><INIT seed="6,0,0,2,3,40" ten="227,373,196,204" oya="2" hai0="20,129,121,135,99,134,42,125,130,8,4,48,5" hai1="47,16,23,9,101,58,124,51,35,71,111,12,116" hai2="74,13,21,84,17,70,22,126,114,33,108,57,83" hai3="86,98,91,60,6,38,3,56,10,89,7,61,128"/><V112/><F70/><W75/><G75/><T79/><D121/><U120/><E111/><V44/><F33/><W1/><G128/><N who="0" m="49259" /><D79/><U54/><E116/><V27/><F108/><W0/><G38/><T52/><D42/><U96/><E124/><V45/><F126/><W110/><G110/><T46/><D125/><U53/><E35/><V68/><F68/><W59/><G98/><T2/><D20/><U131/><E71/><V19/><F74/><W14/><G7/><T87/><D87/><U41/><E120/><V94/><F94/><W107/><G107/><T49/><D5/><U62/><E131/><V29/><F29/><W118/><G118/><T11/><D11/><U73/><E73/><V26/><F13/><W117/><G117/><T81/><D81/><U85/><E85/><V133/><F57/><W28/><G28/><T55/><D99/><U88/><E101/><V34/><F34/><W64/><G86/><T15/><D15/><U102/><E102/><V31/><F31/><W92/><G92/><T36/><D36/><U97/><E9/><V50/><F133/><W63/><G64/><T72/><D72/><U105/><E105/><V90/><REACH who="2" step="1"/><F50/><REACH who="2" ten="227,373,186,204" step="2"/><W67/><G60/><T127/><D127/><U106/><E62/><V82/><F82/><W76/><G61/><T95/><D95/><U77/><E12/><V123/><F123/><W66/><G59/><AGARI ba="0,1" hai="2,4,8,46,48,49,52,55,59,134,135" m="49259" machi="59" ten="30,3900,0" yaku="19,1,52,1,54,1" doraHai="40" who="0" fromWho="3" sc="227,49,373,0,186,0,204,-39" /><INIT seed="7,0,0,2,5,81" ten="276,373,186,165" oya="3" hai0="119,60,29,97,102,64,59,61,116,88,22,95,94" hai1="78,56,35,30,65,2,98,123,34,127,27,11,124" hai2="67,109,1,75,92,110,7,80,0,10,49,73,23" hai3="14,130,40,134,4,99,58,82,28,15,86,55,132"/><W128/><G40/><T8/><D8/><U87/><E123/><V89/><F0/><W112/><G28/><T12/><D12/><N who="3" m="4649" /><G4/><T38/><D38/><U46/><E46/><V105/><F105/><W51/><G99/><T9/><D9/><U117/><E117/><V77/><F75/><W83/><G112/><T70/><D22/><U50/><E98/><V24/><F67/><W122/><G83/><T31/><D116/><U90/><E78/><V79/><F79/><N who="3" m="46431" /><G122/><T21/><D119/><U93/><E35/><V135/><F49/><W47/><G47/><T43/><D21/><U131/><E50/><V106/><F106/><W54/><G55/><T96/><D43/><U53/><E65/><AGARI ba="0,0" hai="29,31,59,60,61,64,65,70,88,94,95,96,97,102" machi="65" ten="30,2000,0" yaku="7,1,54,1" doraHai="81" who="0" fromWho="1" sc="276,20,373,-20,186,0,165,0" owari="296,10.0,353,44.0,186,-21.0,165,-33.0" /></mjloggm>