<mjloggm ver="2.3"><GO type="185" lobby="0"/><UN n0="%58%65%6C%65%72%61%74%6F" n1="%E5%A4%9A%E6%9E%97%E6%99%8B" n2="%E4%BD%8D%E9%B3%B3%E5%A4%A9" n3="" dan="16,16,17,0" rate="2192.27,2180.73,2172.26,1500.00" sx="F,M,M,C"/><TAIKYOKU oya="0"/><INIT seed="0,0,0,3,5,1" ten="350,350,350,0" oya="0" hai0="133,35,88,3,48,63,129,124,69,54,105,89,44" hai1="38,95,104,134,103,93,119,97,123,64,121,78,51" hai2="98,91,59,84,101,131,52,135,71,92,39,122,37" hai3=""/><T73/><D3/><U56/><N who="1" m="31008" /><U45/><N who="1" m="31520" /><U70/><E119/><V43/><N who="2" m="31264" /><V77/><F71/><T87/><D124/><U82/><E134/><V108/><F135/><T100/><D73/><U42/><E70/><V65/><F65/><T86/><D133/><U76/><E78/><V68/><F68/><T116/><D116/><U113/><E113/><V111/><F77/><T81/><D129/><U79/><E79/><V132/><F132/><T58/><D69/><U120/><N who="1" m="30752" /><U107/><E104/><V90/><F91/><T72/><D72/><U60/><E38/><V99/><F99/><T75/><D75/><AGARI ba="0,0" hai="42,45,51,56,60,64,75,76,82,93,95,97,103,107" m="30752,31520,31008" machi="75" ten="30,7700,0" yaku="7,1,52,3" doraHai="1" who="1" fromWho="0" sc="350,-77,350,77,350,0,0,0" /><INIT seed="1,0,0,3,3,66" ten="273,427,350,0" oya="1" hai0="109,67,72,131,94,96,123,2,87,56,35,102,118" hai1="34,82,100,114,50,103,122,51,37,57,133,38,53" hai2="86,124,79,90,115,32,108,76,91,99,105,69,46" hai3=""/><U113/><N who="1" m="31264" /><U71/><E34/><V52/><F108/><T119/><N who="0" m="31520" /><T120/><N who="0" m="30752" /><T68/><D109/><U63/><E133/><V95/><F32/><T98/><D35/><U75/><E75/><V74/><F124/><T93/><D72/><U121/><N who="1" m="31008" /><U40/><E82/><V58/><F115/><N who="1" m="44041" /><E100/><V127/><F127/><T104/><D104/><U92/><E92/><V61/><F74/><T65/><D102/><U83/><E83/><V1/><F1/><T80/><D80/><U43/><E103/><V88/><F105/><T41/><D87/><U0/><E0/><V47/><F69/><T85/><D68/><U60/><E50/><V48/><F91/><T64/><D85/><U81/><E81/><V129/><F79/><T125/><D125/><U44/><E71/><V107/><F76/><T45/><D94/><U97/><E97/><V89/><F107/><T70/><D93/><U54/><E63/><V62/><F61/><T73/><D73/><U78/><E78/><V77/><F77/><T135/><D2/><U132/><E132/><V112/><F62/><T33/><D33/><U49/><E60/><V117/><F86/><T116/><D70/><U110/><E110/><V55/><F95/><RYUUKYOKU ba="0,0" sc="273,-10,427,20,350,-10,0,0" hai1="37,38,40,43,44,49,51,53,54,57" /><INIT seed="1,1,0,5,5,87" ten="263,447,340,0" oya="1" hai0="116,86,38,84,102,120,104,132,40,41,67,81,53" hai1="65,134,133,100,58,131,39,56,124,54,57,49,61" hai2="95,59,115,128,78,123,79,63,1,109,47,76,108" hai3=""/><U98/><E39/><V55/><N who="2" m="31520" /><V106/><F106/><T36/><N who="0" m="30752" /><T69/><D132/><N who="1" m="50795" /><E124/><V37/><F1/><T34/><D116/><U118/><E118/><V2/><F2/><T72/><D72/><U71/><E131/><V96/><F128/><T111/><D111/><U121/><N who="1" m="31008" /><U105/><AGARI ba="1,0" hai="49,54,56,57,58,61,65,71,98,100,105" m="31008,50795" machi="105" ten="30,4000,0" yaku="4,1,20,1,52,1" doraHai="87" who="1" fromWho="1" sc="263,-21,447,42,340,-21,0,0" /><INIT seed="1,2,0,0,2,91" ten="242,489,319,0" oya="1" hai0="126,89,51,56,58,88,134,68,74,110,53,69,129" hai1="97,76,42,106,118,107,102,95,87,111,2,125,70" hai2="78,120,0,60,52,33,48,61,117,32,113,73,127" hai3=""/><U114/><E2/><V3/><N who="2" m="30752" /><V66/><F117/><T72/><D110/><U135/><E70/><V64/><F127/><T94/><D126/><U44/><E125/><V47/><F113/><T1/><D1/><U132/><E114/><V123/><N who="2" m="31520" /><V35/><F0/><T36/><D36/><U57/><E57/><V59/><F3/><T49/><D53/><U122/><N who="1" m="31264" /><U34/><E34/><V115/><F115/><T90/><D90/><U37/><E118/><V121/><N who="2" m="31008" /><V105/><F105/><T38/><D38/><U67/><E67/><V92/><F92/><T124/><D124/><U104/><E111/><V112/><F112/><T40/><D40/><U128/><E128/><V75/><REACH who="2" step="1"/><F78/><REACH who="2" ten="242,489,309,0" step="2"/><T98/><D94/><U79/><E76/><V86/><F86/><T46/><D129/><U85/><E79/><V50/><F50/><T82/><D49/><U96/><E96/><V130/><F130/><T116/><D51/><U43/><E85/><V54/><F54/><T109/><D98/><U55/><E87/><V63/><F63/><T71/><D109/><U99/><E99/><V39/><F39/><T93/><D116/><U81/><E37/><V65/><F65/><T77/><D77/><RYUUKYOKU ba="2,1" sc="242,-10,489,-10,309,20,0,0" hai2="32,33,35,47,48,52,59,60,61,64,66,73,75" /><INIT seed="2,3,1,4,4,32" ten="232,479,329,0" oya="2" hai0="133,48,67,102,108,38,97,96,91,55,1,34,65" hai1="107,86,87,62,57,110,36,77,79,35,66,113,44" hai2="101,112,126,81,124,123,120,121,64,128,40,95,98" hai3=""/><V3/><N who="2" m="30752" /><V114/><N who="2" m="31008" /><V82/><N who="2" m="31520" /><V73/><F3/><T115/><D34/><U127/><E35/><V83/><F40/><T54/><D38/><U94/><E107/><V59/><F128/><T49/><D91/><U43/><E113/><N who="2" m="43627" /><F64/><T80/><D115/><U75/><E75/><V132/><F59/><T90/><D65/><U85/><E110/><V106/><F132/><T58/><D108/><U45/><E127/><N who="2" m="48683" /><F106/><T0/><D58/><U88/><REACH who="1" step="1"/><E44/><REACH who="1" ten="232,469,329,0" step="2"/><V122/><N who="2" m="31264" /><V47/><F47/><T74/><D1/><U118/><E118/><V51/><F51/><T71/><D0/><U68/><E68/><V2/><F2/><T93/><D71/><U109/><E109/><V130/><F130/><T129/><D129/><U100/><E100/><V69/><F69/><T134/><D102/><U63/><E63/><V41/><F41/><T89/><D48/><U56/><E56/><V37/><F37/><T116/><D49/><U52/><E52/><V125/><F125/><T78/><D54/><U53/><E53/><V60/><F60/><T50/><D55/><U99/><AGARI ba="3,2" hai="36,43,45,57,62,66,77,79,85,86,87,88,94,99" machi="99" ten="30,3000,0" yaku="1,1,0,1,54,1,53,0" doraHai="32" doraHaiUra="119" who="1" fromWho="1" sc="232,-13,469,56,329,-23,0,0" /><INIT seed="4,0,0,3,0,67" ten="219,525,306,0" oya="0" hai0="78,52,79,69,135,120,119,66,42,109,74,81,88" hai1="38,58,56,102,50,68,47,129,99,48,114,87,40" hai2="107,90,113,61,45,35,2,76,0,70,86,62,94" hai3=""/><T101/><N who="0" m="30752" /><T122/><N who="0" m="31264" /><T77/><D119/><U108/><E108/><V134/><F35/><T127/><D109/><U130/><E114/><V111/><F113/><T104/><D127/><U103/><E68/><V64/><F111/><T59/><D135/><U116/><E116/><V124/><F134/><T41/><D74/><U118/><E118/><V84/><F107/><T43/><D69/><U49/><E87/><V83/><F124/><T85/><D66/><U115/><E115/><V121/><N who="2" m="31008" /><V131/><F131/><N who="1" m="50185" /><E103/><V32/><F32/><T97/><REACH who="0" step="1"/><D78/><REACH who="0" ten="209,525,306,0" step="2"/><U63/><E63/><AGARI ba="0,1" hai="41,42,43,52,59,63,77,79,81,85,88,97,101,104" m="31264,30752" machi="63" ten="40,18000,2" yaku="1,1,2,1,52,2,54,2,53,0" doraHai="67" doraHaiUra="71" who="0" fromWho="1" sc="209,190,525,-180,306,0,0,0" /><INIT seed="4,1,0,4,3,118" ten="399,345,306,0" oya="0" hai0="67,64,107,110,102,48,93,44,80,125,51,74,94" hai1="88,116,132,76,126,130,100,84,75,83,37,59,124" hai2="82,70,36,98,42,81,54,109,43,61,115,111,35" hai3=""/><T50/><D125/><N who="1" m="48235" /><E37/><V56/><F35/><T3/><D3/><U2/><E2/><V121/><N who="2" m="31008" /><V55/><F115/><T123/><N who="0" m="31520" /><T33/><D33/><U1/><E1/><V53/><F98/><T105/><D44/><U52/><E116/><V57/><F82/><T73/><D48/><U58/><E100/><V34/><F81/><T39/><D80/><U69/><E69/><V117/><F34/><T99/><D39/><U89/><E132/><V90/><F90/><N who="1" m="34921" /><E58/><N who="2" m="22635" /><F36/><T120/><N who="0" m="30752" /><T87/><D99/><U71/><E71/><V108/><F117/><T85/><D110/><U40/><E40/><N who="2" m="15403" /><F70/><T95/><D95/><U133/><E133/><V60/><AGARI ba="1,0" hai="53,54,55,60,61,108,109,111" m="15403,22635,31008" machi="60" ten="40,9000,2" yaku="28,2,34,2,52,2" doraHai="118" who="2" fromWho="2" sc="399,-61,345,-31,306,92,0,0" /><INIT seed="5,0,0,4,4,68" ten="338,314,398,0" oya="1" hai0="39,89,108,93,51,77,1,50,122,120,123,78,58" hai1="117,83,106,87,98,65,102,61,74,46,107,49,125" hai2="75,111,2,113,0,135,54,130,60,112,71,63,67" hai3=""/><U118/><E125/><V73/><F111/><T110/><N who="0" m="30752" /><T57/><N who="0" m="31264" /><T86/><N who="0" m="31520" /><T70/><D70/><U37/><E74/><N who="2" m="28171" /><F135/><T82/><D1/><N who="2" m="618" /><F60/><T48/><D39/><U119/><E107/><V100/><F100/><T35/><D35/><U103/><E103/><V91/><F91/><T36/><D36/><U81/><E37/><V62/><F62/><T32/><D32/><U43/><REACH who="1" step="1"/><E87/><REACH who="1" ten="338,304,398,0" step="2"/><V99/><F99/><T132/><D132/><U124/><E124/><V52/><F130/><T44/><D110/><U84/><E84/><V128/><F128/><T42/><D108/><U80/><E80/><V115/><AGARI ba="0,1" hai="52,54,63,67,71,112,113,115" m="618,28171" machi="115" ten="40,3900,0" yaku="15,1,11,1,54,1" doraHai="68" who="2" fromWho="2" sc="338,-13,304,-26,398,49,0,0" /><INIT seed="6,0,0,2,4,129" ten="325,278,447,0" oya="2" hai0="57,101,38,87,2,128,3,35,43,131,63,114,98" hai1="51,59,68,46,88,112,42,133,61,37,60,71,102" hai2="41,97,92,120,80,90,117,84,132,81,45,55,125" hai3=""/><V104/><F132/><T89/><D35/><U96/><E112/><V99/><F125/><T50/><D38/><U49/><E88/><V54/><F117/><T33/><D33/><U52/><E96/><V82/><N who="2" m="30752" /><V111/><F111/><T91/><D50/><N who="1" m="18955" /><E102/><V127/><F127/><T77/><D43/><U56/><E133/><V0/><F0/><T1/><D77/><U116/><E116/><V85/><F104/><T73/><D73/><U64/><AGARI ba="0,0" hai="37,42,46,52,56,59,60,61,64,68,71" m="18955" machi="64" ten="30,9000,2" yaku="35,5,54,1" doraHai="129" who="1" fromWho="1" sc="325,-30,278,90,447,-60,0,0" /><INIT seed="8,0,0,5,2,94" ten="295,368,387,0" oya="0" hai0="111,1,81,56,79,35,102,112,119,82,39,121,86" hai1="122,59,50,34,126,48,47,93,113,38,91,88,55" hai2="60,67,97,120,118,134,109,40,76,2,62,54,104" hai3=""/><T100/><D1/><U83/><N who="1" m="31264" /><U58/><E34/><V42/><N who="2" m="30752" /><V99/><F109/><T90/><N who="0" m="31008" /><T84/><D35/><U44/><E126/><V37/><F2/><T45/><D111/><U107/><E107/><V80/><F134/><T132/><D132/><U36/><E113/><V53/><F118/><T46/><D112/><U105/><E105/><V75/><F104/><T61/><D119/><U74/><E74/><V131/><F131/><T64/><REACH who="0" step="1"/><D39/><REACH who="0" ten="285,368,387,0" step="2"/><U69/><E36/><V87/><F37/><T49/><D49/><U116/><E38/><V89/><F62/><T68/><D68/><U0/><E69/><V123/><F123/><T130/><D130/><U43/><E0/><V51/><F51/><T95/><D95/><U32/><E32/><V135/><F135/><T85/><D85/><U124/><E116/><V103/><F75/><T63/><D63/><U52/><E93/><V106/><F60/><T110/><D110/><U128/><E128/><V92/><REACH who="2" step="1"/><F67/><REACH who="2" ten="285,368,377,0" step="2"/><T133/><D133/><U114/><E114/><V66/><F66/><T77/><D77/><U117/><E117/><V41/><AGARI ba="0,2" hai="40,41,42,53,54,76,80,87,89,92,97,99,103,106" m="30752" machi="41" ten="30,6000,1" yaku="1,1,0,1,52,3,53,0" doraHai="94" doraHaiUra="125" who="2" fromWho="2" sc="285,-40,368,-20,377,80,0,0" owari="245,-35.0,348,-5.0,457,40.0,0,0.0" /></mjloggm>