<mjloggm ver="2.3"><GO type="169" lobby="0"/><UN n0="%E9%97%98%E5%A3%AB%E2%98%86%E6%B8%8B%E5%B7%9D%E8%80%81" n1="%E3%81%96%E3%82%8A%E3%81%8C%E3%81%AB%E3%81%8F%E3%82%93" n2="%E8%8B%B1%E5%9B%BD%E5%A3%B2%E5%8D%B4" n3="%72%61%69%32%31%31" dan="18,17,18,16" rate="2120.79,2223.68,2236.30,2075.31" sx="M,M,M,M"/><TAIKYOKU oya="0"/><INIT seed="0,0,0,2,1,94" ten="250,250,250,250" oya="0" hai0="122,114,96,133,50,59,105,24,6,49,31,101,112" hai1="69,117,55,17,110,99,2,80,23,119,120,14,41" hai2="18,22,56,78,102,32,43,33,65,20,81,57,37" hai3="82,60,89,85,92,72,26,51,106,40,15,87,90"/><T77/><D122/><U130/><E120/><V67/><F37/><W35/><G106/><T125/><D125/><U88/><E110/><V75/><F43/><W91/><G72/><T29/><D133/><U121/><E121/><V98/><F22/><W9/><G35/><T63/><D6/><U73/><E130/><V3/><F3/><W34/><G34/><T44/><D77/><U12/><E2/><V93/><F57/><W42/><G26/><T131/><D131/><U16/><E69/><V5/><F5/><W10/><G60/><T127/><D127/><U19/><E41/><N who="3" m="15978" /><G51/><T129/><D129/><U95/><E55/><V104/><F67/><W134/><G134/><T28/><D24/><U70/><E70/><V71/><F71/><W132/><G132/><T48/><REACH who="0" step="1"/><D44/><REACH who="0" ten="240,250,250,250" step="2"/><U135/><E135/><V1/><F1/><W58/><G58/><T126/><D126/><U8/><REACH who="1" step="1"/><E17/><REACH who="1" ten="240,240,250,250" step="2"/><V38/><F18/><N who="3" m="8559" /><G10/><T62/><D62/><U54/><E54/><AGARI ba="0,2" hai="28,29,31,48,49,50,54,59,63,96,101,105,112,114" machi="54" ten="40,3900,0" yaku="1,1,52,1,53,0" doraHai="94" doraHaiUra="39" who="0" fromWho="1" sc="240,59,240,-39,250,0,250,0" /><INIT seed="0,1,0,5,3,99" ten="299,201,250,250" oya="0" hai0="64,24,7,27,86,94,72,133,45,49,46,91,61" hai1="48,20,111,33,25,15,87,74,127,47,9,104,135" hai2="79,44,134,89,103,29,58,11,66,21,57,109,108" hai3="70,53,42,32,38,54,8,131,106,122,107,73,129"/><T4/><D72/><U69/><E74/><V31/><F79/><W83/><G32/><T95/><D133/><U84/><E111/><V132/><F11/><W26/><G26/><T60/><D64/><U105/><E127/><V101/><F89/><W59/><G70/><T81/><D91/><U117/><E33/><V120/><F44/><W12/><G73/><T55/><D86/><U36/><E36/><V17/><F21/><W110/><G110/><N who="2" m="42601" /><F17/><W40/><G83/><T0/><D0/><U51/><E117/><V22/><F22/><W92/><G92/><T18/><D18/><U97/><E69/><V130/><F120/><W6/><G122/><T82/><D49/><U100/><E135/><N who="2" m="51755" /><F130/><N who="3" m="49675" /><G38/><T67/><D67/><U76/><E76/><V3/><F3/><W52/><G59/><N who="2" m="22537" /><F66/><W2/><G2/><T50/><D50/><U14/><E51/><V62/><F62/><W43/><AGARI ba="1,0" hai="6,8,12,40,42,43,52,53,54,106,107" m="49675" machi="43" ten="40,2700,0" yaku="19,1,54,1" doraHai="99" who="3" fromWho="3" sc="299,-14,201,-8,250,-8,250,30" /><INIT seed="1,0,0,4,1,51" ten="285,193,242,280" oya="1" hai0="59,28,29,126,35,115,44,82,0,98,93,112,124" hai1="5,116,101,69,111,48,8,107,50,94,6,26,38" hai2="119,14,80,85,7,53,47,1,22,2,33,121,92" hai3="86,128,96,31,27,132,123,135,39,40,130,54,105"/><U81/><E116/><V52/><F33/><W110/><G123/><T114/><D0/><U65/><E38/><V68/><F68/><W49/><G110/><T129/><D129/><N who="3" m="49769" /><G86/><T120/><D120/><U104/><E69/><V71/><F71/><W91/><G39/><T64/><D44/><U87/><E65/><V125/><F121/><W63/><G63/><N who="0" m="38015" /><D82/><U9/><E111/><V102/><F119/><W133/><G40/><T70/><D35/><U66/><E66/><V117/><F117/><W76/><G76/><T45/><D45/><U30/><E94/><V90/><F125/><N who="0" m="48234" /><D70/><U24/><E81/><V32/><F32/><N who="3" m="20607" /><G105/><T61/><D61/><U10/><E104/><V15/><F47/><N who="3" m="27967" /><G96/><T109/><D109/><U84/><E107/><V43/><F43/><W57/><G57/><T108/><D108/><U13/><E87/><V56/><F56/><W83/><G83/><T89/><AGARI ba="0,0" hai="28,29,89,93,98,112,114,115" m="48234,38015" machi="89" ten="40,1500,0" yaku="18,1" doraHai="51" who="0" fromWho="0" sc="285,15,193,-7,242,-4,280,-4" /><INIT seed="2,0,0,3,1,77" ten="300,186,238,276" oya="2" hai0="8,97,131,114,102,12,40,23,134,83,135,34,112" hai1="57,11,14,7,68,96,82,99,87,126,123,66,118" hai2="21,46,60,107,128,17,37,29,58,27,2,125,80" hai3="54,49,42,3,111,13,18,85,70,26,117,61,105"/><V51/><F107/><W69/><G117/><T108/><D34/><U122/><E68/><V106/><F106/><W79/><G111/><T16/><D108/><U78/><E118/><V67/><F125/><W72/><G72/><T89/><D40/><U132/><E126/><V48/><F128/><W4/><G105/><N who="0" m="63695" /><D131/><U41/><E132/><N who="0" m="50729" /><D23/><U115/><E115/><V35/><F2/><W52/><G3/><T39/><D39/><U28/><E28/><V93/><F93/><W98/><G98/><T32/><D32/><U130/><E130/><V30/><F30/><W6/><G70/><T75/><D75/><U56/><E41/><V65/><F65/><W62/><G69/><T95/><D83/><U88/><E66/><V64/><F64/><W50/><G42/><T119/><D119/><U47/><E47/><V43/><REACH who="2" step="1"/><F80/><REACH who="2" ten="300,186,228,276" step="2"/><N who="3" m="47263" /><G62/><T22/><D114/><U59/><REACH who="1" step="1"/><E78/><REACH who="1" ten="300,176,228,276" step="2"/><V121/><F121/><AGARI ba="0,2" hai="7,11,14,56,57,59,82,87,88,96,99,121,122,123" machi="121" ten="40,12000,2" yaku="1,1,2,1,13,1,52,1,54,1,53,2" doraHai="77" doraHaiUra="92" who="1" fromWho="2" sc="300,0,176,140,228,-120,276,0" /><INIT seed="3,0,0,0,4,109" ten="300,316,108,276" oya="3" hai0="130,12,4,27,132,28,10,8,55,40,39,6,5" hai1="113,29,123,2,107,97,79,68,105,48,77,103,34" hai2="99,66,35,33,61,98,133,7,41,117,72,83,32" hai3="131,126,101,3,63,128,82,46,116,58,104,88,13"/><W122/><G116/><T134/><D39/><U57/><E123/><V135/><F117/><W14/><G122/><T25/><D40/><U18/><E68/><V114/><F41/><W52/><G3/><T127/><D55/><U22/><E2/><V1/><F7/><W31/><G126/><T94/><D94/><U71/><E71/><V102/><F1/><W106/><G31/><T125/><D130/><N who="3" m="49705" /><G46/><T30/><D5/><U9/><E107/><N who="3" m="41002" /><G101/><T95/><D95/><U76/><E29/><V53/><F53/><W112/><G112/><T90/><D90/><U65/><E113/><V38/><F38/><W124/><G124/><T16/><D12/><U85/><E103/><V73/><F114/><W50/><G63/><T69/><D69/><U118/><E118/><V54/><F54/><W64/><G64/><T51/><D51/><U108/><E48/><V80/><F102/><W19/><G19/><AGARI ba="0,0" hai="4,6,8,10,16,19,25,27,28,30,125,127,132,134" machi="19" ten="25,12000,2" yaku="22,2,34,3,54,1" doraHai="109" who="0" fromWho="3" sc="300,120,316,0,108,0,276,-120" /><INIT seed="4,0,0,5,4,51" ten="420,316,108,156" oya="0" hai0="73,43,100,4,107,85,12,41,30,82,78,64,10" hai1="62,116,90,71,112,113,110,48,7,91,92,50,35" hai2="102,87,77,129,55,46,93,11,118,114,133,127,3" hai3="128,9,122,121,130,5,79,47,135,134,49,15,120"/><T21/><D73/><U52/><E110/><V105/><F114/><N who="1" m="44137" /><E116/><V89/><F118/><W22/><G79/><T84/><D107/><U81/><E35/><V58/><F127/><W67/><G67/><T126/><D126/><U69/><E7/><V40/><F129/><N who="3" m="49771" /><G49/><N who="1" m="19050" /><E81/><V8/><F133/><N who="3" m="50699" /><G47/><T36/><D36/><U54/><E91/><V66/><F66/><W98/><G98/><T0/><D64/><N who="1" m="41111" /><E71/><V33/><F33/><W44/><G44/><T14/><D100/><U39/><E39/><V65/><F77/><W45/><G45/><T111/><D111/><U34/><E34/><V86/><F86/><AGARI ba="0,0" hai="52,54,86,90,92" m="41111,19050,44137" machi="86" ten="30,8000,1" yaku="15,1,11,1,52,2,54,1" doraHai="51" who="1" fromWho="2" sc="420,0,316,80,108,-80,156,0" /><INIT seed="5,0,0,2,0,43" ten="420,396,28,156" oya="1" hai0="125,37,70,101,75,73,134,107,7,14,94,111,130" hai1="116,71,2,110,113,59,84,10,13,92,124,20,93" hai2="28,77,123,63,46,0,102,34,38,42,97,66,56" hai3="72,80,91,118,69,86,82,57,4,79,114,90,9"/><U23/><E116/><V127/><F127/><W12/><G118/><T88/><D37/><U8/><E71/><V64/><F0/><W74/><G69/><T60/><D111/><U40/><E113/><V53/><F77/><W33/><G33/><T100/><D7/><U108/><E124/><V52/><F123/><W99/><G114/><T44/><D14/><U50/><E2/><V61/><F28/><W106/><G57/><T65/><D125/><U55/><E40/><V76/><F76/><W29/><G29/><T25/><D44/><U67/><E67/><V115/><F34/><W45/><G45/><T36/><D36/><U41/><E8/><V58/><REACH who="2" step="1"/><F115/><REACH who="2" ten="420,396,18,156" step="2"/><W87/><G72/><T6/><D75/><U3/><E3/><V49/><F49/><W121/><G74/><T135/><D73/><U35/><E35/><V83/><F83/><W22/><G121/><T109/><D109/><U11/><E50/><V30/><F30/><W104/><G79/><T132/><D134/><U78/><E78/><V68/><F68/><W126/><G126/><T15/><D132/><U26/><E108/><V5/><F5/><W103/><G22/><T122/><D6/><U21/><E23/><V133/><F133/><W32/><G32/><T51/><D135/><U95/><E21/><V119/><F119/><W48/><G48/><T98/><D51/><U19/><E20/><V89/><F89/><W129/><G129/><T31/><D130/><U105/><E110/><V128/><F128/><W85/><G80/><T54/><D122/><U27/><E10/><V81/><F81/><RYUUKYOKU ba="0,1" sc="420,-10,396,-10,18,30,156,-10" hai2="38,42,46,52,53,56,58,61,63,64,66,97,102" /><INIT seed="6,1,1,0,3,39" ten="410,386,48,146" oya="2" hai0="116,15,78,77,50,48,16,115,44,110,120,79,67" hai1="55,25,42,122,104,131,80,54,26,99,91,85,107" hai2="118,86,5,102,84,123,57,56,18,125,14,93,106" hai3="100,47,52,129,101,81,112,21,59,1,134,74,119"/><V11/><F118/><W9/><G119/><T60/><D110/><U64/><E131/><V105/><F123/><W46/><G129/><T69/><D120/><U34/><E122/><V103/><F125/><W97/><G101/><T88/><D116/><U10/><E64/><V114/><F114/><W82/><G112/><T27/><D27/><U19/><E104/><V124/><F124/><W49/><G134/><T17/><D115/><U113/><E113/><V38/><F38/><W4/><G21/><T66/><D67/><U126/><E126/><V8/><F93/><W41/><G74/><T30/><D30/><U22/><E42/><V65/><F65/><W68/><G46/><T3/><D3/><U111/><E111/><V40/><F14/><W31/><G31/><T24/><D88/><U109/><E34/><V20/><F20/><W121/><G68/><T36/><D17/><U58/><E10/><V73/><F18/><W37/><G121/><T63/><D63/><U132/><E132/><V133/><F133/><W87/><G87/><T76/><N who="0" m="19456" /><DORA hai="6" /><T62/><D62/><U128/><E19/><V33/><F5/><W2/><G1/><T95/><D95/><AGARI ba="1,1" hai="2,4,9,37,41,47,49,52,59,81,82,95,97,100" machi="95" ten="30,7700,0" yaku="7,1,52,2,54,1" doraHai="39,6" who="3" fromWho="0" sc="410,-80,386,0,48,0,146,90" /><INIT seed="7,0,0,5,3,93" ten="330,386,48,236" oya="3" hai0="22,133,9,37,117,74,110,102,86,58,76,41,119" hai1="30,29,57,88,38,2,1,52,17,28,89,134,7" hai2="114,18,67,51,81,103,60,84,120,116,92,135,66" hai3="34,19,107,87,113,12,126,10,122,123,8,115,104"/><W20/><G87/><T56/><D110/><U69/><E38/><V62/><F116/><W21/><G34/><T53/><D133/><U73/><E73/><V98/><F114/><N who="3" m="43531" /><G104/><T50/><D102/><U71/><E134/><V96/><F135/><W63/><G63/><T55/><D74/><U16/><E52/><V99/><F120/><N who="3" m="46123" /><G107/><T11/><D37/><U109/><E57/><V6/><F6/><W77/><G77/><T128/><D128/><U32/><E7/><V13/><F51/><W45/><G45/><N who="0" m="25903" /><D119/><U42/><E42/><V94/><F94/><W25/><G126/><T33/><D33/><U68/><E109/><V26/><F26/><W59/><G59/><N who="0" m="22571" /><D117/><U121/><E32/><V39/><F39/><W90/><G90/><N who="1" m="34922" /><E121/><V72/><F72/><W0/><G0/><AGARI ba="0,0" hai="0,1,2,16,17,28,29,30,68,69,71" m="34922" machi="0" ten="40,8000,1" yaku="28,2,54,2" doraHai="93" who="1" fromWho="3" sc="330,0,386,80,48,0,236,-80" owari="330,13.0,466,56.0,48,-45.0,156,-24.0" /></mjloggm>