<mjloggm ver="2.3"><GO type="225" lobby="0"/><UN n0="%31%73%E3%81%A7%E3%81%84%E3%81%84%E3%81%9D%E3%81%86" n1="%E7%88%86%E7%89%8C%E3%82%A6%E3%82%B7%E3%82%B8%E3%83%9E%E3%81%8F%E3%82%93" n2="%E3%83%B4%E3%83%A0%EF%BC%99%E3%81%A6" n3="%E3%81%AB%E3%82%83%EF%BD%9E%E3%81%8A" dan="16,16,17,16" rate="2127.21,2110.64,2207.53,2141.58" sx="M,M,M,M"/><TAIKYOKU oya="0"/><INIT seed="0,0,0,0,1,2" ten="250,250,250,250" oya="0" hai0="14,133,59,97,86,39,48,67,3,106,123,60,118" hai1="131,6,65,34,45,63,104,10,43,64,20,46,76" hai2="55,0,81,122,130,135,23,72,124,127,82,116,114" hai3="19,93,84,83,132,110,120,96,71,102,24,58,101"/><T62/><D118/><U75/><E34/><V98/><F55/><W56/><G71/><T30/><D123/><U80/><E131/><V89/><F23/><W12/><G120/><T95/><D3/><U112/><E112/><V61/><F61/><W31/><G110/><T119/><D119/><U94/><E46/><V111/><F89/><W85/><G102/><T8/><D39/><U90/><E104/><V109/><F98/><W33/><G132/><T99/><D133/><U5/><E20/><V69/><F81/><W9/><REACH who="3" step="1"/><G85/><REACH who="3" ten="250,250,250,240" step="2"/><T16/><D86/><U126/><E126/><V113/><F135/><W108/><G108/><T15/><D106/><U70/><E64/><V91/><F109/><W79/><AGARI ba="0,1" hai="9,12,19,24,31,33,56,58,79,83,84,93,96,101" machi="79" ten="20,5200,0" yaku="1,1,0,1,7,1,53,1" doraHai="2" doraHaiUra="22" who="3" fromWho="3" sc="250,-26,250,-13,250,-13,240,62" /><INIT seed="1,0,0,0,0,2" ten="224,237,237,302" oya="1" hai0="81,46,9,133,76,66,106,109,117,95,13,23,14" hai1="98,114,120,41,20,111,80,88,12,25,125,93,61" hai2="56,90,24,116,74,51,55,112,135,67,21,65,122" hai3="128,113,36,45,27,132,130,91,39,33,60,126,119"/><U92/><E114/><V35/><F122/><W73/><G73/><T72/><D106/><U83/><E120/><V1/><F116/><W18/><G113/><T48/><D117/><U40/><E125/><V129/><F112/><W99/><G119/><T28/><D109/><U94/><E111/><V75/><F35/><W103/><G126/><T107/><D107/><U82/><E12/><V57/><F129/><W58/><G91/><T70/><D133/><U89/><E61/><V3/><F135/><W101/><G132/><T62/><D95/><U84/><REACH who="1" step="1"/><E94/><REACH who="1" ten="224,227,237,302" step="2"/><V53/><F1/><W54/><G60/><T71/><D71/><U85/><E85/><V30/><F3/><W11/><G128/><T31/><D14/><U64/><E64/><V29/><F74/><W16/><G130/><T124/><D124/><U100/><E100/><V19/><F75/><W47/><G101/><T4/><REACH who="0" step="1"/><D23/><REACH who="0" ten="214,227,237,302" step="2"/><U108/><E108/><V44/><F21/><W0/><G0/><T10/><D10/><U105/><E105/><V6/><F24/><W102/><G27/><T96/><D96/><U15/><E15/><V79/><F65/><W86/><G99/><T17/><D17/><AGARI ba="0,2" hai="17,20,25,40,41,80,82,83,84,88,89,92,93,98" machi="17" ten="40,7700,0" yaku="1,1,8,1,54,1,53,0" doraHai="2" doraHaiUra="134" who="1" fromWho="0" sc="214,-77,227,97,237,0,302,0" /><INIT seed="1,1,0,2,4,27" ten="137,324,237,302" oya="1" hai0="128,135,23,70,9,109,40,113,55,41,122,50,30" hai1="18,93,92,8,112,33,2,63,79,13,28,100,129" hai2="25,66,110,36,1,35,42,52,94,65,5,0,20" hai3="125,3,53,21,32,98,67,117,26,51,120,54,77"/><U95/><E112/><V31/><F110/><W72/><G120/><T106/><D113/><U24/><E129/><V19/><F36/><W97/><G3/><T11/><D106/><U84/><E2/><V132/><F42/><W96/><G32/><T57/><D70/><U86/><E100/><V83/><F132/><W126/><G117/><T43/><D109/><U87/><REACH who="1" step="1"/><E63/><REACH who="1" ten="137,314,237,302" step="2"/><V44/><F0/><W108/><G108/><T131/><D135/><U105/><E105/><V123/><F123/><W104/><G104/><T116/><D122/><U107/><E107/><V80/><F65/><W49/><G67/><T89/><D116/><U15/><E15/><N who="2" m="9343" /><F66/><W14/><G14/><T47/><D128/><U111/><E111/><V69/><F69/><W37/><G125/><T60/><D131/><U75/><E75/><V102/><F102/><W121/><G72/><T58/><D60/><U115/><E115/><V101/><F101/><W6/><G121/><T68/><D68/><U17/><E17/><V99/><F1/><W38/><G126/><T118/><D118/><U134/><E134/><V4/><F4/><W114/><G6/><T59/><REACH who="0" step="1"/><D89/><REACH who="0" ten="127,314,237,302" step="2"/><U10/><E10/><V133/><F133/><W91/><G91/><T81/><D81/><AGARI ba="1,2" hai="8,13,18,24,28,33,79,81,84,86,87,92,93,95" machi="81" ten="40,3900,0" yaku="1,1,52,1,53,0" doraHai="27" doraHaiUra="34" who="1" fromWho="0" sc="127,-42,314,62,237,0,302,0" /><INIT seed="1,2,0,5,5,65" ten="85,376,237,302" oya="1" hai0="73,4,40,74,48,93,81,132,124,44,54,0,123" hai1="94,100,112,1,91,115,42,103,77,108,41,43,87" hai2="102,10,57,84,16,19,135,113,78,2,34,119,69" hai3="56,83,129,39,122,98,105,63,21,64,107,51,116"/><U134/><E1/><V5/><F119/><W133/><G122/><T71/><D123/><U24/><E134/><V47/><F135/><W8/><G39/><T46/><D132/><U79/><E108/><V35/><F113/><W38/><G38/><T37/><D124/><U68/><E68/><V22/><F69/><W111/><G133/><T106/><D93/><U58/><E112/><V18/><F102/><N who="1" m="38953" /><E115/><V23/><F47/><W76/><G111/><T72/><D106/><U86/><E24/><N who="2" m="14407" /><F84/><N who="1" m="32297" /><E58/><V130/><F78/><W99/><G76/><T27/><D27/><U49/><E49/><V120/><F57/><W127/><G51/><T30/><D30/><U11/><E11/><V114/><F120/><W31/><G8/><T88/><D71/><U92/><E91/><V32/><F114/><W80/><G31/><T13/><D13/><U60/><E60/><V128/><F23/><W118/><G21/><T26/><D26/><U85/><E85/><V97/><F97/><W28/><G56/><T110/><D88/><U15/><E15/><V117/><F117/><W33/><G116/><T89/><D89/><U90/><E90/><V17/><AGARI ba="2,0" hai="2,5,10,17,18,19,32,34,35,128,130" m="14407" machi="17" ten="40,5200,0" yaku="34,2,54,1" doraHai="65" who="2" fromWho="2" sc="85,-15,376,-28,237,58,302,-15" /><INIT seed="2,0,0,2,5,23" ten="70,348,295,287" oya="2" hai0="106,83,107,48,104,51,26,96,69,35,12,17,121" hai1="7,120,44,1,72,36,78,98,31,24,97,58,101" hai2="109,93,66,76,132,61,3,91,67,114,2,30,65" hai3="100,9,131,11,50,127,81,47,112,108,134,111,125"/><V80/><F114/><W129/><G100/><T135/><D121/><U64/><E120/><V128/><F128/><N who="3" m="49227" /><G81/><T34/><D135/><U119/><E119/><V116/><F116/><W37/><G37/><T92/><D69/><U56/><E97/><V6/><F132/><W75/><G75/><T77/><D34/><N who="1" m="20839" /><E64/><V94/><F109/><N who="3" m="42059" /><G134/><T105/><N who="0" m="26624" /><DORA hai="59" /><T122/><D122/><U38/><E101/><V124/><F124/><N who="3" m="47691" /><G112/><T22/><D83/><U32/><E72/><V86/><F93/><W63/><G63/><T88/><REACH who="0" step="1"/><D77/><REACH who="0" ten="60,348,295,287" step="2"/><U49/><E32/><V33/><F80/><W10/><G10/><T29/><AGARI ba="0,1" hai="12,17,22,26,29,35,48,51,88,92,96" m="26624" machi="29" ten="60,8000,1" yaku="1,1,2,1,0,1,52,1,54,1,53,0" doraHai="23,59" doraHaiUra="42,123" who="0" fromWho="0" sc="60,90,348,-20,295,-40,287,-20" /><INIT seed="3,0,0,4,3,120" ten="150,328,255,267" oya="3" hai0="25,14,62,5,65,121,49,55,54,37,8,122,127" hai1="7,100,79,51,22,132,30,56,71,6,90,119,74" hai2="17,15,48,80,27,21,129,0,36,77,101,86,31" hai3="115,59,133,118,84,60,94,75,67,38,23,32,82"/><W134/><G118/><T3/><D37/><U110/><E71/><V19/><F36/><W29/><G115/><T1/><D127/><U125/><E132/><N who="3" m="50794" /><G38/><T47/><D3/><U26/><E125/><V2/><F129/><W130/><G130/><T114/><D114/><U41/><E100/><V45/><F101/><W88/><G32/><T43/><D1/><U52/><E110/><V128/><F128/><W72/><G82/><T135/><D135/><U109/><E109/><V108/><F108/><W68/><G68/><T95/><D121/><U104/><E104/><V33/><F17/><W126/><G126/><T18/><D122/><U66/><E66/><V58/><F58/><W50/><G50/><T106/><D106/><U83/><E119/><V91/><F77/><W20/><G29/><T78/><D78/><U69/><E69/><V98/><F98/><W107/><G107/><T124/><D124/><U61/><E90/><V113/><F113/><W102/><G102/><T11/><D95/><U76/><E76/><V13/><F13/><W4/><G4/><T87/><D87/><U117/><E117/><V10/><F33/><W40/><G40/><AGARI ba="0,0" hai="0,2,10,15,19,21,27,31,40,45,48,80,86,91" machi="40" ten="30,1000,0" yaku="7,1" doraHai="120" who="2" fromWho="3" sc="150,0,328,0,255,10,267,-10" owari="150,-35.0,328,42.0,265,7.0,257,-14.0" /></mjloggm>