<mjloggm ver="2.3"><GO type="185" lobby="0"/><UN n0="%4B%69%64%6F%37%35%30%30" n1="%28%C2%B4%C2%B0%CF%89%C2%B0%EF%BD%80%29" n2="%4A%45%54%4D%41%4E%4E" n3="" dan="16,18,16,0" rate="2111.08,2317.34,2152.95,1500.00" sx="M,M,M,C"/><TAIKYOKU oya="0"/><INIT seed="0,0,0,3,2,120" ten="350,350,350,0" oya="0" hai0="2,103,39,115,135,0,92,118,125,128,61,64,131" hai1="44,41,65,73,72,117,86,47,78,51,94,95,89" hai2="55,48,83,93,57,102,101,70,100,130,52,75,79" hai3=""/><T119/><D39/><U116/><E65/><V56/><F70/><T84/><D115/><U126/><E126/><V91/><F130/><N who="0" m="49706" /><D125/><U66/><E66/><V122/><N who="2" m="31264" /><V108/><F108/><T76/><D135/><U54/><E94/><V46/><REACH who="2" step="1"/><F55/><REACH who="2" ten="350,350,340,0" step="2"/><T112/><D112/><U68/><E68/><V87/><AGARI ba="0,1" hai="46,48,52,56,57,75,79,83,87,91,93,100,101,102" m="31264" machi="87" ten="30,6000,1" yaku="1,1,2,1,0,1,52,1,54,1,53,0" doraHai="120" doraHaiUra="110" who="2" fromWho="2" sc="350,-40,350,-20,340,70,0,0" /><INIT seed="1,0,0,3,4,117" ten="310,330,410,0" oya="1" hai0="70,80,115,125,97,120,96,134,45,83,49,98,129" hai1="72,113,1,77,3,65,2,61,94,59,73,47,35" hai2="112,128,48,127,105,88,46,99,109,63,42,84,135" hai3=""/><U76/><E113/><V66/><F112/><T102/><N who="0" m="30752" /><T92/><D115/><U131/><E35/><V39/><F135/><T116/><D134/><U32/><E32/><V50/><F128/><T114/><D70/><U43/><E131/><V58/><F127/><T64/><D64/><U89/><E73/><V0/><F0/><T130/><D114/><U52/><E65/><V54/><F109/><T62/><D62/><U119/><E72/><V118/><F118/><T38/><D38/><U126/><E126/><V74/><F74/><T34/><D34/><U60/><E60/><V78/><F78/><T93/><D130/><U75/><E75/><V103/><F66/><T100/><D129/><U124/><E124/><V69/><F69/><T81/><D125/><U90/><E90/><V108/><F108/><T53/><D116/><U91/><E89/><V85/><F85/><T68/><D68/><U122/><N who="1" m="31264" /><U123/><N who="1" m="31520" /><U107/><E107/><V104/><F105/><T51/><D51/><U41/><E119/><V121/><N who="2" m="31008" /><V95/><AGARI ba="0,0" hai="39,42,46,48,50,54,58,63,84,88,95,99,103,104" m="31008" machi="95" ten="20,9000,2" yaku="4,1,0,1,7,1,52,2,54,1" doraHai="117" who="2" fromWho="2" sc="310,-30,330,-60,410,90,0,0" /><INIT seed="2,0,0,4,1,45" ten="280,270,500,0" oya="2" hai0="80,76,109,106,116,120,97,92,94,44,34,48,70" hai1="35,113,88,32,101,53,71,114,82,89,81,78,117" hai2="33,3,119,91,58,75,69,104,133,47,130,39,1" hai3=""/><V0/><RYUUKYOKU type="yao9" ba="0,0" sc="280,0,270,0,500,0,0,0" hai2="0,1,3,33,39,47,58,69,75,91,104,119,130,133" /><INIT seed="2,1,0,3,2,76" ten="280,270,500,0" oya="2" hai0="66,43,93,78,100,69,34,125,124,63,87,40,101" hai1="130,72,79,98,132,84,75,123,114,45,103,38,65" hai2="127,0,86,3,53,1,99,133,55,92,50,118,128" hai3=""/><V73/><F118/><T97/><D34/><U95/><N who="1" m="31520" /><U131/><E114/><V52/><F73/><T121/><N who="0" m="31008" /><T58/><D101/><U80/><E65/><V42/><F133/><T36/><D36/><U32/><E32/><V74/><F74/><N who="1" m="28201" /><E45/><V54/><F42/><T64/><D64/><U122/><N who="1" m="31264" /><U89/><E38/><V33/><F33/><T41/><REACH who="0" step="1"/><D69/><REACH who="0" ten="270,270,500,0" step="2"/><U96/><E132/><V117/><F0/><T106/><D106/><AGARI ba="1,1" hai="79,80,84,89,95,96,98,103,106,130,131" m="31264,28201,31520" machi="106" ten="30,8000,1" yaku="34,2,52,3" doraHai="76" who="1" fromWho="0" sc="270,-82,270,92,500,0,0,0" /><INIT seed="4,0,0,4,0,62" ten="188,362,500,0" oya="0" hai0="132,94,98,92,104,91,32,135,76,39,71,89,1" hai1="79,129,90,49,87,105,40,81,41,54,99,116,65" hai2="123,35,112,75,38,95,73,56,114,115,2,134,3" hai3=""/><T111/><D32/><U66/><E116/><V72/><N who="2" m="31520" /><V0/><F35/><T46/><D1/><U50/><E129/><V67/><F38/><T82/><D71/><U68/><E68/><V51/><F95/><T96/><D39/><U117/><E117/><V58/><F51/><T127/><D46/><U124/><E124/><V118/><F118/><T59/><D127/><U101/><E50/><V64/><F134/><T119/><D119/><U93/><E40/><V88/><F88/><T108/><D59/><AGARI ba="0,0" hai="0,2,3,56,58,59,64,67,72,73,75,112,114,115" m="31520" machi="59" ten="60,16000,3" yaku="29,2,28,2,15,1,52,3" doraHai="62" who="2" fromWho="0" sc="188,-160,362,0,500,160,0,0" /><INIT seed="5,0,0,3,0,64" ten="28,362,660,0" oya="1" hai0="36,121,117,81,33,65,87,102,132,116,52,107,80" hai1="124,130,1,113,62,32,35,92,75,84,53,43,41" hai2="0,67,94,73,82,74,56,57,86,85,119,96,125" hai3=""/><U45/><BYE who="0" /><E1/><V39/><F0/><T60/><D60/><U38/><E75/><V49/><F119/><T37/><D37/><U72/><E72/><V71/><F39/><T112/><D112/><U110/><E113/><V93/><F125/><T63/><D63/><U55/><E124/><V129/><F129/><T109/><D109/><U97/><E130/><V106/><F106/><T3/><D3/><U123/><N who="1" m="31520" /><U115/><E43/><V90/><F74/><T120/><D120/><U100/><E115/><V118/><F118/><T61/><D61/><U44/><E110/><V66/><F66/><T47/><D47/><U105/><E55/><V34/><F67/><T40/><D40/><U78/><E92/><V77/><F93/><T58/><D58/><U50/><REACH who="1" step="1"/><E62/><REACH who="1" ten="28,352,660,0" step="2"/><V95/><F94/><T2/><D2/><U104/><E104/><V127/><F95/><T128/><D128/><U114/><E114/><V101/><F127/><T122/><D122/><U103/><E103/><V111/><F101/><T54/><D54/><U59/><E59/><V99/><F57/><T83/><D83/><U79/><E79/><V91/><F82/><T70/><D70/><U135/><E135/><V131/><F71/><T42/><D42/><RYUUKYOKU ba="0,1" sc="28,-10,352,20,660,-10,0,0" hai1="32,35,38,41,44,45,50,53,78,84,97,100,105" /><INIT seed="5,1,1,2,3,86" ten="18,372,650,0" oya="1" hai0="85,38,1,103,41,89,40,78,95,106,123,75,74" hai1="91,98,99,112,57,87,125,94,71,56,116,101,48" hai2="118,115,32,36,44,111,109,135,51,61,120,97,102" hai3=""/><U66/><E112/><V88/><F32/><T64/><D64/><U124/><E116/><V42/><F115/><T82/><D82/><U90/><E71/><V80/><F118/><T83/><D83/><U110/><E110/><V70/><F135/><T54/><D54/><U47/><E66/><V63/><F36/><T121/><D121/><U134/><E134/><V59/><F70/><T55/><D55/><U72/><E72/><V129/><F129/><T46/><D46/><U128/><E128/><V39/><F39/><T107/><D107/><U45/><E87/><V58/><F120/><T133/><D133/><U3/><E48/><V65/><F51/><T84/><D84/><U68/><E94/><V33/><F109/><T105/><D105/><U67/><E68/><V81/><F111/><T34/><D34/><U69/><E69/><V113/><F33/><T52/><D52/><U108/><E108/><V79/><F65/><T119/><D119/><U93/><E67/><V50/><F113/><T43/><D43/><U73/><E3/><V60/><F50/><T122/><D122/><U132/><E132/><V62/><F62/><T37/><D37/><U131/><E131/><V2/><F63/><T76/><D76/><U117/><E117/><RYUUKYOKU ba="1,1" sc="18,0,372,0,650,0,0,0" /><INIT seed="6,2,1,2,0,50" ten="18,372,650,0" oya="2" hai0="134,93,94,108,51,48,79,72,49,38,124,0,106" hai1="78,104,91,82,70,99,119,57,130,62,45,92,80" hai2="77,53,85,74,96,71,100,103,109,61,55,64,60" hai3=""/><V44/><F109/><T101/><D101/><U68/><E119/><V126/><F126/><T112/><D112/><U52/><E130/><V1/><F1/><T3/><D3/><U59/><E82/><V89/><F74/><T37/><D37/><U34/><E104/><V113/><F77/><T127/><D127/><U132/><E34/><V41/><F60/><T67/><D67/><U98/><E132/><V102/><F96/><T114/><D114/><U54/><E99/><UN n0="%4B%69%64%6F%37%35%30%30" /><V39/><F113/><T115/><D115/><U121/><BYE who="0" /><N who="1" m="31008" /><U118/><E118/><V46/><F46/><T42/><D42/><U131/><E131/><V83/><AGARI ba="2,1" hai="39,41,44,53,55,61,64,71,83,85,89,100,102,103" machi="83" ten="30,4000,0" yaku="0,1,52,2" doraHai="50" who="2" fromWho="2" sc="18,-22,372,-22,650,54,0,0" owari="-4,-60.0,350,-5.0,704,65.0,0,0.0" /></mjloggm>