<mjloggm ver="2.3"><GO type="169" lobby="0"/><UN n0="%6E%69%73%69%35%30%32%38" n1="%E3%81%97%E3%82%85%E3%82%93%E3%81%A4%E3%81%A7" n2="%E6%B3%A2%E7%91%A0" n3="%63%6C%75%74%63%68%37%33" dan="17,17,16,17" rate="2146.65,2234.82,2144.13,2171.10" sx="M,M,F,M"/><TAIKYOKU oya="0"/><INIT seed="0,0,0,1,4,62" ten="250,250,250,250" oya="0" hai0="14,27,101,132,42,102,47,81,128,119,125,55,116" hai1="72,127,63,39,0,106,124,84,98,3,52,31,93" hai2="68,21,129,54,99,86,73,123,8,85,57,88,44" hai3="61,38,69,28,66,115,75,109,43,122,45,23,36"/><T49/><D128/><U40/><E72/><V113/><F73/><W13/><G115/><T7/><D125/><N who="1" m="48203" /><E31/><V112/><F123/><W24/><G109/><T53/><D132/><U105/><E40/><V58/><F68/><W135/><G135/><T95/><D27/><U10/><E39/><V97/><F129/><W117/><G75/><T26/><D26/><U9/><E84/><V104/><F21/><W11/><G122/><T108/><D108/><U134/><E134/><V80/><F86/><W20/><G117/><T15/><D81/><U29/><E29/><V56/><F104/><N who="1" m="40041" /><E0/><V37/><F37/><W25/><G38/><T17/><D42/><U41/><E41/><V71/><F113/><W131/><G131/><T67/><D95/><U64/><E52/><V103/><F112/><W33/><REACH who="3" step="1"/><G25/><REACH who="3" ten="250,250,250,240" step="2"/><T92/><D119/><U5/><E3/><V120/><F120/><W32/><G32/><T2/><D2/><U59/><E5/><AGARI ba="0,1" hai="5,11,13,20,23,24,28,33,36,43,45,61,66,69" machi="5" ten="30,3900,0" yaku="1,1,7,1,52,1,53,0" doraHai="62" doraHaiUra="51" who="3" fromWho="1" sc="250,0,250,-39,250,0,240,49" /><INIT seed="1,0,0,4,3,60" ten="250,211,250,289" oya="1" hai0="114,39,15,129,76,17,125,133,28,27,95,70,65" hai1="61,110,128,91,18,22,19,92,51,7,34,62,44" hai2="127,43,45,16,14,103,69,59,117,24,121,101,99" hai3="80,10,78,89,47,106,68,3,71,12,93,81,67"/><U135/><E34/><V73/><F69/><W2/><G106/><T83/><D114/><U79/><E135/><V42/><F73/><W53/><G71/><T77/><D39/><U48/><E128/><V123/><F117/><W9/><G9/><T105/><D105/><U40/><E7/><V97/><F127/><W85/><G81/><T107/><D107/><U90/><E79/><V98/><F24/><W6/><G53/><T57/><D70/><U94/><E110/><V66/><F121/><W52/><G67/><T29/><D129/><U86/><E51/><N who="2" m="27063" /><F43/><W25/><G25/><T122/><D125/><U132/><E132/><V120/><F120/><W4/><G4/><T82/><D133/><U111/><E111/><V100/><F123/><W32/><G68/><T75/><D95/><U72/><E72/><V64/><F59/><W38/><G32/><T96/><D96/><U104/><E104/><V63/><F63/><N who="1" m="24073" /><E22/><AGARI ba="0,0" hai="14,16,22,64,66,97,98,99,100,101,103" m="27063" machi="22" ten="30,7700,0" yaku="8,1,52,2,54,1" doraHai="60" who="2" fromWho="1" sc="250,0,211,-77,250,77,289,0" /><INIT seed="2,0,0,1,3,51" ten="250,134,327,289" oya="2" hai0="59,43,39,57,90,69,112,75,101,126,64,66,113" hai1="41,19,73,8,70,114,92,0,97,81,23,115,96" hai2="7,119,71,91,89,84,33,80,29,3,102,105,26" hai3="74,82,108,129,14,103,50,120,13,22,46,121,61"/><V31/><F119/><W56/><G108/><T125/><D75/><U118/><E118/><V38/><F38/><W78/><G129/><T10/><D101/><U17/><E70/><V111/><F71/><W77/><G103/><T9/><D90/><U1/><E41/><V132/><F132/><W123/><G78/><T98/><D98/><U117/><E117/><V15/><F3/><W128/><G128/><T76/><D76/><U110/><E8/><V99/><F31/><W88/><G88/><T35/><D35/><U34/><E34/><V131/><F131/><W122/><G22/><T5/><D5/><U2/><E23/><V79/><F111/><W16/><G16/><T95/><D95/><U37/><E37/><V130/><F130/><W48/><G48/><T54/><D39/><U109/><E0/><V55/><F15/><W86/><G86/><T63/><D69/><U65/><E65/><V45/><REACH who="2" step="1"/><F7/><REACH who="2" ten="250,134,317,289" step="2"/><W6/><G6/><T25/><D25/><U47/><E109/><V21/><F21/><W124/><G123/><T127/><D127/><U83/><E110/><V68/><F68/><W27/><G124/><T4/><D4/><U24/><E1/><V42/><F42/><W104/><G122/><T18/><D43/><U30/><E2/><V49/><AGARI ba="0,1" hai="26,29,33,45,49,55,79,80,84,89,91,99,102,105" machi="49" ten="30,6000,0" yaku="1,1,0,1,52,1,53,0" doraHai="51" doraHaiUra="12" who="2" fromWho="2" sc="250,-20,134,-20,317,70,289,-20" /><INIT seed="2,1,0,1,3,22" ten="230,114,387,269" oya="2" hai0="91,5,68,54,0,72,76,98,56,63,120,90,99" hai1="94,92,3,96,109,9,127,84,103,104,31,124,123" hai2="102,107,121,66,77,86,60,2,131,116,128,59,69" hai3="6,122,39,113,112,24,52,108,126,35,12,40,101"/><V118/><F2/><W37/><G122/><T8/><D120/><U25/><E123/><V129/><F121/><W74/><G74/><T15/><D68/><U46/><E109/><V19/><F69/><W50/><G108/><T78/><D0/><U20/><E46/><V26/><F102/><W53/><G53/><T4/><D4/><U64/><E64/><V133/><F107/><W58/><G101/><T43/><D43/><U80/><E3/><V49/><F49/><W79/><G79/><N who="0" m="30251" /><D72/><U13/><E80/><N who="2" m="47375" /><F133/><W33/><G33/><T27/><D27/><U97/><E84/><V82/><F82/><W23/><G35/><T71/><D71/><U115/><E115/><N who="3" m="44106" /><G40/><T135/><D135/><U95/><REACH who="1" step="1"/><E97/><AGARI ba="1,0" hai="5,8,15,54,56,63,90,91,97,98,99" m="30251" machi="97" ten="30,1000,0" yaku="8,1" doraHai="22" who="0" fromWho="1" sc="230,13,114,-13,387,0,269,0" /><INIT seed="3,0,0,5,3,101" ten="243,101,387,269" oya="3" hai0="94,126,28,50,17,58,135,116,127,124,31,61,18" hai1="55,42,30,105,100,121,82,13,115,41,27,19,52" hai2="128,0,29,34,96,132,91,97,8,72,103,6,93" hai3="36,111,71,23,92,106,48,56,38,74,46,15,113"/><W123/><G123/><T43/><D116/><U3/><E3/><V7/><F72/><W16/><G113/><T129/><D129/><U120/><E82/><V112/><F112/><W90/><G71/><T11/><D135/><U107/><E115/><V40/><F128/><W51/><G74/><T119/><D119/><U131/><E100/><V76/><F76/><W73/><G73/><T78/><D78/><U37/><E131/><V54/><F40/><W39/><G111/><T49/><D94/><U77/><E77/><V21/><F34/><W25/><G106/><T14/><D18/><U22/><E121/><V57/><F7/><W80/><G80/><T64/><REACH who="0" step="1"/><D43/><REACH who="0" ten="233,101,387,269" step="2"/><U60/><E42/><V85/><F132/><W67/><G38/><T118/><D118/><U24/><E120/><V108/><F108/><W86/><G25/><T59/><D59/><U75/><E75/><V134/><F134/><W2/><G39/><T81/><D81/><U4/><E4/><V104/><F93/><W125/><G36/><T47/><D47/><U102/><E27/><V98/><F57/><W95/><G46/><T99/><D99/><U89/><E41/><V32/><F98/><W26/><G26/><T62/><D62/><U68/><E37/><V69/><F97/><W117/><G117/><T35/><D35/><U87/><E102/><V5/><F32/><W10/><G95/><T9/><D9/><N who="1" m="6575" /><E68/><V83/><F69/><W84/><G84/><T70/><D70/><U88/><E60/><V110/><F110/><W114/><G114/><T63/><D63/><U33/><E33/><RYUUKYOKU ba="0,1" sc="233,30,101,-10,387,-10,269,-10" hai0="11,14,17,28,31,49,50,58,61,64,124,126,127" /><INIT seed="4,1,1,5,2,70" ten="263,91,377,259" oya="0" hai0="93,111,65,64,63,101,88,104,42,135,19,134,34" hai1="68,87,43,75,39,72,127,14,108,133,51,11,8" hai2="100,31,125,30,79,80,132,85,18,52,23,62,45" hai3="114,36,50,69,78,96,6,26,106,25,37,28,47"/><T97/><D34/><U118/><E108/><V44/><F132/><N who="0" m="50730" /><D111/><U109/><E109/><V5/><F125/><W83/><G114/><T12/><D42/><U1/><E127/><V131/><F131/><W24/><G69/><T3/><D3/><U22/><E68/><V86/><F100/><W92/><G106/><T116/><D63/><U15/><E118/><V16/><F5/><W99/><G28/><N who="2" m="10793" /><F86/><W105/><G105/><T17/><D116/><U38/><E1/><V77/><F77/><W115/><G6/><T9/><D19/><N who="2" m="7210" /><F23/><W89/><G99/><AGARI ba="1,1" hai="9,12,17,64,65,88,93,97,99,101,104" m="50730" machi="99" ten="30,2900,0" yaku="20,1,54,1" doraHai="70" who="0" fromWho="3" sc="263,42,91,0,377,0,259,-32" /><INIT seed="4,2,0,1,0,76" ten="305,91,377,227" oya="0" hai0="54,127,62,55,1,83,12,59,123,128,121,10,92" hai1="3,25,126,7,44,13,56,110,6,22,17,109,98" hai2="50,9,49,29,111,36,71,41,108,135,102,53,0" hai3="15,5,34,86,68,80,23,66,116,51,69,85,133"/><T132/><D1/><U94/><E126/><V124/><F71/><W97/><G34/><T57/><D127/><U120/><E120/><V11/><F124/><W115/><G116/><T122/><D128/><U72/><E72/><V77/><F102/><W46/><G133/><T8/><D132/><U30/><E44/><V79/><F135/><W130/><G130/><T20/><D92/><U35/><E56/><V125/><F125/><W103/><G86/><T88/><D20/><U61/><E61/><V75/><F29/><W52/><G66/><T106/><D106/><U117/><E117/><V47/><F79/><W100/><G100/><T64/><D64/><U48/><E48/><V119/><F11/><W67/><G67/><T87/><REACH who="0" step="1"/><D12/><REACH who="0" ten="295,91,377,227" step="2"/><U113/><E113/><V131/><F119/><W129/><G115/><T16/><D16/><U112/><E112/><V91/><F131/><W105/><G129/><T93/><D93/><U37/><E6/><V38/><F111/><W95/><G105/><T74/><D74/><U82/><E7/><V24/><F108/><W134/><G134/><T89/><D89/><U70/><E3/><V118/><F91/><W32/><G32/><T114/><D114/><U42/><E110/><V65/><F65/><W78/><REACH who="3" step="1"/><G23/><REACH who="3" ten="295,91,377,217" step="2"/><T90/><D90/><N who="1" m="55639" /><E109/><V73/><F118/><W28/><G28/><T63/><AGARI ba="2,2" hai="8,10,54,55,57,59,62,63,83,87,88,121,122,123" machi="63" ten="30,12000,1" yaku="1,1,0,1,9,1,52,1,54,1,53,0" doraHai="76" doraHaiUra="107" who="0" fromWho="0" sc="295,146,91,-42,377,-42,217,-42" /><INIT seed="4,3,0,2,3,87" ten="441,49,335,175" oya="0" hai0="83,40,19,74,66,130,111,48,18,100,76,101,38" hai1="56,65,57,112,99,47,45,88,30,108,98,16,69" hai2="92,50,37,70,46,107,49,72,129,115,123,61,73" hai3="0,126,2,24,68,44,94,93,114,22,90,5,113"/><T117/><D117/><U106/><E108/><V59/><F107/><W11/><G126/><T17/><D38/><U35/><E112/><N who="3" m="43114" /><G68/><T89/><D111/><U26/><E57/><V63/><F115/><W122/><G122/><T67/><D130/><U128/><E128/><V79/><F129/><W134/><G134/><T95/><D40/><U81/><E56/><V84/><F123/><W86/><G44/><T23/><D48/><U58/><E58/><V91/><F37/><W14/><G94/><T104/><D23/><U28/><E28/><AGARI ba="3,0" hai="0,2,5,11,14,22,24,28,86,90,93" m="43114" machi="28" ten="30,2000,0" yaku="15,1,52,1" doraHai="87" who="3" fromWho="1" sc="441,0,49,-29,335,0,175,29" /><INIT seed="5,0,0,1,3,8" ten="441,20,335,204" oya="1" hai0="23,76,73,68,48,66,31,57,125,89,42,6,78" hai1="45,62,58,32,13,47,88,79,135,37,116,46,107" hai2="71,75,72,127,95,19,97,14,12,26,15,102,111" hai3="56,2,109,70,36,28,91,0,1,10,113,119,98"/><U118/><E32/><V35/><F71/><W106/><G109/><T115/><D68/><U54/><E107/><V134/><F111/><W122/><G70/><T117/><D117/><U38/><E79/><V132/><F127/><W5/><G122/><T74/><D6/><U11/><E135/><V34/><F19/><W120/><G120/><T93/><D66/><U20/><E20/><V101/><F101/><W80/><G36/><T110/><D110/><U81/><E38/><V96/><F96/><W112/><G28/><T100/><D100/><U77/><E37/><V87/><F87/><N who="3" m="50663" /><G119/><T27/><D115/><N who="3" m="44105" /><G56/><T69/><D69/><U51/><E77/><V108/><F108/><W129/><G129/><T3/><D3/><N who="3" m="1097" /><G98/><T4/><D57/><U22/><E22/><V43/><F43/><W53/><G53/><T83/><D42/><N who="1" m="25015" /><E118/><V44/><F44/><W49/><G49/><T52/><D76/><U21/><E21/><V92/><F92/><W123/><G123/><T24/><D23/><U33/><E33/><V41/><F41/><W64/><G64/><T114/><D78/><U124/><E124/><V94/><F94/><W131/><G131/><T30/><D125/><U99/><E116/><V39/><F39/><W82/><G82/><T133/><D83/><U130/><E130/><V103/><F103/><W85/><G85/><T86/><D31/><U9/><E9/><V55/><F55/><W18/><G106/><T63/><D30/><U25/><E25/><V61/><F26/><W67/><G67/><T65/><D24/><U90/><E47/><V17/><F35/><RYUUKYOKU ba="0,0" sc="441,-10,20,-10,335,-10,204,30" hai3="2,5,10,18" /><INIT seed="6,1,0,5,5,63" ten="431,10,325,234" oya="2" hai0="104,102,46,121,76,40,110,67,3,51,86,28,8" hai1="111,95,30,4,36,34,68,78,5,70,35,107,37" hai2="131,103,120,99,32,42,25,117,47,41,75,60,96" hai3="112,53,135,61,94,43,80,118,126,27,116,6,77"/><V10/><F75/><W1/><G135/><T16/><D110/><U125/><E111/><V88/><F120/><W26/><G126/><T122/><D28/><U58/><E95/><V56/><F117/><W128/><G128/><T21/><D104/><U54/><E125/><V18/><F131/><W119/><G112/><T0/><D102/><U124/><E124/><V106/><F32/><W134/><G134/><T52/><D76/><U90/><E58/><V9/><F25/><W2/><G94/><T97/><D97/><U84/><E54/><V89/><F42/><W64/><G53/><T83/><D40/><U66/><E78/><V48/><F96/><W69/><G43/><T14/><D67/><U45/><E90/><V130/><F130/><W108/><G108/><T55/><D55/><U133/><E84/><V39/><F39/><W114/><G114/><T33/><D33/><U57/><E57/><V93/><F106/><W71/><G71/><T23/><D23/><U15/><E15/><N who="2" m="7535" /><F10/><W73/><G6/><T17/><D0/><U87/><E87/><V11/><F11/><W115/><G115/><T72/><D72/><U113/><E113/><V101/><F101/><W50/><G50/><T24/><REACH who="0" step="1"/><D3/><REACH who="0" ten="421,10,325,234" step="2"/><U49/><E133/><V132/><F132/><W92/><G1/><T91/><AGARI ba="1,1" hai="8,14,16,17,21,24,46,51,52,83,86,91,121,122" machi="91" ten="20,16000,3" yaku="1,1,2,1,0,1,7,1,25,2,54,2,53,0" doraHai="63" doraHaiUra="98" who="0" fromWho="0" sc="421,173,10,-41,325,-81,234,-41" owari="594,70.0,-31,-53.0,244,4.0,193,-21.0" /></mjloggm>