<mjloggm ver="2.3"><GO type="169" lobby="0"/><UN n0="%E3%81%84%E3%81%84%E3%81%9E" n1="%E2%80%A0%E7%99%BD%E5%85%8E%E2%80%A0" n2="%E5%8F%A4%E6%9C%AC" n3="%E3%81%82%E3%81%BE%E3%81%BF%EF%BD%9E" dan="16,16,16,17" rate="2135.54,2157.88,2046.19,2125.91" sx="M,M,M,M"/><TAIKYOKU oya="0"/><INIT seed="0,0,0,5,5,95" ten="250,250,250,250" oya="0" hai0="104,103,99,87,102,49,112,77,15,8,13,40,72" hai1="44,14,35,91,84,28,7,65,135,110,93,3,107" hai2="22,76,32,67,11,4,55,23,60,51,79,9,27" hai3="16,111,81,33,75,17,48,124,54,59,119,26,25"/><T45/><D112/><U19/><E110/><V97/><F32/><W39/><G119/><T68/><D68/><U105/><E135/><V90/><F23/><W98/><G39/><T0/><D103/><U52/><E65/><V58/><F11/><W96/><G75/><T56/><D72/><U130/><E130/><V24/><F24/><N who="3" m="9323" /><G33/><T21/><D21/><U82/><E35/><V20/><F20/><W47/><G111/><T10/><D56/><U73/><E28/><V64/><F64/><W2/><G2/><T34/><D34/><U71/><E7/><V126/><F126/><W57/><G81/><T5/><REACH who="0" step="1"/><D10/><REACH who="0" ten="240,250,250,250" step="2"/><U1/><E71/><V132/><F9/><W117/><G124/><T122/><D122/><U29/><E73/><V83/><F22/><W128/><G117/><T30/><D30/><U109/><E29/><V129/><F58/><N who="3" m="22027" /><G128/><T89/><D89/><U61/><E91/><V41/><F90/><W37/><G37/><T74/><D74/><U131/><E131/><V46/><F129/><W121/><G121/><T43/><D43/><U31/><E31/><V38/><F41/><W88/><G88/><T70/><D70/><U127/><E127/><V114/><F38/><W92/><G92/><T108/><D108/><U125/><E93/><V50/><F114/><W53/><G53/><T69/><D69/><U94/><E94/><V113/><F55/><W85/><G85/><T120/><D120/><U115/><E52/><V123/><F113/><W6/><G54/><T80/><AGARI ba="0,1" hai="0,5,8,13,15,40,45,49,77,80,87,99,102,104" machi="80" ten="30,6000,0" yaku="1,1,0,1,52,1,53,0" doraHai="95" doraHaiUra="133" who="0" fromWho="0" sc="240,70,250,-20,250,-20,250,-20" /><INIT seed="0,1,0,1,0,107" ten="310,230,230,230" oya="0" hai0="75,12,1,85,66,72,37,32,95,4,82,98,22" hai1="6,47,80,50,36,106,53,76,23,116,14,113,121" hai2="122,73,92,26,61,25,115,45,105,62,84,89,68" hai3="83,96,120,104,28,101,88,127,123,112,79,130,21"/><T65/><D32/><U58/><E116/><V7/><F122/><N who="3" m="46635" /><G28/><T15/><D37/><U33/><E121/><V81/><F115/><W20/><G112/><T34/><D34/><U42/><E33/><V56/><F105/><W132/><G132/><T99/><D1/><U2/><E106/><V91/><F7/><W78/><G130/><T5/><D95/><U109/><E109/><V100/><F100/><W87/><G127/><T30/><D30/><U55/><E113/><V35/><F35/><W128/><G128/><T114/><D114/><U97/><E97/><V11/><F11/><W94/><G79/><T134/><D22/><U131/><E131/><V69/><F68/><W133/><G133/><T135/><REACH who="0" step="1"/><D85/><AGARI ba="1,0" hai="20,21,78,83,85,87,88,94,96,101,104" m="46635" machi="85" ten="30,2000,0" yaku="13,1,54,1" doraHai="107" who="3" fromWho="0" sc="310,-23,230,0,230,0,230,23" /><INIT seed="1,0,0,5,2,102" ten="287,230,230,253" oya="1" hai0="81,110,77,80,113,66,93,10,82,122,37,55,60" hai1="47,134,59,14,131,69,98,21,96,104,128,133,107" hai2="101,117,15,23,91,105,79,127,8,33,112,94,20" hai3="68,64,54,18,109,83,41,119,12,99,13,56,24"/><U52/><E69/><V76/><F117/><W75/><G68/><T106/><D106/><N who="1" m="40491" /><E47/><V70/><F33/><W85/><G75/><T92/><D37/><U125/><E21/><V116/><F70/><W0/><G0/><T88/><D113/><U120/><E14/><V108/><F116/><W11/><G64/><T67/><D77/><U111/><E120/><V90/><F112/><W100/><G41/><T84/><D122/><U1/><E1/><V87/><F105/><W30/><G109/><T135/><D110/><U43/><E43/><V28/><F108/><W71/><G71/><T31/><D31/><U3/><E3/><V19/><F23/><W22/><G13/><T46/><D10/><U78/><E78/><V114/><F114/><W39/><G39/><T4/><D4/><U9/><E9/><V72/><F79/><W26/><G119/><T86/><D46/><U35/><E35/><V50/><F76/><W44/><G44/><T121/><D121/><U25/><E25/><V5/><F8/><W42/><G42/><T48/><D48/><N who="1" m="31111" /><E111/><V53/><F15/><W27/><G56/><T63/><D55/><U61/><E61/><V74/><F53/><W123/><G54/><T103/><D60/><U126/><E98/><V132/><F20/><W36/><G123/><T51/><D63/><U129/><E96/><V38/><F38/><W130/><G36/><T16/><D51/><U17/><E17/><V97/><F50/><W115/><G115/><T7/><D16/><U62/><E62/><V49/><F19/><W29/><G18/><T45/><D45/><RYUUKYOKU ba="0,0" sc="287,-10,230,30,230,-10,253,-10" hai1="125,126,128,129,131,133,134" /><INIT seed="1,1,0,2,2,57" ten="277,260,220,243" oya="1" hai0="20,6,124,95,77,126,107,96,99,16,112,40,5" hai1="68,131,72,71,98,109,105,81,24,56,70,33,58" hai2="82,35,75,120,113,1,69,4,17,42,135,132,130" hai3="97,88,125,0,37,84,83,62,13,10,49,27,64"/><U89/><E131/><V133/><F120/><W80/><G125/><N who="0" m="48235" /><D112/><U79/><E109/><V102/><F130/><W41/><G0/><T14/><D77/><U100/><REACH who="1" step="1"/><E89/><REACH who="1" ten="277,250,220,243" step="2"/><V21/><F132/><W50/><G88/><N who="0" m="55399" /><D40/><U117/><E117/><V60/><F42/><W43/><G43/><T65/><D65/><U3/><E3/><V38/><F1/><W111/><G64/><T39/><D39/><U26/><E26/><V116/><F38/><W52/><G27/><T8/><D8/><U48/><E48/><V7/><F135/><W59/><G49/><T67/><D67/><U51/><E51/><V63/><F133/><W101/><G50/><T121/><D121/><U34/><E34/><V118/><F35/><W11/><G111/><T94/><D107/><U32/><E32/><V108/><F108/><W25/><G25/><T122/><D122/><U92/><E92/><V23/><F113/><W103/><G41/><T28/><D28/><AGARI ba="1,1" hai="24,28,33,56,58,68,70,71,72,79,81,98,100,105" machi="28" ten="40,2000,0" yaku="1,1,53,0" doraHai="57" doraHaiUra="2" who="1" fromWho="0" sc="277,-23,250,33,220,0,243,0" /><INIT seed="1,2,0,0,5,69" ten="254,283,220,243" oya="1" hai0="127,11,58,73,45,59,120,128,3,28,77,29,115" hai1="17,0,56,95,88,76,46,4,33,125,62,133,68" hai2="42,49,134,67,47,2,72,94,9,13,104,81,87" hai3="119,24,18,8,124,80,43,57,10,100,126,16,121"/><U15/><E125/><N who="3" m="48234" /><G121/><T79/><D127/><U86/><E133/><V44/><F2/><W53/><G100/><T27/><D115/><U65/><E33/><V35/><F35/><W102/><G102/><T74/><D120/><U107/><E107/><V91/><F104/><W63/><G119/><T122/><D122/><U34/><E34/><V64/><F134/><W89/><G43/><T25/><D45/><U114/><E114/><V30/><F30/><W71/><G71/><T98/><D98/><U52/><E76/><V32/><F32/><W131/><G131/><T109/><D11/><N who="3" m="4137" /><G24/><T37/><D37/><U75/><E75/><V31/><F31/><W129/><G129/><T112/><D112/><U78/><E0/><V20/><F72/><W23/><G23/><T19/><D3/><U90/><E4/><N who="2" m="3239" /><F20/><W116/><G116/><T106/><D106/><U93/><E78/><N who="2" m="46519" /><F47/><W6/><G6/><T105/><D105/><U50/><E68/><V26/><F26/><W118/><G118/><T36/><D128/><U99/><E17/><V54/><F42/><W55/><G55/><T132/><D19/><U14/><AGARI ba="2,0" hai="14,15,46,50,52,56,62,65,86,88,90,93,95,99" machi="14" ten="30,11700,0" yaku="0,1,8,1,54,2" doraHai="69" who="1" fromWho="1" sc="254,-41,283,123,220,-41,243,-41" /><INIT seed="1,3,0,0,0,51" ten="213,406,179,202" oya="1" hai0="67,127,126,14,88,132,111,110,5,19,134,42,3" hai1="114,26,80,119,83,47,59,89,37,64,18,45,32" hai2="35,2,40,122,62,85,10,46,27,123,92,76,36" hai3="109,103,24,54,74,1,82,31,15,66,128,63,53"/><U38/><E114/><V41/><F40/><W7/><G1/><T120/><D67/><U91/><E119/><V44/><F46/><W4/><G109/><N who="0" m="41483" /><D42/><U125/><E125/><N who="0" m="47625" /><D88/><U108/><E108/><V75/><F62/><W105/><G128/><T90/><D90/><U29/><E47/><V87/><F92/><W116/><G116/><T106/><D106/><U73/><E45/><V12/><F12/><W124/><G124/><T56/><D56/><U99/><E99/><V55/><F55/><N who="3" m="21003" /><G15/><T61/><D61/><U22/><E38/><V96/><F123/><W93/><G93/><T104/><D104/><U69/><E69/><V11/><F122/><W8/><G8/><N who="0" m="2111" /><D120/><U100/><E37/><V112/><F36/><W60/><G74/><T102/><D102/><U98/><E73/><V101/><F75/><W13/><G82/><T25/><D25/><U117/><E83/><V49/><F27/><W86/><G63/><T23/><AGARI ba="3,0" hai="14,19,23,132,134" m="2111,47625,41483" machi="23" ten="40,8000,1" yaku="14,1,18,1,34,2" doraHai="51" who="0" fromWho="0" sc="213,89,406,-43,179,-23,202,-23" /><INIT seed="2,0,0,2,3,61" ten="302,363,156,179" oya="2" hai0="28,77,15,99,51,102,49,52,68,46,67,25,81" hai1="88,103,131,110,100,41,120,127,95,72,27,94,101" hai2="82,107,13,104,30,111,132,0,17,109,47,38,12" hai3="50,14,37,26,114,78,3,55,53,48,96,129,5"/><V4/><F132/><W123/><G37/><T29/><D15/><U6/><E110/><N who="2" m="41995" /><F30/><W8/><G129/><T54/><D68/><U116/><E116/><V32/><F32/><W90/><G78/><T59/><D67/><U112/><E112/><V39/><F0/><W66/><G66/><T18/><D18/><U121/><E41/><N who="2" m="22967" /><F39/><W63/><G63/><T133/><D133/><U128/><E27/><V76/><F4/><W119/><G26/><T1/><D1/><U108/><E6/><V135/><F135/><W74/><G74/><T122/><D122/><N who="1" m="47211" /><E108/><V45/><F45/><W70/><G119/><T73/><REACH who="0" step="1"/><D25/><REACH who="0" ten="292,363,156,179" step="2"/><U89/><E127/><V126/><F126/><W23/><G3/><T2/><D2/><U130/><E72/><N who="2" m="43271" /><F13/><W60/><G14/><T33/><D33/><U35/><E35/><V106/><F106/><AGARI ba="0,1" hai="28,29,46,49,51,52,54,59,73,77,81,99,102,106" machi="106" ten="30,3900,0" yaku="1,1,7,1,54,1,53,0" doraHai="61" doraHaiUra="58" who="0" fromWho="2" sc="292,49,363,0,156,-39,179,0" /><INIT seed="3,0,0,4,3,121" ten="341,363,117,179" oya="3" hai0="24,25,79,7,131,50,85,88,59,94,18,133,120" hai1="16,49,48,36,92,5,69,11,57,113,130,54,26" hai2="61,4,35,15,114,119,3,89,82,65,27,2,91" hai3="117,99,32,13,12,1,60,6,109,132,58,90,31"/><W71/><G117/><T108/><D120/><U107/><E113/><V38/><F38/><W33/><G71/><T81/><D133/><U78/><E107/><V96/><F119/><W106/><G1/><T124/><D124/><U63/><E36/><V42/><F114/><W30/><G132/><T110/><D131/><U75/><E130/><V44/><F15/><W102/><G13/><T45/><D7/><U125/><E125/><V39/><F89/><W66/><G31/><T98/><D59/><U127/><E127/><V20/><F35/><W68/><G58/><T83/><D83/><U80/><E92/><V51/><F39/><W52/><G52/><T118/><D118/><U17/><E26/><V74/><F4/><W40/><G40/><T73/><D73/><U97/><E97/><V104/><F104/><W10/><G90/><T87/><D87/><U122/><E122/><V47/><F44/><W43/><G43/><N who="0" m="24895" /><D18/><U123/><E123/><V112/><F112/><W105/><G105/><T103/><D79/><U111/><E17/><V129/><F129/><W135/><G135/><T46/><D46/><U115/><E16/><V134/><F134/><W101/><G101/><T41/><D41/><U34/><E34/><V72/><F3/><W0/><G12/><T37/><D37/><U23/><E115/><V8/><F2/><W100/><G100/><T126/><D126/><U9/><E69/><V55/><F42/><W21/><G33/><T28/><D28/><U93/><E54/><V128/><F55/><W14/><G32/><T53/><D53/><U77/><E57/><RYUUKYOKU ba="0,0" sc="341,30,363,-10,117,-10,179,-10" hai0="24,25,81,85,88,94,98,103,108,110" /><INIT seed="4,1,0,0,2,45" ten="371,353,107,169" oya="0" hai0="27,106,69,125,0,26,44,92,114,62,39,83,29" hai1="73,90,133,101,66,48,78,17,56,79,76,98,110" hai2="97,102,118,88,20,100,30,128,31,107,130,72,36" hai3="75,87,14,122,71,11,77,129,18,59,127,33,68"/><T113/><D106/><U94/><E110/><V12/><F36/><W41/><G33/><T132/><D0/><U112/><E133/><V3/><F3/><W21/><G75/><T119/><D119/><U109/><E109/><V37/><F37/><W35/><G35/><T16/><D132/><U46/><E112/><N who="0" m="43113" /><D83/><U28/><E28/><V1/><F1/><W105/><G105/><T126/><D92/><U32/><E32/><V96/><F72/><W58/><G41/><N who="0" m="22591" /><D29/><U85/><E73/><V80/><F118/><W120/><G127/><N who="0" m="48651" /><D16/><U55/><E17/><V131/><F102/><W40/><G40/><T65/><AGARI ba="1,0" hai="26,27,62,65,69" m="48651,22591,43113" machi="65" ten="40,3900,0" yaku="15,1,18,1" doraHai="45" who="0" fromWho="0" sc="371,42,353,-14,107,-14,169,-14" /><INIT seed="4,2,0,3,5,78" ten="413,339,93,155" oya="0" hai0="72,62,97,110,88,83,89,121,16,69,105,104,68" hai1="92,109,26,93,115,32,42,22,55,45,23,87,86" hai2="27,66,124,36,123,56,52,18,128,28,50,31,21" hai3="19,48,34,57,14,3,70,84,9,131,91,103,122"/><T114/><D121/><U102/><E109/><V132/><F123/><W116/><G70/><T12/><D110/><U29/><E115/><V64/><F124/><W99/><G116/><T100/><D105/><U63/><E63/><V106/><F106/><W107/><G34/><T75/><D114/><U37/><E55/><V135/><F36/><W51/><G131/><T53/><D53/><U111/><E111/><V49/><F128/><W8/><G122/><T129/><D129/><U17/><E32/><V133/><REACH who="2" step="1"/><F50/><REACH who="2" ten="413,339,83,155" step="2"/><W127/><G127/><T118/><D118/><U101/><E93/><V1/><F1/><W108/><G108/><T7/><D104/><U73/><E92/><V4/><F4/><N who="3" m="1055" /><G51/><T11/><D7/><U44/><E37/><V113/><F113/><W90/><G48/><T126/><D126/><U95/><E95/><V54/><F54/><W77/><G107/><T58/><D62/><U112/><E112/><V65/><AGARI ba="2,1" hai="18,21,27,28,31,49,52,56,64,65,66,132,133,135" machi="65" ten="40,8000,1" yaku="1,1,0,1,20,1,54,1,53,0" doraHai="78" doraHaiUra="41" who="2" fromWho="2" sc="413,-42,339,-22,83,96,155,-22" /><INIT seed="5,0,0,0,1,57" ten="371,317,179,133" oya="1" hai0="84,105,106,90,98,40,16,17,25,124,30,72,21" hai1="85,102,60,36,75,29,73,80,114,32,132,127,63" hai2="11,128,108,97,99,61,42,131,86,19,112,117,9" hai3="115,27,71,104,46,95,6,12,134,77,39,135,69"/><U88/><E114/><V78/><F117/><W51/><G104/><T41/><D72/><U49/><E36/><V79/><F108/><W5/><G39/><T65/><D124/><U43/><E102/><V44/><F19/><W126/><G115/><T58/><D105/><U18/><E127/><V125/><F112/><W129/><G129/><N who="2" m="49737" /><F125/><W119/><G119/><T0/><D0/><U59/><E132/><V123/><F123/><W111/><G27/><T45/><D98/><N who="2" m="37386" /><F61/><W23/><G111/><T87/><D106/><U91/><E18/><V50/><F86/><W116/><G5/><T53/><D87/><U94/><E63/><V24/><F24/><W14/><G6/><T74/><D17/><U89/><E75/><V33/><F33/><W7/><G7/><T31/><D74/><U8/><E8/><AGARI ba="0,0" hai="8,9,11,42,44,50,78,79" m="37386,49737" machi="8" ten="30,1000,0" yaku="19,1" doraHai="57" who="2" fromWho="1" sc="371,0,317,-10,179,10,133,0" /><INIT seed="6,0,0,5,5,42" ten="371,307,189,133" oya="2" hai0="98,131,77,114,19,36,70,22,79,8,109,102,31" hai1="89,11,18,51,135,99,61,56,90,25,83,41,108" hai2="14,100,81,34,49,21,6,57,65,63,97,32,50" hai3="113,91,84,26,116,120,71,107,1,80,75,128,15"/><V30/><F81/><W103/><G1/><T104/><D109/><U106/><E108/><V44/><F50/><W125/><G71/><T46/><D131/><U134/><E106/><V121/><F121/><W78/><G26/><T60/><D8/><U53/><E83/><V95/><F6/><W68/><G68/><T33/><D46/><N who="1" m="26063" /><E11/><V94/><F95/><N who="3" m="54759" /><G15/><N who="0" m="9599" /><D36/><U118/><E118/><V24/><F14/><W52/><G52/><AGARI ba="0,0" hai="21,24,30,32,34,44,49,52,57,63,65,94,97,100" machi="52" ten="30,12000,1" yaku="7,1,25,2,52,1,54,1" doraHai="42" who="2" fromWho="3" sc="371,0,307,0,189,120,133,-120" /><INIT seed="6,1,0,5,4,67" ten="371,307,309,13" oya="2" hai0="121,8,25,41,59,38,107,45,118,108,125,110,91" hai1="124,71,103,7,95,112,20,3,60,0,64,134,17" hai2="131,128,93,6,97,78,22,72,80,11,31,94,15" hai3="30,53,74,58,35,79,5,82,34,119,37,123,32"/><V40/><F40/><W114/><G119/><T96/><D121/><U81/><E112/><V51/><F51/><W127/><G123/><T117/><D125/><U12/><E124/><V21/><F31/><W16/><G127/><T100/><D59/><U50/><E134/><V113/><F94/><W87/><G37/><T55/><D55/><U14/><E81/><V69/><F113/><W54/><G114/><T18/><D91/><U77/><E77/><V99/><F97/><W132/><G132/><T48/><D48/><U47/><E103/><V102/><REACH who="2" step="1"/><F69/><REACH who="2" ten="371,307,299,13" step="2"/><W135/><G135/><T66/><D118/><U133/><E95/><V85/><F85/><W109/><G30/><T62/><D117/><U120/><E133/><V111/><F111/><W104/><G109/><T115/><D110/><U4/><E120/><V105/><F105/><W43/><G104/><T24/><D108/><U2/><REACH who="1" step="1"/><E14/><REACH who="1" ten="371,297,299,13" step="2"/><V63/><F63/><W29/><G82/><T86/><D115/><U27/><E27/><V39/><F39/><W26/><G26/><T106/><D25/><U90/><E90/><V36/><F36/><W44/><G79/><T57/><D24/><U83/><E83/><V52/><F52/><AGARI ba="1,2" hai="0,2,3,4,7,12,17,20,47,50,52,60,64,71" machi="52" ten="40,8000,1" yaku="1,1,52,1,54,1,53,1" doraHai="67" doraHaiUra="61" who="1" fromWho="2" sc="371,0,297,103,299,-83,13,0" /><INIT seed="7,0,0,4,3,69" ten="371,400,216,13" oya="3" hai0="77,116,17,43,42,48,111,37,3,33,122,74,70" hai1="36,21,97,96,94,110,104,115,28,5,87,59,8" hai2="125,32,91,134,10,61,24,27,53,88,105,52,120" hai3="108,119,57,44,54,2,19,124,55,113,60,81,45"/><W47/><G2/><T90/><D122/><U38/><E110/><V83/><F105/><W100/><G119/><T16/><D111/><U85/><E115/><V123/><F32/><W78/><G108/><T15/><D116/><U93/><E104/><V67/><F10/><W121/><G121/><N who="2" m="46665" /><F83/><W79/><G124/><T75/><D3/><U127/><E59/><N who="2" m="37311" /><F125/><W58/><G113/><T11/><D70/><U6/><E87/><V114/><F114/><W117/><G117/><T9/><D33/><U34/><E28/><V129/><F134/><W76/><G100/><T101/><D101/><U64/><E64/><V63/><F129/><W71/><G19/><T103/><D103/><U12/><E85/><V112/><F112/><W128/><G71/><T118/><D118/><U51/><E34/><V56/><F53/><W135/><G135/><T7/><D90/><AGARI ba="0,0" hai="24,27,52,56,63,88,90,91" m="37311,46665" machi="90" ten="30,3900,0" yaku="13,1,54,2" doraHai="69" who="2" fromWho="0" sc="371,-39,400,0,216,39,13,0" owari="332,13.0,400,50.0,255,-14.0,13,-49.0" /></mjloggm>