<mjloggm ver="2.3"><GO type="185" lobby="0"/><UN n0="%4A%45%54%4D%41%4E%4E" n1="%28%C2%B4%C2%B0%CF%89%C2%B0%EF%BD%80%29" n2="%E3%82%84%E3%81%B2%E3%82%8D%E3%82%93" n3="" dan="16,18,16,0" rate="2146.68,2317.92,2135.95,1500.00" sx="M,M,M,C"/><TAIKYOKU oya="0"/><INIT seed="0,0,0,1,1,76" ten="350,350,350,0" oya="0" hai0="117,59,118,41,130,50,57,133,58,124,108,55,71" hai1="38,73,123,68,70,78,100,96,113,114,104,39,91" hai2="49,89,74,102,83,60,105,33,82,99,62,112,61" hai3=""/><T116/><D71/><U107/><N who="1" m="31520" /><U98/><E78/><V34/><F112/><T131/><D133/><U81/><E91/><V63/><F74/><T128/><D124/><U44/><E44/><V135/><F135/><T80/><D80/><U79/><E70/><V3/><F3/><T87/><D87/><U48/><E68/><V40/><N who="2" m="15360" /><DORA hai="0" /><V94/><F40/><T132/><D132/><U65/><E48/><V101/><F49/><T36/><D108/><U121/><N who="1" m="31008" /><U111/><E65/><V90/><F90/><T72/><D72/><U56/><E56/><V51/><F51/><T119/><D119/><U93/><E93/><V103/><REACH who="2" step="1"/><F105/><REACH who="2" ten="350,350,340,0" step="2"/><T85/><REACH who="0" step="1"/><D85/><REACH who="0" ten="340,350,340,0" step="2"/><U92/><E73/><V43/><F43/><T129/><D129/><U35/><E113/><V84/><F84/><T69/><D69/><U47/><E114/><V45/><F45/><AGARI ba="0,2" hai="36,41,45,50,55,57,58,59,116,117,118,128,130,131" machi="45" ten="50,36000,4" yaku="1,1,19,1,34,3,53,6" doraHai="76,0" doraHaiUra="127,125" who="0" fromWho="2" sc="340,380,350,0,340,-360,0,0" owari="720,67.0,350,-5.0,-20,-62.0,0,0.0" /></mjloggm>