<mjloggm ver="2.3"><GO type="185" lobby="0"/><UN n0="%6E%69%6B%6F%6C%75%30%33" n1="%E3%83%9D%E3%82%B8%E3%83%BC%EF%BC%92" n2="%44%75%73%6B" n3="" dan="17,18,16,0" rate="2265.09,2295.02,2157.06,1500.00" sx="M,M,M,C"/><TAIKYOKU oya="0"/><INIT seed="0,0,0,5,3,104" ten="350,350,350,0" oya="0" hai0="52,71,32,122,114,92,116,109,46,55,41,79,44" hai1="131,76,133,94,135,60,0,34,3,78,105,98,61" hai2="130,72,129,33,97,74,49,84,107,70,124,82,108" hai3=""/><T83/><N who="0" m="31264" /><T128/><D116/><U119/><E119/><V39/><F39/><T132/><D114/><U69/><E34/><V113/><F113/><T125/><D32/><U51/><E105/><V35/><F108/><T68/><D109/><U77/><E131/><N who="2" m="50187" /><F70/><T101/><D128/><U90/><E51/><V47/><F124/><T54/><D125/><U111/><E111/><V100/><F33/><T75/><D132/><N who="1" m="50763" /><E69/><V59/><F59/><T48/><REACH who="0" step="1"/><D46/><REACH who="0" ten="340,350,350,0" step="2"/><U42/><E42/><V91/><F35/><T88/><D88/><U67/><E67/><V43/><AGARI ba="0,1" hai="43,47,49,72,74,82,84,91,97,100,107" m="50187" machi="43" ten="30,3000,0" yaku="19,1,52,2" doraHai="104" who="2" fromWho="2" sc="340,-20,350,-10,350,40,0,0" /><INIT seed="1,0,0,5,3,78" ten="320,340,390,0" oya="1" hai0="62,69,108,124,44,95,66,42,50,116,99,118,135" hai1="61,98,100,106,121,125,89,101,131,120,71,57,56" hai2="59,3,86,55,90,0,103,109,65,110,115,40,87" hai3=""/><U82/><N who="1" m="30752" /><U84/><N who="1" m="31008" /><U41/><E125/><V37/><F103/><T39/><D124/><U32/><E32/><V114/><F65/><T52/><D108/><N who="2" m="41578" /><F40/><T127/><D127/><U2/><E2/><N who="2" m="555" /><F37/><T49/><D135/><U83/><E131/><V51/><F87/><T54/><D50/><U76/><E101/><V1/><N who="2" m="563" /><V58/><DORA hai="111" /><F58/><T97/><D54/><U134/><E134/><V92/><AGARI ba="0,0" hai="51,55,59,86,90,92,114,115" m="563,41578" machi="92" ten="50,4800,0" yaku="14,1,52,2" doraHai="78,111" who="2" fromWho="2" sc="320,-16,340,-32,390,48,0,0" /><INIT seed="2,0,0,2,1,104" ten="304,308,438,0" oya="2" hai0="112,113,56,67,66,128,37,96,91,109,111,48,86" hai1="123,99,54,103,108,61,49,92,80,42,98,40,127" hai2="130,70,76,64,85,53,84,41,89,81,63,97,129" hai3=""/><V74/><F41/><T126/><D37/><U62/><N who="1" m="31520" /><U69/><E108/><N who="0" m="41545" /><D96/><U3/><E3/><V32/><F32/><T120/><N who="0" m="30752" /><T51/><D128/><N who="2" m="49258" /><F53/><T95/><D126/><U52/><E127/><V78/><F78/><T59/><D56/><U35/><E35/><V83/><F97/><T36/><D36/><U88/><E80/><V87/><AGARI ba="0,0" hai="63,64,70,74,76,81,83,84,85,87,89" m="49258" machi="87" ten="30,2000,0" yaku="19,1,52,1" doraHai="104" who="2" fromWho="2" sc="304,-10,308,-10,438,20,0,0" /><INIT seed="2,1,0,0,0,108" ten="294,298,458,0" oya="2" hai0="113,105,115,56,134,77,93,116,117,36,32,34,42" hai1="59,82,38,39,58,98,89,84,73,33,123,48,37" hai2="100,60,92,2,97,130,46,75,62,133,90,64,53" hai3=""/><V66/><F75/><T35/><D105/><U132/><N who="1" m="31520" /><U95/><E33/><V74/><F74/><T128/><D128/><U129/><E129/><V111/><F130/><T96/><D134/><U63/><E132/><V81/><F133/><T45/><D77/><U3/><E3/><V70/><F2/><T102/><REACH who="0" step="1"/><D56/><REACH who="0" ten="284,298,458,0" step="2"/><U104/><E63/><V112/><F111/><T47/><D47/><U121/><N who="1" m="31008" /><U119/><E119/><AGARI ba="1,1" hai="32,34,35,36,42,45,93,96,102,113,115,116,117,119" machi="119" ten="50,8000,1" yaku="1,1,52,2,53,1" doraHai="108" doraHaiUra="71" who="0" fromWho="1" sc="284,92,298,-82,458,0,0,0" /><INIT seed="4,0,0,2,2,107" ten="376,216,458,0" oya="0" hai0="72,132,104,60,70,36,3,38,113,100,56,85,37" hai1="124,44,109,103,55,106,68,1,118,91,123,92,95" hai2="93,105,122,125,101,50,97,127,117,102,52,119,32" hai3=""/><T129/><D3/><U71/><N who="1" m="31520" /><U88/><E1/><V42/><N who="2" m="31264" /><V126/><F42/><T61/><D129/><U112/><E118/><N who="2" m="45067" /><F32/><T2/><D2/><U110/><E124/><V0/><F0/><T84/><D113/><U54/><E106/><V108/><F108/><T79/><D70/><U39/><E103/><V134/><F134/><T78/><D132/><U114/><E44/><V77/><F77/><T62/><D56/><U45/><E45/><V116/><N who="2" m="45075" /><V51/><DORA hai="57" /><F52/><T133/><D133/><U64/><E64/><V90/><F102/><T48/><D48/><U135/><REACH who="1" step="1"/><E135/><REACH who="1" ten="376,206,458,0" step="2"/><V43/><F43/><T89/><D100/><U40/><E40/><V115/><F115/><T98/><D104/><U81/><E81/><V99/><AGARI ba="0,1" hai="50,51,90,93,97,99,101,105,125,126,127" m="45075,31264" machi="99" ten="50,4800,0" yaku="18,1,12,1,52,1" doraHai="107,57" who="2" fromWho="2" sc="376,-32,206,-16,458,58,0,0" /><INIT seed="5,0,0,3,3,85" ten="344,190,516,0" oya="1" hai0="38,103,116,131,90,36,60,109,106,44,124,102,42" hai1="114,120,32,3,118,92,63,93,132,46,58,1,86" hai2="69,66,74,110,127,75,77,123,104,96,68,2,47" hai3=""/><U112/><N who="1" m="30752" /><U135/><E118/><V100/><N who="2" m="31520" /><V49/><F110/><T119/><D109/><U82/><E32/><V62/><F2/><T76/><D38/><U130/><E46/><V67/><F127/><T84/><D124/><U55/><E130/><V70/><F77/><T57/><D76/><U45/><E45/><V108/><F108/><T48/><D36/><U125/><E125/><V0/><F0/><N who="1" m="73" /><E93/><V73/><REACH who="2" step="1"/><F62/><REACH who="2" ten="344,190,506,0" step="2"/><T52/><D131/><U97/><E82/><V107/><F107/><T105/><D105/><U65/><E65/><V94/><F94/><T83/><REACH who="0" step="1"/><D106/><REACH who="0" ten="334,190,506,0" step="2"/><U113/><E86/><V37/><F37/><T81/><D81/><U88/><AGARI ba="0,2" hai="55,58,63,88,92,97,112,113,114,132,135" m="73,30752" machi="88" ten="40,8000,1" yaku="15,1,52,2,54,1" doraHai="85" who="1" fromWho="1" sc="334,-40,190,100,506,-40,0,0" /><INIT seed="5,1,0,2,3,126" ten="294,290,466,0" oya="1" hai0="111,103,124,122,85,120,36,117,133,82,52,41,86" hai1="93,104,128,71,66,0,50,84,54,56,115,59,69" hai2="130,74,67,87,102,78,97,125,37,105,51,47,95" hai3=""/><U106/><E0/><V57/><F130/><T42/><N who="0" m="30752" /><T32/><N who="0" m="31264" /><T45/><D111/><U60/><E115/><V49/><F125/><T46/><D124/><U61/><E128/><V53/><F37/><T58/><D32/><U39/><E39/><V116/><F116/><T1/><D1/><U90/><REACH who="1" step="1"/><E69/><REACH who="1" ten="294,280,466,0" step="2"/><V64/><F74/><T81/><D117/><U131/><E131/><V99/><F87/><N who="0" m="33290" /><D36/><U55/><AGARI ba="1,1" hai="50,54,55,56,59,60,61,66,71,84,90,93,104,106" machi="55" ten="20,2600,0" yaku="1,1,0,1,7,1,53,0" doraHai="126" doraHaiUra="76" who="1" fromWho="1" sc="294,-14,280,38,466,-14,0,0" /><INIT seed="5,2,0,2,1,126" ten="280,318,452,0" oya="1" hai0="125,75,124,76,3,91,129,58,122,89,86,120,94" hai1="101,108,109,93,135,81,64,121,88,32,90,35,68" hai2="59,113,112,97,104,116,87,111,100,128,49,54,84" hai3=""/><U78/><N who="1" m="31008" /><U73/><E135/><V40/><F111/><T55/><N who="0" m="30752" /><T66/><N who="0" m="31264" /><T38/><D3/><U114/><E114/><N who="2" m="44139" /><F116/><T47/><D66/><U34/><E101/><V95/><F128/><T62/><D129/><U39/><E39/><V85/><F40/><T71/><D71/><U119/><E119/><V98/><F98/><T52/><D91/><AGARI ba="2,0" hai="49,54,59,84,85,87,91,95,97,100,104" m="44139" machi="91" ten="30,2000,0" yaku="15,1,11,1" doraHai="126" who="2" fromWho="0" sc="280,-24,318,0,452,24,0,0" /><INIT seed="6,0,0,5,1,58" ten="256,318,476,0" oya="2" hai0="56,73,67,80,53,81,36,84,99,97,71,35,90" hai1="107,88,89,103,78,106,32,123,130,92,46,135,132" hai2="113,37,76,129,93,104,42,87,74,77,133,94,43" hai3=""/><V124/><F129/><T40/><D35/><U86/><N who="1" m="31520" /><U66/><E32/><V120/><N who="2" m="30752" /><V0/><F0/><T115/><D115/><U49/><E130/><V44/><F133/><T55/><D55/><U91/><E66/><V131/><F131/><T117/><D117/><U114/><E114/><V47/><F124/><T65/><D73/><U52/><E92/><V98/><F113/><T63/><D67/><U33/><E33/><V110/><F110/><T95/><D99/><U85/><E78/><V54/><F74/><T57/><D57/><U83/><E103/><V111/><F111/><T34/><D34/><U125/><E125/><V108/><F108/><T109/><D109/><U105/><REACH who="1" step="1"/><E83/><REACH who="1" ten="256,308,476,0" step="2"/><V48/><F77/><T41/><D81/><U64/><E64/><V101/><F76/><T96/><D96/><U100/><E100/><V79/><F79/><T112/><D112/><U45/><E45/><V39/><F93/><T126/><D126/><U69/><E69/><V121/><N who="2" m="31008" /><V127/><F127/><T122/><N who="0" m="31264" /><T128/><D128/><U102/><E102/><V2/><F101/><T70/><D70/><U82/><E82/><V38/><F98/><T50/><D80/><U119/><E119/><RYUUKYOKU ba="0,1" sc="256,-10,308,20,476,-10,0,0" hai1="46,49,52,85,86,88,89,91,105,106,107,132,135" owari="246,-35.0,328,-7.0,476,42.0,0,0.0" /></mjloggm>