<mjloggm ver="2.3"><GO type="169" lobby="0"/><UN n0="%70%69%6E%63%65%72%73" n1="%E3%82%BB%E3%83%B3%E3%82%B4%E3%82%AF" n2="%E7%A0%B4%E5%A3%8A%E9%AD%94%E3%81%A1%E3%82%8B%E3%81%BF" n3="%E3%83%95%E3%82%A1%E3%83%AA%E3%82%B9" dan="16,16,17,16" rate="2154.55,2078.65,2180.08,2125.15" sx="M,M,F,F"/><TAIKYOKU oya="0"/><INIT seed="0,0,0,4,0,14" ten="250,250,250,250" oya="0" hai0="51,132,41,36,2,65,93,50,114,24,67,77,117" hai1="133,58,104,116,129,42,99,53,71,95,15,52,55" hai2="6,21,92,59,34,49,39,66,33,85,125,72,11" hai3="131,81,106,26,27,54,108,9,25,35,103,112,78"/><T57/><D2/><U118/><E71/><V89/><F125/><W38/><G112/><T79/><D114/><U64/><E133/><V28/><F72/><W62/><G38/><T47/><D117/><U0/><E0/><V134/><F134/><W22/><G35/><T73/><D132/><U119/><E129/><V19/><F39/><W10/><G106/><T46/><D93/><U110/><E110/><V74/><F74/><W98/><G108/><T60/><D24/><U1/><E1/><V101/><F101/><W121/><G121/><T12/><D12/><U8/><E42/><V113/><F113/><W56/><G131/><T105/><D105/><U82/><E82/><V20/><F28/><W84/><G98/><T100/><D100/><U127/><E64/><N who="0" m="24649" /><D79/><U31/><E31/><V13/><F21/><W87/><G103/><T7/><D7/><U4/><E104/><V102/><F102/><W135/><G135/><T23/><D23/><U80/><E80/><V44/><F66/><W96/><G96/><T90/><D90/><U40/><E127/><V17/><F6/><W43/><G87/><T91/><D91/><U130/><E130/><V3/><F3/><W109/><G109/><T75/><D77/><U94/><E94/><V120/><F120/><W5/><G5/><T122/><D122/><U76/><E76/><V18/><F34/><W111/><G111/><T63/><D75/><U123/><E123/><V126/><F33/><W86/><G86/><T115/><D115/><U107/><E107/><V29/><F85/><W88/><G78/><T16/><D73/><RYUUKYOKU ba="0,0" sc="250,0,250,0,250,0,250,0" /><INIT seed="1,1,0,0,4,107" ten="250,250,250,250" oya="1" hai0="129,38,20,120,69,8,34,97,102,46,22,74,130" hai1="19,60,90,118,31,7,59,16,86,42,29,89,18" hai2="62,6,87,30,36,2,39,54,49,119,83,109,65" hai3="123,68,121,91,132,93,27,35,56,79,28,94,117"/><U104/><E104/><V133/><F119/><W99/><G117/><T84/><D69/><U71/><E71/><V32/><F109/><W88/><G68/><T112/><D34/><U110/><E118/><V92/><F133/><W105/><G132/><T106/><D112/><U9/><E42/><V76/><F92/><W23/><G105/><T37/><D120/><U12/><E110/><V52/><F32/><W128/><G128/><N who="0" m="49259" /><D74/><U66/><REACH who="1" step="1"/><E90/><REACH who="1" ten="250,240,250,250" step="2"/><V61/><F36/><W67/><G123/><T3/><D38/><U127/><E127/><V41/><F41/><W40/><G40/><T15/><D37/><U70/><E70/><V55/><F39/><W50/><G121/><T57/><D106/><U95/><AGARI ba="1,1" hai="7,9,12,16,18,19,29,31,59,60,66,86,89,95" machi="95" ten="30,11700,0" yaku="1,1,0,1,8,1,54,1,53,0" doraHai="107" doraHaiUra="116" who="1" fromWho="1" sc="250,-40,240,130,250,-40,250,-40" /><INIT seed="1,2,0,0,2,10" ten="210,370,210,210" oya="1" hai0="30,102,125,48,25,46,98,44,86,38,108,8,5" hai1="17,47,21,23,19,50,97,0,113,35,9,124,11" hai2="122,131,68,32,61,1,39,51,88,115,112,27,55" hai3="100,82,76,128,74,123,90,3,78,121,73,96,42"/><U60/><E113/><N who="2" m="43595" /><F1/><W62/><G3/><T69/><D108/><U134/><E134/><V29/><F122/><W133/><G42/><T66/><D125/><U56/><E35/><V111/><F111/><W16/><G62/><T71/><D38/><U120/><E124/><V6/><F6/><W104/><G16/><N who="1" m="6218" /><E0/><V77/><F131/><W87/><G133/><T93/><D86/><U70/><E70/><V80/><F39/><W49/><G49/><T26/><D26/><U81/><E81/><V28/><F28/><W24/><G24/><T41/><D66/><N who="1" m="39175" /><E97/><V110/><F110/><W101/><G128/><T57/><D71/><U91/><E91/><V18/><F88/><W105/><G123/><T33/><D69/><U83/><E83/><V52/><F80/><W31/><G121/><T79/><D79/><N who="3" m="30249" /><G31/><T109/><D109/><U54/><E120/><V118/><F77/><W36/><G36/><T119/><D119/><U37/><E37/><V130/><F118/><W99/><AGARI ba="2,0" hai="73,74,82,87,90,96,99,100,101,104,105" m="30249" machi="99" ten="30,8000,1" yaku="35,5" doraHai="10" who="3" fromWho="3" sc="210,-22,370,-42,210,-22,210,86" /><INIT seed="2,0,0,3,3,92" ten="188,328,188,296" oya="2" hai0="65,62,23,64,69,40,43,72,71,85,110,44,6" hai1="114,3,116,22,12,1,111,13,100,127,46,61,30" hai2="77,32,42,126,38,81,103,102,75,79,115,106,131" hai3="132,50,28,10,41,18,105,37,96,88,93,125,11"/><V117/><F32/><W80/><G37/><T45/><D72/><U91/><E116/><V76/><F38/><W128/><G28/><T33/><D33/><U123/><E114/><V48/><F115/><W5/><G132/><T31/><D6/><U0/><E111/><V121/><F121/><W90/><G128/><T20/><D110/><U107/><E123/><V89/><F117/><W57/><G105/><T51/><D85/><U130/><E130/><V2/><F2/><W87/><G125/><T39/><D31/><U54/><E91/><V52/><F131/><W78/><G18/><T109/><D109/><U113/><E127/><V58/><F126/><W17/><G17/><T112/><D112/><U124/><E124/><V8/><F75/><W24/><G24/><T83/><D83/><U16/><E30/><V67/><F42/><W95/><G5/><T34/><D34/><U26/><E113/><V29/><F29/><W97/><G57/><N who="0" m="36943" /><D23/><U4/><E4/><V70/><F8/><W82/><REACH who="3" step="1"/><G80/><REACH who="3" ten="188,328,188,286" step="2"/><T74/><D20/><U35/><E35/><V21/><F106/><W86/><G86/><T49/><D74/><U27/><E27/><V7/><F7/><W59/><G59/><T36/><D71/><U66/><E3/><V122/><F122/><W104/><G104/><T98/><D98/><N who="1" m="61847" /><E1/><V73/><F73/><W108/><G108/><T119/><D119/><U15/><E0/><V99/><F99/><W19/><G19/><T134/><D134/><U56/><E26/><V118/><F70/><W55/><G55/><T129/><D129/><U14/><E54/><RYUUKYOKU ba="0,1" sc="188,10,328,10,188,-30,286,10" hai0="36,39,40,43,44,45,49,51,65,69" hai1="12,13,14,15,16,22,46,56,61,66" hai3="10,11,41,50,78,82,87,88,90,93,95,96,97" /><INIT seed="3,1,1,5,3,63" ten="198,338,158,296" oya="3" hai0="26,64,0,120,113,51,15,44,102,33,129,118,16" hai1="71,31,40,89,73,112,11,100,8,85,18,46,23" hai2="92,55,57,25,134,127,122,28,96,59,111,56,114" hai3="103,95,52,29,91,125,84,115,21,41,9,80,30"/><W69/><G115/><T24/><D0/><U99/><E73/><V83/><F111/><W87/><G125/><T110/><D110/><U101/><E71/><V88/><F114/><W121/><G121/><T90/><D118/><U107/><E31/><V7/><F127/><W77/><G69/><T48/><D120/><U104/><E104/><V128/><F122/><W42/><G103/><T37/><D102/><U135/><E135/><V54/><F134/><W119/><G119/><T131/><D113/><U35/><E35/><V61/><F128/><N who="0" m="49226" /><D37/><U116/><E116/><V126/><F126/><W20/><G9/><N who="0" m="6255" /><D51/><U19/><E100/><V12/><F83/><W39/><G39/><T68/><D90/><U130/><E130/><V3/><F3/><W81/><G81/><T1/><D1/><U27/><E112/><V60/><F56/><W50/><G30/><T70/><D33/><U32/><E19/><V10/><F28/><W76/><G76/><T66/><D70/><U97/><E32/><V43/><F43/><N who="3" m="16395" /><G29/><T5/><D5/><U67/><E101/><V2/><F2/><W53/><G53/><N who="0" m="29831" /><D68/><U4/><E107/><V109/><F109/><W94/><G94/><T36/><D36/><U62/><E4/><V58/><F58/><AGARI ba="1,1" hai="20,21,50,52,58,77,80,84,87,91,95" m="16395" machi="58" ten="30,2900,0" yaku="8,1,54,1" doraHai="63" who="3" fromWho="2" sc="198,0,338,0,158,-32,296,42" /><INIT seed="3,2,0,2,0,18" ten="198,338,126,338" oya="3" hai0="75,116,42,122,60,126,28,8,109,37,6,65,95" hai1="121,64,34,12,73,105,119,32,5,0,106,45,59" hai2="129,67,57,91,76,83,115,118,88,7,71,10,110" hai3="61,114,131,85,134,90,58,20,80,19,54,38,44"/><W127/><G114/><T117/><D75/><U35/><E121/><V103/><F115/><W130/><G134/><T132/><D122/><U48/><E73/><V46/><F118/><W14/><REACH who="3" step="1"/><G127/><REACH who="3" ten="198,338,126,328" step="2"/><T108/><D126/><U16/><E119/><V53/><F110/><W113/><G113/><T17/><D132/><U1/><E32/><V79/><F129/><W15/><G15/><T41/><D116/><U43/><E34/><V11/><F103/><W68/><G68/><T4/><D117/><U31/><E35/><V120/><F120/><W128/><G128/><T104/><D108/><U102/><E102/><V39/><F71/><W96/><G96/><T2/><D109/><U82/><E12/><V62/><F10/><W49/><G49/><T25/><D8/><U52/><E48/><V23/><F23/><W111/><G111/><T135/><D135/><U99/><E99/><V72/><F76/><W66/><G66/><T69/><D65/><U22/><E64/><V40/><REACH who="2" step="1"/><F67/><REACH who="2" ten="198,338,116,328" step="2"/><W112/><G112/><T30/><D69/><U78/><E22/><V107/><F107/><W125/><G125/><T133/><D104/><U100/><E78/><V87/><F87/><W13/><G13/><AGARI ba="2,2" hai="7,11,13,39,40,46,53,57,62,72,79,83,88,91" machi="13" ten="30,7700,0" yaku="1,1,7,1,54,1,53,1" doraHai="18" doraHaiUra="55" who="2" fromWho="3" sc="198,0,338,0,116,103,328,-83" /><INIT seed="4,0,0,1,3,23" ten="198,338,219,245" oya="0" hai0="118,10,12,30,124,33,39,37,14,43,89,24,19" hai1="123,35,69,1,104,109,129,54,31,62,121,110,46" hai2="113,115,82,70,84,88,127,44,4,125,56,133,111" hai3="48,91,45,96,7,95,50,103,27,28,102,128,68"/><T119/><D43/><U116/><E116/><N who="0" m="44585" /><D39/><U74/><E1/><V131/><F70/><W114/><G68/><T117/><N who="0" m="44593" /><T101/><DORA hai="87" /><D37/><U16/><E104/><V99/><F111/><N who="1" m="42505" /><E74/><V15/><F133/><W107/><G50/><T3/><D101/><U126/><E16/><V58/><F131/><W132/><G107/><T65/><D89/><U32/><E129/><V21/><F44/><W79/><G45/><T112/><D65/><N who="1" m="41143" /><E126/><N who="2" m="48139" /><F99/><W80/><G96/><T38/><D38/><U130/><E130/><V135/><F135/><W63/><G102/><T97/><D97/><U66/><E31/><V67/><F67/><W64/><G103/><T25/><D124/><U40/><E54/><V120/><F120/><N who="1" m="46153" /><E66/><V36/><F36/><AGARI ba="0,0" hai="32,35,36,40,46" m="46153,41143,42505" machi="36" ten="30,1000,0" yaku="23,1" doraHai="23,87" who="1" fromWho="2" sc="198,0,338,10,219,-10,245,0" /><INIT seed="5,0,0,5,5,33" ten="198,348,209,245" oya="1" hai0="127,112,72,38,95,15,19,46,56,27,132,16,7" hai1="107,63,135,44,59,22,40,57,93,8,14,37,82" hai2="10,129,28,20,89,4,128,117,113,126,70,35,67" hai3="87,13,130,104,5,91,76,106,115,31,81,1,94"/><U39/><E107/><V6/><F70/><W124/><G1/><T34/><D72/><U3/><E93/><V78/><F67/><W74/><G31/><T36/><D112/><U114/><E114/><V131/><F78/><W101/><G115/><T48/><D127/><U12/><E37/><V9/><F113/><W133/><G5/><N who="2" m="2153" /><F89/><W75/><G13/><T11/><D132/><U41/><E41/><V96/><F96/><N who="3" m="59543" /><G124/><T26/><D56/><U125/><E125/><V79/><F79/><W68/><G68/><T50/><D50/><U86/><E57/><V122/><F126/><W60/><G60/><T92/><D38/><U21/><E12/><V52/><F52/><W17/><G17/><N who="0" m="6731" /><D34/><U2/><E21/><V118/><F122/><W88/><G133/><T109/><D36/><U120/><E22/><V100/><F100/><W29/><G29/><T43/><D109/><U111/><E135/><V85/><F85/><W80/><G130/><N who="2" m="33281" /><V62/><DORA hai="83" /><F62/><W90/><G74/><T102/><D102/><U42/><E111/><V116/><F35/><W0/><G0/><T66/><D66/><U45/><E120/><V105/><F105/><AGARI ba="0,0" hai="75,76,80,81,87,88,90,91,104,105,106" m="59543" machi="105" ten="30,12000,2" yaku="35,5,52,1,54,1" doraHai="33,83" who="3" fromWho="2" sc="198,0,348,0,209,-120,245,120" /><INIT seed="6,0,0,4,5,96" ten="198,348,89,365" oya="2" hai0="18,115,99,27,133,75,66,116,104,30,67,117,11" hai1="25,135,118,15,51,45,20,42,33,63,58,64,109" hai2="88,110,134,2,3,35,101,41,128,68,81,73,129" hai3="78,84,105,16,79,54,127,49,65,86,6,90,122"/><V29/><F68/><W34/><G105/><T107/><D75/><U1/><E1/><V77/><F134/><W97/><G34/><N who="0" m="20831" /><D115/><U60/><E118/><N who="0" m="45673" /><D133/><U32/><E135/><V124/><F124/><W131/><G65/><N who="0" m="24587" /><D99/><U57/><E109/><V123/><F110/><W37/><G97/><T100/><D100/><U17/><E25/><N who="2" m="18863" /><F123/><W113/><G37/><T59/><D59/><U44/><E45/><V24/><F41/><W8/><G84/><T121/><D121/><U126/><E126/><V95/><F24/><W38/><G8/><T56/><D56/><U55/><AGARI ba="0,0" hai="15,17,20,32,33,42,44,51,55,57,58,60,63,64" machi="55" ten="20,1500,0" yaku="0,1,7,1" doraHai="96" who="1" fromWho="1" sc="198,-4,348,15,89,-7,365,-4" /><INIT seed="7,0,0,3,3,117" ten="194,363,82,361" oya="3" hai0="91,119,98,29,101,65,43,78,18,80,122,79,26" hai1="55,3,94,64,52,86,23,104,61,134,28,67,53" hai2="74,25,22,21,13,76,48,108,110,69,46,105,85" hai3="89,133,11,33,51,14,81,36,8,39,129,0,102"/><W24/><G133/><T9/><BYE who="2" /><D122/><U130/><E104/><V35/><F35/><W37/><G129/><T125/><D119/><U59/><E134/><V7/><F7/><W88/><G102/><T84/><D125/><U1/><E130/><V92/><F92/><W77/><G0/><T5/><D43/><U75/><E75/><V58/><F58/><W10/><G51/><T70/><D18/><U62/><E1/><V68/><F68/><W32/><G14/><T93/><D65/><N who="1" m="39103" /><E3/><V38/><F38/><W41/><G41/><T66/><D66/><U73/><E73/><V96/><F96/><W112/><G112/><T12/><D70/><U114/><E114/><V27/><F27/><W124/><G124/><T2/><D2/><U45/><E45/><V72/><F72/><W19/><G33/><AGARI ba="0,0" hai="5,9,12,26,29,33,78,79,80,84,91,93,98,101" machi="33" ten="30,1000,0" yaku="7,1" doraHai="117" who="0" fromWho="3" sc="194,10,363,0,82,0,361,-10" owari="204,-20.0,363,47.0,82,-42.0,351,15.0" /></mjloggm>