<mjloggm ver="2.3"><GO type="169" lobby="0"/><UN n0="%E3%81%8A%E3%81%8A%E3%81%8F%E3%81%95" n1="%5A%65%6E" n2="%E3%82%AD%E3%83%B3%E3%82%B0%E3%81%82%E3%81%A4%E3%81%97" n3="%75%63%63%68%69%2D%30%32" dan="17,16,17,16" rate="2207.31,2165.91,2173.13,2198.15" sx="M,M,M,M"/><TAIKYOKU oya="0"/><INIT seed="0,0,0,4,1,41" ten="250,250,250,250" oya="0" hai0="3,114,33,42,94,44,62,72,28,110,27,51,85" hai1="76,4,66,104,61,103,132,21,30,29,24,111,64" hai2="0,19,53,81,36,14,90,120,126,12,9,55,80" hai3="96,100,37,106,130,48,97,6,22,71,18,11,31"/><T5/><D114/><U39/><E132/><V8/><F120/><W112/><G37/><T135/><D72/><U131/><E111/><V52/><F0/><W84/><G112/><T78/><D135/><U79/><E131/><V63/><F36/><W115/><G115/><T107/><D107/><U122/><E122/><V56/><F126/><W35/><G71/><T118/><D118/><U7/><E39/><V1/><F1/><W54/><G130/><T49/><D110/><U98/><E30/><V23/><F23/><W113/><G113/><T127/><D127/><U2/><E66/><V47/><F90/><W124/><G96/><T70/><D3/><U34/><E21/><V129/><F129/><W133/><G133/><T102/><D5/><U87/><E2/><V116/><F116/><W99/><G99/><T95/><D102/><U125/><E125/><V38/><F38/><W69/><G69/><T10/><D10/><U32/><E32/><V88/><F47/><N who="3" m="27935" /><G124/><T43/><D70/><N who="1" m="42255" /><E87/><N who="2" m="50279" /><F81/><W91/><G35/><T67/><D78/><AGARI ba="0,0" hai="4,7,24,29,34,76,78,79,98,103,104" m="42255" machi="78" ten="30,1000,0" yaku="25,1" doraHai="41" who="1" fromWho="0" sc="250,-10,250,10,250,0,250,0" /><INIT seed="1,0,0,0,3,71" ten="240,260,250,250" oya="1" hai0="49,96,64,48,9,77,117,75,66,12,82,94,133" hai1="119,56,88,74,10,131,28,69,123,106,34,62,59" hai2="134,78,33,100,103,13,7,97,18,122,24,72,40" hai3="3,32,80,135,53,38,54,55,105,17,39,6,63"/><U19/><E119/><V79/><F122/><W47/><G32/><T93/><D133/><U128/><E123/><V91/><F134/><W109/><G105/><T113/><D113/><U83/><E106/><V124/><F124/><W42/><G135/><T116/><D93/><U85/><E74/><V115/><F7/><W89/><G109/><T87/><D75/><U50/><E69/><V52/><F40/><W45/><G63/><T76/><D76/><U22/><E34/><V31/><F72/><W29/><G29/><T118/><D66/><U35/><E35/><V26/><F26/><W121/><G121/><T37/><D37/><U41/><E28/><V90/><F100/><W92/><G80/><T101/><REACH who="0" step="1"/><D64/><REACH who="0" ten="230,260,250,250" step="2"/><U108/><E108/><V0/><F79/><W57/><G39/><T126/><D126/><U127/><E127/><V51/><F78/><W46/><G92/><T114/><D114/><U27/><E131/><V65/><F65/><W60/><G38/><T102/><D102/><U23/><E128/><V2/><F115/><W86/><G89/><T1/><D1/><U25/><E88/><V67/><F67/><W84/><G3/><T68/><D68/><U5/><E83/><V112/><F112/><W16/><G42/><T11/><D11/><U107/><E107/><N who="2" m="63983" /><F91/><W14/><G60/><T8/><D8/><U81/><E62/><V21/><F90/><W43/><G43/><T125/><D125/><U15/><E41/><V95/><F95/><W98/><G54/><T61/><D61/><U70/><E70/><V99/><F99/><W120/><G98/><RYUUKYOKU ba="0,1" sc="230,15,260,-15,250,15,250,-15" hai0="9,12,48,49,77,82,87,94,96,101,116,117,118" hai2="0,2,13,18,21,24,31,33,51,52" /><INIT seed="2,1,1,4,2,8" ten="245,245,265,235" oya="2" hai0="24,103,50,99,105,60,89,57,9,67,13,135,29" hai1="108,122,118,52,111,124,43,40,119,116,14,86,66" hai2="101,64,123,28,92,39,109,90,125,131,120,54,46" hai3="69,93,12,49,73,17,72,5,35,65,84,78,100"/><V27/><F101/><W45/><G35/><T127/><D135/><U77/><E124/><V3/><F3/><W87/><G5/><T115/><D127/><U104/><E104/><V44/><F125/><W107/><G107/><T63/><D115/><U19/><E66/><V1/><F1/><W7/><G7/><T97/><D97/><U23/><E122/><V51/><F64/><W134/><G134/><T58/><D50/><U80/><REACH who="1" step="1"/><E52/><REACH who="1" ten="245,235,265,235" step="2"/><V106/><F106/><W48/><G65/><T10/><D67/><U129/><E129/><V133/><F131/><W20/><G69/><T33/><D58/><U62/><E62/><V79/><F133/><W32/><G45/><T34/><D57/><U71/><E71/><V56/><F44/><W75/><G75/><T11/><D60/><U37/><E37/><V42/><F109/><AGARI ba="1,2" hai="14,19,23,40,43,77,80,86,108,109,111,116,118,119" machi="109" ten="50,6400,0" yaku="1,1,14,1,52,1,53,0" doraHai="8" doraHaiUra="26" who="1" fromWho="2" sc="245,0,235,87,265,-67,235,0" /><INIT seed="3,0,0,2,5,2" ten="245,322,198,235" oya="3" hai0="121,56,97,81,27,17,51,80,79,48,114,32,110" hai1="9,123,40,122,43,82,107,57,96,102,111,5,13" hai2="11,66,71,133,113,128,63,1,94,105,84,119,91" hai3="50,10,131,22,8,92,18,55,127,89,76,125,21"/><W38/><G38/><T64/><D110/><U124/><E111/><V74/><F113/><W14/><G76/><T106/><D121/><U78/><E124/><N who="3" m="47690" /><G131/><T6/><D80/><U126/><E126/><V68/><F119/><W23/><G10/><T45/><D106/><U28/><E28/><V29/><F128/><W25/><G50/><T101/><D51/><U60/><E122/><V4/><F133/><W65/><G65/><T31/><D56/><U99/><E99/><V134/><F134/><W49/><G49/><T69/><D114/><U108/><E108/><V58/><F74/><W135/><G55/><T112/><D112/><U77/><E123/><V132/><F132/><W86/><G135/><T20/><D45/><U116/><E116/><V100/><F29/><AGARI ba="0,0" hai="8,14,18,21,22,23,25,29,86,89,92" m="47690" machi="29" ten="30,1500,0" yaku="18,1" doraHai="2" who="3" fromWho="2" sc="245,0,322,0,198,-15,235,15" /><INIT seed="3,1,0,0,2,17" ten="245,322,183,250" oya="3" hai0="27,43,123,45,13,2,32,127,109,1,57,7,3" hai1="5,82,84,60,117,96,135,44,132,49,97,106,66" hai2="30,95,36,93,125,98,76,103,10,77,29,58,63" hai3="55,128,79,38,12,110,11,54,115,50,16,129,0"/><W120/><G115/><T88/><D123/><U90/><E5/><V35/><F125/><W67/><G120/><T4/><D127/><U101/><E117/><V134/><F134/><W94/><G38/><T99/><D109/><U14/><E97/><V124/><F36/><W80/><G110/><T78/><D78/><U92/><E14/><V34/><F124/><W100/><G67/><T19/><D57/><U104/><E104/><V91/><F35/><W46/><G0/><T41/><D41/><U65/><E106/><V37/><F37/><W64/><G64/><T118/><D118/><U105/><E105/><V85/><F10/><W116/><G116/><T86/><D99/><U114/><E114/><V83/><F34/><W73/><G100/><T130/><D130/><N who="3" m="50281" /><G94/><T131/><D131/><U119/><E119/><V102/><F76/><W8/><G55/><T81/><D45/><U47/><E66/><V42/><F42/><W133/><G133/><T25/><D43/><U69/><REACH who="1" step="1"/><E44/><REACH who="1" ten="245,312,183,250" step="2"/><V28/><REACH who="2" step="1"/><F95/><REACH who="2" ten="245,312,173,250" step="2"/><W18/><G8/><T61/><D2/><U87/><E87/><V21/><F21/><W68/><G11/><T108/><D3/><U56/><E56/><V52/><AGARI ba="1,2" hai="28,29,30,52,58,63,77,83,85,91,93,98,102,103" machi="52" ten="30,7900,0" yaku="1,1,0,1,8,1,54,1,53,0" doraHai="17" doraHaiUra="9" who="2" fromWho="2" sc="245,-21,312,-21,173,102,250,-40" /><INIT seed="4,0,0,0,2,40" ten="224,291,275,210" oya="0" hai0="36,30,32,48,51,77,69,57,9,47,98,128,49" hai1="78,125,132,52,68,135,50,107,0,123,82,109,43" hai2="31,72,17,42,18,74,33,84,79,63,70,73,113" hai3="133,130,97,14,91,96,92,75,37,112,54,60,121"/><T80/><D128/><U41/><E123/><V118/><F42/><W19/><G37/><T62/><D69/><U45/><E109/><V119/><F113/><W56/><G112/><T99/><D9/><U7/><E107/><V58/><F70/><W26/><G130/><T67/><D32/><U83/><E68/><V95/><F31/><W29/><G121/><T25/><D36/><U15/><E0/><V108/><F33/><W120/><G75/><T16/><D30/><U28/><E28/><V27/><F108/><W2/><G2/><T93/><D93/><U134/><E83/><N who="2" m="47231" /><F27/><W116/><G116/><N who="2" m="44585" /><F95/><W103/><G133/><T129/><D129/><U44/><E125/><V38/><F38/><W110/><G110/><T11/><D98/><U8/><REACH who="1" step="1"/><E44/><REACH who="1" ten="224,281,275,210" step="2"/><V24/><F24/><W101/><G120/><T46/><D25/><U111/><E111/><V81/><F81/><W90/><G26/><T55/><D47/><U39/><E39/><V76/><F76/><W53/><G29/><T1/><D80/><U61/><E61/><V20/><F73/><AGARI ba="0,1" hai="7,8,15,41,43,45,50,52,73,78,82,132,134,135" machi="73" ten="40,8000,1" yaku="1,1,20,1,52,1,54,1,53,0" doraHai="40" doraHaiUra="64" who="1" fromWho="2" sc="224,0,281,90,275,-80,210,0" /><INIT seed="5,0,0,2,0,84" ten="224,371,195,210" oya="1" hai0="90,56,76,78,37,51,105,50,94,80,12,60,9" hai1="40,67,18,30,27,81,124,88,127,57,55,113,75" hai2="20,95,24,125,116,63,82,25,131,21,114,118,115" hai3="16,31,85,132,135,33,86,14,103,22,6,120,13"/><U45/><E67/><V65/><F125/><N who="1" m="48201" /><E75/><V15/><F131/><W2/><G103/><T104/><D37/><N who="1" m="21647" /><E18/><N who="2" m="10335" /><F82/><W11/><G120/><T96/><D104/><U41/><E41/><V47/><F47/><W1/><G86/><N who="0" m="48407" /><D76/><U49/><E113/><N who="2" m="43019" /><F95/><W102/><G85/><T91/><D105/><U53/><E53/><V17/><F25/><N who="3" m="18671" /><G102/><N who="0" m="60695" /><D50/><U133/><E133/><AGARI ba="0,0" hai="1,2,6,11,13,14,16,22,132,133,135" m="18671" machi="133" ten="30,7700,0" yaku="20,1,34,2,54,1" doraHai="84" who="3" fromWho="1" sc="224,0,371,-77,195,0,210,77" /><INIT seed="6,0,0,2,1,41" ten="224,294,195,287" oya="2" hai0="107,40,115,11,119,75,49,14,83,102,105,47,98" hai1="131,114,116,3,50,89,118,22,35,37,112,12,32" hai2="61,99,1,8,54,46,23,38,29,68,67,27,120" hai3="80,100,103,45,106,52,4,71,60,31,90,92,6"/><V125/><F120/><W0/><G31/><T79/><D115/><N who="1" m="44075" /><E37/><V82/><F125/><W95/><G106/><T65/><D119/><N who="1" m="45611" /><E50/><V24/><F82/><W39/><G80/><T19/><REACH who="0" step="1"/><D65/><REACH who="0" ten="214,294,195,287" step="2"/><U30/><E131/><V87/><F67/><W48/><G0/><T97/><D97/><U108/><E3/><V122/><F99/><W62/><G103/><T70/><D70/><U110/><E89/><V18/><F68/><W10/><G71/><T17/><D17/><N who="1" m="10535" /><E30/><V16/><F122/><W64/><G64/><T78/><D78/><U33/><AGARI ba="0,1" hai="32,33,35,108,110" m="10535,45611,44075" machi="33" ten="40,5200,0" yaku="15,1,34,2" doraHai="41" who="1" fromWho="1" sc="214,-13,294,62,195,-26,287,-13" /><INIT seed="7,0,0,2,5,15" ten="201,356,169,274" oya="3" hai0="43,89,68,86,105,118,117,83,51,119,35,70,115" hai1="101,33,48,88,74,108,133,57,8,46,24,11,62" hai2="34,16,6,125,109,60,20,13,87,22,25,77,102" hai3="58,82,47,69,29,128,116,81,2,65,100,106,5"/><W127/><G116/><T27/><D105/><U55/><E101/><V71/><F109/><W38/><G69/><T42/><D115/><U41/><E74/><V40/><F34/><W54/><G29/><T52/><D70/><U39/><E108/><V37/><F37/><W121/><G121/><T80/><D68/><U12/><E133/><V130/><F71/><W113/><G113/><T19/><D83/><U79/><E79/><V30/><F125/><W14/><G127/><T32/><D32/><U111/><E111/><V95/><F130/><W18/><G128/><T66/><D66/><U7/><E33/><V21/><F6/><W84/><G65/><T76/><D76/><U92/><E24/><V123/><F123/><W110/><G82/><T134/><D134/><U4/><E39/><V114/><F114/><W9/><G110/><T73/><D73/><U59/><E59/><V94/><F60/><W53/><G100/><T44/><D35/><U17/><E11/><N who="2" m="6207" /><F40/><W104/><G104/><T75/><REACH who="0" step="1"/><D75/><REACH who="0" ten="191,356,169,274" step="2"/><U45/><E45/><V23/><F102/><W96/><G47/><T122/><D122/><U98/><AGARI ba="0,1" hai="4,7,8,12,17,41,46,48,55,57,62,88,92,98" machi="98" ten="20,8000,1" yaku="0,1,7,1,8,1,52,1,54,1" doraHai="15" who="1" fromWho="1" sc="191,-20,356,90,169,-20,274,-40" owari="171,-23.0,446,55.0,149,-35.0,234,3.0" /></mjloggm>