<mjloggm ver="2.3"><GO type="185" lobby="0"/><UN n0="%6E%69%6B%6F%6C%75%30%33" n1="%63%61%6C%63%2E" n2="%44%75%73%6B" n3="" dan="17,19,16,0" rate="2258.96,2396.33,2163.47,1500.00" sx="M,M,M,C"/><TAIKYOKU oya="0"/><INIT seed="0,0,0,1,1,79" ten="350,350,350,0" oya="0" hai0="127,60,2,102,105,134,107,40,57,37,108,90,96" hai1="112,82,133,32,106,86,67,120,36,62,68,93,121" hai2="99,84,88,34,63,43,122,123,91,124,111,56,116" hai3=""/><T98/><D2/><U77/><N who="1" m="30752" /><U35/><N who="1" m="31008" /><U81/><E106/><V45/><N who="2" m="31264" /><V72/><N who="2" m="31520" /><V1/><F72/><T47/><D127/><U51/><E36/><V39/><F1/><T94/><D134/><U131/><E133/><V0/><F0/><T52/><D108/><U71/><E131/><V65/><F111/><T83/><D83/><U109/><E109/><V74/><F74/><T101/><D90/><U49/><E112/><V125/><F34/><T58/><D58/><U46/><E71/><V132/><F132/><T92/><AGARI ba="0,0" hai="37,40,47,52,57,60,92,94,96,98,101,102,105,107" machi="92" ten="20,5200,0" yaku="0,1,7,1,9,1,54,1" doraHai="79" who="0" fromWho="0" sc="350,52,350,-26,350,-26,0,0" /><INIT seed="0,1,0,5,1,106" ten="402,324,324,0" oya="0" hai0="47,67,104,126,64,36,119,123,135,78,94,112,3" hai1="97,121,86,93,89,131,80,58,42,90,56,125,71" hai2="85,73,72,109,48,132,75,99,120,83,49,34,51" hai3=""/><T84/><N who="0" m="31520" /><T111/><D3/><U128/><N who="1" m="31008" /><U100/><E71/><V59/><N who="2" m="30752" /><V116/><F109/><T41/><D112/><U117/><E117/><V130/><F34/><T82/><D119/><U77/><E42/><V74/><F130/><N who="1" m="49705" /><E125/><V122/><N who="2" m="31264" /><V102/><F132/><T62/><D126/><U43/><E43/><V65/><F116/><T2/><D2/><U134/><E134/><V108/><F108/><T66/><D111/><U33/><E33/><V52/><N who="2" m="18944" /><DORA hai="133" /><V95/><REACH who="2" step="1"/><F65/><REACH who="2" ten="402,324,314,0" step="2"/><T60/><D135/><U87/><E77/><AGARI ba="1,1" hai="48,49,51,52,59,77,83,85,95,99,102" m="18944,31264,30752" machi="77" ten="70,16000,3" yaku="1,1,2,1,52,6,54,1,53,0" doraHai="106,133" doraHaiUra="37,40" who="2" fromWho="1" sc="402,0,324,-162,314,172,0,0" /><INIT seed="1,0,0,4,5,82" ten="402,162,486,0" oya="1" hai0="88,112,42,81,109,59,122,38,106,95,135,101,114" hai1="58,92,126,110,66,87,73,68,45,56,48,61,34" hai2="41,132,33,91,74,35,85,130,117,90,64,107,121" hai3=""/><U62/><E34/><V116/><N who="2" m="31008" /><V113/><F74/><T105/><N who="0" m="31264" /><T55/><D109/><U75/><E110/><V131/><F113/><T52/><D135/><U123/><N who="1" m="31520" /><U127/><E73/><V115/><F115/><T1/><D1/><U98/><E75/><V111/><F111/><T39/><D81/><U102/><E68/><V51/><F107/><T94/><D59/><U103/><E103/><V67/><F132/><T49/><D49/><U2/><E2/><V54/><F41/><T128/><D42/><U71/><E71/><V0/><F0/><T84/><D88/><U104/><E48/><V119/><F90/><T32/><D101/><U118/><E45/><V124/><F124/><N who="1" m="47657" /><E118/><V37/><F37/><T86/><D128/><N who="2" m="49194" /><F33/><AGARI ba="0,0" hai="32,33,38,39,52,55,84,86,94,95,105,106,112,114" m="31264" machi="33" ten="25,12000,2" yaku="22,2,52,3,54,1" doraHai="82" who="0" fromWho="2" sc="402,120,162,0,486,-120,0,0" /><INIT seed="2,0,0,3,5,115" ten="522,162,366,0" oya="2" hai0="65,62,125,107,101,41,39,97,47,118,129,108,130" hai1="109,69,43,95,96,77,32,67,105,61,51,123,36" hai2="119,112,42,116,88,72,57,90,37,56,122,104,2" hai3=""/><V117/><N who="2" m="31264" /><V44/><F112/><T94/><D108/><U73/><N who="1" m="31520" /><U91/><E109/><V127/><F127/><T93/><D125/><U48/><E32/><V74/><F2/><T86/><D118/><U133/><E133/><V50/><F104/><T59/><D86/><U84/><E36/><V114/><F114/><T55/><D65/><U45/><E48/><V1/><F1/><T102/><D101/><U120/><N who="1" m="30752" /><U99/><REACH who="1" step="1"/><E105/><REACH who="1" ten="522,152,366,0" step="2"/><V38/><F37/><T82/><D107/><U79/><E79/><V35/><F35/><T49/><D39/><U78/><E78/><V124/><F124/><T132/><D132/><U85/><E85/><V34/><F34/><T113/><D113/><U54/><E54/><V46/><F74/><T135/><D55/><U100/><E100/><V80/><F72/><T60/><D102/><U63/><E63/><V52/><REACH who="2" step="1"/><F90/><REACH who="2" ten="522,152,356,0" step="2"/><T0/><D135/><U33/><E33/><V53/><F53/><T89/><D0/><U111/><E111/><V106/><F106/><T76/><D89/><U71/><E71/><V70/><F70/><T64/><D76/><U81/><AGARI ba="0,2" hai="43,45,51,61,67,69,73,77,81,84,91,95,96,99" m="30752,31520" machi="81" ten="30,5900,0" yaku="1,1,0,1,52,2,53,0" doraHai="115" doraHaiUra="121" who="1" fromWho="1" sc="522,-20,152,79,356,-39,0,0" /><INIT seed="4,0,0,5,4,74" ten="502,231,317,0" oya="0" hai0="131,88,113,97,54,46,99,115,101,60,45,100,76" hai1="61,111,51,73,55,57,42,109,89,41,65,0,117" hai2="71,52,38,124,67,49,92,82,48,68,70,114,39" hai3=""/><T81/><D131/><U126/><E0/><V50/><F92/><T79/><D60/><U35/><E35/><V116/><F114/><N who="0" m="43530" /><D81/><U133/><E61/><V132/><F132/><T106/><D88/><U44/><E89/><V94/><F94/><T75/><D75/><U84/><E73/><V102/><F102/><N who="0" m="39530" /><D54/><U85/><E55/><V107/><F107/><T59/><D59/><U123/><E57/><V96/><F96/><N who="0" m="36938" /><D106/><U120/><E133/><V47/><F116/><T80/><D80/><U108/><E117/><V37/><F82/><T2/><D2/><U1/><E1/><V34/><F34/><T134/><D134/><U58/><E111/><V56/><F124/><T103/><D103/><U62/><E126/><V36/><F67/><T118/><D118/><U33/><E33/><V129/><F129/><T78/><AGARI ba="0,0" hai="45,46,76,78,79" m="36938,39530,43530" machi="78" ten="40,12000,2" yaku="28,2,15,1,52,3" doraHai="74" who="0" fromWho="0" sc="502,120,231,-60,317,-60,0,0" /><INIT seed="4,1,0,0,2,99" ten="622,171,257,0" oya="0" hai0="110,46,128,88,76,115,85,38,78,3,113,63,60" hai1="42,111,45,69,39,62,41,106,112,108,59,123,93" hai2="40,127,98,81,80,114,77,75,124,116,86,84,2" hai3=""/><T37/><D3/><U104/><N who="1" m="31520" /><U65/><E42/><V87/><F2/><T101/><D128/><U44/><E44/><V49/><F40/><T82/><D110/><U47/><E47/><V126/><F49/><T89/><D46/><U90/><E112/><N who="0" m="43081" /><D89/><U36/><E36/><N who="0" m="13929" /><D101/><U102/><E106/><V109/><F114/><T118/><D118/><U96/><REACH who="1" step="1"/><E59/><REACH who="1" ten="622,161,257,0" step="2"/><V97/><F116/><T43/><D43/><U71/><E71/><V56/><F56/><T57/><D57/><U54/><E54/><V58/><F58/><T132/><D132/><U133/><E133/><V72/><F109/><T50/><D50/><U100/><E100/><V51/><F51/><T117/><D117/><U92/><E92/><V107/><F107/><T125/><D60/><U122/><N who="1" m="31264" /><U73/><E73/><V79/><AGARI ba="1,1" hai="72,75,77,79,80,81,84,86,87,97,98,124,126,127" machi="79" ten="40,9000,2" yaku="0,1,9,1,18,1,34,3" doraHai="99" who="2" fromWho="2" sc="622,-61,161,-31,257,102,0,0" /><INIT seed="5,0,0,0,3,85" ten="561,130,359,0" oya="1" hai0="122,120,104,79,102,93,75,72,134,114,61,77,48" hai1="47,115,39,62,3,125,107,96,43,83,76,60,90" hai2="94,124,123,54,41,35,97,109,99,127,84,129,1" hai3=""/><U126/><E3/><V59/><N who="2" m="31520" /><V111/><F35/><T2/><N who="0" m="30752" /><T0/><N who="0" m="31264" /><T73/><D114/><U33/><E33/><V101/><F1/><T118/><D134/><U95/><E107/><V106/><F41/><T113/><D48/><U40/><E40/><V32/><F32/><T98/><D61/><U116/><E116/><V51/><F84/><T67/><D67/><U128/><E115/><V71/><F71/><T50/><D50/><U58/><E128/><V135/><F135/><T56/><D56/><U88/><E90/><V80/><F80/><T55/><D113/><U130/><E130/><V133/><F133/><T34/><D34/><U110/><E110/><V57/><F57/><T121/><N who="0" m="31008" /><T112/><D112/><U108/><E108/><V91/><F129/><T37/><D118/><U46/><E47/><V86/><F99/><T52/><D98/><U89/><E89/><V65/><F65/><T131/><D131/><U53/><REACH who="1" step="1"/><E62/><REACH who="1" ten="561,120,359,0" step="2"/><V42/><F42/><T49/><D2/><U92/><E92/><V38/><F109/><T74/><D0/><U44/><E44/><V103/><F111/><T68/><D93/><U100/><E100/><V45/><F101/><T87/><D102/><RYUUKYOKU ba="0,1" sc="561,-20,120,10,359,10,0,0" hai1="39,43,46,53,58,60,76,83,88,95,96,125,126" hai2="38,45,51,54,59,86,91,94,97,103,106,124,127" /><INIT seed="5,1,1,2,2,125" ten="541,130,369,0" oya="1" hai0="113,42,58,116,131,96,64,90,84,101,41,81,99" hai1="40,2,123,124,36,74,39,87,0,120,62,107,82" hai2="66,88,133,59,94,95,86,76,72,68,50,61,65" hai3=""/><U73/><N who="1" m="30752" /><U112/><N who="1" m="31520" /><U85/><E107/><V46/><F133/><T3/><D131/><U132/><E124/><V37/><F72/><N who="1" m="27753" /><E132/><V122/><N who="2" m="31264" /><V117/><F117/><T89/><D116/><U106/><E106/><V91/><F76/><T47/><D3/><N who="1" m="1067" /><E40/><V54/><F37/><N who="1" m="14409" /><E112/><V1/><F1/><T33/><D113/><U121/><N who="1" m="31008" /><U35/><E35/><V129/><F129/><T34/><D33/><U70/><E82/><V38/><F38/><T63/><D34/><U53/><E53/><V104/><F104/><T92/><D47/><U71/><E62/><V109/><F109/><T102/><D101/><U77/><E77/><V55/><F55/><T115/><D115/><U79/><E79/><V69/><F65/><T60/><D63/><U119/><E119/><V67/><REACH who="2" step="1"/><F66/><REACH who="2" ten="541,130,359,0" step="2"/><T105/><AGARI ba="1,2" hai="41,42,58,60,64,81,84,89,90,92,96,99,102,105" machi="105" ten="20,1100,0" yaku="0,1,7,1" doraHai="125" who="0" fromWho="0" sc="541,33,130,-8,359,-5,0,0" /><INIT seed="6,0,0,1,2,88" ten="574,122,354,0" oya="2" hai0="51,118,110,116,41,66,45,124,49,87,126,127,63" hai1="121,67,103,99,33,36,80,117,43,82,32,55,48" hai2="62,132,119,2,75,96,60,76,130,86,131,1,50" hai3=""/><V44/><F119/><N who="0" m="45610" /><D87/><U72/><N who="1" m="31008" /><U54/><E117/><V92/><F75/><T56/><D110/><U65/><E72/><V111/><F132/><T97/><D97/><U104/><E36/><AGARI ba="0,0" hai="36,41,45,49,51,56,63,66,124,126,127" m="45610" machi="36" ten="40,5200,0" yaku="18,1,34,2" doraHai="88" who="0" fromWho="1" sc="574,52,122,-52,354,0,0,0" owari="626,58.0,70,-53.0,354,-5.0,0,0.0" /></mjloggm>