<mjloggm ver="2.3"><GO type="169" lobby="0"/><UN n0="%7A%6B%75%72%74" n1="%64%61%6E%6E%63%68%69" n2="%E4%BF%AE%E5%A3%AB%33%E5%B9%B4" n3="%E3%81%84%E3%81%AE%E3%81%91%E3%82%93" dan="17,17,17,17" rate="2218.99,2171.82,2095.30,2195.27" sx="M,M,M,F"/><TAIKYOKU oya="0"/><INIT seed="0,0,0,0,4,58" ten="250,250,250,250" oya="0" hai0="71,95,66,62,61,22,101,7,69,32,79,46,23" hai1="77,54,60,45,85,55,36,76,94,116,1,87,52" hai2="124,3,40,73,18,111,83,50,75,57,17,114,20" hai3="92,119,26,99,70,31,126,67,127,34,80,39,44"/><T130/><D32/><U90/><E116/><V120/><F120/><W49/><G119/><T134/><D130/><U86/><E1/><V82/><F114/><W12/><G39/><T97/><D134/><U35/><E35/><V103/><F3/><W59/><G70/><T19/><D7/><U14/><E14/><V106/><F106/><W41/><G80/><T4/><D4/><U28/><E28/><V91/><F103/><W30/><G30/><T96/><D79/><N who="1" m="30283" /><E36/><V122/><F124/><W81/><G81/><T2/><D2/><U113/><E113/><V131/><F75/><W24/><G24/><T121/><D121/><U38/><E38/><V10/><F73/><W129/><G129/><T98/><D46/><U43/><E43/><V84/><F40/><W64/><G12/><T16/><D101/><U105/><E105/><V108/><F122/><W48/><G48/><T72/><D72/><U63/><E45/><V37/><F37/><W135/><G135/><T93/><D96/><AGARI ba="0,0" hai="52,54,55,60,63,85,86,87,90,94,96" m="30283" machi="96" ten="30,7700,0" yaku="8,1,52,2,54,1" doraHai="58" who="1" fromWho="0" sc="250,-77,250,77,250,0,250,0" /><INIT seed="1,0,0,0,4,19" ten="173,327,250,250" oya="1" hai0="30,95,12,29,119,7,121,111,46,53,118,40,45" hai1="81,60,124,65,47,54,69,98,11,101,31,4,34" hai2="35,61,0,84,49,123,79,28,18,86,80,83,14" hai3="102,110,127,48,75,24,6,55,73,133,93,90,99"/><U52/><E124/><V106/><F123/><W44/><G127/><T109/><D121/><U135/><E135/><V5/><F106/><W132/><G110/><T2/><D2/><U36/><E81/><V51/><F0/><W92/><G6/><T59/><D95/><U56/><E31/><V64/><F5/><W129/><G129/><T125/><D125/><U117/><E34/><V85/><F28/><W17/><G75/><T71/><D71/><U37/><E117/><V76/><F85/><W38/><G38/><T25/><D12/><U87/><E87/><V41/><F41/><W15/><G24/><T74/><D7/><U3/><E47/><V122/><F35/><W89/><G73/><T96/><D96/><U1/><E1/><V104/><F104/><W39/><G39/><T21/><D74/><U77/><E77/><V43/><F43/><W78/><G78/><T26/><D40/><U116/><E116/><V108/><F108/><W57/><G44/><T88/><D59/><U82/><E82/><V94/><F94/><W97/><REACH who="3" step="1"/><G102/><REACH who="3" ten="173,327,250,240" step="2"/><T134/><D119/><U131/><E131/><V105/><F122/><W20/><AGARI ba="0,1" hai="15,17,20,48,55,57,89,90,92,93,97,99,132,133" machi="20" ten="30,8000,1" yaku="1,1,2,1,0,1,9,1,52,1,53,0" doraHai="19" doraHaiUra="67" who="3" fromWho="3" sc="173,-20,327,-40,250,-20,240,90" /><INIT seed="2,0,0,3,1,83" ten="153,287,230,330" oya="2" hai0="88,17,67,5,53,14,55,81,52,4,60,58,132" hai1="10,97,86,109,124,79,100,31,30,99,80,66,114" hai2="1,6,115,44,133,74,63,33,92,22,75,93,122" hai3="28,35,87,62,129,120,77,116,32,41,16,13,121"/><V127/><F33/><W18/><G116/><T113/><D113/><U85/><E114/><V108/><F122/><W72/><G72/><T89/><D132/><U126/><E109/><V76/><F115/><W50/><G129/><T12/><D12/><U11/><E66/><V64/><F133/><W73/><G73/><T96/><D96/><U36/><E36/><V102/><F108/><W57/><G120/><T78/><D4/><U130/><E130/><V90/><F76/><W134/><G134/><T65/><D65/><U2/><E2/><V54/><F22/><W94/><G121/><T51/><D5/><U106/><E97/><V135/><F93/><W29/><G35/><T123/><D51/><U112/><E112/><V24/><F102/><W84/><G32/><T104/><D104/><U47/><E47/><V118/><F24/><W110/><G110/><T98/><D98/><U103/><E103/><V37/><F118/><W56/><G77/><T91/><D123/><U69/><E69/><V9/><F135/><W21/><G94/><T105/><D105/><U38/><E38/><V111/><F37/><W101/><G101/><T95/><D95/><U70/><E70/><N who="2" m="42271" /><F111/><W49/><G62/><T0/><D0/><U68/><E68/><V119/><F119/><W82/><G82/><T46/><D46/><U107/><E107/><V3/><F3/><W39/><G39/><T61/><D61/><U48/><E106/><V19/><F1/><W26/><G26/><T40/><D78/><U27/><E100/><V45/><F92/><W71/><G21/><N who="0" m="11447" /><D81/><U43/><E80/><RYUUKYOKU ba="0,0" sc="153,30,287,-10,230,-10,330,-10" hai0="40,52,53,55,58,60,67,88,89,91" /><INIT seed="3,1,0,0,1,100" ten="183,277,220,320" oya="3" hai0="30,102,98,40,6,36,119,127,51,84,48,43,8" hai1="39,5,26,13,27,21,24,95,124,109,44,14,19" hai2="103,76,134,1,11,33,46,20,108,62,38,86,97" hai3="55,116,15,89,99,90,42,128,112,105,68,87,111"/><W94/><G112/><T77/><D119/><U96/><E109/><V73/><F33/><W110/><G68/><T22/><D127/><U12/><E124/><V67/><F20/><W104/><G116/><T56/><D36/><U79/><E79/><V47/><F86/><W120/><G120/><T2/><D77/><U122/><E122/><V101/><F134/><W126/><G126/><T52/><D84/><U28/><E39/><V132/><F132/><W130/><G42/><T25/><REACH who="0" step="1"/><D51/><REACH who="0" ten="173,277,220,320" step="2"/><U23/><E44/><V35/><F38/><W129/><G55/><T135/><D135/><U91/><REACH who="1" step="1"/><E27/><REACH who="1" ten="173,267,220,320" step="2"/><V7/><F47/><W85/><G15/><T49/><D49/><U41/><E41/><V88/><F46/><W61/><G61/><T133/><D133/><U113/><E113/><V80/><F108/><N who="3" m="41515" /><G99/><T54/><D54/><U57/><E57/><V107/><F97/><W29/><G29/><T53/><D53/><U72/><E72/><V71/><F73/><W37/><G37/><T45/><D45/><U117/><E117/><V65/><F62/><W9/><G9/><AGARI ba="1,2" hai="5,9,12,13,14,19,21,23,24,26,28,91,95,96" machi="9" ten="40,2600,0" yaku="1,1,8,1,53,0" doraHai="100" doraHaiUra="75" who="1" fromWho="3" sc="173,0,267,49,220,0,320,-29" /><INIT seed="4,0,0,5,2,32" ten="173,316,220,291" oya="0" hai0="135,4,28,94,87,17,46,19,61,59,55,85,25" hai1="120,33,133,111,130,15,51,58,44,74,9,38,11" hai2="95,131,5,82,20,24,119,42,43,101,90,102,117" hai3="124,12,118,52,116,112,78,64,122,99,98,88,57"/><T97/><D135/><U49/><E120/><V108/><F108/><W70/><G122/><T47/><D4/><U72/><E33/><V127/><F131/><W50/><G112/><T21/><D28/><U121/><E121/><V6/><F82/><W81/><G124/><T86/><REACH who="0" step="1"/><D19/><REACH who="0" ten="163,316,220,291" step="2"/><U37/><E133/><V79/><F5/><W92/><G118/><T132/><D132/><U62/><E130/><V35/><F6/><W8/><G116/><T126/><D126/><U18/><E18/><V3/><F127/><W105/><G105/><T115/><D115/><U56/><E111/><V103/><F119/><W76/><G70/><T27/><D27/><U69/><E15/><V106/><F117/><W77/><G64/><T93/><D93/><U7/><E7/><V91/><F106/><W66/><G66/><T31/><D31/><U22/><E69/><V0/><F95/><W68/><G68/><T29/><D29/><U45/><E62/><V109/><F109/><W23/><G23/><AGARI ba="0,1" hai="9,11,22,23,37,38,44,45,49,51,56,58,72,74" machi="23" ten="25,1600,0" yaku="22,2" doraHai="32" who="1" fromWho="3" sc="163,0,316,26,220,0,291,-16" /><INIT seed="5,0,0,2,3,41" ten="163,342,220,275" oya="1" hai0="98,50,61,134,114,60,29,24,44,28,11,132,99" hai1="9,63,46,95,103,39,25,133,101,77,70,34,17" hai2="122,79,10,117,53,14,51,88,31,116,3,93,32" hai3="107,13,96,111,20,68,115,42,35,104,57,94,106"/><U0/><E133/><V6/><F122/><W87/><G111/><T110/><D110/><U113/><E113/><V128/><F79/><W8/><G115/><T82/><D114/><U69/><E77/><V129/><F3/><W125/><G35/><T1/><D82/><U80/><E80/><V85/><F31/><W100/><G68/><T37/><D37/><U76/><E76/><V78/><F32/><W26/><G125/><T109/><D109/><U127/><E127/><V52/><F53/><W62/><G87/><T38/><D38/><U121/><E121/><V118/><REACH who="2" step="1"/><F78/><REACH who="2" ten="163,342,210,275" step="2"/><W108/><G108/><T102/><D134/><U48/><E34/><V120/><F120/><W75/><G75/><T16/><D132/><U4/><E0/><V64/><F64/><W47/><G106/><T97/><D1/><U18/><E25/><V33/><F33/><W126/><G126/><T89/><D102/><U19/><E101/><V43/><F43/><W90/><G100/><T91/><D91/><U119/><E103/><V55/><F55/><W36/><G107/><T27/><D89/><U71/><E119/><V7/><F7/><W112/><G104/><T2/><D2/><U124/><E4/><V86/><F86/><W123/><G123/><T40/><D29/><U83/><E124/><V12/><F12/><W54/><G112/><T15/><REACH who="0" step="1"/><D27/><REACH who="0" ten="153,342,210,275" step="2"/><U105/><E105/><V131/><F131/><W135/><G135/><T74/><D74/><U130/><E130/><V81/><F81/><W59/><G26/><T22/><AGARI ba="0,2" hai="11,15,16,22,24,28,40,44,50,60,61,97,98,99" machi="22" ten="30,12000,2" yaku="1,1,0,1,8,1,52,1,54,1,53,1" doraHai="41" doraHaiUra="45" who="0" fromWho="0" sc="153,140,342,-60,210,-30,275,-30" /><INIT seed="6,0,0,0,4,34" ten="293,282,180,245" oya="2" hai0="23,126,50,80,88,98,16,86,38,120,22,29,76" hai1="57,87,45,130,60,63,108,54,26,56,102,15,33" hai2="51,89,59,131,43,112,14,21,52,49,109,116,117" hai3="93,35,100,36,37,70,103,83,124,132,114,4,133"/><V104/><F104/><W77/><G35/><T72/><D38/><N who="3" m="14953" /><G70/><T84/><D120/><U24/><E108/><V48/><F109/><W118/><G118/><T19/><D126/><U32/><E130/><V18/><F131/><W47/><G47/><T94/><D29/><U91/><E102/><V1/><F1/><W31/><G31/><T67/><D67/><U78/><E78/><V66/><F66/><W81/><G124/><T44/><D23/><U135/><E135/><N who="3" m="51786" /><G114/><T9/><D9/><U134/><E134/><V99/><F112/><W3/><G93/><T53/><REACH who="0" step="1"/><D19/><REACH who="0" ten="283,282,180,245" step="2"/><U106/><E32/><V42/><F117/><W61/><G61/><T64/><D64/><U127/><E33/><V92/><REACH who="2" step="1"/><F116/><REACH who="2" ten="283,282,170,245" step="2"/><W105/><G105/><T12/><AGARI ba="0,2" hai="12,16,22,44,50,53,72,76,80,84,86,88,94,98" machi="12" ten="20,8000,1" yaku="1,1,0,1,7,1,54,2,53,0" doraHai="34" doraHaiUra="115" who="0" fromWho="0" sc="283,100,282,-20,170,-40,245,-20" /><INIT seed="7,0,0,3,4,67" ten="383,262,130,225" oya="3" hai0="128,14,21,106,37,22,120,61,55,118,123,28,36" hai1="27,80,1,75,134,20,19,30,66,35,90,89,124" hai2="18,99,0,7,51,72,49,117,69,31,53,24,5" hai3="135,113,59,116,44,32,131,8,78,39,122,87,64"/><W29/><G122/><T97/><D118/><U46/><E124/><V2/><F72/><W38/><G116/><T4/><D128/><U83/><E134/><V77/><F77/><W104/><G104/><T93/><D106/><U82/><E66/><V3/><F117/><W127/><G135/><T62/><D55/><U10/><E75/><V9/><F99/><W63/><G131/><T121/><D4/><U16/><E46/><V45/><F18/><W34/><G127/><T15/><D28/><U96/><E96/><V115/><F115/><W81/><G113/><T111/><D93/><U52/><E52/><V103/><F103/><W84/><G84/><T68/><D97/><U119/><E119/><V102/><F102/><W58/><G58/><T6/><D6/><N who="1" m="1359" /><E19/><V60/><F51/><W88/><G78/><T129/><D129/><U105/><E105/><V112/><F112/><W23/><G8/><T56/><D123/><U47/><E47/><V76/><F76/><W79/><G79/><T98/><D98/><U130/><E130/><V109/><F109/><W101/><G101/><T91/><D91/><U73/><E73/><V95/><F95/><W107/><G107/><T94/><D94/><U13/><AGARI ba="0,0" hai="13,16,20,27,30,35,80,82,83,89,90" m="1359" machi="13" ten="30,2000,0" yaku="24,1,54,1" doraHai="67" who="1" fromWho="1" sc="383,-5,262,20,130,-5,225,-10" owari="378,47.0,282,8.0,125,-37.0,215,-18.0" /></mjloggm>