<mjloggm ver="2.3"><GO type="169" lobby="0"/><UN n0="%E3%81%82%E3%81%BE%E3%81%BF%EF%BD%9E" n1="%E5%8F%A4%E6%9C%AC" n2="%E3%81%9F%E3%81%8F%E3%81%98%E3%82%8D%E3%81%86" n3="%52%45%49%4E%E6%A3%AE%E4%B9%85%E4%BF%9D%50" dan="17,16,16,16" rate="2119.87,2044.55,2135.58,2121.38" sx="M,M,M,M"/><TAIKYOKU oya="0"/><INIT seed="0,0,0,4,2,83" ten="250,250,250,250" oya="0" hai0="8,4,74,54,129,34,100,56,39,89,95,121,101" hai1="14,98,20,32,70,48,106,135,62,104,119,80,72" hai2="130,64,133,33,82,16,0,75,10,126,124,18,132" hai3="50,73,105,19,35,11,42,107,22,84,43,31,21"/><T93/><D121/><U51/><E119/><V57/><F33/><W114/><G73/><T92/><D39/><U30/><E32/><V2/><F64/><W71/><G71/><T66/><D34/><U87/><E72/><V110/><F57/><W112/><G35/><T46/><D74/><U85/><E80/><V81/><F110/><W3/><G31/><T102/><D129/><U69/><E30/><V60/><F60/><W5/><G50/><T45/><D66/><U115/><E62/><V128/><F75/><W41/><G84/><T120/><D120/><U103/><E20/><V109/><F109/><W134/><G134/><T96/><D95/><U108/><E14/><V63/><F63/><W7/><G19/><T6/><D93/><U44/><E108/><V90/><F90/><W53/><G53/><T88/><D89/><U131/><E135/><V59/><F59/><W9/><G43/><T68/><D68/><U65/><E65/><V116/><REACH who="2" step="1"/><F10/><REACH who="2" ten="250,250,240,250" step="2"/><W1/><AGARI ba="0,1" hai="1,3,5,7,9,11,21,22,41,42,105,107,112,114" machi="1" ten="25,3200,0" yaku="0,1,22,2" doraHai="83" who="3" fromWho="3" sc="250,-16,250,-8,240,-8,250,42" /><INIT seed="1,0,0,1,4,113" ten="234,242,232,292" oya="1" hai0="44,72,115,13,21,34,74,88,129,95,19,103,135" hai1="131,24,81,121,49,25,18,20,104,75,86,78,68" hai2="22,4,64,82,14,93,130,71,23,29,7,3,50" hai3="101,69,97,109,122,83,37,65,119,60,134,5,38"/><U87/><E121/><V110/><F71/><W73/><G109/><T16/><D34/><U27/><E104/><V46/><F64/><W98/><G122/><T10/><D115/><U54/><E68/><V91/><F110/><W12/><G134/><T48/><D103/><U53/><E131/><V56/><F3/><W58/><G97/><T128/><D135/><U52/><E49/><V117/><F82/><W8/><G58/><T108/><D108/><U124/><E124/><V1/><F1/><W85/><G119/><T89/><D89/><U77/><E75/><V106/><F106/><W125/><G73/><T51/><D51/><U92/><REACH who="1" step="1"/><E92/><REACH who="1" ten="234,232,232,292" step="2"/><V57/><F130/><N who="0" m="50282" /><D48/><U36/><E36/><V55/><F93/><W132/><G125/><T26/><D44/><U105/><E105/><V30/><F46/><W62/><G132/><T120/><D120/><U76/><E76/><V99/><F50/><W123/><G123/><T116/><D116/><U33/><E33/><V111/><F117/><W127/><G127/><T42/><D42/><U94/><E94/><V47/><F47/><W11/><G38/><T43/><D43/><U90/><E90/><V112/><F91/><W84/><G37/><T28/><D74/><U114/><E114/><V6/><F111/><W80/><G69/><T45/><D72/><U79/><E79/><V96/><F112/><W100/><G83/><AGARI ba="0,1" hai="18,20,24,25,27,52,53,54,77,78,81,83,86,87" machi="83" ten="40,12000,1" yaku="1,1,9,1,8,1,54,1,53,0" doraHai="113" doraHaiUra="31" who="1" fromWho="3" sc="234,0,232,130,232,0,292,-120" /><INIT seed="1,1,0,0,3,74" ten="234,362,232,172" oya="1" hai0="7,3,127,32,73,5,75,23,125,79,97,77,108" hai1="120,105,121,26,37,14,95,15,38,116,76,46,51" hai2="20,2,45,93,35,71,30,44,98,128,58,56,85" hai3="1,82,110,83,106,92,99,10,87,72,43,133,134"/><U55/><E105/><V111/><F71/><W124/><G43/><T89/><D32/><U118/><E26/><N who="2" m="16711" /><F2/><W123/><G10/><T112/><D112/><U39/><E95/><V6/><F6/><N who="0" m="2058" /><D3/><U47/><E76/><N who="0" m="29257" /><D23/><U59/><E15/><V69/><F69/><W131/><G1/><T12/><D12/><U101/><E14/><V90/><F111/><W48/><G48/><T34/><D34/><U29/><E101/><N who="2" m="60623" /><F128/><W80/><G110/><T16/><D16/><U126/><E29/><V65/><F35/><W50/><G50/><T129/><D108/><U0/><E0/><V54/><F65/><W86/><G131/><T9/><D9/><U60/><E126/><N who="0" m="48137" /><D129/><U4/><E4/><V64/><F64/><W18/><G124/><T91/><D97/><U22/><E22/><V61/><F58/><W42/><G18/><T107/><D107/><U94/><E37/><V13/><F13/><W62/><G106/><T68/><D68/><U84/><E38/><V25/><F25/><W41/><G72/><AGARI ba="1,0" hai="72,73,75,89,91" m="48137,29257,2058" machi="72" ten="40,12000,2" yaku="28,2,18,1,52,3" doraHai="74" who="0" fromWho="3" sc="234,123,362,0,232,0,172,-123" /><INIT seed="2,0,0,2,2,52" ten="357,362,232,49" oya="2" hai0="48,66,103,41,104,79,120,7,98,129,135,32,101" hai1="20,115,5,17,26,91,110,96,44,65,22,61,72" hai2="69,67,28,125,37,27,8,112,131,6,117,35,127" hai3="30,68,126,21,10,11,42,12,13,49,70,19,62"/><V84/><F112/><W33/><G126/><N who="2" m="48137" /><F84/><W1/><G49/><T55/><D32/><U43/><E115/><V119/><F37/><W51/><G51/><T87/><D41/><U90/><E72/><V58/><F69/><W134/><G42/><T29/><D29/><U38/><E110/><V128/><F58/><W132/><G62/><T108/><D135/><U81/><E81/><V92/><F92/><W47/><G47/><T73/><D103/><U54/><E54/><V56/><F56/><W85/><G85/><T60/><D55/><U89/><E5/><V86/><F86/><W9/><G68/><T102/><D7/><U94/><REACH who="1" step="1"/><E22/><REACH who="1" ten="357,352,232,49" step="2"/><V50/><F67/><W109/><G70/><AGARI ba="0,1" hai="17,20,26,38,43,44,61,65,70,89,90,91,94,96" machi="70" ten="30,3900,0" yaku="1,1,2,1,7,1,53,0" doraHai="52" doraHaiUra="122" who="1" fromWho="3" sc="357,0,352,49,232,0,49,-39" /><INIT seed="3,0,0,0,2,80" ten="357,401,232,10" oya="3" hai0="90,82,131,35,14,100,12,121,34,18,129,70,101" hai1="88,19,10,50,74,39,46,47,42,73,106,109,32" hai2="85,8,123,15,67,91,130,43,65,108,54,36,20" hai3="64,102,132,68,126,115,27,52,93,31,118,28,51"/><W78/><G118/><T76/><D70/><U22/><E106/><V79/><F108/><W86/><G115/><T97/><D121/><U128/><E32/><N who="0" m="12329" /><D90/><U56/><E56/><V117/><F130/><N who="0" m="49674" /><D18/><U37/><E10/><V66/><F117/><W105/><G132/><T62/><D62/><U16/><E128/><V26/><F123/><W45/><G126/><T59/><D59/><U1/><E1/><V77/><F43/><W116/><G116/><T92/><D101/><U119/><E109/><V127/><F36/><W72/><G68/><T71/><D71/><U58/><E58/><V107/><F54/><W83/><G64/><T134/><D134/><U133/><E133/><V4/><F107/><W89/><REACH who="3" step="1"/><G27/><REACH who="3" ten="357,401,232,0" step="2"/><T2/><D2/><U9/><E119/><V99/><F127/><W96/><AGARI ba="0,1" hai="28,31,45,51,52,72,78,83,86,89,93,96,102,105" machi="96" ten="30,18000,2" yaku="1,1,2,1,0,1,24,2,52,1,54,1,53,0" doraHai="80" doraHaiUra="33" who="3" fromWho="3" sc="357,-60,401,-60,232,-60,0,190" /><INIT seed="3,1,0,3,1,29" ten="297,341,172,190" oya="3" hai0="13,32,55,81,64,59,115,33,86,123,111,75,1" hai1="47,130,60,42,79,41,25,57,4,46,78,23,80" hai2="124,112,83,77,50,134,21,52,128,20,35,18,125" hai3="129,119,76,22,74,110,104,70,95,39,87,9,61"/><W7/><G119/><T85/><D1/><U88/><E130/><V73/><F112/><W117/><G117/><T36/><D36/><U101/><E4/><V108/><F108/><W10/><G129/><T62/><D123/><U109/><E101/><V106/><F128/><W58/><G39/><T105/><D105/><U118/><E109/><V31/><F106/><W82/><G70/><T30/><D75/><U11/><E11/><V121/><F134/><W91/><G110/><T38/><D86/><N who="1" m="50247" /><E118/><V45/><F121/><W120/><G120/><T16/><D30/><N who="1" m="17727" /><E47/><V89/><F89/><W14/><G104/><T133/><D38/><U48/><E42/><V97/><F97/><W8/><REACH who="3" step="1"/><G22/><REACH who="3" ten="297,341,172,180" step="2"/><T131/><D131/><U84/><E84/><V94/><F21/><W122/><G122/><T72/><D111/><U69/><E69/><V2/><F20/><W68/><G68/><T102/><D85/><U126/><E126/><V132/><F124/><W107/><G107/><T92/><D72/><U43/><E43/><V51/><F125/><W37/><G37/><T28/><D28/><U96/><E96/><V100/><F73/><W40/><G40/><T103/><D133/><U19/><E41/><V53/><F132/><W24/><G24/><T90/><D33/><U12/><E46/><V26/><F35/><W17/><G17/><T127/><D32/><U6/><E19/><V54/><F18/><W5/><G5/><T49/><D127/><U0/><E6/><V63/><F45/><W116/><G116/><T66/><D16/><U67/><E57/><V65/><F31/><RYUUKYOKU ba="1,1" sc="297,-10,341,-10,172,-10,180,30" hai3="7,8,9,10,14,58,61,74,76,82,87,91,95" /><INIT seed="3,2,1,0,5,44" ten="287,331,162,210" oya="3" hai0="100,39,7,2,118,64,93,111,120,66,27,119,14" hai1="67,34,17,62,103,47,76,43,122,36,130,113,84" hai2="32,13,0,1,48,69,108,30,96,4,89,54,109" hai3="74,68,38,61,55,18,129,78,5,75,24,132,134"/><W20/><G38/><T117/><D111/><N who="2" m="42570" /><F69/><W63/><G129/><T104/><D120/><U124/><E122/><V115/><F115/><W23/><G5/><T98/><D2/><U60/><E34/><V116/><F116/><W46/><G68/><T83/><D39/><U121/><E121/><V11/><F30/><W123/><G123/><T52/><D27/><U82/><E113/><V101/><F89/><W114/><G114/><T65/><D83/><U41/><E130/><V125/><F32/><W90/><G90/><T80/><D80/><U110/><E110/><V102/><F125/><W71/><G71/><T88/><D7/><U15/><E124/><V107/><F102/><W97/><G97/><T94/><D14/><U12/><E103/><V106/><F106/><W126/><G126/><T31/><D31/><U49/><E67/><V127/><F127/><W133/><G78/><T135/><D135/><U95/><E95/><V91/><F91/><W72/><G23/><T45/><REACH who="0" step="1"/><D88/><REACH who="0" ten="277,331,162,210" step="2"/><U42/><E36/><V26/><F26/><W29/><G29/><T9/><D9/><N who="1" m="6287" /><E15/><V92/><F0/><W8/><G8/><T57/><D57/><U37/><E37/><V131/><F1/><W70/><G70/><T35/><D35/><U128/><E128/><V81/><F131/><W86/><G86/><T22/><D22/><U53/><AGARI ba="2,2" hai="41,42,43,47,49,53,60,62,76,82,84" m="6287" machi="53" ten="30,2000,0" yaku="8,1,52,1" doraHai="44" who="1" fromWho="1" sc="277,-7,331,46,162,-7,210,-12" /><INIT seed="4,0,0,0,2,33" ten="270,377,155,198" oya="0" hai0="22,109,18,122,111,134,72,76,40,85,19,104,68" hai1="21,81,69,12,2,47,56,114,48,119,74,10,62" hai2="24,16,118,49,4,20,26,39,125,67,123,113,29" hai3="32,1,135,70,126,95,93,107,90,3,120,60,117"/><T103/><D68/><U36/><E69/><V53/><F123/><W71/><G117/><T77/><D72/><U110/><E119/><V31/><F118/><W127/><G32/><T61/><D122/><U101/><E101/><V55/><F39/><W94/><G107/><T50/><D18/><U9/><E21/><V54/><F113/><W92/><G120/><T15/><D134/><U51/><E114/><V133/><F125/><N who="3" m="47627" /><G135/><T112/><D61/><U34/><E34/><V43/><F133/><W131/><G131/><T121/><D121/><U100/><E110/><N who="0" m="41993" /><D85/><U86/><E86/><V11/><F67/><N who="3" m="41319" /><G71/><T80/><D80/><U82/><E81/><V97/><F97/><AGARI ba="0,0" hai="1,3,90,92,93,94,95,97" m="41319,47627" machi="97" ten="30,3900,0" yaku="18,1,52,2" doraHai="33" who="3" fromWho="2" sc="270,0,377,0,155,-39,198,39" /><INIT seed="5,0,0,0,1,55" ten="270,377,116,237" oya="1" hai0="24,19,5,62,44,83,16,117,110,106,113,121,103" hai1="40,61,29,60,85,94,59,22,115,58,125,116,71" hai2="105,53,104,23,33,10,0,41,114,119,9,49,132" hai3="39,66,11,98,34,27,21,90,135,126,133,47,81"/><U3/><E3/><V77/><F119/><W7/><G34/><T52/><D110/><U70/><E116/><V26/><F33/><W25/><G126/><T73/><D5/><U88/><E115/><V122/><F122/><W65/><G47/><T118/><D113/><U43/><E125/><V96/><F114/><W31/><G39/><T48/><D121/><U127/><E127/><V6/><F132/><N who="3" m="50763" /><G27/><T14/><D24/><N who="1" m="16535" /><E71/><V102/><F10/><W4/><G4/><T67/><D19/><U46/><E70/><V95/><F41/><N who="1" m="15945" /><E46/><V101/><F77/><W109/><G109/><T12/><D12/><U80/><E80/><V64/><F64/><W84/><G98/><T97/><D83/><U111/><E111/><V82/><F82/><W108/><G108/><T86/><D86/><U18/><E18/><V38/><F38/><W50/><G50/><T63/><D63/><AGARI ba="0,0" hai="58,59,60,61,63,85,88,94" m="15945,16535" machi="63" ten="30,11600,0" yaku="8,1,52,2,54,1" doraHai="55" who="1" fromWho="0" sc="270,-116,377,116,116,0,237,0" /><INIT seed="5,1,0,4,0,126" ten="154,493,116,237" oya="1" hai0="75,113,80,85,93,111,0,40,91,77,128,20,3" hai1="46,135,102,117,124,56,78,73,66,42,71,9,27" hai2="101,23,119,96,35,22,63,122,114,65,11,10,120" hai3="29,97,13,103,60,45,51,26,88,28,74,95,127"/><U108/><E117/><V58/><F119/><W50/><G74/><T112/><D40/><U98/><E71/><V7/><F35/><W2/><G2/><N who="0" m="555" /><D111/><U24/><E108/><V92/><F114/><N who="0" m="44138" /><D20/><U107/><E124/><V133/><F133/><W79/><G127/><T131/><AGARI ba="1,0" hai="75,77,80,85,91,93,128,131" m="44138,555" machi="131" ten="40,5200,0" yaku="15,1,52,2" doraHai="126" who="0" fromWho="0" sc="154,55,493,-27,116,-14,237,-14" /><INIT seed="6,0,0,2,1,29" ten="209,466,102,223" oya="2" hai0="43,1,60,100,101,40,132,70,114,39,59,90,133" hai1="135,10,42,3,124,92,66,38,44,67,63,116,46" hai2="4,122,83,125,33,84,75,95,97,119,58,14,41" hai3="115,12,30,108,45,23,94,15,74,5,19,61,21"/><V130/><F119/><W129/><G74/><T113/><D1/><U77/><E116/><V9/><F122/><W22/><G108/><T13/><D13/><U35/><E35/><V118/><F118/><W103/><G129/><T24/><D70/><U57/><E124/><V31/><F125/><W18/><G115/><N who="0" m="44043" /><D90/><U87/><E135/><N who="0" m="51785" /><D24/><U96/><E46/><V120/><F75/><W79/><G79/><T128/><D128/><U82/><E10/><V102/><F130/><W37/><G37/><T112/><N who="0" m="44051" /><T89/><DORA hai="88" /><D89/><U121/><E3/><V27/><F120/><W16/><G45/><N who="0" m="23711" /><D43/><U126/><E121/><V34/><F41/><W134/><G134/><T7/><D7/><U86/><E126/><V98/><F98/><N who="3" m="59863" /><G5/><T50/><D50/><U28/><E42/><V111/><F111/><W91/><G91/><T107/><D107/><U54/><E38/><V48/><F84/><W62/><G30/><T68/><D68/><U2/><E28/><V26/><F83/><W81/><G81/><T55/><AGARI ba="0,0" hai="55,59,60,100,101" m="23711,51785,44051" machi="55" ten="50,3200,0" yaku="15,1,20,1" doraHai="29,88" who="0" fromWho="0" sc="209,32,466,-8,102,-16,223,-8" /><INIT seed="7,0,0,3,4,24" ten="241,458,86,215" oya="3" hai0="39,44,35,95,119,132,33,60,120,83,6,23,40" hai1="14,2,78,108,100,87,111,96,130,104,113,64,59" hai2="123,36,29,30,58,116,65,1,49,26,118,61,80" hai3="9,13,48,94,82,10,88,86,115,34,125,3,11"/><W70/><G70/><T74/><D119/><U105/><E2/><V72/><F1/><W15/><G125/><T91/><D6/><U77/><E104/><V7/><F36/><W32/><G115/><T46/><D132/><U117/><E113/><V127/><F127/><W101/><G3/><T129/><D46/><U22/><E117/><V107/><F107/><W38/><G38/><T45/><D83/><U84/><E130/><V42/><F7/><W81/><G34/><T97/><D60/><U99/><E59/><V128/><F128/><W12/><G32/><T66/><D66/><U133/><E64/><V69/><F123/><W98/><REACH who="3" step="1"/><G48/><REACH who="3" ten="241,458,86,205" step="2"/><N who="0" m="26631" /><D35/><U41/><E133/><V110/><F110/><W8/><N who="3" m="2048" /><DORA hai="0" /><W71/><G71/><T28/><D33/><U92/><E111/><V114/><F114/><W68/><G68/><T25/><D129/><U106/><E108/><V76/><F26/><W37/><G37/><T55/><D120/><U93/><E14/><V124/><F124/><W47/><G47/><T5/><D39/><U62/><E62/><V103/><F103/><W126/><G126/><T19/><D5/><U16/><E100/><V57/><F69/><W18/><G18/><T90/><D19/><U53/><E16/><V134/><F134/><W67/><G67/><T51/><D45/><U135/><E135/><V85/><F118/><W21/><G21/><T122/><D23/><U52/><E22/><V50/><F116/><W109/><G109/><T4/><D4/><U17/><E17/><V63/><F65/><W89/><G89/><T31/><D122/><RYUUKYOKU ba="0,1" sc="241,-15,458,15,86,-15,205,15" hai1="41,52,53,77,78,84,87,92,93,96,99,105,106" hai3="12,13,15,81,82,86,88,94,98,101" /><INIT seed="7,1,1,1,1,64" ten="226,473,71,220" oya="3" hai0="57,47,78,22,66,62,26,21,56,65,19,54,20" hai1="40,25,121,46,63,112,126,103,127,4,73,74,95" hai2="39,0,122,90,37,52,33,105,129,11,77,109,69" hai3="116,38,3,32,51,87,102,14,58,85,9,15,120"/><W76/><G32/><T55/><D78/><U31/><E121/><V88/><F109/><W81/><G38/><T104/><D104/><U7/><E112/><V42/><F105/><W91/><G116/><T100/><D100/><U75/><E63/><V134/><F33/><W123/><G3/><T68/><D47/><U117/><E95/><V53/><F122/><W30/><G30/><T60/><D66/><U12/><E12/><V43/><F77/><W17/><G102/><T92/><D92/><U130/><E103/><V44/><F134/><W35/><G35/><T61/><AGARI ba="1,1" hai="19,20,21,22,26,54,55,56,57,60,61,62,65,68" machi="61" ten="20,5200,0" yaku="0,1,7,1,9,1,52,1" doraHai="64" who="0" fromWho="0" sc="226,65,473,-14,71,-14,220,-27" owari="291,9.0,459,56.0,57,-44.0,193,-21.0" /></mjloggm>