<mjloggm ver="2.3"><GO type="169" lobby="0"/><UN n0="%E3%81%88%E3%81%88%E3%81%88%E3%81%88%E3%81%88%E3%81%88%E3%81%88" n1="%E3%82%AD%E3%83%B3%E3%82%B0%E3%81%82%E3%81%A4%E3%81%97" n2="%E7%88%86%E7%89%8C%E3%82%A6%E3%82%B7%E3%82%B8%E3%83%9E%E3%81%8F%E3%82%93" n3="%41%2E%4B%39%6D%65%63" dan="16,17,16,17" rate="2079.02,2175.20,2109.13,2277.29" sx="M,M,M,M"/><TAIKYOKU oya="0"/><INIT seed="0,0,0,0,3,97" ten="250,250,250,250" oya="0" hai0="115,128,26,16,44,13,52,126,14,95,29,65,73" hai1="64,78,77,40,116,75,82,45,25,133,107,132,2" hai2="3,76,66,94,119,80,117,57,0,42,36,118,27" hai3="91,99,19,90,6,120,67,88,131,112,100,1,10"/><T98/><D115/><U20/><E116/><V54/><F66/><W72/><G112/><T35/><D73/><U74/><E2/><V114/><F114/><W51/><G131/><T47/><D126/><U4/><E4/><V32/><F94/><W22/><G72/><T106/><D106/><U5/><E5/><V113/><F113/><W85/><G67/><T89/><D128/><U68/><E107/><V37/><F27/><W121/><G51/><T83/><D65/><U92/><E92/><V110/><F32/><W39/><G39/><N who="2" m="14921" /><F42/><W17/><G85/><T122/><D122/><N who="3" m="47209" /><G22/><T102/><D14/><U124/><E124/><V28/><F28/><W15/><G15/><T63/><D83/><U84/><E64/><V109/><F57/><W129/><G129/><T81/><D81/><U130/><E130/><V96/><F96/><W18/><G18/><T71/><D89/><N who="3" m="22785" /><W33/><DORA hai="104" /><G33/><T101/><D101/><U30/><E68/><V79/><F54/><W56/><G56/><T58/><REACH who="0" step="1"/><D71/><REACH who="0" ten="240,250,250,250" step="2"/><U127/><E127/><V43/><F80/><W21/><G21/><AGARI ba="0,1" hai="13,16,21,26,29,35,44,47,52,58,63,95,98,102" machi="21" ten="30,18000,2" yaku="1,1,2,1,7,1,52,1,54,2,53,1" doraHai="97,104" doraHaiUra="86,53" who="0" fromWho="3" sc="240,190,250,0,250,0,250,-180" /><INIT seed="0,1,0,4,5,92" ten="430,250,250,70" oya="0" hai0="132,134,124,65,25,42,33,64,39,27,79,16,114" hai1="80,109,107,4,93,56,55,84,68,67,77,82,20" hai2="23,11,22,53,32,10,35,130,97,88,47,74,18" hai3="106,75,110,61,133,63,0,99,87,122,126,58,5"/><T117/><D114/><U46/><E109/><V100/><F130/><W31/><G75/><T85/><D117/><U9/><E107/><V37/><F74/><W102/><G110/><T26/><D124/><U83/><E46/><V66/><F66/><W120/><G126/><T2/><D2/><U76/><E68/><V86/><F23/><W89/><G133/><N who="0" m="51307" /><D33/><U72/><E67/><N who="0" m="25673" /><D42/><U28/><E93/><V24/><F35/><W127/><G127/><T50/><D39/><U104/><E104/><V71/><F71/><W8/><G31/><T1/><D1/><U49/><E80/><N who="2" m="49223" /><F32/><W128/><G128/><T36/><D36/><U19/><E28/><V17/><F37/><W125/><G125/><T103/><D50/><U123/><E123/><N who="3" m="47146" /><G58/><T60/><D60/><U34/><E34/><V96/><F100/><W62/><G62/><T112/><D103/><U91/><E72/><V21/><F11/><W115/><G115/><T6/><D112/><U14/><REACH who="1" step="1"/><E83/><AGARI ba="1,0" hai="0,5,8,61,63,83,87,89,99,102,106" m="47146" machi="83" ten="30,2000,0" yaku="13,1,52,1" doraHai="92" who="3" fromWho="1" sc="430,0,250,-23,250,0,70,23" /><INIT seed="1,0,0,0,5,72" ten="430,227,250,93" oya="1" hai0="98,42,10,127,23,84,46,15,3,18,116,62,122" hai1="51,48,65,71,69,64,70,32,44,13,55,60,77" hai2="94,49,95,40,19,21,100,6,9,102,97,59,90" hai3="37,20,61,133,4,38,28,105,79,0,50,27,96"/><U134/><E32/><V74/><F74/><W112/><G112/><T87/><D116/><U22/><E22/><V41/><F59/><W99/><G133/><T8/><D127/><U92/><E13/><V113/><F113/><W68/><G50/><T129/><D129/><U2/><E2/><V124/><F124/><W80/><G4/><T88/><D122/><U117/><E92/><V63/><F63/><W26/><G0/><T54/><D98/><U83/><E117/><V43/><F49/><W33/><G99/><T119/><D119/><U67/><E134/><V101/><F6/><W104/><G27/><T82/><D3/><U5/><E5/><V86/><REACH who="2" step="1"/><F9/><REACH who="2" ten="430,227,240,93" step="2"/><W56/><G68/><T17/><D10/><U78/><E51/><V76/><F76/><W121/><G38/><T109/><D62/><U11/><E11/><V66/><F66/><W132/><G37/><T47/><D8/><U107/><E107/><V24/><AGARI ba="0,1" hai="19,21,24,40,41,43,86,90,94,95,97,100,101,102" machi="24" ten="30,4000,0" yaku="1,1,0,1,8,1,53,0" doraHai="72" doraHaiUra="53" who="2" fromWho="2" sc="430,-10,227,-20,240,50,93,-10" /><INIT seed="2,0,0,5,2,124" ten="420,207,290,83" oya="2" hai0="51,38,81,132,24,92,60,75,25,82,87,31,0" hai1="109,102,84,70,69,19,77,16,126,118,9,20,112" hai2="50,85,133,79,101,106,95,13,67,44,36,94,23" hai3="14,22,45,33,63,120,107,3,47,80,42,113,55"/><V127/><F127/><W18/><G120/><T97/><D38/><U7/><E126/><V17/><F133/><W26/><G3/><T100/><D132/><U96/><E112/><V65/><F36/><W48/><G113/><T27/><D0/><U15/><E118/><V72/><F72/><W46/><G107/><T115/><D115/><U116/><E116/><V76/><F106/><W105/><G105/><T64/><D75/><U29/><E109/><V35/><F35/><W86/><G33/><T4/><D4/><U125/><E125/><V1/><F101/><W56/><REACH who="3" step="1"/><G26/><REACH who="3" ten="420,207,290,73" step="2"/><T99/><D25/><N who="1" m="16551" /><E70/><V83/><F1/><W119/><G119/><T43/><D27/><U12/><E69/><V11/><F94/><W57/><G57/><T30/><D24/><U122/><E122/><V62/><F95/><W53/><G53/><T123/><D123/><U66/><E66/><V32/><F67/><W78/><AGARI ba="0,1" hai="14,18,22,42,45,46,47,48,55,56,63,78,80,86" machi="78" ten="20,5200,0" yaku="1,1,0,1,7,1,8,1,53,0" doraHai="124" doraHaiUra="129" who="3" fromWho="3" sc="420,-13,207,-13,290,-26,73,62" /><INIT seed="3,0,0,2,1,120" ten="407,194,264,135" oya="3" hai0="4,36,95,5,55,24,84,101,71,78,133,110,91" hai1="79,100,29,65,3,38,11,81,86,32,0,25,41" hai2="40,122,46,128,76,77,23,61,68,135,39,89,108" hai3="74,93,37,129,82,87,21,30,90,50,56,45,58"/><W14/><G129/><T107/><D71/><U26/><E100/><V16/><F122/><W88/><G37/><T130/><D36/><U27/><E65/><V126/><F128/><W7/><G74/><T98/><D130/><U62/><E62/><V69/><F135/><W67/><G67/><T42/><D42/><U59/><E59/><V131/><F131/><W102/><G102/><T18/><D133/><U109/><E109/><V34/><F34/><W119/><G119/><T103/><D103/><U66/><E66/><V92/><F108/><W15/><G7/><T6/><D55/><U52/><E52/><V96/><F126/><W17/><G15/><T54/><D54/><U47/><E0/><V134/><F134/><W44/><G30/><T9/><D110/><U70/><E70/><V118/><F118/><W99/><REACH who="3" step="1"/><G44/><REACH who="3" ten="407,194,264,125" step="2"/><T48/><D6/><U28/><E28/><V51/><F68/><W123/><G123/><T112/><D5/><U132/><E132/><V97/><F69/><W105/><G105/><T80/><D4/><U22/><E3/><V33/><F46/><W73/><G73/><T124/><D107/><U19/><E11/><V75/><F39/><W94/><G94/><T72/><D72/><U114/><E114/><V10/><F92/><W64/><G64/><T85/><D95/><U8/><E8/><V49/><F10/><W117/><G117/><T115/><D101/><U83/><E83/><V57/><F75/><W104/><G104/><T13/><D80/><U121/><E121/><V111/><F111/><W20/><G20/><T12/><D12/><AGARI ba="0,1" hai="12,19,22,25,26,27,29,32,38,41,47,79,81,86" machi="12" ten="30,2000,0" yaku="6,1,7,1" doraHai="120" who="1" fromWho="0" sc="407,-20,194,30,264,0,125,0" /><INIT seed="4,0,0,1,0,125" ten="387,224,264,125" oya="0" hai0="51,38,12,57,131,59,78,49,40,64,47,29,133" hai1="27,43,81,75,26,69,48,15,62,77,52,72,37" hai2="79,3,65,102,9,25,100,33,6,110,80,120,109" hai3="63,121,10,124,76,35,61,92,84,117,105,96,94"/><T90/><D133/><U68/><E72/><V31/><F120/><W4/><G117/><T101/><D78/><U11/><E37/><V67/><F67/><W112/><G124/><T30/><D101/><U106/><E43/><V32/><F32/><W134/><G134/><T97/><D131/><U22/><E106/><V0/><F0/><W135/><G135/><T126/><D126/><U129/><E129/><V108/><REACH who="2" step="1"/><F65/><REACH who="2" ten="387,224,254,125" step="2"/><W34/><G35/><T128/><D64/><U87/><E75/><AGARI ba="0,1" hai="3,6,9,25,31,33,75,79,80,100,102,108,109,110" machi="75" ten="40,2600,0" yaku="1,1,2,1,53,0" doraHai="125" doraHaiUra="56" who="2" fromWho="1" sc="387,0,224,-26,254,36,125,0" /><INIT seed="5,0,0,0,3,0" ten="387,198,290,125" oya="1" hai0="116,37,70,63,106,29,65,121,96,23,9,118,126" hai1="2,114,92,35,10,110,42,100,55,134,48,39,101" hai2="59,124,79,133,75,41,66,119,56,109,135,115,5" hai3="81,69,58,132,12,6,83,7,72,27,11,60,21"/><U86/><E35/><V31/><F119/><W13/><G69/><T61/><D126/><U85/><E114/><V4/><F109/><W8/><G72/><T128/><D128/><U28/><E28/><V117/><F117/><W20/><G132/><N who="2" m="50761" /><F124/><W17/><REACH who="3" step="1"/><G21/><REACH who="3" ten="387,198,290,115" step="2"/><T87/><D23/><U91/><E134/><V74/><F74/><W62/><G62/><T46/><D63/><U76/><E110/><V127/><F75/><W123/><G123/><T107/><D61/><U43/><E39/><V24/><F127/><W30/><G30/><T108/><D37/><U19/><E42/><V113/><F41/><W80/><G80/><T54/><D29/><U111/><E43/><V90/><F31/><W105/><G105/><T68/><D107/><U53/><E111/><V77/><F113/><W1/><G1/><T104/><D106/><U102/><E2/><V95/><F115/><W34/><G34/><T18/><D104/><U33/><E33/><V84/><F66/><AGARI ba="0,1" hai="6,7,8,11,12,13,17,20,27,58,60,66,81,83" machi="66" ten="30,12000,2" yaku="1,1,7,1,9,1,8,1,52,2,53,0" doraHai="0" doraHaiUra="25" who="3" fromWho="2" sc="387,0,198,0,290,-120,115,130" /><INIT seed="6,0,0,3,1,42" ten="387,198,170,245" oya="2" hai0="132,83,108,39,119,61,54,73,118,84,99,43,103" hai1="87,34,129,125,56,62,48,11,58,117,92,57,23" hai2="67,36,90,29,6,78,116,47,3,50,71,114,94" hai3="81,38,112,60,104,15,109,120,41,76,4,101,105"/><V133/><F116/><N who="0" m="44586" /><D108/><U96/><E34/><V17/><F114/><W124/><G60/><T80/><D132/><U102/><E117/><V8/><F133/><W113/><G15/><T49/><D61/><U28/><E125/><V66/><F36/><W74/><G4/><T72/><D43/><U55/><E129/><V22/><F78/><W7/><G7/><T86/><D39/><U45/><E11/><V18/><F29/><W0/><G0/><T134/><D134/><U37/><E37/><V110/><F110/><W1/><G1/><T115/><D115/><N who="3" m="44105" /><G109/><T53/><D53/><U25/><REACH who="1" step="1"/><E87/><REACH who="1" ten="387,188,170,245" step="2"/><V126/><F126/><W46/><G124/><T30/><D86/><U111/><E111/><V63/><F67/><AGARI ba="0,1" hai="23,25,28,45,48,55,56,57,58,62,67,92,96,102" machi="67" ten="30,12000,2" yaku="1,1,7,1,25,2,8,1,52,1,53,1" doraHai="42" doraHaiUra="19" who="1" fromWho="2" sc="387,0,188,130,170,-120,245,0" /><INIT seed="7,0,0,4,2,32" ten="387,318,50,245" oya="3" hai0="30,85,5,12,111,94,21,106,101,66,90,46,3" hai1="51,108,39,100,10,130,88,119,62,64,87,133,11" hai2="8,103,20,78,86,52,127,68,83,6,33,125,50" hai3="28,42,26,16,132,60,48,25,17,37,114,0,7"/><W74/><G74/><T23/><D111/><U31/><E108/><V56/><F33/><W89/><G37/><T76/><D3/><U13/><E39/><V57/><F68/><W122/><G122/><T115/><D115/><U65/><E130/><V14/><F103/><W135/><G114/><T73/><D66/><U79/><E133/><N who="3" m="51274" /><G60/><T113/><D113/><U40/><E100/><V95/><F125/><W67/><G67/><N who="1" m="25674" /><E62/><V105/><F127/><W91/><G42/><T9/><D30/><U110/><E110/><V112/><F105/><W1/><G48/><T70/><D46/><N who="1" m="26055" /><E119/><V41/><F112/><W117/><G117/><T84/><D70/><U121/><E121/><V131/><F131/><W99/><G7/><T27/><D5/><U19/><E31/><V82/><F95/><N who="3" m="56815" /><G91/><T120/><D90/><U58/><E79/><V71/><F71/><W36/><G36/><T72/><D76/><U45/><E45/><V35/><F35/><N who="3" m="20879" /><G17/><T53/><D120/><U69/><E69/><V77/><F20/><AGARI ba="0,0" hai="0,1,16,20,26" m="20879,56815,51274" machi="20" ten="30,11600,0" yaku="20,1,52,2,54,1" doraHai="32" who="3" fromWho="2" sc="387,0,318,0,50,-116,245,116" owari="387,49.0,318,-8.0,-66,-57.0,361,16.0" /></mjloggm>