<mjloggm ver="2.3"><GO type="185" lobby="0"/><UN n0="%4B%69%64%6F%37%35%30%30" n1="%6E%69%6B%6F%6C%75%30%33" n2="%4E%55%43%4F" n3="" dan="16,17,16,0" rate="2105.50,2265.03,2158.28,1500.00" sx="M,M,M,C"/><TAIKYOKU oya="0"/><INIT seed="0,0,0,4,4,76" ten="350,350,350,0" oya="0" hai0="69,68,92,91,103,65,34,84,110,71,89,108,101" hai1="86,122,112,131,59,88,75,120,135,85,109,62,35" hai2="46,127,125,90,63,82,52,77,43,106,60,104,96" hai3=""/><T87/><D34/><U117/><N who="1" m="30752" /><U61/><N who="1" m="31264" /><U78/><E117/><V114/><F114/><T115/><D115/><U39/><E112/><V134/><F134/><T50/><D65/><U2/><E35/><V70/><F70/><T40/><D40/><U74/><E39/><V105/><F90/><T42/><D42/><U48/><E2/><V64/><F96/><T119/><D50/><U97/><E135/><V128/><F128/><T83/><D119/><U0/><E0/><V126/><F64/><T55/><D55/><U54/><E131/><V99/><F99/><T132/><D132/><U3/><E3/><V81/><F81/><T129/><D129/><U41/><E97/><V79/><F79/><T72/><D72/><U49/><E41/><V57/><F63/><T33/><D33/><U44/><E78/><V38/><REACH who="2" step="1"/><F126/><REACH who="2" ten="350,350,340,0" step="2"/><T47/><D47/><U58/><E88/><V116/><F116/><T130/><REACH who="0" step="1"/><D130/><REACH who="0" ten="340,350,340,0" step="2"/><U124/><E62/><V102/><F102/><AGARI ba="0,2" hai="68,69,71,83,84,87,89,91,92,101,102,103,108,110" machi="102" ten="50,9600,0" yaku="1,1,2,1,52,1,53,0" doraHai="76" doraHaiUra="118" who="0" fromWho="2" sc="340,116,350,0,340,-96,0,0" /><INIT seed="0,1,0,0,5,57" ten="456,350,244,0" oya="0" hai0="64,100,125,51,53,134,108,132,121,105,131,63,124" hai1="2,96,81,117,37,34,48,79,114,80,82,62,112" hai2="92,78,50,122,87,0,98,40,88,90,93,68,43" hai3=""/><T99/><N who="0" m="31008" /><T123/><N who="0" m="31520" /><T66/><D108/><U41/><E2/><V85/><N who="2" m="31264" /><V111/><F0/><T1/><D1/><U58/><E34/><V97/><F111/><T120/><N who="0" m="30752" /><T55/><D131/><U115/><E37/><V39/><F68/><T116/><D116/><U84/><E117/><V42/><F39/><T65/><D63/><U38/><E38/><V33/><F33/><T69/><D69/><U61/><E96/><V72/><F50/><T94/><D105/><U113/><N who="1" m="28672" /><DORA hai="129" /><U60/><REACH who="1" step="1"/><E58/><REACH who="1" ten="456,340,244,0" step="2"/><V71/><REACH who="2" step="1"/><F71/><REACH who="2" ten="456,340,234,0" step="2"/><T101/><D101/><U52/><E52/><N who="0" m="20041" /><D51/><U67/><E67/><V135/><F135/><AGARI ba="1,2" hai="64,65,66,94,99,100,124,125,132,134,135" m="20041,30752,31520,31008" machi="135" ten="40,24000,3" yaku="20,1,52,6,54,1" doraHai="57,129" who="0" fromWho="2" sc="456,262,340,0,234,-242,0,0" owari="718,67.0,340,-6.0,-8,-61.0,0,0.0" /></mjloggm>