<mjloggm ver="2.3"><GO type="169" lobby="0"/><UN n0="%E3%82%BB%E3%83%B3%E3%83%88%E3%82%A2%E3%83%AA%E3%82%B7%E3%82%A2" n1="%E3%82%A2%E3%83%A1%E3%83%B3%E3%83%9D%E3%81%A6%E3%81%B5" n2="%E6%B1%A0%E7%94%B0%E3%81%AD%E3%81%93" n3="%E5%A4%A9%E6%9C%88%E3%82%81%E3%81%90%E3%82%8B" dan="17,17,16,17" rate="2097.46,2200.83,2042.17,2152.29" sx="F,M,F,F"/><TAIKYOKU oya="0"/><INIT seed="0,0,0,3,4,74" ten="250,250,250,250" oya="0" hai0="78,67,55,33,73,92,24,80,66,104,100,2,96" hai1="21,39,131,47,60,13,97,26,57,86,45,112,58" hai2="85,53,34,23,121,29,43,101,95,42,103,0,40" hai3="128,98,110,130,61,129,69,63,6,41,16,28,51"/><T14/><D2/><U102/><E131/><V124/><F121/><W1/><G110/><T89/><D14/><U108/><E108/><V87/><F34/><W127/><G28/><T18/><D55/><U35/><E35/><V37/><F0/><W7/><G127/><T62/><D62/><U12/><E112/><V82/><F124/><W44/><G1/><T22/><REACH who="0" step="1"/><D33/><REACH who="0" ten="240,250,250,250" step="2"/><U38/><E60/><V70/><F53/><W32/><G61/><T132/><D132/><U114/><E13/><V8/><F70/><W106/><G32/><T111/><D111/><U59/><E12/><V15/><F37/><W9/><G63/><T77/><D77/><U71/><E39/><V117/><F117/><W65/><G69/><T50/><D50/><U49/><E38/><V122/><F122/><W56/><G129/><T83/><D83/><U105/><E49/><V68/><F68/><W90/><G130/><T30/><D30/><U118/><E71/><V72/><F29/><W79/><G79/><T31/><D31/><U99/><E118/><V75/><F82/><W134/><G128/><T5/><D5/><U64/><E114/><V10/><F15/><N who="3" m="7279" /><G134/><T126/><D126/><U123/><E123/><V76/><F76/><W135/><G135/><T91/><D91/><U52/><E52/><V109/><F109/><W36/><G90/><T46/><D46/><U25/><E47/><V120/><F120/><W81/><G81/><T19/><D19/><U115/><E45/><V93/><F42/><W94/><G41/><T11/><D11/><U48/><E115/><V4/><F4/><RYUUKYOKU ba="0,1" sc="240,15,250,-15,250,15,250,-15" hai0="18,22,24,66,67,73,78,80,89,92,96,100,104" hai2="8,10,23,40,43,72,75,85,87,93,95,101,103" /><INIT seed="0,1,1,2,3,134" ten="255,235,265,235" oya="0" hai0="31,117,32,25,95,30,55,26,44,37,77,104,110" hai1="18,113,35,38,49,135,10,14,79,2,127,1,75" hai2="89,61,103,66,74,17,53,119,65,12,83,7,128" hai3="62,76,42,48,20,80,118,115,116,5,109,122,114"/><T87/><D117/><N who="3" m="45161" /><G20/><T69/><D104/><U58/><E38/><V71/><F119/><W54/><G5/><T28/><D69/><U97/><E75/><V86/><F128/><W67/><G42/><T27/><D110/><U90/><E79/><V101/><F66/><W125/><G80/><T120/><D120/><U123/><E90/><V41/><F7/><W4/><G4/><T129/><D129/><U70/><E97/><V9/><F41/><W63/><G76/><T82/><D95/><U59/><E49/><V45/><REACH who="2" step="1"/><F74/><REACH who="2" ten="255,235,255,235" step="2"/><W99/><G67/><T126/><D32/><U50/><E35/><V130/><F130/><W106/><G115/><T40/><D55/><U124/><E113/><V78/><F78/><W111/><G114/><T22/><D40/><U94/><E123/><V81/><F81/><W73/><G73/><T91/><D77/><U57/><E135/><V29/><F29/><W100/><G122/><T93/><D82/><U107/><E2/><V60/><F60/><W108/><G62/><T72/><D72/><U6/><E1/><V15/><F15/><W8/><G63/><T23/><D30/><U102/><E6/><V21/><F21/><W11/><G8/><T121/><D121/><U34/><E10/><V52/><F52/><W51/><G11/><T133/><D133/><U96/><E14/><V39/><F39/><W13/><G13/><T0/><D37/><U105/><E34/><V47/><F47/><N who="3" m="27935" /><G51/><AGARI ba="1,2" hai="9,12,17,45,51,53,61,65,71,83,86,89,101,103" machi="51" ten="40,5200,0" yaku="1,1,25,2,53,0" doraHai="134" doraHaiUra="3" who="2" fromWho="3" sc="255,0,235,0,255,75,235,-55" /><INIT seed="1,0,0,3,3,92" ten="255,235,330,180" oya="1" hai0="98,79,23,117,123,32,45,46,87,83,71,64,101" hai1="84,126,60,8,130,131,16,69,58,36,100,127,68" hai2="7,103,42,120,25,20,82,0,1,35,105,65,48" hai3="66,128,91,18,47,9,63,5,112,2,39,124,122"/><U6/><E36/><V41/><F120/><W28/><G122/><T24/><D123/><U73/><E73/><V74/><F35/><W111/><G112/><T113/><D113/><U106/><E84/><V61/><F103/><W72/><G111/><T26/><D117/><U13/><E6/><V104/><F74/><W50/><G72/><T62/><D32/><U53/><E106/><V132/><F132/><W52/><G28/><T95/><REACH who="0" step="1"/><D26/><REACH who="0" ten="245,235,330,180" step="2"/><U116/><E116/><V15/><F25/><W44/><G124/><N who="1" m="47658" /><E100/><V43/><F0/><W55/><G2/><T37/><D37/><U4/><E4/><V129/><F1/><W86/><G5/><T102/><D102/><U118/><E118/><V19/><F7/><W3/><G3/><T56/><D56/><U33/><E33/><V89/><F129/><AGARI ba="0,1" hai="8,13,16,53,58,60,68,69,129,130,131" m="47658" machi="129" ten="30,5800,0" yaku="19,1,18,1,54,1" doraHai="92" who="1" fromWho="2" sc="245,0,235,68,330,-58,180,0" /><INIT seed="1,1,0,4,0,4" ten="245,303,272,180" oya="1" hai0="17,107,135,54,13,132,106,35,12,56,30,109,9" hai1="23,117,55,16,36,5,59,57,74,31,20,104,122" hai2="2,120,92,116,73,1,38,67,52,32,111,134,41" hai3="128,112,114,51,121,45,98,70,127,100,108,82,94"/><U29/><E122/><V86/><F120/><W84/><G70/><T75/><D75/><U66/><E117/><V24/><F116/><W15/><G121/><T3/><D109/><U118/><E74/><V119/><F119/><W19/><G128/><T37/><D37/><U101/><E36/><V90/><F111/><W76/><G127/><T62/><D3/><U28/><E118/><V102/><F134/><N who="0" m="51242" /><D30/><U83/><E83/><V88/><F67/><W11/><REACH who="3" step="1"/><G108/><REACH who="3" ten="245,303,272,170" step="2"/><T65/><D35/><U50/><E31/><V33/><F33/><W115/><G115/><T61/><D13/><U44/><E29/><V14/><F32/><W95/><G95/><T43/><D43/><AGARI ba="1,1" hai="11,15,19,43,45,51,76,82,84,94,98,100,112,114" machi="43" ten="30,3900,0" yaku="1,1,7,1,52,1,53,0" doraHai="4" doraHaiUra="123" who="3" fromWho="0" sc="245,-42,303,0,272,0,170,52" /><INIT seed="2,0,0,3,1,46" ten="203,303,272,222" oya="2" hai0="17,35,111,103,24,93,128,13,130,114,79,124,77" hai1="116,39,1,9,27,69,134,122,55,50,21,61,10" hai2="48,89,102,33,67,7,64,56,73,53,41,87,121" hai3="18,131,104,101,20,51,94,60,5,52,38,97,59"/><V75/><F121/><W11/><G38/><T62/><D114/><U26/><E116/><V65/><F33/><W92/><G131/><T42/><D111/><U72/><E72/><V12/><F102/><W133/><G133/><T4/><D124/><U40/><E1/><V14/><F73/><W34/><G34/><T126/><D126/><U83/><E83/><V127/><F75/><W68/><G68/><T16/><D62/><U96/><E96/><V2/><F127/><W98/><G60/><T107/><D107/><U78/><E78/><V86/><F86/><W22/><G18/><T0/><D42/><U85/><E85/><V129/><F129/><W95/><REACH who="3" step="1"/><G98/><REACH who="3" ten="203,303,272,212" step="2"/><N who="0" m="59855" /><D130/><U47/><E61/><V132/><F132/><W3/><AGARI ba="0,1" hai="3,5,11,20,22,51,52,59,92,94,95,97,101,104" machi="3" ten="30,7900,0" yaku="1,1,0,1,52,1,54,1,53,0" doraHai="46" doraHaiUra="31" who="3" fromWho="3" sc="203,-20,303,-20,272,-39,212,89" /><INIT seed="3,0,0,2,1,111" ten="183,283,233,301" oya="3" hai0="127,33,60,0,19,112,27,97,47,114,37,96,12" hai1="49,115,84,41,15,124,16,53,99,59,134,82,105" hai2="92,48,123,128,10,69,93,107,88,104,24,1,23" hai3="62,52,87,101,91,46,40,66,103,14,44,100,94"/><W18/><G40/><N who="0" m="22927" /><D0/><U86/><E134/><V74/><F69/><W39/><G39/><T36/><D36/><U4/><E124/><V50/><F74/><W109/><G109/><T61/><D127/><U29/><E115/><N who="0" m="44073" /><D33/><U73/><E4/><V54/><F128/><W132/><G132/><T58/><D27/><U32/><E41/><V5/><F123/><W81/><G94/><T38/><D38/><U117/><E105/><V102/><F92/><W126/><G126/><T64/><D61/><U131/><E131/><V55/><F48/><N who="3" m="28679" /><G46/><T31/><D31/><U121/><E29/><V106/><F50/><W20/><G62/><T9/><AGARI ba="0,0" hai="9,12,19,58,60,64,96,97" m="44073,22927" machi="9" ten="30,7900,0" yaku="11,1,52,3" doraHai="111" who="0" fromWho="0" sc="183,79,283,-20,233,-20,301,-39" /><INIT seed="4,0,0,1,5,112" ten="262,263,213,262" oya="0" hai0="39,115,63,81,2,15,46,73,42,25,47,103,127" hai1="71,92,89,3,129,19,30,7,86,93,97,122,76" hai2="130,54,1,50,104,66,43,121,102,74,69,125,85" hai3="79,131,27,90,78,26,37,101,49,95,80,83,99"/><T116/><D115/><U18/><E122/><V94/><F121/><W87/><G37/><T61/><D127/><U20/><E71/><V57/><F1/><W0/><G0/><T105/><D15/><U82/><E129/><V55/><F74/><W118/><G131/><T34/><D47/><U56/><E3/><V33/><F33/><W100/><G49/><T98/><D63/><U11/><E7/><V9/><F9/><W40/><G40/><T135/><D61/><U44/><E56/><V109/><F109/><W51/><G51/><T60/><D60/><U119/><E119/><V84/><F94/><W111/><G111/><T23/><D135/><U124/><E124/><V107/><F102/><N who="3" m="39531" /><G118/><T31/><D2/><U126/><E11/><V12/><F12/><W70/><G70/><T75/><D116/><U58/><E126/><V6/><F6/><W67/><G67/><T38/><D38/><U29/><E44/><V28/><F28/><N who="1" m="10857" /><E58/><V65/><F125/><W117/><G117/><T72/><REACH who="0" step="1"/><D23/><REACH who="0" ten="252,263,213,262" step="2"/><U36/><E36/><V14/><F14/><W123/><G123/><T108/><D108/><U17/><E20/><V77/><F130/><W133/><G133/><T10/><D10/><U114/><E114/><V53/><F50/><W32/><G32/><T64/><D64/><U4/><E4/><V113/><F113/><W48/><G48/><T62/><D62/><U5/><E5/><V68/><F55/><W8/><G8/><T45/><D45/><U128/><E128/><V110/><F110/><W106/><G106/><T16/><D16/><U41/><E41/><RYUUKYOKU ba="0,1" sc="252,10,263,10,213,-30,262,10" hai0="25,31,34,39,42,46,72,73,75,81,98,103,105" hai1="17,18,19,76,82,86,89,92,93,97" hai3="26,27,78,79,80,83,87,90,95,99" /><INIT seed="4,1,1,2,1,82" ten="262,273,183,272" oya="0" hai0="48,109,37,58,74,118,3,44,17,51,116,83,10" hai1="86,90,57,40,66,99,102,15,61,71,80,69,50" hai2="88,12,60,73,106,54,130,4,63,16,31,14,76" hai3="7,89,98,2,65,18,96,38,103,68,95,114,34"/><T127/><D127/><U52/><E15/><V28/><F106/><W30/><G38/><T36/><D109/><U22/><E22/><V81/><F130/><W84/><G114/><T110/><D110/><U43/><REACH who="1" step="1"/><E69/><REACH who="1" ten="262,263,183,272" step="2"/><V113/><F113/><W11/><G68/><T24/><D10/><U119/><E119/><V122/><F122/><W19/><G34/><T85/><D116/><U94/><AGARI ba="1,2" hai="40,43,50,52,57,61,66,71,80,86,90,94,99,102" machi="94" ten="20,12000,2" yaku="1,1,0,1,7,1,52,1,54,1,53,1" doraHai="82" doraHaiUra="47" who="1" fromWho="1" sc="262,-61,263,143,183,-31,272,-31" /><INIT seed="5,0,0,0,2,11" ten="201,406,152,241" oya="1" hai0="49,107,57,117,0,20,123,12,116,89,92,106,10" hai1="30,59,64,83,126,23,132,124,129,21,19,13,52" hai2="25,88,65,69,53,87,37,103,51,15,78,32,105" hai3="81,48,43,108,134,115,111,16,28,18,91,118,42"/><U34/><E34/><V110/><F110/><W55/><G115/><T14/><D0/><U46/><E64/><V58/><F78/><W22/><G134/><T109/><D109/><U63/><E46/><V80/><F37/><W84/><G118/><T56/><D123/><U66/><E66/><V113/><F113/><W101/><G111/><T45/><D107/><U102/><E132/><V27/><F32/><W38/><G101/><T104/><D104/><U98/><E83/><V39/><F39/><W40/><G38/><T54/><D106/><U114/><E114/><V71/><F103/><W26/><REACH who="3" step="1"/><G108/><REACH who="3" ten="201,406,152,231" step="2"/><T35/><D116/><U85/><E102/><V41/><F105/><W2/><G2/><T67/><D117/><U94/><E126/><V62/><F41/><W1/><G1/><T76/><D35/><U130/><E124/><V127/><F127/><W128/><G128/><T96/><D67/><U93/><E130/><V33/><F33/><W135/><G135/><T44/><D76/><U122/><E129/><V112/><F112/><W119/><G119/><T131/><D131/><U86/><E122/><V97/><F71/><W9/><G9/><T4/><D56/><AGARI ba="0,1" hai="16,18,22,26,28,40,42,43,48,55,56,81,84,91" machi="56" ten="40,5200,0" yaku="1,1,8,1,54,1,53,0" doraHai="11" doraHaiUra="8" who="3" fromWho="0" sc="201,-52,406,0,152,0,231,62" /><INIT seed="6,0,0,3,4,85" ten="149,406,152,293" oya="2" hai0="50,12,72,71,64,106,22,0,52,47,111,98,53" hai1="10,67,59,125,14,5,83,110,54,100,61,60,13" hai2="39,19,118,86,3,123,117,17,127,84,133,55,93" hai3="8,66,107,114,34,124,4,45,23,126,20,134,87"/><V89/><F123/><W80/><G34/><T28/><D111/><U1/><E110/><V27/><F39/><W63/><G45/><T97/><D0/><U35/><E125/><N who="3" m="48234" /><G107/><T104/><D72/><U115/><E115/><V112/><F127/><W44/><G44/><T24/><D71/><U26/><E100/><V108/><F3/><W46/><G46/><T25/><D64/><U69/><E35/><V130/><F108/><W120/><G134/><T135/><D135/><U36/><E36/><V94/><F133/><W15/><G114/><T11/><D104/><U77/><E26/><V101/><F112/><W90/><G120/><T33/><D106/><U95/><E95/><V109/><F109/><W7/><G7/><T119/><D119/><U18/><E18/><V96/><F130/><W99/><G99/><T37/><D37/><U31/><E31/><V48/><F84/><AGARI ba="0,0" hai="1,5,10,13,14,54,59,60,61,67,69,77,83,84" machi="84" ten="30,1000,0" yaku="7,1" doraHai="85" who="1" fromWho="2" sc="149,0,406,10,152,-10,293,0" /><INIT seed="7,0,0,5,2,28" ten="149,416,142,293" oya="3" hai0="91,82,56,127,106,10,59,33,83,92,66,102,52" hai1="126,96,79,113,122,117,8,5,12,46,58,20,36" hai2="17,133,44,4,64,57,124,48,23,132,84,11,103" hai3="51,71,121,21,55,60,63,18,107,112,130,30,27"/><W108/><G112/><T116/><D116/><U29/><E113/><V31/><F31/><W131/><G121/><T93/><D106/><U40/><E122/><V100/><F124/><W14/><G107/><T134/><D33/><U41/><E126/><V86/><F86/><W77/><G77/><T94/><D127/><U76/><E117/><V50/><F84/><W45/><G108/><T47/><D134/><N who="2" m="51818" /><F57/><N who="0" m="22090" /><D66/><U15/><E41/><N who="2" m="24591" /><F64/><W89/><G89/><T68/><D68/><U25/><E96/><V81/><F81/><N who="0" m="30730" /><D102/><U123/><E123/><V67/><F50/><W32/><REACH who="3" step="1"/><G71/><REACH who="3" ten="149,416,142,283" step="2"/><T65/><D91/><U24/><E79/><V22/><F67/><W37/><G37/><T85/><D65/><U19/><E76/><V97/><F103/><W90/><G90/><T88/><D88/><U105/><E105/><N who="2" m="63631" /><F17/><W110/><G110/><T101/><D101/><U87/><E36/><V75/><F75/><W120/><G120/><T3/><D94/><U114/><E114/><V53/><F53/><W115/><G115/><T98/><D93/><U39/><E39/><V125/><F125/><W38/><G38/><T7/><D52/><U43/><E19/><V70/><F70/><W26/><G26/><T73/><D73/><U119/><E25/><V104/><F104/><W54/><G54/><T72/><D72/><U135/><E135/><V111/><F111/><W35/><G35/><T95/><D95/><U34/><E34/><V109/><F109/><W99/><G99/><T1/><D98/><U2/><E119/><V9/><F4/><W118/><G118/><T49/><D7/><RYUUKYOKU ba="0,1" sc="149,-15,416,-15,142,15,283,15" hai2="9,11,22,23" hai3="14,18,21,27,30,32,45,51,55,60,63,130,131" /><INIT seed="7,1,1,2,5,15" ten="134,401,157,298" oya="3" hai0="79,8,133,64,80,124,108,82,96,77,32,134,91" hai1="58,10,121,34,69,110,11,23,24,126,20,36,104" hai2="1,87,75,47,29,113,135,54,71,51,49,130,95" hai3="31,127,19,72,57,2,44,112,16,115,3,131,37"/><W38/><G72/><N who="0" m="43047" /><D32/><U84/><E121/><V119/><F1/><N who="3" m="11" /><G131/><T90/><D64/><U17/><E104/><V85/><F71/><W98/><G127/><T40/><D40/><U50/><E126/><V89/><F75/><W59/><G31/><T9/><D124/><U111/><E69/><V106/><F106/><W25/><G25/><T21/><D21/><U42/><E34/><V120/><F119/><W63/><G98/><T118/><D118/><U66/><E36/><N who="3" m="13930" /><G44/><T109/><D96/><U67/><E84/><V61/><F130/><W78/><G78/><T70/><D70/><U26/><E42/><V125/><F29/><W88/><G88/><N who="0" m="33835" /><D8/><U52/><E111/><N who="0" m="42569" /><D9/><N who="1" m="3083" /><E110/><V65/><F125/><W93/><G93/><T102/><D102/><U74/><E74/><AGARI ba="1,1" hai="74,79,82,133,134" m="42569,33835,43047" machi="74" ten="30,3900,0" yaku="34,2,54,1" doraHai="15" who="0" fromWho="1" sc="134,52,401,-42,157,0,298,0" owari="186,-21.0,359,45.0,157,-34.0,298,10.0" /></mjloggm>