<mjloggm ver="2.3"><GO type="169" lobby="0"/><UN n0="%E3%81%BF%E3%81%A3%E3%81%8D%E3%83%BC" n1="%E3%81%A8%E3%81%B3%E3%81%BE%E3%81%93" n2="%E6%B2%96%E3%83%92%E3%82%AB%E3%83%AB%EF%BC%88%E6%9C%AC%E7%89%A9%EF%BC%89" n3="%E3%81%95%E3%81%AE%E3%81%99%E3%81%91" dan="17,16,16,17" rate="2209.83,2106.12,2071.19,2144.28" sx="M,M,F,M"/><TAIKYOKU oya="0"/><INIT seed="0,0,0,1,5,18" ten="250,250,250,250" oya="0" hai0="0,19,76,53,100,119,27,117,38,26,106,97,63" hai1="102,81,9,113,71,98,95,118,108,124,34,54,78" hai2="109,77,31,62,79,59,88,6,96,50,12,56,132" hai3="47,37,127,3,10,83,121,94,13,20,5,131,89"/><T25/><D0/><U17/><E118/><V28/><F109/><W74/><G131/><T30/><D38/><U65/><E108/><V135/><F50/><W99/><G127/><T130/><D130/><U75/><E124/><V90/><F6/><W39/><G121/><T23/><D76/><U87/><E34/><V16/><F96/><W32/><G32/><T24/><REACH who="0" step="1"/><D30/><REACH who="0" ten="240,250,250,250" step="2"/><U48/><E113/><V128/><F128/><W93/><G39/><T29/><D29/><U58/><E75/><V61/><F12/><W114/><G114/><T123/><D123/><U45/><E71/><V33/><F33/><W49/><G37/><T116/><D116/><U36/><E36/><V15/><F15/><W112/><G112/><T44/><D44/><U82/><E78/><V35/><F35/><W52/><G3/><T22/><D22/><U7/><E45/><V84/><F84/><W73/><G20/><T120/><D120/><U72/><E87/><V66/><F66/><W46/><G46/><T67/><D67/><U86/><E72/><V107/><F107/><W4/><G74/><T129/><D129/><U80/><E65/><V41/><F41/><W2/><G73/><T68/><D68/><U55/><E86/><V125/><F125/><W11/><G99/><T105/><D105/><U122/><E122/><V69/><F69/><W14/><G2/><T103/><D103/><U111/><E111/><V126/><F126/><W101/><G101/><T43/><D43/><U1/><E54/><V133/><F133/><W42/><G42/><T92/><D92/><U51/><E1/><RYUUKYOKU ba="0,1" sc="240,10,250,-30,250,10,250,10" hai0="19,23,24,25,26,27,53,63,97,100,106,117,119" hai2="16,28,31,56,59,61,62,77,79,88,90,132,135" hai3="4,5,10,11,13,14,47,49,52,83,89,93,94" /><INIT seed="0,1,1,0,2,90" ten="250,220,260,260" oya="0" hai0="18,55,84,15,131,3,79,99,17,82,120,117,35" hai1="11,125,133,2,38,21,83,110,73,41,78,85,25" hai2="101,75,106,69,50,105,59,33,14,58,130,121,81" hai3="20,128,34,66,43,30,74,88,54,77,126,100,127"/><T12/><D3/><U80/><E110/><V6/><F33/><W119/><G119/><T68/><D117/><U31/><E125/><N who="3" m="47626" /><G34/><T96/><D131/><U103/><E133/><V27/><F69/><W107/><G43/><T112/><D112/><U116/><E116/><V19/><F130/><W135/><G66/><T92/><D35/><U60/><E103/><V8/><F121/><W28/><G128/><T13/><D120/><U53/><E38/><V95/><F59/><W39/><G39/><T61/><D96/><U122/><E41/><V129/><F58/><W87/><G54/><T0/><D0/><U16/><E122/><V32/><F50/><W24/><G30/><T104/><D104/><U72/><E53/><V108/><F32/><W10/><G10/><T98/><D98/><U124/><E124/><V42/><F42/><W64/><G64/><T40/><D40/><U62/><E72/><V93/><F8/><W7/><G7/><T97/><D97/><U47/><E47/><V67/><F6/><W46/><G46/><T123/><D123/><U44/><E44/><V5/><F5/><W45/><G45/><T26/><D55/><U118/><E118/><V22/><F67/><W36/><G36/><T114/><D114/><U52/><E52/><V109/><F129/><W37/><G37/><T9/><D9/><U49/><E49/><V76/><F109/><W89/><G74/><T94/><D61/><U1/><E1/><V65/><F65/><W56/><G56/><T102/><D68/><U132/><E2/><V48/><F108/><W113/><G113/><RYUUKYOKU ba="1,1" sc="250,0,220,0,260,0,260,0" /><INIT seed="1,2,1,0,5,64" ten="250,220,260,260" oya="1" hai0="52,86,85,15,109,29,121,7,97,88,33,56,78" hai1="61,125,74,114,130,53,51,117,96,27,59,48,31" hai2="111,65,100,68,43,42,14,49,134,3,62,25,126" hai3="135,79,0,24,129,115,17,46,55,81,90,91,1"/><U95/><E114/><V40/><F3/><W23/><G115/><T26/><D121/><U58/><E125/><V8/><F126/><W35/><G129/><T37/><D109/><U133/><E130/><V21/><F111/><W94/><G135/><T16/><D37/><U6/><E133/><V76/><F100/><W60/><G35/><T5/><D78/><U110/><E117/><V118/><F76/><W66/><G46/><T99/><D86/><U50/><E74/><V127/><F118/><W20/><G20/><N who="0" m="15559" /><D5/><U34/><E110/><V108/><F108/><W116/><G116/><T75/><D7/><U57/><REACH who="1" step="1"/><E6/><REACH who="1" ten="250,210,260,260" step="2"/><V18/><F127/><W112/><G112/><T36/><D75/><U89/><AGARI ba="2,2" hai="27,31,34,48,50,51,53,57,58,59,61,89,95,96" machi="89" ten="30,6000,0" yaku="1,1,2,1,0,1,53,0" doraHai="64" doraHaiUra="38" who="1" fromWho="1" sc="250,-22,210,86,260,-22,260,-22" /><INIT seed="1,3,0,0,5,95" ten="228,296,238,238" oya="1" hai0="56,61,30,93,42,115,113,75,105,43,109,81,34" hai1="41,23,32,46,66,45,102,14,51,108,27,57,29" hai2="49,5,123,89,82,64,135,83,85,69,117,2,134" hai3="36,37,21,3,90,47,72,53,124,10,71,129,59"/><U126/><E126/><V50/><F117/><W78/><G124/><T68/><D105/><U104/><E108/><V84/><F123/><W92/><G71/><T26/><D68/><U15/><E32/><V101/><F101/><W79/><G129/><T39/><D109/><U116/><E116/><V127/><F127/><W0/><G21/><T16/><D39/><U25/><E25/><V110/><F110/><W133/><G133/><N who="2" m="50697" /><F5/><W62/><G72/><T100/><D81/><U40/><E66/><V77/><F2/><W97/><G0/><T22/><D75/><U96/><REACH who="1" step="1"/><E57/><REACH who="1" ten="228,286,238,238" step="2"/><V24/><F24/><W11/><G59/><T86/><D113/><U13/><E13/><V118/><F118/><W28/><G3/><T1/><D1/><U9/><E9/><V17/><F64/><W99/><G11/><T112/><D115/><U87/><E87/><V94/><F69/><W8/><G8/><T52/><D112/><U6/><E6/><V88/><F17/><W122/><G10/><T131/><D131/><U132/><E132/><V74/><AGARI ba="3,1" hai="49,50,74,77,82,83,84,85,88,89,94" m="50697" machi="74" ten="30,2000,0" yaku="20,1,54,1" doraHai="95" who="2" fromWho="2" sc="228,-8,286,-13,238,39,238,-8" /><INIT seed="2,0,0,0,4,42" ten="220,273,277,230" oya="2" hai0="109,23,113,125,120,5,97,9,24,133,65,4,15" hai1="110,76,78,112,60,117,69,61,98,11,30,2,104" hai2="95,100,111,17,114,14,39,45,77,28,102,87,19" hai3="47,57,3,41,130,53,108,0,118,89,10,82,71"/><V96/><F114/><W66/><G118/><T64/><D120/><U81/><E112/><V33/><F102/><W106/><G108/><T88/><D113/><U22/><E110/><V124/><F111/><W34/><G34/><T84/><D109/><U83/><E117/><V129/><F129/><W119/><G119/><T52/><D125/><U21/><E30/><V40/><F124/><W62/><G106/><T131/><D133/><U79/><E104/><V115/><F115/><W16/><G130/><T27/><D131/><U74/><E69/><V67/><F67/><N who="0" m="25674" /><D97/><U73/><E98/><V55/><F55/><W37/><G89/><T44/><D5/><U29/><E76/><V25/><REACH who="2" step="1"/><F14/><REACH who="2" ten="220,273,267,230" step="2"/><N who="3" m="7255" /><G82/><AGARI ba="0,1" hai="17,19,25,28,33,39,40,45,77,82,87,95,96,100" machi="82" ten="40,7700,0" yaku="1,1,52,1,53,1" doraHai="42" doraHaiUra="38" who="2" fromWho="3" sc="220,0,273,0,267,87,230,-77" /><INIT seed="2,1,0,3,1,115" ten="220,273,354,153" oya="2" hai0="78,15,74,43,40,76,0,99,86,119,96,105,37" hai1="71,122,22,41,129,56,97,88,126,127,132,85,101" hai2="90,64,131,35,23,19,110,47,1,123,69,46,94" hai3="20,109,26,53,51,128,38,66,11,31,116,57,48"/><V72/><F123/><W84/><G38/><T5/><D0/><U107/><E122/><V135/><F35/><W28/><G109/><T111/><D37/><U54/><E71/><V49/><F72/><W14/><G128/><T102/><D111/><U63/><E129/><V45/><F1/><W112/><G112/><T134/><D134/><U3/><E3/><V16/><F131/><W36/><G36/><T50/><D74/><U13/><E41/><V103/><F103/><W44/><G116/><T121/><D121/><U60/><E132/><V93/><F135/><W12/><G28/><T39/><D39/><U10/><E22/><V65/><F69/><W108/><G108/><T30/><D30/><U24/><E24/><V42/><F93/><W75/><G75/><T70/><D70/><U80/><REACH who="1" step="1"/><E60/><REACH who="1" ten="220,263,354,153" step="2"/><V18/><F23/><W124/><G26/><T98/><D43/><U52/><E52/><V89/><F110/><W21/><G53/><T83/><D40/><U114/><E114/><V68/><F68/><W82/><G31/><T9/><D50/><U17/><AGARI ba="1,1" hai="10,13,17,54,56,63,80,85,88,97,101,107,126,127" machi="17" ten="30,7900,0" yaku="1,1,0,1,54,1,53,1" doraHai="115" doraHaiUra="95" who="1" fromWho="1" sc="220,-21,263,92,354,-40,153,-21" /><INIT seed="3,0,0,0,5,114" ten="199,355,314,132" oya="3" hai0="85,88,40,125,95,74,6,20,30,31,64,113,44" hai1="107,120,117,128,53,122,36,7,32,99,93,103,89" hai2="48,41,29,84,86,134,83,77,16,21,94,131,132" hai3="78,57,55,135,90,26,76,10,121,87,98,42,112"/><W45/><G112/><T27/><D113/><U11/><E32/><V79/><F29/><W59/><G135/><N who="2" m="51753" /><F131/><W65/><G121/><T110/><D110/><U116/><E36/><V39/><F39/><W9/><G98/><T24/><D125/><U67/><E67/><V66/><F66/><W17/><G65/><T118/><D74/><U133/><E133/><V54/><F41/><W46/><G26/><T72/><D72/><U69/><E69/><V25/><F94/><W2/><G2/><T126/><D126/><U19/><E53/><V58/><F79/><N who="3" m="30251" /><G42/><T106/><D106/><U102/><E19/><V129/><F129/><W104/><G104/><T38/><D64/><U22/><E22/><V8/><F8/><N who="3" m="3179" /><G17/><T127/><D6/><U56/><E56/><N who="3" m="21578" /><G55/><T18/><D127/><U13/><E128/><V62/><F62/><W12/><G12/><T35/><REACH who="0" step="1"/><D18/><REACH who="0" ten="189,355,314,132" step="2"/><U124/><E124/><V5/><F5/><W71/><G71/><T82/><D82/><AGARI ba="0,1" hai="45,46,82,87,90" m="21578,3179,30251" machi="82" ten="30,1500,0" yaku="8,1" doraHai="114" who="3" fromWho="0" sc="189,-15,355,0,314,0,132,25" /><INIT seed="3,1,0,5,1,98" ten="174,355,314,157" oya="3" hai0="93,20,10,59,77,62,95,123,8,76,39,61,81" hai1="17,89,32,121,69,13,67,41,36,23,28,40,15" hai2="90,9,97,135,2,112,70,6,127,113,111,22,52" hai3="122,57,4,56,83,88,96,91,131,7,33,54,50"/><W1/><G131/><T99/><D123/><U87/><E121/><V79/><F70/><W24/><G122/><T16/><D39/><U51/><E36/><V110/><F79/><W106/><G57/><T126/><D126/><U42/><E32/><V124/><F52/><W47/><G1/><T132/><D132/><U34/><E34/><V68/><F68/><W108/><G108/><N who="2" m="41513" /><F90/><W18/><G56/><T53/><D62/><U86/><E28/><V45/><F97/><W119/><G119/><T0/><D0/><U11/><E69/><V128/><F45/><W38/><G38/><T21/><D21/><U75/><E75/><V114/><F135/><W37/><G37/><T27/><D95/><U109/><E109/><V66/><F66/><W102/><G18/><T134/><D134/><U58/><E89/><V117/><F117/><W19/><G91/><T65/><D65/><U63/><E51/><V107/><F107/><W44/><G44/><T116/><D116/><U73/><E73/><V25/><F128/><W115/><G115/><T103/><D76/><U100/><E100/><V12/><F2/><W64/><G64/><T133/><REACH who="0" step="1"/><D133/><REACH who="0" ten="164,355,314,157" step="2"/><U14/><E11/><V35/><F35/><W101/><G33/><T94/><D94/><U125/><E125/><N who="2" m="48203" /><F114/><W43/><G106/><T118/><D118/><U48/><E48/><V55/><F55/><W85/><G54/><T82/><D82/><U74/><E63/><V31/><AGARI ba="1,1" hai="6,9,12,22,25,31,112,113" m="48203,41513" machi="31" ten="30,7900,0" yaku="14,1,18,1,34,2" doraHai="98" who="2" fromWho="2" sc="164,-21,355,-21,314,92,157,-40" /><INIT seed="4,0,0,4,5,19" ten="143,334,406,117" oya="0" hai0="97,114,38,17,20,1,33,74,66,118,9,49,54" hai1="2,84,108,107,86,75,52,40,127,80,12,28,16" hai2="122,26,43,55,53,47,92,79,18,112,73,57,76" hai3="59,69,51,7,48,30,88,89,14,21,64,11,22"/><T31/><D118/><U134/><E107/><V94/><F122/><W24/><G69/><T121/><D38/><U103/><E2/><V104/><F104/><W81/><G81/><T42/><D42/><U5/><E5/><V8/><F55/><W61/><G22/><T68/><D74/><U23/><E108/><V129/><F129/><W46/><REACH who="3" step="1"/><G51/><REACH who="3" ten="143,334,406,107" step="2"/><T90/><D68/><U50/><E75/><V116/><F73/><W70/><G70/><T132/><D20/><N who="1" m="11271" /><E127/><V95/><F116/><W106/><G106/><T62/><D49/><U3/><E134/><V56/><F79/><W115/><G115/><T77/><D77/><U85/><E3/><V135/><F76/><W91/><G91/><T41/><D90/><N who="1" m="51463" /><E103/><V45/><F135/><W102/><G102/><T44/><D1/><U113/><E113/><V39/><F112/><W133/><G133/><T36/><D114/><U35/><E35/><V98/><F39/><W111/><G111/><T96/><D132/><U109/><E109/><V87/><F98/><W117/><G117/><T13/><D97/><U34/><E34/><V100/><F100/><W82/><G82/><T119/><D96/><U110/><E110/><V29/><F95/><W58/><G58/><N who="0" m="37207" /><D119/><U67/><E85/><V126/><F87/><W63/><G63/><T93/><D93/><U123/><E86/><V27/><F94/><W120/><G120/><T60/><D121/><U32/><E123/><V130/><F92/><W15/><G15/><T83/><D83/><U71/><E32/><V128/><F130/><W4/><G4/><T72/><D33/><RYUUKYOKU ba="0,1" sc="143,-10,334,-10,406,-10,107,30" hai3="7,11,14,21,24,30,46,48,59,61,64,88,89" /><INIT seed="5,1,1,3,2,113" ten="133,324,396,137" oya="1" hai0="10,114,16,20,92,46,67,132,51,18,122,68,50" hai1="129,27,35,55,82,9,96,30,86,70,81,93,44" hai2="124,78,69,101,40,52,74,133,72,105,107,5,125" hai3="111,109,53,3,116,130,19,59,87,2,56,120,97"/><U24/><E129/><V37/><F69/><W42/><G120/><T123/><D114/><U89/><E70/><V41/><F5/><W54/><G130/><T61/><D132/><U13/><E27/><V1/><F1/><W108/><G42/><T85/><D10/><U0/><E0/><V131/><F133/><W45/><G45/><T102/><D50/><U15/><E82/><V43/><F37/><W110/><G110/><T32/><D32/><U17/><E15/><V29/><F29/><W6/><G109/><T135/><D135/><U95/><REACH who="1" step="1"/><E96/><REACH who="1" ten="133,314,396,137" step="2"/><V28/><F131/><W106/><G97/><T23/><D122/><U119/><E119/><V79/><F28/><W75/><G116/><T7/><D123/><U63/><E63/><V115/><F115/><W112/><G112/><T83/><D61/><U117/><E117/><V25/><F25/><W128/><G128/><T121/><D68/><U14/><E14/><V134/><F134/><W11/><G2/><T99/><D83/><U33/><E33/><V31/><F31/><W100/><G108/><T47/><D121/><U38/><E38/><V48/><F48/><AGARI ba="1,2" hai="9,13,17,24,30,35,44,48,55,81,86,89,93,95" machi="48" ten="40,7700,0" yaku="1,1,25,2,53,0" doraHai="113" doraHaiUra="104" who="1" fromWho="2" sc="133,0,314,100,396,-80,137,0" /><INIT seed="5,2,0,2,3,32" ten="133,414,316,137" oya="1" hai0="10,83,45,67,1,106,24,126,88,60,102,125,129" hai1="112,81,108,47,49,111,33,113,121,64,59,122,65" hai2="35,116,58,6,114,80,3,130,46,124,100,103,93" hai3="52,20,57,117,95,5,7,9,53,11,132,77,104"/><U31/><E31/><V17/><F35/><W91/><G104/><T16/><D45/><U63/><E64/><V29/><F29/><W25/><G132/><T105/><D102/><U50/><E81/><V74/><F17/><W39/><G39/><T18/><D129/><U87/><E87/><V107/><F107/><W56/><G77/><T15/><D1/><U43/><E49/><V21/><F21/><W101/><G101/><T55/><D55/><U134/><E134/><V2/><F116/><W51/><G117/><T8/><D83/><U38/><E38/><V128/><F58/><W78/><G78/><T120/><D120/><N who="1" m="46187" /><E33/><V22/><F80/><W23/><G25/><T96/><D24/><U76/><E76/><V92/><F74/><W4/><G23/><T135/><D135/><U84/><E84/><V44/><F22/><W41/><G20/><T40/><D40/><U90/><E90/><V118/><F118/><W54/><G41/><T79/><D79/><U26/><E26/><V115/><F6/><W131/><G131/><T19/><D88/><U133/><E133/><V119/><F119/><W61/><REACH who="3" step="1"/><G54/><REACH who="3" ten="133,414,316,127" step="2"/><T36/><D36/><U86/><E43/><V82/><F130/><W68/><G68/><N who="0" m="42087" /><D105/><U97/><E108/><V73/><F128/><W98/><AGARI ba="2,1" hai="4,5,7,9,11,51,52,53,56,57,61,91,95,98" machi="98" ten="30,7900,0" yaku="1,1,0,1,8,1,54,1,53,0" doraHai="32" doraHaiUra="123" who="3" fromWho="3" sc="133,-22,414,-41,316,-22,127,95" /><INIT seed="6,0,0,4,0,84" ten="111,373,294,222" oya="2" hai0="129,123,25,100,60,134,58,133,110,86,28,33,89" hai1="52,115,118,17,38,47,109,27,101,119,30,92,61" hai2="66,23,132,36,44,22,83,39,13,5,54,82,24" hai3="106,72,45,91,125,57,10,35,124,59,26,20,49"/><V70/><F132/><W32/><G106/><T41/><D123/><U87/><E109/><V95/><F70/><W103/><G72/><T108/><D41/><U76/><E115/><V122/><F66/><W69/><G69/><T29/><D100/><U1/><E1/><V128/><F122/><W0/><G103/><T37/><D37/><U111/><E111/><V14/><F128/><W112/><G112/><T55/><D29/><U77/><E17/><N who="2" m="10543" /><F39/><W80/><G10/><T135/><REACH who="0" step="1"/><D129/><REACH who="0" ten="101,373,294,222" step="2"/><U130/><E101/><V46/><F36/><W105/><G125/><T8/><D8/><U116/><E38/><V21/><F5/><W104/><G124/><T9/><D9/><U18/><E130/><V15/><F23/><W2/><G20/><T62/><D62/><U34/><E119/><V117/><F21/><W63/><G63/><T113/><D113/><U121/><E118/><V16/><F117/><W42/><G42/><T75/><D75/><U51/><E116/><V56/><F15/><W40/><G2/><T67/><D67/><U6/><E121/><V94/><F14/><W12/><G12/><T81/><AGARI ba="0,1" hai="25,28,33,55,58,60,81,86,89,108,110,133,134,135" machi="81" ten="30,7900,0" yaku="1,1,0,1,20,1,52,1,53,0" doraHai="84" doraHaiUra="65" who="0" fromWho="0" sc="101,89,373,-20,294,-39,222,-20" /><INIT seed="7,0,0,0,1,73" ten="190,353,255,202" oya="3" hai0="133,66,59,57,118,94,89,104,123,6,19,58,109" hai1="108,14,106,56,18,4,40,27,80,99,110,132,122" hai2="55,69,81,116,0,37,72,16,100,61,31,41,67" hai3="77,86,12,92,82,125,115,88,8,103,2,3,70"/><W90/><G70/><T9/><D109/><U1/><E122/><V129/><F31/><W120/><G120/><T134/><D118/><U48/><E132/><N who="0" m="50793" /><D104/><U15/><E1/><V96/><F116/><W98/><G115/><T45/><D123/><U105/><E4/><V75/><F55/><W42/><G125/><T128/><D128/><U111/><E27/><V62/><F62/><W83/><G42/><T131/><D131/><U35/><E35/><V54/><F54/><W87/><G103/><T84/><D19/><AGARI ba="0,0" hai="2,3,8,12,19,77,82,83,86,87,88,90,92,98" machi="19" ten="30,5800,0" yaku="7,1,52,1,54,1" doraHai="73" who="3" fromWho="0" sc="190,-58,353,0,255,0,202,58" /><INIT seed="7,1,0,3,3,69" ten="132,353,255,260" oya="3" hai0="85,130,10,71,46,100,29,103,41,23,0,52,6" hai1="50,93,12,80,92,37,77,101,82,24,119,131,127" hai2="44,81,61,2,116,60,65,135,22,79,33,98,99" hai3="11,123,91,7,35,26,114,104,36,121,3,28,109"/><W57/><G91/><T58/><D71/><U56/><E37/><V117/><F2/><W78/><G57/><T32/><D130/><U62/><E127/><V95/><F33/><W86/><G86/><T38/><D32/><U1/><E1/><V129/><F129/><W102/><G78/><T122/><D122/><N who="3" m="46601" /><G114/><T47/><D29/><U83/><E119/><V45/><F135/><W59/><G59/><T132/><D23/><U111/><E111/><V42/><F45/><W30/><G109/><T4/><D4/><U124/><E124/><V68/><F61/><W73/><G30/><T55/><D132/><U64/><E131/><V9/><F99/><N who="3" m="61535" /><G73/><T90/><D47/><U31/><E12/><V13/><F22/><W18/><G18/><T8/><D8/><U39/><E50/><N who="2" m="26903" /><F95/><W51/><G51/><T120/><D120/><U76/><E92/><V67/><F98/><W40/><G40/><T110/><D110/><U34/><E93/><V17/><F67/><W48/><G48/><T125/><D125/><U15/><E15/><V107/><F107/><W115/><G115/><T72/><D72/><U106/><E106/><V128/><F128/><W105/><G105/><T16/><D16/><U27/><E27/><V94/><F94/><W75/><G75/><T113/><D113/><U63/><E101/><V43/><F43/><W5/><G5/><T19/><D19/><U25/><E25/><V88/><F79/><W20/><G20/><T118/><D118/><U53/><E76/><V87/><F117/><W66/><G66/><T70/><D6/><U97/><E77/><RYUUKYOKU ba="1,0" sc="132,-15,353,-15,255,15,260,15" hai2="9,13,17,60,65,68,81,87,88,116" hai3="3,7,11,26,28,35,36" /><INIT seed="7,2,0,5,3,120" ten="117,338,270,275" oya="3" hai0="119,44,127,15,24,26,38,37,97,92,125,5,2" hai1="123,66,35,61,116,100,56,6,59,113,11,52,47" hai2="89,32,62,53,17,7,112,107,109,50,54,86,117" hai3="76,21,10,73,8,98,129,41,9,135,28,114,70"/><W91/><G70/><T103/><D119/><U46/><E123/><V81/><F117/><W49/><G114/><T42/><D38/><U25/><E113/><V131/><F112/><W74/><G129/><T94/><D2/><U88/><E116/><V79/><F32/><W4/><G4/><T33/><D33/><U27/><E100/><V128/><F107/><W93/><G135/><T78/><D94/><U68/><E68/><V77/><F7/><W16/><G28/><T121/><D121/><U57/><E57/><N who="2" m="35119" /><F17/><W87/><G74/><T85/><D125/><U105/><E105/><V45/><F109/><W0/><G73/><T134/><D134/><U130/><E88/><V72/><F72/><W111/><G111/><T60/><D60/><U30/><E25/><V23/><F23/><W20/><G0/><T106/><D127/><U40/><E40/><V43/><F43/><W29/><G29/><T64/><D64/><U75/><E75/><V83/><F83/><N who="3" m="47591" /><G16/><T133/><D133/><U124/><E124/><V34/><F34/><W19/><G19/><T22/><D22/><U3/><E130/><AGARI ba="2,0" hai="45,50,54,77,79,81,86,89,128,130,131" m="35119" machi="130" ten="30,1000,0" yaku="19,1" doraHai="120" who="2" fromWho="1" sc="117,0,338,-16,270,16,275,0" owari="117,-38.0,322,41.0,286,9.0,275,-12.0" /></mjloggm>