<mjloggm ver="2.3"><GO type="169" lobby="0"/><UN n0="%E3%81%8B%E3%81%8B%E3%81%8B%E3%81%8B" n1="%E8%B5%A4%E5%9F%8E%E3%81%BF%E3%82%8A%E3%81%82" n2="%E3%81%8B%E3%81%B6%E8%8C%B6" n3="%E6%B1%A0%E7%94%B0%E3%81%AD%E3%81%93" dan="16,16,16,16" rate="2107.60,2128.57,2154.69,2047.86" sx="M,F,M,F"/><TAIKYOKU oya="0"/><INIT seed="0,0,0,0,0,38" ten="250,250,250,250" oya="0" hai0="20,18,45,124,28,91,15,65,9,50,83,86,59" hai1="90,60,99,88,130,92,80,8,57,30,56,37,34" hai2="103,77,48,106,26,119,70,112,118,108,61,71,54" hai3="109,44,95,85,133,27,2,19,79,67,76,51,39"/><T22/><D124/><U84/><E130/><V72/><F112/><W129/><G2/><T97/><D28/><U6/><E37/><V89/><F108/><W36/><G109/><T126/><D126/><U73/><E73/><V40/><F89/><W131/><G67/><T105/><D105/><U0/><REACH who="1" step="1"/><E60/><REACH who="1" ten="250,240,250,250" step="2"/><V93/><F61/><W116/><G36/><T63/><REACH who="0" step="1"/><D97/><REACH who="0" ten="240,240,250,250" step="2"/><U96/><E96/><V16/><F119/><W69/><G116/><T82/><D82/><U75/><E75/><V81/><F118/><W31/><G131/><T13/><D13/><U68/><E68/><V120/><F71/><W46/><G129/><T52/><AGARI ba="0,2" hai="9,15,18,20,22,45,50,52,59,63,65,83,86,91" machi="52" ten="20,24000,3" yaku="1,1,0,1,7,1,25,2,8,1,54,1,53,1" doraHai="38" doraHaiUra="4" who="0" fromWho="0" sc="240,260,240,-80,250,-80,250,-80" /><INIT seed="0,1,0,3,0,96" ten="500,160,170,170" oya="0" hai0="134,127,97,85,35,121,39,49,24,38,113,129,132" hai1="81,17,77,124,93,131,59,9,28,70,25,3,116" hai2="54,44,86,78,27,47,66,2,107,36,46,74,114" hai3="10,123,82,40,52,13,125,0,5,80,84,91,69"/><T98/><D113/><U105/><E116/><V109/><F114/><W64/><G125/><T12/><D121/><U100/><E70/><V8/><F107/><W18/><G123/><T89/><D129/><U68/><E68/><V101/><F66/><W4/><G40/><T55/><D12/><U43/><E105/><V53/><F74/><W20/><G4/><T122/><D127/><U32/><E124/><V37/><F27/><W33/><G64/><T34/><D122/><U60/><E131/><V26/><F26/><W41/><G69/><T6/><D6/><U83/><E43/><V90/><F78/><W112/><G112/><T51/><D24/><U111/><E111/><V94/><F2/><W50/><G41/><T103/><D85/><U57/><E3/><V48/><F8/><W75/><G33/><T102/><D55/><U11/><E81/><V110/><F101/><W29/><G29/><T115/><D115/><U14/><E100/><V128/><F128/><W88/><G75/><T61/><D89/><U58/><E93/><V23/><F23/><W119/><G119/><T95/><D95/><U76/><E76/><V106/><F106/><W104/><G104/><T65/><D65/><U30/><E30/><V108/><REACH who="2" step="1"/><F54/><REACH who="2" ten="500,160,160,170" step="2"/><W1/><G91/><T45/><REACH who="0" step="1"/><D45/><AGARI ba="1,1" hai="36,37,44,45,46,47,48,53,86,90,94,108,109,110" machi="45" ten="50,12000,2" yaku="1,1,2,1,14,1,53,4" doraHai="96" doraHaiUra="42" who="2" fromWho="0" sc="500,-123,160,0,160,133,170,0" /><INIT seed="1,0,0,3,2,8" ten="377,160,293,170" oya="1" hai0="79,120,4,57,128,34,10,124,68,51,71,32,38" hai1="21,2,46,62,107,76,113,5,115,52,114,83,53" hai2="72,47,50,102,35,77,119,33,43,109,129,28,103" hai3="105,25,98,12,31,1,111,135,22,65,99,59,130"/><U81/><E107/><V6/><F119/><W80/><G1/><T84/><D38/><U101/><E101/><V118/><F118/><W66/><G111/><T116/><D116/><U97/><E97/><V91/><F109/><W88/><G135/><T36/><D36/><U30/><E5/><V125/><F129/><W106/><G130/><T104/><D104/><U37/><E2/><V19/><F6/><W134/><G134/><T110/><D110/><U92/><E92/><V123/><F123/><W44/><G105/><T14/><D128/><U126/><E126/><V95/><F125/><W74/><G44/><T93/><D124/><U90/><E90/><V96/><F72/><W3/><G3/><T82/><D120/><U11/><E11/><V133/><F77/><W87/><G74/><T15/><D15/><U39/><E81/><V70/><F70/><W67/><G106/><T69/><D93/><U41/><E39/><V100/><F28/><W7/><G59/><T122/><D122/><U112/><N who="1" m="28672" /><DORA hai="45" /><U49/><E62/><V48/><F133/><W27/><G27/><T75/><REACH who="0" step="1"/><D75/><REACH who="0" ten="367,160,293,170" step="2"/><U121/><E121/><V61/><F95/><W86/><G86/><T64/><D64/><U85/><REACH who="1" step="1"/><E37/><REACH who="1" ten="367,150,293,170" step="2"/><V108/><F108/><W24/><G24/><AGARI ba="0,2" hai="21,24,30,41,46,49,52,53,76,83,85" m="28672" machi="24" ten="70,18000,2" yaku="1,1,2,1,52,1,54,1,53,2" doraHai="8,45" doraHaiUra="23,42" who="1" fromWho="3" sc="367,0,150,200,293,0,170,-180" owari="367,47.0,350,15.0,293,-11.0,-10,-51.0" /></mjloggm>