<mjloggm ver="2.3"><GO type="169" lobby="0"/><UN n0="%E3%81%8F%E3%81%86%E3%81%9F%E3%82%8D" n1="%E3%81%8B%E3%81%B6%E8%8C%B6" n2="%EF%BC%BC%28%EF%BC%BE%6F%EF%BC%BE%29%EF%BC%8F%E2%98%85" n3="%E8%B5%A4%E5%9F%8E%E3%81%BF%E3%82%8A%E3%81%82" dan="17,16,17,16" rate="2169.48,2152.47,2232.17,2130.48" sx="M,M,M,F"/><TAIKYOKU oya="0"/><INIT seed="0,0,0,1,3,92" ten="250,250,250,250" oya="0" hai0="31,131,29,7,14,0,124,24,25,108,70,128,119" hai1="133,11,53,56,47,115,23,30,59,65,10,37,120" hai2="123,105,126,49,112,43,66,68,103,84,107,93,64" hai3="95,76,9,90,8,109,16,104,58,106,26,122,22"/><T111/><D70/><U48/><E120/><V19/><F112/><W100/><G122/><T67/><D67/><U39/><E115/><V63/><F123/><W20/><G109/><N who="0" m="42059" /><D0/><U127/><E127/><V83/><F66/><W3/><G76/><T75/><D75/><U60/><E133/><V121/><F126/><W27/><G3/><T36/><D36/><U98/><E37/><V40/><F19/><W2/><G58/><T74/><D74/><U78/><E78/><V73/><F121/><W18/><G2/><T79/><D79/><U45/><E59/><V54/><F73/><W89/><G95/><T12/><D119/><U114/><E114/><V135/><F93/><W15/><REACH who="3" step="1"/><G100/><REACH who="3" ten="250,250,250,240" step="2"/><T129/><D124/><U71/><E47/><V94/><F94/><W82/><G82/><T96/><D96/><U125/><E98/><V6/><F103/><W81/><G81/><T21/><D7/><U72/><E125/><V116/><F6/><W113/><G113/><T130/><D129/><U1/><E1/><V17/><F83/><W134/><G134/><T61/><D61/><U57/><E72/><V46/><F135/><W41/><G41/><T97/><D97/><U102/><E102/><V118/><F43/><W110/><G110/><T132/><D132/><U34/><E71/><V87/><F40/><W69/><G69/><T51/><D51/><U62/><E39/><V85/><F49/><W33/><G33/><AGARI ba="0,1" hai="12,14,21,24,25,29,31,33,128,130,131" m="42059" machi="33" ten="40,12000,1" yaku="19,1,14,1,10,1,34,2" doraHai="92" who="0" fromWho="3" sc="250,130,250,0,250,0,240,-120" /><INIT seed="0,1,0,4,4,123" ten="380,250,250,120" oya="0" hai0="125,126,91,23,54,14,74,109,46,96,124,30,78" hai1="11,49,56,79,112,48,81,0,53,41,86,130,19" hai2="27,117,34,92,132,119,67,40,65,129,134,37,26" hai3="75,127,105,106,12,10,43,133,18,97,50,100,114"/><T98/><D74/><U45/><E130/><V64/><F129/><W76/><G114/><T60/><D78/><U69/><E112/><V72/><F72/><W113/><G113/><T102/><D91/><U20/><E69/><V83/><F83/><W82/><G133/><N who="2" m="51305" /><F34/><W90/><G127/><T6/><D98/><U44/><E0/><V8/><F8/><W118/><G118/><N who="2" m="45065" /><F92/><W62/><G62/><T25/><D6/><U4/><E4/><V99/><F99/><W58/><G90/><T5/><D14/><U115/><E115/><V51/><F51/><W57/><G105/><N who="0" m="63687" /><D5/><U103/><E103/><V85/><F85/><W22/><G10/><T36/><D125/><U33/><E33/><V15/><F15/><W120/><G120/><T87/><D87/><U38/><E11/><V39/><F40/><W61/><G43/><T7/><D7/><U3/><E3/><V17/><F17/><W59/><G50/><T95/><D95/><U68/><E49/><V28/><F28/><W116/><G116/><T73/><D73/><U77/><E77/><V70/><F70/><W89/><G89/><T128/><D124/><U35/><E79/><V104/><F104/><W2/><G2/><T13/><D128/><U71/><E86/><V47/><F47/><W1/><G1/><T66/><D46/><N who="1" m="23863" /><E81/><V24/><AGARI ba="1,0" hai="24,26,27,37,39,64,65,67" m="45065,51305" machi="24" ten="40,8000,1" yaku="28,2,20,1,12,1" doraHai="123" who="2" fromWho="2" sc="380,-41,250,-21,250,83,120,-21" /><INIT seed="1,0,0,0,0,30" ten="339,229,333,99" oya="1" hai0="107,126,125,64,119,110,12,25,67,32,29,111,26" hai1="44,9,50,131,88,1,56,90,66,19,109,117,100" hai2="115,129,42,35,54,13,62,105,41,39,59,120,130" hai3="134,122,10,103,24,94,93,133,20,69,51,33,86"/><U34/><E117/><V101/><F105/><W58/><G122/><T49/><D107/><U22/><E131/><N who="2" m="50187" /><F101/><W95/><G69/><T0/><D0/><U5/><E109/><N who="0" m="41481" /><D119/><U17/><E100/><V128/><F13/><W102/><G10/><T106/><D106/><U14/><E19/><V57/><F35/><W65/><G86/><T53/><D12/><U83/><E34/><V116/><F116/><W60/><G51/><T72/><D26/><U52/><REACH who="1" step="1"/><E83/><REACH who="1" ten="339,219,333,99" step="2"/><V55/><F128/><W16/><G33/><T73/><D32/><U114/><E114/><V31/><F31/><W81/><G81/><T6/><D29/><U135/><E135/><AGARI ba="0,1" hai="16,20,24,58,60,65,93,94,95,102,103,133,134,135" machi="135" ten="40,2600,0" yaku="20,1,54,1" doraHai="30" who="3" fromWho="1" sc="339,0,219,-26,333,0,99,36" /><INIT seed="2,0,0,0,4,80" ten="339,193,333,135" oya="2" hai0="64,79,71,42,95,5,89,32,105,14,108,23,19" hai1="117,98,115,54,75,84,110,62,43,65,82,7,47" hai2="69,10,116,37,25,2,48,128,122,127,118,113,76" hai3="15,28,46,59,101,50,129,87,90,55,74,30,36"/><V60/><F113/><W51/><G74/><T45/><D108/><U92/><E115/><V40/><F122/><W126/><G36/><T0/><D105/><U97/><E117/><V88/><F37/><W111/><G111/><T67/><D71/><U39/><E110/><V53/><F76/><W29/><G129/><T52/><D32/><U124/><E124/><V107/><F107/><W57/><G126/><T11/><D79/><U130/><E130/><V31/><F127/><W91/><G101/><T78/><D78/><U6/><E75/><V44/><F128/><W93/><G15/><T125/><D52/><U109/><E109/><V123/><F123/><W24/><G91/><T13/><D0/><U49/><E82/><V132/><F132/><W96/><G96/><N who="0" m="57455" /><D125/><U1/><E84/><V70/><F70/><W26/><REACH who="3" step="1"/><G59/><REACH who="3" ten="339,193,333,125" step="2"/><T112/><D112/><U135/><E135/><V22/><F88/><W94/><G94/><T119/><D119/><U61/><E98/><V100/><F100/><W56/><G56/><T83/><D83/><U85/><E85/><V106/><F106/><W17/><G17/><T33/><D14/><U81/><E81/><V35/><F69/><W120/><G120/><T133/><D13/><U41/><E1/><V131/><F131/><W102/><G102/><T77/><D19/><U99/><E99/><V16/><F2/><W63/><G63/><N who="1" m="24074" /><E39/><V27/><F10/><W18/><G18/><T34/><D11/><U9/><E9/><V72/><F72/><W4/><G4/><N who="1" m="1578" /><E65/><V86/><F86/><W73/><G73/><T12/><D133/><RYUUKYOKU ba="0,1" sc="339,-30,193,10,333,10,125,10" hai1="41,43,47,49,54,92,97" hai2="16,22,25,27,31,35,40,44,48,53,60,116,118" hai3="24,26,28,29,30,46,50,51,55,57,87,90,93" /><INIT seed="2,1,1,3,2,26" ten="309,203,343,135" oya="2" hai0="105,33,124,30,28,44,13,113,117,69,39,53,118" hai1="60,76,20,21,104,58,111,121,122,93,106,8,18" hai2="92,133,9,51,102,78,46,127,15,12,101,85,103" hai3="65,50,56,116,77,100,10,11,19,88,16,82,91"/><V128/><F133/><W67/><G116/><N who="0" m="44651" /><D113/><U95/><E111/><V0/><F127/><W75/><G100/><T132/><D33/><U14/><E76/><V40/><F128/><W34/><G34/><T129/><D69/><U114/><E114/><V81/><F0/><W86/><G67/><T109/><D109/><U131/><E131/><V84/><F15/><W130/><G130/><T96/><D129/><U52/><E104/><V37/><F37/><W112/><G112/><T120/><D120/><N who="1" m="46187" /><E106/><V90/><REACH who="2" step="1"/><F103/><REACH who="2" ten="309,203,333,135" step="2"/><W42/><G75/><T70/><D13/><N who="1" m="9295" /><E21/><V126/><F126/><W24/><G24/><T80/><D39/><U48/><E14/><V6/><AGARI ba="1,2" hai="6,9,12,40,46,51,78,81,84,85,90,92,101,102" machi="6" ten="20,18000,2" yaku="1,1,0,1,7,1,25,2,8,1,53,1" doraHai="26" doraHaiUra="4" who="2" fromWho="2" sc="309,-61,203,-61,333,203,135,-61" /><INIT seed="2,2,0,1,4,89" ten="248,142,536,74" oya="2" hai0="53,80,124,49,113,112,9,18,75,6,114,31,132" hai1="87,46,55,122,29,123,16,62,117,27,7,51,133" hai2="0,40,120,94,43,100,128,44,70,35,66,81,118" hai3="10,14,3,72,28,91,84,34,78,13,15,33,25"/><V20/><F35/><N who="3" m="20879" /><G78/><T86/><D75/><U126/><E117/><V64/><F0/><W68/><G72/><T5/><D31/><U11/><E133/><V59/><F70/><W32/><G91/><T57/><D124/><U130/><E130/><V1/><F1/><W8/><G84/><T60/><D132/><U61/><E126/><V88/><F120/><N who="1" m="46121" /><E87/><N who="2" m="50287" /><F118/><W54/><G54/><T105/><D105/><U69/><E69/><V42/><F128/><W127/><G68/><T71/><D18/><U19/><E62/><N who="2" m="37983" /><F20/><W103/><G127/><T45/><D71/><U99/><E99/><N who="2" m="59511" /><F66/><W23/><G103/><T21/><D21/><N who="1" m="15599" /><E61/><V116/><F116/><W106/><G106/><T52/><REACH who="0" step="1"/><D9/><REACH who="0" ten="238,142,536,74" step="2"/><N who="3" m="3689" /><G3/><AGARI ba="2,1" hai="3,7,11,16,19,46,51,55" m="15599,46121" machi="3" ten="30,2000,0" yaku="13,1,54,1" doraHai="89" who="1" fromWho="3" sc="238,0,142,36,536,0,74,-26" /><INIT seed="3,0,0,3,1,83" ten="238,178,536,48" oya="3" hai0="100,116,34,89,75,88,13,30,121,123,133,29,101" hai1="68,17,1,36,53,70,94,4,62,50,42,124,129" hai2="135,104,80,97,69,56,120,134,103,44,25,16,54" hai3="45,126,84,131,114,0,105,51,12,39,74,8,33"/><W95/><G114/><T111/><D34/><U35/><E35/><V23/><F69/><W128/><G105/><T59/><D13/><U86/><E129/><N who="3" m="49738" /><G33/><T9/><D9/><U7/><E124/><V102/><F120/><N who="0" m="46154" /><D59/><U10/><E7/><V6/><F103/><N who="0" m="39498" /><D75/><U122/><E122/><V57/><F6/><W65/><G74/><T127/><D127/><U21/><E70/><V98/><F57/><W113/><G0/><T106/><D106/><U85/><E94/><V87/><F44/><W132/><G126/><T76/><D76/><U26/><E36/><V61/><REACH who="2" step="1"/><F98/><REACH who="2" ten="238,178,526,48" step="2"/><W43/><G113/><T24/><D116/><U99/><E99/><V79/><AGARI ba="0,1" hai="16,23,25,54,56,61,79,80,87,97,102,104,134,135" machi="79" ten="30,8000,1" yaku="1,1,2,1,0,1,52,1,54,1,53,0" doraHai="83" doraHaiUra="60" who="2" fromWho="2" sc="238,-20,178,-20,526,90,48,-40" /><INIT seed="4,0,0,0,2,1" ten="218,158,616,8" oya="0" hai0="58,25,134,71,114,30,80,92,79,99,2,122,69" hai1="50,62,109,59,112,17,100,29,23,60,127,54,131" hai2="66,73,94,39,84,43,41,98,95,24,83,10,86" hai3="104,42,93,15,35,49,3,9,19,96,133,78,55"/><T72/><D122/><U28/><E109/><V67/><F73/><W5/><G104/><T34/><D2/><U20/><E131/><V125/><F125/><W0/><G35/><T126/><D114/><U22/><E127/><V87/><F83/><W65/><G133/><T40/><D134/><U44/><E112/><V64/><F39/><W90/><G78/><T48/><D126/><U128/><E128/><V32/><F10/><W124/><G124/><T75/><D75/><U6/><E6/><V129/><F129/><W77/><G77/><T115/><D115/><U57/><E100/><N who="2" m="60503" /><F32/><W101/><G65/><T120/><D120/><U97/><E97/><V53/><F24/><W81/><G42/><N who="2" m="15881" /><F53/><W63/><G63/><N who="1" m="24106" /><E17/><V68/><F68/><W89/><G81/><T13/><D13/><U88/><E88/><AGARI ba="0,0" hai="64,66,67,84,86,87,88,95" m="15881,60503" machi="88" ten="30,2000,0" yaku="8,1,54,1" doraHai="1" who="2" fromWho="1" sc="218,0,158,-20,616,20,8,0" /><INIT seed="5,0,0,0,2,113" ten="218,138,636,8" oya="1" hai0="9,81,24,100,48,19,98,122,59,102,93,34,47" hai1="119,49,11,130,99,51,123,71,133,86,45,41,131" hai2="105,4,108,37,14,135,96,103,0,6,89,104,80" hai3="85,7,35,61,55,107,56,16,2,63,36,125,106"/><U13/><E123/><V46/><F108/><W116/><G36/><T64/><D122/><U25/><E71/><V83/><F0/><W68/><G35/><T129/><D129/><N who="1" m="49163" /><E119/><V115/><F135/><W88/><G7/><T28/><D81/><U124/><E133/><V40/><F115/><W23/><G2/><T15/><D64/><U12/><E124/><V112/><F112/><W31/><G31/><T114/><D59/><U5/><E25/><V91/><F105/><W50/><G125/><T79/><D79/><U109/><E86/><V69/><F69/><W58/><G68/><T3/><D114/><U17/><E99/><V73/><F14/><N who="3" m="9623" /><G116/><T77/><D77/><U78/><E78/><V117/><F117/><W39/><G39/><T1/><REACH who="0" step="1"/><D102/><REACH who="0" ten="208,138,636,8" step="2"/><U65/><E65/><V94/><F83/><W53/><G63/><T118/><D118/><U21/><E109/><V97/><F73/><W95/><AGARI ba="0,1" hai="50,53,55,56,58,61,85,88,95,106,107" m="9623" machi="95" ten="30,4000,0" yaku="25,1,54,2" doraHai="113" who="3" fromWho="3" sc="208,-10,138,-20,636,-10,8,50" /><INIT seed="6,0,0,2,1,76" ten="198,118,626,58" oya="2" hai0="129,46,5,56,3,126,49,109,30,24,75,54,62" hai1="0,103,59,33,74,68,99,6,117,9,38,70,107" hai2="26,60,106,47,122,19,135,2,72,89,100,23,115" hai3="123,64,52,45,134,78,1,88,131,81,22,35,125"/><V116/><F19/><W94/><G123/><T57/><D109/><U66/><E59/><V10/><F89/><W15/><G35/><T51/><D75/><U13/><E117/><V14/><F23/><W55/><G1/><T120/><D120/><U17/><E66/><V132/><F60/><W91/><G134/><T69/><D126/><U95/><E38/><V98/><F14/><W37/><G125/><T83/><D129/><U79/><E107/><V84/><F47/><W102/><G131/><T40/><D69/><U7/><E33/><V18/><F98/><N who="3" m="59735" /><G37/><T27/><D30/><U73/><E7/><V39/><F18/><N who="3" m="10591" /><G64/><N who="0" m="38983" /><D3/><U119/><E119/><V41/><F39/><W36/><G36/><T130/><D5/><U20/><REACH who="1" step="1"/><E79/><REACH who="1" ten="198,108,626,58" step="2"/><V86/><F106/><W21/><G45/><T71/><D130/><U58/><E58/><V53/><F116/><W43/><G21/><T93/><D71/><AGARI ba="0,1" hai="0,6,9,13,17,20,68,70,71,73,74,95,99,103" machi="71" ten="40,1300,0" yaku="1,1,53,0" doraHai="76" doraHaiUra="29" who="1" fromWho="0" sc="198,-13,108,23,626,0,58,0" /><INIT seed="7,0,0,4,5,91" ten="185,131,626,58" oya="3" hai0="105,13,89,94,123,103,0,1,55,95,81,41,93" hai1="127,8,106,92,120,83,102,53,79,63,4,76,38" hai2="121,52,82,50,60,36,44,67,72,48,23,27,29" hai3="69,15,3,56,118,30,10,21,132,108,43,45,100"/><W128/><G118/><T130/><D123/><U34/><E120/><V47/><F121/><W122/><G122/><T66/><D41/><U24/><E106/><V112/><F36/><W129/><G69/><T80/><D66/><U110/><E110/><V86/><F72/><W42/><G108/><T87/><D130/><N who="3" m="50281" /><G3/><T70/><D70/><U12/><E38/><V117/><F112/><W58/><G132/><T40/><D40/><N who="3" m="15401" /><G45/><N who="2" m="17481" /><F117/><W9/><G100/><T119/><D119/><U64/><E127/><V99/><F67/><W7/><G10/><T17/><D1/><U54/><E102/><V125/><F125/><W11/><G11/><N who="0" m="6335" /><D0/><U73/><E8/><V68/><F68/><W49/><G49/><T18/><D105/><U46/><E46/><V31/><F50/><W28/><G21/><T75/><D103/><U74/><E64/><V59/><F48/><W51/><G51/><T37/><D37/><U6/><E54/><V5/><F5/><W115/><G115/><T39/><D39/><U107/><E53/><V35/><F35/><W57/><AGARI ba="0,0" hai="7,9,15,28,30,56,57,58" m="15401,50281" machi="57" ten="40,2100,0" yaku="19,1" doraHai="91" who="3" fromWho="3" sc="185,-7,131,-7,626,-7,58,21" /><INIT seed="7,1,0,3,1,118" ten="178,124,619,79" oya="3" hai0="67,41,14,50,8,9,69,49,66,101,127,47,116" hai1="79,52,114,86,23,109,45,99,22,57,120,78,76" hai2="122,36,70,48,83,74,64,75,59,6,93,104,71" hai3="19,21,24,11,10,54,80,72,102,125,44,13,131"/><W60/><G125/><T2/><D116/><U111/><E120/><V133/><F104/><W65/><G131/><T129/><D69/><U119/><E119/><V121/><F36/><W15/><G102/><T33/><D33/><U17/><E114/><V42/><F6/><W0/><G0/><T53/><D127/><U55/><E111/><V31/><F31/><W43/><G54/><T126/><D129/><U35/><E35/><V46/><F93/><W132/><G132/><T28/><D28/><U84/><E99/><V32/><F32/><W117/><G117/><T12/><D101/><U103/><E103/><V135/><F59/><W62/><G72/><N who="2" m="27689" /><F83/><W113/><G80/><T107/><D107/><U5/><E5/><V134/><F64/><N who="0" m="24618" /><D2/><U4/><E4/><V40/><F42/><W3/><G3/><T29/><D29/><U95/><E45/><V68/><AGARI ba="1,0" hai="40,46,48,68,70,71,121,122,133,134,135" m="27689" machi="68" ten="50,6400,0" yaku="20,1,52,2" doraHai="118" who="2" fromWho="2" sc="178,-17,124,-17,619,67,79,-33" owari="161,-4.0,107,-29.0,686,78.0,46,-45.0" /></mjloggm>