<mjloggm ver="2.3"><GO type="169" lobby="0"/><UN n0="%4E%4F%2E%E2%85%A0" n1="%E5%A4%A7%E8%B3%A2%E8%89%AF%E5%B8%AB" n2="%E3%81%B7%E3%82%93%E3%81%B7%E3%82%93%EF%BC%81" n3="%E5%8D%97%E5%B8%9D%E5%8D%97%E6%B5%A6" dan="16,16,17,16" rate="2192.72,2091.22,2166.13,2079.58" sx="M,M,M,F"/><TAIKYOKU oya="0"/><INIT seed="0,0,0,0,2,102" ten="250,250,250,250" oya="0" hai0="49,56,83,78,131,76,112,45,101,37,94,55,44" hai1="99,127,34,20,1,18,110,100,52,47,15,79,26" hai2="8,106,12,69,38,22,120,10,75,43,28,90,23" hai3="105,116,71,66,77,9,115,81,57,117,130,121,14"/><T21/><D131/><U2/><E127/><V123/><F69/><W53/><G115/><T5/><D112/><U13/><E110/><V108/><F75/><W41/><G130/><T39/><D5/><U6/><E79/><V89/><F43/><W111/><G111/><T84/><D76/><U91/><E91/><V70/><F70/><W11/><G41/><T59/><D21/><U17/><E34/><V109/><F12/><W67/><G121/><T132/><D132/><U0/><E6/><V133/><F28/><W65/><G71/><T96/><REACH who="0" step="1"/><D56/><REACH who="0" ten="240,250,250,250" step="2"/><U46/><E20/><V82/><F133/><W4/><G117/><T135/><D135/><U98/><E2/><V68/><F68/><W125/><G116/><T60/><D60/><U32/><E1/><V7/><F7/><W104/><G125/><T128/><D128/><U119/><E0/><V80/><REACH who="2" step="1"/><F38/><AGARI ba="0,1" hai="37,38,39,44,45,49,55,59,78,83,84,94,96,101" machi="38" ten="40,2000,0" yaku="1,1,53,0" doraHai="102" doraHaiUra="27" who="0" fromWho="2" sc="240,30,250,0,250,-20,250,0" /><INIT seed="0,1,0,4,0,108" ten="270,250,230,250" oya="0" hai0="84,91,78,14,59,41,12,61,81,124,36,128,6" hai1="96,67,62,99,28,123,10,95,2,52,90,18,53" hai2="35,34,21,15,75,13,133,37,118,113,54,27,63" hai3="119,30,48,4,132,110,7,51,58,94,77,76,130"/><T120/><D120/><U38/><E38/><V26/><F37/><W104/><G104/><T40/><D128/><U102/><E123/><V20/><F75/><W98/><G119/><T9/><D124/><U106/><E28/><V101/><F101/><W1/><G130/><T3/><D91/><U92/><E106/><V0/><F63/><W25/><G132/><T8/><D36/><U47/><E47/><V44/><F44/><W105/><G105/><T55/><REACH who="0" step="1"/><D3/><REACH who="0" ten="260,250,230,250" step="2"/><U17/><E2/><V42/><F0/><W74/><G1/><T39/><D39/><U23/><E10/><V114/><F118/><W117/><G117/><T134/><D134/><U46/><E46/><V87/><F133/><W121/><G121/><T60/><D60/><U22/><E62/><V65/><F42/><W112/><G51/><T69/><D69/><U85/><E90/><V129/><F129/><W100/><G48/><T82/><D82/><U64/><E102/><V49/><F49/><W125/><G125/><T19/><AGARI ba="1,1" hai="6,8,9,12,14,19,40,41,55,59,61,78,81,84" machi="19" ten="20,12000,1" yaku="1,1,0,1,7,1,8,1,53,1" doraHai="108" doraHaiUra="57" who="0" fromWho="0" sc="260,133,250,-41,230,-41,250,-41" /><INIT seed="0,2,0,5,3,22" ten="393,209,189,209" oya="0" hai0="80,51,45,63,17,42,30,15,58,77,54,67,117" hai1="78,122,89,115,101,72,1,109,44,50,85,27,38" hai2="0,52,29,131,114,5,110,94,48,126,103,127,12" hai3="120,39,66,119,21,56,4,9,33,10,130,65,26"/><T106/><D106/><U123/><E38/><V84/><F114/><W88/><G88/><T32/><BYE who="3" /><D117/><U31/><E1/><V43/><F110/><W116/><G116/><T87/><D32/><U69/><E115/><V53/><F131/><W108/><G108/><T18/><D30/><U111/><E69/><V34/><F0/><W36/><G36/><T97/><D97/><U118/><E118/><V125/><F43/><W3/><G3/><T133/><D133/><U124/><E124/><V76/><F76/><W7/><G7/><T6/><REACH who="0" step="1"/><D67/><REACH who="0" ten="383,209,189,209" step="2"/><U132/><E111/><UN n3="%E5%8D%97%E5%B8%9D%E5%8D%97%E6%B5%A6" /><V55/><F29/><N who="3" m="19639" /><G65/><T68/><D68/><U83/><E109/><V134/><F34/><W59/><G66/><T37/><D37/><U92/><E132/><V100/><F134/><W105/><G39/><T62/><D62/><U128/><E128/><V23/><F126/><W11/><G105/><T61/><D61/><U71/><E71/><V19/><F127/><W60/><G119/><T16/><D16/><U135/><E135/><V129/><F125/><W102/><G60/><T95/><D95/><U73/><E123/><V96/><F129/><W121/><G130/><T75/><D75/><U41/><E122/><V35/><F35/><W28/><G4/><T79/><D79/><U86/><E101/><N who="2" m="60567" /><F5/><W74/><G102/><N who="2" m="38953" /><F84/><W57/><G74/><T113/><D113/><U20/><AGARI ba="2,1" hai="20,27,31,41,44,50,72,73,78,83,85,86,89,92" machi="20" ten="20,2700,0" yaku="0,1,7,1,52,1" doraHai="22" who="1" fromWho="1" sc="383,-15,209,43,189,-9,209,-9" /><INIT seed="1,0,0,4,4,62" ten="368,252,180,200" oya="1" hai0="134,96,18,6,133,118,0,121,102,12,75,106,100" hai1="21,73,60,103,86,131,95,126,49,33,85,44,66" hai2="37,40,23,101,108,104,52,55,15,48,25,34,68" hai3="56,81,120,78,19,128,30,1,127,26,7,135,109"/><U45/><E73/><V47/><F108/><W2/><G120/><T122/><D118/><U22/><E33/><V92/><F68/><W70/><G70/><T82/><D6/><U115/><E115/><V110/><F110/><W57/><G109/><T124/><D0/><U79/><E131/><V53/><F104/><W39/><G39/><T129/><D12/><U117/><E117/><V88/><F101/><W41/><G41/><T11/><D18/><U130/><E130/><V89/><F34/><W20/><G128/><T93/><D11/><U46/><E126/><V74/><F74/><W90/><G127/><T36/><D36/><U24/><E79/><V51/><F15/><W43/><G43/><T8/><D8/><U35/><E35/><V91/><REACH who="2" step="1"/><F92/><REACH who="2" ten="368,252,170,200" step="2"/><W123/><G123/><N who="0" m="47115" /><D129/><U80/><E103/><V116/><F116/><W61/><G2/><T98/><D124/><U83/><E95/><V38/><F38/><W64/><G1/><T65/><D65/><U71/><E83/><V14/><F14/><W50/><G81/><T17/><D75/><U16/><E80/><V4/><F4/><W58/><G7/><T13/><D82/><U119/><E119/><V27/><F27/><W76/><G26/><T113/><D113/><U9/><E24/><V63/><F63/><W99/><G61/><T5/><D5/><U125/><E125/><V84/><F84/><N who="1" m="32361" /><E49/><V10/><F10/><W105/><G50/><T114/><D114/><U54/><E54/><V87/><F87/><W94/><G105/><T42/><D42/><U132/><E132/><V29/><AGARI ba="0,1" hai="23,25,29,37,40,47,48,51,52,53,55,88,89,91" machi="29" ten="30,8000,1" yaku="1,1,5,1,0,1,54,2,53,0" doraHai="62" doraHaiUra="107" who="2" fromWho="2" sc="368,-20,252,-40,170,90,200,-20" /><INIT seed="2,0,0,3,1,21" ten="348,212,260,180" oya="2" hai0="10,48,44,102,75,100,107,123,119,87,80,7,77" hai1="133,26,59,25,36,98,3,32,13,109,73,93,55" hai2="99,134,24,110,96,68,86,39,88,14,37,104,67" hai3="57,38,89,11,2,84,108,54,74,5,28,23,42"/><V70/><F14/><W127/><G74/><T40/><D123/><U82/><E32/><V49/><F49/><W81/><G127/><T62/><D119/><U20/><E3/><V58/><F58/><W121/><G121/><T122/><D122/><U22/><E36/><V125/><F125/><W64/><G64/><T66/><D107/><U120/><E120/><V29/><F134/><W124/><G124/><T95/><D95/><U30/><E133/><V46/><F110/><W103/><G103/><T33/><D33/><U6/><E109/><V78/><F78/><W12/><G108/><T31/><D31/><U34/><E34/><N who="2" m="20775" /><F96/><W1/><G42/><T116/><D75/><U76/><E6/><V19/><F19/><W97/><G38/><T83/><D83/><U90/><E13/><V41/><F70/><W56/><G97/><T112/><D112/><U115/><E115/><V131/><F131/><W85/><G57/><T60/><D116/><U53/><E59/><V4/><F46/><W27/><REACH who="3" step="1"/><G85/><REACH who="3" ten="348,212,260,170" step="2"/><T114/><D114/><U92/><REACH who="1" step="1"/><E92/><REACH who="1" ten="348,202,260,170" step="2"/><N who="2" m="54295" /><F39/><W63/><AGARI ba="0,2" hai="1,2,5,11,12,23,27,28,54,56,63,81,84,89" machi="63" ten="20,5200,0" yaku="1,1,0,1,7,1,52,1,53,0" doraHai="21" doraHaiUra="126" who="3" fromWho="3" sc="348,-13,202,-13,260,-26,170,72" /><INIT seed="3,0,0,4,4,52" ten="335,189,234,242" oya="3" hai0="16,6,87,84,117,88,59,57,131,19,54,14,92" hai1="109,111,64,15,2,66,38,114,22,0,43,130,100" hai2="41,27,50,24,80,7,23,133,110,132,78,116,32" hai3="120,55,82,5,4,73,36,8,3,20,72,28,99"/><W46/><G120/><T118/><D131/><U122/><E122/><V11/><F116/><W124/><G5/><T123/><D123/><U103/><E130/><V95/><F110/><N who="1" m="41993" /><E114/><V12/><F95/><W29/><G124/><T42/><D42/><U93/><E93/><V63/><F32/><W81/><G99/><T39/><D39/><U60/><E60/><V17/><F27/><W62/><G36/><T115/><D115/><U94/><E94/><V31/><F63/><W34/><G34/><T121/><D121/><U56/><E43/><V35/><F50/><W10/><G46/><T126/><D126/><U90/><E90/><V40/><F132/><W107/><G107/><T33/><D33/><U101/><E38/><V108/><F108/><W85/><G10/><N who="0" m="4439" /><D118/><U21/><E15/><V106/><F106/><W86/><G73/><T67/><D117/><U1/><E56/><N who="0" m="21577" /><D67/><AGARI ba="0,0" hai="0,1,2,21,22,64,66,67,100,101,103" m="41993" machi="67" ten="40,5200,0" yaku="28,2,14,1" doraHai="52" who="1" fromWho="0" sc="335,-52,189,52,234,0,242,0" /><BYE who="1" /><INIT seed="4,0,0,0,1,60" ten="283,241,234,242" oya="0" hai0="132,55,28,48,70,83,109,101,25,111,5,97,21" hai1="12,88,27,68,74,54,26,53,124,110,35,29,100" hai2="63,135,24,62,59,115,76,30,87,56,46,81,89" hai3="96,34,10,16,33,113,61,19,92,3,7,11,78"/><T6/><BYE who="3" /><D132/><U103/><E103/><V79/><F115/><UN n1="%E5%A4%A7%E8%B3%A2%E8%89%AF%E5%B8%AB" /><W37/><G37/><T18/><D70/><U134/><E110/><N who="0" m="41993" /><D83/><U9/><E74/><V38/><F135/><W84/><G84/><T114/><D114/><U47/><E68/><V127/><F127/><W17/><G17/><T51/><D28/><U121/><E121/><V64/><F46/><W1/><G1/><T39/><D39/><U32/><E134/><UN n3="%E5%8D%97%E5%B8%9D%E5%8D%97%E6%B5%A6" /><V13/><F13/><W77/><G113/><T99/><D99/><U80/><E124/><V41/><F41/><W131/><G131/><T116/><D116/><U123/><E123/><V15/><F15/><W58/><G19/><T82/><D82/><U133/><E133/><V65/><REACH who="2" step="1"/><F38/><REACH who="2" ten="283,241,224,242" step="2"/><W72/><G3/><T49/><D55/><U8/><E47/><V128/><F128/><W129/><G129/><T50/><N who="0" m="12288" /><DORA hai="69" /><T95/><AGARI ba="0,1" hai="5,6,18,21,25,95,97,101" m="12288,41993" machi="95" ten="50,4800,0" yaku="4,1,10,1" doraHai="60,69" who="0" fromWho="0" sc="283,58,241,-16,224,-16,242,-16" /><INIT seed="4,1,0,5,2,131" ten="341,225,208,226" oya="0" hai0="70,105,132,107,62,93,121,88,55,8,42,124,133" hai1="104,52,103,98,32,81,51,68,54,135,102,109,21" hai2="73,120,114,13,39,106,108,96,82,122,74,4,92" hai3="134,95,28,77,94,50,80,72,110,18,123,128,127"/><T22/><D121/><N who="2" m="46698" /><F13/><W44/><G110/><T34/><D124/><U69/><E32/><V12/><F12/><W14/><G123/><T9/><D34/><U33/><E33/><V99/><F4/><W56/><G127/><T45/><D22/><U3/><E109/><V58/><F58/><W19/><G128/><T16/><D107/><U84/><E3/><V31/><F31/><W117/><G117/><T36/><D105/><U53/><E103/><N who="2" m="62847" /><F39/><W61/><G28/><T111/><D111/><U5/><E5/><V47/><F47/><W30/><G30/><T2/><D2/><U48/><E69/><V25/><F25/><W37/><G37/><T91/><D91/><U35/><E35/><V64/><F64/><W6/><G19/><T23/><D8/><U100/><E100/><N who="2" m="60423" /><F108/><W67/><G6/><T0/><D9/><U29/><E68/><V38/><F38/><W46/><G46/><T101/><D101/><U89/><E29/><V126/><F126/><W75/><G75/><N who="2" m="28681" /><F82/><W20/><G44/><T85/><D0/><U17/><E21/><V129/><F129/><W112/><G50/><N who="1" m="18986" /><E17/><V87/><F87/><W66/><G66/><T11/><D11/><U24/><E24/><V60/><F60/><W41/><G41/><T125/><D125/><U15/><E15/><V40/><F40/><W78/><G78/><T27/><REACH who="0" step="1"/><D55/><REACH who="0" ten="331,225,208,226" step="2"/><U97/><E54/><V113/><AGARI ba="1,1" hai="113,114" m="28681,60423,62847,46698" machi="113" ten="40,2700,0" yaku="34,2" doraHai="131" who="2" fromWho="2" sc="331,-14,225,-8,208,40,226,-8" /><INIT seed="5,0,0,1,0,26" ten="317,217,248,218" oya="1" hai0="96,74,80,49,112,59,9,41,117,64,75,5,6" hai1="47,131,31,118,90,21,67,94,111,32,7,73,83" hai2="56,68,1,61,69,34,84,65,42,36,119,98,115" hai3="107,122,132,87,85,82,24,38,134,130,29,114,15"/><U91/><E118/><V3/><F119/><W60/><G122/><T58/><D112/><U37/><E32/><V63/><F34/><W27/><G114/><T70/><D117/><U16/><E131/><V89/><F115/><W71/><G38/><T88/><D70/><U123/><E123/><V35/><F35/><W28/><G107/><T4/><D9/><U116/><E116/><V46/><F98/><W10/><G130/><T99/><D74/><U77/><E111/><V54/><REACH who="2" step="1"/><F69/><REACH who="2" ten="317,217,238,218" step="2"/><W2/><G71/><T20/><D99/><U39/><E39/><V13/><F13/><W52/><G2/><T102/><D96/><U97/><E37/><V14/><F14/><W124/><G124/><T126/><D126/><U120/><E120/><V22/><F22/><W128/><G128/><T110/><D20/><U78/><E21/><V108/><F108/><W79/><G134/><T30/><D110/><U106/><E97/><V11/><F11/><W72/><G132/><T0/><D0/><U51/><E7/><V66/><F66/><W12/><G72/><T33/><D64/><U92/><E67/><V104/><F104/><W50/><G85/><T105/><D75/><U93/><E106/><V76/><F76/><W48/><G10/><T43/><D4/><U125/><E125/><V135/><F135/><W113/><G12/><T127/><D5/><U8/><E78/><V17/><F17/><W55/><G15/><T86/><D6/><U121/><E121/><V45/><F45/><N who="3" m="27663" /><G113/><T103/><D127/><U44/><E73/><V129/><F129/><W109/><G79/><RYUUKYOKU ba="0,1" sc="317,-10,217,-10,238,30,218,-10" hai2="1,3,36,42,46,54,56,61,63,65,68,84,89" /><INIT seed="6,1,1,1,4,96" ten="307,207,268,208" oya="2" hai0="119,27,118,43,16,35,22,18,108,48,23,80,13" hai1="95,44,81,76,71,75,0,14,69,46,113,66,58" hai2="59,128,60,47,11,86,33,42,8,25,109,87,120" hai3="52,65,28,134,55,101,91,104,112,1,64,15,123"/><V135/><F120/><W36/><G123/><T103/><D108/><U20/><E113/><V70/><F70/><W30/><G36/><T99/><D35/><U6/><E0/><V32/><F109/><W53/><G1/><T77/><D48/><U73/><E73/><V49/><F128/><W111/><G134/><T106/><REACH who="0" step="1"/><D43/><REACH who="0" ten="297,207,268,208" step="2"/><U110/><E110/><V117/><F135/><W85/><G111/><T40/><D40/><U79/><E71/><V63/><F49/><W133/><G112/><T129/><D129/><U5/><E69/><V21/><F42/><W37/><G133/><T61/><D61/><U78/><E66/><N who="3" m="25706" /><G37/><T124/><D124/><U45/><E75/><AGARI ba="1,2" hai="13,16,18,22,23,27,75,77,80,99,103,106,118,119" machi="75" ten="40,5200,0" yaku="1,1,52,1,54,1,53,0" doraHai="96" doraHaiUra="84" who="0" fromWho="1" sc="297,75,207,-55,268,0,208,0" /><INIT seed="7,0,0,4,2,124" ten="372,152,268,208" oya="3" hai0="85,41,1,116,59,67,18,10,50,93,115,87,118" hai1="92,31,24,127,16,11,34,42,94,74,119,76,44" hai2="12,33,5,130,56,43,78,36,88,126,125,20,35" hai3="104,131,64,81,122,4,91,65,22,77,23,113,32"/><W97/><G122/><T60/><D115/><U27/><E127/><N who="2" m="48651" /><F78/><W54/><G32/><N who="2" m="12361" /><F56/><W110/><G110/><T37/><D37/><U102/><E119/><V66/><F66/><N who="3" m="25707" /><G104/><T9/><D9/><U86/><E74/><V46/><F130/><W114/><G4/><T109/><D109/><U15/><E102/><V95/><F5/><W134/><G134/><T112/><D112/><N who="3" m="43113" /><G54/><T40/><D1/><U121/><E121/><V47/><F47/><W51/><G51/><T0/><D0/><U3/><E3/><V84/><F20/><N who="3" m="7723" /><G97/><T71/><D50/><U133/><E133/><V123/><F123/><W135/><G91/><T79/><D67/><U105/><E105/><V28/><F12/><W7/><G7/><T72/><D118/><U8/><E8/><V2/><F2/><W58/><G58/><T70/><D59/><U128/><E27/><V100/><F100/><W103/><G103/><T69/><D10/><U63/><E63/><V45/><F45/><W38/><G38/><T53/><D60/><U6/><E6/><V73/><F73/><N who="3" m="43183" /><G135/><T49/><D53/><U21/><E34/><V30/><AGARI ba="0,0" hai="28,30,36,43,46,84,88,95" m="12361,48651" machi="30" ten="40,2700,0" yaku="18,1,54,1" doraHai="124" who="2" fromWho="2" sc="372,-7,152,-7,268,27,208,-13" owari="365,45.0,145,-35.0,295,10.0,195,-20.0" /></mjloggm>