<mjloggm ver="2.3"><GO type="169" lobby="0"/><UN n0="%E3%81%95%E3%82%89%E3%81%9B%E3%81%99%E3%81%84%E3%81%A1%E3%82%85%E3%81%AA" n1="%E3%83%89%E3%83%B3%E3%82%AB%E3%83%A9%E3%82%B9" n2="%E7%8B%82%E7%8A%AC" n3="%E6%87%90%E3%81%8F%E5%AE%B6%E7%95%9C" dan="16,16,16,16" rate="2161.30,2072.73,2141.71,2100.08" sx="M,M,M,M"/><TAIKYOKU oya="0"/><INIT seed="0,0,0,3,2,13" ten="250,250,250,250" oya="0" hai0="53,8,22,76,33,109,134,52,23,75,67,107,71" hai1="118,82,97,135,94,116,92,123,102,115,111,127,31" hai2="49,50,40,64,17,7,51,29,78,77,81,113,34" hai3="57,133,91,16,83,122,131,105,104,43,99,32,45"/><T98/><D33/><U26/><E123/><V68/><F113/><W2/><G122/><T20/><D134/><U69/><E115/><V101/><F7/><W86/><G133/><T121/><D121/><U48/><E135/><V5/><F5/><W28/><G2/><T110/><D8/><U132/><E132/><V12/><F101/><W37/><G131/><T85/><D75/><U35/><E111/><N who="0" m="42505" /><D71/><U70/><E127/><V6/><F6/><W62/><G99/><T74/><D67/><U126/><E126/><V120/><F120/><W119/><G119/><T4/><D4/><U14/><E70/><V41/><F64/><W56/><G32/><T90/><D76/><U106/><E69/><V11/><F68/><W58/><G28/><T96/><D74/><U30/><E30/><V15/><F15/><W39/><G39/><T55/><D107/><U10/><E82/><AGARI ba="0,0" hai="20,22,23,52,53,55,82,85,90,96,98" m="42505" machi="82" ten="40,7700,0" yaku="14,1,10,1,54,1" doraHai="13" who="0" fromWho="1" sc="250,77,250,-77,250,0,250,0" /><INIT seed="0,1,0,0,4,88" ten="327,173,250,250" oya="0" hai0="8,6,133,51,134,123,53,108,87,107,119,62,23" hai1="43,91,1,18,48,83,90,81,15,12,11,2,0" hai2="29,41,118,94,77,103,73,31,135,125,97,68,9" hai3="21,52,100,39,111,27,42,114,80,4,131,7,67"/><T84/><D119/><U86/><E43/><V76/><F118/><W96/><G114/><T89/><D123/><U26/><E26/><V5/><F135/><N who="0" m="51722" /><D107/><U132/><E132/><V113/><F113/><W61/><G131/><T38/><D38/><U20/><E48/><V98/><F68/><W14/><G111/><T13/><D62/><U128/><E128/><V49/><F125/><W69/><G14/><T70/><D70/><U126/><E126/><V117/><F117/><W57/><G80/><N who="0" m="49287" /><D87/><U106/><E106/><V28/><F73/><W16/><G39/><T82/><D82/><U10/><E91/><V32/><F32/><W101/><G42/><T58/><D23/><U130/><E130/><V44/><REACH who="2" step="1"/><F98/><REACH who="2" ten="327,173,240,250" step="2"/><W17/><G96/><T116/><D116/><U127/><E127/><V34/><F34/><W3/><G3/><AGARI ba="1,1" hai="3,5,9,28,29,31,41,44,49,76,77,94,97,103" machi="3" ten="40,2600,0" yaku="1,1,52,1,53,0" doraHai="88" doraHaiUra="109" who="2" fromWho="3" sc="327,0,173,0,240,39,250,-29" /><INIT seed="1,0,0,0,2,77" ten="327,173,279,221" oya="1" hai0="49,59,115,55,103,48,19,0,130,105,85,88,34" hai1="95,102,35,67,117,128,41,50,111,73,82,43,28" hai2="39,60,100,18,90,10,110,72,47,16,97,63,126" hai3="93,1,91,33,78,131,113,3,20,65,121,64,40"/><U109/><E117/><V61/><F110/><N who="1" m="41993" /><E67/><V75/><F126/><W11/><G121/><T54/><D115/><U2/><E2/><V44/><F90/><W134/><G33/><T98/><D130/><U56/><E128/><V84/><F84/><W6/><G113/><T112/><D112/><U23/><E35/><V87/><F87/><W66/><G131/><T22/><D0/><U7/><E7/><V104/><F39/><W116/><G116/><T99/><D99/><N who="1" m="59775" /><E56/><V36/><F36/><W76/><G1/><T37/><D37/><U42/><E50/><V132/><F132/><W119/><G134/><T118/><D34/><U80/><E73/><V31/><F31/><W12/><G119/><T58/><D118/><U96/><E96/><V108/><F108/><W89/><G3/><T8/><D8/><U53/><E53/><V135/><F135/><W79/><G40/><T46/><D46/><U25/><AGARI ba="0,0" hai="23,25,28,41,42,43,80,82" m="59775,41993" machi="25" ten="40,12000,1" yaku="14,1,10,1,52,2" doraHai="77" who="1" fromWho="1" sc="327,-40,173,120,279,-40,221,-40" /><INIT seed="1,1,0,4,3,135" ten="287,293,239,181" oya="1" hai0="69,134,88,66,62,90,130,129,65,107,34,58,75" hai1="82,110,86,0,57,98,109,91,83,48,80,133,76" hai2="97,53,42,54,43,10,79,111,102,114,84,26,31" hai3="113,40,81,55,36,70,127,78,93,119,112,3,20"/><U49/><E0/><V18/><F111/><N who="1" m="42505" /><E133/><V11/><F114/><W22/><G70/><T108/><D34/><U123/><E57/><V14/><F10/><W101/><G3/><T15/><D75/><U99/><E49/><V106/><F79/><W25/><G119/><T67/><D107/><U32/><E32/><V2/><F84/><W21/><G112/><T122/><D134/><U29/><E29/><V33/><F54/><W92/><G55/><T24/><D24/><U100/><E48/><V59/><REACH who="2" step="1"/><F2/><REACH who="2" ten="287,293,229,181" step="2"/><W1/><G1/><T38/><D108/><U17/><E76/><V124/><F124/><W94/><G127/><T16/><D129/><U5/><E99/><V9/><F9/><W104/><G113/><T46/><D130/><U4/><E83/><V87/><F87/><W63/><G81/><T71/><D66/><U41/><E82/><V95/><F95/><W52/><G78/><T44/><D67/><U28/><E86/><V27/><F27/><W39/><G94/><T132/><D132/><U30/><E98/><V74/><F74/><W50/><G93/><T35/><D65/><U51/><E80/><V105/><F105/><W7/><G92/><T117/><D117/><U56/><E91/><V85/><F85/><W126/><G104/><T6/><D88/><U103/><E4/><V13/><F13/><W96/><G7/><T12/><D90/><U77/><E5/><V72/><F72/><W60/><G25/><T73/><D6/><U116/><E77/><V121/><F121/><W120/><G120/><T47/><D73/><U45/><E123/><RYUUKYOKU ba="1,1" sc="287,-10,293,-10,229,30,181,-10" hai2="11,14,18,26,31,33,42,43,53,59,97,102,106" /><INIT seed="2,2,1,0,5,18" ten="277,283,259,171" oya="2" hai0="23,83,78,120,99,135,37,53,76,124,4,29,116" hai1="71,2,69,67,21,101,94,0,73,38,97,121,55" hai2="46,3,122,15,50,96,127,68,61,51,10,25,134" hai3="125,58,7,1,26,100,115,126,16,59,34,60,19"/><V102/><F122/><W17/><G115/><T8/><D120/><U49/><E121/><V42/><F134/><W111/><G111/><T95/><D135/><U44/><E73/><V5/><F127/><N who="3" m="48651" /><G100/><T40/><D124/><U75/><E75/><V92/><F3/><W91/><G91/><T133/><D133/><U74/><E74/><V30/><F68/><W14/><G59/><T20/><D78/><U86/><E71/><V130/><F130/><W84/><G84/><N who="0" m="48231" /><D29/><U118/><E118/><V45/><F61/><W81/><G81/><T88/><D40/><U35/><E35/><V105/><F105/><W28/><G58/><T48/><D37/><U112/><E38/><V52/><F30/><W41/><G41/><T65/><D65/><U43/><E43/><V62/><F62/><W32/><G60/><T108/><D108/><U9/><E67/><V90/><REACH who="2" step="1"/><F25/><REACH who="2" ten="277,283,249,171" step="2"/><W47/><G34/><T131/><D131/><U87/><E69/><V128/><F128/><W119/><G119/><T22/><D116/><U104/><E104/><V113/><F113/><W129/><G129/><T31/><D31/><U11/><E112/><V110/><F110/><W98/><G1/><T64/><D64/><U123/><E123/><V109/><F109/><W93/><G32/><T13/><D48/><U36/><E36/><V12/><F12/><W77/><G14/><T85/><D53/><U63/><E0/><V107/><F107/><W66/><G66/><T57/><D57/><N who="1" m="35263" /><E2/><V132/><F132/><W70/><G70/><T117/><D117/><U54/><E54/><V106/><F106/><RYUUKYOKU ba="2,2" sc="277,15,283,-15,249,15,171,-15" hai0="4,8,13,20,22,23,85,88,95,99" hai2="5,10,15,42,45,46,50,51,52,90,92,96,102" /><INIT seed="2,3,2,0,5,22" ten="292,268,264,156" oya="2" hai0="29,38,116,3,129,107,60,127,125,54,112,36,66" hai1="100,89,46,80,131,62,59,5,96,97,31,20,134" hai2="14,15,106,87,49,135,110,56,6,4,95,99,13" hai3="30,91,53,75,61,88,26,19,86,52,111,109,79"/><V98/><F135/><W68/><G75/><T83/><D3/><U122/><E134/><V130/><F130/><W11/><G79/><T10/><D112/><U41/><E131/><V124/><F124/><N who="0" m="47690" /><D107/><U27/><E122/><V90/><F110/><N who="3" m="41995" /><G11/><T94/><D116/><U85/><E5/><N who="2" m="2155" /><F106/><W103/><G103/><T84/><D94/><U7/><E7/><V33/><F33/><N who="3" m="20695" /><G19/><T51/><D29/><U21/><E21/><V44/><F56/><W34/><G34/><T76/><D10/><U23/><E23/><V16/><F16/><W113/><G113/><T40/><D40/><AGARI ba="3,2" hai="13,14,15,40,44,49,87,90,95,98,99" m="2155" machi="40" ten="30,1500,0" yaku="8,1" doraHai="22" who="2" fromWho="0" sc="292,-24,268,0,264,44,156,0" /><INIT seed="2,4,0,4,3,66" ten="268,268,308,156" oya="2" hai0="130,131,36,31,30,34,94,111,86,39,115,15,45" hai1="20,76,99,33,98,41,100,43,1,3,73,63,84" hai2="133,64,101,23,54,7,62,24,105,56,122,102,0" hai3="119,60,14,89,134,38,2,10,120,124,70,103,108"/><V4/><F122/><W13/><G120/><T28/><D111/><U18/><E33/><V58/><F133/><W93/><G119/><T82/><D115/><U16/><E73/><V32/><F32/><W123/><G123/><T37/><D94/><U127/><E127/><V40/><F40/><W90/><G108/><T74/><D74/><U51/><E63/><V95/><F105/><W42/><G134/><T117/><D15/><U118/><E118/><V75/><F75/><W104/><G104/><T85/><D117/><U5/><E5/><V91/><F0/><W55/><G103/><T17/><D17/><U52/><E3/><V61/><F102/><W96/><G124/><T11/><D11/><U26/><E18/><V81/><F81/><W47/><G90/><T87/><D34/><U129/><E129/><N who="0" m="49161" /><D45/><N who="1" m="27759" /><E1/><V83/><F83/><AGARI ba="4,0" hai="28,30,31,36,37,39,82,83,85,86,87" m="49161" machi="83" ten="50,8000,1" yaku="29,2,28,2,19,1" doraHai="66" who="0" fromWho="2" sc="268,92,268,0,308,-92,156,0" /><INIT seed="3,0,0,4,3,92" ten="360,268,216,156" oya="3" hai0="105,106,52,67,39,116,74,76,46,104,5,66,84" hai1="120,34,6,103,20,83,95,99,9,85,102,29,70" hai2="77,94,124,30,71,25,108,45,119,49,61,73,51" hai3="118,134,113,23,35,28,18,10,79,47,4,81,87"/><W1/><G118/><T100/><D116/><U27/><E70/><V50/><F119/><W86/><G134/><T16/><D5/><U43/><E120/><V107/><F107/><W69/><G113/><T112/><D74/><U40/><E34/><V13/><F108/><W55/><G69/><T126/><D100/><U129/><E103/><V109/><F109/><W75/><G35/><T97/><D97/><U57/><E129/><V68/><F13/><W38/><G28/><T42/><D126/><U41/><E57/><V96/><F124/><W19/><G19/><T63/><D84/><U93/><E93/><V132/><F132/><W12/><G55/><T117/><D76/><U128/><E128/><V125/><F125/><W62/><G62/><T56/><D112/><U2/><REACH who="1" step="1"/><E43/><AGARI ba="0,0" hai="1,4,10,12,18,23,38,43,47,75,79,81,86,87" machi="43" ten="40,3900,0" yaku="25,2" doraHai="92" who="3" fromWho="1" sc="360,0,268,-39,216,0,156,39" /><INIT seed="3,1,0,0,1,115" ten="360,229,216,195" oya="3" hai0="55,41,103,82,77,28,42,121,53,75,88,3,43" hai1="69,106,86,131,95,135,92,6,29,17,25,119,107" hai2="105,97,104,89,60,9,11,124,122,49,73,23,44" hai3="12,1,109,54,67,120,36,99,21,127,118,117,116"/><W96/><G120/><T72/><D121/><U13/><E69/><V102/><F122/><W100/><G36/><T4/><D103/><U26/><E135/><V32/><F32/><W74/><G74/><T30/><D3/><U83/><E6/><V108/><F108/><W2/><G109/><T16/><D4/><U94/><E131/><V37/><F37/><W24/><G127/><T22/><D75/><U39/><E39/><V34/><F34/><W91/><G67/><T45/><D45/><U68/><E68/><V101/><F124/><W8/><G91/><T76/><D77/><U90/><E119/><V65/><F73/><W133/><G54/><T47/><D55/><U14/><E14/><V134/><F134/><W57/><G57/><T84/><D53/><U78/><E90/><V61/><F89/><W129/><G133/><T38/><D43/><U98/><E98/><V80/><F80/><W81/><G81/><T19/><D19/><U130/><E130/><V71/><F61/><W110/><G110/><T7/><D7/><U93/><N who="1" m="23552" /><DORA hai="79" /><U18/><E18/><V126/><F126/><W50/><G50/><T64/><D64/><U10/><REACH who="1" step="1"/><E26/><REACH who="1" ten="360,219,216,195" step="2"/><V31/><F102/><W87/><G129/><T123/><D123/><U113/><E113/><V56/><F71/><W46/><G96/><T33/><D88/><U132/><E132/><V125/><F125/><W70/><G70/><T40/><D38/><U0/><E0/><V85/><F105/><N who="3" m="63647" /><G1/><T128/><D16/><U48/><E48/><V15/><F104/><W52/><G2/><T51/><D128/><RYUUKYOKU ba="1,1" sc="360,-10,219,30,216,-10,195,-10" hai1="10,13,17,25,29,78,83,86,106,107" /><INIT seed="4,2,1,4,2,102" ten="350,249,206,185" oya="0" hai0="71,116,90,115,120,60,81,111,26,39,131,70,24" hai1="76,73,52,97,133,110,44,15,8,98,78,4,46" hai2="62,56,32,10,55,105,57,117,88,72,108,43,61" hai3="129,127,68,45,109,89,74,16,79,1,63,128,130"/><T121/><D81/><U25/><E110/><V29/><F108/><W96/><G109/><T114/><D111/><U85/><E133/><V27/><F72/><W11/><G127/><T3/><D90/><U41/><E73/><V83/><F117/><W5/><G45/><T13/><D13/><U101/><E25/><N who="0" m="9833" /><D60/><U107/><E85/><V20/><F43/><W30/><G74/><T38/><D3/><U134/><E134/><V31/><F10/><W132/><G79/><T12/><D12/><U33/><E33/><V104/><F29/><W40/><G132/><T119/><D131/><U28/><E28/><V124/><F124/><W7/><G30/><T94/><D94/><U59/><E98/><V6/><F6/><W86/><G5/><T64/><D64/><U53/><E46/><V65/><REACH who="2" step="1"/><F32/><REACH who="2" ten="350,249,196,185" step="2"/><W34/><G34/><T9/><D9/><U99/><E8/><V92/><F92/><W122/><G11/><T37/><D119/><U69/><E4/><V22/><F22/><W49/><G7/><T23/><D23/><U21/><E41/><V42/><F42/><W100/><G40/><T113/><D116/><U75/><E75/><V14/><F14/><W103/><G129/><T54/><D115/><U2/><E15/><V51/><F51/><W106/><G130/><T47/><D114/><U82/><E21/><V35/><F35/><W17/><G128/><T93/><D93/><U48/><E2/><V95/><F95/><W58/><G1/><T36/><D113/><U0/><E0/><V126/><F126/><W67/><G49/><N who="0" m="28991" /><D38/><U50/><E50/><RYUUKYOKU ba="2,2" sc="350,15,249,-15,196,15,185,-15" hai0="36,37,39,70,71,120,121" hai2="20,27,31,55,56,57,61,62,65,83,88,104,105" /><INIT seed="4,3,2,1,4,40" ten="365,234,211,170" oya="0" hai0="10,15,70,61,24,30,52,81,47,125,111,34,106" hai1="25,94,128,117,84,4,6,123,2,26,115,44,22" hai2="3,42,59,58,103,110,73,132,98,37,0,32,50" hai3="126,131,60,38,108,46,97,28,21,69,23,1,55"/><T64/><D106/><U130/><E123/><V87/><F110/><W18/><G1/><T20/><D125/><U19/><E117/><V71/><F73/><W83/><G126/><T105/><D105/><U27/><E115/><V118/><F71/><W62/><G131/><N who="1" m="50218" /><E44/><V53/><F32/><W102/><G108/><T104/><D104/><U65/><E65/><V12/><F132/><W51/><G28/><T86/><D111/><U82/><E94/><V43/><F87/><W67/><G83/><T133/><D133/><U9/><E6/><V99/><F12/><W56/><G18/><T75/><D75/><U14/><E84/><V35/><F35/><W92/><REACH who="3" step="1"/><G38/><REACH who="3" ten="365,234,211,160" step="2"/><T122/><D30/><N who="1" m="17719" /><E82/><V8/><F37/><W119/><G119/><T127/><D81/><U101/><E101/><V5/><F118/><W96/><G96/><T88/><D127/><U85/><E85/><V45/><F0/><W90/><G90/><T54/><D88/><U113/><E113/><V11/><F3/><W129/><G129/><T124/><D86/><U36/><E36/><V68/><F99/><W29/><G29/><T17/><D124/><U79/><E79/><V78/><F78/><W74/><G74/><T100/><D100/><U57/><E19/><V112/><F98/><W33/><G33/><T77/><D77/><U49/><E2/><V116/><F103/><W7/><G7/><N who="0" m="3551" /><D34/><U66/><E4/><V31/><F5/><W63/><G63/><T121/><D121/><U16/><E49/><V80/><F112/><W114/><G114/><T135/><D122/><U89/><E89/><RYUUKYOKU ba="3,3" sc="365,-15,234,15,211,-15,160,15" hai1="9,14,16,26,27,57,66" hai3="21,23,46,51,55,56,60,62,67,69,92,97,102" /><INIT seed="5,4,3,4,0,65" ten="350,249,196,175" oya="1" hai0="40,17,15,25,126,133,61,113,62,101,5,20,21" hai1="24,123,125,6,74,49,51,31,0,83,90,75,63" hai2="112,134,129,84,53,117,42,12,8,120,58,23,54" hai3="27,96,3,107,98,37,110,56,81,68,55,116,57"/><U111/><E123/><V41/><F117/><W89/><G110/><T1/><D126/><U47/><E125/><V30/><F120/><W60/><G37/><T77/><D133/><U132/><E132/><V64/><F129/><W93/><G3/><T36/><D113/><U26/><E111/><V86/><F112/><W104/><G116/><T114/><D101/><U79/><E75/><V91/><F64/><W33/><G107/><T70/><D77/><U16/><E63/><V2/><F134/><W102/><G81/><T73/><D73/><U80/><E6/><V76/><F2/><W100/><G89/><T99/><D99/><U85/><E0/><V32/><F32/><W29/><G57/><T69/><D1/><U94/><E94/><N who="2" m="54631" /><F86/><W14/><G14/><T88/><D5/><U50/><E16/><N who="2" m="8199" /><F76/><W39/><G68/><T11/><D69/><U119/><E119/><V124/><F124/><W72/><G39/><T103/><D70/><U44/><REACH who="1" step="1"/><E24/><REACH who="1" ten="350,239,196,175" step="2"/><N who="2" m="16671" /><F54/><W127/><G72/><T67/><D114/><U82/><E82/><V105/><F105/><W135/><G127/><T97/><D25/><U115/><E115/><V38/><F38/><W35/><G135/><T28/><D36/><U13/><E13/><V59/><F53/><W19/><G19/><T87/><D17/><U118/><E118/><V18/><F18/><W121/><G121/><T130/><D15/><U34/><AGARI ba="4,4" hai="26,31,34,44,47,49,50,51,74,79,80,83,85,90" machi="34" ten="30,3000,0" yaku="1,1,0,1,53,0" doraHai="65" doraHaiUra="4" who="1" fromWho="1" sc="350,-14,239,82,196,-14,175,-14" /><INIT seed="5,5,0,4,2,127" ten="336,321,182,161" oya="1" hai0="103,42,31,78,53,117,126,43,92,68,110,107,29" hai1="129,67,114,104,79,4,14,25,10,84,21,28,37" hai2="100,61,16,96,8,2,97,122,19,40,98,88,32" hai3="1,55,54,120,18,7,38,70,46,27,39,132,15"/><U20/><E37/><V69/><F122/><W48/><G120/><T121/><D117/><U86/><E104/><V35/><F40/><W72/><G70/><T83/><D110/><U9/><E114/><V47/><F47/><W116/><G72/><T90/><D68/><U113/><E113/><V12/><F2/><W135/><G116/><T56/><D103/><U13/><E129/><V3/><F3/><W112/><G112/><T133/><D107/><U17/><E67/><V106/><F19/><W128/><G128/><T125/><D133/><N who="3" m="51273" /><G27/><T76/><D92/><U23/><REACH who="1" step="1"/><E79/><REACH who="1" ten="336,311,182,161" step="2"/><V57/><F69/><W41/><G38/><T71/><D71/><U81/><E81/><V130/><F130/><W91/><G39/><T22/><D78/><U95/><E95/><V36/><F36/><W134/><G134/><T75/><D121/><U65/><E65/><V24/><F88/><W62/><G91/><T99/><D126/><U33/><AGARI ba="5,1" hai="4,9,10,13,14,17,20,21,23,25,28,33,84,86" machi="33" ten="30,3000,0" yaku="1,1,0,1,53,0" doraHai="127" doraHaiUra="49" who="1" fromWho="1" sc="336,-15,311,55,182,-15,161,-15" /><INIT seed="5,6,0,1,0,13" ten="321,366,167,146" oya="1" hai0="33,30,74,53,7,126,29,44,71,62,54,36,34" hai1="122,20,68,45,85,11,121,9,125,127,17,23,40" hai2="52,117,22,100,10,39,102,99,94,3,4,124,107" hai3="21,73,92,82,111,1,75,133,123,105,106,6,70"/><U38/><E68/><V72/><F117/><W19/><G123/><T131/><D74/><U116/><E116/><V87/><F124/><N who="1" m="47689" /><E23/><V90/><F39/><W66/><G111/><T27/><D126/><U79/><E79/><V128/><F128/><W24/><G133/><T50/><D131/><U37/><E37/><V86/><F72/><W115/><G75/><T114/><D114/><U2/><E85/><V80/><F107/><W57/><G115/><T98/><D7/><N who="1" m="1271" /><E11/><V93/><F93/><W32/><G70/><T113/><D113/><U63/><E63/><V55/><F22/><W28/><G106/><T110/><D110/><U5/><E5/><V132/><F132/><W12/><G105/><T134/><D134/><U118/><E118/><V35/><F35/><W8/><G73/><T95/><D36/><U58/><E58/><V129/><F129/><W96/><G57/><T84/><D84/><U88/><E88/><V108/><F108/><W18/><G82/><T104/><D104/><U49/><E38/><V56/><F87/><W69/><G69/><T46/><D71/><U42/><E42/><V15/><F3/><W101/><G66/><T60/><D46/><U89/><E89/><N who="2" m="51399" /><F55/><W78/><G78/><T91/><D54/><U67/><E67/><V43/><F43/><W81/><G81/><T51/><D51/><AGARI ba="6,0" hai="4,10,15,51,52,56,90,94,99,100,102" m="51399" machi="51" ten="30,2000,0" yaku="8,1,54,1" doraHai="13" who="2" fromWho="0" sc="321,-38,366,0,167,38,146,0" /><INIT seed="6,0,0,0,4,85" ten="283,366,205,146" oya="2" hai0="89,32,22,97,58,116,40,59,38,125,104,12,77" hai1="17,53,34,110,83,108,65,64,115,129,67,99,102" hai2="25,66,81,10,37,94,127,3,5,78,48,119,121" hai3="35,90,61,132,93,26,112,126,14,100,79,131,49"/><V128/><F119/><W106/><G131/><T20/><D116/><U68/><E68/><V42/><F121/><W63/><G132/><T75/><D32/><U111/><E129/><V39/><F127/><W2/><G126/><T91/><D125/><U46/><E34/><V18/><F66/><W4/><G79/><T43/><D75/><U33/><E33/><V30/><F18/><W120/><G120/><T86/><D77/><U24/><E83/><V71/><F71/><W55/><G2/><T41/><D38/><U54/><E115/><V88/><F128/><W118/><G118/><T50/><D104/><U28/><E28/><V122/><F122/><W105/><G112/><T134/><D134/><U130/><E130/><V31/><F48/><W84/><G105/><T72/><D72/><U113/><E113/><V36/><F42/><W117/><G117/><T109/><D109/><U73/><E73/><V70/><F70/><W107/><G107/><T101/><D101/><U56/><E46/><V114/><F114/><W87/><G106/><T13/><D41/><U21/><E56/><V23/><F30/><W82/><G100/><T98/><D86/><U95/><AGARI ba="0,0" hai="17,21,24,53,54,64,65,67,95,99,102,108,110,111" machi="95" ten="40,1500,0" yaku="0,1" doraHai="85" who="1" fromWho="1" sc="283,-4,366,15,205,-7,146,-4" /><INIT seed="7,0,0,5,4,20" ten="279,381,198,142" oya="3" hai0="2,9,123,113,121,112,34,102,18,81,37,70,119" hai1="26,105,30,76,65,73,44,92,29,78,131,74,27" hai2="56,46,15,6,0,85,28,82,22,103,8,120,79" hai3="62,134,135,77,124,114,25,39,59,95,127,35,118"/><W104/><G118/><T61/><D18/><U91/><E105/><V101/><F120/><W111/><G104/><T115/><D119/><U84/><E131/><V100/><F46/><W107/><G107/><T36/><D102/><U33/><E65/><V68/><F68/><W126/><G39/><T57/><D81/><U12/><E44/><V24/><F56/><W7/><G7/><T16/><D34/><U80/><E12/><V83/><F83/><W116/><G116/><T66/><D2/><U13/><E13/><V63/><F0/><W52/><G111/><T90/><D90/><U69/><E69/><V87/><F87/><W60/><G77/><T53/><D9/><U108/><E108/><V122/><F122/><W110/><G110/><T54/><D16/><U38/><E38/><V64/><F63/><W93/><G114/><T23/><D23/><U129/><E129/><V45/><F45/><W96/><G93/><T4/><D4/><U71/><E71/><V67/><AGARI ba="0,0" hai="6,8,15,22,24,28,64,67,79,82,85,100,101,103" machi="67" ten="30,4000,0" yaku="0,1,8,1,52,1" doraHai="20" who="2" fromWho="2" sc="279,-10,381,-10,198,40,142,-20" owari="269,7.0,371,47.0,238,-16.0,122,-38.0" /></mjloggm>