<mjloggm ver="2.3"><GO type="169" lobby="0"/><UN n0="%E3%83%89%E3%82%B8%E3%83%A3%E3%83%BC%E3%82%B9" n1="%E3%81%B5%E3%81%96%E3%81%91%E3%82%8B%E3%83%9F%EF%BC%81" n2="%E3%83%95%E3%82%B5%E3%82%A6%E3%83%9F%E3%82%B3%E3%83%83%E3%83%97" n3="%52%59%4F%40%53%53" dan="16,17,17,18" rate="2151.91,2112.76,2230.75,2224.13" sx="M,M,M,M"/><TAIKYOKU oya="0"/><INIT seed="0,0,0,5,0,110" ten="250,250,250,250" oya="0" hai0="131,121,10,72,76,25,63,60,98,12,45,24,123" hai1="62,79,41,66,21,37,89,104,9,74,28,47,134" hai2="57,124,82,14,59,43,85,31,44,95,88,99,49" hai3="51,111,11,35,0,40,50,3,29,5,69,80,17"/><T38/><D131/><U19/><E134/><V133/><F133/><W108/><G69/><T16/><D72/><U103/><E89/><V112/><F124/><W127/><G40/><T52/><D76/><U56/><E28/><V92/><F112/><W23/><G0/><T86/><D121/><U84/><E74/><V6/><F31/><W7/><G7/><T118/><D118/><U120/><E9/><V68/><F68/><W90/><G127/><T106/><D123/><U42/><E42/><V46/><F46/><W32/><G80/><T64/><D38/><U130/><E130/><V129/><F129/><W128/><G90/><T107/><D86/><U126/><E126/><V36/><F36/><W1/><G1/><T109/><D109/><N who="3" m="42057" /><G128/><T20/><D25/><U125/><E125/><V48/><F48/><N who="3" m="18475" /><G29/><T15/><D45/><U27/><E120/><V105/><F105/><W22/><G22/><T102/><D15/><AGARI ba="0,0" hai="3,5,11,15,17,23,32,35" m="18475,42057" machi="15" ten="30,1000,0" yaku="14,1" doraHai="110" who="3" fromWho="0" sc="250,-10,250,0,250,0,250,10" /><INIT seed="1,0,0,3,5,125" ten="240,250,250,260" oya="1" hai0="39,2,103,93,75,92,128,118,61,46,8,85,53" hai1="28,16,122,79,13,42,67,35,14,87,52,99,64" hai2="37,104,29,101,100,95,44,130,90,10,84,33,102" hai3="89,96,116,127,54,119,21,3,126,121,86,94,71"/><U49/><E122/><V69/><F10/><W24/><G71/><T34/><D34/><U74/><E74/><V81/><F69/><W56/><G3/><T18/><D75/><U112/><E112/><V43/><F104/><W20/><G121/><T97/><D118/><N who="3" m="45097" /><G86/><T22/><D39/><U80/><E13/><V23/><F33/><W4/><G4/><T45/><D2/><U117/><E42/><V55/><F55/><W110/><G110/><T78/><D8/><N who="1" m="6215" /><E35/><V50/><F37/><W132/><G132/><T36/><D36/><U9/><E9/><V1/><F1/><W5/><G5/><T108/><D108/><U72/><E72/><V0/><F0/><W30/><G20/><T27/><D128/><U111/><E117/><V134/><F134/><W62/><AGARI ba="0,0" hai="21,24,30,54,56,62,89,94,96,126,127" m="45097" machi="62" ten="30,1100,0" yaku="12,1" doraHai="125" who="3" fromWho="3" sc="240,-3,250,-5,250,-3,260,11" /><INIT seed="2,0,0,1,2,61" ten="237,245,247,271" oya="2" hai0="77,113,128,121,131,127,97,45,10,62,50,37,41" hai1="33,83,133,70,24,66,22,132,34,71,44,8,43" hai2="39,129,49,53,7,96,29,23,82,18,4,115,117" hai3="30,5,67,38,89,64,65,135,85,3,57,99,58"/><V27/><F115/><W28/><G38/><T68/><D77/><U2/><E83/><V72/><F117/><W101/><G135/><N who="1" m="51786" /><E2/><V134/><F134/><W90/><G5/><T59/><D113/><U104/><E8/><V95/><F39/><W55/><G3/><T17/><D121/><U100/><E100/><V105/><F105/><W76/><G76/><T40/><D97/><U47/><E47/><V56/><F129/><N who="0" m="49738" /><D17/><U103/><E103/><V126/><F126/><W84/><G101/><T11/><D11/><U63/><E71/><V15/><F82/><N who="3" m="49303" /><G99/><T75/><D10/><U19/><E104/><V108/><F72/><W13/><G13/><T112/><D75/><U92/><E92/><V88/><REACH who="2" step="1"/><F108/><REACH who="2" ten="237,245,237,271" step="2"/><W79/><G79/><T107/><D107/><U16/><E19/><V25/><F25/><W78/><G78/><T102/><D112/><U111/><E111/><V87/><F87/><W51/><G28/><T118/><D118/><U120/><E120/><V52/><F52/><W0/><G30/><T73/><D73/><U116/><E116/><V124/><F124/><W91/><G85/><T20/><D127/><U94/><E94/><V81/><F81/><W46/><G0/><T122/><D122/><U48/><AGARI ba="0,1" hai="16,22,24,33,34,43,44,48,63,66,70" m="51786" machi="48" ten="30,4000,0" yaku="20,1,52,1,54,1" doraHai="61" who="1" fromWho="1" sc="237,-10,245,50,237,-20,271,-10" /><INIT seed="3,0,0,3,2,95" ten="227,295,217,261" oya="3" hai0="77,68,46,11,61,56,111,2,120,35,14,40,12" hai1="57,127,105,102,15,82,124,30,20,19,54,28,64" hai2="89,126,134,121,97,49,86,45,73,53,117,39,109" hai3="42,32,16,59,113,100,103,123,17,38,25,37,128"/><W51/><G113/><T130/><D120/><U106/><E64/><V118/><F121/><W90/><G123/><T0/><D111/><U125/><E82/><V129/><F109/><W110/><G110/><T1/><D130/><U133/><E133/><V114/><F114/><W132/><G128/><T6/><D35/><U93/><E93/><V78/><F129/><W66/><G132/><T41/><D68/><U36/><E36/><V3/><F134/><W58/><G32/><T7/><D77/><U119/><E119/><V88/><F126/><W92/><G66/><T4/><D46/><U55/><E55/><V108/><F108/><W5/><G5/><T96/><D96/><N who="1" m="61639" /><E106/><V76/><F3/><W101/><G38/><T71/><D71/><U63/><AGARI ba="0,0" hai="15,19,20,28,30,54,57,63,124,125,127" m="61639" machi="63" ten="30,2000,0" yaku="18,1,52,1" doraHai="95" who="1" fromWho="1" sc="227,-5,295,20,217,-5,261,-10" /><INIT seed="4,0,0,1,1,72" ten="222,315,212,251" oya="0" hai0="114,33,82,116,68,128,110,30,22,48,3,60,71" hai1="65,20,85,83,40,133,74,126,17,43,120,41,119" hai2="69,32,45,64,95,18,53,73,37,26,2,4,113" hai3="12,103,51,93,76,24,31,100,59,84,39,118,70"/><T63/><D116/><U0/><E0/><V49/><F113/><W52/><G70/><T11/><D33/><U101/><E120/><V44/><F95/><W91/><G39/><T97/><D114/><U105/><E74/><V6/><F2/><W124/><G124/><T87/><D128/><U23/><E119/><V131/><F131/><W90/><G118/><T125/><D125/><U123/><E123/><V28/><F73/><W122/><G122/><T106/><D110/><U16/><E126/><V9/><F9/><W112/><G112/><T111/><D111/><U127/><E127/><V61/><REACH who="2" step="1"/><F18/><REACH who="2" ten="222,315,202,251" step="2"/><W81/><G93/><T115/><D11/><U54/><E16/><V66/><F66/><W7/><G103/><T57/><D3/><U29/><E17/><V108/><F108/><W135/><G100/><T14/><D115/><U55/><E65/><V27/><F27/><W42/><G24/><T21/><D14/><U96/><E101/><V79/><F79/><W46/><G12/><T5/><D106/><U129/><E105/><V50/><F50/><W35/><G76/><T107/><D48/><U38/><E129/><V104/><F104/><W88/><G51/><T99/><D107/><U117/><E117/><V34/><F34/><W89/><G35/><T92/><D92/><U56/><E38/><V102/><F102/><W75/><G75/><T109/><D109/><U10/><E10/><V130/><F130/><W36/><G36/><T78/><D78/><U86/><E20/><V132/><F132/><W98/><G135/><T19/><D22/><U1/><E23/><RYUUKYOKU ba="0,1" sc="222,-10,315,-10,202,30,251,-10" hai2="4,6,26,28,32,37,44,45,49,53,61,64,69" /><INIT seed="5,1,1,3,0,80" ten="212,305,232,241" oya="1" hai0="95,56,39,127,134,21,58,52,10,0,90,78,93" hai1="9,30,99,100,33,62,70,84,74,130,31,105,23" hai2="55,111,63,110,101,88,59,19,38,32,49,27,125" hai3="135,29,82,4,106,114,42,8,11,6,37,123,66"/><U18/><E74/><V112/><F38/><W3/><G123/><T1/><D134/><U5/><E130/><V104/><F125/><W71/><G106/><T118/><D118/><U43/><E43/><V61/><F112/><W40/><G135/><T15/><D127/><U126/><E126/><V64/><F63/><W79/><G29/><T92/><D39/><U122/><E122/><V83/><F101/><W109/><G109/><T89/><D78/><U73/><E73/><V115/><F104/><W85/><G37/><T41/><D41/><U107/><E107/><V44/><F115/><W133/><G133/><T7/><D56/><U16/><E30/><V12/><F32/><W81/><G114/><T51/><REACH who="0" step="1"/><D21/><REACH who="0" ten="202,305,232,241" step="2"/><U17/><E23/><V67/><F111/><W98/><G71/><T14/><D14/><U53/><E70/><V119/><F110/><W13/><G42/><T50/><D50/><U120/><E120/><V45/><F119/><W65/><G40/><T132/><D132/><U2/><E33/><V77/><F77/><W35/><G35/><T25/><D25/><U28/><E62/><V46/><F27/><W68/><G68/><T26/><D26/><U24/><E24/><V20/><F61/><W128/><G128/><T57/><D57/><U117/><E117/><V76/><F76/><W124/><G124/><T103/><D103/><U108/><E108/><V87/><AGARI ba="1,2" hai="12,19,20,44,45,46,49,55,59,64,67,83,87,88" machi="87" ten="30,7900,0" yaku="0,1,8,1,52,1,54,1" doraHai="80" who="2" fromWho="2" sc="202,-21,305,-40,232,102,241,-21" /><INIT seed="6,0,0,3,3,11" ten="181,265,334,220" oya="2" hai0="125,87,56,12,104,63,77,128,82,134,69,55,103" hai1="112,49,76,91,97,95,73,33,36,5,81,10,114" hai2="93,22,65,115,116,130,18,113,72,50,41,88,105" hai3="21,64,40,0,14,131,60,9,52,71,24,102,6"/><V45/><F116/><W25/><G131/><T8/><D128/><U58/><E33/><V66/><F130/><W126/><G40/><T20/><D134/><U70/><E70/><V68/><F105/><W16/><G126/><T96/><D125/><U127/><E36/><V15/><F72/><W31/><G102/><T120/><D69/><U62/><E49/><V123/><F123/><W13/><REACH who="3" step="1"/><G52/><REACH who="3" ten="181,265,334,210" step="2"/><T109/><D120/><U42/><E42/><V7/><F66/><W48/><G48/><T101/><D101/><U132/><E127/><V80/><F65/><W110/><G110/><T83/><D109/><U111/><E111/><V79/><F41/><W43/><G43/><T37/><D37/><U108/><E108/><V67/><F50/><W17/><G17/><T34/><D103/><U107/><E132/><V86/><F45/><W32/><AGARI ba="0,1" hai="0,6,9,13,14,16,21,24,25,31,32,60,64,71" machi="32" ten="20,12000,2" yaku="1,1,0,1,7,1,52,2,54,1,53,0" doraHai="11" doraHaiUra="85" who="3" fromWho="3" sc="181,-30,265,-30,334,-60,210,130" /><INIT seed="7,0,0,4,1,46" ten="151,235,274,340" oya="3" hai0="76,131,125,67,17,132,135,98,29,54,128,89,36" hai1="118,73,52,116,51,106,102,126,117,62,13,115,16" hai2="72,114,74,14,30,82,20,77,33,81,1,65,28" hai3="57,11,15,134,86,49,68,7,24,38,121,97,101"/><W122/><G38/><T110/><D29/><U111/><E115/><V123/><F1/><W37/><G134/><N who="0" m="51243" /><D17/><U6/><E126/><V31/><F114/><W44/><G68/><T10/><D10/><U92/><E106/><V21/><F123/><W40/><G86/><T87/><D67/><U94/><E111/><V53/><F33/><W78/><G78/><T93/><D36/><U0/><E73/><V50/><F65/><W96/><G96/><T55/><D55/><U95/><E102/><V129/><F129/><N who="0" m="49738" /><D54/><U112/><E112/><V47/><F14/><W2/><G24/><T9/><D9/><N who="1" m="2247" /><E62/><V58/><F58/><W22/><G57/><T8/><D8/><N who="1" m="6183" /><E95/><V66/><F66/><W12/><G2/><T32/><D32/><U109/><E109/><V104/><F104/><W133/><G37/><T119/><D110/><U27/><E27/><V18/><F53/><W99/><G133/><T43/><D43/><U19/><E19/><V108/><F18/><W4/><G4/><T88/><D125/><U41/><E41/><V48/><F108/><W100/><G15/><T63/><D63/><U5/><E5/><V60/><F60/><W25/><G122/><T124/><D124/><U84/><E84/><V70/><F70/><W80/><G121/><T127/><D127/><U113/><E113/><V90/><F31/><W64/><G40/><T103/><D119/><U85/><E118/><V107/><F30/><W71/><G25/><T23/><D23/><U34/><E117/><V79/><F28/><W35/><G7/><T42/><D42/><U83/><E116/><RYUUKYOKU ba="0,0" sc="151,30,235,-10,274,-10,340,-10" hai0="76,87,88,89,93,98,103" owari="181,-32.0,225,-17.0,264,6.0,330,43.0" /></mjloggm>