<mjloggm ver="2.3"><GO type="169" lobby="0"/><UN n0="%70%6C%61%7A%61" n1="%E5%A4%8F%E3%81%98%E3%82%93" n2="%E5%B0%8F%E6%B1%A0%E7%BE%8E%E6%B3%A2%E2%8A%BF" n3="%E4%B8%89%E5%86%A0%E7%8E%8B%E3%83%BB%E5%B1%B1%E7%94%B0%E5%93%B2%E4%BA%BA" dan="16,17,16,17" rate="2046.49,2150.87,2116.16,2226.07" sx="M,M,F,M"/><TAIKYOKU oya="0"/><INIT seed="0,0,0,4,1,76" ten="250,250,250,250" oya="0" hai0="116,52,133,11,102,117,24,73,98,7,67,49,56" hai1="23,44,101,84,108,111,97,0,78,106,61,59,119" hai2="62,41,60,105,32,77,135,43,82,20,50,63,95" hai3="3,90,18,99,88,79,33,103,112,42,64,26,124"/><T15/><D73/><U109/><E0/><V80/><F105/><W123/><G112/><T114/><D114/><U6/><E6/><V17/><F32/><W39/><G3/><T89/><D133/><U10/><E10/><V34/><F34/><W132/><G132/><T70/><D89/><U19/><E44/><N who="2" m="25871" /><F135/><W58/><G124/><T8/><D24/><U51/><E51/><V75/><F75/><W37/><G123/><T83/><D70/><U2/><E2/><V126/><F77/><W25/><G79/><T65/><D83/><N who="2" m="31786" /><F43/><W100/><G42/><T69/><D69/><U45/><E78/><V74/><F74/><W115/><G33/><T87/><D87/><U134/><E84/><V57/><F95/><W5/><G39/><T4/><D117/><U92/><E119/><V9/><F9/><W36/><G37/><T12/><REACH who="0" step="1"/><D116/><REACH who="0" ten="240,250,250,250" step="2"/><U121/><E134/><V28/><F126/><W118/><G118/><T40/><D40/><U21/><E111/><V47/><F28/><W96/><G115/><T29/><D29/><U110/><E110/><V122/><F122/><W81/><G81/><T54/><D54/><U130/><E121/><V85/><F85/><W129/><G36/><T94/><AGARI ba="0,1" hai="4,7,8,11,12,15,49,52,56,65,67,94,98,102" machi="94" ten="20,18000,2" yaku="1,1,0,1,7,1,9,1,8,1,54,1,53,0" doraHai="76" doraHaiUra="35" who="0" fromWho="0" sc="240,190,250,-60,250,-60,250,-60" /><INIT seed="0,1,0,2,0,100" ten="430,190,190,190" oya="0" hai0="117,61,39,82,12,105,107,24,113,89,1,28,131" hai1="14,83,126,58,73,69,129,20,48,87,10,120,36" hai2="5,63,86,17,79,70,85,81,44,124,104,118,21" hai3="25,74,8,90,103,125,33,22,93,46,34,95,127"/><T110/><D113/><U75/><E36/><V30/><F124/><W112/><G74/><T59/><D117/><U119/><E69/><V92/><F118/><W38/><G112/><T47/><D1/><U122/><E119/><V55/><F5/><W121/><G121/><T6/><D131/><U60/><E126/><N who="3" m="48138" /><G8/><T102/><D102/><U13/><E129/><V98/><F30/><W27/><G103/><T11/><D110/><U88/><E122/><V65/><F104/><W9/><G9/><T50/><D39/><U64/><E120/><V45/><F55/><W2/><G2/><T16/><D89/><U76/><E48/><V78/><F86/><N who="3" m="52439" /><G95/><T101/><D82/><U57/><E57/><V133/><F79/><W53/><G27/><T43/><D101/><U135/><E135/><V114/><F133/><W80/><G80/><T32/><D6/><U54/><E76/><V134/><F134/><W71/><G71/><T23/><D32/><U106/><E106/><V72/><F72/><W68/><G68/><T97/><D97/><U128/><E128/><V108/><F114/><W56/><G46/><T130/><D130/><U67/><E75/><V123/><F123/><W41/><G41/><T4/><D4/><N who="1" m="3271" /><E73/><V91/><REACH who="2" step="1"/><F108/><REACH who="2" ten="430,190,180,190" step="2"/><W66/><G66/><AGARI ba="1,1" hai="11,12,16,23,24,28,43,47,50,59,61,66,105,107" machi="66" ten="30,11600,0" yaku="7,1,52,2,54,1" doraHai="100" who="0" fromWho="3" sc="430,129,190,0,180,0,190,-119" /><INIT seed="0,2,0,4,0,116" ten="559,190,180,71" oya="0" hai0="6,120,111,108,133,12,86,102,37,31,23,54,110" hai1="48,29,107,85,97,88,94,115,125,63,112,39,99" hai2="28,135,20,89,62,130,32,103,109,49,71,77,101" hai3="35,117,126,95,73,67,79,61,84,3,119,123,25"/><T82/><D37/><U47/><E39/><V34/><F77/><W30/><G3/><T69/><D69/><U15/><E125/><V4/><F4/><W53/><G126/><T16/><D102/><U98/><E29/><V50/><F89/><W131/><G131/><T11/><D133/><U55/><E107/><V78/><F78/><W52/><G73/><T14/><D54/><U56/><REACH who="1" step="1"/><E15/><REACH who="1" ten="559,180,180,71" step="2"/><V59/><F28/><W60/><G119/><T58/><D31/><U83/><E83/><V121/><F130/><W104/><G104/><T7/><D12/><U18/><E18/><V51/><F135/><W27/><G117/><T40/><D6/><U114/><E114/><V2/><F2/><W43/><G25/><T132/><D132/><U65/><AGARI ba="2,1" hai="47,48,55,56,63,65,85,88,94,97,98,99,112,115" machi="65" ten="30,4000,0" yaku="1,1,0,1,54,1,53,0" doraHai="116" doraHaiUra="100" who="1" fromWho="1" sc="559,-22,180,56,180,-12,71,-12" /><INIT seed="1,0,0,0,3,37" ten="537,236,168,59" oya="1" hai0="128,6,86,94,16,83,117,75,68,57,80,72,89" hai1="63,28,13,39,108,115,46,109,48,4,52,30,1" hai2="50,7,96,87,53,70,36,125,73,130,104,24,71" hai3="132,91,74,45,95,38,98,42,41,58,105,5,11"/><U114/><E1/><V122/><F73/><W20/><G132/><T102/><D68/><U129/><E129/><V116/><F122/><W97/><G74/><T60/><D128/><U33/><E39/><V59/><F130/><W118/><G118/><T103/><D6/><U99/><E99/><V112/><F36/><W124/><G124/><T34/><D34/><U88/><E33/><V49/><F116/><W17/><G58/><T29/><D29/><U123/><E123/><V93/><F125/><W44/><G105/><T18/><D75/><U56/><E30/><V121/><F121/><W106/><G106/><T113/><D113/><U15/><E28/><V133/><F24/><N who="3" m="14351" /><G38/><T76/><D80/><U92/><E115/><V66/><F66/><W3/><G3/><T8/><D8/><U61/><E61/><V22/><F59/><W82/><G82/><T62/><D62/><U2/><E2/><V14/><F133/><W119/><G98/><T120/><D120/><U0/><E0/><V27/><F104/><W19/><G5/><T127/><D127/><U47/><E47/><N who="3" m="17994" /><G119/><T21/><D18/><U35/><E35/><V32/><F7/><W134/><G134/><T10/><D10/><U23/><E114/><V85/><F32/><W9/><G9/><T12/><D117/><U131/><E131/><V43/><F71/><W40/><G11/><T84/><D72/><U110/><E4/><V31/><F70/><W77/><G19/><T81/><D81/><U107/><E107/><V69/><F69/><W65/><G77/><T100/><D60/><U101/><E63/><RYUUKYOKU ba="0,0" sc="537,15,236,-15,168,-15,59,15" hai0="12,16,21,57,76,83,84,86,89,94,100,102,103" hai3="40,41,42,65,91,95,97" /><INIT seed="2,1,0,2,3,114" ten="552,221,153,74" oya="2" hai0="94,62,5,6,1,101,131,124,103,50,79,60,10" hai1="40,47,80,119,132,104,129,108,86,53,42,127,109" hai2="120,70,3,130,26,116,87,89,55,63,31,20,105" hai3="8,69,102,65,39,122,30,113,17,27,41,98,49"/><V4/><F120/><W48/><G122/><T54/><D79/><U68/><E68/><V23/><F105/><W14/><G113/><T43/><D43/><U57/><E104/><V28/><F130/><W77/><G77/><T18/><D131/><U51/><E129/><V66/><F55/><W46/><G69/><T22/><D5/><U96/><E96/><V24/><F4/><W83/><G83/><T110/><D110/><N who="1" m="42603" /><E127/><V97/><F97/><W11/><G11/><T12/><D103/><U58/><E132/><V118/><F3/><W99/><G65/><T106/><D101/><U32/><E32/><V0/><F0/><W135/><G99/><T9/><D106/><U61/><E58/><V37/><F37/><W91/><G91/><T64/><D94/><AGARI ba="1,0" hai="20,23,24,26,28,31,63,66,70,87,89,94,116,118" machi="94" ten="30,11600,0" yaku="7,1,9,1,52,2" doraHai="114" who="2" fromWho="0" sc="552,-119,221,0,153,119,74,0" /><INIT seed="2,2,0,2,1,63" ten="433,221,272,74" oya="2" hai0="18,80,44,87,124,28,9,49,3,8,95,38,66" hai1="29,71,36,101,52,57,127,116,21,131,104,70,107" hai2="119,122,73,90,105,20,69,16,61,24,103,74,53" hai3="56,45,96,59,114,5,55,84,109,94,117,133,1"/><V34/><F119/><W135/><G117/><T13/><D38/><U106/><E101/><V112/><F122/><W115/><G84/><T113/><D113/><N who="3" m="43017" /><G5/><T11/><D124/><U19/><E36/><V47/><F112/><W23/><G1/><T60/><D28/><U92/><E116/><V65/><F90/><W32/><G32/><T100/><D3/><U30/><E92/><V68/><F68/><W120/><G120/><T111/><D111/><U48/><E127/><V12/><F53/><W85/><G85/><T86/><D86/><U126/><E126/><V79/><F47/><W37/><G23/><T26/><D26/><U64/><E131/><V77/><F73/><W72/><G72/><T91/><D80/><U35/><E35/><V17/><F74/><W89/><G109/><T40/><REACH who="0" step="1"/><D100/><REACH who="0" ten="423,221,272,74" step="2"/><U121/><E121/><V27/><F24/><W6/><G37/><T33/><D33/><U99/><E99/><N who="2" m="61695" /><F17/><W128/><G6/><T0/><D0/><U78/><E30/><AGARI ba="2,1" hai="12,16,20,27,30,34,61,65,69,77,79" m="61695" machi="30" ten="30,5800,0" yaku="25,1,52,1,54,1" doraHai="63" who="2" fromWho="1" sc="423,0,221,-64,272,74,74,0" /><INIT seed="2,3,0,0,5,22" ten="423,157,346,74" oya="2" hai0="77,103,71,25,66,37,130,16,47,110,33,44,127" hai1="107,87,12,131,105,93,20,23,97,49,52,79,89" hai2="13,115,126,81,132,50,70,75,41,31,34,40,14" hai3="101,117,39,46,10,30,109,73,134,32,7,3,114"/><V111/><F115/><W122/><RYUUKYOKU type="yao9" ba="3,0" sc="423,0,157,0,346,0,74,0" hai3="3,7,10,30,32,39,46,73,101,109,114,117,122,134" /><INIT seed="2,4,0,3,0,130" ten="423,157,346,74" oya="2" hai0="13,94,49,93,11,66,54,64,53,82,35,85,62" hai1="4,60,80,6,78,124,55,45,63,133,132,108,34" hai2="121,95,84,58,28,76,3,107,48,44,16,73,131" hai3="114,104,33,106,59,75,25,32,81,7,56,115,120"/><V117/><F131/><W57/><G7/><T65/><D35/><N who="3" m="13385" /><G25/><T29/><D29/><U17/><E34/><V116/><F121/><W24/><G24/><T91/><D62/><U103/><E103/><V5/><F73/><W47/><G120/><T43/><D43/><U71/><E17/><V37/><F107/><N who="3" m="41003" /><G75/><T123/><D123/><U18/><E18/><V83/><F28/><W41/><G41/><T46/><REACH who="0" step="1"/><D54/><REACH who="0" ten="413,157,346,74" step="2"/><U110/><E55/><V99/><F117/><W12/><G115/><T70/><D70/><U19/><E71/><V38/><F116/><W0/><G114/><T112/><D112/><U111/><E63/><V101/><F37/><W127/><G127/><T128/><D128/><U21/><E60/><V40/><F38/><W96/><G47/><T118/><D118/><U109/><E45/><V92/><F58/><W74/><G56/><T22/><D22/><U15/><E124/><V27/><F40/><W98/><G57/><T9/><D9/><U77/><E111/><V39/><F39/><W10/><G59/><T119/><D119/><U69/><E69/><V89/><F44/><W79/><G10/><T23/><D23/><U87/><E77/><V135/><F76/><W88/><G79/><T129/><D129/><U20/><E21/><V102/><F48/><W2/><G74/><T126/><D126/><U52/><E52/><V122/><F122/><W30/><G30/><T100/><D100/><U72/><E72/><V8/><F102/><W90/><G90/><T36/><D36/><U86/><E86/><V26/><F84/><W31/><G31/><RYUUKYOKU ba="4,1" sc="413,15,157,15,346,-15,74,-15" hai0="11,13,46,49,53,64,65,66,82,85,91,93,94" hai1="4,6,15,19,20,78,80,87,108,109,110,132,133" /><INIT seed="3,5,1,3,2,78" ten="428,172,331,59" oya="3" hai0="41,56,126,94,131,50,91,18,5,2,133,21,113" hai1="99,86,9,60,33,111,13,73,97,123,65,124,71" hai2="39,72,27,120,83,40,59,37,128,10,43,11,47" hai3="82,130,103,7,14,49,6,129,4,53,134,90,48"/><W0/><G0/><T102/><D126/><U121/><E73/><V30/><F128/><N who="3" m="49259" /><G134/><T12/><D133/><U88/><E33/><V1/><F59/><N who="3" m="33191" /><G103/><T87/><D131/><U20/><E111/><V114/><F114/><W24/><G24/><T42/><D113/><U119/><E124/><V51/><F51/><W66/><G66/><T26/><D102/><U79/><E20/><V17/><F17/><W45/><G14/><T100/><D100/><U19/><E119/><V57/><F57/><W110/><G110/><T132/><D132/><U15/><E15/><V122/><F122/><W35/><G35/><T52/><D2/><U127/><E127/><V74/><F120/><W117/><G117/><T101/><D101/><U80/><REACH who="1" step="1"/><E99/><REACH who="1" ten="428,162,331,59" step="2"/><V85/><F1/><W109/><G109/><T118/><D118/><U98/><E98/><V63/><F27/><W8/><G8/><AGARI ba="5,2" hai="5,8,12,18,21,26,41,42,50,52,56,87,91,94" machi="8" ten="40,2600,0" yaku="8,1,54,1" doraHai="78" who="0" fromWho="3" sc="428,61,162,0,331,0,59,-41" /><INIT seed="4,0,0,5,3,28" ten="489,162,331,18" oya="0" hai0="116,126,75,59,119,12,15,81,43,78,109,67,82" hai1="131,53,77,63,42,51,0,65,73,72,31,45,8" hai2="92,23,37,110,49,30,26,99,130,111,38,60,61" hai3="86,128,4,112,125,88,16,115,106,117,66,47,121"/><T56/><D43/><U25/><E131/><V90/><F130/><W62/><G128/><T87/><D126/><U39/><E77/><V76/><F76/><W79/><G117/><T105/><D105/><U27/><E27/><V48/><F48/><W58/><G125/><T18/><D109/><U102/><E102/><V108/><REACH who="2" step="1"/><F49/><REACH who="2" ten="489,162,321,18" step="2"/><W135/><G121/><T22/><D116/><U9/><E73/><V70/><F70/><W122/><G122/><T133/><D119/><U32/><E72/><V5/><F5/><W34/><G79/><T123/><D123/><U93/><E0/><V35/><F35/><W83/><G4/><T29/><D75/><U100/><E100/><V120/><F120/><W127/><G127/><T24/><D133/><U71/><REACH who="1" step="1"/><E93/><REACH who="1" ten="489,152,321,18" step="2"/><V104/><F104/><W10/><G106/><T132/><D132/><U101/><E101/><V33/><F33/><W52/><G34/><T124/><D81/><U68/><E68/><V134/><F134/><W19/><G135/><T98/><D124/><U84/><E84/><V41/><F41/><W54/><G115/><T80/><D80/><U69/><E69/><V57/><F57/><AGARI ba="0,2" hai="8,9,25,31,32,39,42,45,51,53,57,63,65,71" machi="57" ten="30,8000,1" yaku="1,1,7,1,24,2,52,1,53,0" doraHai="28" doraHaiUra="118" who="1" fromWho="2" sc="489,0,152,100,321,-80,18,0" /><INIT seed="5,0,0,3,2,24" ten="489,252,241,18" oya="1" hai0="48,10,116,62,93,19,2,76,78,31,118,3,88" hai1="127,22,5,45,95,81,119,65,128,6,18,28,11" hai2="89,123,64,67,114,99,59,70,1,55,108,92,112" hai3="125,33,8,61,42,126,46,72,121,104,54,12,85"/><U36/><E119/><V68/><F123/><W111/><G72/><T113/><D116/><U57/><E127/><N who="3" m="48650" /><G104/><T56/><D118/><U135/><E135/><V100/><F108/><W130/><G111/><T35/><D35/><U60/><E128/><V39/><F1/><W23/><G33/><T49/><D31/><U94/><E81/><V29/><F39/><N who="3" m="21855" /><G121/><T51/><D3/><U34/><E36/><V63/><F29/><W86/><G23/><T25/><D113/><N who="2" m="43626" /><F100/><W41/><G41/><T32/><D32/><U132/><E45/><V106/><F106/><W15/><G130/><T27/><D27/><N who="1" m="18719" /><E5/><V17/><F17/><N who="3" m="8327" /><G15/><N who="0" m="7671" /><D25/><U122/><E122/><V66/><AGARI ba="0,0" hai="55,59,63,64,66,67,68,70,89,92,99" m="43626" machi="66" ten="30,2000,0" yaku="15,1,11,1" doraHai="24" who="2" fromWho="2" sc="489,-5,252,-10,241,20,18,-5" /><INIT seed="6,0,0,2,1,70" ten="484,242,261,13" oya="2" hai0="46,37,8,5,128,51,79,110,58,33,78,111,133" hai1="93,67,10,95,76,98,45,90,112,72,49,134,55" hai2="0,19,121,9,114,69,125,87,100,127,59,107,3" hai3="60,11,39,4,102,14,91,105,97,17,80,50,106"/><V36/><F69/><W92/><G39/><T30/><D33/><U22/><E112/><V89/><F121/><W104/><G60/><T108/><D37/><U109/><E134/><V131/><F36/><W122/><G122/><T27/><D133/><U132/><E109/><V40/><F114/><W47/><G4/><T103/><D128/><U119/><E119/><V2/><F131/><W77/><G102/><T124/><D124/><N who="2" m="47690" /><F40/><W96/><G96/><T71/><D58/><U16/><E67/><V32/><F32/><W75/><REACH who="3" step="1"/><G105/><REACH who="3" ten="484,242,261,3" step="2"/><T66/><D103/><U6/><E132/><V53/><F100/><W25/><G25/><T57/><D71/><U130/><E6/><N who="2" m="1223" /><F107/><W20/><G20/><T88/><D108/><U118/><E130/><V43/><F2/><W41/><AGARI ba="0,1" hai="11,14,17,41,47,50,75,77,80,91,92,97,104,106" machi="41" ten="20,5200,0" yaku="1,1,0,1,7,1,53,1" doraHai="70" doraHaiUra="42" who="3" fromWho="3" sc="484,-13,242,-13,261,-26,3,62" /><INIT seed="7,0,0,0,0,110" ten="471,229,235,65" oya="3" hai0="27,11,96,42,123,71,41,120,2,84,83,63,130" hai1="1,107,24,43,13,16,95,36,125,39,72,114,135" hai2="57,103,101,73,4,109,69,10,108,6,14,113,34" hai3="67,134,116,117,66,98,47,12,7,53,81,105,129"/><W106/><G117/><T40/><D27/><U76/><E107/><V78/><F69/><W89/><G116/><T0/><D130/><U23/><E1/><V112/><F34/><W30/><G129/><T62/><D96/><U56/><E43/><V77/><F57/><W70/><G30/><T60/><D71/><U82/><E135/><V99/><F73/><W20/><G134/><T32/><D32/><U8/><E125/><V132/><F132/><W9/><G20/><T75/><D75/><U50/><E95/><V131/><F131/><W68/><G68/><T21/><D21/><U102/><E102/><V29/><F29/><W121/><G121/><T25/><D25/><U5/><E114/><N who="2" m="44139" /><F4/><W91/><G70/><T17/><D11/><U65/><E50/><V51/><F51/><N who="3" m="28927" /><G106/><T86/><D0/><U37/><E56/><V45/><F45/><W15/><G105/><T119/><D2/><U26/><E26/><V48/><F48/><W38/><G38/><T19/><D119/><U118/><E118/><V115/><F115/><W93/><G12/><T88/><D120/><U124/><E124/><V22/><F22/><W126/><G126/><T61/><D123/><U49/><E49/><V111/><F101/><W74/><G74/><T100/><D100/><U3/><E3/><V87/><F87/><AGARI ba="0,0" hai="7,9,15,66,67,81,87,89,91,93,98" m="28927" machi="87" ten="30,1500,0" yaku="8,1" doraHai="110" who="3" fromWho="2" sc="471,0,229,0,235,-15,65,15" /><INIT seed="7,1,0,0,5,40" ten="471,229,220,80" oya="3" hai0="53,24,109,22,34,80,112,57,65,117,126,48,18" hai1="25,111,97,81,6,82,93,114,67,3,38,41,135" hai2="61,19,59,50,90,60,123,16,72,30,91,88,9" hai3="106,15,35,64,75,11,46,95,44,5,132,85,0"/><W102/><G75/><T8/><D109/><U110/><E67/><N who="2" m="39327" /><F72/><W133/><G35/><T32/><D117/><U39/><E3/><V56/><F123/><W33/><G33/><T86/><D112/><U103/><E6/><V10/><F30/><W105/><G64/><T100/><D126/><U70/><E70/><V54/><F61/><W98/><G0/><T47/><D100/><U49/><E38/><V52/><F54/><W1/><G1/><T79/><D65/><U17/><E39/><V108/><F108/><W62/><G62/><T26/><D26/><U78/><E111/><V74/><F74/><W131/><G131/><T118/><D118/><U29/><E114/><V113/><F113/><W7/><G5/><T4/><D57/><U96/><E29/><V21/><F19/><W101/><G85/><T128/><D128/><U92/><E78/><V13/><AGARI ba="1,0" hai="9,10,13,16,21,50,52,56,88,90,91" m="39327" machi="13" ten="30,7900,0" yaku="8,1,54,3" doraHai="40" who="2" fromWho="2" sc="471,-21,229,-21,220,82,80,-40" owari="450,55.0,208,-19.0,302,10.0,40,-46.0" /></mjloggm>