<mjloggm ver="2.3"><GO type="225" lobby="0"/><UN n0="%E5%B1%B1%E8%B6%8A" n1="%E3%81%A8%E3%82%89%E3%81%84%E3%81%A1" n2="%EF%BC%AE%EF%BC%AF%EF%BD%90%EF%BD%90%EF%BC%AF" n3="%E8%A8%88%E7%AE%97%E6%A9%9F%E8%87%AA%E7%84%B6" dan="18,16,16,17" rate="2199.52,2076.87,2114.83,2251.77" sx="M,M,M,M"/><TAIKYOKU oya="0"/><INIT seed="0,0,0,0,0,83" ten="250,250,250,250" oya="0" hai0="95,81,125,133,128,10,100,24,87,94,108,40,97" hai1="80,5,12,56,123,99,6,7,98,61,50,107,34" hai2="11,16,67,36,85,88,106,79,127,19,129,33,21" hai3="47,53,103,58,112,37,77,120,110,119,102,72,91"/><T66/><D128/><U113/><E123/><V84/><F129/><W82/><G112/><T59/><D133/><U93/><E113/><V8/><F127/><W62/><G119/><T35/><D125/><U69/><E34/><V14/><F33/><W45/><G120/><T15/><D108/><U65/><E107/><V29/><F106/><W109/><G91/><T118/><D118/><U92/><E80/><N who="2" m="47135" /><F36/><W30/><G30/><T117/><D117/><U111/><E111/><N who="3" m="42506" /><G37/><T49/><D95/><N who="1" m="36427" /><E69/><V114/><F114/><W43/><G43/><T42/><D24/><U68/><E68/><V74/><F74/><W90/><G90/><N who="0" m="51567" /><D35/><U132/><E132/><V25/><F67/><W86/><G72/><T131/><D131/><U32/><E32/><V22/><F29/><W116/><G116/><T115/><D115/><U126/><E126/><V71/><F71/><W51/><G45/><T52/><D66/><U9/><E98/><V38/><F38/><W130/><G130/><T122/><D122/><U63/><E99/><V13/><F25/><W54/><AGARI ba="0,0" hai="47,51,53,54,58,62,77,82,86,102,103" m="42506" machi="54" ten="30,2000,0" yaku="14,1,52,1" doraHai="83" who="3" fromWho="3" sc="250,-10,250,-5,250,-5,250,20" /><INIT seed="1,0,0,5,2,93" ten="240,245,245,270" oya="1" hai0="11,97,96,105,91,111,127,31,58,88,130,84,51" hai1="45,122,1,86,72,18,68,134,66,33,14,67,87" hai2="89,102,42,44,94,82,70,132,103,133,129,19,62" hai3="63,60,49,55,79,110,81,135,114,43,131,21,92"/><U117/><E117/><V20/><F129/><W76/><G114/><T7/><D111/><U128/><E122/><V69/><F82/><W52/><G110/><T123/><D130/><U90/><E1/><V107/><F69/><W8/><G131/><T17/><D123/><U50/><E128/><V4/><F4/><W54/><G135/><N who="2" m="51785" /><F107/><W124/><G124/><T85/><D31/><U113/><E113/><V36/><F70/><W71/><G71/><T57/><D17/><U77/><E33/><V30/><F62/><N who="3" m="23595" /><G8/><T95/><D127/><U38/><E38/><V80/><F80/><W101/><G21/><T40/><D40/><N who="1" m="24871" /><E72/><V119/><F30/><W39/><G39/><T106/><D105/><U22/><E68/><V25/><F119/><W5/><G5/><T0/><D51/><U73/><E73/><V126/><F126/><W78/><G81/><T26/><D26/><U41/><E41/><V35/><F35/><W75/><G75/><T121/><D121/><U16/><E18/><V10/><F10/><W64/><G64/><T46/><D46/><U28/><E28/><V12/><F12/><W9/><G9/><T118/><D118/><U48/><E134/><V61/><F61/><W32/><G32/><T29/><D29/><U6/><E6/><V65/><F65/><W24/><G24/><T74/><D74/><U125/><E125/><V56/><F56/><N who="0" m="21610" /><D106/><U3/><E3/><V109/><F109/><W104/><G104/><T47/><D47/><U120/><E120/><V112/><F112/><W108/><G108/><T34/><D34/><U15/><E66/><RYUUKYOKU ba="0,0" sc="240,15,245,-15,245,15,270,-15" hai0="0,7,11,84,85,88,91,95,96,97" hai2="19,20,25,36,42,44,89,94,102,103" /><INIT seed="2,1,0,3,5,41" ten="255,230,260,255" oya="2" hai0="13,27,11,125,104,95,52,38,57,64,14,128,10" hai1="0,45,92,77,119,68,114,102,82,99,97,67,93" hai2="12,113,86,131,1,63,3,80,133,130,115,71,36" hai3="78,34,40,110,18,89,5,25,101,108,100,91,74"/><V96/><F133/><W123/><G123/><T81/><D104/><U15/><E0/><N who="2" m="75" /><F36/><W111/><G5/><T51/><D128/><N who="2" m="49194" /><F96/><W65/><G65/><T29/><D125/><U44/><E114/><N who="2" m="43531" /><F12/><W30/><G101/><T33/><D38/><U72/><E15/><V112/><N who="2" m="43539" /><V75/><DORA hai="103" /><F86/><W126/><G100/><T70/><D13/><U62/><E119/><V116/><F116/><W28/><G126/><T107/><D107/><U24/><E24/><V129/><N who="2" m="49202" /><V56/><DORA hai="121" /><F56/><W6/><G6/><T73/><D14/><U90/><AGARI ba="1,0" hai="44,45,62,67,68,72,77,82,90,92,93,97,99,102" machi="90" ten="20,5200,0" yaku="0,1,7,1,52,2" doraHai="41,103,121" who="1" fromWho="1" sc="255,-14,230,55,260,-27,255,-14" /><INIT seed="3,0,0,1,0,112" ten="241,285,233,241" oya="3" hai0="131,111,24,103,52,127,49,67,18,69,51,101,90" hai1="8,16,2,102,11,50,38,57,89,91,59,36,76" hai2="55,27,110,87,107,4,83,41,99,65,86,84,29" hai3="61,68,40,82,125,117,12,97,60,47,23,53,26"/><W115/><G115/><T3/><D111/><U78/><E102/><V71/><F110/><W108/><G108/><T121/><D121/><U28/><E28/><V135/><F135/><W42/><G125/><T15/><D3/><U73/><E73/><V113/><F113/><W56/><G117/><T33/><D127/><U66/><E66/><V1/><F41/><W109/><G109/><T80/><D131/><U7/><E50/><V94/><F107/><W45/><G12/><T118/><D118/><U37/><E11/><V96/><F55/><W70/><G82/><T21/><D69/><N who="3" m="26729" /><G97/><T77/><D67/><U63/><E16/><V93/><F71/><W17/><G17/><T10/><D90/><U116/><E116/><V62/><F1/><W22/><G26/><T129/><D33/><U39/><E39/><V85/><F4/><W133/><G22/><T48/><D129/><U105/><E105/><V25/><F93/><W81/><G23/><T134/><D134/><U114/><E114/><V119/><F119/><W95/><G95/><T58/><D103/><U124/><E124/><V132/><F132/><W46/><G81/><T128/><D101/><U14/><E2/><V34/><F27/><W92/><G92/><T72/><REACH who="0" step="1"/><D128/><REACH who="0" ten="231,285,233,241" step="2"/><U0/><E0/><V88/><F94/><W122/><G133/><T35/><D35/><U74/><E89/><V5/><F34/><W98/><G122/><T44/><D44/><U9/><E91/><V75/><F88/><W30/><G98/><T120/><D120/><U19/><E78/><V32/><N who="2" m="21504" /><DORA hai="20" /><V100/><F99/><RYUUKYOKU ba="0,1" sc="231,30,285,-10,233,-10,241,-10" hai0="10,15,18,21,24,48,49,51,52,58,72,77,80" /><INIT seed="4,1,1,0,4,128" ten="261,275,223,231" oya="0" hai0="23,80,132,86,120,69,24,124,78,10,125,87,26" hai1="37,118,66,77,30,102,122,18,60,68,123,42,129" hai2="85,110,58,31,115,84,62,96,40,25,121,93,12" hai3="6,50,29,8,105,113,28,133,117,16,14,109,65"/><T32/><D120/><U47/><E118/><V107/><F121/><N who="1" m="46089" /><E18/><V79/><F115/><W74/><G74/><T134/><D69/><U82/><E102/><V91/><F110/><W61/><G109/><T21/><D10/><U75/><E30/><V2/><F2/><W64/><G133/><N who="0" m="51307" /><D87/><U17/><E17/><V53/><F40/><W0/><G117/><T100/><D100/><U49/><E49/><V33/><F107/><W131/><G50/><T104/><D32/><U88/><E88/><V27/><F12/><W72/><G14/><T71/><D71/><U44/><E44/><V63/><F27/><N who="0" m="10282" /><D104/><U51/><E68/><V111/><F111/><W38/><G105/><T15/><D15/><U22/><E75/><V34/><F34/><W39/><G72/><T101/><D101/><U81/><E129/><V7/><F7/><W116/><G131/><T45/><D45/><U94/><E47/><V108/><F108/><W13/><G116/><T1/><D1/><U57/><E22/><AGARI ba="1,1" hai="21,22,23,78,80,86,124,125" m="10282,51307" machi="22" ten="30,11600,0" yaku="20,1,52,3" doraHai="128" who="0" fromWho="1" sc="261,129,275,-119,223,0,231,0" owari="390,49.0,156,-34.0,223,-18.0,231,3.0" /></mjloggm>