<mjloggm ver="2.3"><GO type="169" lobby="0"/><UN n0="%70%6C%61%7A%61" n1="%4E%4F%2E%E2%85%A0" n2="%E3%81%8B%E3%81%8B%E3%81%8B%E3%81%8B" n3="%52%59%4F%40%53%53" dan="16,16,16,18" rate="2039.91,2210.79,2144.80,2222.46" sx="M,M,M,M"/><TAIKYOKU oya="0"/><INIT seed="0,0,0,4,0,2" ten="250,250,250,250" oya="0" hai0="43,65,89,121,10,33,112,15,123,17,48,18,58" hai1="117,90,19,35,63,39,13,86,49,72,129,132,34" hai2="84,47,60,122,105,76,124,68,53,104,1,26,78" hai3="74,45,21,120,127,42,40,9,108,106,20,14,38"/><T71/><D112/><U23/><E117/><V3/><F122/><W98/><G74/><T29/><D71/><U114/><E39/><V135/><F26/><W110/><G120/><T88/><D121/><U37/><E37/><V93/><F47/><W118/><G118/><T22/><D123/><U12/><E129/><V81/><F76/><W62/><G42/><T59/><D29/><U27/><E72/><V66/><F124/><W100/><G62/><N who="0" m="38103" /><D33/><U130/><E132/><V4/><F1/><W97/><G97/><T85/><D85/><U119/><E130/><V54/><F135/><W101/><G101/><T64/><D43/><U52/><E114/><V6/><F3/><W82/><G82/><T36/><D36/><U128/><E128/><V69/><F69/><W92/><G106/><T16/><D18/><U125/><E125/><V5/><REACH who="2" step="1"/><F93/><REACH who="2" ten="250,250,240,250" step="2"/><W116/><G127/><T32/><D32/><U133/><E35/><V50/><F50/><W0/><G0/><T30/><D30/><U95/><E34/><V91/><F91/><W96/><G116/><T44/><D44/><U7/><E133/><V51/><F51/><W73/><G45/><T67/><D48/><U11/><E119/><V102/><F102/><W55/><G100/><T57/><D57/><N who="1" m="35239" /><E49/><V131/><F131/><W70/><G38/><T103/><D103/><U126/><E126/><V41/><F41/><W56/><G40/><T83/><D59/><U111/><E27/><V134/><F134/><W94/><G56/><T25/><D89/><U24/><E24/><V28/><F28/><W31/><G31/><RYUUKYOKU ba="0,1" sc="250,10,250,10,240,10,250,-30" hai0="10,15,16,17,22,25,64,67,83,88" hai1="7,11,12,13,19,23,86,90,95,111" hai2="4,5,6,53,54,60,66,68,78,81,84,104,105" /><INIT seed="0,1,1,0,1,118" ten="260,260,250,220" oya="0" hai0="39,89,131,3,25,93,52,55,32,65,42,37,119" hai1="57,124,132,107,18,27,33,121,76,6,30,126,125" hai2="108,59,63,49,44,11,82,24,127,10,1,51,22" hai3="87,62,34,12,68,98,73,21,123,15,134,94,120"/><T75/><D119/><U41/><E107/><V80/><F108/><W20/><G73/><T66/><D75/><U38/><E76/><V4/><F10/><W128/><G34/><T17/><D3/><U77/><E77/><V2/><F2/><W78/><G128/><T72/><D72/><U58/><E132/><V100/><F100/><W64/><G134/><T104/><D104/><U16/><E6/><V48/><F44/><W114/><G114/><T74/><D74/><U60/><E121/><N who="3" m="46666" /><G87/><T110/><D42/><U102/><E102/><V133/><F127/><W101/><G78/><T26/><D17/><N who="1" m="6763" /><E60/><V81/><F133/><W23/><AGARI ba="1,1" hai="12,15,20,21,23,62,64,68,94,98,101" m="46666" machi="23" ten="30,7900,0" yaku="13,1,52,3" doraHai="118" who="3" fromWho="3" sc="260,-40,260,-21,250,-21,220,92" /><INIT seed="1,0,0,2,1,56" ten="220,239,229,312" oya="1" hai0="39,1,30,93,27,116,117,25,26,48,40,31,41" hai1="65,3,18,109,122,108,134,124,60,130,119,92,54" hai2="83,115,64,67,36,88,17,113,132,75,37,21,61" hai3="0,131,104,53,81,106,71,9,91,112,121,8,105"/><U10/><E122/><V62/><F132/><W29/><G112/><N who="2" m="43081" /><F75/><W16/><G121/><T15/><D48/><U38/><E119/><N who="0" m="45641" /><D93/><U43/><E130/><V45/><F45/><W28/><G131/><T52/><D15/><U24/><E124/><V12/><F67/><W66/><G53/><T42/><D52/><U107/><E107/><V94/><F83/><W35/><G91/><T78/><D78/><U133/><E54/><V11/><F11/><W125/><G81/><T101/><D101/><U89/><E43/><V126/><F126/><W73/><G125/><T111/><D1/><U49/><E49/><V86/><F62/><W128/><G73/><T34/><D111/><N who="1" m="42571" /><E38/><V69/><AGARI ba="0,0" hai="12,17,21,36,37,61,64,69,86,88,94" m="43081" machi="69" ten="30,4000,0" yaku="11,1,52,1,54,1" doraHai="56" who="2" fromWho="2" sc="220,-10,239,-20,229,40,312,-10" /><INIT seed="2,0,0,3,2,58" ten="210,219,269,302" oya="2" hai0="47,28,55,84,77,31,65,68,80,48,100,109,97" hai1="1,42,102,57,10,132,73,29,96,101,8,110,113" hai2="89,119,126,20,124,98,86,118,70,117,134,72,33" hai3="88,83,112,92,69,82,62,64,66,59,38,34,79"/><V9/><F33/><W44/><G34/><T21/><D109/><U51/><E110/><V99/><F9/><W36/><G112/><T87/><D87/><U52/><E132/><V95/><F20/><W56/><G69/><T46/><D46/><U5/><E113/><V85/><F70/><W125/><G125/><N who="2" m="48233" /><F72/><W78/><G44/><T14/><D68/><U37/><E73/><V75/><F75/><W74/><G83/><T120/><D120/><U106/><E102/><V45/><F45/><W116/><G79/><T22/><D65/><U115/><E115/><V63/><F134/><W91/><G91/><T131/><D131/><U27/><E8/><V43/><F43/><W71/><G116/><T133/><D133/><U50/><E37/><V24/><F24/><W13/><G13/><T111/><D111/><U7/><E7/><V135/><F135/><W129/><G129/><T67/><D67/><U35/><REACH who="1" step="1"/><E42/><REACH who="1" ten="210,209,269,302" step="2"/><V26/><F26/><W93/><G38/><T23/><REACH who="0" step="1"/><D14/><REACH who="0" ten="200,209,269,302" step="2"/><U122/><E122/><V114/><F114/><W130/><G130/><T94/><AGARI ba="0,2" hai="21,22,23,28,31,47,48,55,77,80,84,94,97,100" machi="94" ten="30,7900,0" yaku="1,1,2,1,0,1,8,1,53,0" doraHai="58" doraHaiUra="11" who="0" fromWho="0" sc="200,99,209,-20,269,-39,302,-20" /><INIT seed="3,0,0,2,0,107" ten="299,189,230,282" oya="3" hai0="6,18,93,52,22,54,99,42,129,44,50,71,116" hai1="57,3,12,0,61,134,36,124,31,75,80,103,69" hai2="67,48,102,97,17,125,29,19,43,46,117,115,60" hai3="112,1,81,130,73,2,91,111,123,72,74,62,66"/><W7/><G112/><T10/><D116/><U53/><E134/><V78/><F117/><W127/><G123/><T14/><D71/><U63/><E124/><V30/><F115/><W8/><G127/><T114/><D129/><U121/><E121/><V56/><F125/><W39/><G39/><T38/><D38/><U58/><E69/><V68/><F78/><W84/><G130/><T77/><D77/><U108/><E108/><V49/><F68/><W131/><G131/><T122/><D122/><U113/><E113/><V4/><F4/><W45/><G45/><T35/><D35/><U70/><E70/><V5/><F5/><W118/><G118/><T82/><D82/><U94/><E36/><V92/><F48/><W79/><G111/><T11/><D11/><U26/><E12/><V110/><F110/><W33/><G33/><T101/><REACH who="0" step="1"/><D114/><REACH who="0" ten="289,189,230,282" step="2"/><U41/><E80/><V64/><F64/><W120/><G120/><T23/><D23/><U25/><E0/><AGARI ba="0,1" hai="0,6,10,14,18,22,42,44,50,52,54,93,99,101" machi="0" ten="30,7700,0" yaku="1,1,7,1,54,1,53,1" doraHai="107" doraHaiUra="96" who="0" fromWho="1" sc="289,87,189,-77,230,0,282,0" /><INIT seed="4,0,0,4,4,117" ten="376,112,230,282" oya="0" hai0="96,59,132,103,33,100,37,133,52,86,51,43,54" hai1="110,57,49,112,99,34,70,23,25,104,0,114,32" hai2="28,115,46,97,19,119,22,72,128,6,48,131,14" hai3="42,107,50,124,5,31,41,118,130,101,93,62,39"/><T8/><D33/><U3/><E70/><V63/><F115/><N who="1" m="44073" /><E57/><V56/><F72/><W1/><G39/><T40/><D86/><U82/><E49/><V91/><F6/><W134/><G118/><T24/><D24/><U53/><E53/><V98/><F28/><W38/><G107/><T89/><D8/><U105/><E82/><V68/><F68/><W106/><G106/><N who="1" m="41066" /><E99/><V127/><F119/><W10/><G38/><T17/><D37/><U95/><E95/><V113/><F113/><W21/><G50/><N who="0" m="31127" /><D96/><U29/><E110/><V125/><F98/><W9/><G62/><T20/><D89/><U80/><E80/><V78/><F78/><W85/><G85/><T76/><D76/><U35/><AGARI ba="0,0" hai="0,3,23,25,29,32,34,35" m="41066,44073" machi="35" ten="40,2700,0" yaku="15,1,11,1" doraHai="117" who="1" fromWho="1" sc="376,-13,112,27,230,-7,282,-7" /><INIT seed="5,0,0,2,5,64" ten="363,139,223,275" oya="1" hai0="132,26,93,25,28,4,124,67,131,72,81,127,19" hai1="1,32,96,69,106,43,57,24,105,51,73,62,77" hai2="120,110,83,103,39,15,80,79,60,52,31,119,11" hai3="89,109,128,20,90,122,5,82,17,49,100,92,34"/><U40/><E1/><V129/><F110/><W87/><G109/><T101/><D131/><U130/><E130/><V98/><F129/><W46/><G128/><T22/><D132/><U108/><E108/><V10/><F120/><W115/><G34/><T29/><D4/><U116/><E116/><V66/><F39/><W7/><G115/><T8/><D8/><U36/><E51/><V118/><F31/><W76/><G100/><T45/><D67/><N who="1" m="41207" /><E57/><V102/><F102/><W114/><G122/><T74/><D45/><N who="1" m="23687" /><E43/><V86/><F83/><W12/><G114/><T126/><D81/><N who="1" m="45231" /><E96/><V94/><F10/><W134/><G134/><T53/><D53/><U113/><E113/><V61/><F61/><W47/><G47/><T71/><D19/><U35/><E24/><V56/><F66/><W14/><G14/><T27/><D27/><U70/><E70/><V54/><F54/><N who="3" m="30007" /><G76/><T33/><D71/><U21/><E21/><V3/><F3/><W55/><G55/><T0/><D0/><U41/><E41/><V84/><REACH who="2" step="1"/><F86/><AGARI ba="0,0" hai="5,7,12,17,20,82,86,87,89,90,92" m="30007" machi="86" ten="30,1000,0" yaku="8,1" doraHai="64" who="3" fromWho="2" sc="363,0,139,0,223,-10,275,10" /><INIT seed="6,0,0,5,1,35" ten="363,139,213,285" oya="2" hai0="64,9,129,126,16,3,101,23,133,97,31,135,41" hai1="40,52,73,94,78,29,75,37,26,55,10,113,25" hai2="74,12,131,100,98,15,24,27,47,127,58,63,18" hai3="17,6,13,66,34,82,86,109,79,76,21,45,103"/><V106/><F74/><W111/><G34/><T81/><D41/><U125/><E113/><V115/><F127/><W68/><G79/><T30/><D126/><U91/><E125/><V0/><F0/><W62/><G6/><N who="0" m="1247" /><D64/><U87/><E10/><V123/><F131/><W48/><G103/><T50/><D50/><U116/><E116/><V128/><F123/><W77/><G77/><T49/><D49/><U60/><E25/><V1/><F1/><W120/><G120/><T83/><D129/><U105/><E105/><V51/><F115/><W33/><G33/><T107/><D83/><U95/><E95/><V67/><F128/><W110/><G110/><T7/><D81/><U104/><E104/><V99/><F99/><W122/><G122/><T132/><D7/><U114/><E114/><V42/><REACH who="2" step="1"/><F12/><AGARI ba="0,0" hai="12,16,23,30,31,97,101,107,132,133,135" m="1247" machi="12" ten="30,3900,0" yaku="20,1,52,1,54,1" doraHai="35" who="0" fromWho="2" sc="363,39,139,0,213,-39,285,0" /><INIT seed="7,0,0,2,2,36" ten="402,139,174,285" oya="3" hai0="58,41,133,15,125,68,111,1,6,37,24,105,72" hai1="2,82,45,7,78,123,65,56,9,3,120,17,34" hai2="0,110,67,107,51,126,23,29,101,40,5,130,97" hai3="21,49,19,76,96,38,90,108,4,106,60,46,31"/><W27/><G108/><T80/><D58/><U92/><E34/><V135/><F110/><W113/><G113/><T117/><D111/><U75/><E2/><V132/><F126/><W128/><G128/><T11/><D117/><U109/><E109/><V94/><F130/><W66/><G38/><T62/><D125/><U127/><E127/><V59/><F107/><W122/><G76/><N who="0" m="44039" /><D133/><N who="2" m="51274" /><F5/><W119/><G4/><T115/><D15/><U44/><E17/><V88/><F0/><W100/><G119/><T18/><D18/><U81/><E81/><V8/><F8/><W57/><G122/><T118/><D118/><U79/><E79/><V54/><F67/><W12/><G90/><T13/><D13/><U98/><E123/><V99/><F40/><W32/><G32/><T70/><D105/><U39/><E120/><V43/><F43/><W74/><G74/><T16/><D62/><U30/><E30/><V20/><F29/><W35/><G35/><T83/><D83/><U114/><E114/><V25/><F25/><W61/><G61/><T22/><D115/><U71/><E71/><V48/><F48/><W131/><G131/><T77/><D77/><U87/><E75/><V33/><F33/><W85/><G31/><T64/><D64/><U55/><E65/><V116/><F116/><W53/><G27/><T69/><D69/><U103/><REACH who="1" step="1"/><E39/><REACH who="1" ten="402,129,174,285" step="2"/><V84/><F20/><W129/><G129/><T28/><D28/><U121/><E121/><V95/><F23/><W102/><G21/><T73/><D73/><U14/><E14/><V91/><F91/><W50/><G66/><RYUUKYOKU ba="0,1" sc="402,10,129,10,174,10,285,-30" hai0="1,6,11,16,22,24,37,41,68,70" hai1="3,7,9,44,45,55,56,78,82,87,92,98,103" hai2="51,54,59,84,88,94,95,97,99,101" owari="422,52.0,139,-36.0,184,-22.0,255,6.0" /></mjloggm>