<mjloggm ver="2.3"><GO type="169" lobby="0"/><UN n0="%E4%B8%BB%E5%B8%AD" n1="%E3%82%8A%E3%82%86%E3%83%BC" n2="%E7%A5%9E%E9%A2%A8%E3%81%A6%E3%81%83%E3%81%A3%E3%81%97%E3%82%85" n3="%6B%75%72%69%6D%75" dan="16,18,16,18" rate="2151.50,2261.81,2137.90,2249.57" sx="M,M,M,M"/><TAIKYOKU oya="0"/><INIT seed="0,0,0,3,2,97" ten="250,250,250,250" oya="0" hai0="112,88,94,32,0,12,59,110,68,126,119,24,28" hai1="49,6,51,13,61,50,20,17,109,103,11,75,128" hai2="52,40,120,16,36,9,34,72,58,8,66,86,90" hai3="80,104,105,29,87,42,71,33,84,100,10,111,99"/><T7/><D119/><U54/><E109/><V60/><F72/><W67/><G111/><T129/><D68/><U43/><E128/><V116/><F120/><W130/><G130/><T98/><D110/><U25/><E75/><V82/><F116/><W56/><G105/><T38/><D129/><U117/><E117/><V108/><F108/><W101/><G56/><T30/><D112/><U76/><E76/><V5/><F34/><W118/><G42/><T85/><D126/><U102/><E43/><V69/><F5/><W65/><G67/><T115/><D115/><U92/><E92/><V15/><F40/><W21/><G21/><T134/><D38/><U35/><E35/><V64/><F36/><W19/><G80/><T1/><D30/><U79/><E79/><V124/><F124/><W83/><G101/><N who="1" m="38410" /><E61/><V125/><F125/><W121/><G121/><T113/><D113/><U135/><E135/><V23/><REACH who="2" step="1"/><F66/><REACH who="2" ten="250,250,240,250" step="2"/><W47/><G65/><T48/><D32/><U70/><E70/><V123/><F123/><W133/><G71/><T127/><D127/><U3/><E3/><V131/><F131/><W107/><G104/><T31/><D0/><U106/><E106/><V78/><F78/><W44/><G33/><T2/><D1/><U45/><AGARI ba="0,1" hai="6,11,13,17,20,25,45,49,50,51,54" m="38410" machi="45" ten="30,7900,0" yaku="8,1,52,3" doraHai="97" who="1" fromWho="1" sc="250,-39,250,89,240,-20,250,-20" /><INIT seed="1,0,0,0,5,63" ten="211,339,220,230" oya="1" hai0="19,2,16,32,0,99,5,130,69,53,89,20,72" hai1="77,31,50,113,43,133,83,134,22,26,64,93,25" hai2="62,8,125,60,4,7,11,75,87,45,120,33,90" hai3="61,40,97,105,127,14,29,91,13,118,73,58,122"/><U107/><E107/><V108/><F75/><W121/><G73/><T100/><D32/><U123/><E113/><V28/><F120/><W44/><G127/><T114/><D114/><U6/><E123/><V117/><F117/><W109/><G109/><T92/><D130/><U103/><E6/><V67/><F125/><W38/><G29/><T10/><D72/><U115/><E115/><V101/><F108/><W12/><G118/><T15/><D69/><U86/><E26/><V95/><F101/><W112/><G112/><T68/><D68/><U17/><E31/><V71/><F45/><W47/><G47/><T94/><D53/><U102/><E93/><V48/><F48/><W36/><G36/><T42/><D42/><U34/><E34/><V39/><F39/><W104/><G105/><T110/><D110/><U81/><E81/><V3/><F62/><W78/><G78/><T70/><D70/><U128/><E128/><V82/><F82/><W106/><G106/><T111/><D111/><U84/><E50/><V96/><F28/><W80/><G104/><T18/><REACH who="0" step="1"/><D20/><REACH who="0" ten="201,339,220,230" step="2"/><U131/><E43/><V85/><REACH who="2" step="1"/><F33/><REACH who="2" ten="201,339,210,230" step="2"/><W46/><G121/><T57/><D57/><U30/><E131/><V37/><F37/><W35/><G58/><T132/><D132/><U55/><E134/><V65/><F65/><W51/><G38/><T76/><D76/><N who="1" m="46183" /><E64/><V88/><F88/><W54/><G91/><T59/><D59/><U119/><E133/><V21/><F21/><W124/><G35/><T52/><D52/><U135/><E55/><V23/><F23/><W79/><G122/><RYUUKYOKU ba="0,2" sc="201,15,339,-15,210,15,230,-15" hai0="0,2,5,10,15,16,18,19,89,92,94,99,100" hai2="3,4,7,8,11,60,67,71,85,87,90,95,96" /><INIT seed="2,1,2,1,0,71" ten="216,324,225,215" oya="2" hai0="108,1,42,25,13,19,31,93,56,58,46,84,54" hai1="44,72,135,80,115,82,95,62,61,88,127,96,52" hai2="83,16,123,124,109,97,38,39,57,60,41,106,18" hai3="117,78,49,131,27,128,120,70,107,20,51,21,134"/><V37/><F123/><W2/><G107/><T87/><D1/><U26/><E115/><V64/><F124/><W68/><G120/><T99/><D108/><U65/><E127/><V116/><F116/><W79/><G2/><T91/><D42/><U132/><E26/><V110/><F41/><W14/><G27/><T103/><D46/><U111/><E111/><N who="2" m="42507" /><F83/><N who="1" m="31785" /><E72/><V22/><F22/><W48/><G14/><T55/><D58/><U45/><E65/><V9/><F9/><W29/><G134/><N who="1" m="51242" /><E44/><V122/><F122/><W74/><G29/><T133/><D133/><U34/><E34/><V5/><F5/><W6/><G6/><T100/><D25/><U4/><E4/><V0/><F0/><W30/><G30/><T59/><D31/><U89/><E89/><V40/><F40/><W126/><G126/><T8/><D59/><U119/><E119/><V113/><F113/><W129/><G74/><T63/><D55/><U15/><E15/><V90/><F90/><W73/><G73/><T102/><AGARI ba="1,2" hai="8,13,19,54,56,63,84,87,91,93,99,100,102,103" machi="102" ten="30,2000,0" yaku="0,1,8,1" doraHai="71" who="0" fromWho="0" sc="216,43,324,-6,225,-11,215,-6" /><INIT seed="3,0,0,5,4,135" ten="259,318,214,209" oya="3" hai0="48,69,130,58,17,84,115,49,39,75,24,71,85" hai1="70,45,0,26,46,10,72,95,112,126,73,122,99" hai2="21,52,56,105,7,77,74,104,11,117,119,81,57" hai3="120,131,116,41,65,61,6,25,63,78,51,106,44"/><W80/><G106/><T36/><D75/><U123/><E112/><V60/><F105/><W124/><G131/><T20/><D130/><U86/><E70/><V102/><F104/><W91/><G120/><T68/><D115/><U8/><E26/><V30/><F102/><W22/><G116/><T129/><D129/><U132/><E86/><V133/><F133/><W37/><G6/><T66/><D66/><U38/><E38/><V134/><F134/><W28/><G91/><T87/><REACH who="0" step="1"/><D58/><REACH who="0" ten="249,318,214,209" step="2"/><U59/><E59/><V111/><F111/><W128/><G128/><T12/><D12/><U35/><E132/><V107/><F57/><W53/><G65/><T32/><D32/><U34/><E34/><V109/><F109/><W110/><G110/><T93/><D93/><U29/><E35/><V97/><F107/><W3/><G3/><T88/><D88/><U125/><E0/><V27/><REACH who="2" step="1"/><F97/><REACH who="2" ten="249,318,204,209" step="2"/><W113/><G113/><T55/><D55/><U101/><E99/><V96/><F96/><W1/><G53/><T18/><D18/><U43/><E123/><V62/><F62/><W89/><G61/><T40/><D40/><U100/><E43/><V76/><F76/><W50/><G63/><T16/><D16/><U83/><E122/><V42/><F42/><W82/><G78/><T5/><D5/><U98/><E98/><V118/><F118/><W31/><G41/><T94/><D94/><U13/><E95/><V90/><F90/><W54/><G89/><T19/><D19/><U23/><E101/><V127/><F127/><W64/><G124/><N who="1" m="47722" /><E100/><V33/><F33/><RYUUKYOKU ba="0,2" sc="249,15,318,-15,204,15,209,-15" hai0="17,20,24,36,39,48,49,68,69,71,84,85,87" hai2="7,11,21,27,30,52,56,60,74,77,81,117,119" /><INIT seed="4,1,2,0,1,95" ten="264,303,219,194" oya="0" hai0="61,106,21,36,120,55,64,111,44,125,128,85,18" hai1="77,53,83,79,14,13,105,51,29,58,54,0,123" hai2="100,32,35,46,56,113,9,68,78,121,11,117,84" hai3="131,98,134,71,23,67,90,1,99,96,102,88,38"/><T25/><D120/><U92/><E0/><V89/><F121/><W33/><G38/><T82/><D106/><U2/><E2/><V122/><F122/><W115/><G1/><T41/><D128/><U81/><E105/><V52/><F68/><W103/><G33/><T73/><D73/><U80/><E29/><V126/><F100/><N who="3" m="38443" /><G71/><T7/><D125/><U110/><E110/><V108/><F108/><W107/><G107/><T20/><D111/><U114/><E92/><V66/><F78/><N who="1" m="29705" /><E123/><V16/><F126/><W24/><G115/><T93/><D7/><U42/><E114/><V62/><F113/><W26/><G67/><T22/><D93/><U4/><E4/><V59/><F46/><W34/><G34/><T72/><D72/><U57/><E42/><V94/><F117/><W12/><G134/><T45/><D55/><U86/><E86/><V127/><F127/><W6/><G131/><T15/><D45/><U47/><E47/><V49/><REACH who="2" step="1"/><F9/><REACH who="2" ten="264,303,209,194" step="2"/><N who="3" m="4151" /><G24/><T50/><D25/><U74/><E74/><V75/><F75/><W40/><G40/><T60/><D41/><U28/><E13/><AGARI ba="1,3" hai="11,13,16,32,35,49,52,56,59,62,66,84,89,94" machi="13" ten="40,5200,0" yaku="1,1,54,2,53,0" doraHai="95" doraHaiUra="19" who="2" fromWho="1" sc="264,0,303,-55,209,85,194,0" /><INIT seed="5,0,0,3,4,13" ten="264,248,294,194" oya="1" hai0="114,22,119,37,41,63,21,133,17,130,46,57,105" hai1="68,1,60,113,18,128,32,92,45,135,109,34,102" hai2="58,106,10,48,86,49,52,44,79,4,51,54,110" hai3="2,122,5,132,3,9,90,101,65,71,50,88,61"/><U30/><E45/><V28/><F106/><W121/><G2/><T104/><D119/><U125/><E60/><V117/><F110/><W69/><G69/><T87/><D114/><U42/><E42/><V29/><F117/><W7/><G7/><T85/><D133/><U26/><E102/><V25/><F49/><W16/><G132/><T6/><D6/><U82/><E92/><V84/><F79/><W93/><G50/><T14/><D130/><U23/><E82/><V15/><REACH who="2" step="1"/><F29/><REACH who="2" ten="264,248,284,194" step="2"/><W12/><G121/><T55/><D105/><U19/><E109/><V62/><F62/><W123/><G122/><T81/><D104/><U27/><E135/><V120/><F120/><W118/><G118/><T95/><D63/><U94/><E128/><V75/><F75/><W78/><G78/><T31/><D31/><U80/><E30/><V0/><F0/><W76/><G76/><T99/><D37/><U91/><E1/><V53/><F53/><W126/><G123/><T131/><D55/><U72/><E72/><V129/><F129/><W66/><G66/><T39/><D131/><U89/><E113/><V43/><F43/><W59/><G126/><T64/><D41/><U97/><E125/><V11/><F11/><N who="3" m="6175" /><G71/><T115/><D115/><U98/><E68/><V8/><F8/><W56/><G56/><T36/><D36/><U20/><E80/><V74/><F74/><W116/><G116/><T112/><D81/><U47/><E94/><V134/><F134/><W83/><G83/><T100/><D112/><U96/><E47/><V35/><AGARI ba="0,1" hai="4,10,15,25,28,35,44,48,51,52,54,58,84,86" machi="35" ten="20,5200,0" yaku="1,1,0,1,7,1,54,1,53,0" doraHai="13" doraHaiUra="77" who="2" fromWho="2" sc="264,-13,248,-26,284,62,194,-13" /><INIT seed="6,0,0,4,1,8" ten="251,222,346,181" oya="2" hai0="92,62,2,10,121,125,101,105,36,55,106,71,80" hai1="59,134,57,91,70,114,38,24,116,82,20,112,47" hai2="61,34,102,33,135,56,120,22,99,6,39,45,122" hai3="79,126,89,127,96,31,17,109,46,52,41,75,25"/><V27/><F135/><W98/><G109/><T50/><D121/><U54/><E116/><V85/><F6/><W13/><G79/><T60/><D36/><U9/><E70/><V103/><F85/><W37/><G75/><T129/><D129/><U113/><E134/><V119/><F119/><W130/><G130/><T117/><D117/><U65/><E65/><V104/><F103/><W94/><G96/><T12/><D2/><U14/><E91/><V15/><F33/><W133/><G133/><T23/><D71/><U78/><E38/><V51/><F34/><W53/><G25/><T108/><D106/><U3/><E47/><V88/><F88/><W4/><G31/><T68/><D105/><U69/><E69/><V44/><F44/><W124/><G4/><T64/><D108/><U100/><E100/><V21/><F39/><W63/><G63/><T110/><D110/><U123/><E123/><V131/><F131/><W90/><G90/><T76/><D76/><U81/><E3/><V58/><F61/><W40/><G40/><T7/><D62/><U115/><E115/><V43/><F27/><W16/><G17/><T93/><D68/><U48/><E59/><V28/><F28/><W1/><G1/><T0/><D0/><U86/><E82/><V32/><F32/><W74/><G74/><T26/><D80/><U11/><E24/><V111/><F111/><W128/><G128/><T73/><D26/><U107/><E107/><V95/><F104/><W118/><G118/><T29/><D64/><U49/><E49/><V83/><F122/><W77/><G77/><RYUUKYOKU ba="0,0" sc="251,-15,222,15,346,-15,181,15" hai1="9,11,14,20,48,54,57,78,81,86,112,113,114" hai3="13,16,37,41,46,52,53,89,94,98,124,126,127" /><INIT seed="7,1,0,3,4,4" ten="236,237,331,196" oya="3" hai0="127,97,36,119,92,55,130,57,18,107,72,61,53" hai1="131,35,86,62,115,21,94,44,106,125,76,50,132" hai2="103,39,10,41,83,109,40,29,82,52,93,46,43" hai3="67,126,12,135,101,89,122,110,96,23,102,32,0"/><W79/><G0/><T70/><D119/><U26/><E106/><V5/><F109/><W113/><G32/><T56/><D107/><U87/><E115/><V1/><F29/><W111/><G122/><T54/><D72/><U13/><E132/><V68/><F68/><W2/><G2/><T66/><D36/><U8/><E35/><V3/><F3/><W133/><G113/><T11/><D130/><U24/><E125/><V112/><F112/><W80/><G67/><T105/><D105/><U34/><E34/><V58/><F82/><W22/><G22/><T77/><D77/><U74/><E62/><V63/><F83/><W81/><G12/><N who="0" m="7455" /><D70/><U123/><E76/><V33/><F33/><W124/><G23/><T71/><D71/><U129/><E74/><V38/><F38/><W85/><G102/><N who="0" m="60711" /><D127/><N who="3" m="48681" /><G101/><T73/><D73/><U65/><E123/><V128/><F128/><W104/><G104/><T25/><D25/><U20/><E24/><V59/><F103/><W19/><G19/><T51/><AGARI ba="1,0" hai="51,53,54,55,56,57,61,66" m="60711,7455" machi="51" ten="30,2000,0" yaku="8,1,52,1" doraHai="4" who="0" fromWho="0" sc="236,23,237,-6,331,-6,196,-11" owari="259,6.0,231,-17.0,325,42.0,185,-31.0" /></mjloggm>