<mjloggm ver="2.3"><GO type="169" lobby="0"/><UN n0="%67%73%6B%67%33" n1="%E5%8D%97%E5%B8%9D%E5%8D%97%E6%B5%A6" n2="%E7%B6%BE%E7%80%AC%E5%B8%82%E6%B0%91" n3="%E3%81%8B%E3%81%A4%E3%81%A9%E3%82%93" dan="16,16,17,17" rate="2148.87,2080.39,2125.96,2252.16" sx="M,F,M,F"/><TAIKYOKU oya="0"/><INIT seed="0,0,0,1,5,105" ten="250,250,250,250" oya="0" hai0="20,119,123,44,15,109,120,40,3,77,21,12,23" hai1="19,7,99,46,4,30,91,53,72,113,83,97,130" hai2="96,11,114,107,57,62,74,131,88,117,128,41,67" hai3="102,22,87,31,129,27,95,132,43,55,59,17,76"/><T103/><D119/><U16/><E113/><V125/><F114/><W111/><G111/><T64/><D3/><U134/><E134/><V69/><F117/><W54/><G132/><T13/><D103/><U82/><E30/><V6/><F41/><W36/><G129/><N who="2" m="49737" /><F125/><W61/><G36/><T25/><D64/><U75/><E46/><V93/><F107/><W65/><G43/><T78/><D25/><U10/><E91/><V38/><F38/><W110/><G110/><T45/><D109/><U2/><E10/><V86/><F86/><W133/><G133/><T71/><D71/><U84/><E84/><V35/><F35/><W18/><G76/><N who="0" m="29291" /><D40/><U5/><E2/><N who="2" m="471" /><F57/><W116/><G116/><T34/><D34/><U79/><E53/><N who="3" m="19978" /><G87/><T28/><D28/><U52/><E79/><V63/><F63/><W26/><G26/><T33/><D33/><U118/><E52/><V39/><F39/><W98/><AGARI ba="0,0" hai="17,18,22,27,31,59,61,65,95,98,102" m="19978" machi="98" ten="30,2000,0" yaku="25,1,8,1" doraHai="105" who="3" fromWho="3" sc="250,-10,250,-5,250,-5,250,20" /><INIT seed="1,0,0,5,0,76" ten="240,245,245,270" oya="1" hai0="88,84,85,14,32,62,83,94,119,112,101,23,122" hai1="68,11,75,93,106,107,3,53,67,128,56,103,121" hai2="12,114,26,43,47,115,123,27,98,90,135,57,20" hai3="87,52,13,48,79,2,120,89,82,125,100,97,110"/><U66/><E121/><V113/><F123/><W109/><G120/><T80/><D32/><U78/><E128/><V25/><F135/><W64/><G2/><T65/><D122/><U117/><E117/><V134/><F134/><W19/><G64/><T28/><D112/><U7/><E93/><V40/><F57/><W59/><G125/><T133/><D133/><U77/><E77/><V15/><F20/><W34/><G34/><T102/><D119/><U24/><E24/><V126/><F126/><W9/><REACH who="3" step="1"/><G79/><REACH who="3" ten="240,245,245,260" step="2"/><N who="0" m="46111" /><D94/><AGARI ba="0,1" hai="9,13,19,48,52,59,82,87,89,94,97,100,109,110" machi="94" ten="40,5200,0" yaku="1,1,52,1,54,1,53,0" doraHai="76" doraHaiUra="132" who="3" fromWho="0" sc="240,-52,245,0,245,0,260,62" /><INIT seed="2,0,0,4,2,20" ten="188,245,245,322" oya="2" hai0="27,87,124,64,74,39,93,123,0,129,110,6,92" hai1="36,85,63,38,8,1,81,32,66,51,104,61,55" hai2="133,125,80,97,101,67,4,30,58,35,11,86,7" hai3="13,2,91,24,131,127,102,31,96,89,135,60,82"/><V33/><F125/><W107/><G2/><T69/><D123/><U106/><E32/><V118/><F133/><W94/><G135/><T90/><D74/><U119/><E119/><V37/><F37/><W79/><G127/><T83/><D124/><U126/><E126/><V47/><F118/><W113/><G131/><T23/><D39/><U130/><E130/><V12/><F47/><W19/><G113/><T57/><D69/><U56/><E63/><V88/><F30/><W43/><G43/><T120/><D120/><U16/><E38/><V78/><F78/><W10/><G60/><T65/><D129/><U103/><E36/><V112/><F7/><W41/><G41/><T5/><D110/><U117/><E103/><V22/><F22/><W71/><G71/><T99/><D0/><U15/><E1/><V54/><F67/><N who="0" m="25674" /><D57/><U29/><E29/><V111/><F111/><W116/><G107/><T50/><D50/><U77/><REACH who="1" step="1"/><E117/><REACH who="1" ten="188,235,245,322" step="2"/><V9/><F112/><W132/><G116/><T34/><D34/><U76/><E76/><V100/><F100/><W53/><G132/><T73/><D73/><U45/><AGARI ba="0,1" hai="8,15,16,45,51,55,56,61,66,77,81,85,104,106" machi="45" ten="20,5200,0" yaku="1,1,0,1,7,1,54,1,53,0" doraHai="20" doraHaiUra="17" who="1" fromWho="1" sc="188,-13,235,62,245,-26,322,-13" /><INIT seed="3,0,0,4,5,100" ten="175,297,219,309" oya="3" hai0="24,35,70,109,3,115,47,111,30,112,96,36,69" hai1="121,34,92,56,86,52,130,54,49,93,135,113,79" hai2="57,125,53,117,90,10,116,120,123,72,4,40,15" hai3="59,8,82,83,39,38,122,63,119,16,88,64,67"/><W0/><G119/><T131/><D3/><U81/><E121/><N who="2" m="46667" /><F72/><W62/><G122/><T19/><D19/><U46/><E113/><N who="0" m="43593" /><D131/><U6/><E130/><V50/><F125/><W85/><G82/><T21/><D21/><U118/><E118/><V55/><F40/><W29/><G29/><T42/><D96/><U108/><E108/><AGARI ba="0,0" hai="24,30,35,36,42,47,69,70,108,109,111" m="43593" machi="108" ten="30,3900,0" yaku="14,1,11,1,23,1" doraHai="100" who="0" fromWho="1" sc="175,39,297,-39,219,0,309,0" /><INIT seed="4,0,0,2,2,21" ten="214,258,219,309" oya="0" hai0="19,64,59,83,112,48,90,110,109,99,93,129,116" hai1="27,120,0,54,89,66,78,37,17,32,128,51,82" hai2="91,73,42,95,134,2,15,125,33,56,3,18,31" hai3="126,16,70,81,22,4,60,52,61,39,11,98,94"/><T35/><D116/><U104/><E104/><V114/><F114/><W68/><G39/><T111/><D112/><U119/><E119/><V103/><F73/><W40/><G40/><T80/><D129/><U88/><E0/><V75/><F75/><W74/><G126/><T29/><D19/><U102/><E37/><V67/><F134/><W25/><G74/><T108/><N who="0" m="27648" /><DORA hai="69" /><T84/><D48/><U24/><E32/><V122/><F42/><W41/><G41/><T131/><D131/><U6/><E6/><V34/><F122/><W62/><G81/><T1/><D1/><U123/><E128/><V8/><F125/><W12/><REACH who="3" step="1"/><G52/><REACH who="3" ten="214,258,219,299" step="2"/><T113/><D113/><U76/><E120/><V58/><F2/><W86/><G86/><T121/><D121/><U72/><E123/><V118/><F3/><W127/><G127/><T100/><D83/><U47/><E82/><V49/><F118/><W87/><G87/><T135/><D135/><U50/><E72/><V130/><F130/><W36/><G36/><T20/><D64/><U106/><E66/><V92/><F67/><W53/><G53/><T5/><D59/><U96/><E76/><V55/><F56/><W101/><AGARI ba="0,1" hai="4,11,12,16,22,25,60,61,62,68,70,94,98,101" machi="101" ten="30,8000,1" yaku="1,1,0,1,52,1,54,1,53,1" doraHai="21,69" doraHaiUra="97,133" who="3" fromWho="3" sc="214,-40,258,-20,219,-20,299,90" /><INIT seed="5,0,0,0,0,95" ten="174,238,199,389" oya="1" hai0="90,28,73,113,82,62,70,115,119,108,125,19,26" hai1="85,91,116,118,9,4,42,45,10,51,100,3,101" hai2="44,117,54,27,76,93,120,60,68,53,83,97,37" hai3="47,92,134,67,94,102,126,74,2,80,98,129,111"/><U55/><E116/><V64/><F120/><W132/><G111/><T88/><D108/><U56/><E118/><V75/><F117/><W124/><G2/><T38/><D119/><U72/><E72/><V59/><F27/><W71/><G129/><T135/><D38/><U133/><E133/><N who="3" m="51306" /><G47/><T77/><D135/><U122/><E122/><V87/><F75/><W35/><G35/><T41/><D41/><U1/><E10/><V40/><REACH who="2" step="1"/><F68/><REACH who="2" ten="174,238,189,389" step="2"/><W63/><G74/><T78/><D70/><U52/><E1/><V57/><F57/><W114/><G71/><T15/><D26/><U84/><E56/><V65/><F65/><W46/><G67/><T69/><D28/><U130/><E130/><V79/><F79/><W5/><G126/><T123/><D125/><U50/><E42/><V30/><F30/><W112/><G124/><T33/><D78/><U109/><E109/><V49/><F49/><W8/><G112/><N who="0" m="43083" /><D123/><U6/><E3/><V12/><F12/><W103/><G114/><T43/><D33/><U127/><E127/><V13/><F13/><W106/><G46/><T23/><D43/><U110/><E110/><V0/><F0/><W32/><G32/><T121/><D121/><U86/><E45/><V29/><F29/><W22/><G63/><T107/><D107/><U24/><E24/><V105/><F105/><W66/><G106/><T20/><D20/><U16/><E9/><V89/><AGARI ba="0,1" hai="37,40,44,53,54,59,60,64,76,83,87,89,93,97" machi="89" ten="20,5200,0" yaku="1,1,0,1,7,1,52,1,53,0" doraHai="95" doraHaiUra="14" who="2" fromWho="2" sc="174,-13,238,-26,189,62,389,-13" /><INIT seed="6,0,0,5,5,123" ten="161,212,251,376" oya="2" hai0="110,33,1,119,27,30,78,54,40,132,46,14,130" hai1="56,0,99,20,85,3,124,116,98,52,86,58,121" hai2="5,53,11,49,120,75,73,88,64,39,69,93,9" hai3="113,89,84,65,131,66,77,50,100,79,111,55,51"/><V17/><F120/><W91/><G111/><T80/><D1/><U21/><E121/><V105/><F105/><W135/><G135/><T87/><D130/><U122/><E122/><V104/><F104/><W13/><G50/><T81/><D132/><U127/><REACH who="1" step="1"/><E52/><REACH who="1" ten="161,202,251,376" step="2"/><V115/><F53/><W31/><G55/><T108/><D54/><U61/><E61/><V82/><F64/><W36/><G66/><T94/><D119/><AGARI ba="0,1" hai="0,3,20,21,56,58,85,86,98,99,116,119,124,127" machi="119" ten="25,3200,0" yaku="1,1,22,2,53,0" doraHai="123" doraHaiUra="15" who="1" fromWho="0" sc="161,-32,202,42,251,0,376,0" /><INIT seed="7,0,0,1,0,109" ten="129,244,251,376" oya="3" hai0="53,56,92,35,65,51,135,83,0,3,131,103,76" hai1="8,121,129,89,128,114,42,74,37,57,5,86,22" hai2="36,77,101,32,62,80,111,46,9,106,2,134,123" hai3="78,69,45,59,27,13,60,21,61,72,99,19,85"/><W18/><G72/><T96/><D35/><U31/><E74/><V81/><F111/><W84/><G69/><T87/><D131/><N who="1" m="50251" /><E121/><V118/><F118/><W124/><G78/><T1/><D135/><U29/><E57/><V133/><F32/><W132/><G61/><T125/><D125/><U110/><E110/><V43/><F62/><W12/><G12/><T97/><D65/><U113/><E22/><V25/><F25/><W40/><G99/><T67/><D67/><U73/><E73/><N who="2" m="43055" /><F81/><W48/><G124/><T64/><D64/><U33/><E33/><V94/><F94/><W122/><G132/><T23/><D97/><U91/><E42/><V102/><F123/><W66/><G122/><T15/><D3/><N who="1" m="63" /><E37/><V28/><F28/><N who="1" m="10825" /><E91/><V119/><F119/><W52/><G40/><T88/><D1/><U39/><E39/><V75/><F75/><W30/><G30/><T79/><D0/><U117/><E117/><V26/><F26/><W107/><G107/><T104/><REACH who="0" step="1"/><D83/><AGARI ba="0,0" hai="83,86,89,113,114" m="10825,63,50251" machi="83" ten="30,3900,0" yaku="19,1,52,2" doraHai="109" who="1" fromWho="0" sc="129,-39,244,39,251,0,376,0" owari="90,-41.0,283,8.0,251,-15.0,376,48.0" /></mjloggm>