<mjloggm ver="2.3"><GO type="169" lobby="0"/><UN n0="%E3%81%A6%E3%82%93%E3%81%BD%E3%81%84%E3%82%93%E3%81%A8" n1="%E3%81%A4%E3%81%91%E3%82%82%E3%81%AE" n2="%6D%61%63%70%61%63" n3="%4E%6F%6D%65%72%63%79" dan="16,17,17,16" rate="2199.93,2156.79,2169.60,2139.98" sx="F,M,M,F"/><TAIKYOKU oya="0"/><INIT seed="0,0,0,5,5,129" ten="250,250,250,250" oya="0" hai0="106,111,32,73,71,120,46,99,25,62,44,91,45" hai1="40,123,121,31,93,48,51,105,43,3,132,47,74" hai2="115,109,92,37,2,17,54,89,13,83,98,81,122" hai3="85,16,53,35,38,126,60,95,9,107,131,77,87"/><T57/><D91/><U101/><E105/><V61/><F122/><W124/><G131/><T21/><D120/><U63/><E3/><V19/><F115/><W80/><G107/><T130/><D130/><U66/><E74/><V4/><F109/><W97/><G38/><T118/><D118/><U102/><E31/><V5/><F37/><W65/><G35/><T12/><D73/><U119/><E119/><V69/><F2/><W68/><G53/><T27/><D71/><U86/><E86/><V30/><F30/><W116/><G116/><T103/><D111/><U128/><E128/><V75/><F75/><W55/><G55/><T1/><D1/><U29/><E29/><V79/><F79/><W34/><G34/><T125/><D125/><U104/><E104/><V58/><F69/><W70/><G87/><T96/><D96/><U18/><E18/><V7/><REACH who="2" step="1"/><F17/><REACH who="2" ten="250,250,240,250" step="2"/><W23/><G70/><T49/><D32/><U113/><E113/><V117/><F117/><W64/><G124/><T11/><D49/><U14/><E48/><V0/><F0/><W67/><G126/><T39/><D39/><U84/><E51/><V133/><F133/><W15/><REACH who="3" step="1"/><G23/><AGARI ba="0,1" hai="4,5,7,13,19,23,54,58,61,81,83,89,92,98" machi="23" ten="40,5200,0" yaku="1,1,8,1,53,1" doraHai="129" doraHaiUra="10" who="2" fromWho="3" sc="250,0,250,0,240,62,250,-52" /><INIT seed="1,0,0,3,2,45" ten="250,250,302,198" oya="1" hai0="118,129,130,40,79,83,26,12,76,92,37,89,73" hai1="127,64,106,5,93,111,18,107,67,115,31,17,3" hai2="68,101,98,126,11,119,14,19,53,117,36,60,8" hai3="134,52,28,102,108,94,90,47,50,104,38,24,44"/><U122/><E31/><V71/><F36/><W74/><G74/><T33/><D118/><U9/><E115/><V30/><F126/><W6/><G6/><T70/><D70/><U34/><E122/><V46/><F30/><W39/><G108/><T112/><D112/><U1/><E34/><V128/><F128/><W25/><G134/><T58/><D76/><U91/><E127/><V21/><F68/><W109/><G24/><T87/><D26/><U4/><E111/><V96/><F96/><W22/><G109/><T135/><D135/><U99/><E107/><V20/><F20/><W62/><G44/><T13/><D33/><U95/><E106/><V78/><F78/><W123/><G123/><T75/><D75/><U69/><E69/><V66/><F46/><W132/><G132/><T105/><D37/><U100/><E17/><V63/><F63/><W61/><G61/><T29/><D29/><U97/><REACH who="1" step="1"/><E18/><REACH who="1" ten="250,240,302,198" step="2"/><V133/><F133/><W42/><G104/><T59/><D105/><U113/><E113/><V131/><F119/><W65/><G94/><T88/><D92/><U121/><E121/><V49/><F117/><W124/><G124/><T23/><D129/><U125/><E125/><V15/><F131/><W86/><G28/><T80/><D130/><U85/><E85/><V56/><F71/><W48/><G86/><T110/><D87/><U35/><E35/><V77/><F19/><W7/><G22/><T84/><D23/><U57/><E57/><N who="2" m="32943" /><F21/><W16/><G16/><T2/><D110/><U114/><E114/><V103/><F56/><W54/><G25/><RYUUKYOKU ba="0,1" sc="250,-10,240,30,302,-10,198,-10" hai1="1,3,4,5,9,64,67,91,93,95,97,99,100" /><INIT seed="1,1,1,0,0,8" ten="240,270,292,188" oya="1" hai0="131,1,62,96,92,114,30,97,87,24,41,105,47" hai1="6,116,99,51,106,56,39,67,18,5,63,55,61" hai2="95,10,57,93,112,13,100,117,53,17,81,33,3" hai3="108,125,78,128,48,118,35,91,94,38,50,14,44"/><U129/><E129/><V107/><F117/><W60/><G118/><T25/><D114/><U74/><E116/><V20/><F33/><W26/><G128/><T82/><D1/><U0/><E39/><V21/><F112/><W15/><G78/><T130/><D105/><U72/><E61/><V135/><F135/><W27/><G108/><T110/><D110/><U113/><E113/><V49/><F107/><W58/><G125/><T42/><D130/><U2/><E2/><V7/><F100/><W71/><G71/><T84/><D62/><U120/><E120/><V43/><F43/><W52/><G38/><T46/><D131/><U79/><E0/><V133/><F133/><W23/><G35/><T16/><D92/><U45/><E18/><V31/><REACH who="2" step="1"/><F81/><REACH who="2" ten="240,270,282,188" step="2"/><W4/><G4/><T111/><D82/><U12/><E5/><V54/><F54/><N who="3" m="29959" /><G94/><T85/><D111/><U66/><E66/><V123/><F123/><W119/><G119/><T64/><D64/><U29/><E106/><V77/><F77/><W70/><G91/><T76/><D76/><U34/><E79/><V121/><F121/><W103/><G103/><T40/><D40/><U127/><E127/><V115/><F115/><W101/><G101/><T22/><D42/><U65/><E65/><V98/><F98/><N who="0" m="37994" /><D41/><U32/><E99/><V122/><F122/><W75/><G70/><T59/><D59/><U109/><E109/><V68/><F68/><W132/><G132/><T102/><D102/><U11/><E34/><V69/><F69/><W90/><G58/><T86/><N who="0" m="21504" /><DORA hai="19" /><T126/><D126/><RYUUKYOKU ba="1,2" sc="240,10,270,10,282,10,188,-30" hai0="16,22,24,25,30,46,47" hai1="6,11,12,29,32,45,51,55,56,63,67,72,74" hai2="3,7,10,13,17,20,21,31,49,53,57,93,95" /><INIT seed="1,2,2,0,4,92" ten="250,280,292,158" oya="1" hai0="5,87,110,62,2,65,79,115,95,102,3,97,71" hai1="41,54,131,112,118,121,26,17,25,109,9,96,82" hai2="12,50,120,134,86,81,123,29,99,116,122,52,56" hai3="43,34,30,94,32,63,51,78,68,55,104,126,80"/><U24/><E112/><V91/><F116/><W84/><G104/><T128/><D115/><U64/><E118/><V1/><F1/><W35/><G126/><T38/><D38/><U89/><E121/><V11/><F134/><W21/><G43/><T6/><D110/><U90/><E64/><V59/><F29/><W124/><G124/><T47/><D128/><U4/><E41/><V33/><F33/><W127/><G127/><T58/><D71/><U135/><E135/><V0/><F0/><W117/><G117/><T73/><D2/><U22/><E131/><V8/><F56/><W36/><G36/><T107/><D47/><U23/><E54/><V106/><REACH who="2" step="1"/><F12/><REACH who="2" ten="250,280,282,158" step="2"/><W7/><G68/><T31/><D31/><U37/><E109/><V98/><F98/><W133/><G133/><T67/><D3/><U74/><E96/><V16/><F16/><W132/><G132/><T20/><D5/><U10/><E4/><V46/><F46/><W113/><G7/><T45/><D6/><U105/><E17/><V15/><F15/><W88/><G113/><T42/><D45/><U101/><E25/><V130/><F130/><W66/><G30/><T103/><D58/><U75/><E26/><V77/><F77/><W93/><G78/><T111/><D97/><U72/><E24/><V48/><F48/><W125/><G125/><T70/><D111/><U85/><E37/><V13/><F13/><W61/><G61/><T57/><D79/><U83/><E75/><V49/><F49/><W44/><G21/><T53/><D73/><U100/><E85/><V69/><F69/><RYUUKYOKU ba="2,3" sc="250,-30,280,10,282,10,158,10" hai1="9,10,22,23,72,74,82,83,89,90,100,101,105" hai2="8,11,50,52,59,81,86,91,99,106,120,122,123" hai3="32,34,35,44,51,55,63,66,80,84,88,93,94" /><INIT seed="1,3,3,1,1,21" ten="220,290,292,168" oya="1" hai0="53,29,110,1,86,47,33,40,32,85,23,61,60" hai1="103,119,39,106,120,58,8,135,97,132,5,107,93" hai2="48,96,109,68,28,25,54,59,108,79,55,10,87" hai3="101,105,125,127,128,82,129,43,69,17,74,122,13"/><U102/><E119/><V11/><F68/><W0/><G0/><T111/><D1/><U2/><E120/><V115/><F115/><W36/><G122/><T83/><D23/><U35/><E39/><V116/><F116/><W24/><G69/><T37/><D85/><U12/><E35/><N who="0" m="13385" /><D53/><U92/><E2/><V126/><F126/><N who="3" m="48139" /><G36/><T76/><D29/><U112/><E112/><V130/><F130/><N who="3" m="50283" /><G43/><T113/><D113/><U26/><E26/><V114/><F114/><W64/><G64/><T46/><D46/><U45/><E45/><V100/><F55/><W4/><G24/><T20/><D20/><U124/><E124/><V98/><F25/><W41/><G41/><T14/><D14/><U50/><E50/><V77/><F28/><W3/><G3/><T80/><D80/><U117/><E117/><V90/><F11/><N who="3" m="6335" /><G4/><T22/><D22/><U84/><E58/><V81/><F10/><W104/><G101/><T34/><N who="0" m="13393" /><T118/><DORA hai="51" /><D118/><U63/><E102/><V95/><REACH who="2" step="1"/><F79/><AGARI ba="3,3" hai="74,79,82,104,105" m="6335,50283,48139" machi="79" ten="30,2000,0" yaku="18,1,19,1" doraHai="21,51" who="3" fromWho="2" sc="220,0,290,0,292,-29,168,59" /><INIT seed="2,0,0,0,0,80" ten="220,290,263,227" oya="2" hai0="75,82,117,88,31,132,121,76,16,35,96,84,0" hai1="74,11,102,22,101,112,29,10,134,79,26,42,135" hai2="105,87,103,4,70,91,15,116,36,32,18,83,122" hai3="89,99,64,95,129,90,118,107,125,71,40,65,73"/><V127/><F116/><W61/><G118/><T63/><D121/><U133/><E112/><V60/><F122/><W66/><G73/><T49/><D0/><U41/><E74/><V1/><F36/><W6/><G125/><T2/><D2/><U33/><E79/><V110/><F32/><W13/><G129/><T81/><D117/><U43/><REACH who="1" step="1"/><E22/><REACH who="1" ten="220,280,263,227" step="2"/><V104/><F127/><W20/><G107/><T126/><D126/><U24/><E24/><V57/><F104/><W69/><G69/><T48/><D75/><U97/><E97/><V54/><F110/><W78/><G78/><T9/><D96/><U30/><E30/><V58/><F105/><W131/><G131/><T23/><D31/><U68/><E68/><V8/><F70/><W92/><G20/><T28/><D28/><U130/><E130/><V34/><F34/><W53/><G71/><T59/><D35/><U21/><E21/><V108/><F108/><W17/><G99/><T93/><D76/><U94/><E94/><V115/><F115/><W106/><G106/><T67/><D23/><U109/><E109/><V56/><F103/><AGARI ba="0,1" hai="10,11,26,29,33,41,42,43,101,102,103,133,134,135" machi="103" ten="50,3200,0" yaku="1,1,20,1,53,0" doraHai="80" doraHaiUra="119" who="1" fromWho="2" sc="220,0,280,42,263,-32,227,0" /><INIT seed="3,0,0,4,3,134" ten="220,322,231,227" oya="3" hai0="110,131,118,25,133,87,90,107,115,11,21,58,91" hai1="105,112,80,124,34,96,120,102,27,36,101,117,60" hai2="111,89,45,93,94,116,113,10,70,14,122,49,24" hai3="88,50,103,121,30,85,29,71,20,19,43,81,51"/><W79/><G121/><T7/><D118/><U106/><E112/><V13/><F70/><W64/><G103/><T17/><D107/><U125/><E117/><V104/><F116/><W52/><G71/><T35/><D133/><U132/><E132/><V6/><F104/><W46/><G64/><T47/><D110/><U100/><E120/><V76/><F122/><W83/><G83/><T84/><D131/><U37/><E60/><V16/><F113/><W65/><G65/><T26/><D58/><U128/><E128/><V12/><F111/><W69/><G79/><T78/><D47/><U40/><E80/><V73/><F73/><W68/><G68/><T53/><D53/><U42/><E27/><V82/><F24/><W56/><G69/><T33/><D78/><U75/><E34/><V129/><F129/><W32/><G32/><T99/><D115/><U0/><E0/><V54/><F13/><AGARI ba="0,0" hai="13,19,20,29,30,43,46,50,51,52,56,81,85,88" machi="13" ten="30,11600,0" yaku="7,1,8,1,54,2" doraHai="134" who="3" fromWho="2" sc="220,0,322,0,231,-116,227,116" /><INIT seed="3,1,0,2,2,128" ten="220,322,115,343" oya="3" hai0="30,126,11,78,16,39,75,52,26,112,123,110,81" hai1="14,111,95,27,100,54,115,29,117,33,44,41,64" hai2="55,106,80,76,49,37,13,28,5,48,120,119,8" hai3="113,31,92,103,1,135,97,32,101,2,130,79,3"/><W9/><G130/><T77/><D123/><U62/><E115/><V98/><F37/><W69/><G113/><T74/><D112/><U89/><E111/><V24/><F119/><W129/><G129/><T116/><D39/><U127/><E127/><V67/><F120/><W10/><G69/><T88/><D116/><U86/><E117/><V58/><F67/><W107/><G79/><N who="0" m="30219" /><D74/><U109/><E109/><V34/><F34/><W18/><G135/><T102/><D75/><U66/><E100/><V124/><F106/><W57/><G103/><T114/><D126/><U71/><E14/><V19/><F124/><W56/><G107/><T21/><D110/><U45/><E45/><V42/><F98/><W94/><G94/><T7/><D102/><U23/><E66/><V84/><F28/><W61/><G57/><T51/><D7/><U20/><REACH who="1" step="1"/><E54/><REACH who="1" ten="220,312,115,343" step="2"/><V46/><REACH who="2" step="1"/><F24/><REACH who="2" ten="220,312,105,343" step="2"/><W15/><G32/><T105/><D114/><U131/><E131/><V125/><F125/><W22/><REACH who="3" step="1"/><G31/><REACH who="3" ten="220,312,105,333" step="2"/><T17/><D105/><U47/><E47/><V134/><F134/><W108/><G108/><T72/><D30/><U118/><E118/><V65/><F65/><AGARI ba="1,3" hai="1,2,3,9,10,15,18,22,56,61,65,92,97,101" machi="65" ten="40,2000,0" yaku="1,1,53,0" doraHai="128" doraHaiUra="132" who="3" fromWho="2" sc="220,0,312,0,105,-23,333,53" /><INIT seed="3,2,0,2,5,61" ten="220,312,82,386" oya="3" hai0="130,87,45,59,79,16,85,116,83,33,35,131,63" hai1="28,46,98,81,30,135,20,120,13,5,25,65,18" hai2="119,77,31,1,126,72,34,127,24,84,101,56,74" hai3="123,111,82,91,67,102,27,125,71,105,90,47,32"/><W38/><G123/><T94/><D116/><U122/><E135/><V7/><F119/><W62/><G125/><T8/><D45/><U88/><E5/><V97/><F84/><W37/><G111/><T121/><D121/><U118/><E118/><V42/><F42/><N who="3" m="22991" /><G82/><T73/><D35/><U86/><E28/><V49/><F49/><W6/><G6/><T76/><D33/><U124/><E124/><N who="2" m="47659" /><F56/><W54/><G38/><T104/><D104/><U53/><E98/><V100/><F100/><W96/><G54/><T21/><D8/><U66/><E122/><V109/><F109/><W10/><G10/><T14/><D94/><U75/><E120/><V36/><F36/><W0/><G0/><T48/><D48/><N who="1" m="28823" /><E75/><N who="2" m="28715" /><F77/><W60/><G60/><T103/><D103/><U78/><E78/><V69/><F69/><W23/><G23/><AGARI ba="2,0" hai="13,18,20,23,25,30,65,66,81,86,88" m="28823" machi="23" ten="30,7700,0" yaku="8,1,52,2,54,1" doraHai="61" who="1" fromWho="3" sc="220,0,312,83,82,0,386,-83" /><INIT seed="4,0,0,4,2,66" ten="220,395,82,303" oya="0" hai0="122,81,26,131,87,132,119,15,62,17,128,93,120" hai1="117,121,85,124,36,110,95,47,13,89,11,96,9" hai2="8,130,52,102,4,72,54,115,99,106,69,103,33" hai3="16,48,58,86,27,109,60,51,84,56,112,44,25"/><T30/><D93/><U65/><E110/><V61/><F115/><W50/><G109/><T101/><D101/><U100/><E117/><V41/><F72/><W88/><G112/><T34/><D62/><U71/><E121/><V63/><F130/><N who="0" m="49706" /><D119/><U80/><E124/><V3/><F33/><W10/><G44/><T32/><D34/><U126/><E126/><V133/><F133/><W53/><G58/><T45/><D45/><U129/><E129/><V125/><F125/><W6/><G60/><T0/><D0/><U14/><E47/><V42/><F102/><W5/><G56/><T7/><D7/><U135/><E135/><V116/><F116/><W12/><G53/><T24/><D24/><N who="3" m="9289" /><G86/><T98/><D98/><U118/><E118/><V64/><REACH who="2" step="1"/><F54/><REACH who="2" ten="220,395,72,303" step="2"/><W73/><G73/><T43/><D132/><U40/><E100/><V113/><F113/><W123/><G123/><T57/><D122/><U28/><E40/><V91/><F91/><W107/><G107/><T78/><D43/><U2/><E89/><V127/><F127/><W55/><G55/><T104/><D104/><U90/><E90/><V46/><F46/><W1/><G1/><T23/><D120/><U22/><E2/><V82/><F82/><AGARI ba="0,1" hai="5,6,10,12,16,48,50,51,82,84,88" m="9289" machi="82" ten="30,3900,0" yaku="8,1,54,2" doraHai="66" who="3" fromWho="2" sc="220,0,395,0,72,-39,303,49" /><INIT seed="5,0,0,5,0,76" ten="220,395,33,352" oya="1" hai0="35,134,24,104,98,109,14,48,118,89,97,4,8" hai1="44,64,75,114,65,81,106,113,25,9,74,91,121" hai2="83,102,100,29,33,51,110,92,43,116,93,123,67" hai3="82,31,90,129,124,133,57,127,7,40,53,103,101"/><U30/><E121/><V10/><F123/><W120/><G120/><T63/><D109/><U41/><E106/><V21/><F110/><W108/><G108/><T125/><D118/><U94/><E9/><V60/><F116/><W131/><G40/><T37/><D37/><U27/><E27/><V71/><F33/><W18/><G31/><T70/><D48/><U13/><E13/><V22/><F10/><W119/><G119/><T126/><D134/><U99/><E65/><V56/><F71/><W26/><G7/><T16/><D89/><U95/><E64/><V61/><F61/><W5/><G5/><T58/><D70/><U55/><E55/><V0/><F0/><W54/><G133/><T45/><D45/><U69/><E69/><V85/><F92/><W88/><G26/><T111/><D104/><U28/><E95/><V78/><F93/><W38/><G18/><T72/><D111/><U77/><E75/><V79/><F79/><W11/><G11/><T47/><D72/><U117/><E117/><V12/><F12/><W2/><G2/><T96/><D35/><U1/><E1/><V122/><F122/><W20/><G20/><N who="2" m="7785" /><F29/><W6/><G6/><T34/><D4/><U50/><E25/><V73/><F73/><W105/><G105/><T42/><D24/><U3/><E3/><V15/><F15/><W132/><G132/><T68/><D34/><U59/><E59/><V135/><F135/><W112/><G57/><T46/><D68/><U130/><E130/><V36/><F36/><W86/><G38/><N who="0" m="21847" /><D47/><AGARI ba="0,0" hai="43,47,51,56,60,67,78,83,85,100,102" m="7785" machi="47" ten="30,2000,0" yaku="8,1,52,1" doraHai="76" who="2" fromWho="0" sc="220,-20,395,0,33,20,352,0" /><INIT seed="6,0,0,0,2,15" ten="200,395,53,352" oya="2" hai0="46,37,99,55,80,13,123,56,81,68,127,74,87" hai1="36,27,64,104,118,77,121,91,108,115,32,9,83" hai2="84,129,79,133,132,30,116,135,96,86,28,20,35" hai3="65,47,89,130,34,12,110,111,2,78,48,93,61"/><V49/><F116/><W71/><G2/><T92/><D68/><U40/><E108/><V131/><F35/><W19/><G34/><T52/><D74/><U62/><E118/><V59/><F96/><W23/><G78/><T90/><D127/><U38/><E91/><V72/><F72/><W41/><REACH who="3" step="1"/><G130/><REACH who="3" ten="200,395,53,342" step="2"/><N who="2" m="49673" /><F79/><W88/><G88/><T117/><D117/><U105/><E77/><V50/><F59/><W97/><AGARI ba="0,1" hai="12,19,23,41,47,48,61,65,71,89,93,97,110,111" machi="97" ten="20,8000,1" yaku="1,1,0,1,7,1,52,1,53,1" doraHai="15" doraHaiUra="10" who="3" fromWho="3" sc="200,-20,395,-20,53,-40,342,90" /><INIT seed="7,0,0,4,4,57" ten="180,375,13,432" oya="3" hai0="113,16,42,26,41,53,100,17,74,102,1,48,84" hai1="0,10,37,107,69,120,19,90,62,30,29,110,32" hai2="39,87,43,103,92,131,36,7,115,82,54,14,59" hai3="38,56,122,70,94,123,22,89,98,66,106,11,34"/><W58/><G34/><T77/><D74/><U65/><E110/><V23/><F59/><W49/><G38/><T85/><D1/><U55/><E120/><V13/><F87/><W108/><G108/><T118/><D118/><U128/><E128/><V61/><F23/><W71/><G122/><T46/><D113/><U86/><E107/><V105/><F92/><W9/><G123/><T119/><D119/><U72/><E72/><V88/><F105/><W63/><G106/><T97/><D85/><U130/><E130/><V35/><F35/><W31/><G71/><T116/><D116/><U124/><E124/><V112/><F54/><N who="3" m="31823" /><G70/><T129/><D129/><U21/><E37/><V99/><F131/><W132/><G132/><T18/><D26/><AGARI ba="0,0" hai="9,11,22,26,31,58,63,66,89,94,98" m="31823" machi="26" ten="30,2900,0" yaku="8,1,52,1" doraHai="57" who="3" fromWho="0" sc="180,-29,375,0,13,0,432,29" owari="151,-25.0,375,18.0,13,-49.0,461,56.0" /></mjloggm>