<mjloggm ver="2.3"><GO type="169" lobby="0"/><UN n0="%E3%83%8B%E3%83%A3%E3%83%83%E3%83%94%E3%83%BC%E5%A4%8F%E7%9B%AE" n1="%E5%BC%B7%E6%89%93%E6%84%9B%E5%A5%BD%E5%AE%B6" n2="%E3%81%8B%E3%81%A4%E3%81%A9%E3%82%93" n3="%E4%BC%8A%E8%97%A4%E4%B8%87%E7%90%86%E8%8F%AF" dan="18,16,17,16" rate="2305.80,2106.45,2257.66,2152.87" sx="M,M,F,F"/><TAIKYOKU oya="0"/><INIT seed="0,0,0,1,0,84" ten="250,250,250,250" oya="0" hai0="62,87,40,59,120,124,94,60,79,51,14,114,37" hai1="83,72,74,7,69,4,130,88,30,85,11,82,134" hai2="73,63,89,96,103,15,16,22,110,27,23,117,13" hai3="127,91,6,47,61,39,41,86,3,107,102,123,45"/><T135/><D135/><U58/><BYE who="0" /><E69/><UN n0="%E3%83%8B%E3%83%A3%E3%83%83%E3%83%94%E3%83%BC%E5%A4%8F%E7%9B%AE" /><V119/><F110/><W5/><G127/><T108/><D114/><U100/><E134/><V26/><F73/><W93/><G123/><T121/><D124/><U101/><E130/><V0/><F0/><W32/><G32/><T65/><D108/><U113/><E113/><V116/><F63/><W90/><G3/><T19/><D37/><U17/><E30/><V109/><F109/><W50/><G61/><T131/><D131/><U128/><E128/><V36/><F36/><W115/><G115/><T111/><D111/><U112/><E112/><V133/><F133/><W77/><G77/><T42/><D121/><U54/><E17/><V24/><F89/><W25/><G25/><T76/><D120/><U46/><E46/><V1/><F1/><W38/><G38/><T57/><D42/><U98/><E101/><V10/><REACH who="2" step="1"/><F13/><REACH who="2" ten="250,250,240,250" step="2"/><W64/><G64/><T8/><D51/><U12/><E4/><V71/><F71/><W33/><G5/><T95/><D79/><U35/><E35/><V28/><F28/><W9/><G33/><T105/><D76/><U80/><E74/><V20/><F20/><W132/><G132/><T75/><D75/><U52/><E72/><V43/><F43/><N who="3" m="24895" /><G91/><T44/><D40/><U53/><REACH who="1" step="1"/><E58/><REACH who="1" ten="250,240,240,250" step="2"/><V55/><F55/><W31/><G31/><T49/><D59/><U78/><E78/><V126/><F126/><W66/><G102/><T70/><D57/><U106/><AGARI ba="0,2" hai="7,11,12,52,53,54,80,82,83,85,88,98,100,106" machi="106" ten="30,8000,1" yaku="1,1,0,1,52,1,54,2,53,0" doraHai="84" doraHaiUra="34" who="1" fromWho="1" sc="250,-40,240,100,240,-20,250,-20" /><BYE who="0" /><UN n0="%E3%83%8B%E3%83%A3%E3%83%83%E3%83%94%E3%83%BC%E5%A4%8F%E7%9B%AE" /><INIT seed="1,0,0,5,2,57" ten="210,340,220,230" oya="1" hai0="118,50,100,97,55,47,134,99,81,79,44,16,52" hai1="10,132,65,131,103,129,53,117,12,14,17,91,23" hai2="39,83,33,119,5,114,106,36,60,115,85,35,64" hai3="38,68,107,3,9,2,95,111,126,125,69,19,45"/><U11/><E103/><V84/><F119/><W86/><G107/><T28/><D118/><U32/><E117/><V96/><F5/><W40/><G19/><T78/><D134/><U27/><E91/><V6/><F6/><W133/><G133/><T34/><D34/><U104/><E104/><V72/><F84/><W26/><G26/><T67/><D28/><N who="1" m="19487" /><E53/><V59/><F72/><W71/><G9/><N who="1" m="3082" /><E65/><V135/><F135/><W77/><G111/><T42/><D67/><U127/><E132/><V102/><F33/><W123/><G123/><T15/><D100/><U74/><E74/><V41/><F35/><W112/><G112/><N who="2" m="43049" /><F41/><W90/><REACH who="3" step="1"/><G77/><AGARI ba="0,0" hai="36,39,59,60,64,77,83,85,96,102,106" m="43049" machi="77" ten="30,2000,0" yaku="11,1,52,1" doraHai="57" who="2" fromWho="3" sc="210,0,340,0,220,20,230,-20" /><INIT seed="2,0,0,0,3,63" ten="210,340,240,210" oya="2" hai0="37,52,85,39,40,53,66,104,127,44,135,69,80" hai1="11,103,118,73,31,94,133,28,110,125,59,16,131" hai2="2,50,19,35,132,87,86,102,27,20,38,114,81" hai3="83,108,64,13,0,42,126,92,12,30,55,124,43"/><V34/><F38/><W6/><G0/><T3/><D104/><U58/><E73/><V61/><F114/><W1/><G1/><T119/><D3/><U49/><E118/><V71/><F2/><W111/><G30/><T72/><D72/><U15/><E125/><N who="3" m="48234" /><G55/><T9/><D127/><U84/><E131/><V82/><F132/><W97/><G83/><T120/><D120/><U74/><E74/><V10/><F102/><W45/><G43/><T14/><D135/><U113/><E113/><V129/><F129/><W24/><G24/><T51/><D119/><U67/><E110/><N who="3" m="42026" /><G6/><N who="0" m="3383" /><D37/><U105/><E105/><V70/><F82/><W89/><G64/><T106/><D106/><U88/><E103/><V56/><F81/><W115/><G115/><T23/><D39/><AGARI ba="0,0" hai="12,13,39,42,45,89,92,97" m="42026,48234" machi="39" ten="30,2000,0" yaku="18,1,14,1" doraHai="63" who="3" fromWho="0" sc="210,-20,340,0,240,0,210,20" /><INIT seed="3,0,0,0,1,108" ten="190,340,240,230" oya="3" hai0="128,58,107,29,122,13,95,11,105,113,80,125,120" hai1="0,10,90,103,133,124,46,102,42,30,115,135,104" hai2="94,100,15,76,39,64,18,28,20,71,14,89,118" hai3="47,96,35,49,45,63,57,134,61,4,22,65,110"/><W5/><G35/><T101/><D128/><U132/><E104/><V92/><F118/><W81/><G110/><T114/><D125/><U123/><E123/><V44/><F28/><W50/><G81/><T53/><D29/><U117/><E124/><V36/><F76/><W77/><G77/><T70/><D70/><U66/><E66/><V87/><F44/><N who="3" m="16971" /><G96/><T85/><D95/><U37/><E117/><V82/><F92/><W112/><G22/><T119/><D119/><U55/><E55/><V16/><F64/><N who="3" m="38959" /><G5/><T8/><D122/><U72/><E115/><N who="0" m="44041" /><D120/><U26/><E90/><V109/><F71/><N who="3" m="42431" /><G4/><N who="0" m="3207" /><D11/><U3/><E72/><V98/><F109/><W17/><G17/><T1/><D1/><N who="1" m="587" /><E10/><AGARI ba="0,0" hai="10,14,15,16,18,20,36,39,82,87,89,94,98,100" machi="10" ten="30,2000,0" yaku="7,1,54,1" doraHai="108" who="2" fromWho="1" sc="190,0,340,-20,240,20,230,0" /><INIT seed="4,0,0,0,4,24" ten="190,320,260,230" oya="0" hai0="10,77,128,107,21,30,63,112,89,131,2,102,78" hai1="100,20,29,87,33,85,49,65,134,3,76,8,126" hai2="4,22,46,91,72,54,67,92,114,44,130,104,71" hai3="101,6,1,56,23,11,60,55,58,80,74,61,82"/><T70/><D112/><U123/><E123/><V37/><F104/><W127/><G127/><T62/><D89/><U96/><E126/><V68/><F72/><W95/><G74/><T28/><D102/><U32/><E134/><V26/><F114/><W27/><G101/><T57/><D107/><U118/><E118/><V5/><F130/><N who="0" m="49706" /><D21/><U120/><E120/><V84/><F46/><W15/><G95/><T94/><D94/><U97/><E65/><V64/><F68/><W132/><G1/><T115/><D115/><U86/><E76/><N who="0" m="29289" /><D70/><U7/><E96/><V106/><F106/><W0/><G0/><T125/><D125/><U83/><E83/><V93/><F71/><W116/><G116/><T47/><D47/><U98/><E98/><V105/><F105/><W129/><G132/><T31/><D57/><U79/><E97/><V42/><F93/><W124/><G124/><T50/><D50/><U40/><E79/><V73/><F73/><W121/><G121/><T99/><D99/><U69/><E69/><V117/><F117/><W45/><G45/><T66/><D66/><U119/><E119/><V17/><F64/><N who="3" m="38919" /><G129/><T103/><D103/><U122/><E122/><V35/><F67/><W14/><G80/><T111/><D111/><U39/><E49/><N who="2" m="28967" /><F92/><W38/><G82/><T109/><D109/><U113/><E100/><V12/><F91/><W81/><G81/><T16/><D16/><U108/><E108/><V110/><F110/><W51/><G51/><T59/><D59/><U88/><E113/><V90/><F90/><W9/><G58/><T36/><D36/><RYUUKYOKU ba="0,0" sc="190,30,320,-10,260,-10,230,-10" hai0="2,10,28,30,31,62,63" /><INIT seed="4,1,0,0,5,39" ten="220,310,250,220" oya="0" hai0="36,83,1,111,102,72,113,67,82,125,122,28,31" hai1="20,118,115,32,24,112,59,17,15,13,61,95,100" hai2="22,130,75,42,65,97,69,25,30,132,40,51,103" hai3="44,92,64,89,131,74,86,99,110,52,127,105,56"/><T94/><D122/><U133/><E118/><V116/><F75/><W121/><G110/><T7/><D111/><U91/><E100/><V135/><F116/><W88/><G121/><T119/><D119/><U76/><E76/><V26/><F130/><W79/><G131/><T108/><D108/><U6/><E32/><V9/><F51/><W101/><G127/><T47/><D125/><U45/><E45/><V84/><F9/><W98/><G64/><T134/><D67/><U71/><E71/><V11/><F11/><W73/><G79/><T81/><D72/><U78/><E78/><V87/><F26/><W104/><G44/><T5/><D113/><N who="1" m="43595" /><E6/><N who="0" m="2057" /><D36/><U4/><E4/><V49/><F65/><W27/><G27/><T12/><D134/><N who="2" m="51242" /><F69/><W3/><G3/><T129/><D1/><U18/><E18/><V0/><F0/><W66/><G66/><T109/><D109/><U10/><E10/><V50/><F50/><W38/><G38/><T90/><D102/><U21/><E21/><V123/><F49/><W23/><G23/><T62/><D129/><U117/><E117/><V46/><F46/><W54/><G105/><T8/><D47/><U33/><E33/><V57/><F57/><W58/><G56/><T2/><D2/><U43/><E133/><V19/><F19/><W106/><G104/><T53/><D8/><U37/><E59/><V35/><F35/><W14/><G58/><N who="0" m="35151" /><D12/><N who="1" m="4683" /><E61/><V85/><F123/><W68/><G14/><T77/><D77/><U41/><E37/><V96/><F103/><W63/><G68/><T107/><D107/><U34/><E34/><RYUUKYOKU ba="1,0" sc="220,10,310,10,250,10,220,-30" hai0="28,31,81,82,83,90,94" hai1="17,20,24,41,43,91,95" hai2="22,25,30,40,42,84,85,87,96,97" /><INIT seed="4,2,0,2,1,18" ten="230,320,260,190" oya="0" hai0="6,33,124,129,60,43,14,115,36,26,42,30,78" hai1="93,49,104,127,91,34,19,70,108,79,97,77,71" hai2="31,123,134,29,107,41,10,85,0,9,57,66,99" hai3="53,119,35,39,74,83,92,7,94,73,103,96,110"/><T100/><D115/><U125/><E34/><V109/><F109/><W52/><G119/><T135/><D135/><U111/><E49/><V114/><F123/><W82/><G110/><N who="1" m="42026" /><E19/><V68/><F68/><N who="1" m="26153" /><E104/><V62/><F107/><W89/><G39/><T98/><D129/><U40/><E40/><V132/><F41/><W122/><G35/><T20/><D124/><AGARI ba="2,0" hai="77,79,91,93,97,124,125,127" m="26153,42026" machi="124" ten="40,1300,0" yaku="18,1" doraHai="18" who="1" fromWho="0" sc="230,-19,320,19,260,0,190,0" /><INIT seed="5,0,0,4,1,1" ten="211,339,260,190" oya="1" hai0="45,48,52,133,6,113,34,24,83,57,106,64,35" hai1="123,63,134,92,33,36,50,13,23,84,86,79,94" hai2="101,9,49,31,21,105,30,124,69,28,32,93,115" hai3="7,74,0,46,54,87,56,62,90,71,89,29,3"/><U72/><E36/><V85/><F32/><W114/><G74/><T126/><D106/><U118/><E33/><V61/><F124/><W107/><G107/><T41/><D126/><U14/><E134/><V43/><F105/><W60/><G114/><T120/><D113/><U18/><E72/><V67/><F115/><W112/><G112/><T96/><D133/><U78/><E118/><V2/><F21/><W70/><G29/><T40/><D120/><U116/><E116/><V102/><F93/><W135/><G135/><T108/><D108/><U75/><E75/><V42/><F85/><W44/><G87/><T95/><D83/><U59/><E86/><V128/><F128/><W17/><G17/><T97/><D35/><U8/><E50/><V117/><F117/><W88/><G90/><T15/><D24/><U111/><E111/><V100/><REACH who="2" step="1"/><F49/><REACH who="2" ten="211,339,250,190" step="2"/><W80/><G80/><T47/><D34/><U130/><E130/><V127/><F127/><W121/><G121/><T22/><D22/><U119/><E119/><V122/><F122/><W10/><G10/><N who="0" m="4567" /><D95/><N who="1" m="36395" /><E84/><V77/><F77/><W99/><G99/><N who="0" m="37963" /><D47/><U53/><E123/><V109/><F109/><W25/><G46/><T129/><D129/><U132/><E132/><V51/><F51/><W103/><G44/><T27/><D45/><U20/><E20/><V38/><F38/><W104/><G104/><T81/><D81/><U55/><E79/><V16/><F16/><W76/><G76/><T26/><D48/><U82/><E78/><V19/><F19/><W73/><G73/><T68/><D26/><U39/><E39/><RYUUKYOKU ba="0,1" sc="211,-10,339,-10,250,30,190,-10" hai2="2,9,28,30,31,42,43,61,67,69,100,101,102" /><INIT seed="6,1,1,4,1,28" ten="201,329,280,180" oya="2" hai0="101,48,114,11,73,108,120,3,112,63,66,54,82" hai1="50,110,100,30,135,67,35,20,9,84,62,61,92" hai2="128,71,74,97,126,45,121,16,65,60,64,98,81" hai3="103,68,13,5,94,134,33,95,70,17,52,21,125"/><V7/><F121/><W87/><G125/><T43/><D120/><U15/><E110/><V113/><F126/><W44/><G134/><T23/><D108/><U116/><E116/><V118/><F118/><W89/><G5/><T51/><D101/><U59/><E135/><V72/><F7/><W96/><REACH who="3" step="1"/><G33/><REACH who="3" ten="201,329,280,170" step="2"/><T57/><D114/><U123/><E35/><V109/><F113/><W49/><AGARI ba="1,2" hai="13,17,21,44,49,52,68,70,87,89,94,95,96,103" machi="49" ten="30,7900,0" yaku="1,1,2,1,0,1,54,1,53,0" doraHai="28" doraHaiUra="2" who="3" fromWho="3" sc="201,-21,329,-21,280,-40,170,102" /><INIT seed="7,0,0,5,0,97" ten="180,308,240,272" oya="3" hai0="88,102,115,81,71,85,19,83,32,109,56,69,124" hai1="125,39,49,108,122,33,129,27,3,98,74,40,101" hai2="58,131,43,4,45,118,20,77,67,84,15,90,38" hai3="113,62,110,100,0,17,5,23,54,116,130,52,76"/><W12/><G116/><T95/><D109/><U24/><E74/><V75/><F118/><W55/><G110/><T80/><D124/><U53/><E122/><V9/><F131/><W72/><G130/><T66/><D32/><U50/><E3/><V31/><F75/><W41/><G113/><T57/><D115/><U106/><E108/><V36/><F77/><W78/><G72/><T91/><D69/><U18/><E129/><V117/><F117/><W29/><G41/><T6/><D6/><U64/><E125/><V93/><F67/><W107/><G29/><T47/><D71/><U70/><E18/><V14/><F58/><N who="0" m="22634" /><D66/><U11/><E11/><V135/><F135/><W61/><G0/><T86/><D47/><N who="1" m="23967" /><E24/><V26/><F38/><W1/><G1/><AGARI ba="0,0" hai="1,4,9,14,15,20,26,31,36,43,45,84,90,93" machi="1" ten="30,1000,0" yaku="7,1" doraHai="97" who="2" fromWho="3" sc="180,0,308,0,240,10,272,-10" owari="180,-32.0,308,41.0,250,-15.0,262,6.0" /></mjloggm>