<mjloggm ver="2.3"><GO type="185" lobby="0"/><UN n0="%E3%83%A2%E3%83%AA%E3%82%AA%E3%83%B3%E3%81%AE%E5%A7%AB" n1="%E9%96%A2%E8%A5%BF%E9%9B%80%E5%A3%AB%E4%BC%9A" n2="%4B%69%64%6F%37%35%30%30" n3="" dan="16,16,16,0" rate="2258.60,2098.16,2116.18,1500.00" sx="F,M,M,C"/><TAIKYOKU oya="0"/><INIT seed="0,0,0,0,1,37" ten="350,350,350,0" oya="0" hai0="36,60,50,72,119,68,126,130,102,32,77,107,124" hai1="132,92,133,76,108,106,54,75,42,135,56,69,123" hai2="34,81,49,0,99,100,65,38,111,104,84,110,94" hai3=""/><T40/><D119/><U90/><N who="1" m="31520" /><U98/><E69/><V127/><F34/><T114/><D32/><U39/><E108/><N who="2" m="41515" /><F0/><T47/><D114/><U109/><E109/><V128/><F38/><T33/><D33/><U74/><E106/><V46/><F65/><T48/><D130/><U105/><E105/><V58/><F128/><T3/><D3/><U45/><REACH who="1" step="1"/><E76/><REACH who="1" ten="350,340,350,0" step="2"/><V87/><F104/><T64/><D107/><U59/><E59/><V118/><F58/><T85/><D102/><U129/><E129/><V112/><F118/><T67/><D124/><U43/><E43/><V122/><N who="2" m="31264" /><V41/><F127/><T131/><D126/><U116/><E116/><V86/><F112/><T44/><D131/><U83/><E83/><AGARI ba="0,1" hai="41,46,49,81,83,84,86,87,94,99,100" m="31264,41515" machi="83" ten="30,3900,0" yaku="14,1,52,2" doraHai="37" who="2" fromWho="1" sc="350,0,340,-39,350,49,0,0" /><INIT seed="1,0,0,4,4,78" ten="350,301,399,0" oya="1" hai0="42,108,120,84,107,1,77,94,111,101,113,64,124" hai1="38,129,37,100,32,55,106,103,115,44,45,104,41" hai2="48,116,85,93,70,102,127,53,62,40,98,0,46" hai3=""/><U99/><E115/><V69/><F127/><T135/><N who="0" m="30752" /><T74/><D1/><U86/><E129/><V43/><F116/><T133/><D42/><U56/><E32/><V52/><F0/><T112/><D64/><U125/><E125/><V71/><F53/><T34/><D34/><U65/><E65/><V109/><F109/><N who="0" m="42058" /><D124/><U76/><E76/><V131/><F131/><T33/><D33/><U118/><E118/><V3/><F3/><T75/><D107/><U49/><E86/><V73/><F73/><N who="0" m="27658" /><D101/><U119/><E119/><V61/><F85/><T67/><D67/><U36/><E44/><V66/><REACH who="2" step="1"/><F62/><REACH who="2" ten="350,301,389,0" step="2"/><T89/><D77/><U59/><E55/><V130/><F130/><T105/><D105/><U60/><REACH who="1" step="1"/><E60/><REACH who="1" ten="350,291,389,0" step="2"/><V47/><F47/><T87/><D87/><U82/><E82/><V132/><F132/><AGARI ba="0,2" hai="84,89,94,112,113,132,133,135" m="27658,42058,30752" machi="132" ten="40,8000,1" yaku="20,1,14,1,34,2,52,1" doraHai="78" who="0" fromWho="2" sc="350,100,291,0,389,-80,0,0" /><INIT seed="2,0,0,0,0,53" ten="450,291,309,0" oya="2" hai0="114,119,113,103,117,123,1,75,124,42,127,82,85" hai1="91,69,48,120,109,3,94,2,40,56,110,33,35" hai2="133,36,54,134,99,78,51,95,93,55,66,100,87" hai3=""/><V104/><F36/><T135/><N who="0" m="31520" /><T61/><D1/><U43/><N who="1" m="30752" /><U107/><E69/><V122/><N who="2" m="31264" /><V128/><F66/><T84/><D42/><U62/><E107/><V83/><F128/><T32/><D32/><U116/><E116/><N who="0" m="44617" /><D61/><U88/><E48/><V52/><REACH who="2" step="1"/><F51/><REACH who="2" ten="450,291,299,0" step="2"/><T102/><D113/><U44/><E35/><V97/><F97/><T121/><D114/><U70/><E33/><V111/><F111/><T131/><D131/><U47/><E2/><V106/><F106/><T129/><D129/><U68/><E3/><V37/><F37/><T0/><D0/><U45/><E110/><V46/><F46/><T73/><N who="0" m="31008" /><T57/><D135/><AGARI ba="0,1" hai="52,54,55,78,83,87,93,95,99,100,104,133,134,135" m="31264" machi="135" ten="40,12000,1" yaku="1,1,20,1,52,1,54,1,53,1" doraHai="53" doraHaiUra="96" who="2" fromWho="0" sc="450,-120,291,0,299,130,0,0" /><INIT seed="2,1,0,2,3,85" ten="330,291,429,0" oya="2" hai0="74,67,63,1,102,88,37,70,78,52,61,36,82" hai1="121,90,66,97,56,45,81,111,48,47,49,131,43" hai2="134,32,40,118,101,123,113,126,71,75,62,42,89" hai3=""/><V3/><RYUUKYOKU type="yao9" ba="1,0" sc="330,0,291,0,429,0,0,0" hai2="3,32,40,42,62,71,75,89,101,113,118,123,126,134" /><INIT seed="2,2,0,5,2,84" ten="330,291,429,0" oya="2" hai0="58,96,109,102,105,120,99,52,107,83,76,48,35" hai1="113,93,1,86,134,101,59,3,75,124,80,118,110" hai2="37,114,71,65,72,90,89,68,56,36,129,108,82" hai3=""/><V61/><F72/><T60/><N who="0" m="30752" /><T63/><D35/><U133/><E113/><V94/><F114/><T111/><D107/><U126/><E59/><V53/><F129/><T119/><D119/><U91/><E118/><V87/><F108/><N who="0" m="41546" /><D99/><U45/><E45/><V55/><F71/><T122/><N who="0" m="31264" /><T100/><D100/><U92/><E110/><V69/><F69/><T43/><D43/><U47/><E47/><V78/><F55/><T115/><D115/><U95/><E101/><V135/><F135/><N who="1" m="51721" /><E3/><V46/><F46/><T2/><D2/><U40/><E40/><V74/><REACH who="2" step="1"/><F90/><REACH who="2" ten="330,291,419,0" step="2"/><T104/><D104/><U97/><E1/><V54/><F54/><T88/><D88/><U125/><E97/><V42/><F42/><T66/><D66/><U85/><E75/><AGARI ba="2,1" hai="48,52,58,60,63,75,76,83,96,102,105" m="31264,41546,30752" machi="75" ten="30,7700,0" yaku="14,1,52,2,54,1" doraHai="84" who="0" fromWho="1" sc="330,91,291,-81,419,0,0,0" /><INIT seed="4,0,0,1,5,69" ten="421,210,419,0" oya="0" hai0="135,124,133,63,107,55,113,115,73,49,38,50,47" hai1="59,62,104,67,81,78,79,40,117,74,120,56,72" hai2="53,1,51,42,121,122,127,43,77,106,118,84,60" hai3=""/><T102/><D73/><U126/><N who="1" m="30752" /><U101/><E117/><V75/><N who="2" m="31008" /><V68/><N who="2" m="31264" /><V103/><F1/><T44/><D107/><U57/><E126/><V86/><F75/><T88/><D102/><U46/><E101/><V71/><F127/><T129/><D124/><U96/><E96/><V99/><F118/><T66/><D88/><U33/><E33/><V34/><F34/><T132/><D38/><U64/><E104/><V131/><F131/><T0/><D129/><U111/><E111/><V82/><F71/><T95/><D95/><U52/><E79/><V89/><F60/><T114/><D0/><U134/><E134/><V39/><F39/><T54/><D133/><U61/><E74/><V91/><F68/><AGARI ba="0,0" hai="44,47,49,50,54,55,63,66,68,113,114,115,132,135" machi="68" ten="40,12000,1" yaku="9,1,15,1,34,3" doraHai="69" who="0" fromWho="2" sc="421,120,210,0,419,-120,0,0" /><INIT seed="4,1,0,5,1,70" ten="541,210,299,0" oya="0" hai0="52,85,115,104,35,84,86,43,58,42,113,74,103" hai1="107,54,134,120,44,114,97,33,72,69,49,92,121" hai2="51,55,118,37,111,34,41,98,60,38,124,59,63" hai3=""/><T81/><D35/><U73/><N who="1" m="30752" /><U75/><N who="1" m="31008" /><U78/><E33/><V87/><F34/><T0/><D0/><U45/><E69/><V117/><F111/><T53/><D103/><U62/><E134/><V93/><F87/><T76/><D104/><U101/><E114/><N who="0" m="43529" /><D53/><U96/><E62/><AGARI ba="1,0" hai="42,43,52,58,62,74,76,81,84,85,86" m="43529" machi="62" ten="30,2900,0" yaku="15,1,54,1" doraHai="70" who="0" fromWho="1" sc="541,31,210,-31,299,0,0,0" /><INIT seed="4,2,0,2,0,52" ten="572,179,299,0" oya="0" hai0="124,87,37,111,33,42,67,133,60,85,63,72,3" hai1="69,99,101,118,120,95,2,65,83,54,56,128,77" hai2="105,47,98,81,80,43,117,64,130,71,0,79,86" hai3=""/><T41/><D72/><U88/><N who="1" m="30752" /><U96/><E2/><V90/><F117/><T115/><D115/><U112/><E118/><V76/><F0/><T70/><D3/><U36/><E36/><V45/><F130/><T131/><D131/><U129/><E112/><V84/><F71/><T93/><D124/><U94/><E65/><V106/><F64/><T50/><D133/><U39/><E39/><V35/><F35/><T110/><D33/><U97/><E69/><V125/><F47/><T126/><D126/><U127/><E97/><V48/><F125/><T51/><D37/><U78/><E78/><V102/><F90/><T46/><D93/><AGARI ba="2,0" hai="43,45,48,76,79,80,81,84,86,93,98,102,105,106" machi="93" ten="30,2000,0" yaku="7,1,9,1" doraHai="52" who="2" fromWho="0" sc="572,-24,179,0,299,24,0,0" /><INIT seed="5,0,0,0,2,91" ten="548,179,323,0" oya="1" hai0="89,112,74,109,102,115,71,41,54,77,88,50,121" hai1="133,120,36,106,60,118,62,59,2,79,51,34,35" hai2="135,96,93,52,69,125,130,38,75,114,63,105,72" hai3=""/><U119/><N who="1" m="30752" /><U44/><E106/><V67/><F38/><T104/><N who="0" m="31008" /><T3/><D109/><U55/><E2/><V0/><F0/><T42/><D3/><U87/><E133/><V81/><F135/><T45/><D71/><U99/><E36/><V39/><F39/><T53/><D53/><U116/><E62/><V110/><F110/><T90/><D77/><U61/><E61/><V132/><F132/><T126/><D74/><U66/><E79/><V113/><F130/><T117/><D117/><U33/><E87/><V76/><F125/><T123/><N who="0" m="31520" /><T127/><D41/><U82/><E82/><V134/><F105/><T56/><D102/><U128/><E128/><V103/><F134/><T1/><D1/><U64/><REACH who="1" step="1"/><E99/><REACH who="1" ten="548,169,323,0" step="2"/><V92/><F75/><T98/><D98/><U86/><E86/><V101/><F72/><T49/><D104/><U108/><E108/><V78/><F81/><T37/><D37/><U131/><E131/><V32/><F78/><T68/><D68/><U107/><E107/><V57/><F76/><T80/><D80/><U85/><E85/><V58/><F69/><T46/><D127/><U95/><E95/><V70/><F70/><T40/><D126/><U47/><E47/><RYUUKYOKU ba="0,1" sc="548,10,169,10,323,-20,0,0" hai0="40,42,45,46,49,50,54,56,88,89,90,112,115" hai1="33,34,35,44,51,55,59,60,64,66,116,118,119" /><INIT seed="5,1,1,5,1,65" ten="558,179,303,0" oya="1" hai0="44,49,104,123,71,46,85,84,54,0,117,124,111" hai1="103,37,60,76,116,35,96,94,38,50,125,122,81" hai2="99,135,48,62,129,80,52,53,33,75,61,47,51" hai3=""/><U120/><N who="1" m="30752" /><U64/><N who="1" m="31264" /><U66/><E35/><V102/><F33/><T2/><N who="0" m="31520" /><T118/><D111/><U105/><E116/><N who="0" m="44649" /><D124/><U36/><E125/><V131/><F135/><T91/><D71/><U68/><E66/><V89/><F75/><T90/><D104/><U32/><E32/><V130/><F89/><N who="0" m="33802" /><D44/><U78/><E81/><V57/><REACH who="2" step="1"/><F80/><REACH who="2" ten="558,179,293,0" step="2"/><T43/><D43/><U106/><E106/><AGARI ba="1,2" hai="47,48,51,52,53,57,61,62,99,102,106,129,130,131" machi="106" ten="40,8000,1" yaku="1,1,2,1,19,1,54,1,53,0" doraHai="65" doraHaiUra="3" who="2" fromWho="1" sc="558,0,179,-82,293,102,0,0" /><INIT seed="6,0,0,1,1,58" ten="558,97,395,0" oya="2" hai0="123,2,111,119,83,117,32,75,106,100,130,60,68" hai1="44,103,121,77,84,57,113,135,36,0,85,81,73" hai2="110,82,86,62,134,40,93,104,48,1,64,39,67" hai3=""/><V109/><F104/><T131/><RYUUKYOKU type="yao9" ba="0,0" sc="558,0,97,0,395,0,0,0" hai0="2,32,60,68,75,83,100,106,111,117,119,123,130,131" /><INIT seed="6,1,0,2,4,40" ten="558,97,395,0" oya="2" hai0="47,49,107,89,73,75,74,59,125,53,45,95,43" hai1="63,92,51,55,41,85,101,50,54,128,100,77,116" hai2="129,48,42,134,67,76,102,68,37,65,120,36,66" hai3=""/><V123/><N who="2" m="30752" /><V82/><N who="2" m="31520" /><V106/><F134/><T105/><D125/><U99/><E128/><V135/><F135/><T93/><D45/><U87/><E116/><V61/><F129/><T79/><D79/><U132/><E132/><V103/><F103/><T94/><REACH who="0" step="1"/><D89/><REACH who="0" ten="548,97,395,0" step="2"/><U124/><E124/><V38/><F102/><T110/><D110/><U121/><N who="1" m="31008" /><U3/><E3/><V35/><F35/><T0/><D0/><U114/><E114/><V113/><F113/><T115/><D115/><U88/><E63/><AGARI ba="1,1" hai="43,47,49,53,59,63,73,74,75,93,94,95,105,107" machi="63" ten="50,3200,0" yaku="1,1,52,1,53,0" doraHai="40" doraHaiUra="131" who="0" fromWho="1" sc="548,44,97,-34,395,0,0,0" owari="592,54.0,63,-54.0,395,0.0,0,0.0" /></mjloggm>