<mjloggm ver="2.3"><GO type="185" lobby="0"/><UN n0="%E4%BD%90%E8%97%A4%E7%BE%8E%E5%92%8C%E5%AD%90" n1="%E3%81%BF%E3%83%BC%E3%82%8F" n2="%E9%96%A2%E8%A5%BF%E9%9B%80%E5%A3%AB%E4%BC%9A" n3="" dan="16,17,16,0" rate="2120.94,2257.47,2086.78,1500.00" sx="M,M,M,C"/><TAIKYOKU oya="0"/><INIT seed="0,0,0,1,1,55" ten="350,350,350,0" oya="0" hai0="60,111,64,112,87,118,82,85,107,128,72,50,41" hai1="69,75,133,99,63,94,86,101,58,45,106,109,91" hai2="74,52,59,79,131,53,71,57,93,37,77,39,62" hai3=""/><T105/><D112/><U114/><E114/><V49/><F131/><T51/><D118/><U61/><E109/><V2/><F2/><T56/><D128/><U33/><E33/><V80/><F79/><T46/><D111/><U47/><E133/><V89/><REACH who="2" step="1"/><F71/><REACH who="2" ten="350,350,340,0" step="2"/><T102/><D107/><U98/><E69/><V110/><F110/><T104/><D105/><U66/><E75/><V113/><F113/><T44/><D72/><U92/><REACH who="1" step="1"/><E63/><REACH who="1" ten="350,340,340,0" step="2"/><V34/><F34/><T103/><D60/><U35/><E35/><V115/><F115/><T68/><D68/><U97/><E97/><AGARI ba="0,2" hai="37,39,49,52,53,57,59,62,74,77,80,89,93,97" machi="97" ten="30,8000,1" yaku="1,1,7,1,52,2,54,1,53,0" doraHai="55" doraHaiUra="120" who="2" fromWho="1" sc="350,0,340,-80,340,100,0,0" /><INIT seed="1,0,0,5,3,65" ten="350,260,440,0" oya="1" hai0="57,113,132,120,3,38,32,67,81,88,42,86,46" hai1="109,91,59,68,107,63,124,100,103,58,115,111,125" hai2="53,55,123,72,35,69,33,128,70,66,92,41,36" hai3=""/><U90/><E115/><V131/><N who="2" m="31520" /><V74/><F92/><T78/><N who="0" m="30752" /><T117/><D113/><U47/><E47/><V64/><REACH who="2" step="1"/><F41/><REACH who="2" ten="350,260,430,0" step="2"/><T110/><D42/><U127/><E109/><V94/><F94/><T0/><D110/><U89/><E111/><V82/><F82/><T43/><D81/><U130/><E130/><V97/><F97/><T39/><D43/><U77/><E107/><V112/><F112/><T114/><D114/><U99/><E99/><V62/><F62/><T2/><D2/><U76/><E103/><V48/><F48/><T104/><D3/><U51/><E100/><V1/><F1/><T119/><D0/><U126/><E127/><V40/><F40/><T122/><D104/><U60/><E51/><V34/><F34/><T52/><D32/><U56/><E63/><V108/><F108/><T121/><D121/><U96/><E96/><V50/><F50/><T84/><D122/><U73/><E73/><V102/><F102/><T71/><D39/><AGARI ba="0,1" hai="33,35,36,39,53,55,64,66,69,70,72,74,128,131" m="31520" machi="39" ten="25,12000,2" yaku="1,1,22,2,52,3,53,0" doraHai="65" doraHaiUra="101" who="2" fromWho="0" sc="350,-120,260,0,430,130,0,0" /><INIT seed="2,0,0,2,3,64" ten="230,260,560,0" oya="2" hai0="77,83,76,119,100,78,122,115,45,127,61,105,87" hai1="128,65,60,32,95,34,102,89,112,132,72,82,99" hai2="124,37,108,0,106,88,135,53,71,66,48,117,42" hai3=""/><V68/><F0/><T126/><N who="0" m="31264" /><T116/><D45/><U69/><E112/><V44/><F117/><N who="0" m="45130" /><D115/><U94/><E128/><V98/><F106/><T123/><N who="0" m="31520" /><T131/><D131/><U70/><E132/><V75/><F75/><T49/><D49/><U90/><E70/><V96/><F135/><T104/><D61/><U79/><REACH who="1" step="1"/><E102/><REACH who="1" ten="230,250,560,0" step="2"/><V133/><F133/><T93/><D126/><U125/><E125/><V130/><F124/><T3/><D127/><U109/><E109/><V51/><F130/><T54/><D3/><U73/><E73/><V74/><F74/><T59/><D100/><U35/><E35/><V62/><F108/><T43/><D77/><U134/><E134/><V1/><F1/><T56/><D78/><U92/><E92/><V47/><F71/><T2/><D93/><U84/><AGARI ba="0,1" hai="32,34,60,65,69,72,79,82,84,89,90,94,95,99" machi="84" ten="20,3900,0" yaku="1,1,0,1,7,1,52,1,53,0" doraHai="64" doraHaiUra="118" who="1" fromWho="1" sc="230,-13,250,49,560,-26,0,0" /><INIT seed="4,0,0,4,1,47" ten="217,299,534,0" oya="0" hai0="80,127,114,45,100,40,57,74,39,85,113,125,55" hai1="99,83,133,116,88,78,96,68,103,122,91,59,104" hai2="102,119,1,36,77,37,72,92,111,90,107,46,38" hai3=""/><T60/><D74/><U34/><N who="1" m="31264" /><U132/><E34/><V87/><F1/><T129/><D100/><U86/><E68/><V126/><F111/><T52/><D129/><U2/><E2/><V65/><F126/><N who="0" m="48138" /><D80/><U58/><E58/><V79/><F119/><T67/><D85/><U35/><E35/><V43/><F65/><T134/><D134/><N who="1" m="51819" /><E59/><V73/><F73/><T56/><D67/><U130/><E116/><V32/><F32/><T44/><D44/><U118/><E130/><V61/><F61/><AGARI ba="0,0" hai="39,40,45,52,55,56,57,60,61,113,114" m="48138" machi="61" ten="30,11600,0" yaku="18,1,34,2,54,1" doraHai="47" who="0" fromWho="2" sc="217,116,299,0,534,-116,0,0" /><INIT seed="4,1,0,4,4,87" ten="333,299,418,0" oya="0" hai0="115,66,0,44,85,63,92,131,102,3,40,124,98" hai1="93,37,50,32,134,126,58,83,106,89,108,67,118" hai2="116,91,41,104,77,35,65,46,61,57,53,76,96" hai3=""/><T111/><D115/><U1/><E50/><V123/><N who="2" m="31520" /><V84/><F35/><T70/><D131/><U51/><E58/><V72/><F116/><T103/><D124/><U86/><E51/><V81/><F65/><T109/><D102/><U78/><E67/><V112/><F112/><T121/><N who="0" m="31008" /><T39/><REACH who="0" step="1"/><D85/><REACH who="0" ten="323,299,418,0" step="2"/><U101/><E126/><V105/><F96/><T48/><D48/><U64/><E101/><V90/><F72/><T56/><D56/><U33/><E86/><V117/><F117/><T34/><D34/><U119/><E118/><V73/><F73/><T88/><D88/><U54/><E89/><V99/><F77/><T71/><D71/><U2/><E78/><V128/><F128/><T62/><D62/><U110/><E119/><V97/><F97/><T60/><D60/><U49/><E33/><V42/><F99/><T45/><D45/><U130/><E32/><V43/><REACH who="2" step="1"/><F46/><REACH who="2" ten="323,299,408,0" step="2"/><T125/><D125/><U59/><E130/><V95/><F95/><T74/><D74/><U82/><E64/><V38/><F38/><T133/><D133/><U122/><E37/><V79/><F79/><T135/><D135/><U52/><E134/><V94/><F94/><T55/><D55/><U107/><E52/><RYUUKYOKU ba="1,2" sc="323,10,299,-20,408,10,0,0" hai0="0,3,39,40,44,63,66,70,92,98,103,109,111" hai2="41,42,43,53,57,61,76,81,84,90,91,104,105" /><INIT seed="4,2,2,2,2,36" ten="333,279,418,0" oya="0" hai0="55,101,120,61,77,42,45,63,134,98,68,82,111" hai1="76,32,37,122,75,34,67,132,95,58,79,128,135" hai2="47,46,119,116,100,60,53,130,64,118,113,94,89" hai3=""/><T121/><N who="0" m="30752" /><T39/><N who="0" m="31008" /><T112/><D112/><U56/><N who="1" m="31264" /><U108/><E108/><V126/><F113/><T54/><D111/><U127/><E127/><V49/><F126/><T74/><D134/><N who="1" m="51243" /><E128/><V78/><F130/><T59/><D68/><U110/><E110/><V1/><F1/><T80/><D80/><U85/><E37/><V73/><F100/><T131/><D131/><U117/><E117/><V84/><F73/><T48/><REACH who="0" step="1"/><D54/><REACH who="0" ten="323,279,418,0" step="2"/><U2/><E2/><V114/><F114/><T62/><D62/><U125/><E125/><V104/><F104/><AGARI ba="2,3" hai="39,42,45,48,55,59,61,63,74,77,82,98,101,104" m="31008,30752" machi="104" ten="30,18000,2" yaku="1,1,7,1,52,3,53,1" doraHai="36" doraHaiUra="93" who="0" fromWho="2" sc="323,214,279,0,418,-184,0,0" /><INIT seed="4,3,0,1,3,58" ten="537,279,234,0" oya="0" hai0="121,75,49,62,106,101,55,97,53,117,48,134,92" hai1="33,79,66,83,44,51,69,50,60,124,113,104,82" hai2="35,110,126,76,3,115,57,59,118,90,37,65,116" hai3=""/><T105/><N who="0" m="31008" /><T102/><D117/><N who="2" m="45162" /><F110/><T43/><D75/><U80/><E33/><V128/><F35/><T81/><D81/><U56/><E124/><V108/><F108/><T87/><D43/><U42/><E113/><V38/><F3/><T125/><D134/><U96/><E79/><V127/><F115/><T131/><D131/><U103/><REACH who="1" step="1"/><E69/><REACH who="1" ten="537,269,234,0" step="2"/><V114/><F114/><T63/><D125/><N who="2" m="47626" /><F76/><T89/><D106/><U47/><E47/><V122/><N who="2" m="31264" /><V88/><F128/><T34/><D34/><U1/><E1/><V40/><F40/><T129/><D129/><U67/><E67/><V39/><F65/><T91/><D105/><U98/><E98/><V100/><F100/><T2/><D2/><U123/><N who="1" m="31520" /><U132/><E132/><V93/><F93/><T71/><D97/><U119/><E119/><V112/><F112/><T70/><D92/><U135/><E135/><V72/><F72/><T0/><D0/><U99/><E99/><V61/><F59/><T41/><D41/><U46/><E46/><V130/><F130/><T94/><D94/><U84/><E84/><AGARI ba="3,1" hai="48,49,53,55,62,63,70,71,84,87,89,91,101,102" m="31008" machi="84" ten="25,12000,1" yaku="22,2,52,3" doraHai="58" who="0" fromWho="1" sc="537,136,269,-126,234,0,0,0" /><INIT seed="4,4,0,2,5,77" ten="673,143,234,0" oya="0" hai0="111,54,133,122,66,37,38,103,49,57,87,124,113" hai1="118,35,106,0,135,78,90,71,123,98,94,44,109" hai2="58,79,33,110,55,59,75,46,102,114,56,76,74" hai3=""/><T69/><N who="0" m="31264" /><T83/><D113/><U92/><N who="1" m="31520" /><U1/><E35/><V2/><F2/><T97/><D133/><U70/><E135/><V117/><F110/><T40/><D111/><U99/><E118/><V81/><F117/><T63/><D124/><U134/><E134/><V95/><F114/><T50/><D50/><U116/><E116/><V67/><F33/><T3/><D3/><U32/><E32/><V107/><F107/><T130/><D130/><U132/><E132/><V41/><F67/><T80/><D40/><U100/><E109/><V45/><F55/><T108/><D83/><U120/><N who="1" m="30752" /><U128/><E128/><V104/><F104/><T51/><D51/><U52/><E78/><V112/><F112/><T73/><D73/><U72/><E72/><V121/><N who="2" m="31008" /><V34/><F34/><T115/><D115/><U119/><E119/><V89/><F102/><T60/><D108/><U36/><E106/><V101/><F101/><T126/><D126/><U91/><E100/><V82/><F41/><T53/><D103/><U62/><E0/><V65/><F65/><T85/><D66/><U125/><E1/><V68/><F68/><T86/><D69/><U64/><E71/><V127/><F127/><RYUUKYOKU ba="4,0" sc="673,-10,143,-10,234,20,0,0" hai2="45,46,56,58,59,74,75,76,79,81,82,89,95" /><INIT seed="5,5,0,3,5,107" ten="663,133,254,0" oya="1" hai0="51,54,62,60,84,67,95,100,87,94,32,115,85" hai1="104,118,89,114,90,49,66,135,73,1,42,134,65" hai2="106,64,74,39,123,122,112,93,0,102,41,131,33" hai3=""/><U63/><E118/><V43/><N who="2" m="31264" /><V34/><N who="2" m="31520" /><V38/><F0/><T88/><D32/><U56/><E1/><V130/><F93/><T58/><D115/><U120/><N who="1" m="30752" /><U103/><E114/><V44/><F112/><T129/><D129/><N who="2" m="49162" /><F64/><T78/><D78/><U71/><E73/><V55/><F55/><T124/><D124/><U2/><E2/><V119/><F119/><T80/><D62/><U59/><E103/><V96/><F74/><T128/><D128/><U57/><E104/><V86/><F86/><N who="0" m="33386" /><D100/><U47/><REACH who="1" step="1"/><E66/><REACH who="1" ten="663,123,254,0" step="2"/><V105/><F106/><T91/><D91/><AGARI ba="5,1" hai="42,47,49,56,57,59,63,65,71,89,90,91,134,135" m="30752" machi="91" ten="40,7700,0" yaku="1,1,2,1,52,1,53,0" doraHai="107" doraHaiUra="75" who="1" fromWho="0" sc="663,-87,123,97,254,0,0,0" /><INIT seed="5,6,0,2,1,125" ten="576,220,254,0" oya="1" hai0="44,3,0,81,103,119,51,45,62,104,52,131,107" hai1="87,115,38,72,33,46,47,135,133,132,67,69,106" hai2="94,128,64,124,116,129,49,92,96,39,114,85,74" hai3=""/><U93/><E33/><V61/><F116/><T56/><D119/><U109/><E115/><V90/><F39/><T78/><D131/><N who="2" m="50250" /><F124/><T59/><D59/><U97/><E109/><V66/><F74/><T60/><D60/><U35/><E35/><V79/><F114/><T1/><D103/><U126/><E126/><V73/><F49/><T112/><D45/><U91/><E72/><V75/><F79/><T89/><D89/><U37/><E37/><V84/><F66/><T99/><D112/><U122/><N who="1" m="31264" /><U54/><E38/><V95/><F84/><T55/><D51/><U58/><E67/><V86/><F86/><T113/><D113/><U110/><E87/><V101/><F94/><T134/><D3/><U57/><E93/><V32/><F32/><T41/><D1/><U123/><N who="1" m="31520" /><U40/><E133/><V100/><F100/><T127/><D134/><U43/><E135/><V36/><F36/><T68/><D127/><U50/><E132/><V105/><F95/><T34/><D34/><U102/><E50/><V111/><F111/><T77/><D0/><U80/><E110/><V42/><F42/><T82/><D41/><U48/><E40/><V117/><F117/><T71/><D78/><U83/><E43/><RYUUKYOKU ba="6,0" sc="576,-10,220,-10,254,20,0,0" hai2="61,64,73,75,85,90,92,96,101,105" /><INIT seed="6,7,0,2,5,61" ten="566,210,274,0" oya="2" hai0="76,65,111,109,37,115,94,39,98,60,127,123,79" hai1="125,46,70,40,51,54,129,133,43,135,97,38,93" hai2="105,130,91,50,106,121,59,78,67,101,108,56,42" hai3=""/><V118/><N who="2" m="31008" /><V57/><F118/><T122/><N who="0" m="31264" /><T33/><N who="0" m="31520" /><T104/><D33/><U86/><E86/><V92/><F130/><T120/><N who="0" m="30752" /><T84/><D104/><U132/><E129/><V134/><F134/><T100/><D127/><U119/><E119/><V112/><F112/><T52/><D115/><U110/><E110/><V36/><F36/><T45/><D39/><U48/><E125/><V117/><F117/><T2/><D2/><U63/><E38/><V116/><F116/><T53/><D53/><U55/><E93/><V89/><F78/><T68/><D79/><U87/><E97/><V96/><F108/><T124/><D124/><U77/><E87/><V131/><F131/><T114/><D114/><U82/><E82/><V107/><REACH who="2" step="1"/><F67/><REACH who="2" ten="566,210,264,0" step="2"/><T113/><D113/><U72/><E77/><V90/><F90/><T62/><D37/><U32/><E32/><V34/><F34/><T99/><D76/><U69/><E72/><V128/><F128/><T66/><D66/><U3/><E3/><V85/><F85/><T71/><D84/><U83/><E83/><V74/><F74/><T58/><D65/><U102/><E133/><V44/><AGARI ba="7,1" hai="42,44,50,56,57,59,89,91,92,96,101,105,106,107" m="31008" machi="44" ten="40,5200,0" yaku="1,1,0,1,52,1,53,0" doraHai="61" doraHaiUra="1" who="2" fromWho="2" sc="566,-33,210,-33,264,76,0,0" /><INIT seed="6,8,0,4,1,110" ten="533,177,340,0" oya="2" hai0="45,77,2,114,111,113,81,49,128,57,55,103,94" hai1="72,37,101,79,82,40,87,78,69,76,134,118,61" hai2="119,43,132,1,39,38,98,84,109,117,47,131,35" hai3=""/><V125/><F35/><T89/><D128/><U123/><N who="1" m="31520" /><U102/><E61/><V80/><F1/><T41/><D103/><U107/><E69/><V91/><F132/><T90/><D111/><U63/><E40/><V95/><F131/><T130/><D2/><U127/><E63/><V105/><F125/><T46/><D46/><U42/><E37/><V51/><F105/><T52/><D55/><U122/><N who="1" m="31264" /><U34/><E42/><V97/><F97/><T32/><D32/><U121/><N who="1" m="31008" /><U70/><E70/><V99/><F99/><T135/><D135/><U86/><E34/><V50/><F109/><T64/><D64/><U133/><E127/><V73/><F73/><T129/><D129/><U124/><E124/><V75/><F75/><T54/><D54/><U126/><E126/><V92/><F92/><T83/><D130/><U115/><E115/><N who="0" m="44041" /><D94/><U67/><E118/><V56/><F119/><T88/><D77/><N who="1" m="29803" /><E67/><V36/><F117/><T0/><D0/><U62/><E62/><AGARI ba="8,0" hai="41,45,49,52,57,62,81,83,88,89,90" m="44041" machi="62" ten="30,12000,2" yaku="15,1,11,1,52,3,54,2" doraHai="110" who="0" fromWho="1" sc="533,136,177,-136,340,0,0,0" owari="669,62.0,41,-56.0,340,-6.0,0,0.0" /></mjloggm>