<mjloggm ver="2.3"><GO type="169" lobby="0"/><UN n0="%51%6F%6F%E5%9D%8A" n1="%E3%81%B4%E3%83%BC%E3%81%8A%E3%81%8B" n2="%7A%65%52%6F" n3="%7A%6F%6F%31%39%36%34" dan="16,16,18,18" rate="2134.75,2170.66,2169.81,2228.16" sx="M,M,M,M"/><TAIKYOKU oya="0"/><INIT seed="0,0,0,2,0,78" ten="250,250,250,250" oya="0" hai0="105,60,10,31,130,82,79,8,62,64,12,104,75" hai1="115,108,134,118,113,85,53,22,116,29,43,109,14" hai2="40,35,33,49,66,34,68,19,47,90,132,93,74" hai3="7,94,77,42,92,61,23,30,27,69,41,112,70"/><T36/><D36/><U126/><E43/><V52/><F132/><W101/><G112/><N who="1" m="43082" /><E85/><V1/><F1/><W4/><G77/><T46/><D130/><U25/><E53/><V76/><F19/><W20/><G27/><T3/><D3/><U102/><E102/><V16/><F68/><W120/><G101/><T0/><D0/><U48/><E48/><V59/><F66/><W106/><G61/><T131/><D131/><U5/><E126/><V123/><F123/><W86/><G86/><T84/><D62/><U9/><E134/><V56/><F16/><W54/><G30/><T88/><D31/><U38/><E38/><V98/><REACH who="2" step="1"/><F40/><REACH who="2" ten="250,250,240,250" step="2"/><W133/><G133/><T124/><D124/><U99/><E99/><V73/><F73/><W58/><G120/><T24/><D24/><U107/><E107/><V121/><F121/><W11/><G106/><T91/><D10/><U125/><E125/><V39/><F39/><W129/><G129/><T81/><D46/><U127/><E127/><V83/><AGARI ba="0,1" hai="33,34,35,47,49,52,56,59,74,76,83,90,93,98" machi="83" ten="40,8000,1" yaku="1,1,0,1,52,1,54,1,53,0" doraHai="78" doraHaiUra="111" who="2" fromWho="2" sc="250,-40,250,-20,240,90,250,-20" /><INIT seed="1,0,0,2,0,105" ten="210,230,330,230" oya="1" hai0="83,70,89,20,48,120,38,21,65,6,78,49,35" hai1="85,15,41,95,90,88,72,69,123,5,110,43,100" hai2="52,128,122,118,17,4,24,11,63,0,93,115,59" hai3="58,101,86,116,18,131,73,8,81,13,53,94,1"/><U129/><E123/><V126/><F118/><W99/><G131/><T34/><D38/><U42/><E69/><V66/><F128/><W47/><G116/><T36/><D36/><U134/><E129/><V114/><F122/><W68/><G68/><T46/><D120/><U10/><E134/><V109/><F109/><W57/><G1/><T27/><D70/><U82/><E110/><V108/><F108/><W80/><G73/><T102/><D102/><U77/><E100/><V107/><F107/><W92/><G92/><T7/><D65/><U56/><E56/><V104/><F104/><W79/><G81/><T119/><D89/><U19/><REACH who="1" step="1"/><E90/><REACH who="1" ten="210,220,330,230" step="2"/><V40/><F59/><W74/><G58/><T111/><D111/><U50/><E50/><V62/><F62/><W64/><G64/><T124/><D119/><U37/><E37/><V61/><F61/><W67/><G67/><T130/><D48/><U75/><E75/><V39/><F63/><W125/><G74/><T2/><D49/><U91/><E91/><V25/><F66/><W44/><G125/><T9/><D124/><U51/><E51/><AGARI ba="0,1" hai="8,13,18,44,47,51,53,57,79,80,86,94,99,101" machi="51" ten="30,2000,0" yaku="7,1,8,1" doraHai="105" who="3" fromWho="1" sc="210,0,220,-20,330,0,230,30" /><INIT seed="2,0,0,0,0,102" ten="210,200,330,260" oya="2" hai0="36,35,114,1,74,50,13,129,127,0,132,46,11" hai1="125,123,17,18,68,53,22,70,21,8,58,122,67" hai2="113,99,14,92,104,42,95,32,31,9,84,87,108" hai3="56,45,20,5,25,62,60,97,73,10,39,89,101"/><V54/><F113/><W55/><G73/><T119/><RYUUKYOKU type="yao9" ba="0,0" sc="210,0,200,0,330,0,260,0" hai0="0,1,11,13,35,36,46,50,74,114,119,127,129,132" /><INIT seed="2,1,0,3,2,49" ten="210,200,330,260" oya="2" hai0="85,71,23,112,61,69,42,119,99,65,51,135,86" hai1="108,37,11,36,62,105,55,83,5,89,35,73,82" hai2="53,87,115,110,3,15,47,10,78,81,33,63,79" hai3="4,34,17,98,126,21,92,121,30,27,116,8,122"/><V58/><F115/><W22/><G116/><T131/><D112/><U113/><E108/><V13/><F3/><W29/><G126/><T94/><D71/><U19/><E113/><V91/><F33/><W24/><G92/><T14/><D119/><U77/><E105/><V52/><F110/><W46/><G46/><T96/><D96/><U95/><E35/><V54/><F13/><W120/><G98/><T28/><D135/><U16/><E82/><V59/><F47/><W70/><G70/><T134/><D134/><U44/><E36/><V97/><F97/><W72/><G72/><T75/><D75/><U2/><E62/><N who="2" m="36167" /><F53/><W124/><G124/><T117/><D117/><U12/><E12/><V40/><F40/><W32/><G17/><AGARI ba="1,0" hai="10,15,17,54,59,63,78,79,81,87,91" m="36167" machi="17" ten="30,11600,0" yaku="8,1,52,2,54,1" doraHai="49" who="2" fromWho="3" sc="210,0,200,0,330,119,260,-119" /><INIT seed="2,2,0,0,5,25" ten="210,200,449,141" oya="2" hai0="76,115,21,92,12,126,7,108,14,39,129,104,77" hai1="59,106,56,41,71,24,75,36,51,11,64,2,83" hai2="60,107,125,66,50,133,35,117,134,26,116,99,69" hai3="119,52,94,120,47,118,86,102,18,6,28,132,31"/><V27/><F27/><W1/><G120/><T73/><D39/><U54/><E106/><V81/><F81/><W0/><G132/><N who="2" m="50793" /><F50/><N who="3" m="28767" /><G0/><T124/><D104/><U131/><E131/><V82/><F82/><W110/><G1/><T121/><D121/><U8/><E24/><V63/><F63/><W105/><G105/><T97/><D115/><U79/><E56/><V46/><F46/><W78/><G6/><T9/><D129/><U55/><E55/><V67/><F67/><W85/><G110/><T123/><D108/><U20/><E20/><V96/><F125/><N who="0" m="48234" /><D73/><U111/><E2/><V74/><F74/><W109/><G109/><T45/><D45/><N who="1" m="23719" /><E111/><V113/><F113/><W95/><G119/><N who="2" m="45641" /><F107/><W33/><G33/><T135/><D135/><U49/><E49/><V122/><F122/><W17/><G118/><T91/><D123/><U70/><E70/><V103/><F103/><W3/><G3/><T13/><D13/><U112/><E112/><V23/><F35/><W89/><G102/><T38/><D38/><U30/><E71/><V44/><F44/><W130/><G130/><T90/><D14/><U101/><E101/><V98/><F69/><W114/><G114/><T37/><D37/><U80/><E64/><V88/><F66/><W61/><G61/><T128/><D128/><U87/><E75/><V43/><F60/><W5/><G5/><T127/><D127/><U10/><E80/><V57/><F57/><W15/><G78/><N who="0" m="30315" /><D90/><U100/><E100/><V32/><F32/><W58/><G15/><T40/><D40/><U16/><E79/><V19/><F43/><RYUUKYOKU ba="2,0" sc="210,15,200,-15,449,15,141,-15" hai0="7,9,12,21,91,92,97" hai2="19,23,26,88,96,98,99" /><INIT seed="2,3,0,5,0,70" ten="225,185,464,126" oya="2" hai0="67,57,15,110,128,89,0,100,87,120,105,123,118" hai1="16,66,131,59,11,27,39,135,58,33,88,19,79" hai2="31,90,10,134,14,111,96,68,64,36,101,69,21" hai3="109,50,18,107,23,6,55,129,99,122,72,106,85"/><V63/><F134/><W92/><G122/><T77/><D0/><U44/><E135/><V5/><F111/><W45/><G72/><T91/><D110/><U2/><E131/><V13/><F90/><W125/><G129/><T108/><D108/><U86/><E79/><V41/><F69/><W119/><G119/><T130/><D67/><U71/><E71/><V98/><F98/><W49/><G125/><T37/><D15/><U9/><E33/><V35/><F21/><W84/><G6/><T1/><D57/><U24/><E66/><V113/><F113/><W93/><G107/><T104/><D1/><U117/><E2/><V78/><F78/><W17/><G106/><T3/><D3/><U76/><E76/><V42/><F13/><W83/><G83/><T115/><D77/><U133/><E133/><V124/><F36/><W73/><G73/><T54/><D115/><U80/><E44/><V62/><F62/><W74/><G74/><T53/><D118/><U81/><E117/><V116/><F124/><W8/><G50/><T22/><D100/><U29/><E29/><V34/><F34/><W121/><G121/><T7/><D120/><U94/><E94/><N who="3" m="36458" /><G99/><T60/><D123/><U20/><E39/><V65/><F65/><W28/><G109/><T97/><D128/><U47/><E47/><V4/><F4/><W102/><G102/><T43/><D130/><U103/><E103/><V30/><F116/><W82/><G82/><N who="0" m="49399" /><D104/><U52/><E81/><V56/><F68/><W48/><G8/><N who="1" m="3146" /><E52/><N who="0" m="20073" /><D105/><U12/><E12/><V25/><F30/><W32/><G28/><RYUUKYOKU ba="3,0" sc="225,-15,185,15,464,15,126,-15" hai1="16,19,20,24,27,58,59,80,86,88" hai2="5,10,14,25,31,35,41,42,56,63,64,96,101" /><INIT seed="2,4,0,4,2,48" ten="210,200,479,111" oya="2" hai0="115,125,24,38,127,88,12,134,85,73,13,108,116" hai1="71,51,65,84,9,46,111,19,110,130,96,80,7" hai2="74,17,60,72,99,62,119,34,8,118,123,15,30" hai3="97,104,25,113,76,57,132,2,16,83,120,11,41"/><V89/><F123/><W128/><G120/><T59/><D73/><U58/><E130/><V78/><F34/><W44/><G128/><T70/><D38/><U79/><E71/><V43/><F30/><W55/><G132/><T52/><D70/><U37/><E19/><V77/><F74/><W23/><G113/><T122/><D115/><U4/><E96/><V47/><F119/><W39/><G104/><T40/><D40/><U10/><E37/><V135/><F118/><W20/><G97/><T93/><D122/><U27/><E27/><V42/><F42/><W112/><G23/><T22/><D116/><U91/><E58/><V102/><F89/><W18/><G112/><T5/><D134/><U75/><E65/><V45/><F45/><W33/><G33/><T95/><D95/><N who="1" m="54759" /><E4/><V124/><F135/><W129/><G129/><T98/><D85/><U69/><E7/><V107/><F72/><N who="3" m="43399" /><G18/><N who="0" m="12375" /><D108/><N who="1" m="41515" /><E69/><V87/><F87/><W64/><G64/><T50/><D5/><U6/><E6/><V126/><F77/><W56/><G2/><T61/><D50/><U66/><E66/><V49/><REACH who="2" step="1"/><F78/><REACH who="2" ten="210,200,469,111" step="2"/><W36/><G36/><T114/><D114/><U106/><E79/><V133/><F133/><W21/><G39/><T94/><D94/><U81/><E75/><V32/><F32/><W92/><G41/><T117/><D117/><U67/><E106/><V0/><F0/><W3/><G3/><T109/><D109/><U28/><E81/><V29/><F29/><W26/><G44/><T103/><D103/><U82/><E28/><V54/><F54/><W68/><G55/><RYUUKYOKU ba="4,1" sc="210,15,200,-15,469,15,111,-15" hai0="12,13,52,59,61,88,93,98,125,127" hai2="8,15,17,43,47,49,60,62,99,102,107,124,126" /><INIT seed="2,5,1,2,0,102" ten="225,185,484,96" oya="2" hai0="3,79,34,120,130,123,74,23,58,68,65,25,122" hai1="51,98,105,109,1,24,43,22,76,97,18,52,10" hai2="47,127,17,71,12,62,101,37,99,89,41,72,133" hai3="29,48,83,117,80,91,107,106,67,50,66,82,86"/><V28/><F127/><W0/><G29/><T85/><D3/><U15/><E109/><V63/><F133/><W54/><G0/><T53/><D34/><U26/><E1/><V42/><F72/><W75/><G117/><T77/><D74/><U96/><E76/><V118/><F118/><W134/><G134/><T126/><D126/><U61/><E61/><V95/><F71/><W100/><G100/><T131/><D65/><U125/><E125/><V116/><F116/><W11/><G11/><T110/><D68/><U64/><E43/><V35/><F42/><W38/><G38/><T44/><D44/><U73/><E64/><V57/><F57/><W114/><G114/><T9/><D9/><U40/><E40/><V20/><REACH who="2" step="1"/><F101/><REACH who="2" ten="225,185,474,96" step="2"/><W7/><G75/><T45/><D45/><U60/><E73/><V21/><F21/><W115/><G115/><T87/><D122/><U84/><E22/><V6/><F6/><W27/><G7/><T8/><D23/><U69/><E69/><V112/><F112/><W128/><G128/><T93/><D58/><U92/><E10/><V70/><F70/><W129/><G129/><T13/><D8/><U124/><E124/><V111/><F111/><W121/><G121/><T56/><D120/><U135/><E135/><V16/><F16/><W2/><G67/><T78/><D110/><U88/><E18/><V19/><F19/><W4/><G66/><T90/><D123/><U103/><E103/><V59/><F59/><W14/><G4/><T113/><D130/><U108/><E108/><V5/><F5/><W30/><G2/><RYUUKYOKU ba="5,2" sc="225,-10,185,-10,474,30,96,-10" hai2="12,17,20,28,35,37,41,47,62,63,89,95,99" /><INIT seed="2,6,2,3,4,97" ten="215,175,504,86" oya="2" hai0="77,82,14,89,17,56,37,28,108,124,90,85,15" hai1="78,12,107,42,114,70,113,49,84,26,87,13,50" hai2="119,120,100,125,44,19,67,93,95,58,10,29,4" hai3="48,20,54,52,22,99,65,80,1,88,45,5,63"/><V105/><F119/><W121/><G121/><T101/><D108/><U21/><E107/><V92/><F120/><W47/><G5/><T11/><D37/><U6/><E70/><V102/><F105/><W75/><G1/><T39/><D39/><U83/><E87/><V7/><F125/><W24/><G75/><T61/><D124/><U132/><E132/><V59/><F29/><W112/><G112/><T129/><D129/><U9/><E13/><N who="2" m="7607" /><F44/><W35/><G35/><T32/><D32/><U8/><E8/><V43/><F43/><W127/><G127/><T123/><D28/><N who="1" m="17487" /><E50/><V18/><F18/><W34/><G34/><T31/><D31/><U25/><E25/><V2/><F2/><W60/><G65/><T33/><D33/><U66/><E66/><V40/><F40/><W96/><G24/><T71/><D71/><U98/><E98/><V106/><F106/><W55/><G48/><T128/><D128/><U27/><E27/><V126/><F126/><W64/><G64/><T118/><D118/><U62/><E62/><N who="3" m="23594" /><G99/><T23/><D123/><U30/><E30/><V103/><F67/><W131/><G96/><T115/><D115/><U46/><AGARI ba="6,2" hai="6,9,12,42,46,49,78,83,84,113,114" m="17487" machi="46" ten="30,1100,0" yaku="25,1" doraHai="97" who="1" fromWho="1" sc="215,-9,175,49,504,-11,86,-9" /><INIT seed="3,0,0,2,5,78" ten="206,224,493,77" oya="3" hai0="124,99,43,127,109,27,114,94,122,54,20,102,115" hai1="9,120,46,71,6,107,76,75,64,28,117,82,72" hai2="3,48,87,70,126,81,5,61,56,86,133,97,21" hai3="50,1,67,59,0,132,110,15,118,57,100,31,44"/><W62/><G118/><T40/><D122/><U119/><E120/><V60/><F126/><N who="0" m="48170" /><D54/><U108/><E28/><V17/><F133/><W105/><G132/><T74/><D74/><U125/><E72/><V55/><F70/><W103/><G105/><T69/><D69/><U101/><E108/><V25/><F3/><W91/><G1/><T53/><D53/><U26/><E26/><V85/><F5/><W22/><G0/><T23/><D109/><U129/><E46/><V37/><F37/><W113/><G113/><N who="0" m="43019" /><D23/><U2/><E129/><V49/><F97/><W65/><G110/><T7/><D7/><U83/><E83/><V24/><F24/><N who="3" m="16791" /><G67/><T41/><D43/><U131/><E131/><V135/><F135/><W84/><G59/><T63/><D63/><N who="2" m="24138" /><F49/><W47/><G15/><T14/><D14/><U80/><E125/><V34/><F34/><W89/><G44/><T93/><D93/><U32/><E32/><V92/><F92/><N who="3" m="54311" /><G47/><T18/><AGARI ba="0,0" hai="18,20,27,40,41,94,99,102" m="43019,48170" machi="18" ten="30,2000,0" yaku="18,1,11,1" doraHai="78" who="0" fromWho="0" sc="206,20,224,-5,493,-5,77,-10" /><INIT seed="4,0,0,4,2,63" ten="226,219,488,67" oya="0" hai0="26,47,40,87,32,62,0,1,102,113,61,135,38" hai1="39,8,65,52,19,6,89,56,97,2,92,132,129" hai2="69,119,28,42,104,60,77,53,100,114,58,78,96" hai3="106,46,41,121,80,70,36,64,118,112,33,12,110"/><T54/><D135/><U101/><E132/><V72/><F114/><W103/><G110/><T123/><D123/><U81/><E129/><V14/><F119/><W51/><G118/><T82/><D82/><U34/><E39/><V24/><F72/><W116/><G112/><T125/><D125/><U98/><E34/><V9/><F42/><W122/><G116/><T21/><D21/><U130/><E130/><V111/><F111/><W99/><G12/><T57/><D57/><U49/><E19/><V13/><F69/><W127/><G127/><T117/><D117/><U45/><E65/><V48/><F48/><W128/><G128/><T68/><D68/><U27/><E27/><V90/><F90/><W91/><G91/><T17/><D113/><U4/><E4/><V10/><F13/><W3/><G51/><T73/><D102/><U85/><REACH who="1" step="1"/><E98/><REACH who="1" ten="226,209,488,67" step="2"/><V108/><F108/><W79/><G33/><T109/><D87/><U29/><E29/><V115/><F115/><W86/><REACH who="3" step="1"/><G3/><REACH who="3" ten="226,209,488,57" step="2"/><T11/><D109/><U5/><E5/><V55/><F14/><W94/><G94/><T76/><D73/><U93/><E93/><V66/><F24/><W74/><G74/><T134/><D76/><U120/><E120/><V131/><F78/><W35/><G35/><T25/><D134/><U23/><E23/><V7/><F77/><W126/><G126/><T16/><D16/><U71/><E71/><V43/><F131/><W15/><G15/><T107/><D107/><U44/><AGARI ba="0,2" hai="2,6,8,44,45,49,52,56,81,85,89,92,97,101" machi="44" ten="30,4000,0" yaku="1,1,0,1,54,1,53,0" doraHai="63" doraHaiUra="31" who="1" fromWho="1" sc="226,-20,209,60,488,-10,57,-10" /><INIT seed="5,0,0,5,0,88" ten="206,269,478,47" oya="1" hai0="23,38,5,120,68,50,103,81,70,93,6,3,129" hai1="80,128,133,100,47,40,67,122,106,89,77,132,34" hai2="56,101,52,46,134,65,22,61,17,43,12,116,63" hai3="99,64,31,36,0,84,55,125,60,85,126,123,39"/><U94/><E34/><V92/><F116/><W45/><G123/><T58/><D38/><U15/><E15/><V86/><F134/><N who="1" m="51817" /><E67/><V20/><F20/><W14/><G0/><T124/><D120/><U110/><E40/><V113/><F113/><W87/><G31/><T32/><D32/><U105/><E47/><V112/><F112/><W72/><G72/><T90/><D129/><U75/><E122/><V28/><F28/><W27/><G27/><T78/><D68/><U74/><E128/><V107/><F107/><N who="1" m="40969" /><E100/><V4/><F4/><W115/><G115/><T127/><D103/><U69/><E69/><V96/><F61/><W19/><G55/><T37/><D37/><U57/><E57/><V9/><F65/><W91/><G45/><T66/><D70/><U41/><E41/><V97/><F22/><W79/><G39/><T35/><D35/><U102/><E102/><V109/><F101/><W44/><G44/><T83/><D66/><U7/><E7/><V30/><F46/><W18/><G36/><T24/><D6/><U48/><E48/><V42/><F42/><W98/><G60/><T119/><D5/><U25/><E25/><V8/><F43/><W16/><G64/><T11/><D119/><U54/><E54/><V135/><F135/><W104/><G14/><T108/><D3/><U118/><E118/><V33/><F33/><W1/><G1/><T130/><D130/><U71/><E71/><V29/><F63/><W82/><G104/><T2/><D50/><U76/><E74/><V49/><F49/><W26/><G26/><T114/><D114/><RYUUKYOKU ba="0,0" sc="206,0,269,0,478,0,47,0" /><INIT seed="6,1,0,4,5,109" ten="206,269,478,47" oya="2" hai0="13,78,73,134,106,47,63,54,66,67,30,61,64" hai1="65,88,96,43,5,38,113,27,16,49,17,86,28" hai2="19,119,104,77,7,74,21,52,39,135,25,112,48" hai3="70,80,15,68,62,60,12,51,83,125,55,59,22"/><V24/><F119/><W45/><G125/><T98/><D134/><U99/><E38/><V94/><F104/><W108/><G108/><T115/><D73/><U57/><E113/><V32/><F135/><W36/><G70/><T118/><D78/><U87/><E5/><V102/><F39/><W91/><G36/><T23/><D118/><U33/><E86/><V10/><F112/><W44/><G68/><T6/><D115/><U84/><E84/><V79/><F74/><W29/><G29/><T116/><D116/><U122/><E122/><V26/><F79/><W107/><G107/><T133/><D133/><U31/><E31/><V8/><F77/><W3/><G3/><T121/><D121/><U50/><E50/><V123/><F123/><W40/><G45/><T103/><D6/><U131/><E65/><V110/><F110/><W75/><G62/><T0/><D0/><U18/><E131/><V105/><F105/><W132/><G132/><T89/><D89/><U76/><E76/><V46/><F32/><W2/><G2/><T71/><D71/><U101/><E101/><V35/><F35/><W128/><G128/><T127/><D127/><U92/><E57/><V11/><F7/><W97/><G75/><T114/><D114/><U111/><E111/><V129/><F129/><W14/><REACH who="3" step="1"/><G22/><REACH who="3" ten="206,269,478,37" step="2"/><T58/><D47/><U41/><E49/><V130/><F130/><W34/><G34/><T1/><D1/><U69/><E69/><V100/><F48/><W120/><G120/><T4/><D63/><U42/><AGARI ba="1,1" hai="16,17,18,27,28,33,41,42,43,87,88,92,96,99" machi="42" ten="30,4000,0" yaku="0,1,54,2" doraHai="109" who="1" fromWho="1" sc="206,-11,269,53,478,-21,37,-11" /><INIT seed="7,0,0,0,4,40" ten="195,322,457,26" oya="3" hai0="23,1,75,45,6,127,10,121,27,87,103,82,5" hai1="79,14,55,37,67,69,91,130,101,102,71,9,126" hai2="99,3,74,2,72,119,94,46,18,0,15,51,29" hai3="19,111,41,68,42,122,50,20,77,64,33,125,22"/><W90/><G122/><T84/><D121/><U85/><E37/><V26/><F119/><W39/><G33/><T35/><D35/><U44/><E79/><V13/><F74/><W25/><G39/><T78/><D6/><U43/><E43/><N who="3" m="16394" /><G68/><T108/><D108/><U88/><E85/><V52/><F72/><W63/><G111/><T104/><D127/><U129/><E67/><V133/><F133/><W17/><G125/><T113/><D113/><U31/><E55/><V106/><F106/><W95/><G77/><T54/><D103/><U107/><E31/><V116/><F116/><W34/><G34/><T66/><D66/><U81/><E107/><V24/><F29/><W48/><G63/><T8/><D104/><U120/><E120/><V4/><F4/><W65/><G65/><T93/><D10/><U12/><E9/><V80/><F3/><W100/><G100/><T98/><D8/><U86/><E126/><V92/><F2/><W36/><G36/><T49/><D5/><U47/><E86/><V28/><F0/><W105/><G64/><T128/><D1/><U132/><E132/><V59/><F28/><W73/><G73/><T118/><D118/><U89/><E89/><V62/><F62/><W70/><G70/><T21/><D75/><U123/><E123/><V60/><F60/><W32/><G32/><T114/><D114/><U76/><E76/><V117/><F117/><W53/><G53/><T115/><D78/><U38/><E38/><V30/><F30/><W134/><G134/><T61/><D115/><U56/><E56/><V96/><F59/><RYUUKYOKU ba="0,0" sc="195,-10,322,30,457,-10,26,-10" hai1="12,14,44,47,69,71,81,88,91,101,102,129,130" owari="185,-21.0,352,15.0,447,54.0,16,-48.0" /></mjloggm>