<mjloggm ver="2.3"><GO type="169" lobby="0"/><UN n0="%6F%6B%6A%6D" n1="%48%61%63%68%69%6E%61%6C" n2="%69%70%73%E6%88%A6%E5%A3%AB" n3="%E3%81%B5%E3%81%8B" dan="18,16,16,18" rate="2303.12,2047.64,2024.42,2264.57" sx="M,M,M,M"/><TAIKYOKU oya="0"/><INIT seed="0,0,0,4,3,99" ten="250,250,250,250" oya="0" hai0="106,15,63,60,47,114,37,64,98,86,90,5,113" hai1="42,31,82,32,87,26,134,91,18,88,16,33,8" hai2="55,59,41,38,61,48,12,85,23,65,124,132,35" hai3="17,21,94,46,7,83,56,34,77,105,20,3,115"/><T25/><D25/><U103/><E134/><V110/><F35/><W70/><G70/><T108/><D108/><U71/><E71/><V116/><F110/><W29/><G105/><T6/><D37/><U122/><E122/><V92/><F132/><W13/><G115/><T81/><D47/><U49/><E33/><V131/><F124/><W52/><G34/><T74/><D74/><U119/><E119/><V2/><F2/><W135/><G135/><T120/><D120/><U123/><E123/><V84/><F116/><W100/><G46/><T109/><D109/><U128/><E128/><V107/><F107/><W27/><G3/><T36/><D36/><U66/><E66/><V62/><F62/><W43/><G7/><T96/><D63/><U72/><E72/><V14/><F41/><W58/><G43/><T30/><D30/><U54/><E42/><V111/><F38/><W73/><REACH who="3" step="1"/><G52/><REACH who="3" ten="250,250,250,240" step="2"/><T9/><D5/><U10/><E10/><V57/><F111/><W75/><G75/><T121/><D121/><U125/><E125/><V133/><F133/><W19/><G19/><T101/><REACH who="0" step="1"/><D98/><AGARI ba="0,1" hai="13,17,20,21,27,29,56,58,73,77,83,94,98,100" machi="98" ten="40,2600,0" yaku="1,1,52,1,53,0" doraHai="99" doraHaiUra="126" who="3" fromWho="0" sc="250,-26,250,0,250,0,240,36" /><INIT seed="1,0,0,5,3,70" ten="224,250,250,276" oya="1" hai0="82,16,4,71,74,130,36,102,95,50,21,105,38" hai1="113,125,48,45,29,101,81,99,25,89,62,88,37" hai2="42,40,112,28,65,30,134,80,68,52,108,133,64" hai3="9,86,72,35,13,119,87,22,91,17,84,115,104"/><U106/><E113/><V127/><F112/><W129/><G72/><T14/><D71/><U32/><E125/><V128/><F127/><W27/><G115/><T6/><D105/><U73/><E37/><V49/><F80/><W15/><G104/><T109/><D109/><U33/><E33/><V59/><F108/><W110/><G110/><T96/><D130/><U135/><E135/><N who="2" m="51723" /><F128/><W83/><G129/><T131/><D131/><U123/><E123/><V77/><F77/><W103/><G103/><T5/><REACH who="0" step="1"/><D50/><REACH who="0" ten="214,250,250,276" step="2"/><U56/><E73/><V90/><F68/><W7/><G119/><T116/><D116/><U118/><E118/><V76/><F76/><AGARI ba="0,1" hai="4,5,6,14,16,21,36,38,74,76,82,95,96,102" machi="76" ten="40,8000,1" yaku="1,1,52,2,54,1,53,0" doraHai="70" doraHaiUra="34" who="0" fromWho="2" sc="214,90,250,0,250,-80,276,0" /><INIT seed="2,0,0,3,0,125" ten="304,250,170,276" oya="2" hai0="48,22,55,83,36,32,6,118,64,26,92,106,80" hai1="12,25,37,49,89,35,15,59,52,126,10,5,51" hai2="23,58,3,135,46,104,105,73,127,131,111,116,128" hai3="120,9,42,67,29,129,8,75,74,79,7,70,78"/><V102/><F116/><W95/><G120/><T47/><D106/><U71/><E37/><V21/><F127/><W112/><G29/><T44/><D32/><U65/><E126/><V130/><F73/><W1/><G112/><T122/><D122/><U61/><E89/><V96/><F111/><W91/><G74/><T72/><D64/><U133/><E133/><V57/><F135/><W85/><G75/><T132/><D6/><U11/><E25/><V56/><F3/><W24/><G24/><T14/><D14/><U124/><E35/><V134/><F134/><W19/><G42/><T117/><D92/><U94/><E94/><V53/><F105/><W99/><G70/><T39/><D132/><U63/><REACH who="1" step="1"/><E124/><REACH who="1" ten="304,240,170,276" step="2"/><V28/><F28/><W16/><G91/><T60/><D39/><U68/><E68/><V34/><F34/><W76/><G95/><T119/><D36/><U20/><E20/><N who="2" m="7755" /><F46/><W0/><G78/><T86/><D47/><U115/><E115/><V54/><AGARI ba="0,1" hai="53,54,56,57,58,96,102,104,128,130,131" m="7755" machi="54" ten="40,12000,1" yaku="19,1,52,3" doraHai="125" who="2" fromWho="2" sc="304,-40,240,-40,170,130,276,-40" /><INIT seed="2,1,0,1,4,38" ten="264,200,300,236" oya="2" hai0="67,26,10,131,46,99,3,39,95,83,127,5,93" hai1="117,109,65,111,115,105,2,58,97,49,27,45,60" hai2="68,42,100,118,89,70,123,121,130,62,104,50,6" hai3="43,51,80,110,54,57,24,76,72,64,90,21,34"/><V12/><F118/><W112/><G110/><N who="1" m="41994" /><E2/><V133/><F89/><W66/><G112/><T135/><D131/><U28/><E115/><V91/><F91/><W108/><G108/><T29/><D127/><U92/><E117/><V124/><F124/><W14/><G34/><T134/><D67/><U119/><E119/><V74/><F74/><W52/><G43/><N who="0" m="22911" /><D83/><U88/><E105/><V81/><F81/><W103/><G103/><T87/><D87/><U63/><E58/><V30/><F133/><N who="0" m="50698" /><D99/><U13/><E13/><V73/><F73/><W77/><G77/><T22/><AGARI ba="1,0" hai="3,5,10,22,26,29,93,95" m="50698,22911" machi="22" ten="30,2000,0" yaku="20,1,52,1" doraHai="38" who="0" fromWho="0" sc="264,23,200,-6,300,-11,236,-6" /><INIT seed="3,0,0,1,1,88" ten="287,194,289,230" oya="3" hai0="91,58,114,18,93,95,11,135,56,74,108,62,104" hai1="117,110,121,51,119,38,66,47,44,14,27,105,39" hai2="49,90,131,116,92,100,84,123,59,46,45,1,29" hai3="41,106,53,31,54,69,55,32,127,102,50,43,65"/><W99/><G127/><T2/><D104/><U70/><E105/><V28/><F116/><N who="1" m="44617" /><E27/><V10/><F123/><W133/><G133/><T118/><D118/><U81/><E121/><V42/><F131/><W15/><G15/><T82/><D108/><U20/><E81/><V98/><F59/><W30/><G50/><T37/><D37/><N who="1" m="13835" /><E14/><V13/><F46/><W12/><G12/><T103/><D135/><U52/><E20/><V22/><F22/><W63/><REACH who="3" step="1"/><G31/><REACH who="3" ten="287,194,289,220" step="2"/><T126/><D126/><U19/><E110/><V17/><REACH who="2" step="1"/><F1/><REACH who="2" ten="287,194,279,220" step="2"/><W23/><G23/><T68/><D2/><U67/><E19/><V64/><F64/><N who="1" m="24617" /><E70/><V3/><F3/><W87/><G87/><T71/><D18/><U7/><E7/><V9/><F9/><W96/><G96/><T33/><D71/><U6/><E6/><V89/><F89/><W112/><G112/><T26/><D91/><U76/><E76/><V16/><F16/><W134/><G134/><T4/><D4/><U73/><E73/><V101/><F101/><W24/><AGARI ba="0,2" hai="24,30,32,41,43,53,54,55,63,65,69,99,102,106" machi="24" ten="30,12000,1" yaku="1,1,0,1,25,2,53,1" doraHai="88" doraHaiUra="61" who="3" fromWho="3" sc="287,-40,194,-40,279,-40,220,140" /><INIT seed="3,1,0,4,0,103" ten="247,154,239,360" oya="3" hai0="121,58,50,89,48,70,28,43,54,29,127,34,17" hai1="10,33,104,92,30,49,64,124,111,84,102,120,69" hai2="126,47,74,68,98,134,114,19,56,119,107,105,46" hai3="7,117,13,25,14,131,61,4,99,60,41,65,66"/><W129/><G117/><T8/><D121/><U44/><E120/><V109/><F68/><W15/><G41/><T115/><D70/><U27/><E111/><V63/><F114/><W116/><G116/><T57/><D34/><U97/><E124/><V5/><F119/><W93/><G25/><T38/><D38/><U78/><E10/><V45/><F109/><W85/><G85/><T87/><D127/><U79/><E92/><V18/><F74/><W51/><G51/><T40/><D40/><U3/><E84/><V55/><F126/><W101/><G60/><T128/><D128/><N who="3" m="49225" /><G65/><T88/><D115/><U77/><E3/><V37/><F37/><W90/><G90/><T91/><D87/><U82/><E82/><V11/><F134/><W0/><G0/><T112/><D112/><U96/><E96/><V72/><F72/><W26/><G26/><T71/><D71/><AGARI ba="1,0" hai="4,7,13,14,15,61,66,71,93,99,101" m="49225" machi="71" ten="30,1500,0" yaku="19,1" doraHai="103" who="3" fromWho="0" sc="247,-18,154,0,239,0,360,18" /><INIT seed="3,2,0,2,0,81" ten="229,154,239,378" oya="3" hai0="134,42,88,120,12,29,107,130,47,68,3,121,31" hai1="1,49,24,60,26,19,83,62,6,76,103,135,35" hai2="122,110,38,128,111,63,82,90,44,118,102,13,113" hai3="109,75,54,7,119,74,127,45,4,22,17,126,100"/><W30/><G119/><T114/><D3/><U129/><E129/><V61/><F118/><W40/><G30/><T34/><D107/><U5/><E135/><V117/><F117/><W32/><G32/><T39/><D68/><U94/><E49/><V124/><F113/><W25/><G100/><T51/><D130/><U16/><E35/><V89/><F128/><W37/><G109/><N who="2" m="41481" /><F124/><N who="3" m="47659" /><G54/><T21/><D134/><U77/><E1/><V15/><F102/><W84/><G84/><T33/><D33/><U2/><E2/><V73/><F122/><W46/><G46/><T58/><D114/><U53/><E53/><V65/><F63/><N who="1" m="24105" /><E103/><V87/><F73/><AGARI ba="2,0" hai="4,7,17,22,25,37,40,45,73,74,75" m="47659" machi="73" ten="30,1500,0" yaku="18,1" doraHai="81" who="3" fromWho="2" sc="229,0,154,0,239,-21,378,21" /><INIT seed="3,3,0,5,1,38" ten="229,154,218,399" oya="3" hai0="106,130,80,78,68,63,96,69,77,128,32,64,34" hai1="4,127,99,50,53,135,121,132,6,13,59,15,10" hai2="83,133,105,129,42,48,58,51,17,84,88,37,65" hai3="25,81,87,39,118,21,40,79,76,97,57,27,3"/><W94/><G118/><T60/><D106/><U98/><E121/><V115/><F115/><W91/><G3/><T72/><D96/><N who="1" m="36907" /><E127/><V9/><F105/><W122/><G122/><T11/><D11/><U18/><E15/><N who="2" m="7407" /><F37/><W93/><G27/><T116/><D78/><U113/><E113/><V56/><F133/><AGARI ba="3,0" hai="4,6,10,13,18,50,53,59,132,133,135" m="36907" machi="133" ten="30,1000,0" yaku="20,1" doraHai="38" who="1" fromWho="2" sc="229,0,154,19,218,-19,399,0" /><INIT seed="4,0,0,5,2,88" ten="229,173,199,399" oya="0" hai0="37,38,41,54,61,18,25,0,79,116,84,104,20" hai1="133,22,102,86,1,73,103,95,121,74,101,98,118" hai2="46,28,120,110,128,47,40,78,81,122,27,29,43" hai3="21,108,53,11,3,130,2,55,6,106,87,105,119"/><T12/><D116/><U9/><E118/><V114/><F110/><W112/><G119/><T65/><D104/><U34/><E34/><V49/><F128/><W42/><G108/><T36/><D0/><U57/><E121/><V4/><F4/><W96/><G42/><T66/><D41/><U129/><E129/><V31/><F114/><W45/><G87/><T23/><D54/><U131/><E131/><V59/><F59/><W83/><G83/><T111/><D111/><U56/><E133/><V62/><F62/><W76/><G76/><T50/><D50/><U71/><E71/><V33/><F31/><W92/><G3/><T48/><D48/><U58/><E22/><V123/><F29/><W107/><G45/><T85/><D79/><U39/><E39/><V7/><F7/><W51/><G51/><T75/><D75/><U17/><E1/><V135/><F135/><W127/><G112/><T94/><D94/><N who="1" m="58583" /><E74/><V64/><F64/><W5/><G130/><T91/><D66/><U69/><E73/><V68/><F68/><W16/><G127/><T63/><D91/><N who="1" m="53751" /><E69/><V52/><REACH who="2" step="1"/><F47/><REACH who="2" ten="229,173,189,399" step="2"/><W35/><G6/><T8/><D65/><U99/><E56/><V97/><F97/><W10/><G5/><T132/><D132/><U126/><E126/><V19/><F19/><W115/><G16/><T117/><D117/><U44/><E44/><V90/><F90/><W125/><G115/><T60/><REACH who="0" step="1"/><D20/><REACH who="0" ten="219,173,189,399" step="2"/><U72/><E57/><V14/><F14/><W109/><G109/><T30/><AGARI ba="0,2" hai="8,12,18,23,25,30,36,37,38,60,61,63,84,85" machi="30" ten="40,18000,2" yaku="1,1,2,1,0,1,53,3" doraHai="88" doraHaiUra="70" who="0" fromWho="0" sc="219,200,173,-60,189,-60,399,-60" /><INIT seed="4,1,0,0,3,6" ten="419,113,129,339" oya="0" hai0="116,36,106,7,99,54,71,17,98,86,52,44,57" hai1="85,87,30,9,90,111,103,59,3,125,82,134,72" hai2="40,26,104,49,19,110,0,112,128,97,70,118,123" hai3="95,107,130,39,13,53,11,81,67,101,91,105,93"/><T122/><D116/><U126/><E111/><V119/><F49/><W14/><G39/><T16/><D122/><U64/><E134/><V22/><F40/><W47/><G130/><T68/><D7/><N who="1" m="1279" /><E30/><V25/><F70/><W43/><G67/><T127/><D127/><N who="1" m="48651" /><E103/><V62/><F62/><W58/><G14/><T20/><D86/><N who="1" m="50519" /><E72/><V46/><F110/><W24/><G101/><T28/><D28/><U121/><E121/><V94/><F123/><W61/><G24/><T42/><D54/><U60/><AGARI ba="1,0" hai="59,60,64,85,87" m="50519,48651,1279" machi="60" ten="30,2000,0" yaku="18,1,52,1" doraHai="6" who="1" fromWho="1" sc="419,-11,113,23,129,-6,339,-6" /><INIT seed="5,0,0,0,2,100" ten="408,136,123,333" oya="1" hai0="5,75,55,26,35,129,61,28,101,122,57,76,73" hai1="4,94,106,112,33,127,116,115,10,18,80,108,103" hai2="49,66,92,128,64,46,105,97,1,50,74,62,13" hai3="21,47,120,83,81,93,96,0,125,124,126,90,6"/><U60/><E116/><V68/><F1/><W58/><G120/><T79/><D122/><U99/><E33/><V110/><F110/><W41/><G21/><T65/><D129/><U39/><E39/><V102/><F74/><W24/><G24/><T109/><D109/><U104/><E108/><V121/><F121/><W114/><G114/><N who="1" m="43562" /><E127/><V43/><F128/><W117/><G117/><T107/><D5/><U12/><E60/><V31/><F66/><W85/><G58/><T123/><D75/><U98/><E80/><V17/><F31/><W130/><G130/><T44/><D123/><U133/><E133/><V71/><F71/><W42/><G47/><T67/><D73/><U89/><E4/><V52/><F92/><AGARI ba="0,0" hai="10,12,18,89,92,94,98,99,103,104,106" m="43562" machi="92" ten="30,5800,0" yaku="15,1,52,2" doraHai="100" who="1" fromWho="2" sc="408,0,136,58,123,-58,333,0" /><INIT seed="5,1,0,5,5,61" ten="408,194,65,333" oya="1" hai0="105,112,88,17,93,21,126,42,53,87,50,54,102" hai1="16,65,116,94,11,132,51,15,20,55,104,57,133" hai2="3,35,13,48,26,77,45,5,37,109,0,12,36" hai3="106,66,130,122,62,107,2,4,110,114,49,84,19"/><U103/><E116/><V73/><F109/><W10/><G110/><T111/><D111/><U41/><E104/><V9/><F37/><W86/><G122/><T95/><D105/><U44/><E103/><V24/><F36/><W89/><G114/><T43/><D112/><U68/><E94/><V82/><F12/><W64/><G130/><T8/><D8/><U7/><E68/><V125/><F125/><W27/><G86/><T123/><D126/><U18/><E65/><V46/><F46/><W131/><G131/><T76/><D76/><U60/><REACH who="1" step="1"/><E18/><REACH who="1" ten="408,184,65,333" step="2"/><V121/><F121/><W120/><G120/><T58/><D123/><U32/><E32/><V69/><F69/><W1/><G64/><T23/><D102/><U71/><E71/><V70/><F70/><W75/><G106/><T25/><D95/><U119/><E119/><V63/><F35/><W28/><G107/><T31/><REACH who="0" step="1"/><D54/><REACH who="0" ten="398,184,65,333" step="2"/><U118/><E118/><V92/><F92/><W108/><G108/><T113/><D113/><U101/><E101/><V129/><F129/><W128/><G128/><T30/><D30/><U39/><E39/><V47/><F0/><AGARI ba="1,2" hai="0,7,11,15,16,20,41,44,51,55,57,60,132,133" machi="0" ten="40,3900,0" yaku="1,1,54,1,53,0" doraHai="61" doraHaiUra="97" who="1" fromWho="2" sc="398,0,184,62,65,-42,333,0" /><INIT seed="5,2,0,1,5,112" ten="398,246,23,333" oya="1" hai0="130,23,98,102,35,82,4,50,67,27,63,42,64" hai1="55,81,74,88,0,49,40,58,71,96,77,104,69" hai2="90,31,131,124,132,7,22,56,85,48,120,128,121" hai3="127,32,95,16,28,60,73,92,5,33,111,25,126"/><U59/><E0/><V26/><F7/><W47/><G111/><T86/><D35/><U129/><E129/><V115/><F115/><W118/><G73/><T57/><D4/><U103/><E40/><V41/><F124/><N who="3" m="47659" /><G32/><T108/><D108/><U91/><REACH who="1" step="1"/><E59/><REACH who="1" ten="398,236,23,333" step="2"/><V62/><F132/><W123/><G123/><T61/><D130/><N who="2" m="49706" /><F41/><W125/><G125/><T113/><D113/><U93/><E93/><N who="2" m="54479" /><F48/><W15/><G92/><N who="0" m="58695" /><D50/><U20/><E20/><V65/><AGARI ba="2,1" hai="22,26,31,56,62,65,120,121" m="54479,49706" machi="65" ten="30,1100,0" yaku="19,1" doraHai="112" who="2" fromWho="2" sc="398,-5,236,-7,23,27,333,-5" /><INIT seed="6,0,0,4,0,86" ten="393,229,50,328" oya="2" hai0="96,92,99,88,126,89,4,135,112,118,62,32,123" hai1="134,72,45,65,76,23,102,132,94,100,44,9,15" hai2="104,16,120,52,66,18,69,46,35,131,8,50,75" hai3="115,93,30,105,109,43,103,25,83,79,41,51,3"/><V110/><F120/><W13/><G109/><T40/><D123/><U19/><E65/><V84/><F75/><W14/><G105/><T48/><D32/><U81/><E9/><V29/><F110/><W55/><G3/><T36/><D36/><U78/><E78/><V121/><F121/><W106/><G106/><T58/><D112/><U73/><E73/><V90/><F104/><W98/><G115/><T39/><D39/><U17/><E17/><V57/><F69/><W37/><G37/><T42/><D135/><N who="1" m="51755" /><E102/><V22/><F131/><W67/><G67/><T95/><D126/><U129/><E129/><V130/><F35/><W70/><G70/><T101/><D101/><U111/><E111/><V68/><F68/><W113/><G113/><T53/><D118/><U74/><E74/><V54/><F66/><W21/><G13/><T47/><D4/><U77/><E77/><V11/><F29/><W20/><G14/><T97/><D97/><AGARI ba="0,0" hai="15,19,23,44,45,72,76,81,94,97,100" m="51755" machi="97" ten="30,1000,0" yaku="20,1" doraHai="86" who="1" fromWho="0" sc="393,-10,229,10,50,0,328,0" /><INIT seed="7,0,0,2,4,92" ten="383,239,50,328" oya="3" hai0="87,129,52,24,35,18,114,109,85,9,1,58,51" hai1="49,41,61,30,118,16,135,93,119,44,101,17,127" hai2="45,88,84,113,123,106,22,48,110,13,99,86,68" hai3="112,53,63,11,15,111,39,124,69,50,122,102,83"/><W12/><G122/><T100/><D109/><U103/><E135/><V79/><F110/><W6/><G111/><T25/><D129/><U46/><E127/><V126/><F126/><W21/><G124/><T55/><D114/><U0/><E0/><V104/><F68/><W70/><G39/><T134/><D134/><U34/><E30/><V94/><F123/><W66/><G112/><T64/><D64/><U133/><E34/><V107/><F113/><W32/><G32/><T67/><D67/><U128/><E133/><V76/><F22/><W36/><G36/><T60/><D100/><U105/><E105/><V95/><F13/><W14/><G70/><T71/><D71/><U19/><E128/><V81/><F48/><W73/><G21/><T65/><D1/><U62/><E46/><V75/><F45/><W31/><G31/><T43/><D43/><U29/><E29/><V98/><F79/><W28/><G28/><T10/><D35/><U82/><E82/><V91/><AGARI ba="0,0" hai="75,76,81,84,86,88,91,94,95,98,99,104,106,107" machi="91" ten="40,24000,4" yaku="0,1,9,1,35,6,52,2,54,1" doraHai="92" who="2" fromWho="2" sc="383,-60,239,-60,50,240,328,-120" owari="323,42.0,179,-32.0,290,9.0,208,-19.0" /></mjloggm>