<mjloggm ver="2.3"><GO type="185" lobby="0"/><UN n0="%E3%81%BA%E3%82%93%E3%81%8E%E3%82%93%E3%81%95%E3%82%93" n1="%E3%82%8D%E3%81%AF%E3%82%93%37%33" n2="%E5%A4%9A%E6%9E%97%E6%99%8B" n3="" dan="16,16,16,0" rate="2093.91,2058.99,2193.52,1500.00" sx="F,M,M,C"/><TAIKYOKU oya="0"/><INIT seed="0,0,0,1,0,97" ten="350,350,350,0" oya="0" hai0="65,74,73,132,64,59,83,60,93,108,131,116,1" hai1="94,114,119,111,121,133,112,45,47,135,72,57,109" hai2="52,130,62,79,34,38,32,75,113,76,63,69,117" hai3=""/><T58/><D1/><U120/><E72/><V53/><F113/><N who="1" m="43625" /><E94/><V134/><F134/><N who="1" m="51209" /><E57/><V66/><F75/><T40/><D132/><U36/><E36/><V50/><F38/><T104/><D93/><U44/><E119/><V49/><F117/><T110/><D116/><U95/><E95/><V70/><F130/><T78/><D131/><U39/><E39/><V127/><F127/><T101/><D74/><U103/><E103/><V61/><F62/><T48/><D101/><U67/><E67/><AGARI ba="0,0" hai="32,34,49,50,52,53,61,63,66,67,69,70,76,79" machi="67" ten="25,3200,0" yaku="22,2,54,1" doraHai="97" who="2" fromWho="1" sc="350,0,350,-32,350,32,0,0" /><INIT seed="1,0,0,1,5,75" ten="350,318,382,0" oya="1" hai0="74,90,81,69,89,40,35,45,99,95,62,63,61" hai1="53,128,115,88,79,123,134,103,133,84,126,38,46" hai2="94,130,87,36,52,56,33,73,80,101,50,39,55" hai3=""/><U108/><N who="1" m="31520" /><U97/><E115/><V37/><F33/><T119/><D35/><U43/><E126/><V68/><F68/><T117/><D69/><U59/><E128/><V77/><F130/><T76/><REACH who="0" step="1"/><D90/><REACH who="0" ten="340,318,382,0" step="2"/><U114/><E114/><V70/><F70/><T48/><AGARI ba="0,1" hai="40,45,48,61,62,63,74,76,81,89,95,99,117,119" machi="48" ten="30,9000,2" yaku="1,1,2,1,0,1,52,1,53,2" doraHai="75" doraHaiUra="112" who="0" fromWho="0" sc="340,100,318,-60,382,-30,0,0" /><INIT seed="2,0,0,0,0,41" ten="440,258,352,0" oya="2" hai0="84,45,121,34,83,80,134,123,44,48,122,77,58" hai1="98,76,81,107,100,133,52,78,97,135,126,38,131" hai2="1,79,69,61,36,114,117,70,3,116,88,64,59" hai3=""/><V102/><F114/><T53/><N who="0" m="31008" /><T40/><N who="0" m="31264" /><T47/><N who="0" m="31520" /><T50/><D34/><U32/><E38/><V55/><F36/><T0/><D134/><U75/><E32/><V110/><F102/><T74/><D0/><U51/><E131/><V39/><F39/><T46/><REACH who="0" step="1"/><D58/><REACH who="0" ten="430,258,352,0" step="2"/><U85/><E126/><V115/><F1/><T56/><D56/><U67/><E67/><V127/><F3/><T93/><D93/><U96/><E133/><V108/><F127/><T99/><D99/><U129/><E135/><V73/><F116/><T92/><D92/><U49/><E129/><V90/><F117/><T103/><D103/><U119/><E97/><V62/><F69/><T105/><D105/><U68/><E98/><V86/><F70/><T130/><D130/><U113/><E68/><V57/><F59/><T71/><D71/><U72/><E113/><V63/><F115/><T124/><D124/><U95/><E119/><V120/><N who="2" m="30752" /><V54/><F57/><T33/><D33/><U109/><E109/><V87/><F108/><T91/><AGARI ba="0,1" hai="40,44,45,46,47,48,50,53,74,77,80,83,84,91" m="31520,31264,31008" machi="91" ten="20,24000,5" yaku="1,1,0,1,7,1,52,7,53,4" doraHai="41" doraHaiUra="43" who="0" fromWho="0" sc="430,250,258,-80,352,-160,0,0" /><INIT seed="4,0,0,2,2,85" ten="680,178,192,0" oya="0" hai0="123,73,71,119,129,77,105,122,92,126,49,91,64" hai1="103,82,62,80,63,34,59,88,68,121,108,107,57" hai2="135,1,127,96,53,116,52,104,112,44,132,75,83" hai3=""/><T124/><N who="0" m="31264" /><T38/><N who="0" m="31520" /><T70/><D38/><U94/><N who="1" m="31008" /><U45/><E34/><V48/><F1/><T56/><D105/><U0/><E0/><V117/><F112/><T131/><D119/><N who="2" m="45642" /><F127/><N who="0" m="48682" /><D77/><U102/><E108/><V113/><F113/><T90/><D73/><U89/><E68/><N who="0" m="26153" /><D92/><U120/><N who="1" m="30752" /><U106/><E45/><V69/><F75/><T60/><D49/><U79/><E79/><V35/><F69/><T130/><AGARI ba="0,0" hai="56,60,64,90,91,129,130,131" m="26153,48682,31520,31264" machi="130" ten="40,12000,2" yaku="19,1,18,1,52,4" doraHai="85" who="0" fromWho="0" sc="680,120,178,-60,192,-60,0,0" /><INIT seed="4,1,0,1,2,58" ten="800,118,132,0" oya="0" hai0="66,113,68,54,40,2,117,91,43,32,1,89,78" hai1="33,83,106,105,116,55,93,86,56,102,125,92,133" hai2="126,75,39,115,79,50,132,131,122,121,87,76,57" hai3=""/><T135/><D32/><U101/><E33/><V99/><N who="2" m="31008" /><V52/><N who="2" m="31264" /><V64/><F39/><T74/><D117/><U81/><E116/><V109/><F131/><T112/><D54/><U77/><E55/><V84/><F126/><T88/><D135/><U90/><E56/><V111/><F132/><T98/><D98/><U104/><E133/><V45/><F115/><N who="0" m="44106" /><D66/><U114/><E114/><V96/><F99/><T119/><D68/><U51/><E51/><V73/><F96/><T85/><D74/><U118/><E118/><V82/><F75/><T103/><D103/><N who="1" m="39435" /><E125/><V134/><F134/><T67/><D67/><U42/><E42/><N who="0" m="15913" /><D119/><U3/><E3/><V123/><N who="2" m="31520" /><V108/><F64/><T34/><D34/><U38/><E38/><V95/><F73/><AGARI ba="1,0" hai="73,77,81,83,86,90,92,93,104,105,106" m="39435" machi="73" ten="30,8000,1" yaku="35,5" doraHai="58" who="1" fromWho="2" sc="800,0,118,82,132,-82,0,0" /><INIT seed="5,0,0,5,1,75" ten="800,200,50,0" oya="1" hai0="62,95,77,82,36,99,109,118,83,97,74,101,49" hai1="87,102,98,84,117,93,43,76,126,66,131,61,86" hai2="92,56,107,89,100,88,54,2,115,70,41,42,105" hai3=""/><U104/><E43/><V133/><F2/><T40/><D36/><U111/><E117/><V45/><F70/><T37/><D37/><U110/><E131/><V106/><F133/><T128/><D128/><U120/><N who="1" m="30752" /><U91/><E126/><V96/><F115/><T103/><D83/><U52/><E52/><V79/><F79/><T33/><D33/><U0/><E0/><V112/><F112/><T71/><D71/><U134/><E134/><V113/><F113/><T69/><D69/><U53/><E53/><V125/><F125/><T65/><D65/><U90/><E61/><V3/><F3/><T121/><D62/><U85/><E66/><V114/><F114/><T129/><D129/><U68/><E68/><V38/><REACH who="2" step="1"/><F42/><REACH who="2" ten="800,200,40,0" step="2"/><T35/><N who="0" m="31008" /><T55/><D40/><U122/><N who="1" m="31264" /><U48/><E48/><AGARI ba="0,1" hai="38,41,45,48,54,56,88,89,92,96,100,105,106,107" machi="48" ten="40,5200,0" yaku="1,1,54,1,53,1" doraHai="75" doraHaiUra="50" who="2" fromWho="1" sc="800,0,200,-52,40,62,0,0" /><INIT seed="6,0,0,3,2,104" ten="800,148,102,0" oya="2" hai0="113,55,78,77,71,82,86,3,45,132,64,79,34" hai1="133,51,50,121,92,130,115,128,117,120,99,116,2" hai2="58,90,48,61,72,94,52,81,87,75,108,97,70" hai3=""/><V69/><F108/><T44/><D34/><U49/><E2/><V68/><REACH who="2" step="1"/><F61/><REACH who="2" ten="800,148,92,0" step="2"/><T40/><D3/><U131/><E115/><V59/><F59/><T105/><D113/><U54/><E133/><V60/><F60/><T100/><D132/><U93/><E54/><V73/><F73/><T53/><D55/><U124/><E124/><V110/><F110/><T41/><D53/><U109/><E109/><V134/><F134/><T101/><D41/><U91/><REACH who="1" step="1"/><E93/><REACH who="1" ten="800,138,92,0" step="2"/><V38/><F38/><T111/><D40/><U88/><E88/><AGARI ba="0,2" hai="48,52,58,68,69,70,72,75,81,87,88,90,94,97" machi="88" ten="40,12000,1" yaku="1,1,52,2,54,2,53,0" doraHai="104" doraHaiUra="102" who="2" fromWho="1" sc="800,0,138,-120,92,140,0,0" /><INIT seed="6,1,0,1,3,126" ten="800,18,232,0" oya="2" hai0="116,99,80,61,73,0,97,70,86,82,84,53,106" hai1="60,77,94,33,119,56,2,102,132,52,101,71,89" hai2="133,76,108,110,68,69,114,35,81,122,39,42,32" hai3=""/><V34/><N who="2" m="31264" /><V124/><F114/><T72/><D70/><U38/><E2/><V90/><F124/><T100/><D61/><U125/><E33/><V66/><F133/><T65/><D65/><U37/><E38/><V112/><F90/><T107/><D53/><U135/><E37/><V55/><F112/><T127/><D127/><U129/><E125/><V105/><F105/><T62/><D62/><U134/><E77/><V120/><N who="2" m="30752" /><V74/><F55/><T117/><D100/><U98/><E119/><V113/><F113/><T63/><D63/><U95/><E71/><N who="2" m="27211" /><F66/><T78/><D0/><U46/><E46/><AGARI ba="1,0" hai="32,34,35,39,42,46,74,76,81,108,110" m="27211,30752,31264" machi="46" ten="40,7700,0" yaku="23,1,52,2" doraHai="126" who="2" fromWho="1" sc="800,0,18,-79,232,79,0,0" owari="800,75.0,-61,-66.0,311,-9.0,0,0.0" /></mjloggm>