<mjloggm ver="2.3"><GO type="225" lobby="0"/><UN n0="%E8%91%B5%E3%81%A1%E3%82%83%E3%82%93" n1="%E6%96%87%E8%B1%AA" n2="%74%61%6B%75%61%6B%61" n3="%E3%82%8F%E3%81%A3%E3%81%97%E3%82%87%E3%81%84%E5%90%9B%32%E5%8F%B7" dan="16,16,16,17" rate="2145.19,2073.70,2112.02,2289.22" sx="F,M,M,M"/><TAIKYOKU oya="0"/><INIT seed="0,0,0,1,4,30" ten="250,250,250,250" oya="0" hai0="38,111,100,53,2,21,7,86,75,69,88,42,106" hai1="114,57,124,135,73,22,89,16,37,32,98,43,117" hai2="82,134,59,25,19,127,96,49,44,115,24,116,130" hai3="27,54,26,10,48,66,64,95,122,13,12,131,36"/><T126/><D75/><U78/><E117/><V85/><F115/><W67/><G36/><T118/><D118/><U18/><E57/><V129/><F116/><W29/><G131/><N who="2" m="50185" /><F127/><W125/><G125/><T112/><D112/><U52/><E124/><V60/><F96/><W133/><G133/><T35/><D69/><U72/><E32/><V71/><F71/><W76/><G122/><T55/><D35/><U101/><E89/><N who="2" m="51383" /><F19/><W77/><G95/><T107/><D100/><U79/><E18/><V94/><F94/><W31/><G76/><T3/><D126/><U40/><E135/><V9/><F9/><W61/><G10/><T62/><D106/><U91/><E91/><V102/><F102/><W23/><G77/><N who="1" m="29194" /><E73/><V93/><F93/><W70/><G70/><T14/><D107/><U74/><E114/><V6/><F6/><W97/><G97/><T39/><D7/><U123/><E74/><V103/><F103/><W63/><G12/><T56/><D14/><N who="1" m="9495" /><E72/><V20/><F20/><N who="3" m="15559" /><G13/><T8/><D3/><U120/><E98/><V81/><F81/><W45/><AGARI ba="0,0" hai="23,27,31,45,48,54,61,63,64,66,67" m="15559" machi="45" ten="30,1100,0" yaku="8,1" doraHai="30" who="3" fromWho="3" sc="250,-5,250,-3,250,-3,250,11" /><INIT seed="1,0,0,5,0,118" ten="245,247,247,261" oya="1" hai0="92,65,11,14,131,82,35,69,96,84,102,28,54" hai1="6,10,122,37,34,123,64,15,60,20,110,126,134" hai2="48,105,93,47,42,3,52,38,13,67,24,30,29" hai3="99,9,49,31,51,57,86,66,90,89,108,78,40"/><U19/><E37/><V58/><F3/><W79/><G108/><T104/><D131/><U59/><E110/><V72/><F105/><W44/><G31/><T39/><D39/><U88/><E34/><V23/><F72/><W87/><G99/><T135/><D135/><U83/><E126/><V80/><F80/><N who="3" m="49351" /><G9/><T8/><D92/><U26/><REACH who="1" step="1"/><E134/><REACH who="1" ten="245,237,247,261" step="2"/><V32/><F32/><W95/><G51/><T50/><D35/><U100/><E100/><V18/><F93/><W17/><G95/><T7/><D50/><U101/><E101/><V55/><F67/><W2/><G66/><T25/><D65/><U112/><E112/><V106/><F106/><W5/><G49/><T76/><D102/><U129/><E129/><V117/><F117/><W115/><G115/><T71/><D104/><U119/><E119/><V61/><REACH who="2" step="1"/><F24/><REACH who="2" ten="245,237,237,261" step="2"/><W81/><G81/><T130/><D82/><U109/><E109/><V27/><F27/><W12/><G79/><T85/><D76/><U77/><E77/><V113/><F113/><W120/><G78/><T121/><D25/><U98/><E98/><V16/><F16/><W124/><G17/><T107/><D96/><U1/><E1/><V22/><F22/><W33/><G2/><T128/><D107/><U36/><E36/><V41/><F41/><W46/><G40/><T127/><D130/><U74/><E74/><V62/><F62/><W125/><G33/><T45/><D128/><U75/><E75/><V111/><F111/><W94/><G125/><T116/><D127/><U97/><E97/><V21/><F21/><W68/><G124/><RYUUKYOKU ba="0,2" sc="245,-15,237,15,237,15,261,-15" hai1="6,10,15,19,20,26,59,60,64,83,88,122,123" hai2="13,18,23,29,30,38,42,47,48,52,55,58,61" /><INIT seed="1,1,2,0,3,41" ten="230,252,252,246" oya="1" hai0="47,24,117,32,105,62,101,81,52,130,66,6,102" hai1="124,67,79,70,111,1,78,86,37,27,110,69,64" hai2="127,135,21,61,118,25,108,18,74,15,77,121,9" hai3="68,55,123,122,120,106,29,76,91,39,125,51,5"/><U46/><E1/><V57/><F121/><W84/><G106/><T3/><D117/><U42/><E124/><V31/><F118/><W36/><G125/><T12/><D3/><U80/><E78/><V97/><F127/><W26/><G68/><N who="1" m="26218" /><E27/><V56/><F108/><AGARI ba="1,2" hai="37,42,46,64,67,79,80,86,108,110,111" m="26218" machi="108" ten="30,5800,0" yaku="14,1,10,1,52,1" doraHai="41" who="1" fromWho="2" sc="230,0,252,81,252,-61,246,0" /><INIT seed="1,2,0,2,3,111" ten="230,333,191,246" oya="1" hai0="129,84,83,102,132,10,122,116,17,95,68,11,78" hai1="106,61,79,103,110,41,109,128,23,30,57,14,104" hai2="18,39,91,98,19,96,49,119,73,105,21,36,8" hai3="107,92,26,123,114,74,88,124,131,77,133,46,94"/><U87/><E41/><V42/><F73/><W100/><G26/><T29/><D116/><U76/><E128/><V9/><F119/><W12/><G12/><T4/><D129/><U25/><E14/><V63/><F105/><N who="1" m="40553" /><E87/><V99/><F63/><W15/><G15/><T126/><D126/><U125/><E103/><V90/><F42/><W20/><G20/><T22/><D132/><U52/><E125/><V16/><F49/><W65/><G100/><T58/><D68/><U5/><E5/><V47/><F47/><W51/><G51/><T112/><D17/><U60/><E61/><V32/><F32/><W81/><G46/><T127/><D127/><U135/><E135/><V31/><F31/><W67/><G107/><T50/><D95/><U66/><E66/><V117/><F21/><W3/><G94/><T62/><D102/><U34/><E34/><V72/><F72/><W1/><G67/><T40/><D50/><U130/><E130/><V2/><F117/><W48/><G65/><T93/><D40/><U37/><E37/><N who="2" m="14411" /><F2/><W101/><G48/><T0/><D0/><U85/><E85/><V55/><F55/><W6/><G1/><T13/><D84/><U118/><E118/><V80/><F80/><W64/><G3/><T45/><D83/><U108/><AGARI ba="2,0" hai="23,25,30,52,57,60,76,79,108,109,110" m="40553" machi="108" ten="40,7800,0" yaku="14,1,10,1,54,1" doraHai="111" who="1" fromWho="1" sc="230,-28,333,84,191,-28,246,-28" /><INIT seed="1,3,0,3,3,103" ten="202,417,163,218" oya="1" hai0="121,31,111,51,67,39,53,70,41,7,110,92,101" hai1="5,91,11,104,48,125,18,4,131,134,98,114,9" hai2="40,20,25,76,14,10,94,74,126,62,22,115,23" hai3="30,102,119,77,56,79,6,112,45,34,95,90,83"/><U13/><E114/><V43/><F115/><W35/><G112/><T49/><D31/><U60/><E125/><V106/><F106/><W116/><G6/><T81/><D7/><U58/><E48/><V69/><F126/><W107/><G45/><N who="0" m="23743" /><D81/><U8/><E134/><V71/><F25/><W87/><G56/><T100/><D92/><N who="1" m="56607" /><E104/><V19/><F74/><N who="3" m="43447" /><G79/><T118/><D118/><N who="3" m="45097" /><G30/><T127/><D127/><U99/><E58/><V46/><F76/><W59/><G59/><N who="0" m="33199" /><D121/><U37/><E5/><V3/><F3/><W0/><G0/><T128/><D128/><U130/><E4/><V93/><F40/><W124/><G124/><T29/><D29/><U113/><E113/><V96/><F62/><W63/><G63/><N who="0" m="40319" /><D51/><U86/><E131/><V64/><F93/><W33/><G33/><T75/><D75/><U122/><E122/><V105/><F94/><W88/><G90/><T54/><D54/><U84/><E130/><V32/><F32/><W72/><G72/><T12/><D12/><U109/><E13/><V42/><F14/><W73/><G73/><T50/><D50/><U82/><E18/><V26/><F19/><W89/><G89/><T132/><D132/><U129/><E129/><V17/><F17/><W27/><G27/><T108/><AGARI ba="3,0" hai="100,101,108,110,111" m="40319,33199,23743" machi="108" ten="30,2000,0" yaku="24,1,14,1" doraHai="103" who="0" fromWho="0" sc="202,29,417,-13,163,-8,218,-8" /><INIT seed="2,0,0,2,3,19" ten="231,404,155,210" oya="2" hai0="114,58,120,66,0,5,44,121,25,116,56,73,109" hai1="90,122,128,61,124,59,107,31,86,23,76,40,69" hai2="81,47,14,64,89,32,54,119,39,49,35,105,45" hai3="17,93,115,87,79,125,102,50,63,34,112,9,113"/><V70/><F105/><W97/><G125/><T15/><D0/><U92/><E69/><V51/><F119/><W88/><G34/><T12/><D73/><U26/><E107/><V16/><F39/><W67/><G50/><T123/><D114/><U53/><E128/><V84/><F70/><W91/><G79/><T8/><D116/><U3/><E3/><V83/><F64/><W65/><G63/><T11/><D109/><U6/><E6/><V43/><F83/><W21/><G9/><AGARI ba="0,0" hai="9,14,16,32,35,43,45,47,49,51,54,81,84,89" machi="9" ten="30,11600,0" yaku="7,1,25,2,54,1" doraHai="19" who="2" fromWho="3" sc="231,0,404,0,155,116,210,-116" /><INIT seed="2,1,0,3,3,96" ten="231,404,271,94" oya="2" hai0="4,38,20,34,18,90,127,80,66,51,41,111,53" hai1="120,37,59,58,7,82,118,88,52,31,99,11,6" hai2="30,84,54,27,77,129,50,122,121,15,97,109,93" hai3="22,28,87,63,114,104,9,135,124,116,57,71,8"/><V108/><F15/><W98/><G116/><T19/><D34/><U100/><E37/><V0/><F0/><W81/><G71/><T69/><D111/><N who="2" m="42570" /><F129/><W86/><G124/><T29/><D41/><U117/><E120/><V101/><F77/><W1/><G135/><T79/><D38/><U128/><E128/><V115/><F84/><W61/><G114/><T33/><D4/><U56/><E117/><V105/><F105/><W89/><G1/><T68/><D90/><U62/><E118/><V44/><F115/><W55/><G63/><T132/><D33/><AGARI ba="1,0" hai="27,30,33,44,50,54,93,97,101,121,122" m="42570" machi="33" ten="30,5800,0" yaku="14,1,10,1,52,1" doraHai="96" who="2" fromWho="0" sc="231,-61,404,0,271,61,94,0" /><INIT seed="2,2,0,0,2,44" ten="170,404,332,94" oya="2" hai0="103,4,109,21,121,73,10,92,108,15,96,14,119" hai1="118,102,55,40,101,35,16,100,71,76,33,36,39" hai2="22,69,77,89,87,41,111,97,132,123,94,46,67" hai3="84,120,134,125,98,106,25,86,105,66,88,129,72"/><V48/><F123/><W27/><G120/><T80/><D121/><U8/><E118/><V38/><F132/><W37/><G134/><T50/><D119/><U62/><E76/><V70/><F111/><N who="0" m="42570" /><D50/><U54/><E71/><V26/><F38/><W104/><G125/><T116/><D116/><U1/><E1/><V63/><F77/><W23/><G129/><T32/><D32/><N who="1" m="12363" /><E8/><V57/><REACH who="2" step="1"/><F87/><REACH who="2" ten="170,404,322,94" step="2"/><W126/><G126/><T30/><D73/><U18/><E40/><V82/><F82/><W90/><G72/><T124/><D80/><U13/><E62/><V91/><F91/><W81/><G37/><N who="1" m="14410" /><E13/><V11/><F11/><W113/><G86/><T47/><D124/><U85/><E85/><V29/><AGARI ba="2,1" hai="22,26,29,41,46,48,57,63,67,69,70,89,94,97" machi="29" ten="20,12000,1" yaku="1,1,0,1,7,1,52,1,53,1" doraHai="44" doraHaiUra="61" who="2" fromWho="2" sc="170,-42,404,-42,322,136,94,-42" /><INIT seed="2,3,0,3,5,43" ten="128,362,458,52" oya="2" hai0="105,94,101,58,103,69,73,21,123,7,79,30,59" hai1="36,31,27,40,98,61,74,75,134,42,130,88,52" hai2="26,14,54,83,77,107,92,124,85,127,119,102,28" hai3="17,132,41,78,20,113,121,25,82,51,35,37,9"/><V80/><F14/><W116/><G116/><T117/><D69/><U62/><E75/><N who="2" m="43071" /><F26/><W76/><G121/><T65/><D7/><U66/><E74/><V93/><F28/><W63/><G132/><T45/><D105/><U1/><E1/><V34/><F54/><W2/><G113/><T129/><D123/><U32/><E130/><V71/><F34/><W95/><G35/><T99/><D129/><U56/><E134/><V6/><F6/><W86/><G37/><T87/><D73/><U128/><E128/><V118/><F71/><W104/><G104/><T135/><D103/><U97/><E36/><V122/><F122/><W11/><G63/><N who="0" m="38135" /><D117/><N who="2" m="44554" /><F107/><W67/><G2/><T44/><D59/><N who="1" m="37183" /><E32/><V50/><F50/><W109/><G67/><T111/><D21/><N who="1" m="15855" /><E98/><N who="2" m="59719" /><F93/><AGARI ba="3,0" hai="40,42,52,56,62,88,93,97" m="15855,37183" machi="93" ten="30,3900,0" yaku="8,1,54,2" doraHai="43" who="1" fromWho="2" sc="128,0,362,48,458,-48,52,0" /><INIT seed="3,0,0,3,2,103" ten="128,410,410,52" oya="3" hai0="60,31,64,102,6,132,86,131,54,106,12,5,81" hai1="74,17,83,72,23,55,76,75,117,45,37,67,78" hai2="56,13,98,28,101,65,108,40,11,39,112,133,59" hai3="26,80,38,21,1,109,19,119,9,22,62,122,87"/><W44/><G122/><T82/><D132/><U95/><E117/><V3/><F3/><W118/><G109/><T46/><D131/><U20/><E67/><V69/><F112/><W52/><G38/><T114/><D114/><U27/><E95/><N who="2" m="58591" /><F69/><W70/><G70/><T113/><D31/><U104/><E104/><V34/><F34/><W35/><G35/><T111/><D111/><U115/><E115/><V58/><F39/><W129/><G129/><T2/><D12/><U123/><E123/><V0/><F0/><W130/><G130/><T125/><D54/><U49/><E78/><V18/><F108/><W41/><G41/><T99/><D82/><U89/><E89/><V73/><F73/><W121/><G121/><T105/><D125/><U85/><E37/><V63/><F133/><W29/><G1/><T4/><D46/><U116/><E116/><V30/><F40/><W94/><G94/><T77/><D113/><U90/><E76/><V42/><F42/><W107/><G107/><T92/><REACH who="0" step="1"/><D2/><REACH who="0" ten="118,410,410,52" step="2"/><U15/><E75/><V48/><F58/><AGARI ba="0,1" hai="4,5,6,58,60,64,77,81,86,92,99,102,105,106" machi="58" ten="40,8000,1" yaku="1,1,2,1,52,2,53,0" doraHai="103" doraHaiUra="128" who="0" fromWho="2" sc="118,90,410,0,410,-80,52,0" owari="208,-19.0,410,51.0,330,13.0,52,-45.0" /></mjloggm>