<mjloggm ver="2.3"><GO type="169" lobby="0"/><UN n0="%E3%81%BF%E3%81%A3%E3%81%8D%E3%83%BC" n1="%E3%83%8F%E3%82%B9%E5%A4%AA" n2="%E7%A5%9E%E9%A2%A8%E3%81%A6%E3%81%83%E3%81%A3%E3%81%97%E3%82%85" n3="%E3%82%A2%E3%83%A1%E3%83%B3%E3%83%9D%E3%81%A6%E3%81%B5" dan="17,16,16,17" rate="2200.24,2125.30,2139.74,2214.58" sx="M,M,M,M"/><TAIKYOKU oya="0"/><INIT seed="0,0,0,0,3,44" ten="250,250,250,250" oya="0" hai0="21,1,14,42,43,106,72,41,99,26,34,11,121" hai1="66,47,37,61,40,78,111,129,56,4,125,119,15" hai2="76,36,109,107,91,7,5,70,112,17,63,96,77" hai3="80,81,116,59,60,54,100,133,13,57,65,62,97"/><T9/><D121/><U49/><E78/><V135/><F112/><W131/><G133/><T29/><D72/><U134/><E119/><V87/><F36/><W82/><G131/><T0/><D11/><U118/><E118/><V93/><F135/><W19/><G116/><T98/><D106/><U122/><E134/><V89/><F109/><W74/><G74/><T45/><D45/><U32/><E32/><V79/><F17/><W51/><G60/><T3/><REACH who="0" step="1"/><D34/><REACH who="0" ten="240,250,250,250" step="2"/><U90/><E122/><V25/><F107/><W68/><G68/><T130/><D130/><U12/><E47/><V115/><F115/><W84/><G100/><T31/><D31/><U10/><E10/><V92/><F5/><AGARI ba="0,1" hai="0,1,3,5,9,14,21,26,29,41,42,43,98,99" machi="5" ten="50,2400,0" yaku="1,1,53,0" doraHai="44" doraHaiUra="105" who="0" fromWho="2" sc="240,34,250,0,250,-24,250,0" /><INIT seed="0,1,0,2,5,17" ten="274,250,226,250" oya="0" hai0="8,115,85,130,51,84,12,54,97,104,95,15,38" hai1="120,45,101,59,123,39,36,71,7,75,19,16,89" hai2="44,30,134,26,113,99,109,83,90,129,86,133,106" hai3="121,135,87,80,63,67,52,118,66,55,42,98,28"/><T132/><D115/><U13/><E71/><V79/><F113/><W62/><G118/><T31/><D38/><U27/><E75/><V41/><F129/><W2/><G2/><T125/><D125/><U18/><E101/><V70/><F70/><W25/><G135/><T33/><D132/><U108/><E108/><V64/><F64/><N who="3" m="24619" /><G42/><T111/><D130/><U22/><E7/><V114/><F109/><W35/><G35/><T57/><D104/><U122/><E59/><V34/><F114/><W73/><G73/><T112/><D112/><U21/><E45/><V56/><F56/><W131/><G131/><T53/><D33/><U116/><E116/><V10/><F10/><W46/><G98/><T92/><D31/><U37/><E89/><V43/><F43/><W20/><G121/><T102/><D111/><U50/><REACH who="1" step="1"/><E50/><REACH who="1" ten="274,240,226,250" step="2"/><V107/><F106/><W40/><G40/><T78/><D57/><U3/><E3/><V60/><F107/><W47/><G46/><T100/><D51/><U82/><E82/><V77/><F134/><W1/><G1/><T4/><D4/><U69/><E69/><V117/><F117/><W94/><G94/><T32/><D92/><U24/><E24/><V110/><F133/><W96/><G96/><T91/><D95/><U9/><E9/><V68/><F110/><W126/><G47/><T23/><D97/><U72/><E72/><V11/><F11/><W103/><G103/><T119/><D8/><U48/><E48/><N who="2" m="26639" /><F99/><W49/><G49/><T81/><D119/><U127/><E127/><V124/><F124/><W76/><G126/><RYUUKYOKU ba="1,1" sc="274,-30,240,10,226,10,250,10" hai1="13,16,18,19,21,22,27,36,37,39,120,122,123" hai2="26,30,34,60,68,77,79,83,86,90" hai3="20,25,28,52,55,62,63,76,80,87" /><INIT seed="1,2,1,3,3,55" ten="244,250,236,260" oya="1" hai0="90,99,101,15,58,126,59,27,44,74,34,20,122" hai1="72,78,62,131,102,68,96,49,80,119,7,71,70" hai2="21,51,120,1,6,77,60,93,117,8,38,31,47" hai3="127,41,5,32,42,84,24,130,56,10,11,30,76"/><U86/><E119/><V108/><F117/><W4/><G130/><T22/><D34/><U14/><E131/><V28/><F120/><W94/><G127/><T39/><D74/><U3/><E3/><V104/><F104/><W16/><G32/><T97/><D126/><U48/><E62/><V79/><F108/><W83/><G30/><T129/><D129/><U109/><E109/><V132/><F132/><W25/><G94/><N who="0" m="58615" /><D39/><U66/><E66/><V23/><F38/><W111/><G111/><T98/><D44/><U124/><E124/><V112/><F112/><W125/><G125/><T33/><D33/><U37/><E37/><V88/><F60/><W12/><G56/><N who="0" m="21547" /><D122/><U13/><E72/><V85/><F31/><W0/><G42/><T75/><D75/><U123/><E123/><V133/><F133/><W107/><G41/><T36/><D36/><U64/><E64/><V82/><F28/><W46/><G46/><T91/><D27/><U73/><E73/><V67/><F67/><W45/><G45/><T95/><D15/><U26/><E26/><V103/><F47/><W87/><G107/><T57/><N who="0" m="21555" /><T2/><DORA hai="69" /><D2/><U100/><E14/><N who="2" m="5399" /><F51/><W114/><G114/><T134/><D134/><U29/><E49/><V81/><F1/><N who="3" m="271" /><G25/><T61/><D61/><U115/><E115/><V113/><F113/><W17/><G24/><T106/><D106/><U43/><E68/><V63/><F63/><W105/><G105/><T135/><D135/><U19/><E70/><V116/><F116/><W50/><G0/><T9/><D9/><U54/><E71/><RYUUKYOKU ba="2,1" sc="244,30,250,-10,236,-10,260,-10" hai0="20,22,90,91,95,97,98" /><INIT seed="2,3,1,4,2,95" ten="274,240,226,250" oya="2" hai0="118,4,94,117,71,70,81,93,8,11,53,76,34" hai1="106,75,69,108,91,62,64,121,96,98,126,125,112" hai2="133,33,66,23,1,103,42,52,82,46,101,37,40" hai3="123,89,85,9,39,88,99,20,60,10,47,131,124"/><V116/><F33/><W120/><G60/><T56/><D34/><U128/><E112/><V74/><F116/><N who="0" m="44650" /><D94/><N who="1" m="56415" /><E75/><V111/><F133/><W35/><G35/><T132/><D93/><U87/><E108/><V5/><F111/><W21/><G47/><T31/><D31/><U83/><E128/><V80/><F66/><W14/><G85/><N who="0" m="48295" /><D132/><U73/><E73/><V15/><F42/><W122/><G131/><T100/><D100/><N who="1" m="62743" /><E121/><V113/><F113/><W0/><G123/><T27/><D27/><U107/><E107/><V45/><F80/><W6/><G122/><T109/><D109/><U130/><E83/><V7/><F103/><W127/><G120/><T104/><D104/><U67/><E67/><V61/><F101/><W57/><G89/><T63/><D8/><U16/><E87/><V78/><F1/><AGARI ba="3,1" hai="1,4,11,53,56,63,70,71" m="48295,44650" machi="1" ten="30,1000,0" yaku="12,1" doraHai="95" who="0" fromWho="2" sc="274,29,240,0,226,-19,250,0" /><INIT seed="3,0,0,3,0,53" ten="303,240,207,250" oya="3" hai0="66,30,36,126,34,92,77,38,118,102,43,41,123" hai1="60,81,13,125,67,94,40,78,120,82,47,124,86" hai2="59,116,132,57,72,32,62,25,45,114,68,16,122" hai3="119,21,83,46,48,2,50,39,74,113,90,4,49"/><W73/><G119/><T110/><D30/><U93/><E120/><V52/><F114/><W11/><G113/><T96/><D34/><U19/><E82/><V8/><F116/><W12/><G39/><T7/><D118/><U134/><E134/><V79/><F68/><W1/><G46/><T64/><D123/><U103/><E103/><V44/><F122/><W115/><G115/><T23/><D110/><U28/><E28/><V98/><F132/><W51/><N who="3" m="12288" /><DORA hai="65" /><W129/><G129/><T20/><D77/><U108/><E108/><V71/><F71/><W109/><G109/><T106/><D7/><U26/><E26/><V55/><F98/><W105/><G105/><T35/><D35/><U133/><E133/><V17/><F32/><W89/><G21/><T95/><D126/><U135/><E135/><V88/><F79/><W15/><G83/><T112/><D112/><U100/><E100/><V27/><F72/><W31/><G31/><T56/><D96/><U121/><E121/><V3/><F3/><W63/><G63/><T104/><REACH who="0" step="1"/><D102/><REACH who="0" ten="293,240,207,250" step="2"/><U99/><E99/><V75/><F75/><W18/><G74/><T5/><D5/><U29/><E29/><V80/><F45/><W87/><G73/><T128/><D128/><U111/><E111/><V70/><F44/><W58/><G4/><T42/><D42/><U37/><E124/><V131/><F131/><W14/><G18/><T76/><D76/><U6/><E6/><V127/><F127/><W84/><G90/><T107/><D107/><U10/><E125/><V101/><F88/><W130/><G89/><RYUUKYOKU ba="0,1" sc="293,15,240,15,207,-15,250,-15" hai0="20,23,36,38,41,43,56,64,66,92,95,104,106" hai1="10,13,19,37,40,47,60,67,78,81,86,93,94" /><INIT seed="4,1,1,1,2,110" ten="308,255,192,235" oya="0" hai0="26,80,131,43,132,24,57,13,22,91,50,47,88" hai1="21,128,71,81,4,44,70,83,134,62,86,69,6" hai2="133,15,61,121,82,55,75,10,2,99,1,95,14" hai3="116,33,18,42,67,37,27,126,23,0,36,119,127"/><T78/><D132/><U35/><E35/><V12/><F121/><W8/><G67/><T16/><D131/><U32/><E32/><V9/><F133/><W87/><G42/><T123/><D123/><U107/><E134/><V96/><F75/><W104/><G104/><T108/><D108/><U92/><E107/><V63/><F82/><W54/><G54/><T31/><D57/><U11/><E128/><V29/><F29/><N who="3" m="19647" /><G87/><N who="0" m="48535" /><D26/><U98/><E21/><AGARI ba="1,1" hai="13,16,21,22,24,31,43,47,50,88,91" m="48535" machi="21" ten="30,5800,0" yaku="8,1,54,2" doraHai="110" who="0" fromWho="1" sc="308,71,255,-61,192,0,235,0" /><INIT seed="4,2,0,5,4,51" ten="379,194,192,235" oya="0" hai0="98,119,124,45,26,74,108,21,28,81,46,10,66" hai1="130,94,49,37,9,29,72,34,88,121,111,101,106" hai2="127,96,42,114,25,12,103,132,24,14,87,65,93" hai3="92,52,15,112,109,57,39,117,11,135,73,100,60"/><T54/><D119/><U36/><E121/><V107/><F114/><W5/><G117/><T89/><D66/><U133/><E111/><V116/><F116/><W75/><G109/><T7/><D108/><U6/><E133/><V50/><F132/><W123/><G135/><T62/><D74/><U84/><E130/><V40/><F127/><W91/><G39/><T104/><D104/><U27/><E72/><V79/><F65/><W70/><G112/><T44/><D124/><U20/><E34/><V82/><F107/><W31/><G100/><T0/><D81/><U80/><E106/><V23/><F25/><W30/><G70/><T13/><D0/><U3/><REACH who="1" step="1"/><E49/><REACH who="1" ten="379,184,192,235" step="2"/><V53/><F42/><W129/><G129/><T47/><D47/><U19/><E19/><N who="2" m="12415" /><F40/><W102/><G123/><T110/><D110/><U76/><E76/><V125/><F125/><W118/><G75/><T128/><D128/><U134/><E134/><V122/><F122/><W69/><G73/><T16/><D28/><U59/><E59/><AGARI ba="2,1" hai="12,14,50,53,59,79,82,87,93,96,103" m="12415" machi="59" ten="30,2000,0" yaku="8,1,52,1" doraHai="51" who="2" fromWho="1" sc="379,0,184,-26,192,36,235,0" /><INIT seed="5,0,0,1,3,21" ten="379,158,228,235" oya="1" hai0="101,56,14,32,100,102,48,13,12,87,29,11,70" hai1="132,37,2,66,96,41,126,8,117,55,106,105,98" hai2="20,93,69,31,131,90,78,94,65,54,35,128,81" hai3="57,88,86,114,16,112,73,61,28,77,40,109,1"/><U25/><E117/><V53/><F35/><W6/><G109/><T0/><D70/><U134/><E66/><V122/><F122/><W129/><G28/><T103/><D0/><U80/><E126/><V33/><F33/><W51/><G1/><T120/><D120/><U125/><E125/><V111/><F111/><W95/><G6/><T34/><D101/><U18/><E55/><V113/><F113/><N who="3" m="43627" /><G129/><T71/><D71/><U42/><E80/><V130/><F65/><N who="3" m="39087" /><G16/><T68/><D68/><U43/><E37/><V50/><F69/><W5/><G5/><T121/><D121/><U44/><E44/><V127/><F127/><W92/><G77/><T22/><D32/><U58/><E58/><V85/><F50/><W62/><G73/><T110/><D34/><U83/><E83/><V104/><F104/><N who="1" m="40041" /><E2/><V7/><F7/><W118/><G62/><T67/><D11/><U79/><E79/><V135/><F54/><W99/><G118/><T47/><D110/><U24/><E8/><V123/><F53/><W84/><G95/><N who="2" m="36361" /><F78/><W10/><G10/><T107/><D107/><U133/><E18/><V63/><F63/><W72/><G72/><T76/><D67/><U3/><E3/><V97/><F123/><W75/><G75/><T52/><D56/><U108/><E108/><V9/><F9/><W17/><G17/><N who="0" m="10535" /><D29/><U38/><E38/><V46/><F46/><AGARI ba="0,0" hai="40,46,51,84,86,88,92,99" m="39087,43627" machi="46" ten="30,2000,0" yaku="15,1,54,1" doraHai="21" who="3" fromWho="2" sc="379,0,158,0,228,-20,235,20" /><INIT seed="6,0,0,1,1,111" ten="379,158,208,255" oya="2" hai0="4,78,108,113,81,35,11,124,60,128,67,80,51" hai1="89,36,123,85,37,83,53,114,64,38,31,87,41" hai2="12,46,119,117,70,52,103,20,122,54,42,102,48" hai3="25,16,66,32,63,39,30,130,17,92,72,58,29"/><V9/><F122/><W10/><G39/><T76/><D35/><U40/><E123/><V24/><F70/><W106/><G106/><T13/><D108/><U21/><E64/><V88/><F119/><W22/><G72/><T26/><D124/><U100/><E100/><V23/><F117/><W15/><G130/><T0/><D0/><U28/><E53/><V61/><F23/><W18/><G32/><T97/><D97/><U116/><E116/><V133/><F133/><W65/><G66/><T14/><D26/><U84/><E21/><V118/><F118/><W1/><G1/><T44/><D14/><U121/><E121/><V74/><F74/><W93/><G29/><T33/><D113/><U57/><E57/><N who="2" m="34983" /><F88/><W43/><G43/><N who="0" m="24991" /><D128/><U62/><E62/><V2/><F2/><W59/><G59/><N who="0" m="37279" /><D33/><U77/><E89/><V82/><F82/><AGARI ba="0,0" hai="4,11,13,76,78,80,81,82" m="37279,24991" machi="82" ten="30,1000,0" yaku="8,1" doraHai="111" who="0" fromWho="2" sc="379,10,158,0,208,-10,255,0" /><INIT seed="7,0,0,0,4,10" ten="389,158,198,255" oya="3" hai0="17,0,81,66,90,57,133,21,36,34,132,129,4" hai1="25,130,44,15,88,35,102,109,103,47,16,41,73" hai2="76,108,85,52,120,92,54,7,101,72,14,79,37" hai3="8,9,39,2,124,80,50,33,43,110,22,65,117"/><W100/><G50/><T104/><D34/><U58/><E73/><V42/><F108/><W19/><G65/><T53/><D36/><U68/><E68/><V91/><F72/><W115/><G80/><T87/><D104/><U128/><E109/><V126/><F126/><W51/><G51/><T89/><D4/><U95/><E58/><V106/><F120/><W75/><G100/><N who="1" m="38442" /><E25/><V97/><F37/><W11/><G39/><T84/><D17/><U38/><E41/><V30/><F30/><W45/><G43/><T105/><D21/><N who="1" m="11423" /><E35/><V1/><F1/><W69/><G33/><T67/><D0/><U114/><E114/><V86/><F42/><W98/><G2/><T61/><D105/><U28/><E28/><V12/><F7/><W99/><G69/><T64/><D129/><N who="1" m="49771" /><E38/><V60/><F79/><W20/><G75/><T71/><D71/><U6/><E6/><V123/><F123/><W82/><G110/><T83/><AGARI ba="0,0" hai="53,57,61,64,66,67,81,83,84,87,89,90,132,133" machi="83" ten="30,2000,0" yaku="0,1,9,1" doraHai="10" who="0" fromWho="0" sc="389,20,158,-5,198,-5,255,-10" owari="409,51.0,153,-35.0,193,-21.0,245,5.0" /></mjloggm>