<mjloggm ver="2.3"><GO type="169" lobby="0"/><UN n0="%E7%88%86%E5%BC%BE%E4%BA%94%E9%83%8E%EF%BC%92" n1="%E3%81%BB%E3%83%BC%E3%82%8A%E3%83%BC" n2="%E3%82%82%E3%81%98%E3%82%83%E3%82%82%E3%81%98%E3%82%83" n3="%E3%81%94%E3%82%8A%E3%81%94%E3%82%8A%E3%81%94%E3%82%8A%E3%82%89" dan="16,16,16,18" rate="2101.63,2139.68,2057.77,2223.78" sx="M,M,M,M"/><TAIKYOKU oya="0"/><INIT seed="0,0,0,1,4,129" ten="250,250,250,250" oya="0" hai0="50,69,1,10,37,116,122,19,66,0,32,45,99" hai1="117,132,31,115,105,126,111,101,91,12,67,113,77" hai2="39,33,108,76,79,118,56,24,84,51,2,46,47" hai3="54,104,16,119,85,80,38,71,92,27,114,95,103"/><T121/><D32/><U128/><E67/><V21/><F2/><W53/><G114/><N who="1" m="43530" /><E12/><V8/><F108/><W75/><G119/><T96/><D116/><U82/><E31/><V57/><F33/><W3/><G3/><T73/><D37/><U81/><E117/><V23/><F8/><W90/><G71/><T107/><D1/><U4/><E4/><V102/><F102/><W17/><G38/><T65/><D65/><U9/><E9/><V130/><F130/><W133/><G133/><T94/><D73/><U14/><E14/><V112/><F23/><N who="3" m="13799" /><G104/><T48/><D107/><U63/><E63/><V34/><F34/><W61/><G75/><T22/><D99/><N who="1" m="61631" /><E132/><V60/><F60/><W124/><G124/><T44/><D66/><U100/><E100/><V131/><F131/><W78/><G61/><T26/><D69/><U55/><E126/><V41/><F118/><W20/><G103/><T58/><D122/><U36/><E36/><V30/><F112/><W49/><G78/><T6/><D121/><U5/><E77/><V74/><F74/><W42/><G42/><T72/><D72/><U43/><E43/><V88/><F76/><W7/><G7/><T87/><D6/><U110/><E5/><V11/><F11/><W64/><G64/><T89/><D10/><U18/><E128/><V98/><F79/><W62/><G62/><T40/><D0/><U83/><E110/><V13/><F39/><W120/><G120/><T35/><D35/><U29/><E111/><V28/><F41/><W109/><G109/><T70/><D70/><U97/><E29/><RYUUKYOKU ba="0,0" sc="250,0,250,0,250,0,250,0" /><INIT seed="1,1,0,2,1,21" ten="250,250,250,250" oya="1" hai0="39,116,93,98,36,66,130,26,47,1,69,57,92" hai1="80,43,19,33,46,96,4,102,44,134,75,3,97" hai2="103,62,30,2,7,83,121,81,90,113,114,31,50" hai3="109,41,24,128,60,18,89,0,82,61,5,54,123"/><U88/><E33/><V77/><F121/><W16/><G123/><T91/><D69/><U20/><E134/><V135/><F103/><W74/><G109/><T126/><D1/><U40/><E75/><V76/><F2/><W95/><G128/><T99/><D130/><U45/><E4/><V104/><F7/><W8/><G41/><N who="1" m="15946" /><E102/><V14/><F14/><W110/><G110/><T42/><D116/><U11/><E11/><V112/><F50/><W37/><G37/><T25/><D39/><U49/><E49/><V32/><F104/><W133/><G133/><T22/><D126/><U15/><E3/><V9/><F9/><W132/><G132/><T125/><D125/><U67/><E67/><V64/><F90/><W105/><G105/><T124/><D124/><U35/><E35/><V28/><F32/><W115/><G115/><T59/><D66/><U63/><E63/><V127/><F127/><W27/><G74/><T106/><D106/><U55/><E55/><V108/><F135/><W73/><G73/><T58/><REACH who="0" step="1"/><D22/><REACH who="0" ten="240,250,250,250" step="2"/><U87/><AGARI ba="1,1" hai="15,19,20,44,45,46,80,87,88,96,97" m="15946" machi="87" ten="30,3000,0" yaku="8,1,54,1" doraHai="21" who="1" fromWho="1" sc="240,-11,250,43,250,-11,250,-11" /><INIT seed="1,2,0,4,2,53" ten="229,293,239,239" oya="1" hai0="124,48,24,109,131,117,128,63,122,120,3,89,37" hai1="106,42,41,34,1,59,7,105,6,135,73,77,70" hai2="90,57,81,61,51,27,60,134,23,21,69,88,92" hai3="101,97,16,96,84,35,33,121,18,132,94,118,72"/><U38/><E77/><V12/><F134/><W85/><G72/><T10/><D37/><U55/><E55/><N who="2" m="31999" /><F69/><W91/><G118/><T4/><D89/><U116/><E70/><V19/><F81/><W32/><G132/><T126/><D48/><U99/><E99/><N who="2" m="57735" /><F90/><W47/><G121/><N who="0" m="46699" /><D63/><U75/><E34/><V103/><F103/><W30/><G30/><AGARI ba="2,0" hai="12,19,21,23,27,30,60,61" m="57735,31999" machi="30" ten="30,3900,0" yaku="8,1,52,1,54,1" doraHai="53" who="2" fromWho="3" sc="229,0,293,0,239,45,239,-45" /><INIT seed="2,0,0,5,3,91" ten="229,293,284,194" oya="2" hai0="120,45,20,125,111,34,135,130,14,37,23,96,80" hai1="82,132,57,68,56,134,121,128,126,113,26,123,67" hai2="124,31,8,58,12,51,50,1,18,44,72,71,27" hai3="46,103,22,115,90,112,61,64,81,65,0,48,99"/><V79/><F71/><W74/><G0/><T127/><D34/><U84/><E26/><V19/><F124/><W30/><G30/><T3/><D3/><U110/><E113/><N who="3" m="43594" /><G22/><T94/><D120/><N who="1" m="46155" /><E110/><V118/><F118/><W66/><G90/><N who="0" m="55383" /><D111/><U60/><E128/><V41/><F1/><W47/><G61/><T38/><D130/><U83/><E83/><V93/><F19/><W13/><G13/><T69/><D69/><U109/><E109/><V131/><F131/><W35/><G35/><T95/><D80/><U36/><E36/><V10/><F10/><W49/><G81/><T62/><D62/><N who="1" m="40055" /><E126/><N who="0" m="48137" /><D135/><N who="1" m="51755" /><E60/><V106/><F27/><W107/><G74/><T6/><D38/><U133/><N who="1" m="51763" /><U86/><DORA hai="88" /><E86/><V117/><F31/><W42/><G66/><T92/><D23/><U15/><E15/><V77/><F72/><W97/><G97/><T2/><D2/><U17/><E17/><V70/><F70/><W129/><G129/><T63/><D63/><U7/><E7/><V78/><F18/><W76/><G76/><AGARI ba="0,0" hai="56,57,76,82,84" m="51763,40055,46155" machi="76" ten="40,2600,0" yaku="13,1,20,1" doraHai="91,88" who="1" fromWho="3" sc="229,0,293,26,284,0,194,-26" /><INIT seed="3,0,0,5,3,22" ten="229,319,284,168" oya="3" hai0="99,20,86,111,33,128,28,126,68,42,19,107,83" hai1="5,24,58,57,34,115,41,12,85,45,62,72,116" hai2="0,7,26,89,13,87,78,17,88,84,108,10,74" hai3="130,9,79,49,91,38,47,114,1,51,105,15,18"/><W2/><G114/><T81/><D68/><U92/><E72/><V21/><F108/><W4/><G105/><T121/><D111/><U56/><E115/><V131/><F131/><W75/><G130/><T98/><D128/><U52/><E116/><V40/><F74/><W117/><G117/><T133/><D121/><U36/><E5/><V39/><F78/><W109/><G109/><T32/><D42/><U110/><E12/><V125/><F125/><W29/><G29/><T25/><D126/><U122/><E122/><V35/><F40/><N who="3" m="22935" /><G91/><T16/><D133/><U43/><E43/><V95/><F39/><W54/><G54/><T64/><D64/><U6/><E6/><V103/><F103/><W118/><G1/><T120/><D120/><U48/><E36/><V14/><REACH who="2" step="1"/><F35/><REACH who="2" ten="229,319,274,168" step="2"/><W94/><G118/><T132/><D32/><U93/><E110/><V44/><F44/><W30/><G30/><T102/><D33/><U8/><E34/><V123/><F123/><W37/><G37/><T55/><D28/><U112/><E45/><V100/><F100/><W23/><G94/><AGARI ba="0,1" hai="0,7,10,13,14,17,21,26,84,87,88,89,94,95" machi="94" ten="30,8000,1" yaku="1,1,7,1,9,1,52,1,54,1,53,0" doraHai="22" doraHaiUra="135" who="2" fromWho="3" sc="229,0,319,0,274,90,168,-80" /><INIT seed="4,0,0,2,4,100" ten="229,319,364,88" oya="0" hai0="33,118,92,4,46,114,61,45,75,95,135,39,116" hai1="6,11,78,90,93,99,134,40,29,103,84,27,42" hai2="125,127,30,68,122,79,57,49,76,129,13,17,52" hai3="34,119,123,117,64,32,74,18,94,44,55,15,115"/><T21/><D75/><U19/><E19/><V128/><F68/><W58/><G115/><T56/><D33/><U8/><E78/><N who="2" m="29739" /><F30/><W102/><G74/><T36/><D114/><U47/><E134/><V25/><F25/><W106/><G123/><T73/><D135/><U37/><E40/><V48/><F48/><W101/><G64/><T70/><D73/><U112/><E6/><V22/><F122/><W41/><G94/><T43/><D4/><U133/><E112/><V83/><F83/><W51/><G119/><T9/><D9/><U5/><E5/><V113/><F113/><W105/><G117/><T14/><D70/><U3/><E3/><V60/><F60/><W12/><G101/><T31/><D118/><U38/><E38/><V69/><F69/><W7/><G7/><T126/><D126/><AGARI ba="0,0" hai="13,17,22,49,52,57,125,126,127,128,129" m="29739" machi="126" ten="30,2000,0" yaku="18,1,54,1" doraHai="100" who="2" fromWho="0" sc="229,-20,319,0,364,20,88,0" /><INIT seed="5,0,0,0,3,91" ten="209,319,384,88" oya="1" hai0="34,67,70,93,87,59,85,125,13,118,27,9,102" hai1="104,29,68,65,46,26,62,30,117,28,128,48,122" hai2="94,103,31,2,100,108,60,83,12,106,52,41,47" hai3="55,57,18,69,75,45,98,120,24,38,1,113,40"/><U88/><E122/><V107/><F2/><W7/><G120/><T112/><D70/><U80/><E117/><V53/><F108/><W124/><G113/><T133/><D112/><U14/><E104/><V50/><F31/><W109/><G109/><T54/><D67/><U116/><E116/><V114/><F83/><W123/><G123/><T6/><D125/><U37/><E37/><V35/><F35/><W95/><G75/><T86/><D133/><U20/><E14/><V19/><F114/><W25/><G124/><T130/><D130/><U135/><E128/><V36/><F36/><W16/><G69/><T105/><D105/><U21/><E21/><V119/><F119/><W58/><G58/><T121/><D121/><U134/><E134/><V63/><F100/><W3/><G25/><T115/><D115/><U8/><E8/><V82/><F82/><W56/><G56/><T89/><D102/><U42/><REACH who="1" step="1"/><E135/><REACH who="1" ten="209,309,384,88" step="2"/><V101/><F106/><W81/><G24/><T23/><D118/><U10/><E10/><V79/><F107/><W39/><G38/><T76/><D34/><U44/><E44/><V96/><F12/><W77/><G1/><T72/><D23/><U90/><E90/><V84/><F101/><W64/><G3/><T127/><D27/><U66/><E66/><V110/><F110/><W17/><G64/><T78/><D127/><U49/><E49/><V5/><F50/><W74/><G45/><T4/><D9/><U33/><E33/><V15/><F47/><W11/><G39/><T92/><D13/><U32/><E32/><V129/><F129/><RYUUKYOKU ba="0,1" sc="209,-10,309,30,384,-10,88,-10" hai1="20,26,28,29,30,42,46,48,62,65,68,80,88" /><INIT seed="5,1,1,4,5,67" ten="199,339,374,78" oya="1" hai0="34,78,12,118,94,44,23,101,48,117,9,128,77" hai1="120,83,85,134,27,96,126,124,3,91,11,56,16" hai2="66,106,0,92,61,40,72,107,129,15,52,35,130" hai3="1,100,131,132,6,125,5,33,20,95,65,29,110"/><U102/><E120/><V64/><F0/><W28/><G110/><T50/><D34/><U58/><E3/><V63/><F72/><W81/><G81/><T7/><D128/><N who="2" m="49258" /><F35/><W105/><G131/><T31/><D50/><U79/><E79/><V42/><F92/><W49/><G95/><T46/><D46/><U84/><E84/><V36/><F15/><W30/><G49/><T73/><D73/><U114/><E114/><V43/><F52/><W22/><G65/><N who="2" m="25193" /><F36/><W109/><G100/><T45/><D45/><U99/><E99/><V121/><F121/><W97/><G97/><N who="0" m="59575" /><D118/><U53/><E53/><V55/><F55/><W108/><G105/><AGARI ba="1,1" hai="40,42,43,61,63,105,106,107" m="25193,49258" machi="105" ten="40,5200,0" yaku="28,2,19,1" doraHai="67" who="2" fromWho="3" sc="199,0,339,0,374,65,78,-55" /><INIT seed="6,0,0,4,1,47" ten="199,339,439,23" oya="2" hai0="131,56,42,95,54,75,39,111,118,6,106,128,93" hai1="35,102,15,130,124,3,99,89,37,10,119,96,134" hai2="109,62,13,82,84,107,29,51,112,36,16,132,91" hai3="43,64,8,70,122,67,113,85,23,110,52,46,26"/><V97/><F36/><W120/><G110/><T4/><D106/><U123/><E35/><V133/><F29/><W24/><G8/><T55/><D75/><U53/><E3/><V103/><F112/><W1/><G1/><T22/><D39/><U88/><E37/><V83/><F62/><W117/><G117/><T129/><D42/><U71/><E71/><V66/><F66/><W34/><G34/><T135/><D118/><U59/><E119/><V126/><F126/><W98/><G98/><T57/><D135/><U92/><E134/><V116/><F83/><W125/><G125/><T45/><D45/><U27/><E130/><V32/><F32/><W76/><G113/><T74/><D74/><U41/><E41/><V5/><F5/><N who="0" m="2154" /><D22/><U50/><E123/><V12/><F12/><W127/><G127/><T115/><D111/><U105/><E124/><V21/><F109/><W77/><G43/><T68/><D68/><U25/><REACH who="1" step="1"/><E89/><REACH who="1" ten="199,329,439,23" step="2"/><V104/><F116/><W60/><G70/><T20/><D115/><U100/><E100/><V73/><F132/><W94/><G122/><T2/><D2/><U87/><E87/><V58/><F133/><W30/><G120/><T121/><D121/><U81/><E81/><V38/><F38/><W108/><G108/><T28/><D95/><U90/><E90/><V72/><F104/><W61/><G94/><T48/><D93/><U79/><E79/><N who="3" m="30282" /><G85/><T44/><D55/><U11/><E11/><V65/><F65/><N who="3" m="25163" /><G26/><AGARI ba="0,1" hai="20,26,28,44,48,54,56,57,128,129,131" m="2154" machi="26" ten="40,2600,0" yaku="19,1,52,1" doraHai="47" who="0" fromWho="3" sc="199,36,329,0,439,0,23,-26" owari="235,-16.0,329,13.0,439,53.0,-3,-50.0" /></mjloggm>