<mjloggm ver="2.3"><GO type="225" lobby="0"/><UN n0="%E5%B1%B1%E8%B6%8A" n1="%EF%BC%AE%EF%BC%AF%EF%BD%90%EF%BD%90%EF%BC%AF" n2="%E8%A5%BF%E5%B2%A1%E8%82%B2%E6%9C%AA%E2%99%AA" n3="%E5%8F%AF%E5%85%90%E9%82%A3%E7%94%B1%E5%A4%9A" dan="18,16,16,17" rate="2227.92,2119.00,2109.96,2202.69" sx="M,M,F,F"/><TAIKYOKU oya="0"/><INIT seed="0,0,0,4,0,115" ten="250,250,250,250" oya="0" hai0="19,104,26,49,45,116,95,60,13,82,125,110,124" hai1="14,135,29,24,91,34,48,15,59,69,50,71,78" hai2="68,107,55,93,109,111,74,17,5,6,9,63,97" hai3="25,53,39,18,103,118,127,83,67,32,86,47,51"/><T128/><D104/><U12/><E135/><V79/><F107/><W123/><G127/><N who="0" m="48715" /><D128/><U73/><E91/><V85/><F74/><W0/><G0/><T10/><D110/><N who="2" m="41994" /><F85/><W117/><G123/><T126/><N who="0" m="48723" /><T46/><DORA hai="92" /><D116/><U28/><E28/><V84/><F84/><W112/><G112/><T41/><D60/><U105/><E105/><V4/><F79/><W3/><G3/><T98/><D82/><U132/><E132/><V102/><F55/><W70/><G39/><T106/><D106/><U44/><E59/><V57/><F68/><W43/><G53/><T40/><D26/><U77/><E50/><V101/><F101/><W61/><G103/><N who="0" m="60895" /><D46/><U56/><E56/><V38/><F57/><W133/><G133/><T42/><AGARI ba="0,0" hai="10,13,19,40,41,42,45,49" m="60895,48723" machi="42" ten="40,3900,0" yaku="18,1,52,1" doraHai="115,92" who="0" fromWho="0" sc="250,39,250,-13,250,-13,250,-13" /><INIT seed="0,1,0,3,0,15" ten="289,237,237,237" oya="0" hai0="110,94,120,29,86,98,21,88,132,58,68,47,10" hai1="14,121,40,93,62,9,52,104,80,117,37,43,45" hai2="126,22,32,55,6,8,96,57,85,7,83,95,18" hai3="36,106,65,123,30,61,116,97,27,78,1,42,77"/><T92/><D68/><U82/><E117/><V26/><F32/><N who="3" m="20575" /><G1/><T59/><D120/><U111/><E121/><V79/><F126/><W100/><G116/><T128/><D132/><U103/><E111/><V75/><F75/><W46/><G123/><T115/><D128/><U4/><E104/><V50/><REACH who="2" step="1"/><F8/><REACH who="2" ten="289,237,227,237" step="2"/><W90/><G90/><AGARI ba="1,1" hai="6,7,18,22,26,50,55,57,79,83,85,90,95,96" machi="90" ten="30,8000,1" yaku="1,1,2,1,7,1,8,1,52,1,53,0" doraHai="15" doraHaiUra="67" who="2" fromWho="3" sc="289,0,237,0,227,93,237,-83" /><BYE who="3" /><UN n3="%E5%8F%AF%E5%85%90%E9%82%A3%E7%94%B1%E5%A4%9A" /><INIT seed="1,0,0,1,3,14" ten="289,237,320,154" oya="1" hai0="53,29,69,19,107,46,8,9,70,72,117,98,68" hai1="38,79,6,16,27,111,21,106,12,94,42,95,47" hai2="112,74,63,114,32,121,124,24,64,15,0,2,58" hai3="44,93,100,54,81,129,99,91,128,65,87,131,110"/><U35/><E106/><V56/><F121/><W133/><G110/><T85/><D72/><U5/><E111/><V97/><F74/><W118/><G65/><T36/><D29/><U66/><E66/><V109/><F109/><W123/><G123/><T119/><D85/><U135/><E135/><V75/><F75/><W17/><G133/><T3/><D19/><U13/><E79/><V61/><F15/><W31/><G31/><T57/><D107/><U76/><E76/><V7/><F97/><W4/><G4/><T55/><D98/><U73/><E73/><V89/><F89/><W11/><G118/><T10/><D3/><U71/><E71/><V39/><F39/><W26/><G11/><T80/><D80/><U28/><E13/><V82/><F82/><W108/><G108/><T96/><D96/><U51/><E38/><V20/><F32/><W127/><G127/><T30/><D30/><U92/><AGARI ba="0,0" hai="5,6,12,16,21,27,28,35,42,47,51,92,94,95" machi="92" ten="30,6000,0" yaku="0,1,52,1,54,1" doraHai="14" who="1" fromWho="1" sc="289,-20,237,60,320,-20,154,-20" /><INIT seed="1,1,0,1,5,122" ten="269,297,300,134" oya="1" hai0="6,95,110,55,102,74,52,46,124,53,20,99,61" hai1="22,103,37,109,135,25,42,97,45,76,104,47,82" hai2="133,116,10,86,13,84,78,111,26,49,60,125,83" hai3="35,121,16,7,1,129,131,58,69,90,27,15,113"/><U130/><E135/><V51/><F116/><W117/><G69/><T89/><D110/><U114/><E114/><V40/><F125/><W73/><G73/><T101/><D124/><U31/><E130/><N who="3" m="49674" /><G117/><T91/><D74/><U77/><E109/><V21/><F133/><W127/><G127/><T85/><D6/><U80/><REACH who="1" step="1"/><E45/><REACH who="1" ten="269,287,300,134" step="2"/><V62/><F111/><W107/><G113/><T30/><D46/><U5/><E5/><V96/><F40/><W119/><G7/><T14/><D61/><U112/><E112/><V70/><F62/><W100/><G119/><T134/><D134/><U72/><E72/><V88/><F60/><W50/><G121/><T17/><REACH who="0" step="1"/><D30/><REACH who="0" ten="259,287,300,134" step="2"/><U115/><E115/><V11/><F51/><W118/><G118/><T64/><D64/><U56/><E56/><V19/><F49/><W68/><G58/><T128/><D128/><U12/><E12/><V66/><F66/><W38/><G15/><T8/><D8/><U41/><E41/><V67/><F67/><W92/><G50/><T39/><D39/><U106/><E106/><V79/><F70/><W54/><G107/><T98/><D98/><U123/><E123/><V3/><F96/><W59/><G68/><T81/><AGARI ba="1,2" hai="14,17,20,52,53,55,81,85,89,91,95,99,101,102" machi="81" ten="30,7900,0" yaku="1,1,0,1,8,1,54,1,53,0" doraHai="122" doraHaiUra="108" who="0" fromWho="0" sc="259,102,287,-40,300,-21,134,-21" /><INIT seed="2,0,0,0,2,48" ten="361,247,279,113" oya="2" hai0="54,79,42,59,86,89,17,120,122,15,90,97,40" hai1="112,21,50,108,30,10,74,60,105,62,72,98,41" hai2="92,76,114,1,80,75,104,8,67,33,39,63,55" hai3="100,95,3,126,83,65,127,134,129,84,116,53,132"/><V29/><F114/><W23/><G3/><T94/><D79/><U110/><E112/><V61/><F104/><W66/><G116/><T9/><D122/><U64/><E10/><V82/><F29/><W113/><G113/><T130/><D130/><U51/><E30/><V57/><F33/><W6/><G6/><T115/><D120/><U32/><E32/><V27/><F27/><W45/><G23/><T77/><D77/><U5/><E5/><V99/><F39/><W22/><G22/><T37/><D37/><U24/><E105/><V73/><F8/><W43/><G43/><T2/><D2/><U19/><E50/><V4/><F4/><W7/><G7/><T111/><D111/><N who="1" m="42539" /><E98/><V46/><F1/><W0/><G0/><T87/><D115/><U68/><E62/><V71/><F46/><AGARI ba="0,0" hai="19,21,24,41,46,51,60,64,68,72,74" m="42539" machi="46" ten="30,1000,0" yaku="14,1" doraHai="48" who="1" fromWho="2" sc="361,0,247,10,279,-10,113,0" /><INIT seed="3,0,0,1,3,42" ten="361,257,269,113" oya="3" hai0="6,87,30,43,123,124,0,24,107,55,109,48,118" hai1="16,26,33,35,103,86,90,88,72,38,132,18,111" hai2="117,62,74,81,102,80,79,69,113,104,27,2,93" hai3="122,99,100,78,96,37,76,1,19,73,125,82,60"/><W7/><G122/><T116/><D109/><U61/><E111/><V75/><F2/><W47/><G125/><T70/><D123/><U114/><E114/><V106/><F69/><W28/><G78/><T92/><D107/><N who="2" m="41002" /><F62/><W130/><G130/><T49/><D70/><U54/><E132/><V121/><F27/><W32/><G100/><T105/><D105/><U9/><E72/><N who="2" m="43111" /><F121/><W50/><G19/><T131/><D124/><U39/><E103/><V53/><F53/><W126/><G126/><T89/><D131/><U83/><E35/><V14/><F14/><W64/><G50/><T4/><D43/><U13/><E33/><V21/><F21/><W57/><G28/><T8/><D6/><U119/><E119/><V112/><F117/><W20/><G20/><T97/><D97/><U17/><E26/><V115/><F81/><W120/><G32/><T29/><D49/><U56/><REACH who="1" step="1"/><E90/><REACH who="1" ten="361,247,269,113" step="2"/><V68/><F68/><W94/><G120/><T84/><D118/><U91/><E91/><V108/><F108/><W44/><G37/><AGARI ba="0,1" hai="9,13,16,17,18,37,38,39,54,56,61,83,86,88" machi="37" ten="40,5200,0" yaku="1,1,54,2,53,0" doraHai="42" doraHaiUra="110" who="1" fromWho="3" sc="361,0,247,62,269,0,113,-52" owari="361,46.0,309,11.0,269,-13.0,61,-44.0" /></mjloggm>