<mjloggm ver="2.3"><GO type="169" lobby="0"/><UN n0="%E5%A4%A7%E6%A5%A0%E5%85%AC" n1="%E4%B8%BB%E5%B8%AD" n2="%E3%82%B9%E3%83%8A%E3%83%83%E3%82%AF%E7%9E%B3" n3="%6B%5F%6D%5F%62" dan="16,16,16,16" rate="2148.95,2161.62,2114.39,2154.87" sx="M,M,M,M"/><TAIKYOKU oya="0"/><INIT seed="0,0,0,2,0,121" ten="250,250,250,250" oya="0" hai0="127,90,4,73,34,105,19,113,89,15,85,39,102" hai1="83,59,109,40,130,41,117,119,61,107,55,36,43" hai2="122,23,11,94,108,114,8,106,88,16,32,21,45" hai3="35,64,10,95,116,118,71,112,77,81,132,78,123"/><T72/><D113/><U1/><E1/><V24/><F114/><W25/><G112/><T63/><D127/><U111/><E107/><V66/><F122/><W57/><G123/><T100/><D39/><U133/><E133/><V7/><F32/><W79/><G132/><T125/><D125/><U6/><E6/><V53/><F106/><W0/><G71/><T62/><D34/><U115/><E115/><V70/><F108/><N who="1" m="41545" /><E130/><V18/><F66/><W69/><G69/><T12/><D4/><U17/><E36/><V14/><F70/><W84/><G95/><T76/><D105/><U27/><E83/><V87/><F7/><W91/><G0/><T2/><D2/><U9/><E27/><V80/><F80/><W134/><G25/><T31/><D73/><U93/><E93/><V99/><F99/><W47/><G118/><T26/><D72/><U135/><E135/><V58/><REACH who="2" step="1"/><F45/><REACH who="2" ten="250,250,240,250" step="2"/><W50/><G47/><T128/><D128/><U126/><E126/><V54/><F54/><W42/><G81/><T103/><D76/><U29/><E29/><V5/><F5/><W67/><G79/><T3/><D31/><U48/><E61/><AGARI ba="0,1" hai="8,11,14,16,18,21,23,24,53,58,61,87,88,94" machi="61" ten="30,8000,1" yaku="1,1,7,1,8,1,54,2,53,0" doraHai="121" doraHaiUra="120" who="2" fromWho="1" sc="250,0,250,-80,240,90,250,0" /><INIT seed="1,0,0,0,5,9" ten="250,170,330,250" oya="1" hai0="10,1,52,31,128,112,82,92,101,135,58,50,63" hai1="36,68,81,23,70,109,85,48,80,66,93,123,69" hai2="125,78,79,124,75,25,83,18,30,61,20,86,76" hai3="56,98,134,103,21,72,8,7,44,94,62,41,28"/><U130/><E123/><V121/><F121/><W57/><G134/><T26/><D112/><U34/><E36/><V131/><F131/><W55/><G72/><T67/><D128/><U91/><E34/><V100/><F75/><W99/><G28/><T116/><D135/><U29/><E130/><V74/><F74/><W27/><G27/><T60/><D116/><U47/><E109/><V65/><F100/><W14/><G21/><T64/><D82/><U102/><E66/><V107/><F107/><W5/><G57/><T115/><D115/><U22/><E102/><V51/><F51/><W105/><G98/><T46/><D1/><U127/><E127/><N who="2" m="48715" /><F30/><W77/><G77/><T117/><D117/><U120/><E120/><V110/><F110/><W73/><G73/><T37/><D10/><U95/><E81/><V97/><F97/><W111/><G111/><T17/><D17/><U132/><E132/><V88/><F78/><W129/><G129/><T35/><D37/><U6/><E6/><V133/><F133/><W53/><G7/><T2/><D2/><U71/><E71/><AGARI ba="0,0" hai="18,20,25,61,65,71,76,79,83,86,88" m="48715" machi="71" ten="30,2000,0" yaku="18,1,54,1" doraHai="9" who="2" fromWho="1" sc="250,0,170,-20,330,20,250,0" /><INIT seed="2,0,0,3,0,62" ten="250,150,350,250" oya="2" hai0="49,120,8,60,29,122,57,126,66,2,32,113,50" hai1="34,23,125,108,51,7,132,112,67,24,25,52,1" hai2="111,43,105,13,109,16,104,10,92,118,26,76,14" hai3="33,89,134,106,39,119,88,101,82,38,65,15,19"/><V28/><F118/><W93/><G119/><T37/><D32/><U71/><E112/><V90/><F76/><W130/><G33/><T30/><D2/><U46/><E108/><N who="2" m="41547" /><F43/><W74/><G130/><T80/><D8/><U31/><E132/><V81/><F81/><W0/><G0/><T70/><D80/><U78/><E125/><V133/><F133/><W128/><G128/><T123/><D30/><U98/><E78/><V86/><F13/><W9/><G134/><T73/><D29/><U42/><E1/><V17/><F17/><W63/><G74/><T36/><D73/><U129/><E7/><V27/><F27/><W64/><G63/><N who="0" m="40287" /><D113/><U127/><E127/><V115/><F115/><W100/><G39/><N who="0" m="14923" /><D126/><U59/><E129/><V54/><F54/><AGARI ba="0,0" hai="49,50,54,57,60,120,122,123" m="14923,40287" machi="54" ten="40,5200,0" yaku="34,2,52,1" doraHai="62" who="0" fromWho="2" sc="250,52,150,0,350,-52,250,0" /><INIT seed="3,0,0,5,0,35" ten="302,150,298,250" oya="3" hai0="130,73,115,123,131,129,19,118,25,83,82,15,67" hai1="23,97,133,28,106,103,102,60,107,66,44,127,134" hai2="121,78,10,109,4,49,41,54,62,32,104,43,65" hai3="112,77,50,90,39,105,27,45,33,37,53,93,55"/><W110/><G112/><T68/><D123/><U21/><E127/><V64/><F104/><W57/><G105/><T12/><D118/><U22/><E28/><V120/><F32/><W132/><G132/><N who="1" m="50794" /><E44/><V81/><F109/><W69/><G69/><T87/><D115/><U30/><E30/><V29/><F29/><W6/><G27/><T7/><D68/><N who="1" m="42055" /><E103/><V24/><F24/><W36/><G33/><T71/><D71/><U111/><E107/><V76/><F62/><W40/><G77/><T86/><D67/><U38/><E38/><V46/><F65/><W125/><G125/><T8/><D25/><U2/><E111/><V63/><F76/><W14/><G110/><T16/><D73/><U114/><E114/><V84/><F64/><W48/><G55/><T70/><D70/><U13/><E13/><N who="2" m="5319" /><F41/><W51/><G51/><T20/><D19/><U80/><E80/><AGARI ba="0,0" hai="7,8,12,15,16,20,80,82,83,86,87,129,130,131" machi="80" ten="40,2600,0" yaku="19,1,54,1" doraHai="35" who="0" fromWho="1" sc="302,26,150,-26,298,0,250,0" /><INIT seed="4,0,0,3,3,38" ten="328,124,298,250" oya="0" hai0="32,129,80,106,28,105,65,56,87,23,117,4,108" hai1="18,11,97,6,60,77,1,115,26,22,37,16,92" hai2="135,110,61,116,31,132,27,47,39,124,126,14,57" hai3="42,76,89,2,120,72,19,79,49,127,95,100,41"/><T122/><D117/><U113/><E77/><N who="3" m="29770" /><G2/><T90/><D122/><U36/><E60/><V33/><F110/><W40/><G72/><T58/><D32/><U5/><E5/><V21/><F116/><W12/><G120/><T51/><D129/><U111/><E111/><V29/><F39/><W98/><G127/><N who="2" m="48681" /><F47/><W70/><G70/><T103/><D108/><U85/><E85/><V104/><F104/><W17/><G49/><T8/><D103/><N who="1" m="60839" /><E18/><N who="3" m="6666" /><G12/><T25/><D58/><U67/><E67/><N who="2" m="39343" /><F14/><W64/><G64/><T131/><D131/><U101/><E101/><AGARI ba="0,0" hai="40,41,42,89,95,98,100,101" m="6666,29770" machi="101" ten="30,7700,0" yaku="8,1,52,3" doraHai="38" who="3" fromWho="1" sc="328,0,124,-77,298,0,250,77" /><INIT seed="5,0,0,4,5,81" ten="328,47,298,327" oya="1" hai0="89,19,39,7,78,71,113,123,23,26,28,129,102" hai1="61,17,44,79,54,2,31,40,55,75,80,99,48" hai2="126,37,5,46,128,118,20,11,10,106,117,21,63" hai3="95,122,124,60,3,6,120,92,35,104,103,22,24"/><U13/><E2/><V111/><F106/><W119/><G124/><T125/><D125/><U30/><E99/><V56/><F126/><W97/><G119/><T127/><D127/><U49/><E61/><V70/><F70/><W96/><G35/><T4/><D71/><U112/><E112/><V14/><F111/><W88/><G104/><T16/><D39/><U38/><E38/><V93/><F128/><W25/><G25/><T41/><D41/><U110/><E110/><V100/><F37/><W64/><G6/><N who="0" m="2091" /><D129/><U91/><E91/><V53/><F10/><W33/><G33/><T57/><D123/><U9/><REACH who="1" step="1"/><E40/><REACH who="1" ten="328,37,298,327" step="2"/><V76/><F117/><W131/><G3/><T74/><D113/><U73/><E73/><V69/><F118/><W109/><G131/><T87/><D74/><U42/><E42/><V107/><F63/><W47/><G109/><T68/><D78/><U18/><E18/><V66/><F76/><W94/><G120/><T51/><D102/><U133/><E133/><V115/><F100/><W83/><G122/><T45/><D68/><U116/><E116/><V114/><F69/><W58/><G97/><T52/><D57/><AGARI ba="0,1" hai="9,13,17,30,31,44,48,49,54,55,57,75,79,80" machi="57" ten="30,2900,0" yaku="1,1,7,1,53,0" doraHai="81" doraHaiUra="59" who="1" fromWho="0" sc="328,-29,37,39,298,0,327,0" /><INIT seed="5,1,0,3,2,108" ten="299,76,298,327" oya="1" hai0="3,107,19,127,32,73,61,95,57,94,92,85,22" hai1="78,46,21,50,62,100,53,75,103,10,102,106,39" hai2="56,6,89,133,131,36,48,30,20,134,51,69,29" hai3="117,101,42,130,105,52,59,120,93,13,88,5,7"/><U12/><E39/><V27/><F69/><W35/><G117/><T47/><D107/><U112/><E106/><V24/><F36/><W37/><G120/><T81/><D73/><U54/><E75/><V28/><F6/><W72/><G130/><T25/><D3/><U64/><E78/><V31/><F131/><W121/><G35/><T1/><D1/><U66/><E21/><V84/><F24/><W67/><G67/><T40/><D32/><U14/><E112/><V17/><N who="2" m="7168" /><DORA hai="43" /><V60/><F133/><W96/><G13/><T74/><D74/><U118/><E118/><V26/><F26/><W16/><G16/><T44/><D40/><U34/><E34/><V79/><F79/><W115/><G115/><T98/><D98/><U119/><E119/><V123/><F134/><W91/><G121/><T63/><D127/><U4/><REACH who="1" step="1"/><E12/><REACH who="1" ten="299,66,298,327" step="2"/><V15/><F15/><W2/><G72/><T41/><D22/><U11/><E11/><V8/><F8/><W86/><G2/><T45/><D25/><U77/><E77/><V135/><F123/><W97/><G37/><T87/><D41/><U125/><E125/><V122/><F135/><W116/><G42/><T58/><D19/><U109/><E109/><V49/><F122/><W111/><G116/><T104/><D104/><U128/><E128/><V132/><F132/><W90/><G111/><T70/><D70/><U129/><E129/><V124/><F124/><W0/><G0/><T9/><D9/><U71/><E71/><V80/><F17/><W38/><G105/><T114/><D114/><U83/><E83/><RYUUKYOKU ba="1,1" sc="299,-10,66,30,298,-10,327,-10" hai1="4,10,14,46,50,53,54,62,64,66,100,102,103" /><INIT seed="5,2,1,3,5,81" ten="289,96,288,317" oya="1" hai0="80,17,118,106,35,113,32,114,48,58,98,124,123" hai1="128,116,125,72,34,74,93,135,36,130,42,97,5" hai2="11,85,25,49,45,15,76,26,133,68,120,105,77" hai3="31,52,103,131,14,129,88,69,122,59,82,83,27"/><U44/><E116/><V109/><F109/><W62/><G122/><T94/><D106/><U1/><E34/><V50/><F105/><W104/><G69/><T40/><D118/><U43/><E135/><V91/><F68/><W73/><G73/><T53/><D123/><U79/><E125/><V78/><F133/><W65/><G65/><T8/><D124/><U7/><E43/><V75/><F75/><W12/><G83/><T121/><D121/><U0/><E5/><V13/><F13/><W46/><G46/><T115/><D40/><U63/><E63/><V57/><F57/><W117/><G117/><T10/><D80/><N who="1" m="45159" /><E74/><V20/><F120/><W28/><G28/><T61/><D61/><U126/><E126/><V110/><F110/><W55/><G55/><T37/><D37/><U112/><E112/><V4/><F49/><W70/><G70/><T19/><D19/><U111/><E111/><V89/><F20/><N who="3" m="15847" /><G103/><T134/><D134/><U9/><E1/><V41/><F91/><AGARI ba="2,1" hai="0,7,9,36,42,44,91,93,97,128,130" m="45159" machi="91" ten="30,1500,0" yaku="25,1" doraHai="81" who="1" fromWho="2" sc="289,0,96,31,288,-21,317,0" /><INIT seed="5,3,0,3,3,15" ten="289,127,267,317" oya="1" hai0="48,14,32,36,42,5,133,95,102,10,107,70,126" hai1="22,3,120,33,87,88,81,71,131,135,105,9,16" hai2="63,59,76,25,110,38,98,77,6,31,26,13,47" hai3="27,39,50,23,1,35,99,78,109,7,91,89,56"/><U134/><E120/><V128/><F110/><W43/><G109/><T2/><D107/><U113/><E33/><V53/><F128/><W64/><G35/><T125/><D36/><U97/><E71/><V54/><F98/><W108/><G108/><T68/><D32/><U132/><E131/><V123/><F123/><W8/><G99/><N who="0" m="59775" /><D133/><U34/><E34/><V111/><F111/><W46/><G50/><T30/><D30/><U124/><E113/><V37/><F37/><W114/><G114/><T57/><D2/><U24/><E124/><N who="0" m="47721" /><D57/><U118/><E118/><V28/><F38/><W106/><G106/><T18/><D5/><N who="1" m="1215" /><E97/><V85/><F31/><W72/><G64/><T74/><D74/><U40/><E105/><V83/><F77/><W12/><G56/><T44/><AGARI ba="3,0" hai="10,14,18,42,44,48,68,70" m="47721,59775" machi="44" ten="30,2000,0" yaku="18,1,52,1" doraHai="15" who="0" fromWho="0" sc="289,29,127,-13,267,-8,317,-8" /><INIT seed="6,0,0,3,1,108" ten="318,114,259,309" oya="2" hai0="40,36,64,49,101,129,5,54,43,34,78,59,33" hai1="28,38,127,76,104,73,119,44,103,102,23,60,57" hai2="133,117,20,95,37,70,118,88,16,74,126,55,81" hai3="35,0,19,6,31,13,135,123,115,68,42,107,9"/><V77/><F70/><W45/><G68/><T66/><D101/><U52/><E119/><V128/><F37/><W69/><G69/><T92/><D92/><U48/><E38/><V122/><F122/><W86/><G107/><T114/><D78/><U56/><E127/><V17/><F126/><W100/><G100/><T26/><D5/><U4/><E4/><V2/><F2/><W80/><G123/><T27/><D36/><U29/><E57/><V32/><F32/><W63/><G63/><T47/><D129/><U51/><E51/><V25/><F128/><W14/><G135/><T132/><D132/><U71/><E71/><V125/><F125/><W109/><G109/><T93/><D93/><U1/><E1/><V98/><F133/><W106/><G106/><T131/><D131/><U116/><E116/><V62/><F17/><W46/><G14/><T67/><D34/><U22/><E29/><V91/><F91/><W110/><G110/><T61/><D33/><U79/><E103/><V134/><F134/><W72/><G72/><T96/><D96/><U120/><E120/><V84/><F74/><W99/><G99/><T105/><D105/><U83/><E76/><V130/><F130/><W89/><G42/><N who="0" m="15915" /><D27/><U11/><E102/><V97/><F97/><W30/><G35/><T24/><D24/><U39/><E104/><V111/><F111/><W113/><G31/><T53/><D26/><N who="1" m="16471" /><E39/><V12/><F12/><W58/><G30/><T41/><N who="0" m="15923" /><T124/><DORA hai="3" /><D124/><U90/><E90/><V75/><F75/><W112/><G58/><AGARI ba="0,0" hai="16,20,25,55,58,62,77,81,84,88,95,98,117,118" machi="58" ten="40,12000,1" yaku="25,2,54,2" doraHai="108,3" who="2" fromWho="3" sc="318,0,114,0,259,120,309,-120" /><INIT seed="6,1,0,5,5,23" ten="318,114,379,189" oya="2" hai0="58,94,133,7,118,3,65,67,54,35,59,86,62" hai1="69,53,121,107,134,18,130,50,20,100,36,27,93" hai2="114,29,43,19,96,46,75,10,131,28,21,71,111" hai3="120,56,52,70,22,72,12,113,25,11,80,16,6"/><V117/><F117/><W109/><G120/><T123/><D123/><U2/><E121/><V116/><F71/><W83/><G109/><T15/><D118/><U81/><E36/><V132/><F75/><W127/><G70/><T39/><D3/><U101/><E107/><V126/><F114/><W8/><G113/><T0/><D0/><U99/><E134/><V108/><F126/><W32/><G127/><T66/><D39/><U1/><E130/><V55/><F131/><W48/><G72/><T40/><D133/><U124/><E124/><V106/><F10/><W63/><G32/><T34/><D40/><U61/><E101/><V33/><F55/><N who="3" m="34207" /><G11/><N who="0" m="4607" /><D34/><U51/><E81/><V26/><F132/><W112/><G112/><T110/><D35/><U47/><REACH who="1" step="1"/><E51/><REACH who="1" ten="318,104,379,189" step="2"/><N who="2" m="27103" /><F116/><W82/><G82/><T84/><D110/><U129/><E129/><V122/><F122/><W115/><G115/><T77/><D94/><U105/><E105/><V49/><F106/><W68/><G68/><T41/><D77/><U98/><E98/><V31/><F96/><W102/><G102/><T91/><D91/><U78/><E78/><V87/><F108/><W13/><G13/><T76/><D76/><U74/><E74/><V88/><F111/><W44/><AGARI ba="1,1" hai="6,8,12,16,22,25,44,48,52,80,83" m="34207" machi="44" ten="30,7900,0" yaku="8,1,52,1,54,2" doraHai="23" who="3" fromWho="3" sc="318,-21,104,-21,379,-40,189,92" /><INIT seed="7,0,0,1,2,38" ten="297,83,339,281" oya="3" hai0="106,53,88,110,1,44,30,89,43,122,32,109,98" hai1="120,126,87,79,34,35,45,96,133,39,9,36,92" hai2="22,95,42,66,65,77,4,94,97,23,24,108,25" hai3="113,107,129,70,10,73,40,130,41,50,19,7,127"/><W135/><G113/><T57/><D122/><U111/><E111/><V100/><F4/><W13/><G127/><T123/><D1/><U20/><E126/><V124/><F124/><W29/><G135/><T17/><D123/><U27/><E133/><V47/><F77/><W103/><G73/><T84/><D32/><U112/><E120/><V93/><F93/><W12/><G70/><T0/><D0/><U117/><E112/><V68/><F68/><W8/><G29/><T81/><D30/><U121/><E121/><V18/><F94/><W90/><G90/><T21/><D106/><U78/><E117/><V16/><F108/><W74/><G74/><T134/><D134/><U15/><E35/><V101/><F101/><W49/><G49/><AGARI ba="0,0" hai="16,18,22,23,24,25,42,47,49,65,66,95,97,100" machi="49" ten="30,8000,1" yaku="7,1,9,1,8,1,52,1,54,1" doraHai="38" who="2" fromWho="3" sc="297,0,83,0,339,80,281,-80" owari="297,10.0,83,-42.0,419,52.0,201,-20.0" /></mjloggm>