<mjloggm ver="2.3"><GO type="169" lobby="0"/><UN n0="%50%45%41%43%45%31%30" n1="%E3%82%8A%E3%82%86%E3%83%BC" n2="%E3%82%84%E3%81%8F%E3%81%97%E3%81%BE%E3%82%8B%E3%81%88%E3%81%A4%E3%81%93" n3="%E3%82%88%E3%81%93%40%63" dan="16,18,16,17" rate="2182.92,2259.51,2049.28,2146.44" sx="M,M,F,F"/><TAIKYOKU oya="0"/><INIT seed="0,0,0,0,3,45" ten="250,250,250,250" oya="0" hai0="76,8,1,133,131,119,104,47,85,127,6,19,100" hai1="120,35,97,44,66,7,62,40,77,86,72,75,90" hai2="67,42,27,16,30,63,39,129,23,126,59,113,61" hai3="93,82,29,84,124,57,50,71,112,70,28,135,92"/><T3/><D119/><U73/><E120/><V118/><F118/><W103/><G124/><T111/><D127/><U74/><E35/><V122/><F122/><W33/><G135/><T128/><D133/><U110/><E110/><V37/><F126/><W115/><G33/><T2/><D111/><U88/><N who="1" m="18432" /><DORA hai="99" /><U22/><E7/><V114/><F129/><N who="0" m="49738" /><D76/><U125/><E125/><V102/><F102/><W5/><G5/><T98/><D85/><U134/><E134/><V79/><F79/><W130/><G130/><T109/><D109/><U46/><E22/><V34/><F63/><W25/><G84/><T4/><D47/><U132/><E132/><V64/><F64/><W108/><G108/><T91/><D91/><U81/><E97/><V123/><F123/><W31/><G82/><T60/><D60/><U43/><E44/><V101/><F42/><W49/><G25/><T51/><D51/><U56/><REACH who="1" step="1"/><E40/><REACH who="1" ten="250,240,250,250" step="2"/><V53/><F37/><AGARI ba="0,1" hai="37,43,46,56,62,66,77,81,86,88,90" m="18432" machi="37" ten="70,8000,1" yaku="1,1,2,1,54,1,53,1" doraHai="45,99" doraHaiUra="68,48" who="1" fromWho="2" sc="250,0,240,90,250,-80,250,0" /><INIT seed="1,0,0,5,1,64" ten="250,330,170,250" oya="1" hai0="43,10,3,12,4,127,7,34,105,73,55,41,80" hai1="28,124,111,89,13,108,90,37,135,48,65,129,66" hai2="85,29,119,107,87,59,134,9,81,113,67,15,38" hai3="5,88,25,79,56,21,1,53,72,8,60,125,26"/><U118/><E118/><V126/><F119/><W16/><G125/><T121/><D127/><U33/><E124/><V75/><F126/><W52/><G79/><T96/><D121/><U47/><E13/><V70/><F107/><W99/><G72/><T94/><D105/><U23/><E33/><V35/><F70/><W42/><G42/><T131/><D34/><U57/><E28/><V132/><F38/><W46/><G46/><T49/><D131/><U74/><E74/><V123/><F123/><W97/><G26/><T104/><D104/><U19/><E37/><V14/><F113/><W86/><REACH who="3" step="1"/><G53/><REACH who="3" ten="250,330,170,240" step="2"/><T2/><D43/><U30/><E47/><V78/><F78/><W93/><AGARI ba="0,1" hai="1,5,8,16,21,25,52,56,60,86,88,93,97,99" machi="93" ten="20,12000,2" yaku="1,1,2,1,0,1,7,1,54,3,53,0" doraHai="64" doraHaiUra="109" who="3" fromWho="3" sc="250,-30,330,-60,170,-30,240,130" /><INIT seed="2,0,0,2,1,129" ten="220,270,140,370" oya="2" hai0="77,2,0,111,30,58,50,67,100,15,71,44,48" hai1="70,42,55,84,92,33,46,121,35,86,66,31,93" hai2="128,39,104,119,63,102,34,56,24,90,16,25,81" hai3="79,133,82,76,22,114,126,59,134,123,41,117,40"/><V116/><F128/><W95/><G123/><T135/><D111/><U80/><E121/><V26/><F39/><W107/><G117/><T60/><D30/><U45/><E66/><V91/><F34/><W101/><G114/><T125/><D125/><U83/><E70/><V14/><F104/><W78/><G107/><T72/><D100/><U98/><E31/><V94/><F102/><W118/><G118/><T1/><D71/><U88/><E55/><V122/><F122/><W18/><G59/><T13/><D50/><U37/><E45/><V23/><F81/><W65/><G65/><T3/><N who="0" m="0" /><DORA hai="73" /><T43/><REACH who="0" step="1"/><D135/><REACH who="0" ten="210,270,140,370" step="2"/><N who="3" m="51721" /><G126/><T4/><D4/><U113/><E113/><V115/><F115/><W54/><G54/><T47/><D47/><U6/><E6/><V11/><F11/><W69/><G69/><T87/><D87/><U103/><REACH who="1" step="1"/><E80/><AGARI ba="0,1" hai="13,15,43,44,48,58,60,67,72,77,80" m="0" machi="80" ten="70,8000,1" yaku="1,1,52,1,53,2" doraHai="129,73" doraHaiUra="12,10" who="0" fromWho="1" sc="210,90,270,-80,140,0,370,0" /><INIT seed="3,0,0,4,1,64" ten="300,190,140,370" oya="3" hai0="53,85,51,35,48,118,92,36,131,8,129,103,124" hai1="94,132,44,71,24,19,61,121,33,9,83,70,22" hai2="127,49,79,12,30,119,97,66,32,114,69,40,0" hai3="46,86,123,77,105,42,13,125,23,88,76,56,102"/><W99/><G123/><T47/><D35/><U128/><E121/><V101/><F0/><W57/><G125/><T58/><D118/><U25/><E61/><V2/><F2/><W52/><G57/><T63/><D124/><U120/><E120/><V29/><F119/><W67/><G67/><T90/><D103/><U31/><E94/><V27/><F114/><W72/><G72/><T3/><D36/><U54/><E132/><V98/><F127/><W96/><G96/><T26/><D26/><U55/><E9/><V78/><F30/><W7/><G7/><T50/><D3/><U80/><E128/><N who="0" m="49225" /><D8/><U17/><E44/><AGARI ba="0,0" hai="44,47,48,50,51,53,58,63,85,90,92" m="49225" machi="44" ten="30,1000,0" yaku="19,1" doraHai="64" who="0" fromWho="1" sc="300,10,190,-10,140,0,370,0" /><INIT seed="4,0,0,1,1,65" ten="310,180,140,370" oya="0" hai0="87,53,31,61,20,11,85,15,79,118,43,102,57" hai1="97,89,116,135,120,113,40,17,81,68,103,111,72" hai2="129,99,125,14,7,71,10,58,86,114,24,59,76" hai3="128,122,105,9,117,67,112,80,6,109,38,47,35"/><T95/><D118/><U108/><E40/><V27/><F114/><W124/><RYUUKYOKU type="yao9" ba="0,0" sc="310,0,180,0,140,0,370,0" hai3="6,9,35,38,47,67,80,105,109,112,117,122,124,128" /><INIT seed="4,1,0,1,3,23" ten="310,180,140,370" oya="0" hai0="119,72,127,86,16,61,111,40,135,101,122,56,5" hai1="71,90,41,9,132,62,44,35,17,4,74,77,31" hai2="38,2,65,110,13,25,91,125,93,32,96,28,117" hai3="87,98,8,89,39,118,45,43,82,47,34,130,92"/><T3/><D119/><U54/><E90/><V46/><F2/><W97/><G118/><T58/><D122/><U57/><E17/><V64/><F117/><W99/><G130/><T124/><D72/><U55/><E132/><V0/><F0/><W85/><G34/><T121/><D121/><U73/><E54/><V83/><F110/><W22/><G45/><T107/><D40/><U75/><E71/><V100/><F125/><W106/><G8/><T60/><D3/><U120/><E120/><V50/><F38/><W14/><G106/><T66/><D5/><U42/><E44/><V27/><F13/><W48/><G39/><T113/><D113/><U116/><E116/><V79/><F27/><W20/><G14/><T112/><D112/><U7/><E77/><AGARI ba="1,0" hai="20,22,43,47,48,77,82,85,87,89,92,97,98,99" machi="77" ten="40,1300,0" yaku="8,1" doraHai="23" who="3" fromWho="1" sc="310,0,180,-16,140,0,370,16" /><INIT seed="5,0,0,4,1,94" ten="310,164,140,386" oya="1" hai0="105,79,32,17,62,42,58,11,33,133,93,52,69" hai1="87,29,27,26,14,31,119,84,5,81,28,78,135" hai2="49,36,20,121,25,64,96,123,72,19,89,126,35" hai3="95,106,53,67,115,97,15,125,77,63,21,118,23"/><U57/><E135/><V51/><F36/><W101/><G118/><T73/><D105/><U1/><E1/><V102/><F72/><W24/><G77/><T131/><D133/><U6/><E119/><V40/><F126/><W18/><G125/><T4/><D131/><U55/><E87/><V8/><F64/><W54/><G106/><T44/><D69/><U2/><E2/><V13/><F35/><W110/><G110/><T38/><D17/><U130/><E130/><V92/><F40/><W59/><G115/><T3/><D93/><U134/><E134/><V122/><REACH who="2" step="1"/><F102/><REACH who="2" ten="310,164,130,386" step="2"/><W65/><G65/><T90/><D90/><U127/><E127/><V107/><F107/><W91/><G101/><T37/><D37/><U10/><REACH who="1" step="1"/><E5/><AGARI ba="0,1" hai="5,8,13,19,20,25,49,51,89,92,96,121,122,123" machi="5" ten="40,2600,0" yaku="1,1,52,1,53,0" doraHai="94" doraHaiUra="60" who="2" fromWho="1" sc="310,0,164,-26,130,36,386,0" /><INIT seed="6,0,0,5,2,39" ten="310,138,166,386" oya="2" hai0="83,20,66,111,114,32,5,126,44,2,90,76,113" hai1="55,68,88,108,121,26,125,95,58,62,133,67,92" hai2="104,10,71,110,122,28,80,34,75,127,21,53,46" hai3="31,94,120,132,36,109,78,52,37,91,15,86,50"/><V49/><F122/><W74/><G109/><T11/><D111/><U18/><E108/><V54/><F110/><W1/><G1/><T73/><D126/><U61/><E125/><V19/><F127/><W105/><G105/><T65/><D32/><U22/><E121/><V24/><F104/><W25/><G120/><T98/><D20/><U41/><E133/><V48/><F71/><W85/><G74/><T14/><D14/><U87/><REACH who="1" step="1"/><E41/><REACH who="1" ten="310,128,166,386" step="2"/><V30/><F34/><W131/><G132/><T134/><D134/><U84/><E84/><V40/><F10/><W47/><G131/><T38/><D113/><U8/><E8/><V64/><F64/><W72/><G72/><T103/><D114/><U135/><E135/><V118/><F118/><W57/><G86/><T29/><D66/><U97/><E97/><V107/><F40/><W115/><G115/><T101/><D65/><U13/><E13/><V89/><F75/><W79/><G15/><T45/><D73/><U96/><E96/><V33/><F33/><W124/><G124/><T130/><D130/><U23/><E23/><V112/><F112/><W70/><G79/><T99/><D76/><U6/><E6/><V9/><F9/><W63/><G78/><T42/><D98/><U129/><E129/><V12/><F12/><W0/><G0/><T117/><D117/><U59/><E59/><N who="2" m="33191" /><F107/><W17/><G70/><T82/><D2/><U3/><E3/><V102/><F102/><W77/><G77/><T128/><D128/><U7/><E7/><V43/><F43/><W51/><G85/><AGARI ba="0,1" hai="19,21,24,28,30,46,49,54,80,85,89" m="33191" machi="85" ten="30,1500,0" yaku="8,1" doraHai="39" who="2" fromWho="3" sc="310,0,128,0,166,25,386,-15" /><INIT seed="6,1,0,1,3,38" ten="310,128,191,371" oya="2" hai0="10,6,27,120,87,84,4,126,58,97,111,85,65" hai1="134,16,82,17,117,75,25,90,86,98,55,95,81" hai2="41,113,44,61,67,127,51,89,12,57,99,132,88" hai3="93,20,96,128,119,104,124,71,54,108,13,105,106"/><V68/><F113/><W66/><G119/><T107/><D111/><U2/><E134/><V133/><F127/><W123/><G108/><T53/><D120/><U76/><E117/><V79/><F79/><W24/><G124/><T9/><D126/><U49/><E2/><V33/><F33/><W8/><G128/><T74/><D74/><U36/><E36/><V131/><F131/><W23/><G123/><T110/><D110/><U63/><E63/><V29/><F29/><W45/><G66/><T59/><D107/><U72/><E25/><V60/><F12/><W101/><G71/><T78/><D78/><U22/><E22/><V122/><F122/><W80/><G80/><T43/><D97/><U112/><E112/><V18/><F18/><W48/><REACH who="3" step="1"/><G24/><REACH who="3" ten="310,128,191,361" step="2"/><T37/><D65/><U70/><E70/><V73/><F132/><W47/><G47/><T39/><D59/><U115/><E115/><V34/><F133/><W11/><G11/><T94/><D27/><U28/><E72/><V118/><F73/><W77/><G77/><T91/><D9/><U46/><REACH who="1" step="1"/><E28/><REACH who="1" ten="310,118,191,361" step="2"/><V69/><F118/><W114/><G114/><T40/><D10/><U42/><E42/><N who="0" m="15913" /><D39/><U102/><AGARI ba="1,2" hai="16,17,46,49,55,75,76,81,82,86,90,95,98,102" machi="102" ten="20,5200,0" yaku="1,1,0,1,7,1,54,1,53,0" doraHai="38" doraHaiUra="125" who="1" fromWho="1" sc="310,-14,118,75,191,-27,361,-14" /><INIT seed="7,0,0,2,4,18" ten="296,193,164,347" oya="3" hai0="135,60,22,127,104,116,1,28,59,64,70,125,38" hai1="120,11,8,15,58,91,129,72,134,48,62,65,99" hai2="53,133,124,32,103,107,93,73,95,79,13,61,67" hai3="74,71,84,77,31,39,36,6,17,119,45,37,63"/><W86/><G6/><T113/><D116/><U69/><E120/><V88/><F124/><W105/><G105/><T56/><D104/><U132/><E72/><V101/><F32/><W111/><G45/><T27/><D1/><U81/><E129/><V123/><F123/><W55/><G17/><T85/><D38/><U97/><E8/><V10/><F107/><W12/><G12/><T108/><D108/><U78/><E69/><V76/><F95/><W112/><G55/><T131/><D131/><U46/><E91/><V21/><F53/><W121/><G39/><T109/><D109/><U7/><E134/><V41/><F41/><W30/><G77/><N who="2" m="29769" /><F133/><W34/><G37/><T47/><D47/><U75/><E132/><V98/><F73/><W130/><G36/><T126/><D135/><U33/><E33/><V35/><F35/><W115/><G34/><T83/><D113/><U42/><AGARI ba="0,0" hai="7,11,15,42,46,48,58,62,65,75,78,81,97,99" machi="42" ten="20,1500,0" yaku="0,1,7,1" doraHai="18" who="1" fromWho="1" sc="296,-4,193,15,164,-4,347,-7" owari="292,9.0,208,-19.0,160,-34.0,340,44.0" /></mjloggm>