<mjloggm ver="2.3"><GO type="185" lobby="0"/><UN n0="%E4%B8%96%E7%9B%B4%E3%81%97%E4%BA%BA" n1="%E3%82%BF%E3%83%AD%E3%81%95" n2="%E2%99%AA%E5%A4%A2%E5%85%88%E6%A1%88%E5%86%85%E4%BA%BA" n3="" dan="17,16,17,0" rate="2240.11,2105.87,2265.45,1500.00" sx="M,M,F,C"/><TAIKYOKU oya="0"/><INIT seed="0,0,0,3,5,79" ten="350,350,350,0" oya="0" hai0="32,97,110,104,84,103,71,69,66,49,75,73,70" hai1="78,61,50,47,121,77,34,98,62,68,94,55,99" hai2="53,83,102,56,122,124,60,86,100,0,107,106,132" hai3=""/><T125/><D32/><U96/><N who="1" m="31008" /><U43/><E34/><V105/><N who="2" m="31264" /><V92/><F0/><T115/><D115/><U113/><E113/><V2/><F2/><T135/><D135/><U120/><N who="1" m="30752" /><U45/><E68/><V129/><F132/><T87/><D66/><U36/><E78/><V85/><F124/><T118/><D118/><U109/><E109/><V44/><F129/><T58/><D125/><U76/><E76/><V123/><N who="2" m="31520" /><V88/><REACH who="2" step="1"/><F44/><REACH who="2" ten="350,350,340,0" step="2"/><T38/><D110/><U114/><E114/><V3/><F3/><T111/><D111/><U80/><REACH who="1" step="1"/><E94/><REACH who="1" ten="350,340,340,0" step="2"/><V112/><F112/><T72/><D71/><U90/><E90/><AGARI ba="0,2" hai="53,56,60,83,85,86,88,90,92,100,102,105,106,107" m="31520,31264" machi="90" ten="40,12000,2" yaku="1,1,52,3,54,1,53,2" doraHai="79" doraHaiUra="117" who="2" fromWho="1" sc="350,0,340,-120,340,140,0,0" /><INIT seed="1,0,0,2,5,89" ten="350,220,480,0" oya="1" hai0="134,73,42,90,47,87,77,48,79,114,110,49,38" hai1="123,84,94,83,91,46,50,3,71,66,64,32,111" hai2="62,76,58,131,126,33,106,39,133,55,105,86,124" hai3=""/><U37/><N who="1" m="31520" /><U44/><E32/><V52/><F33/><T101/><D114/><U41/><E3/><V135/><F39/><T54/><D110/><U97/><E71/><V113/><F113/><T82/><D134/><N who="2" m="51210" /><F76/><T103/><D38/><U68/><E68/><V132/><N who="2" m="51218" /><V95/><DORA hai="36" /><F131/><T128/><D128/><U98/><E98/><V57/><F86/><T120/><N who="0" m="30752" /><T63/><D63/><U56/><E56/><V125/><F95/><T127/><D127/><U130/><E130/><V45/><F45/><T53/><D42/><U121/><N who="1" m="31008" /><U119/><E119/><V34/><F34/><T1/><D1/><U115/><E111/><V2/><F2/><T61/><D61/><AGARI ba="0,0" hai="52,55,57,58,61,62,105,106,124,125,126" m="51218" machi="61" ten="50,6400,0" yaku="18,1,20,1,54,1" doraHai="89,36" who="2" fromWho="0" sc="350,-64,220,0,480,64,0,0" /><INIT seed="2,0,0,3,3,34" ten="286,220,544,0" oya="2" hai0="93,37,118,103,1,96,51,35,45,99,135,42,107" hai1="77,3,66,126,129,69,119,87,50,84,68,121,104" hai2="59,86,98,52,108,102,79,64,85,112,44,131,122" hai3=""/><V101/><N who="2" m="31264" /><V73/><F112/><T75/><D35/><U78/><N who="1" m="31008" /><U89/><E3/><V56/><F131/><T111/><D118/><U95/><E104/><V133/><F133/><T92/><D75/><U110/><E110/><V60/><F108/><T65/><D111/><U61/><E126/><V124/><F124/><T128/><D135/><U91/><E119/><V116/><F116/><T106/><D128/><U120/><N who="1" m="30752" /><U54/><E69/><V81/><F44/><T82/><D65/><U47/><REACH who="1" step="1"/><E129/><REACH who="1" ten="286,210,544,0" step="2"/><V109/><F109/><T125/><D125/><U132/><E132/><V130/><F130/><T46/><D1/><U48/><E48/><V0/><F0/><T38/><D38/><U88/><E88/><V80/><F102/><T33/><D33/><U41/><E41/><V67/><F80/><AGARI ba="0,1" hai="47,50,54,61,66,68,77,78,80,84,87,89,91,95" m="30752,31008" machi="80" ten="30,8000,1" yaku="1,1,7,1,52,2,53,1" doraHai="34" doraHaiUra="43" who="1" fromWho="2" sc="286,0,210,90,544,-80,0,0" /><INIT seed="4,0,0,0,0,79" ten="286,300,464,0" oya="0" hai0="70,92,67,77,1,43,56,80,55,111,130,131,78" hai1="89,42,106,37,85,34,64,128,69,100,54,112,124" hai2="126,39,53,62,117,73,119,83,93,88,98,72,86" hai3=""/><T60/><D1/><U52/><E124/><V61/><F39/><T96/><D43/><U46/><E34/><V104/><F126/><T47/><D47/><U0/><E128/><N who="0" m="49193" /><D111/><U2/><E112/><V75/><F104/><T113/><D113/><U66/><E0/><V115/><F115/><T68/><D67/><U71/><E100/><V81/><F81/><T114/><D78/><U48/><E106/><V33/><F33/><T49/><D60/><U94/><E2/><V3/><F3/><T32/><D32/><U90/><E54/><V102/><F53/><T123/><N who="0" m="31520" /><T74/><D114/><U97/><E64/><V59/><F59/><T91/><AGARI ba="0,0" hai="49,55,56,68,70,74,77,80,91,92,96" m="31520,49193" machi="91" ten="30,4000,0" yaku="19,1,52,2" doraHai="79" who="0" fromWho="0" sc="286,40,300,-20,464,-20,0,0" /><INIT seed="4,1,0,2,5,53" ten="326,280,444,0" oya="0" hai0="64,40,121,107,95,130,131,56,77,68,119,103,102" hai1="3,37,117,101,127,43,124,115,106,134,83,132,105" hai2="1,113,41,32,63,67,91,125,78,34,70,73,38" hai3=""/><T90/><N who="0" m="31008" /><T2/><D119/><U84/><E43/><V104/><F1/><T71/><D2/><U97/><E37/><V50/><F113/><T69/><D77/><U36/><E36/><V33/><F125/><N who="1" m="48201" /><E117/><V62/><F104/><T59/><D40/><U47/><E47/><V79/><F38/><T74/><D74/><U93/><E3/><V111/><F111/><T58/><D64/><U60/><E60/><V54/><F73/><T96/><REACH who="0" step="1"/><D103/><REACH who="0" ten="316,280,444,0" step="2"/><U51/><E115/><V82/><F78/><T55/><D55/><U98/><E132/><V35/><F79/><T94/><D94/><U44/><E134/><V100/><F100/><T123/><N who="0" m="31520" /><T135/><D135/><U92/><E106/><V61/><F34/><T75/><D75/><U87/><E105/><V39/><F33/><T88/><D88/><U57/><E83/><V129/><F35/><T80/><D80/><U76/><E76/><V99/><F32/><T52/><D52/><U48/><E93/><V81/><F81/><T128/><D128/><U110/><E92/><V112/><F129/><T0/><D0/><U85/><E101/><V122/><F112/><T46/><D46/><U114/><E44/><V133/><N who="2" m="31264" /><V45/><F133/><RYUUKYOKU ba="1,1" sc="316,20,280,-10,444,-10,0,0" hai0="56,58,59,68,69,71,90,95,96,102,107,130,131" /><INIT seed="4,2,1,0,3,89" ten="336,270,434,0" oya="0" hai0="41,58,132,49,48,71,35,102,88,75,64,129,60" hai1="69,47,107,128,54,117,112,118,109,95,126,84,125" hai2="103,33,37,45,106,133,113,36,120,97,119,53,68" hai3=""/><T78/><D35/><U76/><E109/><V63/><N who="2" m="30752" /><V44/><F33/><T65/><D102/><U43/><E107/><V81/><F113/><T51/><D129/><U0/><E0/><V131/><F131/><T82/><D132/><U96/><E69/><V80/><F133/><T42/><D65/><U56/><E128/><V101/><F119/><T55/><REACH who="0" step="1"/><D88/><REACH who="0" ten="326,270,434,0" step="2"/><U91/><E118/><V46/><F101/><T105/><D105/><U57/><E117/><V135/><F135/><T40/><AGARI ba="2,2" hai="40,41,42,48,49,51,55,58,60,64,71,75,78,82" machi="40" ten="30,2000,0" yaku="1,1,0,1,53,0" doraHai="89" doraHaiUra="114" who="0" fromWho="0" sc="326,44,270,-12,434,-12,0,0" /><INIT seed="4,3,0,5,4,68" ten="370,258,422,0" oya="0" hai0="70,133,128,54,2,112,42,89,116,67,94,51,124" hai1="47,108,46,66,99,55,92,110,125,41,71,102,113" hai2="78,88,37,76,52,97,79,86,82,69,50,117,85" hai3=""/><T90/><D116/><U131/><E125/><V65/><F117/><T122/><N who="0" m="31264" /><T87/><D2/><U111/><E131/><V98/><F37/><T56/><D128/><U104/><E113/><V135/><F135/><T100/><D112/><U80/><E80/><V120/><N who="2" m="30752" /><V129/><F129/><T62/><D133/><U81/><E81/><V132/><F132/><T34/><D34/><U74/><E74/><V44/><F69/><T40/><D100/><U0/><E0/><V119/><F119/><T61/><D124/><U53/><E47/><V121/><N who="2" m="31008" /><V114/><F65/><T101/><D101/><U43/><E43/><V84/><F114/><T123/><N who="0" m="31520" /><T58/><REACH who="0" step="1"/><D90/><REACH who="0" ten="360,258,422,0" step="2"/><U95/><E111/><V38/><F88/><T83/><D83/><U115/><E110/><V49/><F82/><T77/><D77/><U59/><E108/><V134/><F134/><T75/><D75/><U127/><E127/><V1/><F1/><T48/><D48/><U64/><E102/><V36/><F49/><T130/><D130/><U91/><E115/><V35/><F35/><T105/><D105/><U45/><E104/><V32/><F32/><T93/><D93/><U103/><E95/><V33/><F33/><RYUUKYOKU ba="3,1" sc="360,10,258,-20,422,10,0,0" hai0="40,42,51,54,56,58,61,62,67,70,87,89,94" hai2="36,38,44,50,52,76,78,79,84,85,86,97,98" /><INIT seed="4,4,1,1,0,107" ten="370,238,432,0" oya="0" hai0="75,113,91,109,59,34,35,45,58,80,110,112,37" hai1="74,95,36,100,104,133,44,42,79,132,99,134,119" hai2="38,87,96,0,82,124,50,53,77,47,131,122,76" hai3=""/><T108/><D91/><U120/><N who="1" m="30752" /><U89/><E119/><V83/><N who="2" m="31264" /><V127/><F0/><T93/><D93/><U118/><E118/><V111/><F111/><T60/><D45/><U61/><E61/><V123/><N who="2" m="31520" /><V135/><F135/><T102/><D102/><U70/><E70/><V128/><F38/><T3/><D37/><U67/><E67/><V65/><F65/><T117/><D117/><U106/><E89/><V39/><F96/><T40/><D40/><U69/><E69/><V56/><F47/><T103/><D103/><U68/><E68/><V2/><F2/><T98/><D98/><U57/><E57/><N who="0" m="21513" /><D60/><U114/><REACH who="1" step="1"/><E114/><REACH who="1" ten="370,228,432,0" step="2"/><N who="0" m="44137" /><D3/><U51/><E51/><V73/><F39/><T101/><D101/><U48/><E48/><V33/><F33/><T66/><D66/><U121/><N who="1" m="31008" /><U97/><E97/><V63/><F63/><T86/><D86/><U129/><E129/><AGARI ba="4,2" hai="50,53,56,73,76,77,82,83,87,124,127,128,129,131" m="31520,31264" machi="129" ten="40,8000,1" yaku="19,1,52,3" doraHai="107" who="2" fromWho="1" sc="370,0,228,-88,432,108,0,0" /><INIT seed="5,0,0,1,5,95" ten="370,140,540,0" oya="1" hai0="112,63,114,110,36,117,42,83,32,43,90,120,132" hai1="101,75,41,78,131,1,133,71,45,115,81,87,3" hai2="94,0,93,92,85,103,99,37,126,129,48,91,39" hai3=""/><U35/><E35/><V55/><F0/><T122/><N who="0" m="30752" /><T72/><N who="0" m="31264" /><T58/><D32/><U62/><E115/><N who="0" m="44073" /><D110/><U54/><E133/><V100/><F126/><T111/><D111/><U73/><E131/><V50/><F129/><T33/><D33/><U77/><E101/><V124/><F124/><T64/><D132/><U86/><E3/><V34/><F34/><T66/><D117/><U68/><E1/><V79/><F79/><T98/><D66/><U52/><E71/><V116/><F116/><T123/><N who="0" m="31520" /><T40/><D72/><U53/><E77/><V44/><F48/><T57/><D57/><U84/><E75/><V67/><F67/><T125/><D125/><U127/><E127/><V109/><F109/><T49/><D83/><U89/><E68/><V2/><F2/><T119/><D119/><U70/><E70/><V134/><F134/><T105/><D49/><U118/><E118/><V106/><F106/><T74/><D74/><U96/><E62/><V56/><F56/><T76/><D76/><U69/><E69/><V130/><F130/><T61/><D61/><U97/><REACH who="1" step="1"/><E89/><REACH who="1" ten="370,130,540,0" step="2"/><V59/><F103/><T135/><D135/><U80/><E80/><V121/><N who="2" m="31008" /><V102/><F102/><RYUUKYOKU ba="0,1" sc="370,-10,130,20,540,-10,0,0" hai1="41,45,52,53,54,73,78,81,84,86,87,96,97" /><INIT seed="5,1,1,5,2,3" ten="360,150,530,0" oya="1" hai0="52,97,2,134,99,53,39,95,85,77,98,54,113" hai1="100,86,76,75,32,70,128,59,132,87,81,133,0" hai2="48,117,69,109,45,83,125,104,67,57,94,84,121" hai3=""/><U43/><E0/><V120/><N who="2" m="30752" /><V56/><N who="2" m="31008" /><V115/><F109/><T126/><D2/><U33/><E70/><V63/><F104/><T122/><N who="0" m="31264" /><T42/><D113/><U106/><E128/><V72/><F117/><T40/><D134/><N who="1" m="51819" /><E43/><N who="0" m="16425" /><D126/><U38/><E38/><V74/><F115/><T130/><D39/><U49/><E100/><V102/><F125/><T119/><D130/><U1/><E106/><V61/><F69/><T92/><D119/><U62/><E49/><V123/><N who="2" m="31520" /><V88/><F45/><T47/><D47/><U79/><E1/><V112/><F48/><T93/><D77/><U91/><E79/><V111/><F112/><T36/><D36/><U65/><E75/><V116/><F116/><T68/><D68/><U90/><E76/><V60/><F60/><T50/><D50/><U108/><E108/><V103/><F111/><T46/><D46/><U110/><E110/><V89/><F72/><T107/><D107/><U66/><E66/><V58/><F74/><T37/><D37/><U96/><E96/><V114/><F114/><T34/><D34/><U78/><E78/><V73/><F73/><T135/><D135/><U51/><E51/><V82/><F67/><T127/><D127/><RYUUKYOKU ba="1,1" sc="360,10,150,10,530,-20,0,0" hai0="52,53,54,85,92,93,95,97,98,99" hai1="32,33,59,62,65,81,86,87,90,91" /><INIT seed="5,2,1,0,4,82" ten="370,160,510,0" oya="1" hai0="55,96,0,105,111,81,90,46,91,98,45,65,118" hai1="49,47,100,36,121,129,56,110,133,63,135,72,127" hai2="58,69,41,88,130,108,94,132,35,79,116,40,123" hai3=""/><U120/><N who="1" m="30752" /><U74/><N who="1" m="31008" /><U67/><E110/><V39/><N who="2" m="31520" /><V44/><F108/><T51/><D111/><U134/><E127/><V85/><F35/><T54/><D0/><U37/><E100/><V117/><F69/><T80/><D65/><U75/><REACH who="1" step="1"/><E129/><REACH who="1" ten="370,150,510,0" step="2"/><V34/><F130/><T125/><D125/><U1/><E1/><V102/><F102/><T115/><D118/><U104/><E104/><V64/><F116/><T42/><D105/><U103/><E103/><V86/><F117/><T128/><D128/><U119/><E119/><V3/><F3/><T62/><D115/><U66/><E66/><V73/><F64/><T53/><D96/><U48/><E48/><V33/><F33/><T71/><D98/><U50/><E50/><V43/><F34/><T99/><D99/><U77/><E77/><V126/><F79/><T70/><D51/><U92/><E92/><V131/><F94/><T32/><D32/><U83/><E83/><V97/><F126/><T112/><D112/><U2/><E2/><V52/><F131/><T109/><D109/><U89/><E89/><V68/><F88/><T113/><D113/><U122/><N who="1" m="31264" /><U124/><E124/><V38/><F97/><T60/><D91/><RYUUKYOKU ba="2,2" sc="370,-10,150,20,510,-10,0,0" hai1="36,37,47,49,56,63,67,72,74,75,133,134,135" /><INIT seed="5,3,2,0,1,40" ten="360,170,500,0" oya="1" hai0="59,71,43,54,73,62,46,133,42,90,53,1,121" hai1="113,112,102,123,131,39,79,89,56,119,74,66,81" hai2="132,55,124,96,44,115,35,128,52,125,87,34,95" hai3=""/><U65/><N who="1" m="31520" /><U78/><E119/><V94/><F128/><T117/><N who="0" m="31008" /><T60/><D1/><U85/><E131/><V64/><F132/><T110/><D73/><U2/><E39/><V3/><F3/><T41/><D110/><U97/><E2/><V83/><F64/><T91/><D133/><U103/><E65/><V116/><F116/><T63/><D117/><U105/><E79/><V70/><F70/><T88/><D71/><U76/><E76/><V37/><F115/><N who="1" m="44105" /><E56/><V111/><F111/><T33/><D33/><U100/><E66/><V77/><F34/><T0/><D0/><U49/><E49/><AGARI ba="3,2" hai="41,42,43,46,49,53,54,59,60,62,63,88,90,91" m="31008" machi="49" ten="40,8000,1" yaku="8,1,52,2,54,1" doraHai="40" who="0" fromWho="1" sc="360,106,170,-86,500,0,0,0" /><INIT seed="6,0,0,0,3,115" ten="466,84,500,0" oya="2" hai0="76,62,83,38,50,46,93,100,117,111,105,72,42" hai1="135,120,60,90,106,63,99,45,51,2,33,121,108" hai2="122,82,95,58,84,69,118,53,40,86,47,70,104" hai3=""/><V91/><N who="2" m="31264" /><V61/><F118/><T67/><D111/><U85/><N who="1" m="30752" /><U73/><N who="1" m="31008" /><U128/><E73/><V74/><F74/><T114/><D114/><U48/><E33/><V130/><F104/><T1/><D1/><U79/><E2/><V133/><F130/><T107/><D117/><U101/><E108/><V81/><F133/><T54/><D93/><U132/><E128/><V124/><F124/><T65/><D100/><U66/><E79/><V44/><F44/><T39/><D67/><U64/><E51/><V49/><F81/><T89/><D89/><AGARI ba="0,0" hai="40,47,49,53,58,61,69,70,82,84,86,89,91,95" m="31264" machi="89" ten="30,2900,0" yaku="7,1,52,1" doraHai="115" who="2" fromWho="0" sc="466,-29,84,0,500,29,0,0" owari="437,4.0,84,-52.0,529,48.0,0,0.0" /></mjloggm>