<mjloggm ver="2.3"><GO type="169" lobby="0"/><UN n0="%E7%A7%8B%E6%9C%88%36%31" n1="%28%3B%E3%83%BB%E2%88%80%E3%83%BB%29" n2="%E4%B8%B8%E6%B1%82%41%53%68" n3="%E7%88%86%E7%89%8C%E3%82%A6%E3%82%B7%E3%82%B8%E3%83%9E%E3%81%8F%E3%82%93" dan="17,16,16,16" rate="2127.97,2166.79,2064.70,2087.76" sx="M,M,M,M"/><TAIKYOKU oya="0"/><INIT seed="0,0,0,3,5,68" ten="250,250,250,250" oya="0" hai0="67,19,70,90,124,63,40,17,98,127,48,114,21" hai1="80,51,105,37,110,43,76,46,10,12,102,0,113" hai2="11,32,62,45,96,49,4,33,20,94,15,29,99" hai3="87,28,36,16,85,97,31,77,74,54,95,109,8"/><T41/><D114/><U83/><E110/><V120/><F120/><W59/><G109/><T78/><D78/><U7/><E113/><V72/><F72/><W57/><G74/><T119/><D119/><U34/><E34/><V64/><F20/><W84/><G77/><T130/><D130/><U122/><E122/><V111/><F111/><W107/><G107/><T56/><D19/><U1/><E80/><V126/><F29/><N who="3" m="11339" /><G36/><T60/><D48/><U69/><E69/><V73/><F99/><W129/><G129/><T18/><D18/><U123/><E123/><V50/><F50/><W55/><G16/><T38/><D38/><U65/><E65/><V131/><F126/><N who="0" m="48170" /><D98/><U135/><E135/><V118/><F118/><W27/><G27/><N who="0" m="14767" /><D90/><U92/><E105/><V88/><F73/><W22/><G22/><T53/><AGARI ba="0,0" hai="40,41,53,56,60,63,67,70" m="14767,48170" machi="53" ten="30,1500,0" yaku="18,1" doraHai="68" who="0" fromWho="0" sc="250,15,250,-5,250,-5,250,-5" /><INIT seed="0,1,0,1,3,108" ten="265,245,245,245" oya="0" hai0="130,21,81,27,15,58,5,60,122,8,132,112,69" hai1="28,39,1,72,134,6,9,32,115,55,103,100,17" hai2="50,45,127,40,91,99,22,78,86,105,76,129,90" hai3="92,48,24,31,120,4,63,51,62,59,126,84,47"/><T123/><D69/><U56/><E72/><V93/><F129/><W82/><G126/><T12/><D130/><U73/><E73/><V95/><F127/><W70/><G120/><T67/><D132/><U65/><E39/><V33/><F33/><W18/><G4/><T42/><D42/><U36/><E36/><V49/><F105/><W14/><G92/><T79/><D15/><U128/><E65/><V96/><F86/><W77/><G70/><T89/><D89/><U26/><E128/><V57/><F22/><W119/><G119/><T101/><D101/><U3/><E134/><V20/><F20/><W46/><G24/><T85/><REACH who="0" step="1"/><D112/><REACH who="0" ten="255,245,245,245" step="2"/><U52/><E115/><V61/><REACH who="2" step="1"/><F50/><REACH who="2" ten="255,245,235,245" step="2"/><W44/><G51/><T94/><D94/><U87/><E3/><V19/><F19/><AGARI ba="1,2" hai="5,8,12,19,21,27,58,60,67,79,81,85,122,123" machi="19" ten="30,2900,0" yaku="1,1,7,1,53,0" doraHai="108" doraHaiUra="102" who="0" fromWho="2" sc="255,52,245,0,235,-32,245,0" /><INIT seed="0,2,0,5,2,3" ten="307,245,203,245" oya="0" hai0="19,2,81,74,18,102,94,61,85,0,46,35,126" hai1="53,127,131,27,97,65,8,32,128,62,69,12,93" hai2="14,71,1,123,114,26,16,77,89,39,43,135,121" hai3="111,13,83,38,115,133,33,17,54,106,99,129,101"/><T49/><D35/><U112/><E127/><V109/><F114/><W107/><G115/><T90/><D126/><U30/><E53/><V80/><F71/><W100/><G111/><T88/><D102/><U55/><E55/><V22/><F1/><W45/><G33/><T42/><D61/><U98/><E112/><V110/><F89/><W5/><G129/><N who="1" m="49738" /><E93/><V124/><F135/><W73/><G133/><T9/><D74/><U120/><E120/><V11/><F43/><W50/><G38/><T75/><D75/><U21/><E21/><V91/><F91/><W118/><G118/><T10/><D0/><U86/><E86/><N who="2" m="48399" /><F39/><W78/><G5/><AGARI ba="2,0" hai="5,8,12,27,30,32,62,65,69,97,98" m="49738" machi="5" ten="30,2000,0" yaku="19,1,52,1" doraHai="3" who="1" fromWho="3" sc="307,0,245,26,203,0,245,-26" /><INIT seed="1,0,0,1,5,75" ten="307,271,203,219" oya="1" hai0="38,129,35,52,12,93,16,113,105,63,99,84,26" hai1="87,109,69,32,27,82,41,94,130,101,44,5,86" hai2="13,7,24,108,110,3,66,96,50,40,28,95,15" hai3="90,42,49,39,80,83,125,123,121,68,128,67,107"/><U47/><E69/><V9/><F66/><W117/><G107/><T106/><D113/><U81/><E130/><V48/><F3/><W115/><G115/><T21/><D38/><U74/><E74/><V46/><F50/><W43/><G39/><T19/><D84/><U58/><E5/><V111/><F13/><W33/><G33/><T31/><D19/><U89/><E109/><V126/><F126/><W85/><G125/><T14/><D14/><U70/><E70/><V132/><F132/><W71/><G128/><T22/><D35/><U30/><E101/><V0/><F0/><W103/><G103/><T135/><D135/><U62/><E41/><V2/><F2/><W100/><G100/><T98/><D129/><U114/><E114/><V122/><F122/><W29/><G29/><T104/><REACH who="0" step="1"/><D93/><REACH who="0" ten="297,271,203,219" step="2"/><U23/><E32/><N who="2" m="20487" /><F95/><W55/><G85/><T4/><D4/><U102/><E94/><V45/><F96/><W97/><G97/><T65/><D65/><N who="1" m="39127" /><E102/><V124/><F124/><W79/><G121/><T127/><D127/><U60/><E60/><V119/><F119/><W20/><G123/><T92/><D92/><U77/><AGARI ba="0,1" hai="23,27,30,44,47,77,81,82,86,87,89" m="39127" machi="77" ten="30,3000,0" yaku="8,1,52,1" doraHai="75" who="1" fromWho="1" sc="297,-10,271,40,203,-10,219,-10" /><INIT seed="1,1,0,2,1,89" ten="287,311,193,209" oya="1" hai0="37,4,3,68,16,93,22,79,64,130,107,121,111" hai1="131,29,78,99,66,56,43,8,105,120,48,2,39" hai2="45,69,127,71,36,104,96,41,101,6,31,18,72" hai3="53,52,38,54,92,0,119,76,114,116,47,98,123"/><U17/><E120/><V80/><F127/><W122/><G0/><T30/><D107/><U49/><E131/><V97/><F18/><W110/><G76/><T118/><D37/><U74/><E29/><V62/><F62/><W84/><G84/><T81/><D68/><U73/><E66/><V35/><F6/><W20/><G114/><T50/><D64/><U94/><E56/><V19/><F19/><W67/><G67/><T129/><D30/><U33/><E33/><V60/><F60/><W27/><G110/><T15/><D111/><U75/><E105/><V95/><F96/><W65/><G65/><T9/><D121/><U10/><E10/><V125/><F95/><W82/><G82/><T26/><D118/><N who="3" m="45097" /><G38/><T87/><D50/><U59/><E59/><V34/><F125/><W133/><G133/><T126/><D126/><U61/><E61/><V88/><F88/><N who="3" m="55559" /><G47/><T109/><D109/><U28/><E28/><AGARI ba="1,0" hai="20,27,28,52,53,54,122,123" m="55559,45097" machi="28" ten="30,7700,0" yaku="12,1,52,1,54,2" doraHai="89" who="3" fromWho="1" sc="287,0,311,-80,193,0,209,80" /><INIT seed="2,0,0,1,0,57" ten="287,231,193,289" oya="2" hai0="89,96,99,121,74,43,21,100,109,40,93,27,2" hai1="126,123,78,127,98,55,94,108,1,88,133,13,50" hai2="23,119,59,35,37,81,97,3,15,90,51,16,18" hai3="125,122,131,11,105,49,0,116,24,42,45,92,44"/><V124/><F119/><W58/><G116/><T20/><D2/><U19/><E1/><V80/><F37/><W107/><G122/><T52/><D74/><U102/><E123/><V87/><F3/><W61/><G125/><N who="1" m="47626" /><E108/><V110/><F35/><W70/><G70/><T34/><D109/><U101/><E78/><V65/><F124/><W26/><G131/><T4/><D4/><U62/><E133/><V113/><F113/><W82/><G92/><T111/><D111/><U75/><E75/><V135/><F135/><W79/><G26/><T60/><D34/><U38/><E38/><V134/><F134/><W73/><G24/><T86/><D121/><U6/><E6/><V17/><F110/><W30/><G30/><T5/><D5/><U53/><E53/><N who="2" m="32191" /><F65/><W130/><G130/><T12/><D12/><U10/><E62/><V114/><F114/><W7/><REACH who="3" step="1"/><G44/><AGARI ba="0,0" hai="10,13,19,44,50,55,88,94,98,101,102" m="47626" machi="44" ten="30,2000,0" yaku="18,1,54,1" doraHai="57" who="1" fromWho="3" sc="287,0,231,20,193,0,289,-20" /><INIT seed="3,0,0,0,5,125" ten="287,251,193,269" oya="3" hai0="62,133,90,107,25,110,28,11,36,79,48,120,123" hai1="127,117,91,58,54,89,71,63,33,29,75,21,44" hai2="50,67,109,124,30,41,40,38,88,53,108,13,61" hai3="94,84,93,1,59,121,51,14,18,118,98,3,86"/><W64/><G118/><T135/><D107/><U101/><E33/><V87/><F124/><W10/><G121/><T106/><D106/><U65/><E127/><V46/><F30/><W34/><G34/><T126/><D126/><U134/><E75/><V115/><F13/><W45/><G3/><T42/><D79/><U128/><E117/><V26/><F26/><W100/><G1/><T82/><D82/><U99/><E134/><V129/><F115/><W32/><G32/><T78/><D78/><U39/><E29/><V111/><F38/><W68/><G68/><T85/><D11/><U72/><E21/><V69/><REACH who="2" step="1"/><F129/><REACH who="2" ten="287,251,183,269" step="2"/><W43/><REACH who="3" step="1"/><G94/><AGARI ba="0,1" hai="40,41,46,50,53,61,67,69,87,88,94,108,109,111" machi="94" ten="40,8000,1" yaku="1,1,2,1,14,1,54,1,53,0" doraHai="125" doraHaiUra="9" who="2" fromWho="3" sc="287,0,251,0,183,90,269,-80" /><INIT seed="4,0,0,3,1,63" ten="287,251,273,189" oya="0" hai0="91,62,54,4,71,121,42,106,29,105,16,48,94" hai1="46,21,109,67,113,104,130,102,51,33,14,97,134" hai2="52,27,53,131,38,78,44,39,129,6,31,30,103" hai3="118,41,66,133,98,34,110,25,47,3,89,128,26"/><T19/><D121/><U83/><E109/><V117/><F78/><W7/><G110/><T81/><D4/><U84/><E33/><V115/><F103/><W126/><G118/><T95/><D42/><U101/><E130/><N who="2" m="49675" /><F115/><W23/><G126/><T93/><D29/><N who="2" m="10762" /><F27/><W86/><G26/><T0/><D0/><U20/><E113/><V36/><F6/><W96/><G7/><T49/><D106/><U72/><E72/><V108/><F108/><W8/><G25/><T132/><D105/><U32/><E32/><V12/><F12/><W28/><G28/><T57/><D132/><U70/><E102/><V45/><F117/><W43/><G34/><T37/><D37/><U75/><E75/><V11/><F11/><W65/><G8/><T122/><D122/><U69/><E134/><V55/><AGARI ba="0,0" hai="36,38,39,44,45,52,53,55" m="10762,49675" machi="55" ten="40,8000,1" yaku="28,2,19,1,54,1" doraHai="63" who="2" fromWho="2" sc="287,-40,251,-20,273,80,189,-20" /><INIT seed="5,0,0,4,2,106" ten="247,231,353,169" oya="1" hai0="22,50,7,85,121,84,120,83,5,105,94,87,9" hai1="12,128,43,54,74,45,65,29,108,57,30,68,73" hai2="51,63,109,86,99,11,19,93,126,122,76,97,10" hai3="28,119,103,56,71,80,88,77,100,53,82,32,89"/><U118/><E118/><V20/><F109/><W135/><G119/><T2/><D105/><U17/><E108/><V113/><F122/><N who="0" m="47210" /><D5/><U14/><E128/><V66/><F51/><W15/><G71/><T91/><D22/><U131/><E131/><V36/><F36/><W6/><G135/><T55/><D94/><U112/><E112/><V60/><F60/><W129/><G129/><T69/><D69/><U90/><E90/><V42/><F42/><W31/><G32/><T26/><D26/><U72/><E65/><V104/><F104/><W52/><G6/><T34/><D34/><U23/><E14/><V40/><F40/><W78/><G56/><AGARI ba="0,0" hai="2,7,9,50,55,56,83,84,85,87,91" m="47210" machi="56" ten="30,1000,0" yaku="13,1" doraHai="106" who="0" fromWho="3" sc="247,10,231,0,353,0,169,-10" /><INIT seed="6,0,0,2,0,38" ten="257,231,353,159" oya="2" hai0="88,66,33,36,42,31,2,128,64,21,41,108,40" hai1="126,86,37,35,121,112,47,44,117,13,134,54,0" hai2="29,80,118,61,115,26,10,16,14,1,103,90,107" hai3="12,8,5,132,48,19,122,3,127,62,43,79,120"/><V25/><F118/><W58/><G127/><T49/><D36/><U135/><E0/><V100/><F107/><W72/><G132/><N who="1" m="50730" /><E35/><V82/><F1/><W50/><G72/><T116/><D108/><U23/><E86/><N who="2" m="50503" /><F115/><W111/><G79/><T85/><D33/><U76/><E76/><V24/><F82/><W87/><G111/><T84/><D2/><U95/><E95/><V113/><F113/><W73/><G87/><N who="0" m="33355" /><D88/><U46/><E112/><V89/><F89/><W92/><G73/><T67/><D116/><U125/><E117/><V98/><F61/><W106/><G92/><T52/><D128/><U70/><E13/><V55/><F55/><W34/><G106/><T51/><D52/><U53/><E23/><N who="2" m="15519" /><F98/><W94/><G34/><T75/><D75/><U59/><E70/><V105/><F105/><W71/><G71/><T6/><D6/><U60/><E121/><V83/><F83/><W22/><G94/><T124/><D124/><N who="1" m="47723" /><E54/><V32/><F32/><W57/><G120/><T45/><D51/><U74/><E74/><V101/><AGARI ba="0,0" hai="10,14,16,25,26,100,101,103" m="15519,50503" machi="101" ten="30,3000,0" yaku="8,1,54,1" doraHai="38" who="2" fromWho="2" sc="257,-10,231,-10,353,30,159,-10" /><INIT seed="6,1,0,4,1,28" ten="247,221,383,149" oya="2" hai0="11,128,112,131,118,50,127,35,135,102,25,46,114" hai1="30,13,60,79,33,121,87,67,8,100,89,72,36" hai2="134,110,103,32,45,38,95,58,123,75,113,29,27" hai3="42,111,76,126,2,104,68,70,1,69,0,26,18"/><V129/><F75/><W7/><G7/><T133/><D102/><U65/><E36/><V39/><F123/><W15/><G111/><T107/><D107/><U4/><E121/><V14/><F113/><N who="0" m="43626" /><D50/><U48/><E100/><V80/><F80/><W90/><G104/><T122/><D46/><U40/><E72/><V119/><F58/><W81/><G126/><T19/><D122/><U83/><E79/><V16/><F95/><W56/><G42/><T88/><D88/><U96/><E96/><V59/><F59/><W37/><G37/><T21/><D118/><U51/><E40/><V47/><F47/><W57/><G26/><T106/><D106/><U91/><E91/><V34/><F45/><W74/><REACH who="3" step="1"/><G90/><REACH who="3" ten="247,221,383,139" step="2"/><T54/><D127/><U6/><E4/><V49/><F39/><W130/><G130/><T86/><D131/><U120/><E120/><V71/><F38/><W125/><G125/><T5/><D128/><U66/><REACH who="1" step="1"/><E60/><REACH who="1" ten="247,211,383,139" step="2"/><V63/><F129/><W82/><G82/><T22/><D5/><U85/><E85/><V116/><F63/><W3/><N who="3" m="0" /><DORA hai="12" /><W77/><G77/><T124/><D86/><U24/><AGARI ba="1,2" hai="6,8,13,24,30,33,48,51,65,66,67,83,87,89" machi="24" ten="30,4000,0" yaku="1,1,0,1,52,1,53,0" doraHai="28,12" doraHaiUra="109,93" who="1" fromWho="1" sc="247,-11,211,63,383,-21,139,-11" /><INIT seed="7,0,0,0,2,83" ten="236,274,362,128" oya="3" hai0="35,41,25,37,93,13,27,103,63,38,87,49,51" hai1="131,117,61,125,12,16,29,95,84,94,64,130,47" hai2="133,18,77,55,5,19,114,79,102,0,50,69,67" hai3="88,45,78,70,60,71,72,116,8,54,24,2,17"/><W82/><G116/><T42/><D35/><U53/><E117/><V97/><F67/><W57/><G45/><T104/><D104/><U128/><E29/><V34/><F69/><W105/><G105/><T135/><D135/><U108/><E108/><V134/><F34/><W92/><G2/><T124/><D124/><U113/><E125/><V111/><F111/><W120/><G120/><T52/><D38/><U48/><E113/><V80/><F5/><W100/><G100/><T75/><D75/><U6/><E6/><V74/><F79/><W22/><REACH who="3" step="1"/><G8/><REACH who="3" ten="236,274,362,118" step="2"/><T85/><D37/><U90/><E128/><V110/><F0/><W3/><G3/><T26/><D103/><U10/><E130/><V115/><F110/><W76/><G76/><T36/><D36/><U1/><E1/><V98/><F102/><W109/><G109/><T23/><D42/><U119/><E119/><V62/><F134/><W39/><G39/><T40/><D40/><U101/><E131/><V31/><F133/><W4/><G4/><T43/><D43/><U86/><E101/><V107/><F107/><W126/><G126/><T127/><D41/><U118/><E118/><V58/><F115/><W91/><G91/><T121/><D127/><U32/><E90/><V96/><F114/><W81/><G81/><T106/><D106/><U56/><E32/><V33/><F80/><W15/><G15/><T9/><D13/><U46/><E47/><N who="2" m="28127" /><F77/><W28/><G28/><T112/><D112/><U129/><E129/><V21/><F33/><W65/><G65/><T122/><D122/><U44/><E46/><RYUUKYOKU ba="0,1" sc="236,-15,274,15,362,-15,118,15" hai1="10,12,16,44,48,53,56,61,64,84,86,94,95" hai3="17,22,24,54,57,60,70,71,72,78,82,88,92" /><INIT seed="7,1,1,4,4,113" ten="221,289,347,133" oya="3" hai0="40,119,45,52,47,74,86,92,121,81,20,46,107" hai1="28,82,19,3,93,110,66,17,61,114,23,0,16" hai2="130,59,44,72,123,132,112,53,51,29,77,43,22" hai3="125,13,85,88,106,31,56,68,76,87,1,10,134"/><W70/><G134/><T94/><D121/><U36/><E110/><V105/><F105/><W7/><G106/><T122/><D122/><U38/><E114/><V79/><F112/><W120/><G120/><T41/><D107/><U84/><E93/><N who="0" m="35945" /><D119/><U80/><E80/><V50/><F123/><W108/><G125/><T48/><D74/><U104/><E104/><V63/><F130/><W32/><G108/><T100/><D100/><U35/><E35/><V69/><F72/><W6/><G76/><N who="2" m="29257" /><F69/><W58/><G32/><T103/><D103/><U14/><E38/><V128/><F128/><W9/><G31/><T4/><D4/><U131/><E36/><V67/><F132/><W60/><G60/><T12/><D12/><U117/><E117/><V135/><F135/><W2/><REACH who="3" step="1"/><G13/><REACH who="3" ten="221,289,347,123" step="2"/><T27/><D41/><U42/><E131/><V64/><F63/><W39/><G39/><T8/><D40/><U73/><E42/><V65/><F29/><W62/><G62/><T37/><D37/><U124/><E124/><V55/><F43/><W129/><G129/><T91/><D48/><U18/><E28/><V99/><F99/><W30/><G30/><T90/><D46/><U95/><E73/><V118/><F118/><W26/><G26/><T34/><D47/><U83/><E3/><V25/><F25/><W33/><G33/><T109/><D34/><U101/><E0/><V49/><F50/><W54/><G54/><T111/><D111/><U98/><E84/><V102/><F102/><W78/><G78/><T15/><D109/><U11/><E23/><AGARI ba="1,2" hai="22,23,44,49,51,53,55,59,64,65,67" m="29257" machi="23" ten="30,1000,0" yaku="8,1" doraHai="113" who="2" fromWho="1" sc="221,0,289,-13,347,33,123,0" owari="221,-18.0,276,8.0,380,48.0,123,-38.0" /></mjloggm>