<mjloggm ver="2.3"><GO type="169" lobby="0"/><UN n0="%6B%79%6F%6E%6B%6F%31%31" n1="%E4%B8%83%E3%83%84%E6%98%9F%E3%83%9B%E3%82%AF%E3%82%B5%E3%82%A4" n2="%E7%9C%9F%E3%82%A8%E3%83%88%E3%83%9A%E3%83%B3" n3="%E3%81%8D%E3%81%BE%E3%81%99" dan="17,17,18,17" rate="2194.22,2212.86,2285.48,2207.61" sx="M,M,M,M"/><TAIKYOKU oya="0"/><INIT seed="0,0,0,3,0,85" ten="250,250,250,250" oya="0" hai0="23,62,110,31,94,68,67,41,46,101,49,99,33" hai1="20,45,109,52,134,57,14,4,107,26,79,116,21" hai2="125,10,77,63,129,87,122,0,6,127,56,64,30" hai3="76,114,102,74,105,103,113,89,58,9,34,108,7"/><T97/><D110/><U93/><E107/><V19/><F122/><W11/><G34/><T47/><D33/><U1/><E116/><V5/><F129/><W126/><G126/><T22/><D31/><U32/><E134/><V29/><F6/><W111/><G105/><T123/><D123/><U48/><E109/><N who="3" m="42058" /><G58/><T42/><REACH who="0" step="1"/><D97/><REACH who="0" ten="240,250,250,250" step="2"/><U54/><E32/><V86/><F29/><W78/><G114/><T37/><AGARI ba="0,1" hai="22,23,37,41,42,46,47,49,62,67,68,94,99,101" machi="37" ten="20,7800,0" yaku="1,1,2,1,0,1,7,1,53,0" doraHai="85" doraHaiUra="2" who="0" fromWho="0" sc="240,88,250,-26,250,-26,250,-26" /><INIT seed="0,1,0,4,4,94" ten="328,224,224,224" oya="0" hai0="109,102,129,14,43,2,99,122,10,0,91,90,12" hai1="38,83,100,46,32,110,59,23,82,131,13,80,96" hai2="67,39,7,130,86,51,29,17,11,95,105,127,62" hai3="117,88,45,63,107,52,84,125,112,87,20,64,106"/><T72/><D122/><U65/><E32/><V93/><F39/><W49/><G112/><T71/><D72/><U42/><E110/><V133/><F105/><W22/><G117/><T85/><D71/><U114/><E131/><V15/><F130/><W37/><G125/><T58/><D129/><U118/><E118/><V76/><F127/><W27/><G37/><T53/><D43/><U60/><E114/><V61/><F133/><W104/><G87/><T113/><D14/><U70/><E23/><V19/><F29/><W4/><G4/><T36/><D36/><U115/><E13/><V128/><F128/><W132/><G27/><T25/><D25/><U81/><N who="1" m="20480" /><DORA hai="123" /><U41/><E41/><V48/><F76/><W73/><G73/><T3/><D85/><U21/><E21/><V8/><F86/><W50/><G50/><T40/><D40/><U28/><E115/><V24/><F24/><W135/><G135/><T56/><D109/><U9/><E28/><V54/><F15/><W18/><G18/><T31/><D58/><U103/><E9/><V69/><F69/><W77/><G77/><T126/><D31/><U116/><E116/><V30/><F30/><W101/><G101/><T5/><D126/><U34/><E34/><V124/><F124/><W33/><G33/><T111/><D111/><U16/><E16/><V97/><F7/><W78/><G78/><T26/><D26/><U98/><REACH who="1" step="1"/><E70/><REACH who="1" ten="328,214,224,224" step="2"/><V74/><F74/><W68/><G132/><T1/><N who="0" m="0" /><DORA hai="6" /><T57/><D113/><U119/><E119/><V92/><F17/><W79/><G79/><RYUUKYOKU ba="1,1" sc="328,-15,214,15,224,-15,224,15" hai1="38,42,46,59,60,65,96,98,100,103" hai3="20,22,45,49,52,63,64,68,84,88,104,106,107" /><INIT seed="1,2,1,5,4,7" ten="313,229,209,239" oya="1" hai0="108,125,81,120,57,45,123,18,8,97,19,53,102" hai1="49,92,60,95,94,63,91,44,99,55,106,0,61" hai2="113,131,16,116,46,117,122,29,24,25,88,56,51" hai3="54,73,20,100,121,42,69,23,58,35,86,26,65"/><U109/><E109/><V114/><F122/><N who="0" m="46634" /><D108/><U129/><E129/><V127/><F131/><W15/><G73/><T34/><D34/><U111/><E111/><V47/><F127/><W133/><G121/><T66/><D66/><U10/><E106/><V17/><F56/><W12/><G133/><T31/><D31/><U75/><E75/><V13/><F51/><W22/><G42/><T9/><D45/><U1/><E1/><V119/><F47/><W134/><G134/><T80/><D19/><U77/><E77/><V43/><F46/><W21/><G100/><T76/><D18/><U84/><E0/><V135/><F43/><W50/><G86/><N who="0" m="48391" /><D81/><N who="1" m="49551" /><E10/><N who="2" m="6199" /><F135/><W110/><G110/><T14/><D14/><U4/><E4/><V30/><F88/><AGARI ba="2,1" hai="44,49,55,60,61,63,88,92,94,95,99" m="49551" machi="88" ten="30,2900,0" yaku="8,1,54,1" doraHai="7" who="1" fromWho="2" sc="313,0,229,45,209,-35,239,0" /><INIT seed="1,3,0,0,4,25" ten="313,274,174,239" oya="1" hai0="108,2,92,85,66,19,73,38,42,76,1,100,124" hai1="23,65,112,20,126,67,0,105,13,54,40,80,104" hai2="53,36,106,56,33,78,60,94,131,122,119,29,6" hai3="41,58,22,59,7,49,64,16,93,48,45,46,127"/><U21/><E0/><V10/><F119/><W68/><G127/><T88/><D124/><U109/><E126/><V110/><F122/><W96/><G7/><T83/><D108/><U31/><E112/><V125/><F106/><W128/><G128/><T28/><D66/><U81/><E40/><V11/><F125/><W82/><G82/><T101/><D42/><U103/><E21/><V87/><F110/><W115/><G115/><T129/><D38/><U121/><E109/><V57/><F36/><W99/><G64/><T89/><D129/><U70/><E13/><V120/><F120/><W4/><G68/><T117/><D117/><U98/><E98/><V9/><F131/><W102/><G4/><T72/><D19/><U34/><E103/><N who="0" m="39497" /><D28/><U39/><E39/><V95/><F6/><W69/><G99/><N who="0" m="57735" /><D1/><U71/><E54/><V12/><F12/><W97/><G97/><T111/><D2/><U134/><E121/><V17/><F17/><W55/><REACH who="3" step="1"/><G69/><REACH who="3" ten="313,274,174,229" step="2"/><T18/><D111/><U15/><E70/><V133/><F133/><W114/><G114/><T43/><D18/><U24/><E71/><V30/><F33/><W61/><G61/><T26/><D26/><AGARI ba="3,1" hai="16,22,26,41,45,46,48,49,55,58,59,93,96,102" machi="26" ten="30,12000,2" yaku="1,1,7,1,8,1,54,1,53,2" doraHai="25" doraHaiUra="47" who="3" fromWho="0" sc="313,-129,274,0,174,0,229,139" /><INIT seed="2,0,0,5,2,20" ten="184,274,174,368" oya="2" hai0="100,61,47,14,108,101,120,35,83,91,29,5,95" hai1="102,76,57,59,123,92,104,106,109,128,103,43,58" hai2="32,26,97,74,64,118,94,79,80,110,51,87,27" hai3="99,30,72,116,122,1,77,25,50,0,63,22,41"/><V81/><F118/><W28/><G116/><T53/><D120/><U131/><E76/><V68/><F32/><W93/><G122/><T69/><D108/><U40/><E123/><V65/><F110/><W98/><G63/><T52/><D69/><U66/><E92/><V7/><F7/><W82/><G30/><T134/><D134/><U6/><E6/><V105/><F68/><W85/><G99/><T55/><D83/><U127/><E109/><V18/><F105/><N who="1" m="40553" /><E66/><N who="2" m="25707" /><F74/><W9/><G9/><N who="0" m="4399" /><D29/><U44/><E44/><V56/><F18/><W75/><G75/><T48/><D35/><U46/><E46/><V84/><F51/><W71/><G71/><T67/><D67/><U125/><E103/><N who="0" m="39497" /><D61/><U112/><E102/><N who="2" m="60727" /><F56/><N who="1" m="14337" /><U117/><DORA hai="73" /><E117/><V21/><F21/><W42/><G72/><T62/><D62/><U24/><E112/><V119/><F119/><W78/><G1/><T54/><D54/><U111/><E111/><V132/><F132/><W49/><G0/><T11/><D11/><U88/><E40/><V96/><F96/><AGARI ba="0,0" hai="47,48,52,53,55,91,95,96" m="39497,4399" machi="96" ten="30,2000,0" yaku="8,1,54,1" doraHai="20,73" who="0" fromWho="2" sc="184,20,274,0,174,-20,368,0" /><INIT seed="3,0,0,0,5,6" ten="204,274,154,368" oya="3" hai0="23,21,81,80,134,114,10,9,119,49,127,25,8" hai1="121,46,77,50,0,33,104,1,111,88,35,101,58" hai2="27,96,83,135,56,82,29,103,100,72,34,45,84" hai3="91,73,107,13,67,16,94,55,97,59,90,57,74"/><W106/><G67/><T48/><D119/><U39/><E121/><V68/><F68/><W126/><G126/><T22/><D127/><U32/><E111/><V36/><F135/><W14/><G55/><T71/><D71/><U26/><E77/><V30/><F30/><W2/><G2/><T38/><D38/><U69/><E69/><V125/><F125/><W76/><G76/><T70/><D70/><U65/><E26/><V43/><F72/><W19/><G94/><T64/><D64/><U42/><E101/><V124/><F124/><W18/><G18/><T105/><D105/><U120/><E104/><V66/><F103/><W28/><REACH who="3" step="1"/><G97/><REACH who="3" ten="204,274,154,358" step="2"/><T51/><D134/><U37/><E65/><V122/><F122/><W54/><G54/><T47/><D114/><U109/><E120/><V110/><F110/><W61/><G61/><T113/><D113/><U7/><E109/><V11/><F66/><W129/><G129/><T95/><D47/><U102/><E0/><V12/><F56/><W123/><G123/><T3/><D3/><U89/><E1/><V44/><F45/><W63/><G63/><T133/><D133/><U112/><E58/><V41/><F43/><W4/><G4/><T92/><D25/><U116/><E7/><V98/><F96/><W75/><G75/><T86/><D81/><U60/><E112/><V85/><F83/><W20/><G20/><T17/><D17/><U5/><E5/><N who="2" m="3183" /><F82/><W117/><G117/><T87/><D86/><U79/><E116/><V128/><F128/><W53/><G53/><T78/><AGARI ba="0,1" hai="8,9,10,21,22,23,48,49,51,78,80,87,92,95" machi="78" ten="40,12000,2" yaku="0,1,29,2,8,1,52,3" doraHai="6" who="0" fromWho="0" sc="204,130,274,-30,154,-30,358,-60" /><INIT seed="4,0,0,1,1,61" ten="334,244,124,298" oya="0" hai0="134,0,87,35,45,78,122,98,41,57,84,86,103" hai1="48,127,42,108,8,65,11,119,120,133,107,125,102" hai2="132,54,5,116,109,56,135,38,51,117,101,94,128" hai3="2,64,29,30,24,47,10,130,88,21,55,1,25"/><T124/><D0/><U63/><E108/><V89/><F5/><W69/><G130/><T49/><D122/><U62/><E48/><V18/><F101/><W17/><G69/><T67/><D35/><U113/><E102/><V59/><F18/><W80/><G64/><T90/><D124/><U131/><E42/><V81/><F81/><W16/><G2/><T14/><D134/><N who="2" m="51242" /><F89/><W82/><G1/><T68/><D68/><U66/><E133/><V123/><F94/><W110/><G110/><T6/><D78/><U129/><E107/><V28/><F28/><W79/><G79/><T75/><D75/><U93/><E93/><V27/><F27/><W72/><G72/><T100/><D98/><U73/><E73/><V3/><F3/><W46/><G10/><N who="0" m="4439" /><D90/><U96/><E96/><V26/><F26/><W85/><G80/><T34/><D34/><U36/><E36/><V44/><F109/><W126/><G126/><T60/><AGARI ba="0,0" hai="41,45,49,57,60,67,84,86,87,100,103" m="4439" machi="60" ten="30,3000,0" yaku="8,1,52,1" doraHai="61" who="0" fromWho="0" sc="334,30,244,-10,124,-10,298,-10" /><INIT seed="4,1,0,5,1,23" ten="364,234,114,288" oya="0" hai0="60,75,104,51,72,56,68,31,21,30,87,37,102" hai1="89,107,111,64,126,116,130,57,80,35,79,74,122" hai2="113,69,110,20,61,124,119,128,16,91,127,112,19" hai3="63,101,8,134,109,47,97,135,76,0,59,125,131"/><T24/><D37/><U6/><E122/><V33/><F69/><W93/><G109/><T40/><D68/><U105/><E116/><V46/><F61/><W49/><G125/><N who="2" m="48201" /><F46/><W44/><G131/><T129/><D129/><U78/><E126/><V43/><F43/><W32/><G32/><T10/><D31/><U95/><E130/><V34/><F128/><W45/><G76/><T123/><D123/><U25/><E111/><V39/><F39/><W100/><G100/><T115/><D115/><N who="2" m="44106" /><F110/><W82/><G82/><T27/><D51/><U114/><E114/><V117/><F91/><W103/><G103/><T94/><D40/><U53/><E64/><V14/><F19/><W106/><G49/><T99/><D10/><U52/><E53/><V118/><AGARI ba="1,0" hai="14,16,20,33,34,117,118,119" m="44106,48201" machi="118" ten="40,12000,2" yaku="12,1,18,1,15,1,34,2,54,1" doraHai="23" who="2" fromWho="2" sc="364,-61,234,-31,114,123,288,-31" /><INIT seed="5,0,0,0,0,122" ten="303,203,237,257" oya="1" hai0="123,103,133,121,120,29,80,32,116,105,60,11,5" hai1="34,28,7,12,72,91,64,84,104,130,89,41,40" hai2="78,70,47,23,102,52,88,46,67,112,81,56,16" hai3="53,98,119,14,6,124,100,95,75,113,128,135,19"/><U39/><E72/><V114/><F102/><W58/><G113/><N who="2" m="43625" /><F67/><W62/><G119/><T92/><D116/><U85/><E104/><V115/><F88/><N who="1" m="33865" /><E39/><V1/><F1/><W79/><G135/><T110/><D133/><U117/><E34/><V9/><F9/><W108/><G124/><T22/><D105/><U77/><E117/><V125/><F70/><W59/><G6/><T94/><D32/><U33/><E33/><V49/><F125/><W96/><G128/><T21/><D80/><N who="1" m="47119" /><E130/><V26/><F115/><W82/><G96/><T38/><D38/><U132/><E132/><V90/><F90/><W126/><G126/><T118/><D118/><U45/><E28/><V86/><AGARI ba="0,0" hai="16,23,26,46,47,49,52,56,78,81,86" m="43625" machi="86" ten="30,7900,0" yaku="15,1,11,1,54,2" doraHai="122" who="2" fromWho="2" sc="303,-20,203,-39,237,79,257,-20" /><INIT seed="6,0,0,5,2,55" ten="283,164,316,237" oya="2" hai0="9,118,114,20,110,107,91,50,102,101,60,121,33" hai1="51,108,90,23,39,129,80,35,84,69,19,83,76" hai2="77,28,37,61,93,29,8,30,96,92,11,134,73" hai3="49,48,98,104,130,3,31,64,14,113,119,7,21"/><V72/><F37/><W117/><G130/><T66/><D33/><U26/><E108/><V0/><F134/><W75/><G75/><T82/><D121/><U27/><E129/><V94/><F77/><W32/><G113/><T1/><D110/><U15/><E39/><V56/><F96/><W34/><G64/><T65/><D65/><U74/><E69/><V58/><F0/><W57/><G104/><T109/><D50/><U128/><E128/><V18/><F18/><W105/><G105/><T88/><D109/><U46/><E35/><V103/><F103/><W45/><G98/><T44/><D44/><U71/><E71/><V22/><F22/><W40/><G3/><T16/><D107/><U17/><E74/><N who="2" m="28779" /><F61/><W52/><G34/><T120/><D120/><U86/><REACH who="1" step="1"/><E17/><REACH who="1" ten="283,154,316,237" step="2"/><V5/><F5/><W62/><G32/><T131/><D131/><U111/><E111/><V10/><AGARI ba="0,1" hai="8,10,11,28,29,30,56,58,92,93,94" m="28779" machi="10" ten="40,18000,2" yaku="29,2,28,2,52,2" doraHai="55" who="2" fromWho="2" sc="283,-60,154,-60,316,190,237,-60" /><INIT seed="6,1,0,3,5,77" ten="223,94,506,177" oya="2" hai0="52,114,74,71,9,76,117,111,54,29,107,48,93" hai1="113,115,55,32,17,124,67,3,130,12,33,109,64" hai2="89,16,45,95,121,10,79,59,35,78,105,57,65" hai3="30,134,126,34,47,66,8,86,46,103,6,69,41"/><V5/><F105/><W129/><G126/><T106/><D71/><U23/><E67/><V61/><F35/><N who="1" m="13385" /><E64/><V1/><F121/><W94/><G134/><T70/><D70/><U28/><E55/><V75/><F75/><W19/><G129/><T68/><D68/><U90/><E90/><V11/><F45/><W87/><G19/><T27/><D54/><U39/><E39/><V123/><F123/><W22/><G22/><T122/><D122/><U102/><E102/><V62/><F11/><W81/><G87/><T104/><D93/><U99/><E99/><V36/><F36/><W85/><G85/><T40/><D40/><U13/><E109/><V88/><F89/><W110/><G110/><T56/><D111/><U15/><E124/><V4/><F1/><W18/><G66/><T51/><D117/><U116/><E116/><V125/><F125/><W84/><G69/><T53/><D74/><U60/><E60/><V96/><F79/><W7/><G86/><T26/><D76/><U128/><E3/><V119/><F78/><W42/><G42/><T20/><D104/><U73/><E28/><V44/><F44/><W24/><G47/><T37/><D37/><U50/><E50/><V72/><F72/><W80/><G46/><T91/><D29/><U38/><E73/><V83/><F119/><W43/><G43/><T31/><D31/><U58/><E58/><V101/><F59/><W21/><G41/><T120/><D120/><U0/><E38/><V135/><F57/><W97/><G103/><T49/><D56/><U132/><E130/><V98/><F65/><RYUUKYOKU ba="1,0" sc="223,0,94,0,506,0,177,0" /><INIT seed="7,2,0,0,1,15" ten="223,94,506,177" oya="3" hai0="71,20,76,29,49,41,57,131,94,121,43,72,52" hai1="48,73,119,99,113,64,123,24,1,53,126,18,127" hai2="120,31,91,97,109,19,95,125,93,100,25,98,107" hai3="89,61,51,133,47,28,134,88,13,65,2,67,105"/><W37/><G2/><T26/><D121/><U77/><E1/><V33/><F109/><W74/><G105/><T42/><D71/><U35/><E123/><V82/><F120/><W7/><G74/><T39/><D131/><U8/><E119/><V75/><F125/><W44/><G28/><T117/><D117/><U104/><E113/><V81/><F75/><W83/><G83/><T60/><D39/><U130/><E130/><V85/><F19/><W27/><G27/><T135/><D135/><N who="3" m="51721" /><G37/><T50/><D76/><U115/><E115/><V106/><F81/><W34/><G34/><T56/><D72/><U90/><E64/><N who="3" m="24650" /><G61/><N who="0" m="35975" /><D94/><U128/><E128/><V32/><F33/><W58/><G58/><T124/><D124/><U78/><E127/><V0/><F0/><W12/><G51/><T14/><D14/><N who="3" m="5737" /><G7/><T62/><D62/><U11/><E126/><V22/><F32/><W70/><G70/><T36/><D36/><U3/><E73/><V45/><F45/><AGARI ba="2,0" hai="44,45,47,88,89" m="5737,24650,51721" machi="45" ten="30,11600,0" yaku="28,2,20,1,54,1" doraHai="15" who="3" fromWho="2" sc="223,0,94,0,506,-122,177,122" /><INIT seed="7,3,0,3,0,77" ten="223,94,384,299" oya="3" hai0="121,61,78,94,81,36,101,29,105,60,57,68,102" hai1="54,104,15,72,18,30,48,16,87,24,131,73,53" hai2="11,8,112,17,95,79,52,93,56,10,124,40,51" hai3="85,119,130,32,76,63,100,118,97,106,75,45,71"/><W49/><G32/><T13/><D121/><U111/><E104/><V27/><F112/><W25/><G130/><T110/><D110/><U46/><E131/><V89/><F124/><W92/><G25/><T2/><D36/><U98/><E111/><V80/><F40/><W44/><G44/><T0/><D105/><U42/><E73/><V125/><F125/><W129/><G129/><T35/><D102/><U67/><E72/><V114/><F114/><W50/><G50/><T59/><D68/><U47/><E98/><V74/><F95/><W22/><G22/><T23/><D35/><U109/><E109/><V7/><F17/><W31/><G31/><T39/><D39/><U69/><E67/><V91/><F27/><W5/><G5/><T103/><D29/><U115/><E69/><V33/><F89/><N who="3" m="53295" /><G63/><T126/><D94/><U70/><E70/><V6/><REACH who="2" step="1"/><F33/><REACH who="2" ten="223,94,374,299" step="2"/><W43/><G71/><T134/><D126/><U41/><E115/><V12/><F12/><W107/><G107/><T20/><D13/><U55/><E15/><V9/><F9/><W21/><G21/><T128/><D128/><U83/><E24/><V96/><AGARI ba="3,1" hai="6,7,8,10,11,51,52,56,74,79,80,91,93,96" machi="96" ten="30,7900,0" yaku="1,1,0,1,52,1,54,1,53,0" doraHai="77" doraHaiUra="133" who="2" fromWho="2" sc="223,-23,94,-23,374,98,299,-42" owari="200,-20.0,71,-43.0,472,57.0,257,6.0" /></mjloggm>