<mjloggm ver="2.3"><GO type="169" lobby="0"/><UN n0="%E5%B0%8F%E6%B1%A0%E7%BE%8E%E6%B3%A2%E2%8A%BF" n1="%E3%81%97%E3%81%BF%73" n2="%70%6F%6E%5F%6B%61%73%75" n3="%E3%81%8B%E3%81%8B%E3%81%8B%E3%81%8B" dan="16,17,16,16" rate="2110.90,2141.64,2013.51,2095.59" sx="F,M,M,M"/><TAIKYOKU oya="0"/><INIT seed="0,0,0,4,1,83" ten="250,250,250,250" oya="0" hai0="28,107,106,110,36,38,48,108,13,50,74,116,65" hai1="135,111,95,1,91,46,128,109,55,21,130,133,52" hai2="0,80,102,30,29,98,66,105,131,14,9,126,40" hai3="68,2,117,15,134,75,51,72,71,99,24,87,58"/><T76/><D116/><U37/><E1/><V86/><F0/><W82/><G2/><T34/><D65/><U115/><E21/><V43/><F131/><N who="1" m="50217" /><E91/><V112/><F112/><W45/><G117/><T124/><D124/><U16/><E95/><V53/><F126/><W77/><G58/><T113/><D113/><U88/><E88/><V17/><F66/><W122/><G122/><T39/><D13/><U104/><E16/><V94/><F105/><N who="0" m="39946" /><D74/><U85/><E85/><V18/><F18/><W3/><G3/><T63/><D63/><U96/><E96/><V101/><F101/><W23/><G15/><T90/><D76/><U25/><E25/><V35/><F53/><N who="1" m="20553" /><E104/><V5/><F5/><W69/><G99/><T70/><D70/><U120/><E115/><V79/><F35/><W19/><G75/><T49/><D90/><U123/><E46/><V32/><F32/><W132/><G72/><T27/><D27/><U10/><E10/><V89/><F79/><W7/><G7/><T57/><D28/><AGARI ba="0,0" hai="9,14,17,28,29,30,40,43,80,86,89,94,98,102" machi="28" ten="40,2600,0" yaku="8,1,52,1" doraHai="83" who="2" fromWho="0" sc="250,-26,250,0,250,26,250,0" /><INIT seed="1,0,0,2,2,119" ten="224,250,276,250" oya="1" hai0="65,83,78,3,19,131,92,49,97,36,77,120,10" hai1="74,99,84,22,113,17,37,28,116,89,79,86,76" hai2="98,73,135,2,12,102,40,132,71,118,128,39,43" hai3="13,21,34,70,29,4,109,91,90,85,80,111,42"/><U123/><E37/><V18/><F2/><W122/><G34/><T62/><D36/><U87/><E116/><V11/><F128/><W72/><G72/><T23/><D131/><U8/><E113/><V9/><F71/><W68/><G42/><N who="2" m="15913" /><F73/><W48/><G48/><T106/><D106/><U16/><E123/><V127/><F127/><W115/><G115/><T44/><D3/><U32/><E32/><V51/><F51/><W52/><G122/><T5/><D120/><U25/><E74/><V103/><F103/><W66/><G91/><T41/><D10/><U75/><E75/><V30/><F30/><W45/><G4/><T130/><D5/><U50/><E99/><V95/><F118/><W108/><G66/><T47/><D47/><U64/><E64/><V93/><F93/><W112/><G112/><T61/><D83/><U101/><E101/><V104/><F104/><W35/><G35/><T100/><D130/><U94/><E50/><V82/><F82/><W7/><G7/><T125/><D125/><U129/><E129/><V117/><F39/><W60/><G45/><T20/><D20/><U31/><E31/><V53/><F117/><W33/><G33/><T96/><D96/><N who="1" m="57423" /><E28/><V81/><F81/><W59/><REACH who="3" step="1"/><G29/><REACH who="3" ten="224,250,276,240" step="2"/><T105/><D65/><U58/><E58/><V134/><F53/><W124/><G124/><T63/><REACH who="0" step="1"/><D105/><REACH who="0" ten="214,250,276,240" step="2"/><U133/><E76/><V38/><F38/><W6/><G6/><T56/><D56/><U24/><E79/><V15/><F135/><W107/><G107/><T67/><D67/><U69/><E133/><V121/><F121/><RYUUKYOKU ba="0,2" sc="214,10,250,-30,276,10,240,10" hai0="19,23,41,44,49,61,62,63,77,78,92,97,100" hai2="9,11,12,15,18,95,98,102,132,134" hai3="13,21,52,59,60,68,70,80,85,90,108,109,111" /><INIT seed="2,1,2,3,2,67" ten="224,220,286,250" oya="2" hai0="112,71,2,6,98,19,72,10,17,118,58,91,77" hai1="127,43,117,61,102,55,59,57,62,5,79,86,63" hai2="81,125,24,36,73,94,25,66,83,26,44,42,110" hai3="13,52,39,8,37,95,120,4,31,129,92,84,64"/><V131/><F125/><W126/><G120/><T76/><D112/><U101/><E117/><V104/><F104/><W109/><G109/><T80/><D71/><U30/><E127/><V122/><F122/><W85/><G126/><T105/><D118/><U123/><E123/><V134/><F110/><W12/><G64/><T75/><D105/><U53/><E30/><V135/><F131/><W68/><G68/><T78/><D58/><U49/><E5/><V121/><F121/><W114/><G114/><T33/><D33/><U103/><E43/><V20/><F20/><W74/><G74/><T9/><D9/><U28/><E28/><V115/><F115/><W47/><G31/><T97/><D78/><U29/><E29/><V45/><F66/><W133/><G133/><N who="2" m="50697" /><F73/><W27/><G27/><T1/><D1/><U21/><E21/><V130/><F130/><W60/><G129/><T11/><D11/><U54/><E49/><N who="2" m="26775" /><F94/><N who="3" m="35883" /><G37/><T14/><D75/><U132/><E132/><V89/><F89/><W96/><G39/><T69/><D91/><U65/><E65/><V41/><AGARI ba="1,2" hai="24,25,26,36,41,45,81,83" m="26775,50697" machi="41" ten="40,2100,0" yaku="20,1" doraHai="67" who="2" fromWho="2" sc="224,-8,220,-8,286,44,250,-8" /><INIT seed="2,2,0,3,0,106" ten="216,212,330,242" oya="2" hai0="4,76,84,57,131,41,74,50,83,80,132,21,16" hai1="121,53,8,98,29,127,97,69,18,77,110,68,65" hai2="91,5,34,120,78,33,11,14,119,55,99,122,79" hai3="94,25,0,20,93,15,63,87,126,104,40,128,111"/><V100/><F119/><W125/><G0/><T43/><D131/><U109/><E29/><V101/><F91/><W54/><G104/><T26/><D132/><U38/><E38/><V82/><F79/><W95/><G111/><N who="1" m="42506" /><E127/><N who="3" m="48650" /><G40/><T81/><D4/><U115/><E115/><V61/><F101/><W24/><G87/><T107/><D107/><U60/><E69/><V30/><F30/><W59/><G128/><T3/><D3/><U51/><E77/><V103/><F103/><W113/><G113/><T56/><D81/><U88/><E121/><V117/><F117/><W1/><G1/><T134/><D134/><U32/><E32/><V71/><F122/><W39/><G39/><T23/><D23/><U52/><E98/><V114/><F120/><W123/><G123/><T19/><D19/><AGARI ba="2,0" hai="15,19,20,24,25,54,59,63,93,94,95" m="48650" machi="19" ten="30,1000,0" yaku="18,1" doraHai="106" who="3" fromWho="0" sc="216,-16,212,0,330,0,242,16" /><INIT seed="3,0,0,0,4,45" ten="200,212,330,258" oya="3" hai0="6,79,28,111,91,36,99,25,97,0,113,105,124" hai1="131,32,98,57,50,63,39,112,134,23,14,51,88" hai2="78,72,125,83,44,34,109,56,67,24,48,107,122" hai3="90,47,132,120,12,38,9,33,64,100,81,52,115"/><W27/><G120/><T66/><D36/><U129/><E32/><V5/><F122/><W31/><G115/><T92/><D113/><U10/><E39/><V18/><F107/><W69/><G100/><T40/><D111/><U16/><E112/><V4/><F109/><W49/><G132/><T116/><D116/><U135/><E135/><V7/><F125/><W103/><G38/><T93/><D105/><U1/><E134/><V96/><F96/><W89/><G103/><T68/><D79/><U61/><E61/><V82/><F82/><W15/><G15/><T119/><D119/><U106/><E106/><V74/><F74/><W101/><G101/><T11/><D124/><U55/><E1/><V76/><F76/><W126/><G126/><T41/><D66/><U73/><E73/><V60/><F18/><W71/><G64/><T114/><D68/><U104/><E104/><V84/><F72/><W35/><G90/><T128/><D128/><N who="1" m="49227" /><E10/><V59/><F59/><W30/><G30/><T2/><D2/><U133/><E133/><V75/><F75/><W65/><G65/><T3/><D3/><U46/><E46/><V102/><F44/><W94/><G33/><T62/><D62/><U95/><AGARI ba="0,0" hai="14,16,23,50,51,55,57,63,88,95,98" m="49227" machi="95" ten="30,8000,1" yaku="19,1,52,2,54,2" doraHai="45" who="1" fromWho="1" sc="200,-20,212,80,330,-20,258,-40" /><INIT seed="4,0,0,2,0,112" ten="180,292,310,218" oya="0" hai0="44,35,92,81,98,29,101,32,54,30,105,109,88" hai1="18,96,47,12,73,28,31,63,80,84,2,5,95" hai2="59,133,128,17,85,127,90,124,61,117,125,71,46" hai3="134,135,22,108,113,1,111,70,11,86,48,53,8"/><T56/><D109/><N who="3" m="42057" /><G86/><T15/><D44/><U39/><E73/><V118/><F71/><W14/><G53/><T36/><D36/><U69/><E5/><V78/><F78/><W132/><G48/><T76/><D32/><U37/><E2/><V100/><F100/><W4/><G70/><T7/><D35/><U33/><E39/><V3/><F3/><W40/><G40/><T91/><D7/><U116/><E116/><N who="2" m="44651" /><F133/><W89/><G89/><N who="0" m="34379" /><D15/><U34/><E69/><V131/><F17/><N who="3" m="10551" /><G8/><T122/><D105/><U66/><E18/><V126/><F46/><W99/><G99/><T24/><D81/><U42/><E80/><N who="2" m="49447" /><F125/><W79/><G79/><T68/><D68/><U50/><E47/><V0/><F0/><W38/><G38/><T52/><D76/><U87/><E37/><V110/><F110/><W23/><G113/><T102/><D102/><U55/><E84/><V107/><F107/><W10/><G4/><T25/><D56/><U62/><E87/><V19/><F19/><W60/><G1/><T72/><D72/><U114/><E114/><V82/><F82/><W43/><G134/><T75/><D75/><U129/><E95/><V65/><AGARI ba="0,0" hai="59,61,65,124,126,127,128,131" m="49447,44651" machi="65" ten="40,8000,1" yaku="18,1,12,1,52,3" doraHai="112" who="2" fromWho="2" sc="180,-40,292,-20,310,80,218,-20" /><INIT seed="5,0,0,4,3,50" ten="140,272,390,198" oya="1" hai0="112,131,45,102,13,66,78,114,87,127,81,95,22" hai1="42,32,29,117,46,3,11,93,85,27,108,70,94" hai2="115,18,0,106,17,47,71,107,101,53,109,90,119" hai3="103,77,24,125,111,33,10,134,39,124,2,36,64"/><U80/><E117/><V128/><F109/><W129/><G111/><T121/><D66/><U105/><E105/><V52/><F119/><W126/><G134/><T58/><D45/><U30/><E70/><V21/><F0/><W73/><G129/><T4/><D4/><U49/><E30/><V97/><F71/><W51/><G64/><T130/><D13/><U26/><E26/><V63/><F106/><W43/><G103/><T67/><D22/><U48/><E108/><V40/><F128/><N who="0" m="49194" /><D67/><U118/><E118/><V100/><F115/><N who="0" m="44074" /><D58/><U37/><E3/><V8/><F101/><W72/><G10/><T82/><D82/><U7/><E37/><V89/><F8/><W59/><G2/><T75/><D127/><U104/><E49/><V31/><F31/><N who="3" m="19687" /><G59/><T23/><D23/><U132/><E32/><V79/><F17/><W5/><G5/><T19/><D19/><U1/><E29/><V133/><F63/><W20/><G20/><T38/><D38/><U96/><E27/><V110/><F110/><W14/><G14/><T98/><D121/><U6/><E6/><V135/><F47/><N who="3" m="26111" /><G72/><AGARI ba="0,0" hai="72,75,78,81,87,95,98,102" m="44074,49194" machi="72" ten="30,7700,0" yaku="19,1,15,1,34,2" doraHai="50" who="0" fromWho="3" sc="140,77,272,0,390,0,198,-77" /><INIT seed="6,0,0,1,3,27" ten="217,272,390,121" oya="2" hai0="124,102,15,87,57,22,116,75,36,44,80,3,100" hai1="96,28,123,21,52,34,114,125,32,82,37,105,50" hai2="79,85,132,122,41,6,90,133,45,2,127,86,25" hai3="83,48,51,18,46,14,7,8,12,63,20,107,16"/><V61/><F127/><W92/><G107/><T13/><D3/><U68/><E68/><V4/><F122/><W64/><G83/><T43/><D75/><U112/><E37/><V71/><F79/><W9/><G92/><T53/><D124/><U47/><E125/><V129/><F129/><W19/><G46/><T113/><D113/><N who="1" m="43627" /><E123/><V109/><F109/><W72/><G72/><T54/><D54/><U121/><E121/><V103/><F103/><W65/><G65/><T106/><D106/><U10/><E10/><V98/><F98/><W31/><G31/><T88/><D116/><U95/><E105/><V119/><F86/><W126/><G126/><T67/><D67/><U134/><E82/><V97/><F71/><W70/><REACH who="3" step="1"/><G19/><REACH who="3" ten="217,272,390,111" step="2"/><T128/><D44/><U39/><E95/><V56/><F45/><W33/><G33/><T38/><D80/><U91/><E34/><V108/><F108/><W11/><G11/><T30/><D30/><U62/><E32/><V101/><F119/><W130/><G130/><T110/><D128/><U42/><E28/><V78/><F85/><W29/><G29/><T40/><D87/><U135/><E39/><V77/><F97/><W59/><G59/><T76/><D57/><N who="1" m="35111" /><E21/><V1/><F56/><W93/><G93/><T66/><D22/><U17/><E17/><V5/><F77/><W26/><AGARI ba="0,1" hai="7,8,9,12,14,16,18,20,26,48,51,63,64,70" machi="26" ten="20,8000,1" yaku="1,1,0,1,7,1,54,1,53,1" doraHai="27" doraHaiUra="58" who="3" fromWho="3" sc="217,-20,272,-20,390,-40,111,90" /><INIT seed="7,0,0,4,3,45" ten="197,252,350,201" oya="3" hai0="95,49,26,34,77,115,17,29,54,90,132,14,107" hai1="18,128,71,15,101,7,83,123,62,58,125,28,9" hai2="41,135,119,23,10,108,114,97,43,12,79,91,92" hai3="63,52,75,42,130,93,24,2,67,78,105,8,86"/><W56/><G105/><T48/><D107/><U131/><E71/><V80/><F119/><W120/><G120/><T76/><D132/><U51/><E123/><V31/><F108/><W124/><G75/><T87/><D115/><U118/><E101/><V66/><F66/><W60/><G42/><T111/><D111/><U30/><E118/><V122/><F114/><W61/><G124/><T96/><D96/><U104/><E104/><V0/><F0/><W33/><G130/><N who="1" m="49706" /><E51/><V11/><F11/><W94/><G33/><T38/><D38/><U98/><E98/><V103/><F103/><W69/><G24/><T44/><D49/><U73/><E125/><V35/><F35/><W113/><G113/><T59/><D44/><U13/><E83/><V65/><F65/><W16/><G61/><T81/><D81/><U6/><E73/><V116/><F135/><W19/><G78/><T129/><D129/><U39/><E39/><V64/><F64/><W100/><G100/><T82/><D82/><U106/><E106/><V32/><F32/><W89/><REACH who="3" step="1"/><G93/><REACH who="3" ten="197,252,350,191" step="2"/><T121/><REACH who="0" step="1"/><D121/><REACH who="0" ten="187,252,350,191" step="2"/><U36/><E36/><V72/><F122/><W27/><G27/><T102/><D102/><U22/><E62/><V47/><F116/><W127/><G127/><T55/><D55/><U20/><E30/><V110/><F31/><W109/><G109/><T1/><D1/><U133/><E133/><V46/><F110/><W99/><G99/><T112/><D112/><U117/><E117/><V5/><F43/><W134/><G134/><T85/><D85/><U84/><E84/><V40/><F41/><RYUUKYOKU ba="0,2" sc="187,15,252,-15,350,-15,191,15" hai0="14,17,26,29,34,48,54,59,76,77,87,90,95" hai3="2,8,16,19,52,56,60,63,67,69,86,89,94" /><INIT seed="7,1,2,1,0,102" ten="202,237,335,206" oya="3" hai0="80,87,131,34,106,98,53,52,50,30,70,9,96" hai1="65,68,123,127,73,0,126,107,5,48,118,86,110" hai2="89,45,59,111,24,41,3,17,101,40,105,113,60" hai3="103,108,72,56,119,79,13,97,132,14,94,83,18"/><W10/><G132/><T42/><D70/><U61/><E73/><V122/><F3/><W99/><G119/><T125/><D34/><U120/><E110/><V92/><F105/><W31/><G108/><T91/><D30/><U43/><E5/><V58/><F101/><W22/><G31/><T57/><D131/><U81/><E0/><V44/><F113/><W38/><G38/><T27/><D125/><N who="1" m="47627" /><E107/><V7/><F7/><W66/><G99/><N who="0" m="37931" /><D106/><U1/><E1/><V51/><F122/><W20/><REACH who="3" step="1"/><G14/><REACH who="3" ten="202,237,335,196" step="2"/><T26/><D42/><U135/><E135/><V93/><F41/><W46/><G46/><N who="0" m="27735" /><D9/><U67/><E118/><V109/><F40/><W37/><G37/><T84/><D84/><U114/><E123/><V6/><F45/><W134/><G134/><T69/><D69/><U64/><E120/><V124/><F44/><W88/><G88/><T100/><D100/><U76/><E114/><V95/><F124/><W33/><G33/><T11/><D11/><U36/><E36/><V129/><F89/><W78/><G78/><T74/><D74/><U117/><E117/><V4/><F111/><W23/><G23/><T12/><D12/><U2/><E2/><V54/><F109/><W15/><G15/><T116/><D116/><U32/><E32/><V128/><F128/><W104/><G104/><T75/><D75/><U121/><E121/><V19/><F129/><W112/><G112/><T133/><D133/><U49/><E43/><V82/><F24/><W85/><G85/><T28/><D28/><U71/><E71/><V90/><F90/><W55/><G55/><RYUUKYOKU ba="1,3" sc="202,10,237,10,335,-30,196,10" hai0="26,27,53,57,80,87,91" hai1="48,49,61,64,65,67,68,76,81,86" hai3="10,13,18,20,22,56,66,72,79,83,94,97,103" /><INIT seed="7,2,3,3,5,0" ten="212,247,305,206" oya="3" hai0="94,16,104,59,48,117,93,122,126,49,18,30,132" hai1="67,106,23,36,17,111,33,29,2,55,86,14,114" hai2="70,113,15,11,80,3,81,35,31,66,100,99,20" hai3="44,105,37,115,47,7,53,103,12,110,129,131,128"/><W51/><G115/><T61/><D104/><U43/><E106/><V60/><F113/><W85/><G110/><T69/><D69/><U6/><E67/><V21/><F3/><W50/><G37/><T127/><D117/><U34/><E43/><V28/><F35/><W130/><N who="3" m="32768" /><DORA hai="88" /><W119/><G119/><T133/><D30/><U134/><E36/><V89/><F28/><W102/><G105/><T8/><D8/><N who="1" m="2135" /><E111/><V79/><F89/><W72/><G72/><T38/><D38/><U90/><E34/><V57/><F70/><W74/><G74/><T56/><D61/><U4/><E4/><N who="2" m="3559" /><F31/><W71/><G71/><T5/><D5/><U13/><E13/><V39/><F39/><W97/><G97/><T109/><D109/><U135/><E55/><V58/><F58/><N who="3" m="33079" /><G85/><T108/><D108/><U10/><E114/><V26/><F26/><W64/><G64/><T118/><D118/><U24/><E10/><V19/><F99/><W42/><G44/><T27/><D27/><U92/><AGARI ba="2,3" hai="14,17,23,24,29,33,86,90,92,134,135" m="2135" machi="92" ten="30,4000,0" yaku="24,1,52,2" doraHai="0,88" who="1" fromWho="1" sc="212,-12,247,76,305,-12,206,-22" owari="200,-20.0,323,43.0,293,9.0,184,-32.0" /></mjloggm>