<mjloggm ver="2.3"><GO type="169" lobby="0"/><UN n0="%E3%81%9F%E3%82%93%E3%82%86%E3%81%86" n1="%E5%A4%A7%E5%AE%AE%E5%BF%8D%76" n2="%28%3B%E3%83%BB%E2%88%80%E3%83%BB%29" n3="%E5%8D%83%E7%BE%BD%E9%B4%89" dan="16,17,16,17" rate="2145.79,2197.25,2180.44,2217.43" sx="F,M,M,F"/><TAIKYOKU oya="0"/><INIT seed="0,0,0,4,2,117" ten="250,250,250,250" oya="0" hai0="37,35,47,122,48,119,104,43,16,112,86,102,130" hai1="42,2,19,28,26,30,92,76,59,10,53,70,52" hai2="126,4,41,93,39,97,20,79,124,62,56,23,101" hai3="87,66,89,11,133,118,103,1,127,63,94,71,106"/><T110/><D119/><U64/><E76/><V22/><F79/><W85/><G118/><T114/><D35/><U83/><E83/><V96/><F4/><W88/><G127/><N who="2" m="48681" /><F41/><W12/><G133/><T44/><D130/><U77/><E77/><V45/><F45/><W113/><G113/><T98/><D86/><U105/><E105/><N who="2" m="63655" /><F39/><W46/><G46/><T100/><D100/><U82/><E82/><V65/><F23/><W99/><G1/><T21/><D110/><U72/><E72/><V95/><F95/><W9/><REACH who="3" step="1"/><G12/><REACH who="3" ten="250,250,250,240" step="2"/><T123/><D114/><U90/><E2/><V107/><F107/><W132/><G132/><T84/><D112/><U61/><E42/><V27/><F27/><W69/><G69/><T32/><D32/><U81/><E70/><V0/><F0/><W5/><G5/><T17/><D84/><U49/><E26/><V29/><F29/><W74/><G74/><T109/><D109/><U55/><E28/><V34/><F34/><W73/><G73/><T68/><D68/><U58/><E30/><V116/><F116/><W18/><G18/><T60/><D17/><U57/><E19/><V54/><F65/><W15/><G15/><T14/><D47/><U80/><E64/><V33/><F33/><W50/><G50/><T125/><D125/><U78/><E78/><V51/><F51/><W24/><G24/><T115/><D115/><U8/><E49/><V6/><F6/><W121/><G121/><N who="0" m="46091" /><D48/><U135/><E135/><V38/><F38/><W111/><G111/><T7/><D7/><U36/><E36/><V31/><F31/><RYUUKYOKU ba="0,1" sc="250,10,250,-30,250,10,240,10" hai0="14,16,21,37,43,44,60,98,102,104" hai2="20,22,54,56,62,93,97" hai3="9,11,63,66,71,85,87,88,89,94,99,103,106" /><INIT seed="0,1,1,1,4,119" ten="260,220,260,250" oya="0" hai0="124,36,80,92,55,34,102,90,14,5,69,0,75" hai1="84,33,68,19,123,25,117,131,127,41,56,100,108" hai2="30,63,122,16,86,52,9,71,81,76,6,2,70" hai3="35,72,128,91,116,134,13,15,37,110,27,46,57"/><T95/><D69/><U97/><E117/><V38/><F38/><W125/><G57/><T60/><D34/><U17/><E68/><V115/><F115/><W67/><G67/><T93/><D36/><U47/><E108/><V62/><F30/><N who="3" m="19935" /><G91/><T42/><D42/><U48/><E131/><V78/><F78/><W54/><G54/><T28/><D28/><U126/><E33/><V129/><F129/><W29/><G46/><T77/><D0/><U20/><E84/><V135/><F135/><W59/><G59/><T12/><D102/><U58/><E17/><V61/><F122/><W64/><G64/><T3/><D3/><U79/><E123/><V39/><F39/><W99/><G99/><T120/><D120/><U83/><E83/><V49/><REACH who="2" step="1"/><F16/><REACH who="2" ten="260,220,250,250" step="2"/><W73/><G29/><T87/><D5/><U114/><E114/><V23/><F23/><W43/><G37/><T50/><D60/><U74/><E79/><V103/><F103/><W98/><G128/><T65/><D65/><U101/><E101/><V1/><F1/><W53/><G134/><T45/><REACH who="0" step="1"/><D124/><REACH who="0" ten="250,220,250,250" step="2"/><N who="1" m="47659" /><E74/><V88/><F88/><W31/><G72/><T21/><D21/><U82/><E20/><V51/><F51/><W94/><G73/><T85/><D85/><U44/><E48/><V121/><F121/><W106/><G125/><T109/><D109/><U96/><E100/><V89/><F89/><W7/><G110/><T32/><D32/><U11/><E19/><V112/><F112/><W133/><G31/><T18/><D18/><U22/><E22/><V111/><F111/><W24/><G133/><RYUUKYOKU ba="1,3" sc="250,15,220,-15,250,15,250,-15" hai0="12,14,45,50,55,75,77,80,87,90,92,93,95" hai2="2,6,9,49,52,61,62,63,70,71,76,81,86" /><INIT seed="0,2,3,5,4,132" ten="265,205,265,235" oya="0" hai0="88,26,55,29,4,16,87,71,105,94,118,86,102" hai1="62,7,135,46,49,72,73,90,44,43,28,133,25" hai2="128,80,114,117,47,110,33,61,70,85,65,34,84" hai3="76,67,130,108,127,126,18,63,35,109,95,51,57"/><T13/><D71/><U83/><E7/><V1/><F114/><W111/><G35/><T8/><D118/><U119/><E119/><V52/><F117/><W59/><G130/><T99/><D55/><U104/><E104/><V48/><F128/><W12/><G76/><T112/><D112/><U101/><E101/><V78/><F1/><W3/><G3/><T115/><D115/><U116/><E116/><V97/><F110/><W69/><G95/><T100/><D100/><U5/><E5/><V21/><F97/><W37/><G37/><T74/><D74/><U53/><E90/><V64/><F64/><W60/><G51/><T9/><D9/><U106/><E106/><V58/><F21/><N who="3" m="11463" /><G69/><T66/><D66/><AGARI ba="2,3" hai="57,59,60,63,66,67,108,109,111,126,127" m="11463" machi="66" ten="30,3900,0" yaku="14,1,52,2" doraHai="132" who="3" fromWho="0" sc="265,-45,205,0,265,0,235,75" /><INIT seed="1,0,0,2,3,81" ten="220,205,265,310" oya="1" hai0="106,68,71,6,99,66,103,121,125,32,58,14,104" hai1="55,86,7,122,52,119,105,62,89,21,28,91,83" hai2="123,82,90,38,27,63,40,39,76,57,60,135,29" hai3="64,15,49,124,48,134,70,22,127,108,26,95,56"/><U65/><E119/><V5/><F123/><W2/><G2/><T18/><D121/><U72/><E122/><V84/><F135/><W33/><G134/><T24/><D104/><U111/><E105/><V34/><F40/><W98/><G15/><T10/><D125/><N who="3" m="48201" /><G108/><T11/><D32/><U77/><E7/><V92/><F5/><W133/><G70/><T110/><D110/><U85/><E72/><V80/><F80/><W13/><G13/><T37/><D37/><U25/><E111/><V16/><F16/><N who="3" m="12615" /><G33/><T9/><D9/><U12/><E12/><V114/><F114/><W128/><G128/><T61/><D24/><U100/><E100/><V50/><F50/><W35/><G35/><T0/><AGARI ba="0,0" hai="0,6,10,11,14,18,58,61,66,68,71,99,103,106" machi="0" ten="20,1500,0" yaku="0,1,7,1" doraHai="81" who="0" fromWho="0" sc="220,15,205,-7,265,-4,310,-4" /><INIT seed="2,0,0,2,3,20" ten="235,198,261,306" oya="2" hai0="95,70,66,117,49,107,86,39,73,88,110,59,65" hai1="41,43,61,47,51,6,130,126,89,27,74,90,26" hai2="8,85,91,92,46,68,15,55,93,98,135,13,56" hai3="75,71,2,62,45,12,80,4,127,11,99,100,133"/><V116/><F116/><W67/><G133/><T42/><D117/><U10/><E74/><V119/><F119/><W36/><G12/><T114/><D114/><U35/><E130/><V101/><F68/><W40/><G127/><T83/><D107/><U21/><E126/><V25/><F135/><W1/><G1/><T128/><D128/><U22/><E61/><V37/><F37/><W44/><G44/><T60/><D110/><U17/><E35/><V30/><F46/><W34/><G34/><T112/><D112/><U84/><E43/><V109/><F109/><W123/><G123/><T38/><D49/><U96/><E96/><V50/><REACH who="2" step="1"/><F8/><REACH who="2" ten="235,198,251,306" step="2"/><W132/><G132/><T78/><D42/><U134/><E134/><V97/><F97/><W5/><G11/><T33/><D70/><U129/><E129/><V104/><F104/><W24/><G71/><T32/><D39/><U31/><REACH who="1" step="1"/><E84/><REACH who="1" ten="235,188,251,306" step="2"/><V108/><F108/><W94/><G99/><N who="0" m="57831" /><D73/><U57/><E57/><V124/><F124/><W18/><G75/><T87/><D86/><U14/><AGARI ba="0,2" hai="6,10,14,17,21,22,26,27,31,41,47,51,89,90" machi="14" ten="20,12000,2" yaku="1,1,0,1,7,1,8,1,52,2,53,0" doraHai="20" doraHaiUra="113" who="1" fromWho="1" sc="235,-30,188,140,251,-60,306,-30" /><INIT seed="3,0,0,3,5,109" ten="205,328,191,276" oya="3" hai0="78,45,43,69,67,46,111,134,105,0,55,33,133" hai1="116,102,62,1,72,47,90,23,100,71,89,3,40" hai2="56,119,114,50,2,66,107,76,64,5,86,87,121" hai3="34,25,125,16,120,15,13,18,123,110,94,44,38"/><W93/><G110/><T124/><D111/><U35/><E35/><V14/><F119/><W30/><G38/><T54/><D0/><U60/><E23/><V75/><F2/><W130/><G44/><T17/><D33/><U83/><E116/><V58/><F75/><W98/><G125/><T122/><D105/><U92/><E92/><V79/><F107/><W84/><G84/><T96/><D96/><U126/><E83/><V29/><F29/><W85/><G85/><T41/><D78/><U112/><E47/><N who="0" m="17929" /><D17/><U80/><E80/><V10/><F50/><W37/><G37/><T24/><D24/><U28/><E40/><N who="0" m="15433" /><D124/><U117/><E117/><V49/><F49/><W8/><G130/><T59/><D122/><U74/><E28/><V26/><F26/><W68/><G68/><T32/><D32/><U36/><E71/><V12/><F5/><W81/><G81/><T73/><D73/><U77/><E36/><V27/><F27/><W132/><G94/><T129/><D129/><U6/><E6/><V57/><F57/><W103/><REACH who="3" step="1"/><G132/><REACH who="3" ten="205,328,191,266" step="2"/><N who="0" m="50795" /><D69/><U11/><E126/><V82/><F82/><W127/><G127/><T106/><D106/><U70/><E70/><V97/><F97/><W63/><G63/><AGARI ba="0,1" hai="54,55,59,63,67" m="50795,15433,17929" machi="63" ten="30,3900,0" yaku="20,1,34,2" doraHai="109" who="0" fromWho="3" sc="205,49,328,0,191,0,266,-39" /><INIT seed="4,0,0,1,3,126" ten="254,328,191,227" oya="0" hai0="23,132,72,24,30,109,87,116,33,32,13,92,34" hai1="91,20,40,7,90,41,4,128,25,42,80,58,56" hai2="110,26,71,120,131,133,119,63,130,19,6,36,73" hai3="83,44,59,118,48,82,61,0,37,2,81,29,125"/><T15/><D72/><U70/><E70/><V134/><F6/><N who="1" m="2089" /><E128/><V21/><F63/><W50/><G125/><T79/><D116/><U113/><E113/><V64/><F64/><W69/><G118/><T107/><D107/><U122/><E122/><V31/><F120/><W84/><G69/><T127/><D127/><U105/><E105/><V17/><F119/><W8/><G29/><T100/><D132/><N who="2" m="50794" /><F71/><W95/><G8/><T67/><D67/><U18/><E80/><V124/><F36/><W112/><G112/><T86/><D109/><U3/><E3/><V49/><F73/><W27/><G27/><T117/><D117/><U51/><E58/><V45/><F124/><W65/><G2/><T102/><D79/><U93/><E93/><V104/><F104/><W108/><G0/><T9/><D92/><U35/><E35/><V22/><F110/><W28/><G108/><T129/><D129/><N who="2" m="49162" /><F22/><W10/><G37/><T78/><D33/><U99/><E99/><V53/><AGARI ba="0,0" hai="17,19,21,26,31,45,49,53" m="49162,50794" machi="53" ten="30,8000,1" yaku="20,1,19,1,52,3" doraHai="126" who="2" fromWho="2" sc="254,-40,328,-20,191,80,227,-20" /><INIT seed="5,0,0,3,3,0" ten="214,308,271,207" oya="1" hai0="55,101,3,130,40,63,109,67,29,28,36,70,93" hai1="51,4,84,126,77,69,132,100,35,52,7,114,13" hai2="80,117,27,127,66,108,49,75,116,112,42,134,30" hai3="64,87,90,98,86,50,33,115,1,9,16,131,34"/><U56/><E35/><V102/><F108/><W103/><G115/><T94/><D109/><U41/><E69/><V59/><F112/><W104/><G131/><T43/><D130/><U79/><E114/><V54/><F127/><W91/><G64/><T2/><D55/><U12/><E126/><V24/><F134/><W105/><G105/><T135/><D135/><U14/><E132/><V89/><F102/><W26/><G50/><T62/><D101/><U76/><E100/><V5/><F27/><W72/><G72/><T20/><D20/><U78/><E41/><V25/><F25/><W107/><G107/><T99/><D99/><U31/><E31/><V123/><F123/><W37/><G37/><T58/><D58/><U45/><E56/><V110/><F110/><W111/><G111/><T15/><D15/><U71/><E71/><V81/><F81/><AGARI ba="0,0" hai="4,7,12,13,14,45,51,52,76,77,78,79,81,84" machi="81" ten="40,12000,1" yaku="8,1,52,2,54,1" doraHai="0" who="1" fromWho="2" sc="214,0,308,120,271,-120,207,0" /><INIT seed="5,1,0,5,2,13" ten="214,428,151,207" oya="1" hai0="29,96,126,86,114,7,28,36,20,79,102,108,3" hai1="85,46,66,89,57,105,64,101,80,93,54,90,21" hai2="97,9,76,2,133,75,132,15,49,55,30,60,121" hai3="68,58,82,124,88,18,84,122,117,95,62,127,33"/><U39/><E105/><V106/><F121/><W113/><G122/><T118/><D118/><U56/><E101/><V99/><F2/><W94/><G68/><T31/><D36/><U45/><E39/><V63/><F30/><W123/><G123/><T73/><D73/><U51/><E64/><V116/><F116/><W107/><G33/><T23/><D108/><U115/><E115/><V70/><F76/><W74/><G107/><T125/><D114/><U22/><E57/><V14/><F14/><W32/><G32/><T103/><D7/><U0/><E0/><V110/><F75/><W1/><G1/><T40/><D40/><U47/><REACH who="1" step="1"/><E66/><REACH who="1" ten="214,418,151,207" step="2"/><V120/><F120/><W34/><G113/><T41/><D3/><U112/><E112/><V12/><F110/><W109/><G109/><T52/><D125/><U59/><E59/><V43/><F106/><W8/><G117/><T27/><D126/><U6/><E6/><V71/><F70/><W50/><G127/><T83/><D102/><U78/><E78/><V53/><F71/><W81/><G124/><T17/><D103/><U24/><E24/><V44/><F9/><W10/><G8/><T4/><D4/><U129/><E129/><V111/><F111/><W128/><G10/><T16/><D27/><U26/><E26/><V77/><F77/><W92/><G128/><T19/><D79/><U25/><E25/><V131/><F131/><W67/><G34/><T35/><D35/><U65/><E65/><V119/><F119/><W87/><G74/><T48/><D29/><U61/><E61/><V37/><F37/><RYUUKYOKU ba="1,1" sc="214,-10,418,30,151,-10,207,-10" hai1="21,22,45,46,47,51,54,56,80,85,89,90,93" /><INIT seed="5,2,1,5,4,18" ten="204,448,141,197" oya="1" hai0="60,125,98,48,12,28,51,128,20,2,44,127,41" hai1="65,0,32,103,50,29,9,54,100,37,73,97,39" hai2="16,101,23,96,104,80,36,131,84,35,30,95,31" hai3="24,42,53,6,27,7,70,117,3,83,69,122,86"/><U22/><E73/><V130/><F36/><W110/><G122/><T102/><D2/><U66/><E32/><V59/><F104/><W111/><G42/><T91/><D91/><U46/><E103/><V115/><F59/><W113/><G113/><T5/><D60/><U74/><E74/><V133/><F133/><W92/><G92/><T38/><D128/><N who="2" m="49194" /><F35/><W71/><G53/><T11/><D38/><U108/><E108/><V40/><F40/><W118/><G86/><T126/><D48/><U89/><E89/><N who="2" m="51335" /><F115/><W10/><G83/><T121/><D121/><U64/><E9/><V124/><F124/><W120/><G120/><T62/><D62/><U13/><E0/><V79/><F79/><W105/><G105/><T14/><D98/><U112/><E112/><V45/><F45/><W26/><REACH who="3" step="1"/><G6/><REACH who="3" ten="204,448,141,187" step="2"/><T4/><D4/><U67/><E54/><V106/><F106/><W93/><G93/><T72/><D72/><U82/><E82/><V87/><F87/><W134/><G134/><T88/><D102/><U43/><E100/><V17/><F17/><W135/><G135/><T49/><D125/><U77/><E43/><V75/><F75/><W119/><AGARI ba="2,2" hai="3,7,10,24,26,27,69,70,71,110,111,117,118,119" machi="119" ten="50,8000,1" yaku="1,1,0,1,29,2,12,1,53,0" doraHai="18" doraHaiUra="85" who="3" fromWho="3" sc="204,-22,448,-42,141,-22,187,106" /><INIT seed="6,0,0,2,0,128" ten="182,406,119,293" oya="2" hai0="120,46,111,75,135,88,33,94,57,58,8,101,13" hai1="30,17,90,119,3,25,10,20,105,122,24,48,9" hai2="127,116,64,124,87,40,61,109,73,14,108,78,85" hai3="92,66,52,1,16,4,50,112,89,23,7,39,114"/><V68/><F116/><W0/><G66/><T62/><D111/><N who="2" m="42570" /><F40/><W2/><G39/><T100/><D120/><U96/><E119/><V56/><F14/><N who="3" m="9623" /><G92/><T91/><D33/><U41/><E122/><V130/><F130/><W123/><G89/><T42/><D75/><U107/><E107/><V11/><F11/><N who="3" m="2455" /><G123/><T65/><D58/><U29/><E105/><V72/><F68/><W6/><G52/><T35/><D35/><U21/><E3/><N who="3" m="1098" /><G50/><T83/><D83/><U110/><E110/><V67/><F67/><W104/><G104/><T5/><D91/><U31/><E48/><V49/><F49/><W47/><G47/><T59/><D59/><U12/><E41/><V98/><F98/><W28/><G28/><T36/><D100/><U55/><E55/><V84/><F73/><W97/><G97/><T51/><D101/><U102/><E102/><V117/><F117/><W38/><G38/><T63/><D63/><U18/><E96/><V125/><F72/><W86/><G86/><T134/><D36/><U34/><E90/><V115/><F115/><AGARI ba="0,0" hai="6,7,112,114,115" m="1098,2455,9623" machi="115" ten="30,8000,1" yaku="15,1,11,1,34,2,54,1" doraHai="128" who="3" fromWho="2" sc="182,0,406,0,119,-80,293,80" /><INIT seed="7,0,0,5,1,82" ten="182,406,39,373" oya="3" hai0="123,19,135,113,39,18,91,125,67,61,127,57,33" hai1="29,117,118,6,84,65,104,26,59,53,128,87,92" hai2="43,22,35,25,8,60,24,114,62,99,9,21,58" hai3="89,130,30,112,76,70,100,13,108,106,34,101,5"/><W37/><G37/><T98/><D123/><U55/><E104/><V90/><F35/><W38/><G38/><T44/><D33/><U110/><E110/><V96/><F43/><W23/><G108/><T75/><D75/><U88/><E6/><V122/><F114/><W56/><G70/><T85/><D98/><U115/><E115/><V74/><F74/><W16/><G112/><T78/><D78/><U51/><E128/><V68/><F68/><W4/><G130/><T109/><D109/><U77/><E65/><V119/><F122/><W102/><G106/><T107/><D107/><U32/><E55/><V36/><F36/><W95/><G76/><T80/><D135/><U134/><E134/><V72/><F72/><W93/><G93/><T28/><D28/><U20/><E32/><V47/><F119/><N who="1" m="45577" /><E77/><V73/><F73/><W71/><G71/><T54/><D113/><U105/><E105/><V14/><F47/><W126/><G126/><N who="0" m="48139" /><D39/><U42/><E42/><V129/><F129/><W133/><G133/><T48/><AGARI ba="0,0" hai="18,19,44,48,54,57,61,67,80,85,91" m="48139" machi="48" ten="30,2000,0" yaku="18,1,52,1" doraHai="82" who="0" fromWho="0" sc="182,20,406,-5,39,-5,373,-10" owari="202,-20.0,401,51.0,34,-47.0,363,16.0" /></mjloggm>