<mjloggm ver="2.3"><GO type="185" lobby="0"/><UN n0="%E2%99%AA%E5%A4%A2%E5%85%88%E6%A1%88%E5%86%85%E4%BA%BA" n1="%E6%B5%B7%E8%83%86%E3%83%88%E3%83%AD%E7%83%8F%E8%B3%8A" n2="%E6%A8%BD%E3%81%AA%E3%81%AE%E5%A3%8A%E3%81%95%E3%81%AA%E3%81%84%E3%81%A7" n3="" dan="17,18,16,0" rate="2265.98,2371.85,2204.14,1500.00" sx="F,M,M,C"/><TAIKYOKU oya="0"/><INIT seed="0,0,0,5,3,108" ten="350,350,350,0" oya="0" hai0="44,107,45,57,126,132,41,65,120,34,50,114,128" hai1="40,85,100,52,59,54,110,122,79,115,133,131,43" hai2="106,77,134,123,33,103,127,32,69,75,81,0,55" hai3=""/><T78/><N who="0" m="30752" /><T68/><D34/><U109/><N who="1" m="31264" /><U42/><E133/><V56/><N who="2" m="31520" /><V99/><F0/><T121/><N who="0" m="31008" /><T129/><D107/><U86/><E131/><N who="0" m="50249" /><D132/><U118/><E118/><V62/><F134/><T113/><D78/><U83/><E115/><N who="0" m="44041" /><D126/><U64/><E100/><V1/><F127/><T37/><D68/><U112/><E112/><V97/><F1/><T38/><D44/><U61/><E109/><V135/><F135/><T116/><D116/><U92/><E110/><V91/><F69/><T48/><D65/><U70/><E70/><V60/><F33/><T58/><D48/><U63/><E63/><V51/><F32/><T101/><D101/><U95/><E95/><V102/><F91/><AGARI ba="0,0" hai="40,42,43,52,54,59,61,64,79,83,85,86,91,92" m="31264" machi="91" ten="40,5200,0" yaku="8,1,52,1,54,1" doraHai="108" who="1" fromWho="2" sc="350,0,350,52,350,-52,0,0" /><INIT seed="1,0,0,2,0,129" ten="350,402,298,0" oya="1" hai0="53,74,46,121,123,106,34,63,135,102,113,91,88" hai1="47,77,52,131,51,119,0,33,71,94,83,96,93" hai2="61,45,95,116,59,3,1,40,2,49,101,66,73" hai3=""/><U39/><E119/><V42/><F73/><T87/><N who="0" m="31008" /><T50/><N who="0" m="31520" /><T86/><D113/><U127/><E0/><V85/><F116/><T98/><D74/><U43/><E33/><V134/><F42/><T130/><D34/><U65/><E131/><V58/><F58/><T48/><D130/><U105/><E127/><V62/><F62/><T56/><D135/><U110/><E110/><V120/><N who="2" m="30752" /><V132/><REACH who="2" step="1"/><F85/><REACH who="2" ten="350,402,288,0" step="2"/><T35/><D35/><U90/><E71/><V109/><F109/><T75/><D75/><U32/><E32/><V111/><F111/><T76/><D76/><U124/><E124/><V64/><F64/><T125/><D125/><U36/><E65/><V104/><F104/><T112/><D112/><U115/><E105/><V126/><F126/><T92/><REACH who="0" step="1"/><D46/><REACH who="0" ten="340,402,288,0" step="2"/><U57/><E115/><V41/><F41/><T37/><D37/><U60/><E36/><V44/><F44/><T81/><AGARI ba="0,2" hai="48,50,53,56,63,81,86,87,88,91,92,98,102,106" m="31520,31008" machi="81" ten="20,9000,2" yaku="1,1,0,1,7,1,52,2,54,1,53,1" doraHai="129" doraHaiUra="89" who="0" fromWho="0" sc="340,110,402,-60,288,-30,0,0" /><INIT seed="2,0,0,5,5,81" ten="450,342,258,0" oya="2" hai0="94,53,68,77,116,1,110,70,55,74,90,45,2" hai1="86,113,114,100,103,75,56,80,98,65,102,84,59" hai2="132,63,32,125,44,51,79,67,109,85,97,135,96" hai3=""/><V124/><F32/><T38/><D116/><U64/><E75/><V72/><F72/><T107/><D107/><U127/><E98/><V82/><F109/><T131/><D110/><U46/><E46/><V73/><F73/><T120/><N who="0" m="30752" /><T0/><D131/><U111/><E111/><V41/><F97/><T99/><D53/><U93/><E127/><V58/><REACH who="2" step="1"/><F96/><REACH who="2" ten="450,342,248,0" step="2"/><T118/><D118/><U106/><E106/><V76/><F76/><T61/><D77/><U3/><E102/><V54/><F54/><T115/><D74/><U33/><E33/><V108/><F108/><T95/><D55/><U121/><N who="1" m="31008" /><U105/><E105/><V62/><F62/><T89/><D61/><U117/><E117/><V134/><AGARI ba="0,1" hai="41,44,51,58,63,67,79,82,85,124,125,132,134,135" machi="134" ten="40,8000,1" yaku="1,1,0,1,20,1,52,1,53,0" doraHai="81" doraHaiUra="122" who="2" fromWho="2" sc="450,-40,342,-40,248,90,0,0" /><INIT seed="2,1,0,3,4,130" ten="410,302,338,0" oya="2" hai0="107,51,37,82,59,113,41,40,95,133,93,127,111" hai1="49,72,62,122,66,34,2,60,79,101,123,88,68" hai2="64,81,38,116,112,58,61,69,102,74,118,128,67" hai3=""/><V131/><F102/><T57/><D107/><U105/><N who="1" m="31264" /><U115/><N who="1" m="31520" /><U84/><E2/><V42/><F81/><T134/><D111/><U45/><E115/><V78/><F78/><T65/><D113/><U98/><E34/><V110/><F74/><T35/><D35/><U96/><E96/><V36/><F112/><T73/><D37/><N who="2" m="14442" /><F42/><T70/><D70/><U132/><E132/><N who="0" m="50793" /><D127/><U86/><E72/><V126/><F126/><T121/><N who="0" m="31008" /><T55/><D73/><U117/><E117/><N who="2" m="45163" /><F110/><T87/><D40/><U32/><E32/><V75/><F75/><T125/><D41/><U103/><E79/><V108/><F108/><T47/><D125/><U71/><E103/><V63/><AGARI ba="1,0" hai="58,61,63,64,67,69,128,131" m="45163,14442" machi="63" ten="40,2600,0" yaku="34,2" doraHai="130" who="2" fromWho="2" sc="410,-14,302,-14,338,28,0,0" /><INIT seed="2,2,0,5,5,89" ten="396,288,366,0" oya="2" hai0="46,63,41,111,133,126,100,102,97,72,67,115,70" hai1="2,74,101,114,50,127,51,112,134,119,57,85,64" hai2="77,113,32,120,69,33,48,62,49,73,52,3,38" hai3=""/><V84/><N who="2" m="30752" /><V81/><F3/><T117/><D117/><U121/><N who="1" m="31008" /><U86/><E2/><V82/><F38/><T65/><D111/><U123/><N who="1" m="31520" /><U131/><E119/><V125/><F113/><T59/><D115/><U56/><E74/><V34/><F125/><T0/><D126/><U80/><E127/><V1/><F1/><T61/><D133/><U58/><E134/><V55/><F69/><T75/><D102/><U109/><E109/><V36/><F36/><T124/><D124/><U110/><E110/><V45/><F62/><T53/><D65/><U37/><E37/><V132/><F132/><T76/><D76/><U107/><E64/><V118/><F118/><T108/><D108/><U79/><E131/><V71/><F71/><T39/><REACH who="0" step="1"/><D0/><REACH who="0" ten="386,288,366,0" step="2"/><U116/><E116/><V106/><F33/><T93/><AGARI ba="2,1" hai="39,41,46,53,59,61,63,67,70,72,75,93,97,100" machi="93" ten="20,6000,1" yaku="1,1,2,1,0,1,7,1,52,1,53,0" doraHai="89" doraHaiUra="47" who="0" fromWho="0" sc="386,74,288,-22,366,-42,0,0" /><INIT seed="4,0,0,2,1,73" ten="460,266,324,0" oya="0" hai0="57,121,48,115,111,51,116,65,75,94,69,131,118" hai1="98,126,102,59,77,56,120,96,49,54,88,97,125" hai2="62,42,80,135,46,119,76,45,34,91,33,35,122" hai3=""/><T41/><N who="0" m="31008" /><T106/><D106/><U64/><N who="1" m="30752" /><U84/><E102/><V123/><N who="2" m="31264" /><V124/><N who="2" m="31520" /><V107/><F119/><T66/><D75/><U68/><E68/><V72/><F135/><T100/><D115/><U113/><E113/><V74/><F124/><N who="1" m="47721" /><E64/><V99/><F62/><T108/><D94/><U63/><E63/><V53/><F53/><T92/><D92/><U104/><E104/><V3/><F3/><T90/><D90/><U78/><E56/><V128/><F35/><T71/><D100/><U86/><E86/><V61/><F74/><T109/><D108/><U36/><E36/><V43/><F61/><T55/><D57/><U129/><E129/><V130/><F128/><T134/><D131/><U83/><AGARI ba="0,0" hai="49,54,59,77,78,83,84,88,96,97,98" m="47721,30752" machi="83" ten="30,6000,1" yaku="18,1,52,3,54,1" doraHai="73" who="1" fromWho="1" sc="460,-40,266,60,324,-20,0,0" /><INIT seed="5,0,0,0,4,57" ten="420,326,304,0" oya="1" hai0="96,75,0,131,123,98,45,62,50,46,63,38,103" hai1="84,74,124,89,114,107,77,48,111,3,76,95,37" hai2="49,127,67,104,47,108,110,134,55,132,73,41,101" hai3=""/><U51/><E3/><V70/><F73/><T100/><N who="0" m="31520" /><T82/><D0/><U80/><E114/><V105/><F101/><T128/><D38/><U121/><N who="1" m="31008" /><U54/><E124/><V90/><F90/><T122/><N who="0" m="31264" /><T93/><D82/><U59/><E111/><N who="2" m="42539" /><F105/><T32/><D75/><U117/><E37/><V39/><F104/><T61/><D32/><U64/><E117/><V99/><F99/><T97/><D97/><U40/><E64/><V79/><F79/><T115/><D115/><U130/><E130/><N who="0" m="49705" /><D50/><U71/><E74/><V126/><F127/><T68/><D68/><U65/><E80/><V1/><F1/><T85/><D85/><U120/><N who="1" m="30752" /><U113/><E113/><V102/><F126/><T135/><D135/><U119/><E119/><V88/><F132/><T94/><AGARI ba="0,0" hai="45,46,61,62,63,93,94,96,98,100,103" m="49705,31264,31520" machi="94" ten="30,9000,2" yaku="19,1,52,5" doraHai="57" who="0" fromWho="0" sc="420,90,326,-60,304,-30,0,0" /><INIT seed="6,0,0,1,0,91" ten="510,266,274,0" oya="2" hai0="135,32,104,37,92,76,72,49,63,62,127,66,40" hai1="126,119,47,94,68,106,44,67,2,129,123,35,87" hai2="109,114,100,133,51,34,64,120,65,111,134,113,1" hai3=""/><V95/><N who="2" m="30752" /><V130/><F34/><T105/><D32/><U60/><N who="1" m="31520" /><U121/><N who="1" m="31008" /><U38/><E35/><V74/><F1/><T98/><D127/><U84/><E2/><V61/><F74/><T42/><D135/><N who="2" m="51722" /><F51/><T93/><D49/><U0/><E0/><V71/><F64/><T41/><D37/><U77/><E106/><V70/><F70/><T99/><D41/><U83/><E126/><V108/><F130/><T39/><D76/><U86/><E129/><V115/><F100/><T46/><D72/><U75/><E119/><V101/><F101/><T55/><D66/><U88/><REACH who="1" step="1"/><E38/><REACH who="1" ten="510,256,274,0" step="2"/><V36/><F36/><T118/><D39/><U110/><E110/><V73/><F73/><T81/><D118/><U52/><E52/><V96/><F96/><AGARI ba="0,1" hai="44,47,60,67,68,75,77,83,84,86,87,88,94,96" m="31008,31520" machi="96" ten="40,8000,1" yaku="1,1,52,3,54,1,53,0" doraHai="91" doraHaiUra="69" who="1" fromWho="2" sc="510,0,256,90,274,-80,0,0" owari="510,46.0,346,-5.0,194,-41.0,0,0.0" /></mjloggm>