<mjloggm ver="2.3"><GO type="169" lobby="0"/><UN n0="%E3%82%B5%E3%83%B3%E3%83%9E%E9%81%93%E6%A5%BD%E3%81%AE%E4%BA%BA" n1="%E3%81%97%E3%81%BF%73" n2="%E3%81%86%E3%82%8C%E3%81%97%E3%81%92%E3%81%8A" n3="%4B%57" dan="16,17,16,16" rate="2125.96,2147.93,2048.05,2030.99" sx="M,M,M,M"/><TAIKYOKU oya="0"/><INIT seed="0,0,0,2,1,17" ten="250,250,250,250" oya="0" hai0="0,77,90,60,16,118,54,13,89,75,134,6,44" hai1="12,42,74,113,66,80,19,99,101,126,92,84,71" hai2="128,88,69,127,83,2,55,112,76,86,53,109,98" hai3="3,95,57,7,23,27,26,135,96,25,61,110,93"/><T82/><D118/><U5/><E126/><V49/><F112/><W131/><G110/><T22/><D134/><U9/><E113/><V64/><F109/><W117/><G117/><T105/><D105/><U130/><E130/><V67/><F127/><W68/><G135/><T63/><D63/><U50/><E71/><V79/><F2/><W87/><G68/><T115/><D115/><U121/><E74/><V91/><F128/><W59/><G131/><T58/><REACH who="0" step="1"/><D44/><REACH who="0" ten="240,250,250,250" step="2"/><N who="1" m="25879" /><E121/><V122/><F122/><W31/><G61/><T108/><D108/><U111/><E111/><V40/><F69/><W124/><G124/><T38/><D38/><U106/><E106/><V37/><F37/><W41/><G59/><T116/><D116/><U20/><E66/><V45/><F67/><W133/><G57/><T62/><D62/><U72/><E72/><V129/><F64/><W125/><G125/><T114/><D114/><U70/><E70/><V8/><F129/><W94/><G133/><T39/><D39/><U33/><E33/><V104/><F104/><W15/><G96/><T46/><D46/><U4/><E9/><AGARI ba="0,1" hai="0,6,9,13,16,22,54,58,60,75,77,82,89,90" machi="9" ten="40,7700,0" yaku="1,1,52,1,54,1,53,0" doraHai="17" doraHaiUra="24" who="0" fromWho="1" sc="240,87,250,-77,250,0,250,0" /><INIT seed="0,1,0,1,4,78" ten="327,173,250,250" oya="0" hai0="124,85,7,63,100,108,46,66,96,33,49,24,31" hai1="74,69,125,19,13,131,18,6,67,92,91,14,72" hai2="57,110,2,1,79,25,80,58,15,39,120,41,102" hai3="59,16,121,81,32,0,71,10,119,101,73,122,17"/><T89/><D124/><U5/><E69/><V105/><F120/><N who="3" m="46187" /><G71/><T114/><D114/><U52/><E67/><V65/><F110/><W11/><G32/><T51/><D7/><U117/><E125/><V44/><F15/><W113/><G113/><T86/><D108/><U107/><E107/><V112/><F112/><W88/><G101/><T21/><D46/><U64/><E64/><V27/><F105/><W133/><G119/><T132/><D132/><U77/><E131/><V47/><F102/><W55/><G133/><T70/><D21/><N who="1" m="11471" /><E77/><V29/><F47/><W90/><G73/><T62/><D62/><U97/><E74/><V99/><F99/><W37/><G37/><T98/><D96/><U128/><E72/><V135/><F135/><W36/><G36/><T26/><D26/><U76/><E76/><V60/><F58/><W8/><G0/><T116/><D116/><U95/><E95/><V3/><REACH who="2" step="1"/><F29/><REACH who="2" ten="327,173,240,250" step="2"/><W22/><G17/><T68/><D70/><U50/><E117/><V20/><F20/><W118/><G118/><T82/><REACH who="0" step="1"/><D86/><AGARI ba="1,1" hai="1,2,3,25,27,39,41,44,57,60,65,79,80,86" machi="86" ten="40,2600,0" yaku="1,1,52,1,53,0" doraHai="78" doraHaiUra="115" who="2" fromWho="0" sc="327,-29,173,0,240,39,250,0" /><INIT seed="1,0,0,5,3,32" ten="298,173,279,250" oya="1" hai0="119,90,79,65,33,36,35,116,66,128,5,0,24" hai1="74,42,114,70,131,102,6,7,64,17,103,72,88" hai2="20,46,45,2,16,11,93,75,58,122,83,111,63" hai3="4,3,109,27,31,133,81,97,25,84,26,13,132"/><U101/><E114/><V110/><F122/><W69/><G69/><T67/><D36/><U134/><E42/><V91/><F83/><W100/><G109/><N who="2" m="41481" /><F75/><W92/><G31/><T78/><D90/><U76/><E134/><V129/><F129/><W135/><G13/><T19/><D128/><U29/><E29/><V60/><F60/><W96/><G96/><T121/><D121/><U48/><E131/><V57/><F57/><W120/><G120/><T14/><D24/><U62/><E48/><V94/><F94/><W47/><G47/><T123/><D123/><U85/><E76/><V117/><F117/><W87/><REACH who="3" step="1"/><G81/><REACH who="3" ten="298,173,279,240" step="2"/><T30/><D30/><U125/><E125/><V115/><F46/><W86/><G86/><T112/><D35/><U89/><E72/><V22/><F45/><W38/><G38/><T126/><D33/><U34/><E74/><V99/><F115/><W54/><G54/><T82/><D126/><U43/><E34/><V104/><F104/><W51/><G51/><T98/><D98/><U21/><E43/><V118/><F118/><W37/><G37/><T1/><D112/><U105/><E105/><V44/><F44/><W55/><G55/><T68/><D68/><U12/><REACH who="1" step="1"/><E85/><REACH who="1" ten="298,163,279,240" step="2"/><V106/><F106/><W73/><G73/><T130/><D130/><U10/><E10/><AGARI ba="0,2" hai="3,4,10,25,26,27,84,87,92,97,100,132,133,135" machi="10" ten="50,6400,0" yaku="1,1,20,1,52,1,53,0" doraHai="32" doraHaiUra="50" who="3" fromWho="1" sc="298,0,163,-64,279,0,240,84" /><INIT seed="2,0,0,5,3,2" ten="298,99,279,324" oya="2" hai0="53,98,134,43,49,107,30,79,135,109,95,105,100" hai1="84,9,78,24,42,46,86,87,7,74,18,35,130" hai2="76,124,47,123,90,73,111,19,57,89,3,50,52" hai3="69,129,115,14,81,71,99,5,128,17,20,16,4"/><V66/><F123/><W27/><G115/><T34/><D43/><U37/><E130/><N who="3" m="50282" /><G99/><T29/><D79/><U45/><E45/><V68/><F124/><W40/><G81/><T127/><D127/><U122/><E122/><V104/><F104/><W116/><G40/><T119/><D119/><U110/><E110/><V121/><F121/><W133/><G133/><N who="0" m="50699" /><D109/><U65/><E65/><V26/><F111/><W92/><G92/><T126/><D126/><U15/><E74/><V22/><F68/><N who="3" m="26187" /><G116/><T13/><D13/><U112/><E112/><V94/><F73/><W61/><G61/><T63/><D63/><U67/><E67/><V93/><F76/><W59/><G59/><N who="0" m="33199" /><D34/><U39/><E78/><V0/><F93/><W120/><G120/><T97/><D107/><U55/><E55/><V12/><F66/><W83/><G83/><T62/><D62/><U8/><E35/><V80/><F80/><W48/><G48/><T75/><D75/><U23/><REACH who="1" step="1"/><E9/><AGARI ba="0,0" hai="4,5,9,14,16,17,20,27" m="26187,50282" machi="9" ten="30,7700,0" yaku="19,1,52,2,54,1" doraHai="2" who="3" fromWho="1" sc="298,0,99,-77,279,0,324,77" /><INIT seed="3,0,0,1,3,27" ten="298,22,279,401" oya="3" hai0="130,31,20,62,40,9,106,100,43,6,23,3,21" hai1="108,4,68,1,32,52,114,122,47,24,110,84,64" hai2="41,51,2,112,128,30,69,48,42,18,60,133,121" hai3="98,123,103,126,93,95,78,29,25,131,124,15,97"/><W22/><G123/><T111/><D111/><N who="1" m="42539" /><E122/><V73/><F121/><W36/><G36/><T89/><D130/><U28/><E114/><V61/><F112/><W118/><G118/><T135/><D135/><U44/><E4/><V80/><F2/><W79/><G131/><T66/><D89/><U85/><E1/><V87/><F73/><W54/><G54/><T45/><D106/><U107/><E107/><V13/><F133/><W119/><G119/><T82/><D100/><U127/><E127/><N who="3" m="48682" /><G15/><T19/><D82/><U129/><E129/><V83/><F13/><W116/><G116/><T115/><D19/><U5/><E5/><V104/><F18/><W81/><G81/><T102/><D102/><AGARI ba="0,0" hai="22,25,29,78,79,93,95,97,98,102,103" m="48682" machi="102" ten="30,2900,0" yaku="18,1,52,1" doraHai="27" who="3" fromWho="0" sc="298,-29,22,0,279,0,401,29" /><INIT seed="3,1,0,5,3,76" ten="269,22,279,430" oya="3" hai0="44,126,41,105,49,134,84,75,1,55,48,125,115" hai1="131,104,16,118,9,65,33,87,59,21,6,2,46" hai2="31,110,17,102,90,129,47,11,107,77,120,98,114" hai3="58,99,135,88,37,56,91,3,101,74,97,18,127"/><W92/><G135/><T0/><D75/><U60/><E104/><V8/><F114/><W39/><G127/><N who="0" m="48651" /><D105/><U96/><E131/><V14/><F110/><W69/><G69/><T95/><D134/><U25/><E118/><V61/><F129/><W27/><G3/><T79/><D115/><U13/><E96/><V68/><F120/><W121/><G121/><T63/><D63/><U85/><REACH who="1" step="1"/><E46/><REACH who="1" ten="269,12,279,430" step="2"/><V133/><F47/><W23/><G99/><T50/><D44/><U40/><E40/><V67/><F98/><W12/><G97/><T106/><D41/><U89/><E89/><V28/><F90/><W82/><G91/><N who="0" m="53735" /><D106/><U52/><E52/><V30/><F107/><W113/><G113/><T117/><D117/><U10/><E10/><V112/><F112/><W20/><G88/><T24/><D55/><U123/><E123/><V122/><F122/><W36/><G101/><T111/><D111/><U34/><E34/><V35/><F102/><W57/><G92/><T109/><D109/><U94/><E94/><V38/><F35/><W130/><G130/><T19/><D79/><U83/><E83/><V103/><F103/><W72/><G82/><T80/><D80/><U119/><E119/><V53/><F133/><W51/><REACH who="3" step="1"/><G51/><REACH who="3" ten="269,12,279,420" step="2"/><T7/><D48/><U42/><E42/><V29/><F77/><W64/><G64/><T45/><D49/><U43/><E43/><V70/><F67/><W22/><G22/><N who="0" m="13407" /><D50/><U71/><E71/><V81/><F70/><W32/><G32/><T62/><D45/><U86/><E86/><V78/><N who="2" m="7168" /><DORA hai="54" /><V108/><F68/><RYUUKYOKU ba="1,2" sc="269,-15,12,15,279,-15,420,15" hai1="2,6,9,13,16,21,25,33,59,60,65,85,87" hai3="12,18,20,23,27,36,37,39,56,57,58,72,74" /><INIT seed="3,2,2,2,4,80" ten="254,27,264,435" oya="3" hai0="70,61,22,83,5,82,123,115,102,42,88,111,122" hai1="55,132,9,116,36,100,121,37,63,19,92,33,1" hai2="119,86,59,84,105,85,57,11,39,32,130,14,15" hai3="50,126,35,95,101,12,23,94,134,7,17,91,112"/><W69/><G112/><T8/><D111/><U25/><E121/><V76/><F119/><W93/><G69/><T21/><D115/><U65/><E132/><V10/><F32/><W114/><G114/><T60/><D102/><U128/><E116/><V103/><F39/><W34/><G134/><T38/><D38/><U30/><E128/><V43/><F130/><W110/><G110/><T104/><D104/><U75/><E75/><V45/><F76/><W58/><G126/><T107/><D107/><U99/><E55/><V4/><F105/><W64/><G7/><T81/><D42/><U77/><E77/><V6/><F103/><W117/><G117/><T97/><D70/><U71/><REACH who="1" step="1"/><E19/><REACH who="1" ten="254,17,264,435" step="2"/><V31/><F31/><W66/><G17/><T51/><D123/><U127/><E127/><V129/><F129/><W106/><G66/><T131/><D122/><U24/><E24/><V90/><F90/><W49/><G64/><T79/><D79/><U47/><E47/><V44/><F43/><W109/><G91/><T0/><D131/><U41/><E41/><V40/><F40/><W53/><G53/><T108/><D108/><U3/><E3/><V13/><F13/><W133/><G12/><T113/><D113/><U56/><E56/><AGARI ba="2,3" hai="4,6,10,11,14,15,44,45,56,57,59,84,85,86" machi="56" ten="40,8000,1" yaku="9,1,8,1,52,3" doraHai="80" who="2" fromWho="1" sc="254,0,17,-86,264,116,435,0" owari="254,-15.0,-69,-57.0,380,18.0,435,54.0" /></mjloggm>