<mjloggm ver="2.3"><GO type="169" lobby="0"/><UN n0="%E3%81%8B%E3%81%8B%E3%81%8B%E3%81%8B" n1="%E6%81%A9%E7%94%B0%E5%B8%8C" n2="%E5%B0%8F%E6%B1%A0%E7%BE%8E%E6%B3%A2%E2%8A%BF" n3="%79%6F%74%65%72%75" dan="16,16,16,18" rate="2101.41,2102.01,2104.73,2240.68" sx="M,F,F,F"/><TAIKYOKU oya="0"/><INIT seed="0,0,0,5,4,99" ten="250,250,250,250" oya="0" hai0="9,64,93,52,55,59,110,29,85,120,34,72,75" hai1="113,36,129,106,54,11,107,40,121,98,18,33,73" hai2="87,82,51,122,90,104,0,14,48,30,94,95,84" hai3="15,66,53,123,135,105,23,57,25,37,17,20,46"/><T96/><D120/><U58/><E121/><V68/><F0/><W131/><G123/><T28/><D75/><U43/><E33/><V97/><F122/><W108/><G108/><T132/><D72/><U100/><E129/><V76/><F68/><W88/><G135/><T6/><D132/><U81/><E107/><V116/><F116/><W117/><G105/><T101/><D110/><U119/><E36/><V130/><F130/><W8/><G117/><T42/><D42/><U112/><E119/><V71/><F71/><W35/><G66/><T1/><D34/><U45/><E18/><V56/><F30/><W115/><G115/><N who="1" m="44106" /><E11/><V128/><F128/><W5/><G131/><T109/><D109/><U63/><E45/><V125/><F125/><W38/><G46/><T41/><D41/><U65/><E54/><V74/><F14/><W124/><G124/><T69/><D55/><U83/><E83/><N who="2" m="45463" /><F56/><W3/><G88/><T114/><D114/><U27/><E27/><V126/><F51/><N who="3" m="30911" /><G23/><T86/><D69/><U92/><E106/><V89/><F48/><W127/><G127/><T13/><D64/><U24/><E24/><V62/><F62/><W118/><G118/><T21/><D1/><U80/><E80/><N who="2" m="49287" /><F126/><W78/><G78/><AGARI ba="0,0" hai="40,43,58,63,65,73,78,81,92,98,100" m="44106" machi="78" ten="30,2000,0" yaku="11,1,52,1" doraHai="99" who="1" fromWho="3" sc="250,0,250,20,250,0,250,-20" /><INIT seed="1,0,0,0,1,50" ten="250,270,250,230" oya="1" hai0="52,34,25,39,4,70,10,121,71,92,107,134,91" hai1="47,2,125,26,83,44,0,84,85,12,89,124,117" hai2="95,119,64,79,131,53,106,56,23,1,60,73,9" hai3="15,97,48,59,30,55,135,105,130,78,63,74,38"/><U13/><E26/><V104/><F119/><W118/><G118/><T16/><D107/><U32/><E117/><V67/><F131/><W115/><G115/><T94/><D39/><U54/><E32/><V49/><F67/><W43/><G135/><T127/><D127/><U108/><E108/><V69/><F95/><W133/><G133/><T20/><D134/><U33/><E33/><V21/><F21/><W80/><G130/><T6/><D121/><U101/><E101/><V7/><REACH who="2" step="1"/><F23/><REACH who="2" ten="250,270,240,230" step="2"/><W75/><G105/><T114/><D34/><U29/><E124/><V42/><F42/><W123/><G43/><T19/><D94/><U110/><E125/><V28/><F28/><W22/><G30/><T90/><D114/><U112/><E29/><V51/><F51/><W40/><G123/><T45/><D71/><U35/><E35/><V88/><F88/><N who="0" m="33834" /><D70/><U17/><E89/><V87/><F87/><W14/><G38/><T116/><D92/><U122/><E84/><V103/><F103/><W41/><G75/><T62/><D116/><U58/><E85/><V3/><F3/><W5/><G97/><T36/><D36/><U11/><E0/><V66/><F66/><W128/><G128/><T65/><D65/><U24/><E2/><V57/><F57/><W82/><G40/><T113/><D113/><U81/><E58/><V31/><F31/><W102/><G102/><T77/><D77/><U46/><E122/><V37/><F37/><W27/><G78/><T76/><D76/><U72/><E112/><V120/><F120/><W18/><G74/><T100/><D100/><RYUUKYOKU ba="0,1" sc="250,-10,270,-10,240,30,230,-10" hai2="1,7,9,49,53,56,60,64,69,73,79,104,106" /><INIT seed="2,1,1,5,3,14" ten="240,260,270,220" oya="2" hai0="115,99,50,79,9,54,8,134,31,132,116,29,70" hai1="20,71,102,103,127,66,60,130,105,80,35,98,15" hai2="82,84,64,78,39,110,46,74,108,24,97,109,33" hai3="7,53,22,5,2,123,122,28,101,67,126,63,77"/><V13/><F64/><W11/><G126/><T37/><D37/><U68/><E127/><V52/><F97/><W23/><G101/><T48/><D115/><U89/><E103/><V4/><F74/><W129/><G129/><T25/><D70/><U107/><E130/><V41/><F52/><W92/><G77/><T38/><D38/><U90/><E35/><V57/><F57/><W117/><G117/><T114/><D114/><U88/><E71/><V76/><F76/><W106/><G106/><T55/><D79/><U93/><E80/><V3/><F3/><W75/><G75/><T16/><D99/><U18/><AGARI ba="1,1" hai="15,18,20,60,66,68,88,89,90,93,98,102,105,107" machi="18" ten="30,4000,0" yaku="0,1,52,1,54,1" doraHai="14" who="1" fromWho="1" sc="240,-11,260,53,270,-21,220,-11" /><INIT seed="3,0,0,1,1,82" ten="229,313,249,209" oya="3" hai0="102,114,47,121,78,52,59,90,49,81,126,15,18" hai1="83,57,91,25,87,3,110,76,86,56,58,94,30" hai2="24,62,23,88,22,29,84,124,34,44,45,134,37" hai3="63,32,128,129,27,35,43,119,108,79,33,54,16"/><W14/><G119/><T26/><D121/><U123/><E3/><V125/><F134/><W46/><G27/><T117/><D126/><N who="2" m="48746" /><F62/><W12/><G12/><T92/><D117/><U131/><E131/><N who="3" m="50250" /><G79/><T21/><D102/><U95/><E110/><V50/><F37/><N who="3" m="21871" /><G108/><T120/><D114/><U6/><E6/><V135/><F135/><W70/><G54/><T115/><D115/><U71/><E71/><V85/><F45/><W20/><G33/><T74/><D120/><U51/><E123/><V132/><F132/><W7/><G7/><T65/><D65/><AGARI ba="0,0" hai="14,16,20,32,35,63,65,70" m="21871,50250" machi="65" ten="30,2900,0" yaku="19,1,54,1" doraHai="82" who="3" fromWho="0" sc="229,-29,313,0,249,0,209,29" /><INIT seed="3,1,0,0,1,134" ten="200,313,249,238" oya="3" hai0="58,133,47,25,117,82,34,23,3,13,109,20,77" hai1="19,59,89,76,0,112,115,68,103,51,74,37,85" hai2="70,79,30,24,32,14,46,36,6,10,28,135,35" hai3="130,1,131,104,5,101,21,50,125,54,8,44,67"/><W96/><G67/><T60/><D117/><U4/><E68/><V75/><F70/><W72/><G72/><T132/><D3/><U129/><E129/><N who="3" m="49162" /><G21/><T92/><D109/><U127/><E19/><V16/><F36/><W26/><G26/><T84/><D34/><N who="2" m="12842" /><F46/><W12/><G1/><T123/><D123/><U83/><E37/><V98/><F98/><W29/><G29/><N who="2" m="11369" /><F79/><W119/><G119/><T105/><D105/><U91/><E76/><V61/><F61/><W121/><G121/><T64/><D13/><U18/><E51/><V57/><F57/><W73/><G73/><T49/><D92/><U100/><E59/><V2/><F75/><W116/><G116/><T66/><D66/><U15/><E74/><V122/><F135/><N who="0" m="51786" /><D25/><U40/><E112/><V95/><F95/><W22/><G22/><T55/><AGARI ba="1,0" hai="20,23,47,49,55,58,60,64,77,82,84" m="51786" machi="55" ten="30,1100,0" yaku="20,1" doraHai="134" who="0" fromWho="0" sc="200,14,313,-4,249,-4,238,-6" /><INIT seed="4,0,0,2,0,112" ten="214,309,245,232" oya="0" hai0="90,86,98,35,12,122,56,108,118,81,30,73,46" hai1="38,101,80,109,105,77,9,1,74,7,113,75,126" hai2="44,26,84,43,37,16,53,31,50,6,14,63,78" hai3="61,17,33,83,103,42,47,4,11,128,114,41,64"/><T120/><D73/><U82/><E109/><V95/><F6/><W10/><G33/><T104/><D118/><U72/><E113/><V88/><F78/><W85/><G128/><T125/><D108/><U69/><E80/><V135/><F135/><W55/><G103/><T79/><D125/><U92/><E92/><V51/><F63/><W89/><G114/><T71/><D71/><U110/><E126/><V131/><F131/><W2/><G11/><T20/><D35/><U130/><E130/><V121/><F121/><W28/><G28/><T18/><D30/><U124/><E124/><V65/><F65/><W22/><G55/><T70/><D70/><U111/><E110/><V127/><F127/><W29/><G47/><T8/><D56/><U67/><E38/><V27/><F31/><W0/><G0/><T93/><D46/><U132/><E132/><V133/><F133/><W23/><G23/><T107/><REACH who="0" step="1"/><D8/><REACH who="0" ten="204,309,245,232" step="2"/><U106/><E111/><V57/><F37/><W99/><G29/><T45/><D45/><U97/><E106/><AGARI ba="0,1" hai="12,18,20,79,81,86,90,93,98,104,106,107,120,122" machi="106" ten="40,3900,0" yaku="1,1,53,1" doraHai="112" doraHaiUra="15" who="0" fromWho="1" sc="204,49,309,-39,245,0,232,0" /><INIT seed="4,1,0,4,4,31" ten="253,270,245,232" oya="0" hai0="104,20,33,102,132,127,64,115,106,60,129,116,17" hai1="80,79,11,68,112,95,85,97,3,120,86,77,113" hai2="126,28,19,108,30,69,0,78,16,114,63,92,90" hai3="101,111,52,57,5,128,15,81,1,100,36,37,59"/><T41/><D116/><U38/><E68/><V88/><F108/><W21/><G111/><T110/><D110/><U35/><E38/><V134/><F0/><W98/><G128/><T54/><D54/><U107/><E11/><V23/><F114/><N who="1" m="44137" /><E3/><V72/><F134/><W8/><G81/><T131/><D115/><U12/><E12/><V7/><F126/><W39/><G59/><T89/><D41/><U29/><E29/><N who="2" m="11371" /><F72/><W9/><G98/><T45/><D127/><U135/><E35/><V51/><F69/><W130/><G21/><T103/><D33/><U75/><E120/><V58/><F78/><W6/><REACH who="3" step="1"/><G130/><REACH who="3" ten="253,270,245,222" step="2"/><T109/><D20/><U55/><E97/><V25/><F23/><W50/><AGARI ba="1,1" hai="1,5,6,8,9,15,36,37,39,50,52,57,100,101" machi="50" ten="30,7900,0" yaku="1,1,2,1,0,1,54,1,53,0" doraHai="31" doraHaiUra="91" who="3" fromWho="3" sc="253,-40,270,-21,245,-21,222,92" /><INIT seed="5,0,0,0,2,66" ten="213,249,224,314" oya="1" hai0="86,108,60,117,44,24,77,36,96,80,88,22,23" hai1="51,87,40,43,90,16,26,3,53,1,106,133,29" hai2="47,130,91,38,118,50,33,113,109,115,13,119,21" hai3="94,30,52,131,114,79,75,89,102,62,39,63,112"/><U15/><E106/><V0/><F33/><W85/><G131/><T55/><D108/><U46/><E133/><V31/><F0/><W61/><G39/><T41/><D117/><U17/><E1/><V71/><F109/><W54/><G30/><T4/><D4/><U120/><E3/><V124/><F38/><W8/><G102/><T110/><D110/><U76/><E76/><V126/><F91/><W9/><G75/><T83/><D24/><U10/><E17/><N who="2" m="10415" /><F31/><W103/><G103/><T42/><D42/><U84/><E120/><V121/><F121/><W82/><G9/><T65/><D55/><U70/><E70/><V5/><F5/><W129/><G8/><T101/><D101/><U132/><E84/><V12/><F12/><W97/><REACH who="3" step="1"/><G129/><REACH who="3" ten="213,249,224,304" step="2"/><T59/><REACH who="0" step="1"/><D96/><REACH who="0" ten="203,249,224,304" step="2"/><U49/><E132/><V73/><F130/><W25/><G25/><T14/><D14/><U32/><REACH who="1" step="1"/><E51/><REACH who="1" ten="203,239,224,304" step="2"/><V19/><F50/><W37/><G37/><T57/><D57/><U135/><E135/><V72/><F119/><W125/><G125/><T45/><D45/><U58/><E58/><V68/><F47/><W128/><G128/><T2/><D2/><U134/><E134/><V99/><F118/><W107/><G107/><T27/><D27/><U56/><E56/><V35/><F126/><W127/><G127/><T64/><D64/><U98/><E98/><V122/><F99/><W93/><G93/><AGARI ba="0,3" hai="10,15,16,26,29,32,40,43,46,49,53,87,90,93" machi="93" ten="30,5800,0" yaku="1,1,7,1,54,1,53,0" doraHai="66" doraHaiUra="105" who="1" fromWho="3" sc="203,0,239,88,224,0,304,-58" /><INIT seed="5,1,0,2,2,67" ten="203,327,224,246" oya="1" hai0="97,89,2,88,132,75,70,34,109,95,37,115,68" hai1="98,57,123,21,51,128,103,133,46,15,58,116,65" hai2="71,42,81,12,5,14,30,59,4,108,127,112,94" hai3="28,17,117,101,64,48,54,66,91,36,62,134,86"/><U72/><E72/><V83/><F108/><W52/><G36/><T23/><D34/><U102/><E123/><V126/><F59/><N who="3" m="35175" /><G134/><T60/><D109/><U129/><E116/><V20/><F94/><W43/><G43/><T47/><D75/><U39/><E39/><V56/><F56/><N who="1" m="21609" /><E65/><V106/><F42/><W100/><G28/><T3/><D115/><U87/><E98/><V26/><F71/><W29/><G29/><T131/><D131/><N who="1" m="50251" /><E87/><V76/><F106/><W19/><G117/><T7/><D132/><U63/><E63/><V79/><F112/><W82/><G66/><T124/><D60/><U1/><E1/><V16/><F126/><W27/><G64/><T121/><D121/><U118/><E118/><V10/><F127/><W111/><G111/><T41/><D124/><U119/><E119/><V78/><REACH who="2" step="1"/><F4/><REACH who="2" ten="203,327,214,246" step="2"/><W104/><G104/><T49/><D7/><U80/><E133/><V8/><AGARI ba="1,1" hai="5,8,10,12,14,16,20,26,30,76,78,79,81,83" machi="8" ten="30,8000,1" yaku="1,1,2,1,0,1,8,1,54,1,53,0" doraHai="67" doraHaiUra="96" who="2" fromWho="2" sc="203,-21,327,-41,214,93,246,-21" /><INIT seed="6,0,0,5,2,125" ten="182,286,307,225" oya="2" hai0="119,127,81,61,104,0,113,91,90,100,115,56,117" hai1="112,53,106,101,65,14,44,31,80,27,45,111,58" hai2="66,40,30,19,77,102,55,128,78,89,86,6,96" hai3="46,64,41,105,48,85,99,93,118,95,70,121,120"/><V16/><F128/><W97/><G118/><N who="0" m="45067" /><D0/><U132/><E111/><V34/><F6/><W129/><G105/><T8/><D127/><U103/><E80/><V134/><F134/><W124/><G124/><T72/><D8/><U107/><E14/><V51/><F40/><W60/><G85/><T5/><D5/><U122/><E65/><V84/><F66/><W109/><G109/><T18/><D18/><U7/><E7/><V29/><F34/><W98/><REACH who="3" step="1"/><G129/><REACH who="3" ten="182,286,307,215" step="2"/><T57/><D115/><U71/><E106/><V63/><F86/><W50/><G50/><T17/><D113/><U92/><E107/><V126/><F51/><W39/><G39/><T42/><D104/><U123/><E112/><V94/><F84/><W67/><G67/><T37/><D37/><U116/><E116/><V12/><F96/><W11/><G11/><T20/><D61/><U79/><E122/><AGARI ba="0,1" hai="41,46,48,60,64,70,93,95,97,98,99,120,121,122" machi="122" ten="40,1300,0" yaku="1,1,53,0" doraHai="125" doraHaiUra="54" who="3" fromWho="1" sc="182,0,286,-13,307,0,215,23" /><INIT seed="7,0,0,0,4,105" ten="182,273,307,238" oya="3" hai0="25,81,0,114,14,103,82,63,53,78,56,104,94" hai1="60,32,29,80,18,106,119,74,42,5,88,85,46" hai2="128,134,28,131,127,30,12,66,109,57,10,2,48" hai3="62,24,116,13,118,83,92,19,64,69,51,43,108"/><W39/><G39/><T98/><D0/><U123/><E123/><V15/><F109/><W21/><G108/><T102/><D114/><U40/><E5/><N who="2" m="1335" /><F127/><W58/><G92/><T20/><D14/><N who="2" m="5162" /><F134/><W4/><G83/><T93/><D82/><U55/><E18/><V35/><F35/><W121/><G121/><T101/><D94/><U84/><E29/><V120/><F120/><W1/><G1/><T73/><REACH who="0" step="1"/><D104/><REACH who="0" ten="172,273,307,238" step="2"/><U31/><E106/><V122/><F122/><W17/><G4/><T125/><D125/><U110/><E80/><V47/><F131/><W52/><REACH who="3" step="1"/><G43/><REACH who="3" ten="172,273,307,228" step="2"/><T61/><D61/><U9/><E40/><V75/><F128/><W113/><G113/><T71/><D71/><U129/><E60/><V26/><F75/><W37/><G37/><T11/><D11/><AGARI ba="0,2" hai="11,13,17,19,21,24,51,52,58,62,64,69,116,118" machi="11" ten="30,5800,0" yaku="1,1,7,1,54,1,53,0" doraHai="105" doraHaiUra="38" who="3" fromWho="0" sc="172,-58,273,0,307,0,228,78" /><INIT seed="7,1,0,0,4,78" ten="114,273,307,306" oya="3" hai0="73,133,89,67,72,84,100,128,5,49,121,16,119" hai1="57,35,33,1,113,13,58,48,24,83,112,135,60" hai2="115,19,63,127,45,111,20,55,14,34,74,40,25" hai3="6,85,117,79,75,124,18,107,68,125,47,29,44"/><W54/><G117/><T42/><D42/><U134/><E1/><V27/><F111/><W97/><G68/><T90/><D5/><U95/><E95/><V32/><F74/><W109/><G109/><T38/><D49/><U104/><E104/><V69/><F34/><N who="1" m="12809" /><E24/><N who="2" m="9291" /><F40/><W82/><G29/><T80/><D16/><U96/><E96/><V103/><F32/><W71/><G71/><T30/><D67/><U93/><E93/><V94/><F69/><W28/><G28/><T91/><D30/><U120/><E120/><V62/><F115/><N who="1" m="44105" /><E48/><N who="2" m="29071" /><F127/><N who="3" m="48715" /><G6/><T12/><D38/><U52/><E57/><V51/><F51/><N who="3" m="29031" /><G47/><T122/><D122/><U53/><E53/><V101/><F94/><W59/><G59/><T46/><D121/><U26/><E26/><V118/><F118/><W7/><G7/><T64/><D119/><U105/><E105/><V15/><F15/><W43/><G43/><T36/><D36/><U81/><E13/><V130/><F130/><W4/><G4/><T77/><D12/><U21/><E21/><V22/><F22/><W66/><G66/><T123/><D64/><U10/><E10/><V61/><AGARI ba="1,0" hai="14,19,20,61,62,63,101,103" m="29071,9291" machi="61" ten="30,1100,0" yaku="8,1" doraHai="78" who="2" fromWho="2" sc="114,-4,273,-4,307,14,306,-6" owari="110,-39.0,269,-13.0,321,42.0,300,10.0" /></mjloggm>