<mjloggm ver="2.3"><GO type="169" lobby="0"/><UN n0="%E6%81%A9%E7%94%B0%E5%B8%8C" n1="%E7%89%8C%E6%B5%81%E5%AE%9A%E7%9F%B3%E6%9C%80%E9%AB%98" n2="%E5%8D%83%E7%BE%BD%E9%B4%89" n3="%E5%A4%A7%E5%AE%AE%E5%BF%8D%76" dan="16,16,17,17" rate="2100.19,2124.48,2219.27,2203.19" sx="F,M,F,M"/><TAIKYOKU oya="0"/><INIT seed="0,0,0,2,5,47" ten="250,250,250,250" oya="0" hai0="128,25,104,82,89,66,50,48,129,46,73,101,16" hai1="115,113,108,58,132,94,55,77,56,21,107,88,119" hai2="95,133,117,112,102,45,120,122,28,97,69,37,114" hai3="70,31,76,6,0,78,91,9,41,7,30,121,52"/><T10/><D66/><U24/><E119/><V130/><F69/><W42/><G70/><T23/><D104/><U85/><E107/><V5/><F5/><W75/><G121/><T22/><D101/><U1/><E1/><V100/><F28/><W99/><G75/><T105/><D105/><U57/><E108/><V87/><F37/><W54/><G0/><T39/><D10/><U72/><E132/><V35/><F35/><W71/><G71/><T118/><D118/><U64/><E64/><V131/><F117/><W93/><G93/><T11/><D11/><U20/><E20/><V106/><F45/><W74/><G74/><T51/><D23/><U111/><E111/><V135/><F87/><W36/><G9/><T96/><D96/><U92/><E92/><V109/><F106/><W44/><G44/><T26/><D26/><U38/><E38/><V83/><F83/><W110/><G36/><T60/><D60/><U84/><E72/><V8/><F8/><W3/><G3/><T12/><D12/><U81/><REACH who="1" step="1"/><E55/><REACH who="1" ten="250,240,250,250" step="2"/><V103/><F109/><W15/><G110/><T134/><D134/><N who="2" m="51210" /><F122/><W19/><G54/><T59/><D73/><U116/><E116/><V43/><F120/><W18/><G52/><T14/><D59/><U49/><E49/><V61/><F61/><W98/><G15/><T27/><D14/><U4/><E4/><V124/><F43/><W90/><AGARI ba="0,1" hai="6,7,18,19,30,31,41,42,76,78,90,91,98,99" machi="90" ten="25,6400,0" yaku="0,1,22,2,8,1" doraHai="47" who="3" fromWho="3" sc="250,-32,240,-16,250,-16,250,74" /><INIT seed="1,0,0,0,3,28" ten="218,224,234,324" oya="1" hai0="132,63,135,58,16,120,65,113,121,76,127,49,38" hai1="44,47,89,31,33,27,56,6,128,9,130,20,5" hai2="88,106,131,18,36,134,80,60,55,67,97,86,72" hai3="42,99,74,108,119,8,30,79,48,126,114,66,3"/><U82/><E56/><V96/><F36/><W22/><G114/><T7/><D7/><U35/><E82/><V19/><F134/><N who="0" m="51242" /><D38/><U39/><E89/><V13/><F131/><N who="1" m="50217" /><E5/><V87/><F72/><W53/><G74/><T107/><D107/><U101/><E101/><V103/><F97/><W59/><G99/><T0/><D0/><N who="1" m="199" /><E39/><V15/><F67/><W98/><G66/><T117/><D76/><U81/><E81/><V85/><F85/><W116/><G79/><T4/><D4/><U43/><E43/><V25/><F87/><W104/><G104/><T94/><D94/><U129/><N who="1" m="50225" /><U41/><DORA hai="125" /><E41/><V110/><F88/><W83/><G42/><T69/><D113/><U10/><E10/><V37/><F80/><W34/><G8/><T61/><D58/><U75/><E75/><V90/><F103/><W115/><G59/><T29/><D120/><U24/><E27/><V124/><F25/><W62/><G83/><T32/><D121/><U95/><E95/><V1/><F37/><W102/><G102/><T118/><D65/><U40/><E40/><V11/><F90/><W46/><G115/><T64/><D64/><U92/><E92/><V54/><F11/><W12/><G3/><T2/><D2/><U51/><E51/><V73/><F1/><W70/><G48/><T91/><D49/><U111/><E111/><V21/><F110/><W26/><G108/><T45/><D91/><U84/><E84/><V50/><F86/><W105/><G26/><T93/><D93/><U23/><E23/><V133/><F133/><W122/><G22/><RYUUKYOKU ba="0,0" sc="218,-10,224,30,234,-10,324,-10" hai1="20,24,31,33,35,44,47" /><INIT seed="1,1,0,5,0,32" ten="208,254,224,314" oya="1" hai0="98,4,88,113,83,44,19,56,126,55,59,36,63" hai1="129,79,64,26,68,66,116,39,85,118,82,101,96" hai2="131,27,104,65,93,34,100,47,119,3,62,43,40" hai3="81,135,110,106,48,132,6,12,42,89,109,45,103"/><U107/><E129/><V11/><F93/><W21/><G103/><T29/><D113/><U130/><E130/><V33/><F43/><W18/><G106/><T112/><D112/><U9/><E39/><V54/><F54/><W99/><G6/><T90/><D29/><U20/><E9/><V102/><F102/><W134/><G99/><T58/><D126/><U84/><E84/><AGARI ba="1,0" hai="12,18,21,42,45,48,81,84,89,109,110,132,134,135" machi="84" ten="50,1600,0" yaku="20,1" doraHai="32" who="3" fromWho="1" sc="208,0,254,-19,224,0,314,19" /><INIT seed="2,0,0,2,4,51" ten="208,235,224,333" oya="2" hai0="3,38,135,35,55,44,11,76,12,30,117,49,52" hai1="21,95,91,14,67,109,63,39,58,28,127,41,130" hai2="16,108,92,70,4,20,120,13,132,73,23,5,86" hai3="98,75,1,89,15,97,19,121,27,105,56,18,0"/><V122/><F73/><W124/><G121/><T116/><D38/><U29/><E109/><V101/><F70/><W40/><G75/><T100/><D3/><U110/><E110/><V112/><F108/><W53/><G40/><T128/><D128/><U93/><E130/><V10/><F112/><W131/><G131/><T129/><D129/><U79/><E127/><V82/><F132/><W36/><G36/><T88/><D76/><U90/><E79/><V71/><F71/><W111/><G111/><T43/><D100/><U25/><E14/><V24/><F4/><W33/><G124/><T84/><D30/><U99/><E39/><V47/><F47/><W96/><G105/><T8/><D35/><U74/><E41/><V31/><F92/><W46/><G46/><T45/><D8/><U114/><E74/><V87/><F101/><W2/><G89/><T104/><D44/><U126/><E114/><V17/><F86/><W115/><G115/><T72/><D104/><U34/><E34/><V83/><F82/><W59/><G59/><T6/><D135/><U64/><E126/><V125/><F125/><W80/><G80/><N who="0" m="49159" /><D72/><U106/><E106/><V66/><F66/><W113/><G113/><T123/><D123/><U57/><E29/><V54/><F31/><W94/><G0/><T7/><D7/><U62/><REACH who="1" step="1"/><E95/><REACH who="1" ten="208,225,224,333" step="2"/><V61/><F120/><W42/><G94/><T65/><D65/><U50/><E50/><V78/><F122/><W22/><G33/><T133/><D133/><U32/><E32/><V26/><F61/><N who="3" m="35983" /><G42/><T85/><D85/><U119/><E119/><AGARI ba="0,1" hai="6,11,12,43,45,49,52,55,116,117,119" m="49159" machi="119" ten="30,12000,2" yaku="6,1,12,1,52,2,54,2" doraHai="51" who="0" fromWho="1" sc="208,130,225,-120,224,0,333,0" /><INIT seed="3,0,0,4,4,72" ten="338,105,224,333" oya="3" hai0="9,74,43,121,89,24,0,56,82,106,38,63,127" hai1="69,15,53,91,84,104,110,62,88,125,99,22,129" hai2="55,90,131,79,122,33,40,49,41,3,123,115,4" hai3="100,76,118,71,87,92,126,124,46,120,2,114,45"/><W29/><G114/><T65/><D121/><N who="2" m="46090" /><F33/><W26/><G120/><T35/><D106/><U30/><E110/><V81/><F131/><W112/><G112/><T83/><D35/><U80/><E129/><V113/><F90/><W36/><G2/><T116/><D24/><U23/><E125/><N who="3" m="48234" /><G71/><T47/><D83/><U102/><E30/><V13/><F3/><W18/><G18/><T96/><D89/><U94/><E15/><V67/><F67/><W66/><G66/><T48/><D96/><U119/><E119/><V50/><F4/><W5/><G5/><N who="0" m="1191" /><D48/><U19/><E19/><V37/><F13/><W64/><G64/><T78/><D127/><U111/><E111/><V117/><F117/><AGARI ba="0,0" hai="38,43,47,56,63,65,74,78,82,116,117" m="1191" machi="117" ten="30,2000,0" yaku="25,1,52,1" doraHai="72" who="0" fromWho="2" sc="338,20,105,0,224,-20,333,0" /><INIT seed="4,0,0,3,2,42" ten="358,105,204,333" oya="0" hai0="7,43,16,90,36,55,74,114,93,49,71,95,135" hai1="34,122,47,9,128,57,56,52,33,78,133,86,54" hai2="88,110,130,72,67,101,25,121,4,32,97,68,70" hai3="77,37,119,82,94,89,123,5,100,28,20,59,1"/><T129/><D74/><U0/><E122/><V61/><F121/><W38/><G123/><T31/><D135/><U48/><E133/><V107/><F130/><W35/><G119/><T66/><D129/><U116/><E116/><V76/><F110/><W6/><G100/><T103/><D7/><U26/><E128/><V23/><F4/><W15/><G59/><T112/><D31/><U62/><E0/><V11/><F11/><W106/><G106/><T96/><D43/><U131/><E131/><V104/><F88/><W127/><G127/><T75/><D36/><U79/><E9/><V113/><F113/><W2/><G35/><T80/><D66/><U98/><E98/><V29/><F23/><W24/><G38/><T51/><D71/><U126/><E126/><V17/><F17/><W69/><G37/><T85/><D16/><U91/><E57/><V109/><F109/><W50/><G69/><T64/><D64/><U125/><E125/><V27/><F27/><W41/><G1/><T40/><D40/><U63/><E63/><V60/><F60/><W134/><G2/><T46/><REACH who="0" step="1"/><D49/><REACH who="0" ten="348,105,204,333" step="2"/><U117/><E117/><V39/><F39/><W13/><G134/><T53/><D53/><U99/><E34/><V115/><F70/><W22/><G5/><T10/><D10/><U21/><E33/><V18/><F18/><W12/><G6/><T83/><D83/><U45/><E54/><V120/><F68/><W3/><G3/><T105/><D105/><U92/><E48/><V8/><F67/><W44/><G50/><T87/><D87/><U14/><E86/><RYUUKYOKU ba="0,1" sc="348,30,105,-10,204,-10,333,-10" hai0="46,51,55,75,80,85,90,93,95,96,103,112,114" /><INIT seed="4,1,1,3,3,98" ten="378,95,194,323" oya="0" hai0="77,108,96,84,115,22,88,106,97,69,131,32,35" hai1="45,40,68,93,105,107,51,33,92,5,13,71,87" hai2="78,101,83,86,42,57,53,109,39,90,43,80,24" hai3="122,18,132,79,125,124,121,3,127,62,47,29,11"/><T23/><D69/><U130/><E33/><V89/><F109/><W7/><G79/><T99/><D108/><U50/><E130/><V17/><F39/><W21/><G47/><T94/><D131/><U103/><E87/><V119/><F119/><W110/><G62/><T112/><D77/><U116/><E116/><V20/><F101/><W76/><G76/><T128/><D128/><U34/><E34/><N who="0" m="12841" /><D106/><U37/><E37/><V54/><F54/><W48/><G48/><T27/><D27/><U38/><E38/><V134/><F134/><W0/><G110/><T95/><D94/><U1/><E1/><V65/><F65/><W113/><G132/><T26/><D26/><U133/><E133/><V111/><F111/><W102/><G102/><T19/><D19/><U120/><E103/><V9/><F9/><W8/><G29/><T58/><D58/><U72/><E107/><V49/><REACH who="2" step="1"/><F90/><REACH who="2" ten="378,95,184,323" step="2"/><W81/><G11/><T61/><D61/><U82/><E105/><V64/><F64/><W44/><G8/><T66/><D66/><U74/><E51/><V63/><F63/><W55/><G125/><T36/><D36/><U129/><E50/><V14/><F14/><W31/><G124/><T91/><D91/><U28/><E13/><V10/><F10/><W100/><G127/><T6/><D6/><U126/><E5/><V85/><AGARI ba="1,2" hai="17,20,24,42,43,49,53,57,78,80,83,85,86,89" machi="85" ten="20,5200,0" yaku="1,1,0,1,7,1,8,1,53,0" doraHai="98" doraHaiUra="4" who="2" fromWho="2" sc="378,-27,95,-14,184,75,323,-14" /><INIT seed="5,0,0,0,4,103" ten="351,81,259,309" oya="1" hai0="29,54,12,31,110,121,74,81,76,77,52,123,111" hai1="79,44,118,15,8,56,37,113,24,73,130,49,98" hai2="39,41,95,50,9,67,6,97,100,5,30,128,70" hai3="105,78,17,46,28,133,23,69,90,62,75,53,60"/><U107/><E118/><V72/><F128/><W34/><G78/><T36/><D12/><U13/><E130/><V71/><F6/><W84/><G75/><T135/><D36/><U96/><E113/><V25/><F72/><W59/><G133/><T116/><D74/><U63/><E37/><V109/><F39/><W108/><G108/><T4/><D4/><U119/><E119/><V129/><F109/><W120/><G120/><T35/><D116/><U66/><E24/><V14/><F129/><W1/><G1/><T101/><D101/><U51/><E73/><V45/><REACH who="2" step="1"/><F67/><REACH who="2" ten="351,81,249,309" step="2"/><W122/><G122/><T22/><D121/><U40/><E79/><V0/><F0/><W131/><G131/><T115/><D123/><U93/><E51/><V88/><F88/><W3/><G90/><T127/><D76/><U48/><E48/><V112/><F112/><W94/><G3/><T125/><D77/><U91/><REACH who="1" step="1"/><E8/><REACH who="1" ten="351,71,249,309" step="2"/><V65/><F65/><W11/><G11/><T55/><D115/><U86/><E86/><V132/><F132/><W16/><G84/><T126/><D135/><U7/><E7/><V117/><F117/><W61/><G62/><T64/><D64/><U114/><E114/><V27/><F27/><W80/><G60/><T43/><D110/><U102/><AGARI ba="0,2" hai="13,15,40,44,49,56,63,66,91,93,96,98,102,107" machi="102" ten="30,6000,0" yaku="1,1,0,1,52,1,53,0" doraHai="103" doraHaiUra="106" who="1" fromWho="1" sc="351,-20,71,80,249,-20,309,-20" /><INIT seed="5,1,0,3,1,67" ten="331,151,229,289" oya="1" hai0="93,14,2,31,117,12,26,36,107,46,0,24,80" hai1="3,89,109,50,10,42,59,125,129,88,33,61,44" hai2="4,81,41,73,28,18,127,21,34,56,25,65,130" hai3="39,45,53,95,100,63,37,27,126,60,38,85,96"/><U11/><E109/><V30/><F41/><W94/><G126/><T111/><D107/><U35/><E125/><V29/><F127/><W92/><G27/><T131/><D93/><U133/><E133/><V134/><F81/><W104/><G85/><T71/><D46/><U6/><E129/><V98/><F73/><W113/><G113/><T87/><D36/><U121/><E121/><V23/><F130/><W119/><G119/><T86/><D80/><U7/><E35/><V58/><F134/><W91/><G91/><T77/><D31/><U110/><E33/><V70/><F4/><W15/><G15/><T16/><D77/><U124/><E110/><V32/><F32/><W102/><G102/><T49/><D49/><U1/><REACH who="1" step="1"/><E124/><REACH who="1" ten="331,141,229,289" step="2"/><V132/><F132/><W103/><G103/><T135/><D135/><U99/><E99/><V51/><F34/><W66/><G100/><T69/><D111/><U105/><E105/><V62/><F98/><W40/><G104/><T22/><D131/><U68/><E68/><V118/><F118/><W123/><G96/><T54/><D69/><U120/><E120/><V64/><F70/><W116/><G123/><T114/><D71/><U19/><E19/><V90/><F18/><W82/><G116/><T74/><D16/><U83/><E83/><V47/><F29/><W84/><G82/><T48/><D117/><U43/><E43/><N who="2" m="25087" /><F30/><W52/><G40/><T57/><D74/><U8/><E8/><V97/><F97/><W115/><G95/><T9/><D86/><U13/><E13/><V17/><F28/><W79/><G94/><RYUUKYOKU ba="1,1" sc="331,-10,141,30,229,-10,289,-10" hai1="1,3,6,7,10,11,42,44,50,59,61,88,89" /><INIT seed="5,2,1,3,3,98" ten="321,171,219,279" oya="1" hai0="108,135,63,18,83,77,7,42,129,66,61,56,114" hai1="125,97,72,119,127,75,8,124,58,100,15,64,99" hai2="50,51,130,78,52,91,117,67,84,105,106,120,40" hai3="131,113,4,102,121,89,65,27,93,110,81,68,112"/><U10/><E119/><V53/><F117/><W0/><G110/><T60/><D108/><U3/><E3/><V133/><F78/><W96/><G121/><T28/><D114/><N who="3" m="44137" /><G131/><T30/><D135/><U2/><E2/><V32/><F32/><W44/><G44/><T73/><D7/><U95/><E8/><V35/><F35/><W111/><G111/><T45/><D18/><U23/><E23/><V128/><F67/><W26/><G65/><T49/><D129/><N who="2" m="49770" /><F133/><W74/><G68/><T55/><REACH who="0" step="1"/><D60/><REACH who="0" ten="311,171,219,279" step="2"/><N who="1" m="37911" /><E99/><V13/><F120/><W12/><G0/><T82/><D82/><U46/><E46/><V33/><F51/><W11/><G74/><T21/><D21/><U122/><E122/><V6/><F33/><W80/><G80/><T92/><D92/><U47/><E47/><N who="2" m="25959" /><F105/><W24/><G81/><T103/><D103/><AGARI ba="2,2" hai="4,11,12,24,26,27,89,93,96,102,103" m="44137" machi="103" ten="30,3900,0" yaku="15,1,52,2" doraHai="98" who="3" fromWho="0" sc="311,-45,171,0,219,0,279,65" /><INIT seed="6,0,0,1,4,56" ten="266,171,219,344" oya="2" hai0="101,42,73,38,36,103,21,26,81,1,92,70,77" hai1="95,17,114,59,12,27,85,43,84,0,105,79,61" hai2="45,41,65,113,74,100,106,2,57,129,71,130,89" hai3="5,135,32,47,90,54,69,19,80,75,119,7,124"/><V66/><F2/><W40/><G119/><T107/><D107/><U122/><E105/><V60/><F74/><W62/><G32/><T20/><D70/><U28/><E114/><V51/><F89/><W115/><G19/><T87/><D1/><U111/><E111/><V16/><F100/><W55/><G55/><T68/><D68/><U49/><E0/><V94/><F94/><W121/><G54/><T15/><D15/><U86/><E122/><V64/><F106/><W34/><G34/><T24/><D73/><U120/><E120/><V39/><F16/><W88/><G90/><T3/><D3/><U22/><E49/><V31/><F31/><W133/><G88/><T10/><D10/><U76/><E43/><V93/><F93/><W127/><G40/><T108/><D42/><U11/><REACH who="1" step="1"/><E95/><REACH who="1" ten="266,161,219,344" step="2"/><V82/><F113/><W134/><G115/><T78/><D108/><U46/><E46/><V18/><F51/><W83/><G121/><T67/><D92/><U30/><E30/><V14/><F45/><W63/><G47/><T99/><D99/><U8/><E8/><V110/><F110/><W4/><G133/><T102/><D103/><U97/><E97/><V37/><F41/><W33/><G134/><T118/><D101/><U98/><E98/><V35/><F37/><W104/><G135/><T9/><D38/><U58/><E58/><V91/><F57/><W125/><G104/><T123/><D36/><U50/><E50/><V109/><F39/><W117/><G69/><T126/><D102/><U13/><E13/><V116/><F109/><W48/><G48/><RYUUKYOKU ba="0,1" sc="266,-10,161,30,219,-10,344,-10" hai1="11,12,17,22,27,28,59,61,76,79,84,85,86" /><INIT seed="7,1,1,0,2,38" ten="256,191,209,334" oya="3" hai0="128,46,33,118,79,111,132,49,112,36,121,0,8" hai1="63,66,85,25,89,127,62,31,47,55,105,122,68" hai2="18,74,81,106,84,104,75,65,26,131,73,115,119" hai3="21,99,29,135,96,7,14,98,35,87,58,123,43"/><W41/><G123/><T107/><RYUUKYOKU type="yao9" ba="1,1" sc="256,0,191,0,209,0,334,0" hai0="0,8,33,36,46,49,79,107,111,112,118,121,128,132" /><INIT seed="7,2,1,2,1,128" ten="256,191,209,334" oya="3" hai0="57,125,5,3,28,74,95,96,16,13,108,119,109" hai1="87,12,31,33,134,80,78,124,8,17,52,63,42" hai2="121,45,11,10,107,70,133,92,30,126,106,54,56" hai3="67,2,89,26,20,7,19,66,65,122,117,71,25"/><W18/><G117/><T49/><D119/><U44/><E124/><V129/><F70/><W0/><G122/><T97/><D74/><U48/><E134/><V46/><F107/><W50/><G71/><T105/><D105/><U103/><E103/><V102/><F106/><W76/><G76/><T59/><D28/><U99/><E99/><N who="2" m="59751" /><F129/><W1/><G89/><T21/><D125/><U90/><E33/><V85/><F126/><W36/><G50/><T82/><D82/><U100/><E100/><V68/><F68/><W127/><G36/><T116/><D96/><U35/><E35/><V118/><F133/><W53/><G53/><T55/><D59/><N who="1" m="35303" /><E31/><V37/><F37/><W73/><G73/><T6/><D116/><U34/><E34/><V9/><F121/><W84/><G84/><T41/><D3/><U112/><E112/><V91/><F30/><W77/><G127/><T15/><D41/><U75/><E75/><V40/><F40/><W24/><G77/><AGARI ba="2,1" hai="8,12,17,42,44,48,77,78,80,87,90" m="35303" machi="77" ten="30,2000,0" yaku="8,1,54,1" doraHai="128" who="1" fromWho="3" sc="256,0,191,36,209,0,334,-26" owari="256,6.0,227,-17.0,209,-29.0,308,40.0" /></mjloggm>