<mjloggm ver="2.3"><GO type="185" lobby="0"/><UN n0="%61%6F%70%79%6F%6E%2D%7A" n1="%E6%B5%B7%E8%83%86%E3%83%88%E3%83%AD%E7%83%8F%E8%B3%8A" n2="%E4%BC%8F%E5%B1%8B" n3="" dan="16,18,16,0" rate="2073.28,2371.40,2163.31,1500.00" sx="M,M,M,C"/><TAIKYOKU oya="0"/><INIT seed="0,0,0,5,2,82" ten="350,350,350,0" oya="0" hai0="111,41,90,47,120,67,66,52,101,75,54,125,117" hai1="131,63,104,123,50,87,119,100,118,58,103,74,81" hai2="42,34,64,51,0,124,95,62,106,112,78,69,105" hai3=""/><T114/><N who="0" m="30752" /><T61/><D117/><U77/><N who="1" m="31520" /><U36/><E36/><V71/><F0/><T80/><D114/><U37/><E37/><V109/><F112/><T2/><D2/><U70/><E131/><V79/><F34/><T76/><D125/><U121/><N who="1" m="31008" /><U89/><E70/><V98/><F124/><T44/><D101/><U68/><E68/><V39/><F109/><T65/><D111/><U129/><E129/><V132/><F71/><T127/><D127/><U60/><E50/><V56/><F132/><T45/><D41/><U134/><E63/><V130/><F130/><T72/><D72/><U57/><E57/><V35/><F35/><T32/><D32/><U85/><E74/><V46/><F106/><T86/><REACH who="0" step="1"/><D61/><REACH who="0" ten="340,350,350,0" step="2"/><U99/><E100/><V33/><F33/><T102/><D102/><U73/><E134/><V113/><F113/><T96/><D96/><U88/><E119/><V116/><F116/><T40/><D40/><U97/><E118/><V83/><F105/><T3/><D3/><U84/><REACH who="1" step="1"/><E99/><REACH who="1" ten="340,340,350,0" step="2"/><V55/><F39/><T93/><AGARI ba="0,2" hai="44,45,47,52,54,65,66,67,75,76,80,86,90,93" m="30752" machi="93" ten="30,8000,1" yaku="1,1,0,1,52,2,54,1,53,0" doraHai="82" doraHaiUra="59" who="0" fromWho="0" sc="340,100,340,-40,350,-40,0,0" /><INIT seed="0,1,0,4,1,129" ten="440,300,310,0" oya="0" hai0="48,40,62,64,54,83,133,53,107,59,49,115,98" hai1="32,122,86,121,67,35,128,36,56,1,81,111,101" hai2="37,70,104,47,50,92,65,120,130,51,44,89,126" hai3=""/><T80/><D115/><U85/><N who="1" m="31008" /><U134/><N who="1" m="31264" /><U103/><E1/><V79/><N who="2" m="30752" /><V84/><F130/><T87/><D83/><U135/><E128/><V34/><F34/><N who="1" m="12841" /><E36/><V39/><F104/><T75/><D75/><U90/><E111/><V97/><F126/><T114/><D114/><U2/><E2/><V112/><F112/><T124/><D124/><U123/><N who="1" m="31520" /><U109/><E109/><V52/><F65/><T0/><D0/><U78/><E56/><V110/><F70/><T88/><D40/><U68/><E67/><V69/><F69/><T127/><D127/><U57/><E57/><V131/><F131/><T60/><D64/><U45/><E45/><V91/><F79/><T95/><D107/><U77/><E68/><V73/><F73/><T38/><D38/><U55/><E55/><V66/><F66/><T117/><D117/><U61/><E61/><V102/><F110/><T82/><D82/><U3/><E3/><V94/><F102/><N who="1" m="38921" /><E85/><V42/><AGARI ba="1,0" hai="37,39,42,44,47,50,51,52,84,89,91,92,94,97" m="30752" machi="42" ten="20,3900,0" yaku="0,1,7,1,52,1,54,1" doraHai="129" who="2" fromWho="2" sc="440,-27,300,-14,310,41,0,0" /><INIT seed="1,0,0,0,0,123" ten="413,286,351,0" oya="1" hai0="0,53,121,120,69,37,51,64,122,131,125,72,91" hai1="112,54,70,42,100,90,68,84,109,124,133,110,128" hai2="36,85,94,78,52,134,127,99,39,135,105,111,82" hai3=""/><U44/><E112/><V56/><F127/><T76/><N who="0" m="30752" /><T1/><N who="0" m="31008" /><T114/><N who="0" m="31264" /><T45/><D114/><U81/><E124/><V77/><F105/><T75/><D125/><U126/><E126/><V79/><F111/><N who="1" m="42505" /><E133/><N who="2" m="50699" /><F39/><T102/><D102/><U103/><E54/><V93/><F36/><T32/><D37/><U106/><E128/><V73/><F73/><T33/><D75/><U2/><E2/><V89/><F94/><T97/><D131/><U35/><E35/><V34/><F34/><T113/><D33/><U65/><E106/><V3/><F3/><T98/><D32/><U95/><E95/><V83/><F83/><T67/><D113/><U119/><E119/><V41/><F41/><T92/><D1/><U57/><E57/><V88/><F89/><T46/><D91/><U71/><E65/><V50/><AGARI ba="0,0" hai="50,52,56,77,78,79,82,85,88,93,99" m="50699" machi="50" ten="30,3000,0" yaku="20,1,54,2" doraHai="123" who="2" fromWho="2" sc="413,-10,286,-20,351,30,0,0" /><INIT seed="2,0,0,1,1,52" ten="403,266,381,0" oya="2" hai0="81,67,33,108,126,62,103,2,34,88,122,95,54" hai1="79,45,109,133,89,74,91,121,99,120,134,92,50" hai2="113,82,0,90,97,93,47,124,44,36,49,87,46" hai3=""/><V123/><N who="2" m="31520" /><V76/><F113/><T38/><N who="0" m="31264" /><T60/><D2/><U3/><N who="1" m="30752" /><U114/><N who="1" m="31008" /><U61/><E114/><V116/><F0/><T48/><D38/><U119/><E3/><V65/><F116/><T129/><D126/><U131/><E119/><V37/><F124/><T43/><D43/><U106/><E109/><V75/><F65/><T104/><D129/><U53/><E131/><V130/><F130/><T80/><D62/><U107/><E91/><V128/><F128/><T84/><D108/><U125/><E125/><V77/><F77/><T51/><D51/><U69/><E74/><V135/><F135/><N who="1" m="51721" /><E79/><V57/><F75/><T71/><D104/><U68/><E68/><V72/><F72/><T63/><D63/><U41/><E69/><V1/><F1/><T40/><D40/><U112/><E112/><V132/><F132/><T78/><D103/><U98/><E99/><V85/><REACH who="2" step="1"/><F97/><REACH who="2" ten="403,266,371,0" step="2"/><T115/><D115/><U56/><AGARI ba="0,1" hai="41,45,50,53,56,61,89,92,98,106,107" m="51721,31008,30752" machi="56" ten="30,5900,0" yaku="20,1,52,3" doraHai="52" who="1" fromWho="1" sc="403,-20,266,69,371,-39,0,0" /><INIT seed="4,0,0,1,2,135" ten="383,335,332,0" oya="0" hai0="73,98,116,59,46,41,35,33,108,80,51,121,66" hai1="54,39,103,64,81,125,71,128,68,113,104,109,89" hai2="57,0,101,119,42,49,97,3,127,87,96,70,72" hai3=""/><T134/><N who="0" m="31008" /><T132/><D116/><U58/><E109/><V53/><F119/><T32/><D108/><U92/><E39/><V74/><F70/><T67/><D98/><U36/><E36/><V56/><F127/><T123/><N who="0" m="31520" /><T102/><D102/><U88/><E128/><V133/><F133/><N who="0" m="51306" /><D59/><U126/><E71/><V83/><F97/><T114/><D114/><U78/><E113/><V111/><F42/><T82/><D73/><U50/><E103/><V95/><F111/><T99/><D99/><U110/><E110/><V62/><F74/><T105/><D105/><U43/><E104/><V120/><N who="2" m="30752" /><V75/><F75/><T100/><D100/><U45/><E68/><V52/><REACH who="2" step="1"/><F72/><REACH who="2" ten="383,335,322,0" step="2"/><T63/><D63/><U85/><E125/><V34/><F34/><T79/><D79/><AGARI ba="0,1" hai="0,3,49,52,53,56,57,62,79,83,87,95,96,101" m="30752" machi="79" ten="30,8000,1" yaku="1,1,7,1,52,1,54,1,53,1" doraHai="135" doraHaiUra="76" who="2" fromWho="0" sc="383,-80,335,0,322,90,0,0" /><INIT seed="5,0,0,5,3,60" ten="303,335,412,0" oya="1" hai0="64,81,117,65,128,1,51,129,78,67,34,135,47" hai1="103,82,42,66,39,125,61,71,111,112,123,36,41" hai2="88,116,50,43,69,115,121,102,130,52,87,35,0" hai3=""/><U94/><N who="1" m="31520" /><U110/><E82/><V107/><N who="2" m="31008" /><V56/><F116/><T109/><D1/><U32/><E32/><V122/><N who="2" m="31264" /><V124/><F0/><T85/><D34/><U132/><E112/><V77/><F35/><T134/><D109/><N who="1" m="41483" /><E132/><N who="0" m="50729" /><D117/><U48/><E125/><V72/><F115/><T59/><D59/><U37/><E48/><V95/><F69/><T89/><D78/><U49/><E49/><V73/><F124/><T101/><D101/><U55/><E55/><AGARI ba="0,0" hai="47,51,55,64,65,67,81,85,89,128,129" m="50729" machi="55" ten="30,7700,0" yaku="20,1,52,3" doraHai="60" who="0" fromWho="1" sc="303,77,335,-77,412,0,0,0" /><INIT seed="6,0,0,0,0,131" ten="380,258,412,0" oya="2" hai0="39,111,128,44,93,95,94,121,61,38,110,66,100" hai1="33,40,127,124,47,112,70,96,80,134,118,73,71" hai2="123,77,49,1,116,119,64,41,83,67,120,42,36" hai3=""/><V46/><N who="2" m="30752" /><V34/><N who="2" m="31520" /><V122/><N who="2" m="31264" /><V86/><F1/><T45/><N who="0" m="31008" /><T51/><D128/><U60/><E33/><V107/><F107/><T114/><D100/><U78/><E112/><V68/><F34/><T117/><D117/><U109/><E109/><V102/><F102/><T133/><D114/><U85/><E118/><V32/><F32/><T75/><D75/><U91/><E96/><V99/><F99/><T50/><D61/><U87/><E73/><V0/><F0/><T98/><D66/><U106/><E106/><V82/><F68/><T135/><D95/><U2/><E2/><V132/><F132/><T55/><D55/><U103/><E103/><V108/><F108/><T48/><D48/><U126/><E60/><V56/><F42/><T105/><D98/><U76/><E134/><V88/><F116/><T54/><D54/><U65/><E65/><V115/><F119/><T101/><D101/><U92/><REACH who="1" step="1"/><E76/><REACH who="1" ten="380,248,412,0" step="2"/><V129/><F115/><T69/><D105/><U58/><E58/><V43/><F129/><T97/><D97/><U37/><AGARI ba="0,1" hai="37,40,47,70,71,78,80,85,87,91,92,124,126,127" machi="37" ten="30,3000,0" yaku="1,1,0,1,18,1,53,0" doraHai="131" doraHaiUra="62" who="1" fromWho="1" sc="380,-10,248,40,412,-20,0,0" /><INIT seed="8,0,0,3,0,110" ten="370,288,392,0" oya="0" hai0="100,88,126,121,47,120,134,67,71,123,116,48,53" hai1="55,111,54,95,105,51,119,39,99,83,91,76,131" hai2="129,69,90,49,46,117,115,58,114,37,44,87,64" hai3=""/><T63/><N who="0" m="30752" /><T56/><N who="0" m="31008" /><T38/><N who="0" m="31520" /><T33/><D33/><U92/><E111/><V43/><F129/><T97/><D116/><U59/><E131/><V82/><F117/><T98/><D126/><U52/><E119/><V128/><F128/><T133/><D88/><U60/><E39/><V40/><F69/><T113/><D113/><U103/><E51/><V109/><F109/><T125/><D125/><U66/><REACH who="1" step="1"/><E91/><REACH who="1" ten="370,278,392,0" step="2"/><V50/><F37/><T78/><D78/><U85/><AGARI ba="0,1" hai="52,54,55,59,60,66,76,83,85,92,95,99,103,105" machi="85" ten="30,6000,1" yaku="1,1,2,1,0,1,54,1,53,1" doraHai="110" doraHaiUra="80" who="1" fromWho="1" sc="370,-40,278,70,392,-20,0,0" /><INIT seed="9,0,0,4,1,66" ten="330,348,372,0" oya="1" hai0="85,132,123,70,87,102,109,117,114,130,39,33,59" hai1="84,116,129,61,98,135,49,34,118,45,83,89,108" hai2="48,46,95,64,121,97,63,94,41,92,54,91,133" hai3=""/><U86/><E34/><V79/><N who="2" m="31008" /><V104/><F133/><T57/><D102/><U115/><E115/><V0/><F79/><T111/><N who="0" m="31520" /><T124/><D117/><N who="1" m="45163" /><E135/><V120/><N who="2" m="30752" /><V106/><F0/><T51/><D132/><U134/><E134/><V93/><REACH who="2" step="1"/><F41/><REACH who="2" ten="330,348,362,0" step="2"/><T38/><D33/><U119/><N who="1" m="45171" /><U105/><DORA hai="122" /><E129/><V37/><F37/><T55/><D130/><U52/><E108/><V36/><F36/><T2/><D2/><U77/><E61/><V42/><F42/><T43/><D43/><U40/><E40/><V125/><F125/><T71/><D124/><U107/><E98/><V74/><F74/><T88/><D39/><U69/><E69/><AGARI ba="0,1" hai="46,48,54,63,64,69,91,92,93,94,95,97,104,106" m="30752,31008" machi="69" ten="40,8000,1" yaku="1,1,52,3,53,0" doraHai="66,122" doraHaiUra="99,80" who="2" fromWho="1" sc="330,0,348,-80,362,90,0,0" owari="330,-7.0,268,-33.0,452,40.0,0,0.0" /></mjloggm>