<mjloggm ver="2.3"><GO type="169" lobby="0"/><UN n0="%E5%BD%97%E6%98%9F%E5%85%A5%E3%83%92%E3%82%B3" n1="%E7%9C%9F%E3%82%A8%E3%83%88%E3%83%9A%E3%83%B3" n2="%E9%BB%92%E7%8C%AB%73%69%6E" n3="%E3%81%8B%E3%81%B6%E8%8C%B6" dan="16,18,17,16" rate="2145.42,2309.83,2224.98,2134.61" sx="M,M,M,M"/><TAIKYOKU oya="0"/><INIT seed="0,0,0,1,1,57" ten="250,250,250,250" oya="0" hai0="125,118,123,10,126,22,62,12,95,100,21,33,19" hai1="14,20,27,109,3,128,113,77,41,50,104,34,43" hai2="74,15,78,54,63,114,72,44,87,135,108,49,92" hai3="84,56,31,58,23,122,106,102,91,80,89,36,4"/><T130/><D118/><U124/><E104/><V42/><F114/><W86/><G36/><T1/><D123/><U83/><E113/><V110/><F135/><W0/><G122/><T82/><D33/><U116/><E116/><V96/><F87/><W99/><G0/><T9/><D82/><U39/><E3/><V38/><F15/><W101/><G101/><T73/><D73/><U30/><E109/><N who="2" m="42091" /><F78/><W51/><G4/><T111/><D130/><U8/><E39/><V2/><F2/><W37/><G37/><T46/><D46/><U67/><E128/><V129/><F129/><W93/><G51/><T120/><D120/><U47/><E124/><N who="0" m="47721" /><D111/><U94/><E94/><V112/><F112/><W61/><G31/><T88/><D100/><U48/><E67/><V59/><F38/><W85/><G23/><T115/><D115/><U103/><E103/><AGARI ba="0,0" hai="42,44,49,54,59,63,72,74,92,96,103" m="42091" machi="103" ten="30,2000,0" yaku="14,1,52,1" doraHai="57" who="2" fromWho="1" sc="250,0,250,-20,250,20,250,0" /><INIT seed="1,0,0,1,5,68" ten="250,230,270,250" oya="1" hai0="43,97,59,51,89,118,3,81,128,103,2,35,107" hai1="110,33,12,121,111,96,61,6,19,129,46,127,85" hai2="25,83,69,62,48,11,28,90,5,126,7,29,84" hai3="56,53,32,31,98,71,115,116,17,78,119,60,18"/><U45/><E121/><V120/><F120/><W70/><G115/><T80/><D118/><N who="3" m="45097" /><G78/><T38/><D35/><U114/><E114/><V13/><F126/><W100/><G31/><T104/><D128/><U36/><E33/><V93/><F5/><W23/><G32/><T27/><D27/><U37/><E129/><V41/><F25/><N who="3" m="14575" /><G18/><T21/><D21/><U55/><E6/><V9/><F9/><W47/><G47/><N who="1" m="17930" /><E127/><V52/><F41/><W65/><G65/><T88/><D97/><U122/><E122/><V73/><F73/><W49/><G49/><T40/><D51/><U30/><E30/><V117/><F117/><W22/><G22/><T105/><D105/><AGARI ba="0,0" hai="53,56,60,70,71,98,100,105" m="14575,45097" machi="105" ten="30,1000,0" yaku="12,1" doraHai="68" who="3" fromWho="0" sc="250,-10,230,0,270,0,250,10" /><INIT seed="2,0,0,2,3,64" ten="240,230,270,260" oya="2" hai0="46,108,23,72,74,132,134,96,71,110,89,82,119" hai1="26,121,30,52,42,35,103,117,16,34,84,87,39" hai2="48,59,44,123,19,60,68,9,8,126,45,88,129" hai3="113,75,105,95,7,130,128,17,5,92,120,106,67"/><V18/><F123/><W4/><G120/><T104/><D23/><U73/><E73/><N who="0" m="28265" /><D46/><U62/><E117/><V24/><F129/><N who="3" m="49771" /><G75/><T49/><D49/><U38/><E35/><V57/><F126/><W14/><G67/><T79/><D71/><U112/><E112/><V51/><F88/><W6/><N who="3" m="1024" /><DORA hai="65" /><W97/><G113/><T41/><D41/><U25/><E103/><V40/><F24/><W102/><G106/><T0/><D0/><U122/><E122/><V1/><F40/><W100/><G100/><N who="0" m="62471" /><D79/><U12/><E26/><V114/><F114/><W66/><G66/><T56/><D56/><U36/><E42/><V70/><REACH who="2" step="1"/><F60/><REACH who="2" ten="240,230,260,260" step="2"/><W133/><G133/><N who="0" m="51307" /><D119/><U86/><E121/><V11/><F11/><AGARI ba="0,1" hai="11,14,17,92,95,97,102,105" m="1024,49771" machi="11" ten="40,1300,0" yaku="19,1" doraHai="64,65" who="3" fromWho="2" sc="240,0,230,0,260,-13,260,23" /><INIT seed="3,0,0,2,3,117" ten="240,230,247,283" oya="3" hai0="68,73,129,132,11,50,78,94,123,44,72,32,67" hai1="54,134,22,114,60,79,49,121,104,31,96,62,23" hai2="120,28,13,16,45,41,5,100,63,77,14,12,105" hai3="20,42,122,92,106,95,65,55,15,19,112,40,97"/><W61/><G112/><T113/><D113/><U53/><E114/><V130/><F130/><W4/><G122/><T118/><D129/><U91/><E134/><V25/><F77/><W71/><G106/><T85/><D32/><U126/><E126/><V29/><F5/><W51/><G4/><T3/><D118/><U111/><E111/><V135/><F135/><W6/><G6/><T57/><D132/><U103/><E79/><V59/><F105/><W124/><G124/><T1/><D68/><U46/><E121/><V30/><F100/><W58/><REACH who="3" step="1"/><G92/><REACH who="3" ten="240,230,247,273" step="2"/><T37/><D123/><U39/><E104/><V109/><F120/><W56/><G56/><T75/><D57/><U110/><E110/><V83/><F109/><W36/><G36/><T7/><D94/><U70/><E39/><V74/><F59/><W98/><G98/><T24/><D37/><U131/><E131/><V21/><F63/><W8/><G8/><T17/><D11/><U107/><E70/><V84/><F45/><W2/><G2/><T102/><D44/><U52/><E62/><V108/><F108/><W90/><AGARI ba="0,1" hai="15,19,20,40,42,51,55,58,61,65,71,90,95,97" machi="90" ten="20,3900,0" yaku="1,1,0,1,7,1,53,0" doraHai="117" doraHaiUra="81" who="3" fromWho="3" sc="240,-13,230,-13,247,-13,273,49" /><INIT seed="3,1,0,4,3,53" ten="227,217,234,322" oya="3" hai0="94,29,10,130,88,36,65,118,99,131,28,16,11" hai1="32,71,54,82,81,23,86,76,27,55,126,12,74" hai2="120,30,68,103,8,47,38,66,72,85,40,83,14" hai3="46,0,9,49,17,20,4,59,26,129,125,50,33"/><W114/><G129/><N who="0" m="49163" /><D118/><U25/><E71/><V41/><F120/><W3/><G125/><T119/><D119/><U78/><E126/><V98/><F72/><W57/><G0/><T116/><D116/><U96/><E96/><V39/><F30/><N who="0" m="11882" /><D36/><U128/><E128/><V117/><F117/><W51/><G114/><T104/><D104/><U101/><E32/><V58/><F68/><W113/><G113/><T6/><D6/><U135/><E135/><V112/><F112/><W64/><G33/><T107/><D107/><U110/><E110/><V134/><F134/><W111/><G111/><T75/><D65/><U73/><E101/><V87/><F39/><W2/><G2/><T56/><D56/><U92/><E12/><V124/><F124/><W43/><REACH who="3" step="1"/><G64/><REACH who="3" ten="227,217,234,312" step="2"/><T127/><D127/><U105/><E105/><V95/><F66/><W31/><G31/><T15/><D75/><U18/><E74/><V61/><F38/><AGARI ba="1,1" hai="3,4,9,17,20,26,38,43,46,49,50,51,57,59" machi="38" ten="40,12000,1" yaku="1,1,52,2,53,1" doraHai="53" doraHaiUra="70" who="3" fromWho="2" sc="227,0,217,0,234,-123,312,133" /><INIT seed="3,2,0,5,4,52" ten="227,217,111,445" oya="3" hai0="51,76,72,45,120,6,43,26,113,10,66,69,105" hai1="132,24,71,63,86,75,16,79,44,25,83,98,20" hai2="108,85,13,115,18,12,31,128,114,82,30,102,94" hai3="121,36,91,5,57,107,2,41,21,33,50,131,118"/><W15/><G118/><T81/><D120/><U1/><E1/><V117/><F117/><W48/><G121/><T92/><D105/><U39/><E132/><V106/><F106/><W116/><G33/><T89/><D113/><U22/><E98/><V96/><F108/><W78/><G107/><T110/><D110/><U124/><E124/><V32/><F128/><W104/><G104/><T112/><D112/><U119/><E119/><V87/><F114/><W103/><G50/><T37/><D26/><U9/><E9/><V17/><F115/><W61/><G48/><T125/><D125/><U7/><E7/><V134/><F134/><W74/><G91/><T129/><D129/><U46/><E39/><V42/><F42/><W95/><G21/><T27/><D27/><U11/><E75/><V68/><F68/><W101/><G15/><T19/><D19/><U54/><E11/><N who="2" m="6303" /><F32/><W127/><G127/><T35/><D35/><U3/><E3/><V93/><F93/><W84/><G95/><T67/><D69/><U59/><E71/><V135/><F135/><W55/><G2/><N who="0" m="343" /><D51/><U60/><E60/><V77/><F87/><AGARI ba="2,0" hai="37,43,45,66,67,72,76,81,87,89,92" m="343" machi="87" ten="30,1000,0" yaku="25,1" doraHai="52" who="0" fromWho="2" sc="227,16,217,0,111,-16,445,0" /><INIT seed="4,0,0,5,4,78" ten="243,217,95,445" oya="0" hai0="110,121,51,28,49,73,3,122,53,10,99,23,117" hai1="111,131,55,29,48,93,34,5,97,114,80,101,61" hai2="95,72,106,84,7,24,20,79,47,54,39,98,123" hai3="0,66,90,76,67,87,74,126,118,1,62,52,18"/><T116/><D73/><U35/><E111/><V77/><F123/><W120/><G118/><T13/><D3/><U125/><E125/><V19/><F106/><W115/><G115/><T129/><D110/><U135/><E114/><V68/><F68/><W100/><G100/><T86/><D129/><U94/><E131/><V16/><F72/><W107/><G107/><T92/><D28/><U56/><E135/><V113/><F113/><W91/><G74/><T124/><D124/><U32/><E5/><V65/><F65/><W38/><G38/><T45/><D23/><U64/><E29/><V130/><F7/><W4/><G4/><T119/><D51/><U17/><E17/><V27/><F84/><W105/><G18/><T112/><D13/><U127/><E127/><V50/><F39/><W15/><G15/><T11/><D112/><U44/><REACH who="1" step="1"/><E80/><REACH who="1" ten="243,207,95,445" step="2"/><V81/><F81/><W12/><G126/><T133/><D133/><U57/><E57/><V69/><F69/><W21/><G120/><T8/><REACH who="0" step="1"/><D86/><REACH who="0" ten="233,207,95,445" step="2"/><U109/><E109/><V22/><REACH who="2" step="1"/><F130/><REACH who="2" ten="233,207,85,445" step="2"/><W37/><G0/><T104/><D104/><AGARI ba="0,3" hai="32,34,35,44,48,55,56,61,64,93,94,97,101,104" machi="104" ten="40,2600,0" yaku="1,1,53,1" doraHai="78" doraHaiUra="63" who="1" fromWho="0" sc="233,-26,207,56,85,0,445,0" /><INIT seed="5,0,0,0,5,32" ten="207,263,85,445" oya="1" hai0="63,4,127,126,29,64,111,135,73,77,46,51,5" hai1="71,110,117,36,60,134,124,86,58,113,66,83,81" hai2="133,48,76,99,54,28,85,121,82,59,7,25,97" hai3="100,23,69,89,72,38,94,131,34,19,70,21,39"/><U41/><E117/><V6/><F133/><W93/><G34/><T3/><D111/><U68/><E134/><V16/><F121/><W1/><G72/><T87/><D135/><U33/><E33/><V96/><REACH who="2" step="1"/><F28/><REACH who="2" ten="207,263,75,445" step="2"/><W78/><G70/><N who="0" m="42271" /><D29/><U49/><E68/><V47/><F47/><W115/><G69/><T84/><D46/><U17/><E71/><V104/><F104/><W45/><G45/><T125/><D125/><U67/><E124/><V130/><F130/><W52/><G131/><T62/><D127/><U91/><E110/><V109/><F109/><W43/><G39/><T119/><D119/><U44/><E36/><V108/><F108/><W118/><G38/><T114/><D126/><U103/><E44/><V120/><F120/><W57/><G118/><T13/><D114/><U116/><E113/><V80/><F80/><W20/><G115/><T112/><D112/><U101/><E116/><V14/><F14/><W79/><G43/><T0/><D13/><U75/><E41/><V98/><N who="2" m="24576" /><DORA hai="95" /><V105/><F105/><W88/><G100/><T35/><D0/><U26/><E103/><V12/><F12/><W50/><G1/><T31/><D3/><U90/><E101/><V11/><F11/><W2/><G2/><T123/><D31/><U55/><E83/><V129/><F129/><W61/><G94/><T106/><D106/><U9/><E9/><V65/><F65/><W128/><G93/><T37/><D37/><U18/><E67/><V56/><F56/><W92/><G92/><T22/><D123/><U132/><E132/><V15/><F15/><RYUUKYOKU ba="0,1" sc="207,-10,263,-10,75,30,445,-10" hai2="6,7,16,25,48,54,59,76,82,85" /><INIT seed="6,1,1,1,5,95" ten="197,253,105,435" oya="2" hai0="20,61,3,14,87,33,4,126,9,111,128,44,64" hai1="90,0,117,102,84,6,12,96,118,65,79,76,66" hai2="104,58,115,19,125,94,86,75,53,55,113,127,32" hai3="40,51,83,17,71,8,34,29,21,7,50,41,28"/><V121/><F32/><W132/><G71/><T78/><D111/><U100/><E0/><V133/><F121/><W1/><G132/><T5/><D33/><U35/><E35/><V15/><F104/><W48/><G29/><T57/><D126/><N who="2" m="48138" /><F75/><W135/><G135/><T123/><D123/><U97/><E6/><V59/><F86/><W124/><G124/><T63/><D128/><U82/><E12/><V81/><F81/><W69/><G69/><T54/><D5/><U114/><E114/><N who="2" m="43531" /><F94/><W130/><G83/><T38/><D20/><U107/><E65/><V47/><F133/><W131/><G131/><T80/><D3/><U25/><E66/><V112/><N who="2" m="43539" /><V68/><DORA hai="49" /><F68/><W10/><G130/><T99/><D99/><U23/><E118/><V42/><F58/><W88/><G34/><T109/><D109/><U129/><E117/><V120/><F59/><W116/><G116/><T101/><D4/><U134/><E134/><V122/><F122/><W89/><G7/><T119/><D87/><U30/><E129/><V67/><F67/><W108/><G108/><T31/><D80/><U105/><AGARI ba="1,1" hai="23,25,30,76,79,82,84,90,96,97,100,102,105,107" machi="105" ten="20,8000,1" yaku="0,1,7,1,9,1,52,2" doraHai="95,49" who="1" fromWho="1" sc="197,-21,253,93,105,-41,435,-21" /><INIT seed="7,0,0,2,3,50" ten="176,346,64,414" oya="3" hai0="41,63,46,38,49,56,44,51,37,32,67,57,25" hai1="61,86,107,52,85,71,70,68,59,28,118,72,128" hai2="4,77,126,42,127,115,96,27,129,58,19,5,82" hai3="90,119,110,22,79,24,120,135,103,73,55,62,114"/><W30/><G119/><T111/><D25/><U11/><E72/><V6/><F115/><W14/><G120/><T95/><D95/><U109/><E109/><V48/><F129/><W75/><G110/><T97/><D97/><U1/><E107/><V133/><F133/><W20/><G135/><T34/><D111/><U101/><E101/><V17/><F96/><W108/><G108/><T87/><D87/><U2/><E128/><V132/><F132/><W131/><G131/><T76/><D76/><U7/><E118/><V18/><F27/><W31/><G114/><T105/><D105/><U99/><E99/><V83/><F42/><W10/><G22/><T33/><D33/><U0/><REACH who="1" step="1"/><E28/><REACH who="1" ten="176,336,64,414" step="2"/><V80/><F77/><W78/><G30/><T47/><D34/><U45/><E45/><N who="0" m="17513" /><D32/><U9/><E9/><V29/><F29/><W116/><G103/><T134/><D134/><U8/><E8/><V43/><F43/><W23/><G116/><T93/><D93/><U94/><E94/><V84/><F84/><AGARI ba="0,1" hai="0,1,2,7,11,52,59,61,68,70,71,84,85,86" machi="84" ten="40,5200,0" yaku="1,1,52,1,54,1,53,0" doraHai="50" doraHaiUra="92" who="1" fromWho="2" sc="176,0,336,62,64,-52,414,0" owari="176,-22.0,398,20.0,12,-49.0,414,51.0" /></mjloggm>