<mjloggm ver="2.3"><GO type="169" lobby="0"/><UN n0="%33%72%64%73%74%61%67%65" n1="%E4%BD%BF%E5%BE%92%E2%80%A0%E3%82%84%E3%82%93%E3%81%97%E3%81%97%E3%83%BC" n2="%E7%89%8C%E6%B5%81%E5%AE%9A%E7%9F%B3%E6%9C%80%E9%AB%98" n3="%E3%81%8A%E3%81%8D%E3%81%9F%E3%81%8B%E3%81%B2%E3%82%8D" dan="18,16,16,16" rate="2206.15,2077.99,2130.55,2051.18" sx="M,F,M,F"/><TAIKYOKU oya="0"/><INIT seed="0,0,0,4,4,24" ten="250,250,250,250" oya="0" hai0="69,122,75,7,63,45,82,44,79,107,97,93,127" hai1="94,30,52,129,22,130,23,53,56,50,92,78,5" hai2="124,33,72,13,119,49,111,21,20,47,48,12,71" hai3="0,36,62,118,73,87,3,135,86,26,31,10,83"/><T51/><D122/><U34/><E5/><V38/><F71/><W104/><G118/><T4/><D107/><U108/><E108/><V133/><F72/><W88/><G104/><T68/><D127/><U58/><E78/><V32/><F38/><W25/><G73/><T132/><D132/><U61/><E34/><N who="2" m="13419" /><F47/><W70/><G36/><T90/><D45/><U19/><E129/><V120/><F120/><W101/><G26/><T64/><REACH who="0" step="1"/><D69/><REACH who="0" ten="240,250,250,250" step="2"/><U55/><E130/><V103/><F133/><W131/><G135/><T41/><AGARI ba="0,1" hai="4,7,41,44,51,63,64,68,75,79,82,90,93,97" machi="41" ten="20,12000,1" yaku="1,1,2,1,0,1,7,1,53,1" doraHai="24" doraHaiUra="84" who="0" fromWho="0" sc="240,130,250,-40,250,-40,250,-40" /><INIT seed="0,1,0,3,2,18" ten="370,210,210,210" oya="0" hai0="16,21,62,116,6,115,127,92,84,13,124,94,114" hai1="110,96,104,90,95,100,88,8,10,107,4,41,129" hai2="5,103,66,24,27,64,126,108,80,102,52,58,17" hai3="20,81,78,47,76,112,101,98,72,34,111,130,44"/><T54/><D116/><U128/><E41/><V133/><F108/><W65/><G112/><T43/><D43/><U83/><E4/><V50/><F133/><W30/><G111/><T69/><D6/><U51/><E51/><V28/><F126/><N who="0" m="48170" /><D84/><N who="1" m="50207" /><E10/><V91/><F5/><W113/><G34/><T131/><D131/><N who="1" m="50251" /><E8/><V79/><F91/><W25/><G113/><N who="0" m="43019" /><D54/><U60/><E60/><V1/><F1/><W0/><G130/><T39/><D39/><U3/><E3/><V61/><F66/><AGARI ba="1,0" hai="13,16,21,62,66,69,92,94" m="43019,48170" machi="66" ten="30,5800,0" yaku="18,1,52,1,54,1" doraHai="18" who="0" fromWho="2" sc="370,61,210,0,210,-61,210,0" /><INIT seed="0,2,0,4,5,94" ten="431,210,149,210" oya="0" hai0="90,1,118,112,36,51,124,65,105,15,68,133,40" hai1="71,81,30,123,95,58,101,8,43,54,88,33,35" hai2="12,17,67,18,39,6,117,78,107,45,86,127,66" hai3="32,85,3,96,5,49,111,27,135,19,63,56,26"/><T23/><D1/><U46/><E71/><V47/><F127/><W25/><G111/><T77/><D118/><U38/><E123/><V99/><F117/><W109/><G109/><T132/><D112/><U82/><E8/><V74/><F74/><W69/><G135/><T9/><D36/><U89/><E101/><V4/><F78/><W16/><G32/><T20/><D105/><U13/><E13/><V102/><F86/><W128/><G128/><T131/><D131/><U84/><E30/><V21/><F18/><W125/><G69/><T129/><D129/><U106/><E106/><V50/><F39/><W62/><G125/><T110/><D77/><U11/><E11/><V31/><F31/><W42/><G85/><T103/><D103/><U10/><E10/><V24/><F47/><N who="3" m="25847" /><G5/><T48/><D110/><U113/><E81/><V98/><F24/><W52/><G3/><T83/><D65/><N who="2" m="24586" /><F102/><W61/><G96/><N who="2" m="36905" /><F107/><W70/><G70/><T73/><D68/><U80/><E80/><V92/><F92/><W114/><G114/><T75/><D124/><U60/><E113/><V116/><F116/><W59/><G59/><T79/><D75/><U0/><E0/><V7/><F7/><W120/><G120/><T76/><D76/><U100/><E100/><V121/><F121/><W104/><G104/><T126/><D126/><U130/><E130/><V115/><F115/><W37/><G37/><T14/><D14/><U64/><E38/><V28/><F28/><W108/><G108/><T97/><D133/><U2/><E84/><V44/><F44/><W122/><G122/><RYUUKYOKU ba="2,0" sc="431,-15,210,-15,149,15,210,15" hai2="4,6,12,17,21,45,50" hai3="16,19,25,26,27,52,56,61,62,63" /><INIT seed="1,3,0,0,4,8" ten="416,195,164,225" oya="1" hai0="36,84,90,37,24,20,48,94,99,107,46,101,106" hai1="68,35,97,66,40,79,102,134,108,123,64,57,96" hai2="27,111,75,135,5,81,0,26,76,63,14,7,28" hai3="131,83,31,29,129,18,87,78,47,118,113,44,69"/><U4/><E123/><V73/><F111/><W39/><G113/><T117/><D107/><U1/><E35/><V74/><F135/><W41/><G69/><T116/><D37/><U85/><E134/><V16/><F63/><W56/><G118/><T103/><D36/><U53/><E40/><V43/><F43/><W11/><G47/><T91/><D103/><U72/><E72/><V51/><F51/><W58/><G58/><T70/><D91/><U9/><E108/><V71/><F71/><W61/><G18/><T124/><D70/><U17/><E17/><V62/><F62/><W125/><G11/><T128/><D128/><N who="3" m="49225" /><G125/><T10/><D10/><U60/><E68/><V95/><F95/><W127/><G127/><T19/><REACH who="0" step="1"/><D124/><REACH who="0" ten="406,195,164,225" step="2"/><U105/><REACH who="1" step="1"/><E97/><REACH who="1" ten="406,185,164,225" step="2"/><V42/><F7/><W100/><G100/><T54/><AGARI ba="3,2" hai="19,20,24,46,48,54,84,90,94,99,101,106,116,117" machi="54" ten="20,5200,0" yaku="1,1,2,1,0,1,7,1,53,0" doraHai="8" doraHaiUra="32" who="0" fromWho="0" sc="406,81,185,-29,164,-16,225,-16" /><INIT seed="2,0,0,5,4,87" ten="487,156,148,209" oya="2" hai0="9,37,115,131,79,50,98,120,26,49,62,70,121" hai1="3,10,101,93,48,68,22,23,92,91,63,19,88" hai2="47,55,61,31,35,17,42,1,39,133,27,107,45" hai3="24,54,124,106,118,80,66,99,28,4,117,18,38"/><V111/><F133/><W95/><G38/><T36/><D79/><U84/><E3/><V25/><F107/><W134/><G106/><T13/><D115/><U83/><E68/><V41/><F1/><W34/><G124/><T97/><D131/><U11/><E63/><V15/><F111/><W96/><G134/><T51/><D70/><U112/><E112/><V33/><F55/><W114/><G114/><T60/><D26/><U65/><E65/><V58/><F58/><W21/><G4/><T81/><D81/><U102/><E48/><V0/><F61/><N who="0" m="23658" /><D13/><N who="1" m="9583" /><E23/><V77/><F77/><W135/><G66/><T122/><D9/><N who="1" m="3083" /><E83/><V89/><F0/><W127/><G127/><T86/><D86/><AGARI ba="0,0" hai="84,86,88,91,92,93,101,102" m="3083,9583" machi="86" ten="30,7700,0" yaku="8,1,52,2,54,1" doraHai="87" who="1" fromWho="0" sc="487,-77,156,77,148,0,209,0" /><INIT seed="3,0,0,4,2,33" ten="410,233,148,209" oya="3" hai0="88,53,102,109,9,101,81,69,42,106,58,94,108" hai1="24,21,71,130,37,134,54,67,56,10,131,93,7" hai2="114,55,90,18,20,92,27,11,45,6,80,63,72" hai3="118,116,65,112,78,38,126,70,26,4,17,12,115"/><W2/><G38/><T66/><D106/><U31/><E37/><V46/><F114/><W1/><G78/><T8/><D42/><U125/><E125/><V73/><F46/><W68/><G65/><T104/><D81/><U83/><E134/><V40/><F80/><W100/><G100/><N who="0" m="38507" /><D69/><U113/><E113/><N who="3" m="43594" /><G70/><T87/><D66/><U96/><E83/><V25/><F25/><W120/><G68/><T133/><D133/><U82/><E82/><V110/><F110/><N who="0" m="42602" /><D104/><U22/><E67/><V15/><F63/><AGARI ba="0,0" hai="8,9,53,58,63,87,88,94" m="42602,38507" machi="63" ten="30,2000,0" yaku="14,1,54,1" doraHai="33" who="0" fromWho="2" sc="410,20,233,0,148,-20,209,0" /><INIT seed="4,0,0,4,0,94" ten="430,233,128,209" oya="0" hai0="131,56,109,72,97,45,106,57,10,21,128,55,7" hai1="100,82,6,30,29,43,124,50,68,81,112,93,76" hai2="62,12,77,31,113,28,61,104,35,40,19,37,135" hai3="75,44,11,66,79,17,92,115,27,83,22,20,34"/><T18/><D72/><U129/><E68/><V132/><F77/><W24/><G115/><T111/><D45/><U105/><E105/><V42/><F104/><W69/><G34/><T4/><D18/><U52/><E43/><N who="2" m="16427" /><F35/><W0/><G44/><T90/><D21/><U51/><E51/><V103/><F103/><W63/><G0/><T87/><D87/><U1/><E129/><N who="0" m="49737" /><D90/><U78/><E29/><N who="2" m="11339" /><F12/><W48/><G48/><N who="0" m="30823" /><D57/><U47/><E76/><V54/><F19/><W41/><G41/><T25/><D25/><U14/><E78/><V121/><F37/><W36/><G36/><T114/><D114/><U88/><E112/><V67/><F113/><W120/><G120/><T64/><D64/><U16/><E16/><V70/><F121/><W3/><G3/><N who="0" m="287" /><D7/><U33/><E6/><V59/><F62/><W95/><G11/><T91/><D91/><U2/><E88/><V13/><F13/><W102/><G102/><AGARI ba="0,0" hai="97,102,106,109,111" m="287,30823,49737" machi="102" ten="30,2900,0" yaku="19,1,52,1" doraHai="94" who="0" fromWho="3" sc="430,29,233,0,128,0,209,-29" /><INIT seed="4,1,0,3,5,47" ten="459,233,128,180" oya="0" hai0="76,98,49,61,62,111,121,95,100,60,21,33,89" hai1="14,120,6,29,65,77,66,37,30,132,84,38,40" hai2="115,53,103,25,85,23,88,123,130,56,105,107,91" hai3="9,32,39,93,97,8,80,96,82,106,31,48,110"/><T58/><D121/><U16/><E120/><V59/><F115/><W12/><G110/><T116/><D116/><U20/><E132/><V78/><F130/><W113/><G113/><T22/><D33/><U131/><E131/><V45/><F123/><W129/><G129/><T94/><D76/><U112/><E38/><V86/><F78/><W119/><G39/><T122/><D111/><U57/><E37/><V27/><F45/><W67/><G119/><T24/><D122/><U35/><E35/><V126/><F103/><W26/><G106/><T55/><REACH who="0" step="1"/><D24/><REACH who="0" ten="449,233,128,180" step="2"/><U36/><E77/><V69/><F27/><W7/><G26/><T73/><D73/><U13/><E112/><V135/><F25/><W72/><G72/><T79/><D79/><U68/><E29/><V43/><F135/><W74/><G31/><T11/><D11/><U28/><E30/><V10/><F10/><W90/><G32/><T41/><D41/><U42/><E42/><V81/><F43/><W3/><G9/><T75/><D75/><U118/><E118/><V17/><F23/><W44/><G74/><T125/><D125/><U83/><E28/><V114/><F126/><W1/><G8/><T46/><D46/><U0/><E40/><V2/><F114/><W51/><G44/><T127/><D127/><U87/><E36/><V34/><F34/><W52/><G12/><T128/><D128/><U101/><E14/><V18/><F18/><W64/><G1/><T50/><D50/><U108/><E0/><V19/><F2/><W99/><G51/><T5/><D5/><U92/><E6/><RYUUKYOKU ba="1,1" sc="449,30,233,-10,128,-10,180,-10" hai0="21,22,49,55,58,60,61,62,89,94,95,98,100" /><INIT seed="4,2,1,3,2,31" ten="479,223,118,170" oya="0" hai0="65,70,105,12,69,90,52,116,21,101,19,2,37" hai1="1,77,11,110,36,135,56,59,7,57,62,81,24" hai2="130,98,68,84,75,119,112,106,17,45,85,58,132" hai3="93,16,133,46,60,39,43,6,97,64,122,114,117"/><T109/><D116/><U127/><E110/><V30/><F68/><W8/><G117/><T28/><D37/><U92/><E36/><V40/><F30/><W79/><G114/><T49/><D2/><U71/><E127/><V44/><F44/><W3/><G133/><T50/><D109/><U54/><E135/><V20/><F58/><W76/><G122/><T131/><D131/><U22/><E92/><V120/><F120/><W0/><G0/><T48/><D90/><U86/><REACH who="1" step="1"/><E71/><REACH who="1" ten="479,213,118,170" step="2"/><V83/><F132/><W91/><G39/><T73/><D70/><U134/><E134/><V121/><F119/><W51/><G93/><T89/><D69/><U102/><E102/><V96/><F121/><W15/><G3/><T55/><D101/><U87/><E87/><V53/><F85/><W27/><G97/><T128/><D128/><U5/><E5/><V4/><F4/><W32/><G6/><T78/><D105/><U107/><E107/><V103/><F98/><W29/><G91/><T74/><D89/><U66/><E66/><V124/><F124/><W26/><G64/><T118/><D65/><U80/><E80/><V125/><F125/><W88/><G88/><T72/><D118/><U18/><AGARI ba="2,2" hai="1,7,11,18,22,24,54,56,57,59,62,77,81,86" machi="18" ten="20,2700,0" yaku="1,1,0,1,7,1,53,0" doraHai="31" doraHaiUra="113" who="1" fromWho="1" sc="479,-15,213,53,118,-9,170,-9" /><INIT seed="5,0,0,1,3,100" ten="464,266,109,161" oya="1" hai0="17,112,52,92,22,80,28,115,69,53,94,113,128" hai1="16,15,23,48,18,133,76,11,2,72,67,7,12" hai2="78,38,134,131,105,122,36,135,33,116,27,26,101" hai3="13,111,127,54,58,44,81,47,120,59,83,45,98"/><U88/><E133/><N who="2" m="50699" /><F116/><W3/><G111/><T119/><D119/><U110/><E110/><V0/><F122/><W8/><G120/><T109/><D109/><U126/><E126/><V70/><F0/><W32/><G32/><T57/><D69/><U129/><E129/><V60/><F78/><W35/><G35/><T97/><D128/><U114/><E114/><V132/><N who="2" m="50707" /><V102/><DORA hai="9" /><F102/><W51/><G3/><T117/><D117/><U123/><E123/><V86/><F86/><W82/><G127/><T41/><D28/><U14/><E67/><N who="2" m="41319" /><F131/><W77/><G77/><T68/><D68/><U49/><E72/><V96/><F26/><W71/><G71/><T25/><D41/><U79/><E79/><V125/><F125/><W46/><REACH who="3" step="1"/><G98/><REACH who="3" ten="464,266,109,151" step="2"/><T6/><D97/><U84/><E76/><V93/><F93/><W63/><G63/><T74/><D94/><N who="1" m="54535" /><E2/><V104/><F104/><W91/><G91/><T21/><D92/><U95/><E95/><V5/><F5/><AGARI ba="0,1" hai="5,8,13,44,45,46,47,51,54,58,59,81,82,83" machi="5" ten="40,5200,0" yaku="1,1,8,1,52,1,53,0" doraHai="100,9" doraHaiUra="124,89" who="3" fromWho="2" sc="464,0,266,0,109,-52,151,62" /><INIT seed="6,0,0,5,3,67" ten="464,266,57,213" oya="2" hai0="134,130,24,106,54,116,97,113,2,56,7,61,20" hai1="127,73,52,68,39,6,42,23,96,90,128,135,19" hai2="26,92,86,110,83,117,87,131,66,123,64,37,133" hai3="76,43,99,18,29,80,91,5,21,103,81,129,126"/><V118/><F123/><W51/><G126/><T125/><D113/><U105/><E73/><V46/><F131/><W63/><G129/><T28/><D125/><U57/><E127/><V13/><F110/><W41/><G29/><T78/><D78/><U12/><E135/><V132/><F13/><W44/><G5/><T53/><D134/><N who="2" m="51818" /><F26/><W16/><G41/><T77/><D77/><U71/><E6/><V30/><F30/><W45/><G45/><T102/><D116/><N who="2" m="44650" /><F92/><N who="3" m="58855" /><G76/><T74/><D74/><U4/><E4/><V120/><F120/><W10/><G91/><T93/><D130/><U15/><E90/><N who="2" m="51551" /><F87/><W8/><G63/><T88/><D7/><U0/><E128/><V124/><F124/><W115/><G115/><T40/><D28/><U69/><E12/><V31/><F31/><W22/><G8/><T25/><D61/><U36/><E0/><V111/><F111/><W1/><G1/><T75/><D2/><U114/><E114/><V98/><F98/><W14/><G10/><T109/><D75/><U95/><E95/><V47/><F47/><W49/><G49/><T101/><D25/><AGARI ba="0,0" hai="14,16,18,21,22,25,43,44,51,80,81" m="58855" machi="25" ten="30,2000,0" yaku="8,1,54,1" doraHai="67" who="3" fromWho="0" sc="464,-20,266,0,57,0,213,20" /><INIT seed="7,0,0,4,0,55" ten="444,266,57,233" oya="3" hai0="64,37,50,95,121,117,32,109,66,96,133,26,58" hai1="87,11,10,57,99,70,65,6,25,69,8,12,30" hai2="51,45,9,48,72,107,106,101,128,44,81,53,88" hai3="39,18,21,13,134,71,46,114,110,35,131,120,74"/><W27/><RYUUKYOKU type="yao9" ba="0,0" sc="444,0,266,0,57,0,233,0" hai3="13,18,21,27,35,39,46,71,74,110,114,120,131,134" /><INIT seed="7,1,0,3,5,63" ten="444,266,57,233" oya="3" hai0="124,29,34,45,82,94,2,130,101,87,97,85,60" hai1="128,80,110,62,119,116,122,21,93,26,104,33,5" hai2="88,15,112,1,115,37,28,68,16,118,86,32,50" hai3="10,126,72,47,83,27,70,22,64,73,120,76,135"/><W25/><G120/><T42/><D2/><U44/><E110/><V66/><F118/><N who="1" m="45097" /><E104/><V103/><F37/><W90/><G73/><T99/><D34/><U111/><E111/><V106/><F1/><W7/><G126/><T17/><D29/><U98/><E128/><V65/><F50/><W129/><G129/><T91/><D124/><U23/><E5/><V13/><F103/><W0/><G135/><T108/><D108/><U117/><E122/><V96/><F96/><W61/><G22/><T48/><D60/><U19/><E117/><V6/><F68/><W39/><G90/><T35/><D35/><U132/><E132/><V52/><F106/><W57/><G70/><T59/><D59/><U51/><E62/><V123/><F123/><W41/><AGARI ba="1,0" hai="0,7,10,25,27,39,41,47,57,61,64,72,76,83" machi="41" ten="30,11700,0" yaku="0,1,25,2,52,1" doraHai="63" who="3" fromWho="3" sc="444,-40,266,-40,57,-40,233,120" /><INIT seed="7,2,0,0,3,112" ten="404,226,17,353" oya="3" hai0="114,109,15,129,110,46,76,104,99,73,14,94,105" hai1="2,19,103,131,5,42,44,77,53,74,8,70,33" hai2="135,51,65,95,6,1,26,18,88,11,62,57,21" hai3="55,78,98,115,118,79,119,28,111,133,100,96,90"/><W91/><G28/><T13/><D114/><U121/><E53/><V117/><F135/><W47/><G115/><T29/><D29/><U107/><E19/><V35/><F51/><W10/><G10/><T123/><D123/><U67/><E121/><V60/><F60/><W48/><G133/><T25/><D25/><U61/><E131/><V83/><F83/><W4/><G4/><T72/><D46/><U7/><E7/><V71/><F71/><W50/><G111/><T69/><D69/><U86/><E86/><V132/><F132/><W12/><G12/><T134/><D134/><U89/><E89/><V93/><F93/><W113/><G113/><T9/><D9/><U120/><E120/><V16/><F18/><W45/><G55/><T82/><D73/><U128/><E128/><V30/><F95/><W84/><G84/><T37/><D37/><U3/><E3/><V38/><F38/><W106/><G100/><T20/><D20/><U24/><E24/><V17/><F17/><W40/><G40/><T101/><D129/><U43/><E43/><V39/><F39/><W87/><G87/><T0/><D0/><U31/><E31/><V41/><F41/><W54/><G54/><T68/><D110/><U63/><E70/><V102/><F102/><W81/><G81/><T122/><D68/><U92/><E103/><V125/><F125/><W66/><G66/><T49/><D109/><U36/><E67/><V126/><F126/><W97/><G97/><T58/><D122/><U116/><E42/><V23/><F35/><W22/><G22/><N who="2" m="8201" /><F6/><W52/><G52/><AGARI ba="2,0" hai="13,14,15,49,52,58,72,76,82,94,99,101,104,105" machi="52" ten="40,2600,0" yaku="6,1,54,1" doraHai="112" who="0" fromWho="3" sc="404,32,226,0,17,0,353,-32" owari="436,53.0,226,-17.0,17,-48.0,321,12.0" /></mjloggm>