<mjloggm ver="2.3"><GO type="169" lobby="0"/><UN n0="%E3%83%8E%E3%82%AA%E3%83%81%E3%83%A3%E3%83%99%E3%82%B9" n1="%70%6F%6E%5F%6B%61%73%75" n2="%E5%85%AC%E5%8B%99%E5%93%A1%E3%81%8F%E3%82%93" n3="%4E%45%4F%E3%81%B5%E3%81%A3%E3%81%8F%E3%82%93" dan="16,16,16,16" rate="2089.58,2015.17,2138.85,2084.14" sx="M,M,F,M"/><TAIKYOKU oya="0"/><INIT seed="0,0,0,3,2,99" ten="250,250,250,250" oya="0" hai0="114,60,15,97,70,33,57,88,55,65,58,127,110" hai1="119,111,96,91,86,61,79,49,16,18,54,12,72" hai2="84,51,122,68,39,20,83,67,71,125,98,3,64" hai3="47,93,124,118,123,19,85,106,102,130,44,28,109"/><T56/><D33/><U66/><E119/><V25/><F3/><W32/><G118/><T129/><D114/><U133/><E111/><V50/><F122/><W31/><G109/><T37/><D110/><U42/><E133/><V46/><F125/><W126/><G106/><T4/><D37/><U21/><E42/><V105/><F39/><W90/><G123/><T1/><D1/><U53/><E72/><V78/><F68/><W117/><G117/><T35/><D35/><U115/><E115/><V120/><F120/><W87/><G32/><T107/><D127/><U73/><E73/><V10/><F10/><W74/><G74/><T134/><D134/><U5/><E79/><V95/><F105/><W63/><G63/><T29/><D29/><U135/><E96/><V103/><F71/><W82/><G82/><T69/><D69/><U75/><E75/><V34/><F34/><W6/><G6/><T40/><D40/><U116/><E5/><V36/><F36/><W9/><G19/><T101/><D129/><U81/><E49/><V2/><F2/><W112/><G112/><T92/><D55/><U13/><E135/><V0/><F0/><W45/><G130/><T38/><D38/><U104/><E104/><V100/><F100/><W7/><G124/><T76/><D76/><U77/><E77/><V17/><REACH who="2" step="1"/><F51/><REACH who="2" ten="250,250,240,250" step="2"/><W48/><G48/><T22/><D107/><U128/><E116/><V27/><F27/><W52/><G102/><T113/><D113/><U108/><E128/><V89/><F89/><W62/><G126/><T80/><D101/><U14/><E108/><RYUUKYOKU ba="0,1" sc="250,-10,250,-10,240,30,250,-10" hai2="17,20,25,46,50,64,67,78,83,84,95,98,103" /><INIT seed="1,1,1,2,5,17" ten="240,240,270,240" oya="1" hai0="94,78,19,33,65,116,25,75,93,15,90,85,108" hai1="12,82,56,49,45,97,133,34,102,80,107,123,113" hai2="76,86,74,50,47,30,130,120,2,42,131,132,40" hai3="124,79,118,122,73,96,109,20,37,36,51,3,29"/><U8/><E113/><V77/><F2/><W10/><G109/><T23/><D108/><U24/><E123/><V99/><F120/><W13/><G122/><T59/><D116/><U9/><E133/><V39/><F132/><W31/><G3/><T68/><D68/><U52/><E8/><V103/><F74/><W115/><G115/><T11/><D33/><U7/><E34/><V110/><F110/><W100/><G118/><T35/><D35/><U44/><E24/><V72/><F72/><W111/><G111/><T27/><D78/><U106/><E106/><V18/><F30/><W128/><G124/><T88/><D75/><U46/><AGARI ba="1,1" hai="7,9,12,44,45,46,49,52,56,80,82,97,102,107" machi="46" ten="30,3000,0" yaku="0,1,54,1" doraHai="17" who="1" fromWho="1" sc="240,-11,240,43,270,-11,240,-11" /><INIT seed="1,2,0,3,3,123" ten="229,283,259,229" oya="1" hai0="120,20,48,69,87,28,56,36,61,89,60,110,75" hai1="106,13,14,115,132,76,101,63,103,31,65,107,18" hai2="38,121,77,112,46,68,54,2,91,35,92,49,58" hai3="47,26,39,80,72,94,24,126,111,90,3,102,45"/><U84/><E115/><V11/><F121/><W9/><G126/><T43/><D75/><U105/><E132/><V42/><F68/><W135/><G102/><T97/><D97/><U8/><E31/><V104/><F104/><W66/><G66/><T6/><D120/><U125/><E125/><V108/><F35/><W64/><G64/><T50/><D69/><U51/><E51/><V55/><F77/><W1/><G135/><T67/><D61/><U25/><E25/><V74/><F74/><W133/><G133/><T53/><D36/><U15/><E84/><V99/><F112/><W19/><G72/><T98/><D98/><U44/><E44/><V22/><F108/><W78/><G78/><T33/><D110/><U29/><E29/><V59/><F22/><W0/><G80/><T134/><D6/><U71/><E76/><V96/><F2/><W17/><G111/><T32/><D43/><U131/><E131/><V113/><F113/><W116/><G116/><T34/><D134/><U21/><REACH who="1" step="1"/><E14/><REACH who="1" ten="229,273,259,229" step="2"/><V83/><F46/><W27/><G24/><N who="0" m="16391" /><D50/><U5/><AGARI ba="2,1" hai="5,8,13,15,18,21,63,65,71,101,103,105,106,107" machi="5" ten="30,6000,0" yaku="1,1,0,1,53,1" doraHai="123" doraHaiUra="12" who="1" fromWho="1" sc="229,-22,273,76,259,-22,229,-22" /><INIT seed="1,3,0,1,1,40" ten="207,349,237,207" oya="1" hai0="76,34,36,115,128,35,130,105,117,21,67,101,17" hai1="53,32,102,74,73,66,47,1,22,59,89,37,135" hai2="132,54,99,123,94,14,60,46,68,45,125,29,108" hai3="126,98,100,129,122,107,33,113,95,57,93,62,84"/><U6/><E32/><V134/><F123/><W49/><G33/><T0/><D67/><U124/><E124/><V79/><F125/><W104/><G126/><T110/><D76/><U44/><E135/><N who="2" m="51755" /><F108/><W63/><G122/><T118/><D101/><U25/><E37/><V106/><F106/><W80/><G113/><T56/><D56/><U120/><E120/><V109/><F109/><W69/><G129/><T83/><D83/><U111/><E111/><V64/><F79/><W2/><G2/><T70/><D105/><U24/><E66/><V78/><F78/><W133/><G133/><T92/><D92/><U71/><E71/><V41/><F29/><W52/><G69/><T30/><D36/><U91/><E102/><N who="2" m="60791" /><F41/><W87/><G104/><T85/><D85/><U4/><E1/><V28/><F28/><W90/><REACH who="3" step="1"/><G107/><REACH who="3" ten="207,349,237,197" step="2"/><T20/><D70/><U48/><E74/><V10/><F54/><W51/><G51/><T72/><D72/><U15/><E73/><V19/><AGARI ba="3,1" hai="10,14,19,45,46,60,64,68" m="60791,51755" machi="19" ten="30,4000,0" yaku="20,1,52,2" doraHai="40" who="2" fromWho="2" sc="207,-13,349,-23,237,59,197,-13" /><INIT seed="2,0,0,2,1,120" ten="194,326,296,184" oya="2" hai0="22,0,32,107,19,90,103,94,43,5,132,28,11" hai1="128,131,50,29,37,68,69,106,66,100,35,45,74" hai2="56,78,17,112,102,62,49,6,33,116,101,130,70" hai3="1,3,80,40,10,111,109,93,104,134,55,92,71"/><V53/><F112/><W51/><G104/><T42/><D132/><U2/><E37/><V20/><F116/><W46/><G134/><T14/><D103/><U86/><E74/><V135/><F33/><W36/><G71/><T98/><REACH who="0" step="1"/><D107/><REACH who="0" ten="184,326,296,184" step="2"/><U57/><E100/><V77/><F102/><W125/><G125/><T122/><D122/><U9/><E106/><V21/><F101/><W84/><G1/><T87/><D87/><U41/><E86/><V26/><F135/><W127/><G3/><T54/><D54/><U113/><E2/><V12/><F53/><W95/><G127/><T39/><D39/><U118/><E113/><V44/><F130/><W7/><G7/><T124/><D124/><U61/><E131/><V105/><F6/><W60/><G60/><T58/><D58/><U129/><E57/><V75/><F105/><W121/><G121/><T8/><D8/><U83/><E9/><V114/><F114/><W110/><G10/><T59/><D59/><U27/><E61/><V24/><F75/><W97/><G36/><T47/><D47/><U96/><E45/><V52/><F70/><W48/><G97/><T34/><D34/><U73/><E129/><V65/><REACH who="2" step="1"/><F24/><AGARI ba="0,1" hai="0,5,11,14,19,22,24,28,32,42,43,90,94,98" machi="24" ten="40,8000,1" yaku="1,1,24,2,53,1" doraHai="120" doraHaiUra="25" who="0" fromWho="2" sc="184,90,326,0,296,-80,184,0" /><INIT seed="3,0,0,3,1,32" ten="274,326,216,184" oya="3" hai0="104,101,66,44,38,37,48,45,39,89,100,64,112" hai1="7,108,135,113,25,51,36,126,30,46,21,130,110" hai2="83,47,56,0,1,116,102,70,9,71,128,8,123" hai3="84,115,119,54,106,59,109,129,23,41,99,3,91"/><W57/><G119/><T63/><D104/><U82/><E113/><V24/><F116/><W85/><G115/><T55/><D89/><U33/><E36/><V96/><F83/><W124/><G109/><T98/><D98/><U6/><E126/><V26/><F56/><W95/><G124/><T132/><D112/><U40/><E135/><V75/><F128/><W69/><G69/><T52/><D101/><U81/><E130/><V111/><F111/><N who="1" m="42537" /><E33/><V61/><F61/><W117/><G129/><T122/><D100/><U5/><AGARI ba="0,0" hai="5,6,7,21,25,30,40,46,51,81,82" m="42537" machi="5" ten="30,1100,0" yaku="14,1" doraHai="32" who="1" fromWho="1" sc="274,-3,326,11,216,-3,184,-5" /><INIT seed="4,0,0,1,3,35" ten="271,337,213,179" oya="0" hai0="18,115,8,16,44,68,89,0,87,21,47,5,123" hai1="46,72,99,75,49,85,83,62,116,32,71,110,60" hai2="82,25,95,74,112,117,119,106,121,124,102,6,48" hai3="69,76,29,86,20,108,101,104,28,64,88,77,17"/><T34/><D115/><U63/><E110/><V31/><F112/><W113/><G108/><T81/><D123/><U4/><E116/><N who="2" m="44619" /><F121/><W122/><G113/><T105/><D68/><U78/><E32/><N who="2" m="20591" /><F124/><W94/><G122/><T103/><D34/><U30/><E30/><V27/><F48/><W90/><G29/><T70/><D70/><U61/><E71/><V134/><F27/><W92/><G28/><T126/><D126/><U39/><E39/><V40/><F40/><W66/><G104/><T96/><D18/><U135/><E135/><V97/><F6/><W118/><G101/><T45/><D47/><U98/><E4/><V52/><F95/><W1/><G1/><T91/><REACH who="0" step="1"/><D89/><REACH who="0" ten="261,337,213,179" step="2"/><U43/><E46/><V84/><F134/><W125/><G118/><T130/><D130/><U37/><E37/><V3/><F74/><W41/><G125/><T59/><D59/><U9/><E75/><V33/><F33/><W15/><G69/><T128/><D128/><U79/><E72/><V109/><F109/><W38/><G38/><T36/><D36/><U127/><E127/><V73/><F73/><W67/><REACH who="3" step="1"/><G41/><REACH who="3" ten="261,337,213,169" step="2"/><T51/><D51/><U13/><E49/><V129/><F129/><W26/><G26/><AGARI ba="0,2" hai="0,5,8,16,21,26,44,45,81,87,91,96,103,105" machi="26" ten="30,12000,1" yaku="1,1,7,1,52,1,54,1,53,1" doraHai="35" doraHaiUra="7" who="0" fromWho="3" sc="261,140,337,0,213,0,169,-120" /><INIT seed="4,1,0,0,3,30" ten="401,337,213,49" oya="0" hai0="107,101,32,25,49,81,19,52,79,57,106,110,41" hai1="94,92,90,95,109,131,16,116,45,64,23,83,80" hai2="29,6,134,58,133,75,112,124,31,100,8,113,84" hai3="27,91,0,121,35,72,66,108,10,130,28,51,43"/><T55/><D41/><U125/><E109/><V99/><F75/><W38/><G108/><T98/><D110/><U104/><E104/><N who="2" m="63519" /><F84/><W117/><G121/><T4/><D4/><U15/><E116/><V67/><F124/><W123/><G117/><T59/><D107/><U60/><E125/><V47/><F47/><W17/><G123/><T111/><D111/><U93/><E131/><V126/><F126/><W12/><G130/><T70/><D70/><U102/><E102/><V42/><F42/><W22/><G38/><T85/><D19/><U97/><REACH who="1" step="1"/><E45/><REACH who="1" ten="401,327,213,49" step="2"/><V14/><F133/><W54/><G43/><T105/><D105/><U26/><E26/><V13/><F134/><W65/><G72/><T40/><D40/><U34/><E34/><V5/><F112/><W24/><G24/><T37/><D37/><U73/><E73/><V114/><F114/><W9/><G9/><T76/><D25/><U44/><E44/><V74/><F113/><W127/><G127/><T33/><D79/><U118/><E118/><V86/><F74/><W21/><G21/><T103/><D103/><U115/><E115/><V71/><F29/><W7/><G91/><T82/><D82/><U63/><E63/><AGARI ba="1,1" hai="32,33,49,52,55,57,59,63,76,81,85,98,101,106" machi="63" ten="30,11600,0" yaku="7,1,52,2,54,1" doraHai="30" who="0" fromWho="1" sc="401,129,327,-119,213,0,49,0" /><INIT seed="4,2,0,3,3,74" ten="530,208,213,49" oya="0" hai0="8,77,84,58,109,92,97,24,89,39,120,123,65" hai1="4,38,64,25,114,133,71,19,40,33,18,51,70" hai2="99,90,10,16,87,42,100,96,50,83,82,93,0" hai3="7,23,76,36,35,6,129,41,111,110,98,126,75"/><T113/><D39/><U13/><E38/><V80/><F0/><W72/><G36/><T11/><D113/><U122/><E122/><V127/><F127/><W60/><G126/><T56/><D109/><U37/><E37/><V118/><F118/><W20/><G60/><T34/><D123/><U2/><E19/><V3/><F3/><W59/><G59/><T131/><D131/><U105/><E105/><V115/><F115/><W128/><G98/><T134/><D134/><U45/><E64/><V79/><F50/><W104/><G104/><T27/><D34/><U47/><E47/><V112/><F42/><W57/><G57/><N who="0" m="22123" /><D65/><U21/><E133/><V106/><F112/><W17/><G17/><T63/><D63/><U26/><E26/><N who="0" m="9769" /><D120/><U85/><E114/><V103/><F16/><W101/><G101/><T68/><D68/><U67/><E67/><V94/><REACH who="2" step="1"/><F10/><REACH who="2" ten="530,208,203,49" step="2"/><W132/><G132/><T66/><D66/><U44/><E2/><V14/><F14/><W61/><G61/><T53/><D53/><U73/><E13/><V55/><F55/><W5/><G41/><T1/><D1/><U69/><E40/><V30/><F30/><W12/><G12/><T31/><D31/><U22/><E18/><V88/><F88/><W95/><G6/><T125/><D125/><U130/><E4/><V46/><F46/><W121/><G121/><T49/><D49/><U117/><E45/><V86/><AGARI ba="2,1" hai="79,80,82,83,86,87,90,93,94,96,99,100,103,106" machi="86" ten="20,16000,3" yaku="1,1,0,1,7,1,35,6,52,1,53,0" doraHai="74" doraHaiUra="32" who="2" fromWho="2" sc="530,-82,208,-42,203,176,49,-42" /><INIT seed="5,0,0,3,4,53" ten="448,166,379,7" oya="1" hai0="70,36,48,82,78,69,110,23,75,102,74,124,52" hai1="127,76,67,34,92,123,98,29,66,25,108,3,12" hai2="121,37,119,24,95,71,132,62,106,133,135,27,93" hai3="122,40,15,83,4,100,35,9,51,42,58,46,6"/><U116/><E127/><V32/><F106/><W21/><G122/><T39/><D110/><U38/><E116/><V49/><F119/><W0/><G35/><T55/><D124/><U90/><E123/><V94/><F121/><W120/><G0/><T101/><D23/><U64/><E3/><V20/><F37/><W45/><G100/><T33/><D33/><U65/><E38/><V14/><F32/><W43/><G120/><T91/><D91/><U87/><E108/><V28/><F49/><W129/><G129/><T85/><D48/><U16/><E76/><V117/><F117/><W80/><G21/><T41/><D82/><N who="3" m="31273" /><G4/><T96/><D96/><U22/><N who="1" m="16384" /><DORA hai="50" /><U60/><REACH who="1" step="1"/><E60/><REACH who="1" ten="448,156,379,7" step="2"/><V7/><F62/><W31/><G31/><T2/><D2/><U63/><E63/><V97/><F133/><W13/><G13/><T30/><D30/><U11/><E11/><V104/><F14/><W99/><G99/><AGARI ba="0,1" hai="12,16,22,25,29,34,87,90,92,98,99" m="16384" machi="99" ten="50,4800,0" yaku="1,1,54,1,53,0" doraHai="53,50" doraHaiUra="130,56" who="1" fromWho="3" sc="448,0,156,58,379,0,7,-48" owari="448,55.0,214,-19.0,379,18.0,-41,-54.0" /></mjloggm>