<mjloggm ver="2.3"><GO type="169" lobby="0"/><UN n0="%E5%8D%83%E7%BE%BD%E9%B4%89" n1="%E3%81%BE%E3%83%BC%E3%81%8F%E3%81%96%E3%81%84%E3%82%93" n2="%E3%81%B7%E3%82%93%E3%81%B7%E3%82%93%EF%BC%81" n3="%E5%AE%89%E6%96%8E" dan="17,16,17,17" rate="2240.78,2164.46,2171.99,2215.30" sx="F,M,M,F"/><TAIKYOKU oya="0"/><INIT seed="0,0,0,0,0,32" ten="250,250,250,250" oya="0" hai0="80,110,50,101,58,105,16,35,36,20,133,70,31" hai1="14,88,75,102,111,72,91,90,19,130,117,92,30" hai2="15,127,98,38,112,77,106,26,18,95,135,86,57" hai3="126,4,83,8,59,103,7,45,46,41,10,104,100"/><T124/><D36/><U71/><E117/><V28/><F112/><W56/><G126/><T6/><D124/><U78/><E111/><V115/><F127/><W37/><G83/><T2/><D70/><U43/><E130/><V134/><F115/><W13/><G46/><T97/><D110/><U131/><E131/><V113/><F113/><W89/><G89/><T63/><D133/><N who="2" m="50698" /><F38/><W81/><G81/><T62/><D80/><U12/><E71/><V54/><F77/><W0/><REACH who="3" step="1"/><G104/><REACH who="3" ten="250,250,250,240" step="2"/><T39/><D105/><U55/><E90/><V61/><F106/><W84/><G84/><T27/><D39/><U23/><E91/><V47/><F47/><W108/><G108/><T60/><D97/><U68/><E88/><N who="2" m="55655" /><F86/><W69/><G69/><T40/><D40/><U118/><E43/><V9/><F26/><W42/><G42/><T122/><D27/><U114/><E68/><V96/><F96/><W116/><G116/><T94/><D94/><U107/><E118/><V34/><F34/><W3/><G3/><T74/><D2/><U29/><E92/><V64/><F28/><W49/><G49/><T73/><D31/><U1/><E1/><V52/><AGARI ba="0,1" hai="9,15,18,52,54,57,61,64" m="55655,50698" machi="52" ten="30,4000,0" yaku="20,1,54,2" doraHai="32" who="2" fromWho="2" sc="250,-20,250,-10,250,50,240,-10" /><INIT seed="1,0,0,1,3,90" ten="230,240,300,230" oya="1" hai0="16,14,76,52,75,20,114,11,132,95,94,48,83" hai1="6,44,106,30,13,73,104,65,8,5,23,72,101" hai2="111,40,59,21,1,77,41,79,53,36,9,85,99" hai3="12,10,93,32,47,51,60,0,119,98,133,56,3"/><U43/><E65/><V67/><F111/><W105/><G133/><T107/><D114/><U15/><E30/><V120/><F120/><W115/><G32/><T2/><D107/><U45/><E101/><V96/><F67/><W81/><G81/><T113/><D113/><U129/><E23/><V46/><F40/><W7/><G105/><T29/><D132/><U86/><E86/><V97/><F85/><W84/><G84/><T38/><D38/><U100/><E100/><V31/><F31/><W71/><G71/><T39/><D39/><U108/><E43/><V112/><F112/><W127/><G127/><T49/><D49/><U17/><E17/><V25/><F9/><W68/><G68/><T24/><REACH who="0" step="1"/><D2/><REACH who="0" ten="220,240,300,230" step="2"/><U134/><E134/><V82/><F1/><W110/><G115/><T28/><D28/><U89/><E104/><V64/><F36/><W130/><G110/><T103/><D103/><U122/><E106/><V80/><F77/><W88/><G119/><T19/><D19/><U37/><E108/><V131/><F79/><W109/><G109/><T126/><D126/><U34/><E37/><V57/><F131/><W74/><G130/><T124/><D124/><U70/><E129/><V4/><F82/><W27/><G0/><T121/><D121/><U118/><E122/><V50/><F80/><W18/><G3/><T22/><D22/><U63/><E118/><V78/><F21/><W42/><G18/><T58/><AGARI ba="0,1" hai="11,14,16,20,24,29,48,52,58,75,76,83,94,95" machi="58" ten="20,12000,2" yaku="1,1,0,1,7,1,52,2,54,2,53,0" doraHai="90" doraHaiUra="35" who="0" fromWho="0" sc="220,130,240,-60,300,-30,230,-30" /><INIT seed="2,0,0,1,1,70" ten="350,180,270,200" oya="2" hai0="81,3,0,6,21,32,40,94,84,105,7,22,101" hai1="65,128,125,43,91,48,31,26,47,13,133,110,73" hai2="83,111,54,89,46,115,42,88,76,17,113,117,53" hai3="134,106,59,87,62,99,72,58,77,95,104,107,93"/><V28/><F117/><W86/><G58/><T4/><D32/><U50/><E133/><V116/><F116/><W90/><G59/><T67/><D105/><U19/><E128/><V5/><F28/><W2/><G2/><T49/><D67/><U74/><E125/><V15/><F5/><W121/><G62/><T25/><D3/><U45/><E65/><V102/><F102/><N who="3" m="60783" /><G134/><T37/><D37/><U60/><E60/><V131/><F131/><W14/><G14/><T68/><D68/><U11/><E91/><N who="2" m="34891" /><F115/><W82/><G121/><T61/><D61/><U124/><E110/><V108/><F113/><W51/><G51/><T38/><D38/><U35/><REACH who="1" step="1"/><E124/><REACH who="1" ten="350,170,270,200" step="2"/><V79/><F111/><W23/><G23/><T63/><D63/><U34/><E34/><V44/><F108/><W85/><AGARI ba="0,1" hai="72,77,82,85,86,87,90,95,104,106,107" m="60783" machi="85" ten="40,8000,1" yaku="35,5" doraHai="70" who="3" fromWho="3" sc="350,-20,170,-20,270,-40,200,90" /><INIT seed="3,0,0,3,4,0" ten="330,150,230,290" oya="3" hai0="1,68,40,104,108,43,91,32,5,90,65,127,114" hai1="121,28,49,72,128,3,76,7,59,81,44,84,33" hai2="36,51,41,69,4,125,63,12,34,87,64,53,107" hai3="14,133,112,16,26,116,98,79,39,19,54,73,61"/><W102/><G112/><T95/><D104/><U30/><E121/><V99/><F125/><W48/><G116/><T37/><D32/><U101/><E128/><V75/><F75/><W85/><G39/><T66/><D108/><U21/><E33/><V31/><F87/><W110/><G133/><T60/><D37/><U38/><E101/><V126/><F126/><W47/><G110/><T117/><D117/><U93/><E59/><V129/><F129/><W97/><G73/><T29/><D29/><U55/><E38/><V122/><F122/><W27/><G61/><T103/><D103/><U115/><E115/><V119/><F119/><W67/><G67/><T56/><D90/><U45/><E45/><V100/><F36/><W134/><G134/><T20/><D20/><U50/><E50/><V23/><F41/><W15/><G79/><T135/><D135/><U24/><E30/><V86/><F86/><W106/><G85/><T2/><D127/><U120/><E120/><V35/><F31/><W25/><REACH who="3" step="1"/><G97/><REACH who="3" ten="330,150,230,280" step="2"/><N who="0" m="57599" /><D66/><U42/><E72/><V13/><F99/><W6/><G6/><T82/><D5/><U89/><E76/><V18/><F4/><W123/><G123/><T83/><D114/><U11/><REACH who="1" step="1"/><E81/><REACH who="1" ten="330,140,230,280" step="2"/><V130/><F130/><W77/><G77/><T111/><D111/><U22/><E22/><V9/><F34/><W52/><G52/><AGARI ba="0,2" hai="3,7,11,21,24,28,42,44,49,52,55,84,89,93" machi="52" ten="40,5200,0" yaku="1,1,52,1,54,1,53,0" doraHai="0" doraHaiUra="8" who="1" fromWho="3" sc="330,0,140,72,230,0,280,-52" /><INIT seed="4,0,0,1,3,121" ten="330,212,230,228" oya="0" hai0="132,23,134,130,111,10,78,17,86,93,122,2,27" hai1="99,7,61,87,76,41,114,89,25,60,30,19,119" hai2="51,31,64,56,73,96,34,124,92,39,50,15,83" hai3="33,127,46,1,13,43,42,131,18,35,59,125,113"/><T107/><D107/><U20/><E119/><V29/><F39/><W8/><G113/><T3/><D78/><U14/><E114/><V101/><F124/><N who="3" m="47691" /><G131/><T70/><D70/><U118/><E118/><V85/><F73/><W110/><G110/><T69/><D69/><U37/><E76/><V97/><F34/><N who="3" m="12811" /><G46/><T120/><D86/><U84/><E37/><V88/><F15/><W105/><G105/><T6/><D93/><U72/><E72/><V79/><F64/><W32/><N who="3" m="12819" /><W128/><DORA hai="9" /><G128/><T80/><D80/><U82/><E41/><N who="3" m="15370" /><G59/><T36/><D36/><U38/><E38/><V135/><F135/><N who="0" m="51754" /><D130/><U106/><E7/><V102/><F56/><W26/><G26/><T95/><D95/><N who="1" m="56815" /><E106/><V47/><F79/><W74/><G74/><T24/><D24/><U94/><E94/><N who="2" m="58551" /><F47/><W44/><G44/><T98/><D98/><U40/><E40/><V4/><F4/><W53/><G1/><N who="0" m="11" /><D111/><U104/><E104/><V22/><F96/><W77/><G77/><T57/><D57/><U55/><E82/><V16/><F83/><W65/><G65/><T68/><D68/><U62/><E55/><AGARI ba="0,0" hai="8,13,18,53,55" m="15370,12819,47691" machi="55" ten="50,3200,0" yaku="18,1,52,1" doraHai="121,9" who="3" fromWho="1" sc="330,0,212,-32,230,0,228,32" /><INIT seed="5,0,0,0,4,84" ten="330,180,230,260" oya="1" hai0="15,85,11,10,60,23,113,47,122,14,16,25,126" hai1="58,26,38,89,40,21,95,20,94,86,52,6,88" hai2="32,81,108,54,64,96,70,28,114,116,56,93,68" hai3="132,45,79,78,66,103,105,9,37,22,50,127,135"/><U8/><E38/><V74/><F116/><W39/><G127/><T31/><D126/><U107/><E107/><V87/><F108/><W72/><G66/><T80/><D113/><U30/><E40/><V90/><F114/><W115/><G115/><T133/><D133/><N who="3" m="51273" /><G22/><T71/><D122/><U62/><E20/><V0/><F0/><W121/><G121/><T97/><D97/><U101/><E101/><V53/><F74/><W104/><G9/><T100/><D100/><U76/><E76/><N who="3" m="29226" /><G72/><T67/><D47/><U36/><E36/><N who="3" m="13898" /><G103/><T46/><D46/><U92/><REACH who="1" step="1"/><E86/><REACH who="1" ten="330,170,230,260" step="2"/><V77/><F32/><W19/><G19/><T123/><D123/><U118/><E118/><V34/><F34/><W117/><G117/><T110/><D16/><U124/><E124/><V1/><F77/><W102/><G102/><T42/><D85/><U73/><E73/><V35/><F35/><W128/><G128/><T120/><D120/><U29/><E29/><V27/><F87/><W17/><G17/><T51/><D31/><U24/><E24/><V83/><F27/><W57/><G45/><T112/><D25/><U44/><E44/><V75/><F28/><W48/><G104/><T130/><D130/><U131/><E131/><V129/><F75/><W12/><G105/><T106/><D106/><U91/><E91/><V49/><F90/><W33/><G33/><T18/><D112/><U109/><E109/><V41/><F129/><W43/><G43/><T69/><D110/><U65/><E65/><V61/><F41/><W2/><G50/><T111/><D111/><U3/><AGARI ba="0,1" hai="3,6,8,21,26,30,52,58,62,88,89,92,94,95" machi="3" ten="30,24000,3" yaku="1,1,5,1,0,1,52,2,54,2,53,1" doraHai="84" doraHaiUra="4" who="1" fromWho="1" sc="330,-80,170,250,230,-80,260,-80" /><INIT seed="5,1,0,3,5,49" ten="250,420,150,180" oya="1" hai0="120,26,124,64,123,18,72,44,22,132,37,24,104" hai1="75,36,83,70,95,29,53,41,58,14,130,69,47" hai2="79,63,93,38,60,46,19,27,102,119,10,68,16" hai3="80,116,94,87,67,9,135,82,1,118,115,113,92"/><U134/><E134/><V2/><F119/><N who="3" m="45611" /><G67/><T35/><D132/><U84/><E130/><V52/><F79/><N who="3" m="46495" /><G135/><T128/><D128/><U3/><E3/><V131/><F131/><W25/><G25/><T59/><D72/><U133/><E133/><V51/><F68/><W17/><G17/><N who="2" m="6729" /><F38/><W117/><N who="3" m="45619" /><W42/><DORA hai="110" /><G42/><T71/><D71/><U20/><E75/><V111/><F2/><W125/><G82/><T6/><D64/><U114/><E69/><V31/><F111/><W77/><G77/><T50/><D37/><U21/><E83/><V57/><F10/><W28/><G28/><T33/><D33/><U11/><E29/><V109/><F109/><W74/><G74/><T73/><D73/><U48/><E11/><V32/><F32/><W97/><G125/><T34/><D34/><U91/><E70/><V5/><F5/><N who="3" m="1199" /><G92/><T62/><D124/><U98/><E95/><V0/><F0/><W78/><G78/><T76/><D76/><U43/><E36/><V45/><F27/><W88/><AGARI ba="1,0" hai="88,94,97,113,115" m="1199,46495,45619" machi="88" ten="40,8000,1" yaku="12,1,52,2,54,1" doraHai="49,110" who="3" fromWho="3" sc="250,-21,420,-41,150,-21,180,83" /><INIT seed="6,0,0,5,1,65" ten="229,379,129,263" oya="2" hai0="76,67,29,80,95,94,73,81,102,1,91,79,61" hai1="134,98,84,33,111,42,90,77,44,107,0,127,64" hai2="63,59,116,72,52,31,112,70,113,51,35,123,48" hai3="133,103,18,118,47,30,38,105,34,8,49,50,53"/><V135/><F72/><W7/><G118/><T26/><D1/><U66/><E111/><V97/><F116/><W87/><G133/><T108/><D102/><U37/><E134/><V28/><F123/><W54/><G38/><T40/><D40/><U6/><E33/><V41/><F135/><W24/><G18/><T120/><D91/><U56/><E127/><V20/><F35/><W85/><G103/><T39/><D39/><U129/><E129/><V101/><F41/><W110/><G105/><T106/><D106/><U121/><E121/><V36/><F36/><W13/><REACH who="3" step="1"/><G110/><REACH who="3" ten="229,379,129,253" step="2"/><T109/><D109/><U130/><E107/><N who="2" m="63919" /><F20/><W126/><G126/><T19/><D108/><U131/><E37/><V86/><F86/><W32/><G32/><T5/><D120/><U2/><E84/><V117/><F117/><W89/><G89/><T10/><D73/><U71/><E90/><V46/><F48/><W45/><AGARI ba="0,1" hai="7,8,13,24,30,34,45,47,49,50,53,54,85,87" machi="45" ten="20,5200,0" yaku="1,1,0,1,7,1,9,1,53,0" doraHai="65" doraHaiUra="114" who="3" fromWho="3" sc="229,-13,379,-13,129,-26,253,62" /><INIT seed="7,0,0,0,3,129" ten="216,366,103,315" oya="3" hai0="118,57,84,43,106,35,121,122,58,69,12,56,6" hai1="70,88,111,52,80,63,127,34,8,126,81,44,9" hai2="85,119,37,17,90,53,98,60,62,120,64,24,31" hai3="36,87,20,115,104,11,83,25,113,26,65,18,30"/><W42/><G104/><T114/><D35/><U91/><E111/><V76/><F119/><W22/><G65/><T95/><D69/><U27/><E70/><V39/><F120/><W105/><G105/><T48/><D106/><U28/><E91/><V54/><F39/><W49/><G36/><T13/><D114/><U1/><E88/><V117/><F37/><W93/><G93/><T128/><D128/><U94/><E94/><V125/><F125/><N who="1" m="47625" /><E1/><V132/><F117/><W45/><REACH who="3" step="1"/><G11/><REACH who="3" ten="216,366,103,305" step="2"/><N who="1" m="4170" /><E63/><V82/><F17/><W7/><G7/><T130/><D6/><U0/><E0/><V89/><F98/><W79/><AGARI ba="0,1" hai="18,20,22,25,26,30,42,45,49,79,83,87,113,115" machi="79" ten="30,3000,0" yaku="1,1,0,1,53,0" doraHai="129" doraHaiUra="29" who="3" fromWho="3" sc="216,-10,366,-10,103,-10,305,40" /><INIT seed="7,1,0,0,1,82" ten="206,356,93,345" oya="3" hai0="102,120,23,55,92,133,60,94,95,32,13,12,45" hai1="43,29,96,103,75,71,19,63,124,21,117,51,15" hai2="24,87,108,129,38,131,49,74,99,69,39,112,16" hai3="27,26,113,46,42,35,134,54,52,110,121,118,0"/><W36/><G118/><T33/><D102/><U73/><E124/><V77/><F108/><W30/><G121/><T4/><D4/><U47/><E117/><V98/><F74/><W125/><G110/><T28/><D28/><U105/><REACH who="1" step="1"/><E29/><REACH who="1" ten="206,346,93,345" step="2"/><V3/><F3/><W89/><G125/><T37/><D23/><U57/><E57/><V76/><F69/><W93/><G113/><T68/><D60/><U64/><AGARI ba="1,1" hai="15,19,21,43,47,51,63,64,71,73,75,96,103,105" machi="64" ten="30,2000,0" yaku="1,1,0,1,53,0" doraHai="82" doraHaiUra="48" who="1" fromWho="1" sc="206,-6,346,33,93,-6,345,-11" owari="200,-20.0,379,48.0,87,-41.0,334,13.0" /></mjloggm>