<mjloggm ver="2.3"><GO type="169" lobby="0"/><UN n0="%42%41%4E%44%49%54" n1="%E3%81%8B%E3%81%8B%E3%81%8B%E3%81%8B" n2="%E5%A4%A7%E8%B3%A2%E8%89%AF%E5%B8%AB" n3="%E3%81%92%E3%81%A1%E3%81%87%E3%81%AA%30%34" dan="16,16,16,16" rate="2139.24,2105.51,2069.74,2124.26" sx="M,M,M,M"/><TAIKYOKU oya="0"/><INIT seed="0,0,0,5,5,88" ten="250,250,250,250" oya="0" hai0="72,0,59,30,63,17,112,55,99,13,60,122,18" hai1="9,75,23,66,35,46,42,10,111,135,21,11,91" hai2="126,105,20,28,33,5,92,102,49,65,114,4,3" hai3="128,109,82,120,37,38,90,121,32,85,34,101,70"/><T103/><D0/><U84/><E75/><V1/><F105/><W16/><G70/><T98/><D122/><N who="3" m="47209" /><G109/><T118/><D118/><U25/><E135/><V47/><F114/><W27/><G101/><T123/><D123/><U93/><E111/><V80/><F126/><W8/><G128/><T76/><D112/><U115/><E115/><V50/><F33/><N who="3" m="12907" /><G8/><T43/><D30/><U14/><E66/><V108/><F65/><W2/><G2/><T94/><D43/><U133/><E133/><V44/><F108/><W51/><G51/><T78/><D72/><U110/><E110/><V132/><F132/><W19/><G27/><T96/><D63/><U117/><E117/><V40/><F102/><W86/><G86/><T77/><REACH who="0" step="1"/><D18/><AGARI ba="0,0" hai="16,18,19,37,38,82,85,90" m="12907,47209" machi="18" ten="30,2000,0" yaku="13,1,54,1" doraHai="88" who="3" fromWho="0" sc="250,-20,250,0,250,0,250,20" /><INIT seed="1,0,0,4,3,130" ten="230,250,250,270" oya="1" hai0="53,0,49,91,38,119,19,23,69,114,20,50,117" hai1="27,45,70,106,97,12,3,79,95,48,101,99,31" hai2="82,103,129,8,9,131,133,44,120,90,7,51,67" hai3="94,74,61,128,57,116,112,39,78,84,37,110,2"/><U121/><E3/><V58/><F120/><W134/><G2/><T75/><D38/><U104/><E121/><V88/><F103/><W42/><G74/><T15/><D114/><U59/><E70/><V115/><F115/><W41/><G112/><T28/><D0/><U35/><E79/><V6/><F67/><W1/><G1/><T43/><D69/><U56/><E12/><V72/><F58/><W60/><G78/><T85/><D75/><U63/><E63/><V25/><F72/><W22/><G22/><T68/><D68/><U13/><E13/><V118/><F25/><W4/><G4/><T32/><D32/><U80/><E80/><V86/><F118/><W77/><G77/><T10/><D43/><U127/><E127/><V126/><F126/><W5/><G94/><T122/><D122/><U62/><E99/><V105/><F105/><W96/><G84/><T111/><D111/><U11/><E11/><V83/><F86/><W73/><G73/><T34/><D34/><U92/><E56/><V98/><F98/><W125/><G125/><T81/><D50/><U54/><REACH who="1" step="1"/><E104/><REACH who="1" ten="230,240,250,270" step="2"/><V29/><F9/><W113/><G96/><T64/><D10/><U124/><E124/><V18/><F8/><W108/><G57/><T89/><D119/><U93/><E93/><V71/><F71/><W14/><G14/><T100/><D117/><U36/><E36/><V66/><F83/><W107/><G116/><T26/><D81/><U87/><E87/><V132/><F82/><W65/><G37/><T55/><D85/><U33/><E33/><V102/><F6/><RYUUKYOKU ba="0,1" sc="230,-10,240,30,250,-10,270,-10" hai1="27,31,35,45,48,54,59,62,92,95,97,101,106" /><INIT seed="1,1,1,3,4,109" ten="220,270,240,260" oya="1" hai0="44,95,132,18,58,70,50,77,87,32,53,128,37" hai1="7,24,74,125,120,101,38,96,52,2,113,123,45" hai2="43,116,82,27,30,93,51,126,15,79,65,67,9" hai3="5,35,46,10,72,19,122,14,12,91,17,131,110"/><U135/><E113/><V98/><F116/><W4/><G72/><T34/><D70/><U25/><E74/><V86/><F126/><W100/><G100/><T78/><D132/><U31/><E24/><V75/><F75/><W106/><G106/><T40/><D128/><U48/><E125/><V49/><F43/><W64/><G64/><T68/><D68/><U63/><E38/><V6/><F67/><W102/><G102/><T88/><REACH who="0" step="1"/><D18/><REACH who="0" ten="210,270,240,260" step="2"/><U29/><E135/><V90/><REACH who="2" step="1"/><F65/><REACH who="2" ten="210,270,230,260" step="2"/><W127/><G127/><T41/><D41/><U11/><E123/><V71/><F71/><W105/><G122/><T8/><D8/><U42/><E120/><V3/><F3/><W83/><G10/><T59/><D59/><U92/><E42/><V13/><F13/><W121/><G121/><T103/><D103/><U21/><E2/><V134/><F134/><W57/><G57/><T129/><D129/><U23/><E11/><V76/><F76/><AGARI ba="1,3" hai="32,34,37,40,44,50,53,58,76,77,78,87,88,95" machi="76" ten="40,2600,0" yaku="1,1,54,1,53,0" doraHai="109" doraHaiUra="33" who="0" fromWho="2" sc="210,59,270,0,230,-29,260,0" /><INIT seed="2,0,0,4,0,4" ten="269,270,201,260" oya="2" hai0="30,114,91,43,19,107,26,77,69,65,93,34,100" hai1="3,62,92,46,11,75,101,6,24,106,42,123,105" hai2="61,111,15,125,76,81,70,117,118,12,56,71,33" hai3="112,17,90,129,32,37,39,41,63,79,47,82,98"/><V126/><F33/><W84/><G32/><T55/><D114/><U48/><E75/><V88/><F111/><W22/><G129/><T85/><D43/><U133/><E133/><V99/><F99/><W9/><G112/><T121/><D55/><U35/><E123/><V108/><F108/><W102/><G63/><N who="0" m="40127" /><D77/><U132/><E132/><V36/><F36/><W119/><G119/><N who="2" m="45577" /><F88/><W45/><G79/><T20/><D19/><U128/><E128/><V0/><F0/><W38/><G45/><T96/><D20/><U2/><E2/><V44/><F44/><W78/><G90/><T58/><D58/><U72/><E101/><V103/><F103/><W131/><G131/><T86/><D85/><U127/><E72/><V52/><F81/><W73/><G84/><T95/><D121/><U49/><E46/><V25/><F25/><W53/><G53/><T130/><D130/><U124/><E92/><AGARI ba="0,0" hai="26,30,34,86,91,92,93,95,96,100,107" m="40127" machi="92" ten="30,1000,0" yaku="25,1" doraHai="4" who="0" fromWho="1" sc="269,10,270,-10,201,0,260,0" /><INIT seed="3,0,0,5,1,88" ten="279,260,201,260" oya="3" hai0="10,7,123,126,120,117,31,40,122,110,18,108,61" hai1="6,9,60,66,83,96,93,4,68,13,45,116,53" hai2="106,42,109,92,34,52,128,114,29,99,11,75,127" hai3="133,134,69,119,32,15,80,105,22,71,118,57,28"/><W36/><G105/><T131/><D40/><U25/><E116/><V79/><F106/><W44/><G32/><T33/><D61/><U124/><E124/><V90/><F114/><W17/><G28/><T62/><D62/><U101/><E25/><V121/><F121/><W56/><G80/><T24/><D117/><N who="3" m="44553" /><G44/><T50/><D50/><U58/><E68/><N who="3" m="26186" /><G36/><T1/><D126/><U0/><E0/><V5/><F127/><W89/><G89/><T48/><D48/><N who="1" m="28815" /><E83/><V98/><F29/><W46/><G46/><T74/><D74/><U54/><E54/><V30/><F30/><W21/><G21/><T23/><D131/><U130/><E130/><V14/><F34/><W95/><G95/><T115/><D115/><U41/><E41/><V84/><F42/><W3/><G3/><T35/><D35/><U103/><E101/><V51/><F128/><W100/><G100/><T38/><D38/><U112/><E112/><V135/><F75/><W19/><G19/><AGARI ba="0,0" hai="4,6,9,13,19,58,60,66,93,96,103" m="28815" machi="19" ten="30,2000,0" yaku="8,1,52,1" doraHai="88" who="1" fromWho="3" sc="279,0,260,20,201,0,260,-20" /><INIT seed="4,0,0,4,3,87" ten="279,280,201,240" oya="0" hai0="68,88,6,15,85,130,18,58,50,83,12,66,2" hai1="44,14,112,71,25,9,114,69,45,118,77,76,105" hai2="10,100,7,133,134,4,74,21,103,94,80,78,128" hai3="131,125,55,48,32,20,42,127,84,22,31,34,135"/><T46/><D130/><U35/><E105/><V110/><F110/><W95/><G42/><T47/><D68/><N who="1" m="26187" /><E25/><V27/><F128/><W29/><G131/><T73/><D73/><U104/><E104/><V96/><F103/><W129/><G129/><T52/><D2/><U8/><E35/><N who="3" m="13354" /><G84/><T24/><D66/><U53/><E53/><V109/><F109/><W82/><G95/><T107/><D107/><U108/><E118/><V56/><F56/><W43/><G43/><T99/><D99/><U54/><E54/><V26/><F26/><W89/><G82/><T37/><D37/><U98/><E98/><V113/><F113/><N who="1" m="43625" /><E14/><N who="0" m="5161" /><D6/><U1/><E1/><V126/><F126/><W92/><G55/><T3/><D3/><U67/><E67/><V75/><F75/><W93/><G48/><T111/><D111/><U23/><E23/><AGARI ba="0,0" hai="18,23,24,46,47,50,52,58,83,85,88" m="5161" machi="23" ten="30,11600,0" yaku="8,1,52,1,54,2" doraHai="87" who="0" fromWho="1" sc="279,116,280,-116,201,0,240,0" /><INIT seed="4,1,0,1,1,117" ten="395,164,201,240" oya="0" hai0="10,37,39,119,77,73,51,8,4,71,29,98,46" hai1="28,2,95,56,0,83,78,82,36,87,84,86,30" hai2="94,19,69,131,134,38,111,55,74,129,80,54,115" hai3="16,81,49,26,35,62,57,85,70,97,47,9,42"/><T11/><D119/><U31/><E36/><V79/><F111/><W1/><G70/><T128/><D71/><U34/><E34/><V91/><F69/><W75/><G75/><T114/><D114/><U127/><E127/><V116/><F116/><W63/><G97/><T121/><D121/><U3/><E56/><V110/><F110/><W68/><G68/><T33/><D4/><U88/><REACH who="1" step="1"/><E78/><REACH who="1" ten="395,154,201,240" step="2"/><V5/><F38/><W123/><G35/><T135/><D37/><U99/><AGARI ba="1,1" hai="0,2,3,28,30,31,82,83,84,86,87,88,95,99" machi="99" ten="40,12000,2" yaku="1,1,2,1,0,1,29,2,54,1,53,0" doraHai="117" doraHaiUra="23" who="1" fromWho="1" sc="395,-61,154,133,201,-31,240,-31" /><INIT seed="5,0,0,2,0,69" ten="334,287,170,209" oya="1" hai0="97,4,23,114,119,87,92,110,117,65,121,21,14" hai1="67,27,68,30,130,133,99,91,93,12,56,128,15" hai2="34,1,126,24,84,55,52,85,120,106,38,58,113" hai3="108,96,48,90,7,95,111,29,118,77,49,76,63"/><U3/><E3/><V60/><F120/><W40/><G118/><T20/><D121/><U123/><E68/><V22/><F106/><W122/><G122/><T78/><D110/><U98/><E133/><V11/><F34/><W102/><G7/><T57/><D114/><U28/><E123/><V94/><F126/><W75/><G29/><T124/><D124/><U42/><E42/><V26/><F113/><W73/><G63/><N who="0" m="38127" /><D119/><U135/><E135/><V19/><F38/><W17/><G17/><N who="0" m="10295" /><D4/><U32/><E28/><V83/><F1/><W31/><G31/><T74/><D74/><U36/><E36/><V53/><F11/><W10/><G10/><T88/><D117/><U51/><E98/><V71/><F71/><W107/><G40/><T82/><AGARI ba="0,0" hai="21,23,78,82,87,88,92,97" m="10295,38127" machi="82" ten="30,2000,0" yaku="8,1,54,1" doraHai="69" who="0" fromWho="0" sc="334,20,287,-10,170,-5,209,-5" /><INIT seed="6,0,0,5,0,124" ten="354,277,165,204" oya="2" hai0="78,134,36,35,26,133,113,118,74,95,39,43,10" hai1="86,23,38,115,79,30,126,33,96,53,119,132,6" hai2="42,13,83,45,58,66,121,105,69,112,111,34,110" hai3="89,84,68,49,75,71,87,60,0,15,56,135,82"/><V67/><F121/><W94/><G0/><T19/><D113/><U90/><E33/><V52/><F105/><W125/><G75/><T51/><D118/><U46/><E119/><V25/><F112/><W18/><G135/><T57/><D10/><U28/><E115/><V32/><F83/><W114/><G125/><T128/><D128/><U22/><E38/><N who="2" m="21719" /><F13/><W123/><G123/><T122/><D122/><U64/><E126/><V127/><F127/><W4/><G4/><T91/><D78/><U1/><E1/><V40/><F25/><W93/><G49/><T2/><D74/><U62/><E96/><V31/><F31/><W17/><G114/><T116/><D116/><U27/><E28/><V102/><F102/><W80/><G71/><T5/><D5/><U29/><E29/><V108/><F40/><W50/><G50/><T97/><D2/><U47/><E30/><V20/><F20/><W63/><G68/><T72/><D72/><U73/><E22/><V130/><F130/><W81/><G56/><T109/><D43/><U101/><E101/><V44/><F44/><W76/><G76/><T100/><D100/><U92/><E46/><V70/><F34/><W98/><G17/><T9/><D35/><U77/><E73/><V103/><F103/><N who="3" m="60879" /><G18/><T48/><D19/><N who="1" m="12799" /><E6/><V88/><F32/><W107/><G15/><T16/><D16/><U54/><E132/><V131/><F131/><W85/><G107/><T120/><D134/><U8/><E8/><V59/><F88/><W65/><G65/><N who="2" m="24585" /><F59/><W37/><G37/><N who="0" m="14411" /><D133/><U24/><E79/><V99/><F99/><AGARI ba="0,0" hai="60,63,80,81,82,84,85,87,89,94,99" m="60879" machi="99" ten="30,2000,0" yaku="6,1,8,1" doraHai="124" who="3" fromWho="2" sc="354,0,277,0,165,-20,204,20" /><INIT seed="7,0,0,1,4,127" ten="354,277,145,224" oya="3" hai0="58,7,13,6,107,47,99,64,46,110,91,12,111" hai1="130,36,10,55,109,68,71,52,108,65,70,22,119" hai2="63,106,31,49,80,118,72,61,96,77,97,121,75" hai3="27,126,81,53,43,76,40,38,79,21,87,123,120"/><W48/><G126/><T116/><D116/><U84/><E22/><V117/><F121/><W133/><G133/><T25/><D25/><U60/><E10/><V112/><F112/><W18/><G79/><T103/><D91/><U98/><E84/><V122/><F122/><W113/><G113/><T3/><D3/><U5/><E98/><N who="2" m="37995" /><F31/><W17/><G43/><T129/><D129/><U128/><E5/><V23/><F23/><W34/><G34/><T24/><D24/><U51/><E36/><V8/><F8/><W67/><G67/><T62/><D6/><U74/><E74/><N who="2" m="28203" /><F49/><W29/><G40/><T95/><D107/><U32/><E32/><V82/><F63/><W100/><G100/><T57/><D7/><U125/><E119/><N who="2" m="45579" /><F61/><W28/><G38/><T1/><D1/><U33/><E33/><V115/><F115/><W2/><G2/><T83/><D58/><N who="1" m="34887" /><E65/><V35/><F35/><W4/><G4/><T66/><D66/><U73/><E73/><V114/><F114/><W9/><G123/><T69/><D64/><U134/><E134/><V45/><F45/><N who="3" m="27791" /><G120/><T94/><D47/><N who="1" m="28159" /><E125/><V92/><F106/><W90/><G28/><T105/><D105/><U54/><E54/><V39/><F39/><W88/><G29/><T86/><D46/><U44/><E44/><V20/><F20/><N who="3" m="13711" /><G9/><T0/><D0/><U56/><E56/><V14/><F14/><AGARI ba="0,0" hai="14,18,21,76,81,87,88,90" m="13711,27791" machi="14" ten="30,2900,0" yaku="8,1,54,1" doraHai="127" who="3" fromWho="2" sc="354,0,277,0,145,-29,224,29" /><INIT seed="7,1,0,4,3,13" ten="354,277,116,253" oya="3" hai0="19,6,100,134,57,124,117,65,121,61,26,73,22" hai1="9,14,39,118,8,112,135,56,71,80,5,92,76" hai2="7,29,128,90,63,131,36,83,21,74,12,52,116" hai3="113,110,18,16,101,114,86,24,78,106,47,103,91"/><W88/><G110/><T17/><D121/><U44/><E71/><V2/><F116/><W0/><G0/><T38/><D117/><U31/><E118/><V130/><F36/><W89/><G47/><T96/><D38/><U69/><E69/><V25/><F2/><W11/><G78/><T15/><D73/><U119/><E119/><V93/><F74/><W48/><G48/><T54/><D134/><U127/><E9/><V46/><F83/><W30/><G86/><T99/><D6/><U67/><E112/><N who="3" m="43114" /><G11/><N who="0" m="6399" /><D124/><U87/><E127/><V72/><F72/><W115/><G115/><T104/><D104/><U40/><E135/><V66/><F7/><W37/><G37/><T28/><D100/><N who="3" m="38473" /><G106/><T23/><D65/><U123/><E123/><V120/><F120/><W41/><G41/><T102/><D102/><U98/><E67/><V58/><F12/><AGARI ba="1,0" hai="12,19,22,23,26,28,54,57,61,96,99" m="6399" machi="12" ten="30,3900,0" yaku="8,1,52,2" doraHai="13" who="0" fromWho="2" sc="354,42,277,0,116,-42,253,0" owari="396,50.0,277,8.0,74,-43.0,253,-15.0" /></mjloggm>