<mjloggm ver="2.3"><GO type="169" lobby="0"/><UN n0="%E3%81%98%E3%81%98%E3%81%84%E3%81%8C%E5%91%BC%E3%82%93%E3%81%A0" n1="%E3%81%92%E3%81%A1%E3%81%87%E3%81%AA%30%34" n2="%E7%9C%9F%E3%82%A8%E3%83%88%E3%83%9A%E3%83%B3" n3="%E5%8F%A4%E6%9C%AC" dan="16,16,18,16" rate="2080.97,2122.19,2299.64,2070.73" sx="M,M,M,M"/><TAIKYOKU oya="0"/><INIT seed="0,0,0,2,3,84" ten="250,250,250,250" oya="0" hai0="120,32,20,108,116,95,51,96,121,80,85,83,122" hai1="47,15,4,2,0,86,59,110,88,106,81,71,62" hai2="25,64,24,19,11,112,44,43,48,37,87,134,72" hai3="66,117,16,46,114,3,131,61,133,34,97,45,49"/><T74/><D32/><U70/><E106/><V91/><F72/><W21/><G117/><T93/><D116/><U111/><E47/><V26/><F112/><W126/><G114/><T75/><D20/><U98/><E15/><V99/><F134/><W1/><G34/><T76/><D51/><U36/><E36/><V30/><F64/><W119/><G119/><T67/><D67/><U78/><E98/><V82/><F37/><W52/><G133/><T125/><D125/><U14/><E14/><V27/><F99/><W54/><G126/><T18/><D18/><U101/><E101/><V129/><F129/><W77/><G131/><T105/><D108/><N who="1" m="41515" /><E78/><V7/><F19/><W8/><G77/><N who="0" m="46223" /><D74/><U53/><E4/><V63/><F63/><W73/><G73/><T29/><D29/><U9/><E9/><V42/><F42/><W12/><G8/><T102/><AGARI ba="0,0" hai="75,76,83,93,95,96,102,105,120,121,122" m="46223" machi="102" ten="40,3900,0" yaku="34,2" doraHai="84" who="0" fromWho="0" sc="250,39,250,-13,250,-13,250,-13" /><INIT seed="0,1,0,0,4,34" ten="289,237,237,237" oya="0" hai0="132,122,103,96,78,100,0,23,97,116,49,77,83" hai1="113,59,7,4,79,130,16,92,12,39,29,21,30" hai2="51,64,123,109,114,107,101,118,85,87,119,120,111" hai3="2,55,61,31,76,74,68,20,24,81,95,41,57"/><T50/><D116/><N who="2" m="44586" /><F64/><W91/><G41/><T94/><D122/><N who="2" m="46634" /><F51/><W66/><G55/><T17/><D132/><U6/><E39/><V11/><F11/><W15/><G15/><T1/><D49/><U36/><E36/><V60/><F60/><W42/><G42/><T25/><D50/><U108/><E79/><V127/><F127/><W121/><G121/><T8/><D8/><U131/><E59/><V52/><F52/><W43/><G43/><T48/><D78/><U104/><E104/><V110/><F107/><W115/><G115/><T67/><D67/><U28/><E92/><V105/><F105/><W45/><G45/><T73/><D48/><U129/><E108/><V53/><F53/><W112/><G112/><AGARI ba="1,0" hai="4,6,7,12,16,21,28,29,30,112,113,129,130,131" machi="112" ten="50,12000,2" yaku="29,2,19,1,34,3,54,1" doraHai="34" who="1" fromWho="3" sc="289,0,237,123,237,0,237,-123" /><INIT seed="1,0,0,2,0,12" ten="289,360,237,114" oya="1" hai0="88,14,114,8,132,122,15,74,53,13,95,37,38" hai1="93,68,121,131,101,63,116,105,75,82,128,10,30" hai2="23,92,77,51,98,31,16,7,11,69,104,47,43" hai3="5,25,91,118,17,18,24,107,111,22,86,112,80"/><U58/><E121/><V32/><F69/><W106/><G112/><T78/><D114/><U4/><E116/><V20/><F104/><W61/><G118/><T52/><D122/><U71/><E105/><V115/><F115/><W76/><G111/><T40/><D132/><U2/><E30/><V129/><F129/><N who="1" m="49737" /><E101/><V26/><F77/><W56/><G5/><T96/><D8/><U35/><E35/><V120/><F120/><W135/><G76/><T27/><D27/><U21/><E93/><V46/><F46/><W33/><G33/><T39/><REACH who="0" step="1"/><D40/><REACH who="0" ten="279,360,237,114" step="2"/><U66/><E21/><V1/><F23/><W60/><G135/><T100/><D100/><U62/><E75/><V108/><F108/><W64/><G107/><T127/><D127/><U123/><E123/><V83/><F83/><AGARI ba="0,1" hai="13,14,15,37,38,39,52,53,74,78,83,88,95,96" machi="83" ten="50,8000,1" yaku="1,1,54,2,53,1" doraHai="12" doraHaiUra="79" who="0" fromWho="2" sc="279,90,360,0,237,-80,114,0" /><INIT seed="2,0,0,5,2,24" ten="369,360,157,114" oya="2" hai0="101,35,93,126,116,78,43,59,130,105,25,107,131" hai1="90,71,7,20,123,5,85,1,37,55,108,109,84" hai2="115,36,18,117,67,102,50,127,51,74,9,104,11" hai3="33,14,23,65,86,56,22,83,103,129,34,39,64"/><V113/><F36/><W79/><G39/><T30/><D126/><U97/><E37/><V12/><F117/><W110/><G129/><N who="0" m="49163" /><D116/><U124/><E71/><V53/><F74/><W87/><G110/><T68/><D68/><U10/><E7/><V128/><F127/><W62/><G103/><T28/><D43/><U70/><E70/><V40/><F128/><W98/><G98/><N who="0" m="59599" /><D78/><U48/><E124/><V61/><F9/><W44/><G65/><T114/><D114/><U75/><E75/><V80/><F80/><W134/><G134/><T32/><D59/><U8/><E123/><V29/><F40/><W2/><G2/><T91/><D91/><U58/><E108/><V54/><F67/><W27/><G44/><T111/><D111/><U41/><E41/><V88/><F88/><W15/><G87/><T13/><D13/><U57/><E97/><V16/><F102/><W89/><G79/><T47/><D47/><U26/><E58/><V100/><F100/><W0/><G0/><T42/><D42/><U69/><E69/><V21/><F104/><N who="0" m="40010" /><D25/><U82/><E85/><V76/><F76/><W81/><G83/><T66/><D66/><U133/><E109/><V125/><F125/><W112/><G112/><T6/><D6/><U4/><E4/><N who="2" m="3175" /><F115/><W122/><G122/><T31/><AGARI ba="0,0" hai="28,30,31,32,35" m="40010,59599,49163" machi="31" ten="40,8000,1" yaku="19,1,52,3" doraHai="24" who="0" fromWho="0" sc="369,80,360,-20,157,-40,114,-20" /><INIT seed="3,0,0,2,1,116" ten="449,340,117,94" oya="3" hai0="121,25,107,71,78,64,9,29,100,131,115,38,24" hai1="104,73,48,35,110,98,15,77,118,3,81,90,55" hai2="21,75,13,89,125,47,76,96,123,74,5,122,1" hai3="16,70,0,84,109,128,42,23,68,119,85,46,19"/><W111/><G119/><T65/><D38/><U34/><E3/><V80/><F74/><W20/><G0/><T133/><D78/><U10/><E110/><N who="3" m="41994" /><G128/><T82/><D82/><U50/><E50/><V129/><F129/><W44/><G23/><T36/><D36/><U114/><E114/><V43/><F125/><W30/><G30/><T49/><D49/><U28/><E28/><V58/><F58/><W113/><G113/><T87/><D29/><U33/><E118/><V27/><F13/><N who="3" m="9231" /><G19/><T61/><D25/><U37/><E35/><V92/><F21/><W8/><G8/><T60/><D24/><U127/><E10/><N who="2" m="2351" /><F27/><W32/><G32/><T2/><D9/><U94/><E15/><V53/><F53/><W62/><G46/><T14/><D14/><U105/><E33/><V86/><F96/><W31/><G31/><T117/><D2/><U103/><E34/><V79/><F79/><W63/><G63/><T18/><D60/><U56/><E127/><V12/><F12/><W45/><G45/><T102/><D61/><U88/><E98/><V66/><F66/><N who="3" m="41047" /><G70/><T59/><D71/><U106/><E77/><V57/><F57/><W6/><G6/><T22/><D18/><U40/><E56/><V51/><F51/><AGARI ba="0,0" hai="42,44,51,84,85" m="41047,9231,41994" machi="51" ten="30,5800,0" yaku="14,1,10,1,54,1" doraHai="116" who="3" fromWho="2" sc="449,0,340,0,117,-58,94,58" /><INIT seed="3,1,0,4,3,102" ten="449,340,59,152" oya="3" hai0="20,53,100,126,121,34,131,42,19,63,76,101,43" hai1="135,22,77,30,105,122,89,78,55,90,11,70,51" hai2="115,49,24,107,46,65,32,84,74,68,111,66,79" hai3="52,96,103,132,116,128,21,124,83,17,7,36,48"/><W109/><G116/><T91/><D34/><U125/><E70/><V58/><F115/><W80/><G36/><T75/><D121/><U113/><E122/><V114/><F114/><W133/><G7/><T37/><D126/><U23/><E113/><V50/><F74/><W47/><G124/><T59/><D131/><U67/><E67/><V56/><F111/><W129/><G109/><T72/><D72/><U13/><E125/><V4/><F4/><W26/><G83/><T0/><D0/><U18/><E105/><V99/><F79/><N who="1" m="30217" /><E135/><N who="3" m="51786" /><G80/><T106/><D76/><U16/><E30/><V127/><F127/><W6/><G6/><T14/><D75/><U119/><E119/><V92/><F84/><W108/><G108/><T41/><D37/><U82/><E82/><V15/><F15/><W134/><N who="3" m="51794" /><W94/><AGARI ba="1,0" hai="17,21,26,47,48,52,94,96,103,128,129" m="51794" machi="94" ten="40,7800,0" yaku="4,1,20,1,54,1" doraHai="102" who="3" fromWho="3" sc="449,-27,340,-27,59,-27,152,81" /><INIT seed="3,2,0,1,0,8" ten="422,313,32,233" oya="3" hai0="32,88,71,80,57,17,25,24,102,104,128,76,90" hai1="81,23,78,21,1,107,120,134,15,58,27,36,38" hai2="101,4,86,106,115,105,61,50,19,62,39,116,82" hai3="13,124,94,30,113,59,67,55,11,133,20,28,66"/><W51/><G113/><T35/><D71/><U74/><E1/><V127/><F115/><W77/><G124/><T108/><D108/><U2/><E2/><V132/><F116/><W118/><G118/><T64/><D128/><U7/><E107/><V84/><F39/><W69/><G69/><T73/><D104/><U92/><E120/><V6/><F127/><W117/><G117/><T114/><D102/><U95/><E134/><V91/><F132/><W87/><G133/><T98/><D114/><U34/><E34/><V0/><F0/><W96/><G87/><T45/><D45/><U52/><E38/><V126/><F126/><W70/><G77/><T29/><D98/><U68/><E36/><V83/><F50/><W10/><G10/><T44/><D44/><U5/><E68/><V122/><F101/><N who="3" m="60567" /><G70/><T79/><D79/><U56/><E56/><V131/><F131/><W48/><G51/><T54/><D90/><U47/><E47/><V121/><F19/><N who="3" m="8639" /><G20/><N who="0" m="13327" /><D88/><AGARI ba="2,0" hai="4,6,61,62,82,83,84,86,88,91,105,106,121,122" machi="88" ten="25,3200,0" yaku="22,2,54,1" doraHai="8" who="2" fromWho="0" sc="422,-38,313,0,32,38,233,0" /><INIT seed="4,0,0,4,0,111" ten="384,313,70,233" oya="0" hai0="71,32,20,34,23,61,27,35,78,104,50,3,131" hai1="0,45,129,133,123,36,66,37,4,2,86,28,33" hai2="113,93,116,24,26,53,67,125,127,57,42,8,54" hai3="15,74,13,84,6,128,21,62,82,43,102,73,100"/><T107/><D3/><U29/><E123/><V108/><F108/><W106/><G106/><T126/><D126/><U130/><E45/><V117/><F8/><W59/><G43/><T112/><D131/><N who="1" m="50187" /><E86/><V9/><F9/><N who="3" m="4279" /><G74/><T38/><D38/><N who="1" m="14955" /><E66/><V17/><F42/><W80/><G73/><T51/><D78/><U94/><E94/><V46/><F93/><W115/><G115/><T110/><D110/><U103/><E4/><V122/><F122/><W77/><G82/><T119/><D119/><N who="2" m="45642" /><F67/><N who="3" m="39391" /><G128/><T89/><D61/><U72/><E72/><V63/><F17/><AGARI ba="0,0" hai="15,17,21,77,80,84,100,102" m="39391,4279" machi="17" ten="30,1000,0" yaku="8,1" doraHai="111" who="3" fromWho="2" sc="384,0,313,0,70,-10,233,10" /><INIT seed="5,0,0,2,4,109" ten="384,313,60,243" oya="1" hai0="132,8,56,85,82,10,114,34,94,62,53,121,98" hai1="102,68,106,20,58,37,111,76,15,31,3,122,63" hai2="130,38,41,104,135,79,36,23,54,101,66,83,46" hai3="110,25,61,99,129,75,50,43,117,112,126,124,48"/><U73/><E3/><V88/><F135/><W95/><G75/><T133/><D114/><U113/><E37/><V4/><F130/><W32/><G112/><T45/><D34/><U47/><E113/><V33/><F33/><W97/><G129/><T40/><D121/><U59/><E47/><V7/><F38/><W125/><G110/><T6/><D133/><U16/><E122/><V100/><F66/><W69/><G117/><T71/><D71/><U65/><E111/><V90/><F54/><W55/><G43/><T42/><D132/><U96/><REACH who="1" step="1"/><E31/><REACH who="1" ten="384,303,60,243" step="2"/><V80/><F104/><W22/><G125/><T51/><D42/><U78/><E78/><V115/><F115/><W107/><G126/><T74/><D74/><U118/><E118/><V49/><F36/><W27/><G107/><T12/><D10/><U44/><E44/><V24/><F79/><W9/><G124/><T52/><D40/><U105/><E105/><V13/><F41/><W1/><G9/><T29/><D29/><U89/><E89/><V123/><F123/><W108/><G1/><T70/><D70/><U93/><E93/><V14/><F46/><W127/><G95/><T131/><D131/><U120/><E120/><V39/><F39/><W18/><G69/><T21/><D94/><U0/><E0/><V72/><F72/><W28/><G127/><T87/><D45/><U30/><E30/><V84/><F90/><W86/><G108/><T11/><D11/><U17/><E17/><V19/><F88/><W64/><G18/><T57/><D8/><U60/><E60/><V2/><F19/><RYUUKYOKU ba="0,1" sc="384,-10,303,30,60,-10,243,-10" hai1="15,16,20,58,59,63,65,68,73,76,96,102,106" /><INIT seed="5,1,1,0,4,27" ten="374,333,50,233" oya="1" hai0="3,8,99,6,134,105,82,86,85,74,129,114,46" hai1="113,17,2,115,96,98,52,109,123,11,77,112,71" hai2="19,9,31,13,132,122,90,24,41,125,51,23,133" hai3="110,38,120,45,5,47,106,65,100,118,73,49,97"/><U44/><E123/><V34/><F41/><W35/><G120/><T36/><D114/><U88/><E71/><V54/><F122/><W33/><G110/><T37/><D129/><U87/><E77/><V101/><F101/><W59/><G73/><T95/><D105/><U69/><E69/><V18/><F90/><W43/><G118/><T40/><D37/><U58/><E44/><V79/><F79/><W42/><G5/><T28/><D134/><U126/><E126/><V39/><F39/><W107/><G107/><T7/><D7/><N who="1" m="1527" /><E17/><V119/><F119/><W94/><G106/><T103/><D28/><U93/><E109/><V83/><F83/><W117/><G117/><T127/><D127/><U48/><AGARI ba="1,1" hai="48,52,58,87,88,93,96,98,112,113,115" m="1527" machi="48" ten="30,6000,0" yaku="15,1,54,2" doraHai="27" who="1" fromWho="1" sc="374,-21,333,73,50,-21,233,-21" /><INIT seed="5,2,0,5,3,0" ten="353,406,29,212" oya="1" hai0="75,16,97,53,31,24,124,123,122,81,41,55,7" hai1="108,130,135,85,37,38,117,43,47,104,95,82,30" hai2="57,89,71,36,101,103,68,58,96,26,88,9,56" hai3="119,110,12,42,45,51,33,25,13,86,73,17,107"/><U5/><E104/><V100/><F36/><W19/><G73/><T65/><D124/><U99/><E117/><V39/><F39/><W113/><G110/><T132/><D132/><U22/><E38/><V106/><F26/><W131/><G107/><T63/><D41/><U109/><E130/><V60/><F106/><W18/><G119/><T79/><D7/><U64/><E64/><V72/><F72/><W69/><G69/><T48/><D97/><U11/><E135/><V129/><F129/><W116/><G116/><T133/><D133/><U23/><E30/><V10/><F96/><W32/><G131/><T1/><D1/><U125/><E125/><V111/><F111/><N who="1" m="42569" /><E85/><V44/><F44/><W74/><G74/><T52/><D48/><U121/><E82/><V120/><F120/><W4/><G86/><T2/><D2/><N who="1" m="439" /><E121/><V84/><F60/><W94/><G94/><T112/><D16/><U134/><E134/><V80/><REACH who="2" step="1"/><F89/><AGARI ba="2,0" hai="22,23,37,43,47,89,95,99" m="439,42569" machi="89" ten="30,2900,0" yaku="10,1,52,1" doraHai="0" who="1" fromWho="2" sc="353,0,406,35,29,-35,212,0" owari="353,15.0,441,55.0,-6,-51.0,212,-19.0" /></mjloggm>