<mjloggm ver="2.3"><GO type="169" lobby="0"/><UN n0="%E7%A5%9E%E6%9E%B6%E3%82%BF%E3%82%A4%E3%82%BF%E3%83%8B%E3%83%83%E3%82%AF" n1="%E5%B0%8F%E6%B1%A0%E7%BE%8E%E6%B3%A2%E2%8A%BF" n2="%E3%81%86%E3%82%8C%E3%81%97%E3%81%92%E3%81%8A" n3="%E5%8D%83%E7%BE%BD%E9%B4%89" dan="16,16,16,17" rate="2044.89,2098.70,2053.80,2215.99" sx="M,F,M,F"/><TAIKYOKU oya="0"/><INIT seed="0,0,0,4,4,24" ten="250,250,250,250" oya="0" hai0="52,12,49,58,83,97,57,29,74,36,88,25,11" hai1="55,98,59,92,78,35,105,126,95,63,128,69,85" hai2="54,109,8,53,110,16,79,113,107,18,76,32,38" hai3="42,15,21,50,125,56,66,48,75,77,119,6,70"/><T40/><D74/><U26/><E128/><V127/><F113/><W17/><G119/><T104/><D104/><U103/><E126/><V124/><F38/><W43/><G125/><N who="2" m="48201" /><F107/><W131/><G131/><T93/><D83/><U27/><E27/><V33/><F54/><W123/><G123/><T135/><D135/><U100/><E100/><V61/><F53/><W1/><G70/><T64/><D36/><U4/><E4/><V44/><F44/><W112/><G112/><T82/><D82/><U68/><E78/><N who="2" m="29739" /><F61/><W31/><G77/><T37/><D37/><U102/><E85/><V121/><F121/><W101/><G75/><T5/><D40/><U134/><E134/><V3/><F3/><W71/><G43/><T117/><D117/><U72/><E72/><V116/><F116/><W87/><G42/><T34/><D64/><U115/><E115/><V108/><F8/><W90/><G1/><T14/><D58/><U130/><E130/><V122/><F122/><W39/><G56/><T13/><AGARI ba="0,0" hai="5,11,12,13,14,25,29,34,49,52,57,88,93,97" machi="13" ten="20,12000,1" yaku="0,1,7,1,52,1,54,2" doraHai="24" who="0" fromWho="0" sc="250,120,250,-40,250,-40,250,-40" /><INIT seed="0,1,0,0,0,123" ten="370,210,210,210" oya="0" hai0="17,116,44,129,106,13,58,33,124,96,32,60,117" hai1="90,108,130,24,126,59,47,50,112,75,26,45,110" hai2="48,35,118,38,104,4,68,122,66,113,92,2,111" hai3="52,81,20,42,77,18,103,71,131,56,133,79,10"/><T11/><D124/><U134/><E126/><V72/><RYUUKYOKU type="yao9" ba="1,0" sc="370,0,210,0,210,0,210,0" hai2="2,4,35,38,48,66,68,72,92,104,111,113,118,122" /><INIT seed="0,2,0,5,1,98" ten="370,210,210,210" oya="0" hai0="59,67,39,36,27,107,69,54,24,35,123,89,55" hai1="37,61,47,53,129,106,15,125,101,91,82,12,48" hai2="104,38,26,86,132,29,105,78,62,128,70,63,60" hai3="90,80,95,94,5,21,6,74,1,88,134,103,30"/><T92/><D107/><U112/><E129/><V108/><F128/><W130/><G130/><T2/><D2/><U7/><E125/><V127/><F127/><W117/><G117/><T133/><D123/><U18/><E37/><V58/><F38/><W57/><G134/><T25/><D35/><U83/><E112/><V46/><F132/><W16/><G30/><T119/><D119/><U41/><E7/><N who="3" m="2570" /><G74/><T79/><D79/><U109/><E109/><V100/><F46/><W131/><G131/><T84/><D133/><U75/><E75/><V8/><F8/><W50/><G80/><T87/><D55/><U23/><E15/><V96/><F105/><W4/><G4/><T66/><D69/><U71/><E71/><V17/><F17/><W102/><G57/><T113/><D113/><U120/><E120/><V111/><F58/><W77/><G50/><T13/><D39/><U33/><E33/><V114/><F114/><W14/><G77/><T68/><D68/><U97/><E61/><V121/><F121/><W99/><G1/><T65/><D36/><U34/><E34/><N who="2" m="20791" /><F70/><W51/><G51/><T49/><D13/><U93/><REACH who="1" step="1"/><E41/><REACH who="1" ten="370,200,210,210" step="2"/><V31/><F111/><W40/><G40/><T64/><D49/><U19/><E19/><V122/><F108/><W28/><G28/><T135/><D135/><U0/><E0/><V52/><F31/><W20/><G20/><T45/><D27/><U124/><E124/><V118/><F122/><W126/><G126/><T56/><D25/><U42/><E42/><V116/><F52/><W3/><G3/><T22/><D54/><RYUUKYOKU ba="2,1" sc="370,-30,200,10,210,10,210,10" hai1="12,18,23,47,48,53,82,83,91,93,97,101,106" hai2="60,62,63,78,86,96,100,104,116,118" hai3="14,16,21,88,90,94,95,99,102,103" /><INIT seed="1,3,1,5,5,54" ten="340,210,220,220" oya="1" hai0="124,122,3,9,18,13,94,130,0,107,50,133,31" hai1="83,109,61,11,118,64,15,58,82,108,70,89,43" hai2="69,21,5,24,132,41,48,52,87,92,104,114,23" hai3="26,129,110,12,73,115,71,34,123,86,78,76,134"/><U117/><E43/><V90/><F104/><W85/><G12/><T79/><D107/><U39/><E39/><V51/><F132/><W100/><G26/><T95/><D133/><U68/><E68/><V16/><F114/><W125/><G100/><T56/><D124/><U55/><E89/><V25/><F69/><W131/><G71/><T10/><D130/><N who="3" m="49673" /><G34/><T20/><D79/><N who="3" m="30249" /><G134/><T127/><D31/><U84/><E84/><N who="3" m="32362" /><G115/><T35/><D35/><U98/><E98/><V135/><F135/><W126/><G123/><T67/><D13/><U36/><E36/><V46/><F5/><W37/><G37/><T103/><D103/><U121/><E121/><V4/><F4/><W1/><G1/><T101/><D3/><U30/><E30/><V99/><F23/><W40/><G40/><T42/><D20/><U29/><E29/><V7/><F7/><W57/><G110/><N who="1" m="42602" /><E15/><N who="2" m="9375" /><F99/><W22/><G22/><T93/><D0/><U106/><E106/><V128/><F128/><W33/><G33/><T105/><D122/><U6/><E6/><V47/><AGARI ba="3,1" hai="24,25,41,46,47,48,51,52,87,90,92" m="9375" machi="47" ten="30,4000,0" yaku="8,1,54,2" doraHai="54" who="2" fromWho="2" sc="340,-13,210,-23,220,59,220,-13" /><INIT seed="2,0,0,2,4,129" ten="327,187,279,207" oya="2" hai0="3,76,56,37,20,8,27,109,100,88,73,45,120" hai1="34,134,31,87,99,13,124,102,39,80,14,89,82" hai2="35,97,46,122,36,106,70,92,10,126,121,44,101" hai3="103,71,7,64,98,33,96,57,65,115,72,113,111"/><V91/><F126/><W94/><G72/><T83/><D120/><U1/><E1/><V55/><F35/><W68/><G33/><T40/><D109/><U21/><E34/><V78/><F70/><N who="3" m="26667" /><G7/><N who="0" m="1151" /><D100/><U16/><E124/><V2/><F78/><W135/><G57/><T50/><D56/><U84/><E39/><V127/><F127/><W47/><G47/><T28/><D88/><U48/><E31/><V85/><F36/><W114/><G111/><T130/><D50/><U23/><E48/><V131/><F46/><W58/><G58/><T133/><D130/><U123/><E123/><V112/><F131/><W95/><G135/><AGARI ba="0,0" hai="20,27,28,37,40,45,73,76,83,133,135" m="1151" machi="135" ten="30,3900,0" yaku="25,1,52,2" doraHai="129" who="0" fromWho="3" sc="327,39,187,0,279,0,207,-39" /><INIT seed="3,0,0,0,5,89" ten="366,187,279,168" oya="3" hai0="101,4,59,16,43,56,65,122,28,6,123,5,3" hai1="129,115,98,73,20,74,45,22,105,120,84,132,37" hai2="86,12,113,66,95,131,15,88,41,114,83,23,102" hai3="50,104,9,130,38,71,133,135,94,55,13,96,44"/><W67/><G104/><T91/><D3/><U87/><E115/><V69/><F131/><W108/><G130/><T80/><D28/><U124/><E129/><V116/><F116/><W81/><G38/><T93/><D43/><U24/><E120/><V51/><F69/><W42/><G108/><T61/><D80/><U109/><E37/><V70/><F70/><W0/><G0/><T75/><D75/><U48/><E132/><V53/><F66/><W46/><G81/><T19/><D101/><U49/><E98/><N who="2" m="59743" /><F114/><W54/><G67/><T99/><REACH who="0" step="1"/><D59/><REACH who="0" ten="356,187,279,168" step="2"/><U35/><E74/><V103/><F113/><W57/><G71/><T1/><D1/><U27/><E73/><V121/><F121/><AGARI ba="0,1" hai="4,5,6,16,19,56,61,65,91,93,99,121,122,123" machi="121" ten="40,5200,0" yaku="1,1,52,1,54,1,53,0" doraHai="89" doraHaiUra="21" who="0" fromWho="2" sc="356,62,187,0,279,-52,168,0" /><INIT seed="4,0,0,2,0,106" ten="418,187,227,168" oya="0" hai0="36,2,3,59,101,113,47,25,123,12,55,98,130" hai1="6,64,93,122,7,4,69,132,92,91,15,54,126" hai2="85,38,43,86,49,14,50,111,95,73,37,70,67" hai3="129,65,124,110,109,108,127,1,24,66,18,0,46"/><T135/><D123/><U89/><E122/><V71/><F111/><W128/><G46/><T60/><D130/><N who="3" m="50281" /><G18/><T56/><D113/><U82/><E69/><V96/><F14/><W97/><G97/><T117/><D135/><U53/><E64/><N who="3" m="24682" /><G24/><T83/><D25/><U19/><E132/><V94/><F67/><W17/><G17/><T48/><D12/><U45/><E126/><AGARI ba="0,0" hai="0,1,108,109,110,124,126,127" m="24682,50281" machi="126" ten="40,8000,1" yaku="28,2,18,1,19,1" doraHai="106" who="3" fromWho="1" sc="418,0,187,-80,227,0,168,80" /><INIT seed="5,0,0,3,3,16" ten="418,107,227,248" oya="1" hai0="35,95,126,22,20,117,68,9,122,104,132,93,125" hai1="69,71,39,89,36,67,119,102,113,7,60,114,112" hai2="120,98,96,65,41,99,62,24,53,8,63,25,121" hai3="105,118,72,1,128,31,15,94,45,42,77,48,13"/><U4/><E102/><V80/><F41/><W74/><G105/><T30/><D117/><U37/><E89/><V5/><F80/><W123/><G123/><T55/><D122/><U40/><E4/><V34/><F53/><W70/><G128/><T81/><D68/><N who="1" m="42087" /><E7/><V91/><F91/><W11/><G70/><N who="1" m="26634" /><E119/><V108/><F108/><W56/><G77/><T66/><D9/><U59/><E59/><V110/><F110/><W129/><G56/><T109/><D109/><U88/><E88/><V50/><F34/><W127/><G118/><T19/><D104/><U43/><AGARI ba="0,0" hai="36,37,39,40,43,112,113,114" m="26634,42087" machi="43" ten="50,9600,0" yaku="15,1,34,2" doraHai="16" who="1" fromWho="1" sc="418,-32,107,96,227,-32,248,-32" /><INIT seed="5,1,0,4,3,2" ten="386,203,195,216" oya="1" hai0="97,130,119,99,55,5,98,63,45,43,120,89,79" hai1="108,86,70,123,30,92,39,0,76,22,8,88,60" hai2="126,96,94,112,4,21,84,15,23,107,17,36,104" hai3="64,77,58,111,124,80,57,62,66,13,28,113,93"/><U103/><E123/><V37/><F126/><W50/><G113/><T122/><D119/><U125/><E39/><V116/><F116/><W118/><G118/><T115/><D79/><U7/><E125/><V68/><F68/><W24/><G124/><T47/><D115/><U131/><E131/><V110/><F110/><W135/><G135/><T16/><D5/><U33/><E33/><V101/><F112/><W49/><G111/><T10/><D130/><U106/><E108/><V133/><F133/><W100/><G13/><N who="0" m="7223" /><D89/><U117/><E117/><V129/><F129/><W6/><G6/><T95/><D95/><U40/><E40/><V132/><F132/><W114/><G80/><T46/><D43/><U127/><E76/><V71/><F71/><W82/><G82/><T31/><D31/><U12/><E127/><V59/><F107/><W18/><G77/><T54/><D63/><U102/><E106/><V25/><F4/><W9/><G28/><T32/><D32/><U34/><E60/><V27/><F37/><W65/><G62/><T48/><D48/><N who="3" m="18537" /><G93/><T19/><D19/><N who="1" m="10599" /><E70/><V85/><F36/><W20/><G114/><T56/><D120/><U75/><E75/><V44/><F104/><W35/><G35/><T69/><D69/><U128/><E128/><V91/><F27/><AGARI ba="1,0" hai="0,7,8,27,30,34,86,88,92,102,103" m="10599" machi="27" ten="30,5800,0" yaku="24,1,52,1,54,1" doraHai="2" who="1" fromWho="2" sc="386,0,203,61,195,-61,216,0" /><INIT seed="5,2,0,4,4,129" ten="386,264,134,216" oya="1" hai0="106,46,92,111,8,66,64,29,14,0,123,112,82" hai1="1,71,96,114,130,5,56,119,113,61,37,48,117" hai2="85,60,15,132,78,34,47,105,2,133,10,44,63" hai3="87,99,74,68,79,51,100,4,126,72,50,59,28"/><U39/><E1/><V20/><F34/><W83/><G68/><T70/><D106/><U27/><E5/><V35/><F35/><W116/><G126/><T42/><D0/><U109/><E27/><V103/><F2/><W58/><G116/><T57/><D70/><U115/><E96/><V65/><F20/><W89/><G58/><T108/><D112/><U53/><E130/><V31/><F31/><W9/><G59/><T90/><D82/><U134/><E134/><N who="2" m="51819" /><F78/><W11/><G11/><T94/><D29/><U54/><E109/><V110/><F85/><W73/><G28/><T43/><D8/><U107/><E107/><V40/><F110/><W88/><G9/><T62/><D108/><U55/><E119/><V32/><F32/><W7/><G4/><T97/><D111/><U86/><E86/><V128/><F128/><W84/><G7/><T124/><D14/><U75/><E75/><V33/><F33/><W12/><G12/><T76/><D76/><U23/><E23/><V80/><F80/><W81/><G79/><T120/><D124/><U24/><E24/><V45/><F40/><W19/><G19/><T13/><D43/><U121/><E117/><V104/><F103/><W102/><G100/><T118/><D42/><U91/><E114/><V127/><F127/><W69/><G102/><T30/><D30/><U41/><E41/><V36/><F36/><W125/><G125/><T25/><D118/><U131/><E131/><V98/><F98/><W22/><G99/><T67/><D97/><U21/><E115/><V95/><F15/><W26/><G74/><RYUUKYOKU ba="2,0" sc="386,0,264,0,134,0,216,0" /><INIT seed="6,3,0,3,0,126" ten="386,264,134,216" oya="2" hai0="47,102,115,79,25,84,76,134,41,23,130,60,27" hai1="99,71,62,112,123,77,80,10,38,117,92,72,20" hai2="107,54,59,68,35,18,110,15,57,121,87,43,129" hai3="32,9,119,16,73,133,45,93,131,61,12,48,64"/><V90/><F121/><W105/><G105/><T36/><D27/><U128/><E117/><V6/><F68/><W11/><G73/><T0/><D0/><U114/><E38/><V19/><F110/><W67/><G119/><T132/><D130/><U28/><E10/><V65/><F35/><W109/><G131/><T1/><D1/><U122/><E128/><V50/><F107/><W125/><G125/><T14/><D115/><N who="1" m="44075" /><E28/><V40/><F129/><W106/><G106/><T17/><D102/><N who="1" m="60775" /><E20/><V81/><F6/><W111/><G32/><T94/><D60/><U74/><E71/><V88/><F90/><W13/><G133/><T89/><D25/><U34/><E62/><N who="2" m="38111" /><F19/><W4/><G93/><T24/><D24/><U44/><E44/><V86/><F87/><W95/><G95/><T31/><D31/><U58/><E58/><V22/><AGARI ba="3,0" hai="15,18,22,40,43,50,54,57,81,86,88" m="38111" machi="22" ten="30,3000,0" yaku="8,1,54,1" doraHai="126" who="2" fromWho="2" sc="386,-13,264,-13,134,39,216,-13" /><INIT seed="6,4,0,3,0,21" ten="373,251,173,203" oya="2" hai0="40,12,39,106,123,25,22,26,75,59,121,107,18" hai1="5,134,67,57,115,14,127,50,130,65,108,95,62" hai2="34,85,74,70,114,117,132,20,111,1,43,28,133" hai3="48,33,135,79,113,112,64,99,58,8,56,68,24"/><V35/><F117/><W13/><G79/><T131/><D75/><U128/><E108/><V91/><F74/><W129/><G99/><T103/><D131/><N who="1" m="50219" /><E95/><V94/><F111/><W124/><G129/><T61/><D40/><U72/><E72/><V118/><F118/><W86/><G86/><T109/><D39/><U116/><E116/><V84/><F114/><N who="3" m="44139" /><G135/><N who="2" m="51785" /><F70/><W80/><G80/><T37/><D26/><U78/><E78/><V92/><F1/><W16/><G48/><T54/><D37/><U30/><E127/><V11/><F11/><W82/><G82/><T102/><D109/><U4/><E50/><V9/><F9/><W17/><G124/><T98/><D103/><U122/><E122/><V60/><F60/><N who="3" m="39943" /><G17/><T55/><D107/><U52/><E134/><V105/><F105/><W41/><G41/><T76/><D76/><U73/><E73/><V45/><F84/><W66/><G66/><T125/><D125/><U119/><E119/><V27/><F92/><W19/><G19/><T36/><D36/><AGARI ba="4,0" hai="20,27,28,34,35,36,43,45,85,91,94" m="51785" machi="36" ten="30,2900,0" yaku="20,1,52,1" doraHai="21" who="2" fromWho="0" sc="373,-41,251,0,173,41,203,0" /><INIT seed="6,5,0,5,0,97" ten="332,251,214,203" oya="2" hai0="13,1,45,40,83,6,103,34,82,14,91,85,120" hai1="26,115,3,51,100,116,105,60,106,92,42,119,12" hai2="46,94,95,2,8,112,36,0,117,135,20,98,56" hai3="118,9,107,77,122,15,33,32,16,30,38,133,84"/><V111/><F117/><W76/><G118/><T127/><D34/><U4/><E3/><V72/><F112/><W67/><G122/><T134/><D120/><U65/><E106/><V61/><F135/><W86/><G38/><T37/><D1/><U126/><E105/><V58/><F72/><W48/><G107/><T71/><D71/><U62/><E115/><V55/><F94/><W43/><G133/><T66/><D66/><U101/><E126/><V131/><F131/><W73/><G67/><T52/><D127/><U5/><E119/><V69/><F69/><W104/><G104/><T78/><D103/><N who="1" m="39499" /><E65/><V110/><F2/><W23/><G33/><T35/><D6/><N who="1" m="2667" /><E26/><V53/><F0/><W29/><G32/><T63/><D35/><U64/><E64/><V27/><F27/><N who="3" m="16767" /><G29/><T7/><D134/><U129/><E129/><V21/><F36/><W113/><G73/><T22/><D37/><U68/><E68/><V39/><F39/><W25/><G25/><T54/><D13/><U102/><E12/><V50/><F110/><W70/><G70/><T24/><D14/><U47/><E116/><V108/><F108/><W81/><G113/><T59/><D24/><U80/><E80/><V132/><F111/><W10/><G10/><T121/><D82/><U96/><AGARI ba="5,0" hai="42,47,51,60,62,92,96,102" m="2667,39499" machi="96" ten="30,8000,1" yaku="8,1,52,4" doraHai="97" who="1" fromWho="1" sc="332,-25,251,95,214,-45,203,-25" /><INIT seed="7,0,0,1,4,94" ten="307,346,169,178" oya="3" hai0="62,43,17,91,115,125,11,20,33,89,15,83,97" hai1="107,78,68,129,16,70,79,29,121,12,52,0,80" hai2="57,81,50,99,123,131,71,37,134,112,69,34,114" hai3="77,61,90,30,100,58,8,103,51,27,49,44,35"/><W13/><G77/><T98/><D33/><U108/><E108/><V116/><F116/><W85/><G58/><T36/><D125/><U88/><E0/><V132/><F131/><W133/><G133/><N who="2" m="51305" /><F123/><W63/><G63/><T124/><D124/><U82/><E70/><N who="2" m="26635" /><F37/><W122/><G61/><T66/><D115/><U55/><E82/><V19/><F34/><W119/><G119/><T54/><D54/><U42/><E55/><N who="2" m="31991" /><F99/><N who="0" m="37898" /><D36/><U25/><E107/><V64/><F64/><W95/><G122/><T47/><D83/><U73/><E79/><V135/><N who="2" m="51313" /><V21/><DORA hai="117" /><F81/><W39/><G39/><T5/><D43/><U92/><E73/><V2/><F2/><W102/><REACH who="3" step="1"/><G44/><REACH who="3" ten="307,346,169,168" step="2"/><T32/><D47/><U3/><E121/><V75/><F75/><W74/><G74/><T118/><D62/><U84/><E78/><V86/><F86/><W23/><G23/><T120/><D118/><U41/><E84/><V7/><F7/><AGARI ba="0,1" hai="7,8,13,27,30,35,49,51,85,90,95,100,102,103" machi="7" ten="40,7700,0" yaku="1,1,53,2" doraHai="94,117" doraHaiUra="46,105" who="3" fromWho="2" sc="307,0,346,0,169,-77,168,87" /><INIT seed="7,1,0,0,5,85" ten="307,346,92,255" oya="3" hai0="37,122,1,36,63,30,42,135,90,38,24,39,48" hai1="32,29,74,95,0,110,87,47,124,34,106,54,134" hai2="14,3,81,31,7,50,123,116,18,88,114,86,52" hai3="4,77,27,119,64,28,56,97,121,60,111,93,66"/><W76/><G119/><T22/><D122/><U83/><E106/><V79/><F123/><W72/><G121/><T70/><D1/><U133/><E110/><V65/><F114/><W41/><G111/><T17/><D135/><N who="1" m="51723" /><E124/><V108/><F108/><W35/><G72/><T103/><D103/><U92/><E0/><V109/><F109/><W10/><G41/><T96/><D48/><N who="1" m="28959" /><E74/><V33/><F116/><W82/><G82/><T91/><D96/><U49/><E49/><V6/><F3/><W130/><G66/><T80/><D80/><U13/><E13/><V107/><F107/><W127/><G130/><T67/><D42/><U58/><E58/><V98/><F65/><W101/><G127/><T104/><D104/><U55/><E55/><V8/><F33/><N who="1" m="12905" /><E29/><V73/><F31/><W113/><REACH who="3" step="1"/><G113/><REACH who="3" ten="307,346,92,245" step="2"/><T99/><D39/><U40/><E40/><V59/><REACH who="2" step="1"/><F98/><REACH who="2" ten="307,346,82,245" step="2"/><W118/><G118/><T57/><D99/><U11/><E83/><V20/><F20/><W89/><G89/><T105/><D105/><U68/><E11/><V62/><F62/><W112/><G112/><T131/><D131/><U94/><E68/><V120/><F120/><W78/><G78/><T126/><D126/><U128/><E128/><V53/><F53/><W125/><G125/><T129/><D129/><U46/><E46/><V12/><F12/><AGARI ba="1,2" hai="4,10,12,27,28,35,56,60,64,76,77,93,97,101" machi="12" ten="30,5800,0" yaku="1,1,7,1,53,1" doraHai="85" doraHaiUra="21" who="3" fromWho="2" sc="307,0,346,0,82,-61,245,81" /><INIT seed="7,2,0,3,0,45" ten="307,346,21,326" oya="3" hai0="43,91,93,123,5,132,97,96,36,16,10,75,17" hai1="22,117,47,100,87,19,3,110,118,85,2,7,112" hai2="53,64,31,98,39,20,116,120,124,101,63,127,129" hai3="29,79,89,14,107,50,105,73,28,119,32,71,51"/><W80/><G119/><N who="1" m="45578" /><E110/><V130/><F116/><W78/><G71/><T125/><D123/><U86/><E112/><V99/><F31/><N who="3" m="11851" /><G32/><T67/><D125/><N who="2" m="48202" /><F20/><W26/><G73/><T66/><D75/><U27/><E7/><V42/><F101/><W37/><G37/><T126/><D126/><U84/><E100/><V56/><F98/><W121/><G121/><T1/><D132/><U103/><E103/><V13/><F99/><W60/><G60/><T76/><D76/><N who="3" m="29225" /><G26/><T44/><REACH who="0" step="1"/><D97/><REACH who="0" ten="297,346,21,326" step="2"/><U108/><E108/><V94/><F120/><W12/><G105/><T25/><D25/><U38/><E87/><V122/><F122/><W41/><G107/><T90/><D90/><U113/><E113/><V48/><F13/><N who="3" m="5227" /><G41/><AGARI ba="2,1" hai="2,3,19,22,27,38,41,47,84,85,86" m="45578" machi="41" ten="30,1000,0" yaku="12,1" doraHai="45" who="1" fromWho="3" sc="297,0,346,26,21,0,326,-16" owari="297,-10.0,372,47.0,21,-48.0,310,11.0" /></mjloggm>