<mjloggm ver="2.3"><GO type="169" lobby="0"/><UN n0="%E3%83%9D%E3%83%B3%E3%83%89%E3%83%AB" n1="%E3%81%A4%E3%82%89%E3%81%84%E3%80%82" n2="%28%3B%E3%83%BB%E2%88%80%E3%83%BB%29" n3="%E5%BD%97%E6%98%9F%E5%85%A5%E3%83%92%E3%82%B3" dan="16,16,16,16" rate="2052.85,2100.41,2180.88,2137.44" sx="M,M,M,M"/><TAIKYOKU oya="0"/><INIT seed="0,0,0,2,4,131" ten="250,250,250,250" oya="0" hai0="5,87,93,33,26,109,10,102,82,84,49,20,15" hai1="40,124,13,27,126,12,85,59,123,1,99,107,35" hai2="112,135,7,119,46,3,57,2,95,129,127,58,88" hai3="103,50,81,52,14,90,63,62,38,89,75,64,53"/><T42/><D33/><U101/><E1/><V19/><F112/><W0/><G0/><T32/><D32/><U92/><E40/><V86/><F129/><W65/><G38/><T54/><D109/><U16/><E59/><V30/><F7/><W100/><G75/><T55/><D102/><N who="3" m="38953" /><G14/><T51/><D93/><U41/><E41/><V47/><F30/><W6/><G6/><T115/><D115/><U104/><E123/><V116/><F95/><W83/><G50/><T96/><D96/><U34/><E12/><V105/><F86/><W74/><G74/><T121/><D121/><U17/><E17/><V23/><F23/><W31/><G31/><N who="0" m="17863" /><D84/><U37/><E37/><V70/><F19/><W97/><G97/><T79/><D51/><U48/><E48/><V9/><F70/><W133/><G133/><T108/><D108/><U67/><E27/><V66/><F66/><N who="3" m="25707" /><G89/><T11/><D10/><N who="1" m="6199" /><E67/><V130/><F130/><W111/><G90/><T29/><D29/><U98/><E85/><V110/><F88/><W43/><G43/><T72/><D72/><U61/><E107/><V91/><F91/><W69/><G69/><T122/><D122/><U25/><E25/><V68/><F68/><W73/><G73/><T36/><D36/><U4/><E104/><V60/><F105/><W120/><G120/><T18/><D18/><U77/><E99/><V56/><F110/><W125/><G111/><T71/><D71/><U134/><E98/><V132/><F9/><W128/><G128/><T22/><D22/><U21/><E21/><V44/><F3/><W8/><G8/><RYUUKYOKU ba="0,0" sc="250,30,250,-10,250,-10,250,-10" hai0="5,11,15,42,49,54,55,79,82,87" /><INIT seed="0,1,0,2,2,7" ten="280,240,240,240" oya="0" hai0="30,67,40,132,134,105,107,20,75,123,122,100,54" hai1="65,4,83,99,14,106,56,87,68,59,33,115,12" hai2="118,58,51,119,124,45,85,53,22,92,2,27,93" hai3="3,25,6,130,52,11,24,103,114,112,117,43,44"/><T101/><D67/><U64/><E33/><V96/><F2/><W90/><G117/><N who="2" m="44553" /><F124/><W63/><G130/><T97/><D54/><U10/><E115/><V36/><F85/><W126/><G126/><T84/><D40/><U128/><E128/><V28/><F96/><W60/><G103/><T88/><D20/><U48/><E68/><V61/><F36/><W71/><G90/><T35/><D75/><U91/><E106/><V94/><F94/><W42/><G42/><AGARI ba="1,0" hai="22,27,28,42,45,51,53,58,61,92,93" m="44553" machi="42" ten="30,1000,0" yaku="12,1" doraHai="7" who="2" fromWho="3" sc="280,0,240,0,240,13,240,-13" /><INIT seed="1,0,0,2,3,106" ten="280,240,253,227" oya="1" hai0="43,85,115,35,29,47,53,32,114,38,25,80,95" hai1="51,110,45,105,127,78,13,24,54,84,69,121,91" hai2="83,61,118,74,132,57,6,17,122,101,88,52,92" hai3="104,68,70,117,19,119,0,81,109,108,107,7,55"/><U123/><E127/><V58/><F118/><N who="3" m="45067" /><G55/><T63/><D35/><U131/><E131/><V99/><F122/><W30/><G19/><T82/><D82/><U56/><E69/><N who="3" m="26730" /><G30/><T79/><REACH who="0" step="1"/><D95/><REACH who="0" ten="270,240,253,227" step="2"/><U93/><E123/><V50/><F132/><W49/><G81/><T22/><D22/><U126/><E121/><V73/><F6/><W120/><G120/><T86/><D86/><U102/><E126/><V27/><F83/><W62/><G62/><T37/><D37/><U60/><E78/><V18/><F101/><W21/><G21/><T130/><D130/><U129/><E129/><V124/><F124/><W65/><G49/><T39/><D39/><U59/><E110/><N who="3" m="42602" /><G65/><T48/><D48/><U76/><E51/><V42/><F42/><W98/><G98/><T44/><D44/><U77/><E45/><V128/><F128/><W90/><G90/><T87/><D87/><U64/><E91/><V66/><REACH who="2" step="1"/><F18/><REACH who="2" ten="270,240,243,227" step="2"/><W33/><G33/><T94/><D94/><U134/><E93/><V23/><AGARI ba="0,2" hai="17,23,27,50,52,57,58,61,66,73,74,88,92,99" machi="23" ten="30,12000,2" yaku="1,1,2,1,0,1,52,2,54,2,53,0" doraHai="106" doraHaiUra="103" who="2" fromWho="2" sc="270,-30,240,-60,243,140,227,-30" /><INIT seed="2,0,0,0,0,134" ten="240,180,383,197" oya="2" hai0="85,35,88,59,94,61,126,45,97,120,90,86,21" hai1="105,91,39,33,127,64,125,9,74,62,123,26,48" hai2="83,60,38,57,18,80,41,75,4,104,66,47,71" hai3="22,44,67,20,32,118,79,114,76,29,95,133,117"/><V5/><F104/><W99/><G133/><T46/><D35/><U84/><E39/><V3/><F3/><W116/><G32/><T128/><D120/><U81/><E123/><V87/><F75/><W124/><G114/><T36/><D128/><U106/><E48/><V109/><F109/><W0/><G0/><T63/><D63/><U40/><E40/><V108/><F108/><W8/><G8/><T70/><D70/><U55/><E55/><V72/><F72/><W121/><G121/><T102/><D126/><N who="1" m="48139" /><E9/><V92/><F92/><W17/><G124/><T100/><D21/><U14/><E14/><V107/><F107/><W129/><G129/><T69/><D69/><N who="1" m="42135" /><E74/><V98/><F18/><W110/><G17/><T24/><D24/><U112/><E112/><V1/><F1/><W15/><G118/><T7/><D7/><U65/><E65/><V132/><F132/><W54/><G67/><N who="0" m="39359" /><D36/><U6/><E6/><V37/><F37/><W130/><G117/><T42/><D42/><U96/><E96/><V77/><F98/><W101/><G99/><T23/><D97/><U119/><E119/><V58/><F5/><W103/><G116/><T16/><D45/><U131/><E131/><V34/><F4/><W122/><G130/><T93/><D46/><U51/><E51/><V56/><F34/><W28/><G44/><T68/><D68/><U2/><E2/><V82/><AGARI ba="0,0" hai="38,41,47,56,57,58,60,66,71,77,80,82,83,87" machi="82" ten="30,1500,0" yaku="0,1" doraHai="134" who="2" fromWho="2" sc="240,-5,180,-5,383,15,197,-5" /><INIT seed="2,1,0,3,5,53" ten="235,175,398,192" oya="2" hai0="60,66,67,37,55,89,6,45,33,130,51,40,26" hai1="0,58,13,132,129,65,133,47,49,36,77,59,82" hai2="28,34,108,80,118,56,98,61,88,116,95,19,126" hai3="30,57,24,87,123,18,68,131,11,103,41,27,12"/><V113/><F113/><W69/><G123/><T128/><D6/><U79/><E0/><V21/><F126/><W71/><G131/><N who="0" m="50219" /><D89/><U99/><E129/><V124/><F124/><W75/><G75/><T29/><D60/><U9/><E36/><V122/><F122/><W10/><G103/><T7/><D7/><N who="1" m="3263" /><E65/><V54/><F34/><W2/><G41/><T93/><D93/><U15/><E15/><V107/><F28/><W43/><G43/><T48/><D37/><U117/><E117/><V96/><F80/><W16/><G87/><T22/><D33/><U63/><E63/><V119/><F108/><W44/><G44/><AGARI ba="1,0" hai="22,26,29,40,44,45,48,51,55,66,67" m="50219" machi="44" ten="30,1000,0" yaku="19,1" doraHai="53" who="0" fromWho="3" sc="235,13,175,0,398,0,192,-13" /><INIT seed="3,0,0,5,0,75" ten="248,175,398,179" oya="3" hai0="40,104,50,58,77,72,0,101,127,102,48,37,116" hai1="120,105,83,110,115,34,100,107,95,70,15,134,19" hai2="3,42,85,94,132,27,90,118,98,87,41,43,78" hai3="79,73,64,54,67,39,10,99,97,17,81,66,46"/><W55/><G17/><T26/><D116/><U35/><E70/><V114/><F118/><W119/><G119/><T91/><D0/><U6/><E115/><V82/><F114/><W112/><G112/><T62/><D127/><U53/><E120/><V128/><F3/><W117/><G117/><T111/><D111/><U14/><E110/><V113/><F113/><W18/><G55/><T80/><D37/><U93/><E134/><V60/><F132/><W7/><G18/><T11/><D11/><U59/><E83/><V21/><F128/><W16/><G16/><T76/><D26/><U84/><E35/><V133/><F133/><W51/><REACH who="3" step="1"/><G39/><REACH who="3" ten="248,175,398,169" step="2"/><T121/><D121/><U24/><E19/><V5/><F5/><W86/><G86/><N who="0" m="50631" /><D72/><U56/><E84/><N who="2" m="48215" /><F27/><W71/><G71/><T9/><D40/><U33/><E24/><V89/><F21/><W4/><G4/><T36/><D36/><U61/><E53/><V129/><F129/><W30/><G30/><T131/><D131/><U96/><E6/><V88/><F60/><W2/><AGARI ba="0,1" hai="2,7,10,46,51,54,64,66,67,73,79,81,97,99" machi="2" ten="30,6000,0" yaku="1,1,0,1,52,1,53,0" doraHai="75" doraHaiUra="135" who="3" fromWho="3" sc="248,-20,175,-20,398,-20,169,70" /><INIT seed="3,1,0,5,5,51" ten="228,155,378,239" oya="3" hai0="119,33,66,118,79,67,131,71,60,134,40,99,14" hai1="1,115,3,62,117,28,34,15,26,87,56,22,4" hai2="103,89,42,93,10,129,52,114,84,48,7,6,77" hai3="64,111,75,58,85,97,126,68,88,72,41,90,55"/><W96/><G41/><T130/><D33/><U106/><E115/><V23/><F114/><W47/><G126/><T98/><D40/><U45/><E117/><V127/><F129/><N who="0" m="49162" /><D134/><U50/><E106/><V105/><F127/><W44/><G75/><T2/><D2/><U132/><E132/><V27/><F42/><W107/><G72/><T125/><D125/><U65/><E87/><V39/><F39/><W92/><G111/><T74/><D66/><U78/><E78/><V95/><F77/><W37/><G37/><T128/><D128/><U13/><E15/><V35/><F35/><W12/><G68/><T121/><D121/><U116/><E116/><N who="0" m="44585" /><D14/><U101/><E101/><V59/><F105/><W20/><G64/><T83/><AGARI ba="1,0" hai="60,67,71,74,79,83,98,99" m="44585,49162" machi="83" ten="40,1500,0" yaku="19,1" doraHai="51" who="0" fromWho="0" sc="228,18,155,-5,378,-5,239,-8" /><INIT seed="4,0,0,1,5,108" ten="246,150,373,231" oya="0" hai0="118,65,30,72,38,130,59,23,40,73,44,134,82" hai1="3,2,58,29,47,86,71,83,9,117,14,22,89" hai2="57,66,21,10,62,129,80,93,119,46,55,133,0" hai3="6,51,111,35,54,127,92,28,135,104,131,109,61"/><T36/><D118/><U105/><E71/><V107/><F107/><W87/><G104/><T121/><D121/><U45/><E117/><V98/><F119/><W112/><G127/><T96/><D134/><U64/><E105/><V74/><F133/><W56/><G135/><T63/><D36/><U26/><E2/><V42/><F129/><W32/><G131/><T33/><D130/><U13/><E3/><V50/><F21/><W60/><G6/><T7/><D7/><U77/><E89/><V100/><F0/><W12/><G12/><T114/><D114/><U41/><E13/><V39/><F10/><W123/><G123/><T115/><D115/><U25/><E25/><V91/><F74/><W120/><G112/><T67/><D67/><U85/><E85/><V76/><F76/><W102/><G120/><T95/><D33/><U70/><E70/><N who="2" m="42327" /><F80/><W75/><G75/><T126/><D82/><U43/><E41/><V128/><F128/><W1/><G1/><T116/><D126/><U27/><E27/><V124/><F124/><W8/><G8/><T5/><D5/><N who="1" m="3375" /><E43/><V103/><AGARI ba="0,0" hai="39,42,46,50,55,57,91,93,98,100,103" m="42327" machi="103" ten="30,1100,0" yaku="24,1" doraHai="108" who="2" fromWho="2" sc="246,-5,150,-3,373,11,231,-3" /><INIT seed="5,0,0,2,0,109" ten="241,147,384,228" oya="1" hai0="95,40,20,19,43,44,108,101,65,54,52,60,111" hai1="56,74,83,92,128,2,14,30,63,129,124,15,18" hai2="68,125,29,81,62,34,118,90,77,120,42,79,134" hai3="69,61,110,107,32,99,33,16,103,50,36,0,102"/><U47/><E2/><V97/><F118/><W70/><G110/><T59/><D43/><U38/><E30/><V76/><F120/><W104/><G0/><T82/><D82/><U28/><E28/><V93/><F42/><W96/><G36/><T41/><D41/><N who="1" m="22967" /><E92/><V55/><F125/><W49/><G61/><T112/><D111/><U88/><E74/><V7/><F7/><W48/><G48/><T17/><D108/><U5/><E5/><V89/><F134/><W10/><G10/><T6/><D6/><U85/><E18/><AGARI ba="0,0" hai="16,18,32,33,49,50,69,70,96,99,102,103,104,107" machi="18" ten="25,3200,0" yaku="22,2,54,1" doraHai="109" who="3" fromWho="1" sc="241,0,147,-32,384,0,228,32" /><INIT seed="6,0,0,1,0,10" ten="241,115,384,260" oya="2" hai0="129,21,107,79,66,15,72,87,49,31,53,91,88" hai1="74,16,29,37,32,84,99,41,57,97,18,80,126" hai2="59,11,121,73,105,106,43,34,2,95,112,6,22" hai3="44,86,24,114,104,36,23,122,96,5,12,125,75"/><V119/><F119/><W45/><G122/><T42/><D107/><U120/><E126/><V118/><F118/><W70/><G70/><T98/><D72/><U127/><E127/><V52/><F34/><W111/><G75/><T39/><D39/><U135/><E120/><V17/><F121/><W27/><G111/><T56/><D129/><U133/><E74/><V30/><F30/><W4/><G125/><T81/><D31/><U93/><E37/><V116/><F116/><W134/><G36/><T85/><D66/><U47/><E57/><V9/><F43/><W123/><G123/><T60/><D98/><U110/><E110/><V14/><F112/><W94/><G114/><T103/><D103/><U71/><E71/><V92/><F73/><W113/><G104/><T0/><D0/><U130/><E130/><V3/><F105/><W101/><G134/><T124/><D124/><U62/><E62/><V40/><F40/><W38/><G86/><T50/><D42/><U83/><E29/><V90/><F106/><W78/><G78/><T28/><D79/><U132/><E32/><V35/><F35/><W89/><G101/><T51/><D28/><U33/><E33/><V46/><F46/><N who="3" m="18027" /><G38/><T115/><D115/><U117/><E117/><V128/><F128/><W19/><G113/><T20/><REACH who="0" step="1"/><D15/><REACH who="0" ten="231,115,384,260" step="2"/><U55/><E41/><V82/><F2/><W109/><G109/><T54/><D54/><U68/><E97/><V61/><F3/><W102/><G102/><T76/><D76/><U58/><E99/><V100/><F100/><W1/><G1/><T67/><D67/><RYUUKYOKU ba="0,1" sc="231,15,115,-15,384,-15,260,15" hai0="20,21,49,50,51,53,56,60,81,85,87,88,91" hai3="4,5,12,19,23,24,27,89,94,96" /><INIT seed="7,1,1,5,1,112" ten="246,100,369,275" oya="3" hai0="100,45,91,19,62,71,70,27,130,37,56,101,35" hai1="125,23,90,119,39,15,41,58,121,110,105,122,28" hai2="1,78,129,76,113,4,67,6,57,115,95,21,17" hai3="117,53,88,65,82,98,25,3,29,2,31,50,106"/><W74/><G117/><T79/><D79/><U123/><E105/><V40/><F40/><W13/><G65/><T120/><D120/><U124/><E90/><V102/><F102/><W48/><G106/><T109/><D109/><U69/><E58/><V107/><F107/><W52/><G13/><T26/><D91/><U30/><E69/><V5/><F95/><W44/><G74/><T133/><D37/><U99/><E99/><V127/><F1/><W18/><G18/><T114/><D45/><U34/><E41/><V126/><F57/><W66/><G66/><T84/><D114/><N who="2" m="43530" /><F67/><W59/><G31/><N who="1" m="11818" /><E39/><V61/><F61/><W94/><G82/><T83/><D100/><U10/><E110/><V93/><F93/><W51/><REACH who="3" step="1"/><G48/><REACH who="3" ten="246,100,369,265" step="2"/><T8/><D70/><U16/><E34/><AGARI ba="1,2" hai="2,3,25,29,34,44,50,51,52,53,59,88,94,98" machi="34" ten="30,18000,2" yaku="1,1,2,1,7,1,54,2,53,1" doraHai="112" doraHaiUra="24" who="3" fromWho="1" sc="246,0,100,-183,369,0,265,203" owari="246,-15.0,-83,-58.0,369,17.0,468,56.0" /></mjloggm>