<mjloggm ver="2.3"><GO type="169" lobby="0"/><UN n0="%E5%A4%A9%E7%A5%9E%E9%B3%B3%E4%BD%8D" n1="%E3%83%8E%E3%82%AA%E3%83%81%E3%83%A3%E3%83%99%E3%82%B9" n2="%E7%A7%8B%E6%9C%88%36%31" n3="%E5%AE%9F%E5%AD%98" dan="16,16,17,17" rate="2103.38,2097.29,2115.26,2163.69" sx="M,M,M,M"/><TAIKYOKU oya="0"/><INIT seed="0,0,0,0,1,131" ten="250,250,250,250" oya="0" hai0="99,76,110,72,51,48,41,31,132,4,46,35,83" hai1="86,94,95,44,98,50,0,7,79,37,9,105,119" hai2="68,52,56,54,22,102,81,130,124,75,87,123,109" hai3="20,32,112,47,42,106,89,11,43,120,88,84,101"/><T91/><D4/><U40/><E119/><V17/><F130/><W24/><G112/><T53/><D110/><U128/><E128/><V107/><F75/><W49/><G120/><T64/><D64/><U108/><E108/><V96/><F68/><W26/><G32/><T66/><D66/><U57/><E105/><V115/><F124/><W133/><G106/><T61/><D61/><U30/><E30/><V5/><F5/><W14/><G101/><T90/><D99/><U118/><E118/><V80/><F123/><W16/><G133/><T12/><D12/><U122/><E122/><V116/><F116/><W117/><G117/><T85/><D72/><U77/><E95/><V34/><F34/><W10/><G89/><T15/><D15/><U97/><E97/><V126/><F115/><W104/><G104/><T70/><D70/><U78/><E86/><V67/><F126/><W127/><G42/><T33/><D132/><U111/><E111/><V69/><F69/><W82/><G127/><T38/><D38/><U60/><E37/><V2/><F2/><W63/><G63/><T103/><D103/><U100/><E77/><V25/><F109/><W134/><G134/><T121/><D121/><U39/><E39/><V3/><F3/><W71/><G71/><T19/><D19/><U113/><E113/><V58/><F87/><W62/><G62/><T73/><D73/><U6/><E6/><V18/><F67/><AGARI ba="0,0" hai="0,7,9,40,44,50,57,60,67,78,79,94,98,100" machi="67" ten="30,1000,0" yaku="7,1" doraHai="131" who="1" fromWho="2" sc="250,0,250,10,250,-10,250,0" /><INIT seed="1,0,0,2,2,12" ten="250,260,240,250" oya="1" hai0="6,19,65,81,99,134,35,31,39,9,100,72,49" hai1="17,102,69,44,34,133,27,5,129,86,55,70,68" hai2="76,92,67,78,115,118,116,16,117,38,122,11,91" hai3="96,126,0,112,21,20,64,73,131,119,114,63,48"/><U127/><E5/><V46/><F122/><W52/><G0/><T43/><D134/><U104/><E133/><V15/><F115/><W14/><G73/><T113/><D113/><U25/><E129/><V98/><REACH who="2" step="1"/><F67/><REACH who="2" ten="250,260,230,250" step="2"/><W66/><G66/><T13/><D65/><U85/><E70/><V108/><F108/><W88/><G114/><T61/><D39/><U2/><E69/><V45/><F45/><W120/><G112/><T58/><D61/><U41/><E68/><V40/><AGARI ba="0,1" hai="11,15,16,38,40,46,76,78,91,92,98,116,117,118" machi="40" ten="40,8000,1" yaku="1,1,0,1,52,1,54,1,53,0" doraHai="12" doraHaiUra="111" who="2" fromWho="2" sc="250,-20,260,-40,230,90,250,-20" /><INIT seed="2,0,0,4,5,62" ten="230,220,320,230" oya="2" hai0="133,14,67,63,107,45,44,7,90,98,28,49,76" hai1="1,18,78,111,17,57,99,113,3,84,103,86,96" hai2="23,92,126,123,72,34,35,131,20,51,82,110,105" hai3="122,66,75,4,94,59,19,129,8,38,71,40,109"/><V115/><F115/><W70/><G122/><T108/><D108/><U93/><E111/><V27/><F110/><W6/><G129/><T26/><D133/><U118/><E118/><V60/><F105/><W91/><G75/><T16/><D7/><U135/><E135/><V21/><F123/><W15/><G109/><T54/><D76/><U128/><E128/><V36/><F36/><W74/><G74/><T48/><D107/><U12/><E113/><V41/><F131/><W69/><G40/><T24/><D28/><U29/><E29/><V87/><F27/><W50/><G38/><T104/><D104/><U79/><E57/><V25/><F25/><W130/><G130/><T89/><D98/><U102/><E12/><V134/><F134/><W114/><G114/><T43/><D26/><U68/><E93/><V22/><F72/><W37/><G37/><T100/><D100/><U55/><E55/><V32/><F92/><W85/><G50/><T30/><D24/><U53/><E53/><V5/><F5/><W124/><G124/><T132/><D30/><U58/><E58/><V33/><F126/><W61/><AGARI ba="0,0" hai="4,6,8,15,19,59,61,66,69,70,71,85,91,94" machi="61" ten="40,2700,0" yaku="0,1,52,1" doraHai="62" who="3" fromWho="3" sc="230,-7,220,-7,320,-13,230,27" /><INIT seed="3,0,0,3,4,112" ten="223,213,307,257" oya="3" hai0="85,81,21,121,104,126,133,98,74,122,69,83,48" hai1="4,19,44,68,84,72,54,43,62,116,46,123,87" hai2="119,16,22,93,78,115,20,108,55,24,77,73,51" hai3="92,50,127,59,111,71,100,135,37,40,56,107,94"/><W13/><G71/><T125/><D21/><U124/><E72/><V91/><F108/><W57/><G37/><T31/><D48/><U52/><E123/><N who="0" m="47113" /><D31/><U117/><E4/><V58/><F115/><W30/><G135/><T101/><D69/><U14/><E124/><N who="0" m="47721" /><D133/><U7/><E7/><V47/><F119/><N who="1" m="45641" /><E46/><V9/><F73/><W1/><G1/><T82/><D74/><U90/><E68/><V99/><F9/><W95/><G59/><T109/><D109/><U89/><E87/><AGARI ba="0,0" hai="81,82,83,85,87,98,101,104" m="47721,47113" machi="87" ten="40,5200,0" yaku="18,1,34,2" doraHai="112" who="0" fromWho="1" sc="223,52,213,-52,307,0,257,0" /><INIT seed="4,0,0,4,3,36" ten="275,161,307,257" oya="0" hai0="117,127,45,110,90,18,92,86,96,124,14,72,103" hai1="30,4,109,113,38,84,93,9,58,19,10,135,128" hai2="21,66,29,112,123,57,49,62,87,129,115,64,37" hai3="76,60,91,130,7,8,131,11,77,31,1,104,83"/><T47/><D117/><U28/><E109/><V16/><F123/><W67/><G104/><T105/><D72/><U48/><E38/><V116/><F37/><W46/><G31/><T132/><D110/><U88/><E128/><V65/><F129/><N who="3" m="49163" /><G46/><T3/><D3/><U98/><E135/><V50/><F29/><W39/><G39/><T34/><D34/><U63/><E113/><N who="2" m="43595" /><F87/><N who="3" m="50687" /><G8/><N who="0" m="6471" /><D132/><U17/><E30/><V32/><F32/><W52/><G52/><T73/><D73/><U54/><E28/><V106/><F106/><W35/><G35/><T82/><D105/><U102/><E48/><N who="2" m="18539" /><F116/><W78/><G78/><T12/><D12/><AGARI ba="0,0" hai="12,16,21,57,62,64,65,66" m="18539,43595" machi="12" ten="30,2000,0" yaku="15,1,54,1" doraHai="36" who="2" fromWho="0" sc="275,-20,161,0,307,20,257,0" /><INIT seed="5,0,0,0,0,17" ten="255,161,327,257" oya="1" hai0="67,52,102,76,49,3,64,72,113,56,57,25,75" hai1="1,58,84,22,88,109,104,36,62,74,77,85,93" hai2="31,63,39,7,80,124,44,86,12,42,54,18,65" hai3="43,83,89,128,121,11,95,130,69,123,34,112,16"/><U78/><E1/><V127/><F54/><W20/><G34/><T131/><D113/><U66/><E36/><V35/><F7/><W132/><G69/><T116/><D116/><U27/><E104/><V94/><F94/><W14/><G112/><T37/><D131/><N who="3" m="50217" /><G132/><T98/><D37/><U107/><E107/><V2/><F2/><W110/><G110/><T115/><D115/><U38/><E38/><V55/><F55/><W33/><G33/><T26/><D3/><U90/><E74/><V100/><F100/><W79/><G43/><T61/><D67/><U122/><E122/><V70/><F35/><W81/><G11/><T29/><D76/><U45/><E45/><V10/><F31/><W114/><G114/><T91/><D91/><U5/><E5/><V6/><F6/><W32/><G32/><T105/><D26/><U28/><E109/><V40/><F42/><W92/><G92/><AGARI ba="0,0" hai="22,27,28,58,62,66,77,78,84,85,88,90,92,93" machi="92" ten="30,12000,1" yaku="7,1,9,1,8,1,52,1,54,1" doraHai="17" who="1" fromWho="3" sc="255,0,161,120,327,0,257,-120" /><INIT seed="5,1,0,5,0,108" ten="255,281,327,137" oya="1" hai0="45,70,48,51,2,135,66,86,128,64,44,62,79" hai1="78,87,126,100,15,1,77,83,130,3,17,27,116" hai2="73,39,95,40,75,10,90,49,114,101,32,132,127" hai3="53,34,13,98,80,21,89,56,107,33,14,42,103"/><U117/><E27/><V9/><F32/><W120/><G120/><T47/><D2/><U88/><E126/><V31/><F31/><W35/><G42/><T50/><D79/><U84/><E130/><V57/><F101/><W20/><G80/><T68/><D86/><U12/><E100/><V113/><F39/><W26/><G89/><T97/><D97/><U23/><E78/><V63/><F49/><W19/><REACH who="3" step="1"/><G20/><REACH who="3" ten="255,281,327,127" step="2"/><T129/><D135/><U29/><E77/><V38/><F132/><W16/><G16/><T102/><D102/><U85/><E29/><V96/><F40/><W58/><G58/><T61/><AGARI ba="1,1" hai="44,45,47,48,50,51,61,62,64,66,68,70,128,129" machi="61" ten="40,8000,1" yaku="0,1,9,1,34,3" doraHai="108" who="0" fromWho="0" sc="255,93,281,-41,327,-21,127,-21" /><INIT seed="6,0,0,3,0,53" ten="348,240,306,106" oya="2" hai0="88,3,17,47,135,24,83,116,98,37,1,126,121" hai1="93,29,96,109,84,125,89,7,80,118,72,108,86" hai2="114,46,16,5,131,79,19,25,71,55,12,120,10" hai3="104,112,33,28,128,35,94,27,102,40,32,0,75"/><V14/><F120/><W65/><G75/><T44/><D121/><U132/><E29/><V39/><F71/><W30/><G0/><T41/><D135/><U110/><E7/><V58/><F131/><W4/><G4/><T117/><D126/><U81/><E118/><N who="0" m="45673" /><D47/><U54/><E54/><V34/><F114/><W87/><G128/><T36/><D36/><U77/><E132/><V91/><F79/><W8/><G8/><T133/><D133/><U66/><E66/><V31/><F91/><W105/><G112/><T22/><D83/><U59/><E59/><V6/><F46/><W70/><G40/><T61/><D61/><U82/><E125/><V69/><F69/><W90/><G30/><T127/><D127/><U49/><E49/><V129/><F39/><W45/><G45/><T15/><D24/><U18/><E18/><V11/><F129/><W97/><REACH who="3" step="1"/><G105/><REACH who="3" ten="348,240,306,96" step="2"/><T78/><D1/><U92/><E82/><V106/><F106/><W13/><G13/><T100/><D3/><U130/><E130/><V9/><F11/><W63/><AGARI ba="0,1" hai="27,28,32,33,35,63,65,70,87,90,94,97,102,104" machi="63" ten="30,7900,0" yaku="1,1,0,1,25,2,53,0" doraHai="53" doraHaiUra="134" who="3" fromWho="3" sc="348,-20,240,-20,306,-39,96,89" /><INIT seed="7,0,0,2,0,113" ten="328,220,267,185" oya="3" hai0="12,80,124,65,86,79,16,94,114,14,100,108,133" hai1="42,121,58,118,117,50,63,54,126,31,20,64,55" hai2="26,57,41,51,132,127,93,105,111,6,3,61,135" hai3="34,15,68,83,46,107,74,134,87,123,33,11,60"/><W29/><G123/><T78/><D108/><U97/><E121/><V44/><F111/><W47/><G74/><T49/><D133/><N who="2" m="51274" /><F105/><W110/><G134/><T85/><D124/><U40/><E97/><V89/><F127/><W102/><G110/><T38/><D38/><U21/><E126/><V95/><F26/><W53/><G102/><T22/><D65/><U75/><E75/><V36/><F36/><W27/><G34/><T76/><D114/><U37/><E55/><N who="2" m="33983" /><F89/><W119/><G107/><T10/><D49/><U39/><E39/><V30/><F30/><W88/><G119/><N who="1" m="45578" /><E37/><V96/><F96/><W99/><G99/><N who="0" m="59511" /><D80/><U84/><E84/><V66/><F66/><W45/><G68/><T82/><D82/><U0/><E0/><V122/><F122/><W59/><REACH who="3" step="1"/><G46/><REACH who="3" ten="328,220,267,175" step="2"/><T19/><AGARI ba="0,1" hai="10,12,14,16,19,22,76,78,79,85,86" m="59511" machi="19" ten="30,2000,0" yaku="8,1,54,1" doraHai="113" who="0" fromWho="0" sc="328,30,220,-5,267,-5,175,-10" owari="358,45.0,215,-18.0,262,6.0,165,-33.0" /></mjloggm>