<mjloggm ver="2.3"><GO type="169" lobby="0"/><UN n0="%E3%81%8B%E3%81%B6%E8%8C%B6" n1="%75%73%6B%31%31%31%35" n2="%45%7A%61%6B%69" n3="%E3%83%8E%E3%82%AA%E3%83%81%E3%83%A3%E3%83%99%E3%82%B9" dan="16,16,16,16" rate="2134.64,2169.92,2119.92,2099.13" sx="M,M,M,M"/><TAIKYOKU oya="0"/><INIT seed="0,0,0,1,5,63" ten="250,250,250,250" oya="0" hai0="106,53,85,28,62,27,10,110,5,109,120,115,95" hai1="22,118,100,6,132,8,81,135,19,74,30,129,57" hai2="42,13,26,86,125,38,52,47,73,99,48,61,123" hai3="68,90,4,9,12,108,76,46,7,89,32,111,97"/><T67/><D106/><U29/><E100/><V14/><F123/><W35/><G76/><T88/><D115/><U93/><E93/><V65/><F73/><W44/><G68/><T60/><D53/><U21/><E81/><V113/><F125/><W40/><G97/><T128/><D120/><U92/><E92/><V23/><F113/><W69/><G69/><T34/><D128/><U114/><E57/><V58/><F86/><W122/><G122/><T66/><D62/><U16/><E74/><V117/><F117/><W45/><G40/><T126/><D126/><U18/><E114/><V119/><F119/><W91/><REACH who="3" step="1"/><G7/><REACH who="3" ten="250,250,250,240" step="2"/><T31/><D31/><N who="1" m="11787" /><E118/><V49/><F99/><W77/><G77/><T0/><REACH who="0" step="1"/><D60/><REACH who="0" ten="240,250,250,240" step="2"/><U20/><E129/><V72/><F72/><W56/><G56/><T70/><D70/><U134/><E6/><V24/><F58/><W59/><G59/><T80/><D80/><U112/><E112/><V51/><F61/><W11/><G11/><AGARI ba="0,2" hai="8,11,16,18,19,20,21,22,132,134,135" m="11787" machi="11" ten="40,16000,3" yaku="29,2,28,2,20,1,34,2,54,1" doraHai="63" who="1" fromWho="3" sc="240,0,250,180,250,0,240,-160" /><INIT seed="1,0,0,2,2,61" ten="240,430,250,80" oya="1" hai0="23,24,119,103,130,18,38,2,65,121,10,99,15" hai1="52,93,0,114,3,120,122,132,96,107,14,62,58" hai2="22,43,117,75,9,118,20,101,28,82,47,55,32" hai3="95,97,40,109,12,73,76,87,64,21,80,56,60"/><U127/><E114/><V8/><F101/><W89/><G109/><T30/><D119/><U13/><E127/><V112/><F55/><W100/><G40/><T135/><D38/><U41/><E132/><V48/><F112/><W131/><G131/><T74/><D74/><U115/><E115/><V78/><F32/><W79/><G73/><T16/><D130/><U84/><E41/><V125/><F125/><W66/><G66/><T92/><D121/><U88/><E13/><V17/><F28/><W116/><G116/><T81/><D135/><U91/><E14/><V54/><F43/><W59/><G56/><T104/><D81/><U27/><E27/><V90/><F22/><W108/><G108/><T105/><D2/><U98/><E107/><V7/><F90/><W83/><G80/><T86/><D86/><U68/><E68/><V34/><F9/><W113/><G113/><T71/><REACH who="0" step="1"/><D30/><REACH who="0" ten="230,430,250,80" step="2"/><U19/><E0/><V57/><F117/><W36/><G36/><T102/><D102/><U133/><E3/><N who="2" m="127" /><F118/><W31/><G12/><T39/><D39/><U111/><E133/><V45/><F75/><W11/><G11/><T126/><D126/><U53/><E111/><V6/><F82/><W35/><G35/><T63/><AGARI ba="0,1" hai="10,15,16,18,23,24,63,65,71,92,99,103,104,105" machi="63" ten="30,8000,1" yaku="1,1,0,1,52,1,54,1,53,1" doraHai="61" doraHaiUra="5" who="0" fromWho="0" sc="230,90,430,-40,250,-20,80,-20" /><INIT seed="2,0,0,2,5,124" ten="320,390,230,60" oya="2" hai0="71,115,1,58,130,19,109,64,134,90,82,131,31" hai1="59,123,126,24,22,120,116,72,54,119,103,117,41" hai2="70,14,101,135,34,74,36,11,28,96,47,43,29" hai3="77,42,69,44,45,76,37,95,60,67,73,75,49"/><V9/><F29/><W16/><G76/><T86/><D115/><U113/><E72/><V118/><F118/><W111/><G111/><T128/><D109/><U122/><E103/><V15/><F135/><W133/><G133/><T92/><D134/><U106/><E106/><V35/><F74/><W50/><G77/><T84/><D1/><U110/><E41/><V12/><F70/><W13/><G95/><T56/><D31/><N who="1" m="17815" /><E126/><V30/><F30/><W53/><REACH who="3" step="1"/><G37/><REACH who="3" ten="320,390,230,50" step="2"/><T55/><D82/><U68/><E110/><V23/><F35/><W46/><G46/><T78/><D78/><U63/><E68/><V125/><F34/><W27/><G27/><T83/><D83/><U61/><E113/><V104/><F125/><W80/><G80/><T38/><D38/><U25/><E25/><V114/><F114/><W89/><G89/><T98/><D71/><U112/><E112/><V91/><F91/><W132/><G132/><T121/><D121/><U51/><AGARI ba="0,1" hai="51,54,59,61,63,116,117,119,120,122,123" m="17815" machi="51" ten="40,1500,0" yaku="13,1" doraHai="124" who="1" fromWho="1" sc="320,-4,390,25,230,-7,50,-4" /><INIT seed="3,0,0,2,5,23" ten="316,415,223,46" oya="3" hai0="117,76,21,70,56,128,13,82,0,92,5,78,86" hai1="28,130,118,31,88,125,97,81,44,51,98,4,18" hai2="93,132,114,95,57,55,59,61,108,42,83,77,121" hai3="2,9,50,116,8,48,66,1,74,34,27,64,124"/><W127/><G74/><T91/><D117/><U38/><E38/><V113/><F108/><W80/><G80/><T37/><D70/><U112/><E112/><V104/><F104/><W22/><G34/><T99/><D128/><U109/><E109/><V29/><F132/><W67/><G116/><T131/><D131/><U100/><E4/><V90/><F121/><W20/><REACH who="3" step="1"/><G64/><REACH who="3" ten="316,415,223,36" step="2"/><T53/><D82/><U115/><E81/><V36/><F114/><W54/><G54/><T73/><D73/><U62/><E115/><V68/><F113/><W30/><G30/><T19/><D53/><U14/><E118/><V111/><F29/><W17/><G17/><T134/><D19/><U122/><E130/><V6/><F55/><W10/><G10/><T41/><D134/><U72/><E72/><V47/><F83/><W3/><G3/><T63/><D0/><U32/><E32/><V65/><F111/><W69/><G69/><T107/><D78/><U105/><E28/><V11/><F77/><W39/><G39/><T96/><D37/><U102/><E31/><V89/><F11/><W84/><G84/><T52/><D76/><U12/><E18/><V25/><F6/><W126/><G126/><T46/><D5/><U60/><E125/><V87/><F25/><AGARI ba="0,1" hai="1,2,8,9,20,22,25,27,48,50,66,67,124,127" machi="25" ten="25,12000,1" yaku="1,1,22,2,52,2,53,0" doraHai="23" doraHaiUra="24" who="3" fromWho="2" sc="316,0,415,0,223,-120,36,130" /><INIT seed="3,1,0,0,1,66" ten="316,415,103,166" oya="3" hai0="63,41,57,75,123,8,24,129,130,0,27,32,9" hai1="85,18,40,77,26,114,38,88,30,65,107,61,19" hai2="36,131,74,33,98,84,34,78,31,13,133,94,104" hai3="111,14,73,70,51,99,7,5,100,91,108,101,11"/><W64/><G73/><T35/><D75/><U106/><E114/><V93/><F36/><W109/><G51/><T122/><D41/><U113/><E113/><V76/><F13/><W58/><G58/><T45/><D45/><U2/><E2/><V71/><F31/><W118/><G118/><T62/><D57/><U60/><E77/><V72/><F131/><W59/><G59/><T68/><REACH who="0" step="1"/><D0/><REACH who="0" ten="306,415,103,166" step="2"/><U49/><E40/><V126/><F126/><W54/><G54/><T127/><D127/><U55/><E55/><V42/><F42/><W46/><G46/><T69/><AGARI ba="1,1" hai="8,9,24,27,32,35,62,63,68,69,122,123,129,130" machi="69" ten="25,12000,2" yaku="1,1,0,1,22,2,52,2,53,0" doraHai="66" doraHaiUra="81" who="0" fromWho="0" sc="306,133,415,-31,103,-31,166,-61" /><INIT seed="4,0,0,2,2,33" ten="439,384,72,105" oya="0" hai0="17,15,7,104,100,123,57,53,13,16,81,129,71" hai1="39,98,66,35,89,32,3,124,116,131,96,37,88" hai2="41,25,64,121,0,118,86,59,21,94,50,134,11" hai3="43,28,14,36,107,60,2,31,40,101,12,90,105"/><T79/><D71/><U9/><E9/><V91/><F121/><W87/><G60/><T111/><D123/><U112/><E66/><V109/><F109/><W74/><G74/><T115/><D111/><U34/><E116/><V68/><F134/><W61/><G61/><T114/><D129/><U78/><E78/><V128/><F68/><W6/><G6/><T70/><D100/><U125/><E131/><V24/><F128/><W45/><G101/><T130/><D104/><U84/><E84/><V76/><F118/><W49/><G87/><T4/><D70/><U51/><E51/><V23/><F76/><W122/><G122/><T48/><D130/><U110/><E110/><V102/><F64/><W52/><G90/><N who="1" m="34922" /><E3/><V58/><F102/><W38/><G49/><T63/><D63/><U26/><E26/><V83/><F83/><W10/><G10/><N who="0" m="6199" /><D81/><U8/><E8/><V19/><F0/><W5/><G5/><T75/><D75/><U47/><E47/><N who="2" m="25967" /><F11/><W99/><G45/><T44/><D44/><U20/><E20/><V73/><F73/><W95/><G2/><T106/><D79/><U18/><E18/><V77/><F77/><W72/><G72/><T120/><D120/><U113/><E37/><V132/><F132/><W29/><G29/><AGARI ba="0,0" hai="19,21,23,24,25,29,58,59,86,91,94" m="25967" machi="29" ten="30,1000,0" yaku="8,1" doraHai="33" who="2" fromWho="3" sc="439,0,384,0,72,10,105,-10" /><INIT seed="5,0,0,2,1,90" ten="439,384,82,95" oya="1" hai0="92,52,89,30,73,130,46,29,33,113,49,127,98" hai1="95,133,82,129,2,42,48,60,36,7,56,123,20" hai2="77,104,54,41,0,63,132,8,57,120,35,117,25" hai3="103,61,55,71,24,109,128,88,126,19,125,16,86"/><U10/><E123/><V6/><F120/><W27/><G103/><T135/><D113/><U17/><E129/><V108/><F108/><W119/><G109/><T12/><D130/><U43/><E133/><V93/><F117/><W106/><G106/><T65/><D73/><U31/><E36/><V100/><F132/><W112/><G128/><T21/><D135/><U115/><E115/><V122/><F104/><W80/><G119/><T40/><D33/><U84/><E31/><V134/><F122/><W76/><G76/><T78/><D78/><U70/><E70/><V47/><F134/><W37/><G37/><T11/><D65/><U69/><E48/><V26/><F77/><W75/><G75/><T121/><D127/><N who="3" m="48649" /><G112/><T94/><D21/><U45/><E45/><V5/><F5/><W15/><G19/><N who="0" m="8607" /><D121/><U9/><E9/><V116/><F35/><W44/><G71/><T124/><D124/><U67/><E69/><V34/><F34/><W3/><G3/><T62/><D94/><U18/><E95/><V83/><F83/><W53/><G53/><T22/><D22/><U74/><E74/><V4/><F4/><W72/><G72/><T118/><D118/><U1/><E1/><V66/><F54/><W97/><G97/><T23/><D23/><U58/><E58/><AGARI ba="0,0" hai="29,30,40,46,49,52,58,62,89,92,98" m="8607" machi="58" ten="30,3900,0" yaku="8,1,52,1,54,1" doraHai="90" who="0" fromWho="1" sc="439,39,384,-39,82,0,95,0" /><INIT seed="6,0,0,5,3,110" ten="478,345,82,95" oya="2" hai0="7,35,92,27,37,68,103,25,23,129,32,14,118" hai1="84,1,90,99,112,38,116,75,109,63,15,22,108" hai2="100,105,2,62,79,29,45,72,41,67,82,13,133" hai3="54,5,34,51,76,3,126,16,96,80,57,86,77"/><V122/><F122/><W33/><G126/><T88/><D37/><U120/><E38/><N who="2" m="21687" /><F13/><W11/><G77/><T81/><D68/><U65/><E1/><V106/><F133/><W111/><G111/><T135/><D135/><U18/><E116/><V53/><F53/><W119/><G119/><T44/><D129/><U30/><E120/><V115/><F29/><W107/><G107/><N who="2" m="40969" /><F100/><W121/><G121/><T28/><D103/><U19/><E75/><V12/><F12/><W89/><G96/><T0/><D14/><U20/><E99/><V46/><F46/><W47/><G16/><T95/><D44/><U102/><E102/><V78/><F78/><W49/><G76/><T71/><D28/><U127/><E30/><V101/><F101/><W98/><G98/><T9/><D0/><U85/><E85/><V114/><F2/><W36/><G36/><T66/><D88/><U21/><E84/><V50/><F50/><W26/><G26/><T104/><D104/><U69/><E90/><V58/><F58/><W59/><G59/><T113/><D23/><U70/><E109/><V55/><F55/><AGARI ba="0,0" hai="3,5,11,33,34,47,49,51,54,55,57,80,86,89" machi="55" ten="30,1000,0" yaku="7,1" doraHai="110" who="3" fromWho="2" sc="478,0,345,0,82,-10,95,10" /><INIT seed="7,0,0,4,5,130" ten="478,345,72,105" oya="3" hai0="87,32,48,81,52,57,99,96,121,68,31,38,105" hai1="66,94,115,135,74,64,14,15,72,3,25,12,85" hai2="89,56,49,60,83,51,104,109,26,0,67,8,17" hai3="24,71,78,86,46,58,123,97,133,124,116,11,93"/><W40/><G71/><T6/><D38/><U50/><E3/><V4/><F104/><W88/><G116/><T13/><D105/><U117/><E25/><V108/><F108/><W134/><G123/><T7/><D68/><U84/><E50/><V128/><F128/><W77/><G124/><T112/><D121/><U102/><E94/><V44/><F109/><W63/><G11/><T79/><D112/><U70/><E70/><V119/><F119/><W22/><G46/><T53/><D32/><U61/><E61/><V110/><F110/><W114/><G40/><T21/><D31/><U95/><E95/><V10/><F44/><W129/><G114/><T41/><D41/><U9/><E115/><V34/><F34/><W113/><G113/><T65/><D65/><U76/><E76/><V126/><F126/><W27/><G27/><T33/><D33/><U35/><E35/><V59/><F59/><W69/><G69/><T23/><D99/><U80/><E80/><V18/><F18/><N who="3" m="12375" /><G129/><T29/><D29/><U101/><E15/><V120/><F120/><W20/><G20/><T54/><D23/><U2/><E2/><V82/><F26/><W30/><G30/><T43/><D21/><U122/><E122/><V16/><F17/><W131/><G131/><T90/><D43/><U39/><E117/><V111/><F111/><W5/><G5/><N who="0" m="1547" /><D13/><U92/><E39/><V36/><F36/><W125/><G125/><T55/><D57/><U91/><E9/><V45/><F45/><W100/><G100/><T75/><D75/><U42/><E74/><V19/><F19/><RYUUKYOKU ba="0,0" sc="478,0,345,0,72,0,105,0" owari="478,57.0,345,15.0,72,-43.0,105,-29.0" /></mjloggm>