<mjloggm ver="2.3"><GO type="185" lobby="0"/><UN n0="%E3%83%A2%E3%83%AA%E3%82%AA%E3%83%B3%E3%81%AE%E5%A7%AB" n1="%E3%81%9F%E3%82%93%E3%82%86%E3%81%86" n2="%E6%B5%B7%E8%83%86%E3%83%88%E3%83%AD%E7%83%8F%E8%B3%8A" n3="" dan="16,16,18,0" rate="2247.32,2232.99,2361.28,1500.00" sx="F,F,M,C"/><TAIKYOKU oya="0"/><INIT seed="0,0,0,4,5,58" ten="350,350,350,0" oya="0" hai0="106,126,104,73,100,60,132,105,115,130,117,38,40" hai1="72,135,86,39,59,116,134,110,125,49,62,32,95" hai2="44,3,133,57,92,107,79,91,127,34,61,112,131" hai3=""/><T55/><D100/><U122/><N who="1" m="31264" /><U75/><E39/><V83/><F112/><T88/><D115/><U119/><E32/><V63/><F34/><T66/><D117/><U50/><E95/><V36/><F107/><T54/><D73/><U129/><E86/><V71/><F3/><T123/><N who="0" m="31520" /><T80/><D126/><U33/><E33/><V76/><F127/><T87/><D130/><U82/><E125/><V48/><F36/><T124/><D124/><U96/><E96/><V85/><F133/><N who="1" m="50697" /><E82/><V0/><F0/><T67/><D67/><U43/><E129/><V102/><F102/><T35/><D35/><U99/><E99/><V64/><F131/><T103/><D103/><U108/><E75/><V118/><F118/><N who="1" m="45097" /><E72/><V56/><F83/><T97/><D97/><U65/><E43/><V98/><F98/><T120/><N who="0" m="30752" /><T41/><D132/><U37/><E37/><V46/><F79/><T109/><D40/><U53/><E50/><V78/><F78/><T101/><D101/><U1/><E1/><V113/><F76/><T70/><REACH who="0" step="1"/><D109/><REACH who="0" ten="340,350,350,0" step="2"/><U90/><E90/><V94/><F113/><T74/><D74/><U45/><AGARI ba="0,1" hai="45,49,53,59,62,65,108,110" m="45097,50697,31264" machi="45" ten="40,6000,1" yaku="20,1,34,2,52,2" doraHai="58" who="1" fromWho="1" sc="340,-40,350,70,350,-20,0,0" /><INIT seed="1,0,0,4,1,66" ten="300,420,330,0" oya="1" hai0="52,60,98,42,71,112,75,114,32,111,72,73,33" hai1="92,2,49,121,118,82,97,35,122,51,79,70,46" hai2="117,133,81,39,85,87,53,132,103,76,127,128,54" hai3=""/><U67/><N who="1" m="31008" /><U120/><N who="1" m="30752" /><U69/><N who="1" m="31264" /><U63/><E2/><V36/><F117/><T3/><D3/><U48/><E35/><V64/><F127/><T38/><D111/><U116/><E46/><V43/><F128/><T80/><D80/><U105/><E105/><V129/><F129/><T89/><D42/><U84/><REACH who="1" step="1"/><E70/><REACH who="1" ten="300,410,330,0" step="2"/><V65/><F133/><T61/><D32/><U91/><AGARI ba="0,1" hai="48,49,51,63,67,69,79,82,84,91,92,97,116,118" m="31264,30752,31008" machi="91" ten="30,12000,2" yaku="1,1,2,1,0,1,52,4,53,0" doraHai="66" doraHaiUra="134" who="1" fromWho="1" sc="300,-60,410,130,330,-60,0,0" /><INIT seed="1,1,0,5,5,105" ten="240,540,270,0" oya="1" hai0="90,57,127,64,48,68,119,120,101,39,52,49,125" hai1="33,41,111,38,91,80,106,110,88,42,47,115,102" hai2="37,124,130,99,72,0,132,46,74,70,73,113,126" hai3=""/><U103/><E33/><V65/><F0/><T95/><N who="0" m="30752" /><T89/><D39/><U40/><E115/><V60/><F113/><T108/><D108/><N who="1" m="41515" /><E106/><V85/><F132/><T87/><D119/><U94/><E80/><V133/><F133/><T123/><N who="0" m="31520" /><T56/><D101/><N who="1" m="38411" /><E91/><V117/><F117/><T45/><D90/><U1/><E1/><V100/><F85/><AGARI ba="1,0" hai="38,40,41,42,47,85,88,94" m="38411,41515" machi="85" ten="30,5800,0" yaku="14,1,10,1,54,1" doraHai="105" who="1" fromWho="2" sc="240,0,540,60,270,-60,0,0" /><INIT seed="1,2,0,0,3,41" ten="240,600,210,0" oya="1" hai0="98,71,70,74,94,43,62,92,44,130,59,46,88" hai1="37,121,123,48,119,80,108,129,47,51,67,58,107" hai2="52,79,134,69,45,73,57,101,103,39,0,116,3" hai3=""/><U33/><N who="1" m="31008" /><U100/><N who="1" m="31520" /><U93/><E33/><V76/><F116/><T89/><D74/><U109/><E107/><V65/><F134/><T112/><D112/><U135/><E119/><V95/><F69/><T35/><D130/><U60/><E80/><V72/><F65/><T124/><D124/><U111/><E135/><V90/><F72/><T113/><D113/><U99/><E129/><V63/><F0/><T128/><D128/><U115/><E115/><V82/><F79/><T1/><D1/><U78/><E78/><V40/><REACH who="2" step="1"/><F3/><REACH who="2" ten="240,600,200,0" step="2"/><T110/><D35/><U61/><E61/><V77/><F77/><T66/><D110/><U96/><E96/><AGARI ba="2,1" hai="39,40,45,52,57,63,73,76,82,90,95,96,101,103" machi="96" ten="30,8000,1" yaku="1,1,7,1,52,1,54,1,53,1" doraHai="41" doraHaiUra="86" who="2" fromWho="1" sc="240,0,600,-84,200,94,0,0" /><INIT seed="2,0,0,3,3,77" ten="240,516,294,0" oya="2" hai0="104,80,76,37,61,126,69,114,109,81,54,116,99" hai1="122,82,40,60,90,102,133,43,134,130,70,85,92" hai2="49,91,113,65,75,86,66,96,0,73,71,127,101" hai3=""/><V52/><F113/><T97/><D116/><U57/><N who="1" m="31264" /><U59/><E70/><V50/><F0/><T131/><D114/><U39/><E130/><V135/><F135/><N who="1" m="51721" /><E39/><V120/><N who="2" m="30752" /><V51/><F127/><T33/><D33/><U112/><E112/><V100/><F52/><T2/><D2/><U63/><E59/><V128/><F128/><T111/><D37/><U115/><E115/><V94/><F100/><T1/><D1/><U98/><E63/><V48/><N who="2" m="12800" /><DORA hai="62" /><V32/><F32/><T67/><D131/><U118/><E118/><V79/><F79/><T121/><N who="0" m="31008" /><T124/><D54/><AGARI ba="0,0" hai="40,43,54,57,60,82,85,90,92,98,102" m="51721,31264" machi="54" ten="30,3900,0" yaku="20,1,52,2" doraHai="77,62" who="1" fromWho="0" sc="240,-39,516,39,294,0,0,0" /><INIT seed="4,0,0,5,5,74" ten="201,555,294,0" oya="0" hai0="57,85,56,114,116,59,32,89,39,110,83,3,118" hai1="63,105,103,54,55,80,70,120,100,36,53,65,121" hai2="101,1,64,71,107,77,108,109,91,86,95,78,128" hai3=""/><T127/><D3/><U0/><N who="1" m="30752" /><U84/><N who="1" m="31008" /><U94/><E0/><V62/><F1/><T50/><D32/><U38/><E105/><V48/><F128/><T61/><D39/><U112/><E112/><V2/><F2/><T60/><D114/><U43/><E94/><V72/><F48/><T73/><D127/><U76/><REACH who="1" step="1"/><E38/><REACH who="1" ten="201,545,294,0" step="2"/><V126/><F126/><T106/><D106/><U130/><E130/><V51/><F107/><T132/><D110/><U97/><E97/><V68/><F108/><T75/><D132/><U37/><E37/><V34/><F95/><T124/><D124/><U125/><E125/><V69/><F109/><T88/><D116/><U98/><E98/><V99/><F99/><T122/><N who="0" m="31264" /><T66/><D118/><U133/><E133/><V113/><F113/><T47/><D89/><U52/><N who="1" m="13312" /><DORA hai="131" /><U92/><E92/><V104/><F104/><T134/><D134/><U117/><E117/><V41/><F91/><T87/><D88/><U93/><E93/><V119/><F119/><T129/><D129/><U40/><E40/><V45/><F41/><T42/><D60/><U102/><E102/><V35/><F101/><T96/><D96/><U111/><E111/><V135/><F135/><RYUUKYOKU ba="0,1" sc="201,-10,545,20,294,-10,0,0" hai1="36,43,63,65,70,76,80,84,100,103" /><INIT seed="5,1,1,2,0,100" ten="191,565,284,0" oya="1" hai0="86,94,65,79,48,99,84,43,59,45,126,41,76" hai1="38,130,88,119,80,77,98,93,35,106,36,109,117" hai2="62,49,127,105,125,57,123,67,53,32,73,51,120" hai3=""/><U42/><E35/><V56/><N who="2" m="30752" /><V69/><N who="2" m="31520" /><V134/><F32/><T66/><D126/><N who="2" m="48138" /><F73/><T52/><D41/><U68/><E68/><V39/><F134/><T83/><D84/><U110/><E130/><V102/><F39/><T89/><REACH who="0" step="1"/><D76/><REACH who="0" ten="181,565,284,0" step="2"/><U34/><E42/><V115/><F115/><T85/><D85/><U104/><E34/><V78/><F78/><T101/><D101/><U131/><E38/><AGARI ba="1,2" hai="38,43,45,48,52,59,65,66,79,83,86,89,94,99" machi="38" ten="30,3900,0" yaku="1,1,7,1,54,1,53,0" doraHai="100" doraHaiUra="133" who="0" fromWho="1" sc="181,61,565,-41,284,0,0,0" /><INIT seed="6,0,0,1,0,44" ten="242,524,284,0" oya="2" hai0="72,87,112,130,34,50,47,61,58,84,54,37,122" hai1="94,80,35,56,100,45,33,132,115,135,49,88,91" hai2="78,63,42,1,96,97,86,0,93,131,70,52,106" hai3=""/><V105/><F131/><T62/><N who="0" m="31264" /><T107/><D34/><U101/><E115/><V57/><F42/><T83/><D130/><U99/><E56/><V90/><F70/><T60/><D107/><U103/><E91/><V95/><F78/><T111/><D111/><U48/><E80/><V128/><F128/><T127/><D112/><U98/><E98/><V74/><F74/><T114/><D114/><U2/><E49/><V116/><F116/><T126/><D72/><U110/><E2/><V92/><F0/><T75/><D75/><U123/><N who="1" m="31520" /><U51/><E51/><V81/><F1/><T53/><D87/><U108/><E33/><V69/><F69/><T38/><D84/><U124/><E35/><V71/><F71/><T85/><D37/><U41/><E124/><N who="0" m="47657" /><D38/><U89/><E89/><V65/><F105/><T55/><D53/><U117/><E117/><V64/><F106/><T82/><D82/><U121/><N who="1" m="31008" /><U3/><E3/><V102/><F81/><T59/><D47/><U118/><E118/><V104/><F104/><T66/><D66/><U32/><E32/><V79/><F65/><T129/><D129/><U125/><E125/><V43/><F64/><T73/><D73/><U40/><E40/><RYUUKYOKU ba="0,0" sc="242,10,524,10,284,-20,0,0" hai0="50,54,55,58,59,60,61,62,83,85" hai1="41,45,48,88,94,99,100,101,103,108,110,132,135" owari="252,-35.0,534,49.0,264,-14.0,0,0.0" /></mjloggm>