<mjloggm ver="2.3"><GO type="185" lobby="0"/><UN n0="%E3%83%A2%E3%83%AA%E3%82%AA%E3%83%B3%E3%81%AE%E5%A7%AB" n1="%E3%83%84%E3%83%BC%E3%82%A2%E3%82%A6%E3%83%88" n2="%E6%B5%B7%E8%83%86%E3%83%88%E3%83%AD%E7%83%8F%E8%B3%8A" n3="" dan="16,16,18,0" rate="2253.37,2120.10,2355.84,1500.00" sx="F,M,M,C"/><TAIKYOKU oya="0"/><INIT seed="0,0,0,3,5,111" ten="350,350,350,0" oya="0" hai0="66,125,87,57,34,123,112,117,133,48,103,119,124" hai1="108,101,122,96,99,35,52,53,61,118,59,37,95" hai2="65,64,121,41,73,1,85,105,60,97,45,129,56" hai3=""/><T67/><N who="0" m="31520" /><T50/><D34/><U42/><N who="1" m="31264" /><U102/><E108/><V82/><N who="2" m="31008" /><V93/><F129/><T113/><D103/><U43/><E35/><V128/><F128/><T91/><D87/><U120/><N who="1" m="30752" /><U72/><E72/><V110/><F110/><T83/><D83/><U32/><E32/><V70/><F1/><T0/><D91/><U115/><E118/><N who="0" m="45065" /><D0/><U127/><E127/><N who="0" m="48713" /><D133/><U80/><E115/><N who="0" m="44105" /><D57/><U134/><E134/><V116/><F116/><T38/><D38/><U63/><E37/><V90/><F73/><T86/><D86/><U46/><E80/><V75/><F75/><T68/><D68/><U107/><E107/><V74/><F74/><T130/><D130/><U40/><E99/><V54/><F70/><T92/><D92/><U44/><E102/><V132/><F105/><T62/><D62/><U39/><E39/><V84/><F132/><T77/><D77/><U79/><E79/><V126/><F126/><T58/><D58/><AGARI ba="0,0" hai="40,42,43,44,46,52,53,58,59,61,63,95,96,101" m="30752,31264" machi="58" ten="40,8000,1" yaku="9,1,8,1,52,2,54,1" doraHai="111" who="1" fromWho="0" sc="350,-80,350,80,350,0,0,0" /><INIT seed="1,0,0,3,3,64" ten="270,430,350,0" oya="1" hai0="43,49,113,103,70,118,79,119,57,78,128,101,68" hai1="60,56,134,48,104,125,53,54,132,50,111,40,91" hai2="96,58,98,110,107,69,36,42,105,1,2,52,95" hai3=""/><U47/><E104/><V121/><N who="2" m="31008" /><V106/><F110/><T84/><D113/><U0/><E0/><V61/><F69/><N who="0" m="26730" /><D84/><U67/><E91/><V3/><REACH who="2" step="1"/><F95/><REACH who="2" ten="270,430,340,0" step="2"/><T62/><D128/><U133/><E111/><V100/><F100/><T39/><D101/><U71/><E125/><V44/><AGARI ba="0,1" hai="1,2,3,36,42,44,52,58,61,96,98,105,106,107" m="31008" machi="44" ten="40,6000,1" yaku="1,1,0,1,52,1,54,1,53,1" doraHai="64" doraHaiUra="116" who="2" fromWho="2" sc="270,-20,430,-40,340,70,0,0" /><INIT seed="2,0,0,1,5,110" ten="250,390,410,0" oya="2" hai0="93,98,103,54,61,51,125,32,36,73,49,62,45" hai1="118,46,35,127,80,57,52,132,41,39,116,70,113" hai2="38,40,105,94,135,0,130,92,53,106,48,60,83" hai3=""/><V63/><F0/><T72/><D32/><U68/><E35/><V69/><F135/><T81/><D36/><U42/><E80/><V108/><F130/><T84/><D125/><U87/><E87/><V90/><F108/><T128/><D128/><U99/><E99/><V101/><F83/><T107/><D107/><U66/><E132/><V104/><F101/><T56/><D49/><U102/><E102/><V2/><F2/><T77/><REACH who="0" step="1"/><D62/><REACH who="0" ten="240,390,410,0" step="2"/><U75/><E127/><V71/><F63/><T59/><D59/><U1/><E1/><V111/><F111/><T43/><AGARI ba="0,1" hai="43,45,51,54,56,61,72,73,77,81,84,93,98,103" machi="43" ten="20,2000,0" yaku="1,1,0,1,7,1,53,0" doraHai="110" doraHaiUra="85" who="0" fromWho="0" sc="240,30,390,-7,410,-13,0,0" /><INIT seed="4,0,0,0,3,2" ten="270,383,397,0" oya="0" hai0="93,91,117,41,104,105,44,125,111,54,79,115,102" hai1="85,134,84,66,86,78,58,120,42,36,128,130,123" hai2="124,52,95,62,127,37,103,87,39,113,118,92,135" hai3=""/><T133/><D117/><U3/><N who="1" m="30752" /><U99/><N who="1" m="31520" /><U97/><E3/><V76/><F118/><T131/><D115/><U107/><E42/><V119/><F119/><T71/><D125/><N who="2" m="48202" /><F135/><T57/><D133/><U74/><E36/><N who="2" m="13899" /><F113/><T110/><D71/><U96/><E134/><V48/><F62/><T100/><D131/><N who="1" m="50219" /><E58/><V109/><F109/><N who="0" m="41482" /><D79/><U56/><E56/><V65/><F65/><T89/><D44/><U53/><E53/><V116/><F103/><N who="0" m="39466" /><D41/><U51/><E51/><V34/><F116/><T68/><D68/><U101/><E66/><V129/><F129/><T46/><D46/><U59/><E59/><V50/><F50/><T32/><D32/><U38/><E38/><V82/><F34/><T108/><N who="0" m="41490" /><T73/><DORA hai="121" /><D73/><U80/><AGARI ba="0,0" hai="74,78,80,84,85,86,96,97,99,101,107" m="50219,31520,30752" machi="80" ten="40,6000,1" yaku="19,1,34,2,52,2" doraHai="2,121" who="1" fromWho="1" sc="270,-40,383,60,397,-20,0,0" /><INIT seed="5,0,0,2,2,59" ten="230,443,377,0" oya="1" hai0="131,65,73,120,84,77,110,72,37,63,54,104,53" hai1="119,102,135,39,66,123,86,99,45,106,36,42,133" hai2="94,57,121,107,47,33,34,51,35,0,46,80,117" hai3=""/><U32/><N who="1" m="31520" /><U1/><E1/><V48/><N who="2" m="31008" /><V89/><F0/><T60/><N who="0" m="30752" /><T58/><D110/><U132/><E32/><V74/><F107/><T55/><D131/><U82/><E119/><V118/><F57/><T68/><D104/><U128/><E128/><V97/><F74/><T127/><D37/><U87/><E66/><V71/><F71/><T112/><D112/><U40/><E82/><V62/><F62/><T38/><D38/><U125/><E125/><V134/><F134/><T105/><D105/><U116/><E116/><V49/><F80/><T43/><D43/><U108/><E108/><V98/><F98/><T96/><D96/><U129/><E129/><V85/><F97/><T103/><D103/><U95/><E106/><V67/><F67/><T2/><D127/><U64/><E64/><V101/><F101/><T100/><D100/><U70/><E70/><V91/><F91/><T88/><D2/><U50/><E39/><V76/><F76/><T56/><D77/><U122/><N who="1" m="31264" /><U44/><AGARI ba="0,0" hai="36,40,42,44,45,50,86,87,95,99,102,132,133,135" m="31264,31520" machi="44" ten="40,8000,1" yaku="4,1,0,1,20,1,52,2" doraHai="59" who="1" fromWho="1" sc="230,-40,443,80,377,-40,0,0" /><INIT seed="5,1,0,0,3,37" ten="190,523,337,0" oya="1" hai0="129,105,104,42,33,95,96,47,54,55,36,134,102" hai1="109,128,84,92,40,126,106,101,50,76,3,53,41" hai2="127,114,132,130,93,85,32,90,87,112,69,107,65" hai3=""/><U45/><E3/><V1/><F1/><T70/><D33/><U94/><E126/><V83/><F32/><T98/><D129/><U71/><E128/><V63/><F130/><T86/><D134/><U91/><E71/><V100/><F132/><T78/><D70/><U0/><E0/><V35/><F35/><T117/><D117/><U89/><E109/><V88/><REACH who="2" step="1"/><F127/><REACH who="2" ten="190,523,327,0" step="2"/><T124/><D124/><U59/><E106/><V38/><F38/><T48/><D36/><U61/><E101/><V75/><F75/><T82/><REACH who="0" step="1"/><D105/><REACH who="0" ten="180,523,327,0" step="2"/><U56/><E76/><V2/><F2/><T97/><D97/><AGARI ba="1,2" hai="63,65,69,83,85,87,88,90,93,97,100,107,112,114" machi="97" ten="40,2600,0" yaku="1,1,54,1,53,0" doraHai="37" doraHaiUra="51" who="2" fromWho="0" sc="180,-28,523,0,327,48,0,0" /><INIT seed="6,0,0,4,2,125" ten="152,523,375,0" oya="2" hai0="1,57,67,49,84,134,127,114,3,35,50,53,73" hai1="42,109,107,95,56,32,52,115,91,41,88,103,38" hai2="80,101,70,89,122,44,54,87,102,75,119,76,43" hai3=""/><V129/><N who="2" m="31264" /><V126/><F119/><T47/><D84/><U51/><E32/><V118/><F118/><T66/><D73/><U72/><E72/><V40/><F70/><T83/><D83/><U93/><E109/><V131/><F54/><T92/><D92/><N who="1" m="35403" /><E115/><V128/><F126/><T97/><D97/><U62/><E107/><V34/><F34/><T86/><D86/><U116/><E38/><V100/><F44/><T112/><D35/><U98/><E116/><V81/><AGARI ba="0,0" hai="40,43,75,76,80,81,87,89,100,101,102,128,129,131" m="31264" machi="81" ten="40,12000,2" yaku="0,1,19,1,52,4" doraHai="125" who="2" fromWho="2" sc="152,-60,523,-60,375,120,0,0" owari="92,-51.0,463,6.0,495,45.0,0,0.0" /></mjloggm>