<mjloggm ver="2.3"><GO type="185" lobby="0"/><UN n0="%74%61%6B%61%2D%31%31%36" n1="%E8%8A%B1%E9%AD%81" n2="%E5%A4%9A%E6%9E%97%E6%99%8B" n3="" dan="16,17,16,0" rate="2128.70,2347.45,2188.17,1500.00" sx="M,F,M,C"/><TAIKYOKU oya="0"/><INIT seed="0,0,0,2,4,97" ten="350,350,350,0" oya="0" hai0="40,121,129,128,81,43,122,46,115,32,88,62,33" hai1="113,35,76,64,70,55,98,120,65,118,68,53,56" hai2="74,42,66,95,3,103,110,94,50,41,78,86,91" hai3=""/><T47/><N who="0" m="31008" /><T114/><N who="0" m="31264" /><T123/><N who="0" m="31520" /><T59/><D33/><U117/><N who="1" m="30752" /><U134/><E35/><V61/><F3/><T99/><D32/><U131/><E76/><V80/><F110/><T54/><D81/><U79/><E79/><V82/><F50/><T45/><D99/><U125/><E98/><V60/><F61/><T51/><D88/><U77/><E77/><V58/><REACH who="2" step="1"/><F103/><REACH who="2" ten="350,350,340,0" step="2"/><T102/><D102/><U39/><E39/><V37/><F37/><T85/><D85/><U57/><E113/><N who="0" m="43017" /><D47/><U75/><E75/><V93/><AGARI ba="0,1" hai="41,42,58,60,66,74,78,80,82,86,91,93,94,95" machi="93" ten="30,6000,1" yaku="1,1,0,1,53,3" doraHai="97" doraHaiUra="90" who="2" fromWho="2" sc="350,-40,350,-20,340,70,0,0" /><INIT seed="1,0,0,5,3,131" ten="310,330,410,0" oya="1" hai0="117,85,79,121,75,50,100,67,119,45,57,68,134" hai1="77,103,80,99,47,44,82,120,123,43,81,66,125" hai2="69,94,64,56,1,113,89,116,118,135,129,36,65" hai3=""/><U55/><N who="1" m="30752" /><U38/><N who="1" m="31520" /><U78/><E125/><V2/><F129/><T41/><N who="0" m="31008" /><T128/><D128/><U63/><E55/><V48/><F36/><T76/><D68/><U104/><REACH who="1" step="1"/><E44/><REACH who="1" ten="310,320,410,0" step="2"/><V42/><F118/><T49/><D45/><U70/><AGARI ba="0,1" hai="38,43,47,63,66,70,77,78,80,81,82,99,103,104" m="31520,30752" machi="70" ten="30,8000,1" yaku="1,1,2,1,0,1,52,2,53,0" doraHai="131" doraHaiUra="106" who="1" fromWho="1" sc="310,-40,320,90,410,-40,0,0" /><INIT seed="1,1,0,1,4,91" ten="270,410,370,0" oya="1" hai0="75,53,46,106,108,128,88,107,81,42,60,68,118" hai1="45,55,35,0,126,121,85,98,34,36,78,48,105" hai2="110,2,87,86,59,116,80,111,100,109,65,94,101" hai3=""/><U82/><N who="1" m="31008" /><U38/><E0/><V56/><F2/><T43/><D108/><U71/><E71/><V123/><N who="2" m="31520" /><V79/><F116/><T74/><D118/><U97/><E126/><V135/><F135/><T32/><D32/><U1/><E1/><V122/><N who="2" m="31264" /><V50/><F65/><T40/><D68/><U41/><E38/><V62/><F62/><T99/><D128/><U73/><E85/><V134/><F134/><T77/><D75/><U63/><E63/><V112/><F112/><T54/><D54/><U117/><E117/><V61/><F61/><T104/><D60/><U52/><E55/><V132/><F132/><T119/><D119/><U44/><REACH who="1" step="1"/><E105/><REACH who="1" ten="270,400,370,0" step="2"/><V3/><F3/><T72/><D72/><U113/><E113/><V103/><F50/><T92/><REACH who="0" step="1"/><D53/><REACH who="0" ten="260,400,370,0" step="2"/><U37/><E37/><AGARI ba="1,2" hai="37,40,42,43,46,74,77,81,88,92,99,104,106,107" machi="37" ten="40,8000,1" yaku="1,1,2,1,52,1,54,1,53,0" doraHai="91" doraHaiUra="125" who="0" fromWho="1" sc="260,102,400,-82,370,0,0,0" /><INIT seed="2,0,0,4,4,57" ten="362,318,370,0" oya="2" hai0="97,115,82,40,47,76,80,120,110,78,44,116,64" hai1="60,123,101,106,62,134,52,48,49,55,66,128,42" hai2="45,111,122,0,58,38,94,133,125,113,89,74,124" hai3=""/><V85/><N who="2" m="31264" /><V130/><F0/><T1/><N who="0" m="30752" /><T92/><D116/><U107/><N who="1" m="31520" /><U33/><E33/><V75/><F113/><T100/><D115/><U63/><E66/><V109/><F130/><T114/><D114/><U35/><E35/><V51/><F38/><T131/><D131/><U36/><E128/><V98/><F58/><T118/><D118/><U34/><E34/><V46/><F46/><T99/><D1/><U126/><E126/><N who="2" m="48747" /><F133/><T103/><D110/><N who="2" m="41994" /><F98/><T96/><D96/><U90/><E134/><V32/><F32/><T132/><D132/><U79/><E36/><V37/><F37/><T72/><D40/><AGARI ba="0,0" hai="40,45,51,74,75,85,89,94" m="41994,48747,31264" machi="40" ten="30,11600,0" yaku="18,1,14,1,10,1,52,1" doraHai="57" who="2" fromWho="0" sc="362,-116,318,0,370,116,0,0" /><INIT seed="2,1,0,5,0,135" ten="246,318,486,0" oya="2" hai0="95,96,114,100,123,57,99,133,109,59,98,68,54" hai1="62,120,85,34,105,47,63,107,121,3,92,111,108" hai2="115,117,64,90,72,38,35,78,122,113,42,48,110" hai3=""/><V125/><N who="2" m="31264" /><V44/><F35/><T128/><N who="0" m="31520" /><T2/><D2/><U73/><N who="1" m="30752" /><U0/><N who="1" m="31008" /><U86/><E34/><V46/><F117/><T37/><D133/><U116/><E47/><V40/><F110/><N who="1" m="42025" /><E73/><V71/><F90/><T97/><D109/><U112/><E112/><N who="2" m="43083" /><F78/><T94/><D114/><U129/><E129/><V132/><F72/><T77/><D128/><U126/><E116/><V118/><F132/><T75/><D68/><U45/><E45/><V53/><F118/><T70/><D70/><U58/><E92/><V39/><F125/><T33/><N who="0" m="24576" /><DORA hai="124" /><T1/><D75/><U83/><E62/><V104/><F104/><N who="1" m="40009" /><E126/><V130/><F130/><T102/><D95/><U81/><E86/><V119/><F119/><T93/><D94/><U36/><E36/><N who="2" m="13867" /><F46/><T134/><D134/><U52/><E81/><V65/><F71/><T67/><D33/><U56/><E58/><V55/><F40/><T80/><D80/><U32/><E32/><V74/><F74/><T49/><D93/><U89/><AGARI ba="1,0" hai="0,3,52,56,63,83,85,89" m="40009,42025,31008,30752" machi="89" ten="30,5900,0" yaku="14,1,52,2,54,1" doraHai="135,124" who="1" fromWho="1" sc="246,-21,318,61,486,-40,0,0" /><INIT seed="4,0,0,2,2,60" ten="225,379,446,0" oya="0" hai0="84,37,77,89,127,70,117,113,54,61,83,118,133" hai1="44,48,124,115,75,81,45,68,33,108,87,128,0" hai2="120,90,121,2,52,105,125,106,50,63,51,58,129" hai3=""/><T110/><D37/><U114/><E0/><V100/><N who="2" m="30752" /><V49/><N who="2" m="31008" /><V99/><F2/><T74/><D113/><N who="1" m="43019" /><E108/><V92/><F129/><T43/><D110/><U62/><E33/><V76/><F125/><T41/><D127/><U131/><E75/><V116/><F116/><T107/><D133/><U55/><E124/><V65/><F76/><T78/><D78/><U79/><E44/><V132/><F132/><T94/><D54/><U73/><E73/><V135/><F135/><T102/><D117/><U39/><E39/><V134/><F134/><T112/><D112/><U57/><E68/><V98/><REACH who="2" step="1"/><F105/><REACH who="2" ten="225,379,436,0" step="2"/><T3/><D3/><U38/><E38/><V88/><F88/><T123/><N who="0" m="31520" /><T95/><D118/><U32/><E32/><V103/><F103/><T67/><REACH who="0" step="1"/><D95/><REACH who="0" ten="215,379,436,0" step="2"/><U69/><E69/><AGARI ba="0,2" hai="49,50,51,52,58,63,65,69,90,92,98,99,100,106" m="31008,30752" machi="69" ten="30,12000,2" yaku="1,1,7,1,52,3,54,1,53,0" doraHai="60" doraHaiUra="71" who="2" fromWho="1" sc="215,0,379,-120,436,140,0,0" /><INIT seed="5,0,0,1,1,134" ten="215,259,576,0" oya="1" hai0="108,58,105,65,45,55,52,64,116,118,92,91,48" hai1="69,36,135,51,61,126,3,50,106,74,41,93,60" hai2="104,113,114,59,63,57,132,101,97,49,71,70,107" hai3=""/><U76/><E3/><V34/><F34/><T38/><D105/><U68/><E106/><V73/><F73/><T32/><D32/><U109/><E93/><V119/><F119/><N who="0" m="45610" /><D108/><U79/><E74/><V33/><F132/><T120/><N who="0" m="30752" /><T124/><D124/><U56/><E135/><V39/><F39/><T43/><D91/><U62/><E109/><V87/><F87/><T37/><D92/><U84/><E84/><V121/><N who="2" m="31008" /><V40/><F33/><T42/><D42/><U117/><E117/><V94/><F107/><T122/><N who="0" m="31264" /><T67/><D55/><U46/><E126/><V130/><F40/><T125/><D125/><U100/><E100/><V75/><F75/><T129/><D129/><U88/><E88/><V89/><F130/><T1/><D1/><U80/><E80/><V82/><F82/><T123/><N who="0" m="31520" /><T0/><D0/><U128/><E128/><V110/><F110/><T112/><D112/><U2/><E2/><V90/><F90/><T115/><D115/><U111/><E111/><V103/><F103/><T77/><D38/><U54/><E76/><AGARI ba="0,0" hai="37,43,45,48,52,58,64,65,67,76,77" m="31520,31264,30752,45610" machi="76" ten="30,8000,1" yaku="12,1,52,3,54,1" doraHai="134" who="0" fromWho="1" sc="215,80,259,-80,576,0,0,0" /><INIT seed="6,0,0,1,5,57" ten="295,179,576,0" oya="2" hai0="108,100,110,44,64,119,71,85,67,126,40,43,36" hai1="1,58,61,53,109,2,103,48,74,56,89,116,47" hai2="105,128,41,49,72,39,97,117,87,62,51,55,52" hai3=""/><V0/><F0/><T83/><D119/><U94/><E109/><V115/><F72/><T102/><D126/><U96/><E116/><V38/><F117/><T73/><D73/><U99/><E74/><V80/><F128/><T82/><D71/><U104/><E56/><V120/><N who="2" m="30752" /><V131/><F131/><T84/><D44/><U81/><E81/><V130/><F130/><T92/><D92/><U88/><REACH who="1" step="1"/><E89/><REACH who="1" ten="295,169,576,0" step="2"/><V33/><F33/><T93/><D83/><U79/><E79/><V129/><F80/><T78/><D82/><U107/><E107/><V122/><F105/><T125/><D78/><U32/><E32/><V91/><F91/><T121/><D110/><U134/><E134/><V132/><F132/><T101/><D108/><U113/><E113/><V114/><F114/><T63/><D93/><U54/><AGARI ba="0,1" hai="1,2,47,48,53,54,58,61,88,94,96,99,103,104" machi="54" ten="20,9000,2" yaku="1,1,0,1,7,1,52,1,54,1,53,1" doraHai="57" doraHaiUra="45" who="1" fromWho="1" sc="295,-30,169,100,576,-60,0,0" owari="265,-33.0,269,-13.0,516,46.0,0,0.0" /></mjloggm>