<mjloggm ver="2.3"><GO type="169" lobby="0"/><UN n0="%4E%6F%6D%65%72%63%79" n1="%E6%B3%A2%E7%91%A0" n2="%E8%B5%A4%E5%9F%8E%E3%81%BF%E3%82%8A%E3%81%82" n3="%62%6F%79%61%74%65%74%75" dan="16,16,16,16" rate="2178.06,2148.27,2131.62,2114.97" sx="F,F,F,M"/><TAIKYOKU oya="0"/><INIT seed="0,0,0,3,0,76" ten="250,250,250,250" oya="0" hai0="117,85,83,34,48,70,74,35,111,26,119,11,91" hai1="58,81,93,51,1,2,121,29,64,22,118,78,89" hai2="56,13,40,33,67,103,32,3,45,105,4,77,88" hai3="46,108,38,102,132,61,6,125,17,23,43,55,79"/><T114/><D114/><U16/><E29/><V80/><F3/><W94/><G125/><T127/><D127/><U71/><E71/><V66/><F103/><W95/><G132/><T18/><D70/><U21/><E21/><V126/><F105/><W84/><G108/><T68/><D111/><U69/><E69/><V63/><F67/><W0/><G0/><T101/><D68/><U36/><E36/><V104/><F104/><W72/><G6/><T120/><D120/><U109/><E109/><V98/><F126/><W106/><G72/><T5/><D101/><U128/><E121/><V50/><F98/><W82/><G102/><T7/><D7/><U115/><E115/><V86/><REACH who="2" step="1"/><F88/><REACH who="2" ten="250,250,240,250" step="2"/><W134/><G106/><T130/><D119/><U20/><E89/><V133/><F133/><W59/><REACH who="3" step="1"/><G134/><REACH who="3" ten="250,250,240,240" step="2"/><T31/><D117/><U107/><E107/><V25/><F25/><AGARI ba="0,2" hai="17,23,25,38,43,46,55,59,61,79,82,84,94,95" machi="25" ten="30,8000,1" yaku="1,1,2,1,7,1,52,1,53,1" doraHai="76" doraHaiUra="42" who="3" fromWho="2" sc="250,0,250,0,240,-80,240,100" /><INIT seed="1,0,0,0,5,86" ten="250,250,160,340" oya="1" hai0="130,79,65,83,33,19,57,70,43,46,129,8,1" hai1="59,91,115,121,109,48,88,28,127,80,89,68,85" hai2="29,13,74,39,82,110,61,10,67,87,60,73,47" hai3="112,128,98,58,30,120,41,108,84,35,32,92,106"/><U81/><E68/><V54/><F110/><W69/><G120/><T117/><D117/><U45/><E121/><V104/><F104/><W116/><G108/><T118/><D118/><U63/><E109/><V100/><F100/><W23/><G116/><T40/><D70/><U78/><E115/><V38/><F29/><W64/><G69/><T3/><D33/><U90/><E28/><V9/><F9/><W25/><G128/><T119/><D119/><U52/><E127/><V31/><F31/><W24/><G112/><T102/><D102/><U75/><REACH who="1" step="1"/><E91/><REACH who="1" ten="250,240,160,340" step="2"/><N who="2" m="51703" /><F39/><W4/><G30/><T16/><D129/><U11/><E11/><V132/><F38/><W125/><G125/><T101/><D130/><U14/><E14/><V77/><F13/><W122/><G122/><T113/><D113/><U71/><E71/><V135/><F10/><W124/><G124/><T34/><D8/><U0/><E0/><V20/><F135/><W66/><G24/><T51/><D101/><U15/><E15/><V2/><F132/><W111/><G25/><T17/><D34/><U62/><E62/><V96/><F2/><W114/><G32/><T133/><D133/><U7/><E7/><V26/><F61/><W44/><G35/><T22/><D1/><U27/><E27/><V123/><F26/><W126/><G126/><T107/><D3/><U18/><E18/><V103/><F123/><W50/><G114/><T97/><D19/><U49/><E49/><V12/><F12/><W76/><G50/><T55/><D17/><U42/><AGARI ba="0,1" hai="42,45,48,52,59,63,75,78,80,81,85,88,89,90" machi="42" ten="20,24000,3" yaku="1,1,0,1,7,1,52,3,54,2,53,0" doraHai="86" doraHaiUra="93" who="1" fromWho="1" sc="250,-80,240,250,160,-80,340,-80" /><INIT seed="1,1,0,2,0,94" ten="170,490,80,260" oya="1" hai0="51,24,1,92,119,19,123,27,79,23,135,38,11" hai1="81,15,74,95,10,128,101,70,63,4,50,115,72" hai2="3,102,131,34,47,5,33,39,35,127,40,117,7" hai3="121,78,108,64,112,46,133,2,104,111,17,28,71"/><U66/><E115/><V42/><F117/><W36/><G104/><T49/><D119/><U87/><E128/><V85/><F131/><W48/><G36/><T8/><D38/><U43/><E43/><V84/><F127/><W75/><G2/><T126/><D126/><U53/><E101/><V13/><F3/><W41/><G75/><T99/><D79/><U32/><E32/><V57/><F42/><W120/><G71/><T90/><D135/><U44/><E95/><V100/><F57/><W56/><G133/><T80/><D80/><U22/><E22/><V14/><F40/><W124/><G112/><T76/><D76/><AGARI ba="1,0" hai="4,10,15,44,50,53,63,66,70,72,74,76,81,87" machi="76" ten="30,1500,0" yaku="7,1" doraHai="94" who="1" fromWho="0" sc="170,-18,490,18,80,0,260,0" /><INIT seed="1,2,0,4,5,111" ten="152,508,80,260" oya="1" hai0="127,11,82,114,54,80,58,134,94,18,123,12,90" hai1="40,85,1,109,10,112,48,125,56,86,5,28,66" hai2="129,121,8,31,102,32,74,131,77,42,52,60,39" hai3="7,65,71,89,51,87,99,25,83,45,110,64,23"/><U17/><E112/><V46/><F121/><W68/><G110/><T35/><D123/><U27/><E17/><V44/><F102/><W14/><G68/><T97/><D114/><U6/><E6/><V101/><F101/><W62/><G99/><T13/><D35/><U24/><E24/><V37/><F8/><W113/><G113/><T9/><D134/><U95/><E125/><V104/><F104/><W88/><G65/><T50/><REACH who="0" step="1"/><D127/><REACH who="0" ten="142,508,80,260" step="2"/><U76/><E109/><V116/><F116/><W135/><G135/><T103/><D103/><U29/><E29/><V63/><F31/><W79/><G7/><AGARI ba="2,1" hai="7,9,11,12,13,18,50,54,58,80,82,90,94,97" machi="7" ten="30,3900,0" yaku="1,1,7,1,8,1,53,0" doraHai="111" doraHaiUra="100" who="0" fromWho="3" sc="142,55,508,0,80,0,260,-45" /><INIT seed="2,0,0,4,1,31" ten="197,508,80,215" oya="2" hai0="16,55,126,72,75,23,9,123,77,22,37,125,119" hai1="114,98,14,38,53,67,5,94,122,2,66,89,78" hai2="33,26,10,6,30,0,69,93,71,17,108,97,117" hai3="99,13,86,56,107,118,80,21,113,83,128,35,132"/><V133/><F117/><W11/><G118/><T87/><D119/><U52/><E2/><V124/><F124/><W1/><G1/><T103/><D123/><U61/><E38/><V62/><F133/><W120/><G132/><T116/><D116/><U57/><E114/><V64/><F108/><W48/><G128/><T54/><D37/><U58/><E78/><V96/><F71/><W70/><G70/><T18/><D77/><U100/><E100/><V25/><REACH who="2" step="1"/><F93/><REACH who="2" ten="197,508,70,215" step="2"/><W20/><G113/><T29/><D126/><U115/><E115/><V92/><F92/><W73/><G120/><T95/><D125/><U84/><E122/><V46/><F46/><W45/><G45/><T50/><D95/><U44/><E44/><V49/><F49/><W112/><G48/><T12/><D50/><N who="1" m="30871" /><E98/><V68/><F68/><W36/><G99/><T34/><D103/><U104/><E104/><V134/><F134/><W65/><G107/><T91/><D75/><U40/><E40/><V90/><F90/><W105/><G105/><T79/><D72/><U19/><E94/><V42/><F42/><W39/><G39/><T51/><D91/><U27/><E89/><V102/><F102/><W74/><G74/><T106/><D106/><U7/><E84/><V41/><F41/><W15/><G73/><T88/><D88/><U101/><E101/><V81/><F81/><W129/><G83/><T60/><D51/><U131/><E131/><V135/><F135/><W121/><G36/><T24/><D87/><U43/><E43/><V8/><F8/><W111/><G129/><T109/><D109/><RYUUKYOKU ba="0,1" sc="197,-10,508,-10,70,30,215,-10" hai2="0,6,10,17,25,26,30,33,62,64,69,96,97" /><INIT seed="2,1,1,2,5,122" ten="187,498,100,205" oya="2" hai0="82,0,66,101,85,106,10,59,83,15,125,87,88" hai1="90,94,22,68,132,63,1,33,36,123,134,69,72" hai2="34,24,109,16,79,44,96,81,5,89,99,111,50" hai3="129,127,38,4,103,61,52,53,48,114,2,12,11"/><V64/><F64/><W76/><G127/><T32/><D125/><U31/><E33/><V60/><F5/><W6/><G129/><T108/><D32/><U77/><E36/><V55/><F60/><W80/><G38/><T92/><D0/><U7/><E123/><V107/><F107/><W130/><G130/><T43/><D43/><U13/><E77/><V131/><F131/><W128/><G128/><T113/><D113/><U124/><E72/><V91/><F96/><W17/><G114/><T18/><D108/><N who="2" m="41546" /><F99/><W21/><G103/><T51/><D106/><U27/><E63/><V84/><F16/><W117/><G117/><T45/><D101/><U41/><E124/><V115/><F115/><W9/><G4/><T29/><D66/><U78/><E7/><V65/><F65/><W126/><G126/><T98/><D29/><AGARI ba="1,1" hai="24,29,34,44,50,55,79,81,84,89,91" m="41546" machi="29" ten="30,12000,1" yaku="14,1,10,1,52,3" doraHai="122" who="2" fromWho="0" sc="187,-123,498,0,100,133,205,0" /><INIT seed="2,2,0,0,4,25" ten="64,498,233,205" oya="2" hai0="55,114,52,85,78,108,59,26,34,133,115,4,91" hai1="54,104,69,65,68,50,80,116,83,106,130,135,27" hai2="87,86,46,95,76,134,10,20,81,74,120,19,101" hai3="128,119,72,121,6,75,125,66,28,38,88,96,37"/><V30/><F120/><W57/><G121/><T17/><D78/><U90/><E116/><V60/><F134/><W48/><G119/><T107/><D107/><U8/><E135/><V53/><F101/><W58/><G125/><T98/><D98/><U64/><E27/><V94/><F74/><W89/><G128/><T105/><D105/><U45/><E130/><V123/><F123/><W41/><G6/><T9/><D108/><U132/><E132/><V73/><F73/><W79/><G66/><T51/><D133/><U5/><E104/><V47/><F47/><W7/><G7/><T14/><D55/><U21/><E21/><V56/><F46/><W113/><G79/><T61/><D61/><U36/><E36/><V92/><F87/><W12/><G96/><T11/><D34/><U40/><E40/><V15/><F94/><W43/><G48/><T109/><D109/><U42/><E42/><V33/><F33/><W71/><G71/><T23/><REACH who="0" step="1"/><D11/><REACH who="0" ten="54,498,233,205" step="2"/><U118/><E8/><V67/><F53/><W31/><G113/><T117/><D117/><U0/><E54/><V127/><F127/><W1/><G1/><T111/><D111/><U82/><E0/><V122/><F122/><W39/><G39/><T49/><D49/><U126/><E50/><V16/><F10/><W77/><G77/><T100/><D100/><U124/><E124/><V99/><F99/><W97/><G97/><T24/><D24/><U102/><E126/><V18/><F15/><AGARI ba="2,1" hai="12,15,28,31,37,38,41,43,57,58,72,75,88,89" machi="15" ten="25,8000,1" yaku="22,2,52,2,54,1" doraHai="25" who="3" fromWho="2" sc="54,0,498,0,233,-86,205,96" /><INIT seed="3,0,0,2,0,53" ten="54,498,147,301" oya="3" hai0="66,133,103,77,27,122,54,32,74,15,13,78,107" hai1="19,87,124,63,115,125,116,25,16,72,114,127,105" hai2="131,126,40,39,108,86,22,117,120,38,48,42,65" hai3="0,130,101,36,121,49,106,92,34,98,21,84,96"/><W60/><G121/><T30/><D122/><U59/><E72/><V44/><F120/><W8/><G34/><T62/><D133/><U68/><E105/><V31/><F117/><W85/><G36/><T17/><D54/><N who="1" m="34295" /><E68/><V112/><F112/><N who="1" m="43049" /><E116/><V33/><F33/><W81/><G130/><T83/><D77/><U35/><E87/><V134/><F131/><W104/><G21/><T56/><REACH who="0" step="1"/><D17/><REACH who="0" ten="44,498,147,301" step="2"/><U82/><E16/><V2/><F134/><W14/><G60/><T111/><D111/><U132/><E132/><V90/><F108/><W88/><G0/><T89/><D89/><U57/><E19/><V102/><F2/><W5/><G49/><T28/><D28/><U43/><E124/><V135/><F126/><W80/><REACH who="3" step="1"/><G98/><AGARI ba="0,1" hai="13,15,27,30,32,56,62,66,74,78,83,98,103,107" machi="98" ten="40,5200,0" yaku="1,1,52,1,53,1" doraHai="53" doraHaiUra="75" who="0" fromWho="3" sc="44,62,498,0,147,0,301,-52" /><INIT seed="4,0,0,4,3,28" ten="106,498,147,249" oya="0" hai0="58,32,127,85,82,95,41,108,13,112,53,111,64" hai1="52,44,103,94,123,0,133,118,91,120,33,9,67" hai2="22,134,6,60,40,90,131,84,12,37,27,70,42" hai3="30,65,130,71,83,99,16,97,47,122,35,14,101"/><T115/><D127/><U119/><E33/><V39/><F134/><W81/><G130/><T76/><D64/><U50/><E103/><V86/><F131/><W117/><G99/><T73/><D41/><U106/><E106/><V49/><F39/><W63/><G47/><T75/><D13/><U57/><E133/><V46/><F37/><W19/><G117/><T7/><D7/><U51/><E9/><N who="2" m="4151" /><F70/><W36/><G36/><T11/><D11/><U113/><E113/><N who="0" m="43593" /><D32/><U125/><E125/><V78/><F78/><W74/><G19/><T15/><D15/><U31/><E31/><N who="2" m="17911" /><F60/><W89/><G63/><N who="0" m="36303" /><D95/><U100/><E67/><V77/><F42/><W79/><G65/><T34/><D34/><U25/><E25/><V114/><F114/><W48/><G35/><T20/><D20/><U54/><E0/><V4/><F4/><W132/><G132/><T102/><D102/><U29/><E29/><V38/><F38/><W109/><G30/><T88/><D76/><U18/><E18/><V66/><F77/><W124/><G79/><T72/><AGARI ba="0,0" hai="72,73,75,82,85,88,108,111" m="36303,43593" machi="72" ten="40,3900,0" yaku="15,1,54,1" doraHai="28" who="0" fromWho="0" sc="106,39,498,-13,147,-13,249,-13" /><INIT seed="4,1,0,1,0,44" ten="145,485,134,236" oya="0" hai0="129,88,67,7,60,28,43,98,71,105,6,39,9" hai1="128,81,106,59,47,102,11,76,14,90,62,32,56" hai2="22,95,84,12,78,2,48,51,45,40,113,46,54" hai3="120,58,69,101,124,23,52,110,41,66,122,126,64"/><T13/><D129/><U117/><E32/><V16/><F2/><W19/><G101/><T73/><D73/><U61/><E128/><V5/><F113/><W63/><G23/><T57/><D28/><U70/><E90/><N who="2" m="53703" /><F5/><W0/><G19/><T97/><D105/><U83/><E83/><V33/><F33/><W109/><G41/><T8/><D43/><U18/><E47/><V114/><F114/><W111/><G0/><T127/><D39/><U115/><E115/><V87/><F87/><W121/><G69/><T34/><D127/><AGARI ba="1,0" hai="52,58,63,64,66,109,110,111,120,121,122,124,126,127" machi="127" ten="50,12000,2" yaku="13,1,18,1,34,3,54,1" doraHai="44" who="3" fromWho="0" sc="145,-123,485,0,134,0,236,123" /><INIT seed="5,0,0,0,0,80" ten="22,485,134,359" oya="1" hai0="8,129,35,10,40,62,42,45,75,131,41,104,78" hai1="29,108,28,118,14,36,83,11,128,97,43,37,13" hai2="117,119,49,92,0,52,44,125,58,20,91,109,130" hai3="55,3,7,102,76,89,101,6,31,107,86,95,34"/><U47/><E118/><V64/><F109/><W59/><G3/><T61/><D75/><U88/><E108/><V67/><F0/><W18/><G76/><T93/><D78/><U132/><E128/><V32/><F32/><W65/><G65/><T99/><D35/><U27/><E132/><V68/><F130/><W33/><G107/><T21/><D104/><U23/><E14/><V22/><F68/><W105/><G105/><T96/><D21/><U71/><E71/><V81/><F81/><W72/><G72/><T135/><D45/><U74/><E74/><V53/><F125/><W19/><G33/><T79/><D79/><U123/><E123/><V113/><F113/><W84/><G31/><T50/><D50/><U17/><E37/><V111/><F111/><W12/><G34/><T39/><D39/><U38/><E38/><V126/><F126/><W112/><G112/><T70/><D70/><U114/><E114/><V110/><F110/><W94/><G12/><T63/><D135/><U51/><E36/><V15/><F119/><W77/><G77/><T103/><REACH who="0" step="1"/><D96/><REACH who="0" ten="12,485,134,359" step="2"/><U121/><E97/><N who="2" m="57503" /><F22/><W82/><G19/><T2/><D2/><U30/><E29/><V106/><F106/><W16/><G18/><T57/><D57/><U87/><E30/><V60/><F117/><W1/><G16/><AGARI ba="0,1" hai="15,16,20,44,49,52,53,58,60,64,67" m="57503" machi="16" ten="30,3900,0" yaku="8,1,54,2" doraHai="80" who="2" fromWho="3" sc="12,0,485,0,134,49,359,-39" /><INIT seed="6,0,0,2,0,56" ten="12,485,183,320" oya="2" hai0="109,13,61,66,44,86,106,3,25,88,10,93,101" hai1="92,69,100,31,82,0,128,134,73,26,116,4,135" hai2="111,65,55,107,84,62,45,129,71,80,114,115,11" hai3="29,52,41,51,105,124,96,130,90,12,59,97,34"/><V94/><F107/><W2/><G2/><T22/><D109/><U14/><E0/><V132/><F111/><W9/><G124/><T70/><D3/><U38/><E38/><V64/><F132/><W87/><G105/><T35/><D35/><U103/><E116/><V15/><F129/><W72/><G72/><T39/><D106/><U119/><E119/><V46/><F94/><W126/><G126/><T16/><D101/><U28/><E28/><V121/><F65/><W108/><G130/><T57/><D70/><U49/><E100/><V6/><F121/><W91/><G91/><T76/><D76/><U95/><E103/><V123/><F123/><W21/><G34/><T67/><D67/><U75/><E69/><V77/><F55/><W131/><G41/><T89/><D89/><U50/><E95/><V36/><F36/><W120/><G131/><T43/><REACH who="0" step="1"/><D25/><REACH who="0" ten="2,485,183,320" step="2"/><U5/><E26/><V30/><F71/><W8/><G90/><T112/><D112/><U7/><E128/><V117/><F117/><W47/><G108/><T1/><D1/><U74/><E135/><V18/><F115/><W37/><G120/><T42/><D42/><U118/><E118/><V23/><F114/><W104/><G104/><T102/><D102/><U32/><E32/><V125/><F125/><W27/><G27/><T54/><D54/><U110/><E110/><V53/><F53/><W33/><G52/><T85/><D85/><U19/><E134/><V127/><F127/><W78/><G87/><T122/><D122/><U68/><E68/><N who="2" m="42007" /><F30/><W20/><G29/><T83/><D83/><RYUUKYOKU ba="0,1" sc="2,15,485,-15,183,15,320,-15" hai0="10,13,16,22,39,43,44,57,61,66,86,88,93" hai2="6,11,15,18,23,45,46,77,80,84" /><INIT seed="6,1,1,0,0,82" ten="17,470,198,305" oya="2" hai0="57,117,77,41,18,81,70,22,20,104,105,55,98" hai1="128,89,1,7,34,113,67,12,132,93,87,61,28" hai2="50,53,120,40,69,86,36,79,88,64,126,11,71" hai3="17,134,75,14,62,10,30,2,96,46,51,43,19"/><V42/><F120/><W131/><G75/><T76/><D70/><U129/><E1/><V66/><F126/><W56/><G131/><T54/><D117/><U31/><E34/><V68/><F79/><W99/><G2/><T109/><D109/><U39/><E39/><V65/><F36/><W112/><G134/><T72/><D41/><U25/><E25/><V127/><F11/><W125/><G112/><T78/><D55/><U13/><E13/><V100/><F100/><W38/><G38/><T84/><D20/><U23/><E113/><V63/><F63/><W24/><G19/><T47/><D47/><U91/><E132/><V108/><F127/><W102/><G102/><T44/><D44/><U119/><E119/><V45/><REACH who="2" step="1"/><F108/><REACH who="2" ten="17,470,188,305" step="2"/><W73/><G125/><T90/><D72/><U59/><E61/><V29/><F29/><W118/><G73/><T21/><D21/><U133/><E23/><V95/><AGARI ba="1,2" hai="40,42,45,50,53,64,65,66,68,69,71,86,88,95" machi="95" ten="40,12000,1" yaku="1,1,0,1,52,1,54,1,53,0" doraHai="82" doraHaiUra="4" who="2" fromWho="2" sc="17,-41,470,-41,188,143,305,-41" owari="-24,-52.0,429,53.0,331,13.0,264,-14.0" /></mjloggm>