<mjloggm ver="2.3"><GO type="169" lobby="0"/><UN n0="%E3%83%92%E3%83%AB%E3%83%99%E3%83%AB%E3%83%88" n1="%E3%82%A2%E3%83%B3%E3%81%93%E3%81%B3" n2="%E3%83%9E%E3%83%8A%E3%83%96%E9%9B%B6" n3="%E3%82%B7%E3%83%A3%E3%82%AD%E3%82%AA%E3%83%8B" dan="17,16,16,16" rate="2176.21,2189.36,2153.92,2159.38" sx="M,M,M,M"/><TAIKYOKU oya="0"/><INIT seed="0,0,0,4,0,70" ten="250,250,250,250" oya="0" hai0="121,58,43,8,46,62,48,72,105,109,56,35,102" hai1="83,77,84,103,101,66,55,63,85,30,9,64,34" hai2="5,38,126,49,23,17,120,28,131,39,6,24,119" hai3="75,89,36,68,117,122,18,95,12,114,42,37,124"/><T116/><D116/><U59/><E9/><V79/><F120/><W93/><G117/><T92/><D121/><U106/><E85/><V41/><F119/><W2/><G114/><T44/><D72/><U110/><E110/><V60/><F79/><W128/><G68/><T125/><D35/><U27/><REACH who="1" step="1"/><E106/><REACH who="1" ten="250,240,250,250" step="2"/><V50/><F126/><W54/><G75/><T135/><D105/><U21/><E21/><V134/><F134/><W107/><G107/><T112/><D109/><U47/><E47/><V86/><F86/><W32/><G122/><T10/><D125/><U98/><E98/><V45/><F131/><W108/><G128/><T71/><D135/><U80/><E80/><V31/><F31/><W129/><G108/><T13/><D10/><U91/><E91/><V88/><F88/><W0/><G129/><T115/><D46/><U94/><E94/><V104/><F104/><W133/><G133/><T78/><D78/><U74/><E74/><V52/><F28/><W57/><G124/><T99/><D112/><U90/><E90/><V67/><F6/><W100/><G0/><T82/><D82/><U26/><E26/><V14/><F5/><W97/><G2/><T65/><D115/><U33/><E33/><V16/><F24/><W132/><G32/><T25/><D25/><U7/><E7/><AGARI ba="0,1" hai="7,8,13,43,44,48,56,58,62,65,71,92,99,102" machi="7" ten="30,1500,0" yaku="7,1" doraHai="70" who="0" fromWho="1" sc="250,25,240,-15,250,0,250,0" /><INIT seed="0,1,0,5,1,29" ten="275,225,250,250" oya="0" hai0="33,60,86,34,13,110,39,70,9,131,100,17,75" hai1="30,101,77,104,24,128,47,21,46,113,121,114,107" hai2="50,22,6,120,127,48,28,85,133,1,0,38,98" hai3="124,31,54,109,79,59,12,83,55,118,116,32,18"/><T42/><D75/><U19/><E121/><V69/><F120/><W76/><G109/><T80/><D110/><U45/><E128/><V123/><F123/><W92/><G124/><T90/><D131/><U91/><E77/><V74/><F85/><W3/><G3/><T52/><D100/><U119/><E119/><V125/><F98/><W96/><G76/><T65/><REACH who="0" step="1"/><D52/><REACH who="0" ten="265,225,250,250" step="2"/><U16/><E101/><V26/><F74/><W94/><G54/><T122/><D122/><U57/><E113/><V8/><F127/><W84/><G55/><T93/><D93/><U64/><E114/><V99/><F125/><W87/><G94/><T43/><D43/><U20/><E104/><V7/><F133/><W58/><G92/><T134/><D134/><U112/><E107/><V81/><F81/><W68/><G118/><T97/><D97/><U73/><E73/><V10/><F99/><W53/><G96/><T37/><D37/><U23/><E112/><V135/><F38/><W63/><G116/><T129/><D129/><U44/><E44/><AGARI ba="1,1" hai="9,13,17,33,34,39,42,44,60,65,70,80,86,90" machi="44" ten="40,7700,0" yaku="1,1,52,2,53,0" doraHai="29" doraHaiUra="132" who="0" fromWho="1" sc="265,90,225,-80,250,0,250,0" /><INIT seed="0,2,0,4,2,102" ten="355,145,250,250" oya="0" hai0="16,86,36,130,97,34,51,25,46,44,107,27,85" hai1="42,64,2,109,33,59,135,58,56,66,125,43,115" hai2="3,68,65,50,31,49,123,40,67,72,96,30,11" hai3="61,118,128,32,88,79,82,41,57,94,132,117,6"/><T134/><D130/><U121/><E33/><V92/><F123/><W19/><G32/><T26/><D134/><U108/><E2/><V84/><F72/><W73/><G6/><T54/><D34/><U0/><E0/><V8/><F84/><W47/><G19/><T23/><D107/><U13/><E13/><V124/><F3/><W48/><G132/><T69/><D69/><U101/><E101/><V15/><F124/><W133/><G128/><T29/><D97/><U45/><E135/><V71/><F96/><W80/><G80/><T105/><D105/><U39/><E121/><V127/><F127/><W93/><G93/><T120/><D120/><U63/><E125/><V55/><F92/><W24/><G24/><T114/><D114/><U20/><E20/><V5/><F15/><W106/><G106/><T110/><D110/><N who="1" m="42603" /><E115/><V21/><F40/><W100/><G100/><T37/><D29/><U35/><E35/><V60/><F21/><W38/><G38/><T87/><REACH who="0" step="1"/><D46/><REACH who="0" ten="345,145,250,250" step="2"/><N who="1" m="23903" /><E63/><V98/><F60/><W78/><G133/><T17/><D17/><U14/><E14/><AGARI ba="2,1" hai="14,16,23,25,26,27,36,37,44,51,54,85,86,87" machi="14" ten="40,3900,0" yaku="1,1,54,1,53,0" doraHai="102" doraHaiUra="1" who="0" fromWho="1" sc="345,55,145,-45,250,0,250,0" /><INIT seed="0,3,0,2,3,45" ten="400,100,250,250" oya="0" hai0="17,51,81,83,12,38,44,26,123,37,14,96,110" hai1="6,88,116,34,93,128,76,127,43,46,112,121,78" hai2="0,60,31,56,72,64,55,7,8,84,111,47,23" hai3="18,122,36,99,94,25,82,119,28,27,85,79,57"/><T105/><D123/><U115/><E121/><V87/><F72/><W102/><G36/><T114/><D114/><N who="1" m="43563" /><E116/><V65/><F111/><W70/><G70/><T42/><D110/><U61/><E127/><V117/><F117/><W80/><G122/><T29/><D37/><N who="1" m="21871" /><E128/><V103/><F103/><W62/><G119/><T134/><D38/><U41/><E41/><V125/><F125/><W22/><G82/><T73/><D134/><U92/><E61/><V101/><F101/><W2/><G2/><T53/><D42/><U71/><E71/><V20/><F31/><W120/><G120/><T19/><D73/><U35/><E6/><V1/><F1/><W74/><G74/><T100/><D17/><U132/><E132/><V32/><F32/><N who="1" m="12329" /><E92/><V11/><F11/><W15/><REACH who="3" step="1"/><G28/><REACH who="3" ten="400,100,250,240" step="2"/><T48/><D29/><U97/><AGARI ba="3,1" hai="76,78,88,93,97" m="12329,21871,43563" machi="97" ten="30,2000,0" yaku="11,1,54,1" doraHai="45" who="1" fromWho="1" sc="400,-13,100,39,250,-8,240,-8" /><INIT seed="1,0,0,4,0,35" ten="387,139,242,232" oya="1" hai0="4,72,99,63,58,61,87,98,68,104,130,11,14" hai1="76,31,21,81,132,50,106,26,116,118,78,80,97" hai2="39,113,105,20,111,6,131,16,77,86,57,44,67" hai3="100,28,3,74,115,101,10,33,30,52,47,71,88"/><U128/><E128/><V34/><F34/><W46/><G74/><T65/><D72/><U133/><E50/><V38/><F105/><W89/><G71/><T85/><D130/><U120/><E120/><V27/><F131/><W93/><G33/><T17/><D104/><U129/><E129/><V19/><F6/><W90/><G115/><T124/><D124/><U119/><E97/><V43/><F113/><W69/><G69/><T29/><D29/><N who="3" m="11369" /><G3/><T126/><D126/><U23/><E106/><V122/><F122/><W108/><G108/><T18/><D99/><U95/><E95/><V60/><F111/><W73/><G73/><T102/><D98/><U125/><E125/><V91/><F77/><W13/><G93/><T36/><D36/><U45/><E45/><N who="3" m="16906" /><G52/><T135/><D102/><U49/><E49/><V40/><F19/><AGARI ba="0,0" hai="10,13,19,88,89,90,100,101" m="16906,11369" machi="19" ten="30,2000,0" yaku="8,1,54,1" doraHai="35" who="3" fromWho="2" sc="387,0,139,0,242,-20,232,20" /><INIT seed="2,0,0,0,0,17" ten="387,139,222,252" oya="2" hai0="10,39,50,12,121,90,16,20,132,96,62,74,115" hai1="30,25,110,87,38,102,99,28,56,29,63,0,34" hai2="78,89,84,43,23,101,108,59,92,98,129,82,72" hai3="123,3,37,127,36,79,73,117,47,134,11,77,58"/><V27/><F129/><W135/><G117/><T111/><D39/><U14/><E38/><V64/><F43/><N who="3" m="23023" /><G36/><T21/><D115/><U49/><E110/><V105/><F108/><W61/><G123/><T109/><D74/><U41/><E0/><V32/><F32/><W118/><G118/><T53/><D121/><U113/><E113/><V4/><F4/><N who="3" m="1439" /><G127/><T60/><D132/><N who="3" m="50729" /><G73/><T24/><D111/><U81/><E41/><V26/><REACH who="2" step="1"/><F23/><REACH who="2" ten="387,139,212,252" step="2"/><N who="0" m="8778" /><D109/><U40/><E34/><V19/><F19/><W131/><G131/><T128/><D128/><U85/><E29/><V112/><F112/><W57/><G57/><N who="0" m="32951" /><D24/><U126/><E25/><V75/><F75/><W6/><G6/><T35/><D35/><U65/><E30/><V86/><F86/><W103/><G103/><T55/><D55/><AGARI ba="0,1" hai="55,58,61,77,79" m="50729,1439,23023" machi="55" ten="30,1000,0" yaku="20,1" doraHai="17" who="3" fromWho="0" sc="387,-10,139,0,212,0,252,20" /><INIT seed="3,0,0,3,3,53" ten="377,139,212,272" oya="3" hai0="46,18,6,118,129,24,3,85,95,103,99,122,11" hai1="105,23,4,28,101,116,56,47,21,96,32,5,33" hai2="76,75,117,120,58,52,19,107,126,34,135,50,106" hai3="43,49,130,104,81,26,121,134,63,42,86,70,125"/><W51/><G121/><T83/><D118/><U62/><E116/><V13/><F117/><W31/><G104/><T128/><D122/><U36/><E36/><V74/><F120/><W90/><G134/><T71/><D71/><U78/><E78/><V45/><F34/><W88/><G130/><N who="0" m="50283" /><D46/><U69/><E47/><V59/><F135/><W79/><G125/><T14/><D24/><U72/><E72/><V133/><F133/><W114/><G114/><T7/><D3/><U66/><E56/><V109/><F109/><W35/><G49/><T22/><D22/><U20/><REACH who="1" step="1"/><E32/><REACH who="1" ten="377,129,212,272" step="2"/><V61/><F126/><W97/><G51/><T8/><D8/><U91/><E91/><AGARI ba="0,1" hai="6,7,11,14,18,83,85,91,95,99,103" m="50283" machi="91" ten="30,1000,0" yaku="19,1" doraHai="53" who="0" fromWho="1" sc="377,20,129,-10,212,0,272,0" /><INIT seed="4,0,0,0,4,129" ten="397,119,212,272" oya="0" hai0="94,5,92,62,61,44,127,14,75,116,54,45,25" hai1="77,96,100,38,16,104,52,4,17,37,132,41,103" hai2="84,93,57,99,108,34,24,30,7,71,79,49,89" hai3="110,48,73,106,80,46,72,122,66,12,36,97,59"/><T124/><D75/><U91/><E77/><V68/><F108/><W78/><G110/><T65/><D25/><U69/><E69/><V50/><F7/><W121/><G36/><T101/><D116/><U117/><E117/><V102/><F79/><W40/><G72/><T39/><D5/><U29/><E29/><V128/><F128/><W76/><G76/><T131/><D14/><U47/><E4/><V63/><F68/><W23/><G66/><T126/><D131/><U58/><E38/><V51/><F71/><W43/><G59/><N who="0" m="35063" /><D101/><U22/><E132/><V64/><REACH who="2" step="1"/><F50/><REACH who="2" ten="397,119,202,272" step="2"/><W70/><G70/><N who="0" m="42295" /><D39/><U27/><E104/><AGARI ba="0,1" hai="24,30,34,49,51,57,63,64,84,89,93,99,102,104" machi="104" ten="30,2000,0" yaku="1,1,7,1,53,0" doraHai="129" doraHaiUra="32" who="2" fromWho="1" sc="397,0,119,-20,202,30,272,0" /><INIT seed="5,0,0,2,0,44" ten="397,99,232,272" oya="1" hai0="126,119,121,79,12,21,51,17,104,111,120,114,18" hai1="96,72,122,43,58,30,55,98,95,38,39,78,112" hai2="54,40,88,36,131,94,27,83,85,87,7,69,53" hai3="76,42,2,56,1,34,91,19,64,135,57,70,97"/><U66/><E122/><N who="0" m="47209" /><D104/><U50/><E112/><V48/><F69/><W103/><G34/><T132/><D111/><U67/><E30/><V33/><F36/><W90/><G42/><T73/><D119/><U32/><E32/><V63/><F131/><W89/><G76/><T45/><D126/><U134/><E134/><V16/><F7/><W3/><G135/><T5/><D132/><U81/><E96/><V84/><F33/><W61/><REACH who="3" step="1"/><G19/><REACH who="3" ten="397,99,232,262" step="2"/><N who="0" m="10471" /><D5/><U11/><E11/><V46/><F63/><W60/><G60/><T80/><D114/><U28/><E28/><V71/><F71/><W77/><G77/><T106/><D18/><U26/><E26/><V41/><F41/><W93/><AGARI ba="0,1" hai="1,2,3,56,57,61,64,70,89,90,91,93,97,103" machi="93" ten="40,2700,0" yaku="1,1,0,1,53,0" doraHai="44" doraHaiUra="31" who="3" fromWho="3" sc="397,-7,99,-13,232,-7,262,37" /><INIT seed="6,0,0,2,1,112" ten="390,86,225,299" oya="2" hai0="36,44,98,109,104,52,103,15,95,37,87,100,83" hai1="31,39,125,101,123,126,102,63,47,94,3,43,53" hai2="62,38,65,25,66,29,56,113,107,96,80,24,16" hai3="57,93,115,41,120,89,81,13,22,75,58,23,119"/><V49/><F38/><W30/><G120/><T40/><D109/><U17/><E123/><V5/><F113/><W76/><G119/><T114/><D114/><U77/><E77/><V117/><F117/><W0/><G0/><T68/><D68/><U2/><E31/><V116/><F116/><W20/><G115/><T11/><D100/><U35/><E35/><V108/><F108/><W99/><G41/><T130/><D130/><U86/><E17/><V118/><F118/><W82/><G30/><T28/><D28/><U128/><E128/><V48/><F5/><W105/><G82/><T19/><D104/><U8/><E8/><V46/><F80/><W70/><G70/><T72/><D72/><U45/><E86/><V33/><F66/><W134/><G134/><T133/><D133/><U122/><E122/><V78/><F78/><W61/><G105/><T26/><D26/><U111/><E111/><V32/><F46/><W18/><G58/><T60/><D60/><U73/><E73/><V132/><F132/><W110/><G110/><T51/><REACH who="0" step="1"/><D40/><REACH who="0" ten="380,86,225,299" step="2"/><U67/><E63/><V54/><F33/><W21/><G75/><T91/><AGARI ba="0,1" hai="11,15,19,36,37,44,51,52,83,87,91,95,98,103" machi="91" ten="20,16000,3" yaku="1,1,2,1,0,1,7,1,25,2,54,1,53,1" doraHai="112" doraHaiUra="4" who="0" fromWho="0" sc="380,170,86,-40,225,-80,299,-40" /><INIT seed="7,0,0,3,3,122" ten="550,46,145,259" oya="3" hai0="87,125,72,86,44,54,120,63,91,52,15,121,80" hai1="92,65,36,64,93,74,43,81,30,130,101,84,22" hai2="133,34,66,127,108,88,111,77,124,135,9,90,78" hai3="18,67,37,20,102,61,28,32,83,4,38,79,57"/><W3/><G102/><T27/><D72/><U106/><E130/><V40/><F40/><W31/><G3/><T39/><D125/><N who="2" m="48202" /><F66/><W24/><G4/><T45/><D15/><U53/><E43/><V112/><F34/><W115/><G115/><T12/><D12/><U129/><E36/><V62/><F62/><W16/><G18/><T51/><D27/><U21/><E53/><V132/><F9/><W103/><G103/><T58/><D39/><U104/><E129/><V75/><F112/><W95/><G95/><T114/><D114/><U119/><E74/><V0/><F0/><W105/><G105/><T134/><D134/><U26/><E119/><V48/><F48/><W89/><G89/><N who="2" m="34409" /><F75/><W68/><G68/><T19/><D19/><U131/><E131/><V123/><F123/><W46/><G46/><T118/><D118/><U71/><E71/><V10/><F10/><W13/><G31/><T50/><D87/><AGARI ba="0,0" hai="13,16,20,24,28,32,37,38,57,61,67,79,83,87" machi="87" ten="30,2900,0" yaku="7,1,54,1" doraHai="122" who="3" fromWho="0" sc="550,-29,46,0,145,0,259,29" /><INIT seed="7,1,0,2,0,29" ten="521,46,145,288" oya="3" hai0="3,79,69,30,47,134,91,99,73,104,48,63,118" hai1="23,129,61,25,9,120,42,81,76,100,78,6,86" hai2="44,58,70,115,105,7,106,33,103,130,46,1,121" hai3="80,28,32,64,87,55,24,60,27,53,123,10,22"/><W0/><G123/><T93/><D3/><U132/><E120/><V113/><F70/><W40/><G40/><T36/><D118/><U83/><E129/><V14/><F14/><W96/><G96/><T20/><D134/><U8/><E132/><V110/><F58/><W72/><G72/><T75/><D104/><U119/><E119/><V49/><F110/><W85/><G85/><T114/><D114/><U95/><E42/><V122/><F7/><W128/><G128/><T34/><D34/><U39/><E39/><V71/><F71/><W52/><G0/><T17/><D30/><U57/><E6/><V97/><F97/><W26/><G10/><T101/><D101/><U107/><E107/><V68/><F68/><W31/><G26/><T56/><D69/><U5/><E5/><V117/><F103/><W88/><G55/><T111/><D111/><U38/><E38/><V74/><F49/><W89/><G89/><T62/><D36/><U51/><E51/><V37/><F37/><W77/><G77/><T108/><D108/><U59/><E95/><V12/><F12/><W50/><G50/><T18/><D79/><U11/><E100/><V90/><F130/><W94/><G94/><T41/><D62/><U21/><E61/><V131/><F113/><W45/><G45/><T102/><D102/><U116/><E116/><V35/><F115/><W112/><G112/><T65/><D18/><N who="1" m="12471" /><E23/><V2/><F121/><W84/><G84/><T126/><D126/><U109/><E109/><V67/><F122/><W54/><G54/><T43/><D41/><U98/><E98/><RYUUKYOKU ba="1,0" sc="521,10,46,10,145,-30,288,10" hai0="17,20,43,47,48,56,63,65,73,75,91,93,99" hai1="8,9,11,57,59,76,78,81,83,86" hai3="22,24,27,28,31,32,52,53,60,64,80,87,88" /><INIT seed="7,2,0,2,0,107" ten="531,56,115,298" oya="3" hai0="24,102,89,110,29,81,122,49,15,101,70,36,119" hai1="99,44,1,21,54,2,108,10,100,90,88,86,66" hai2="34,4,73,28,55,130,115,52,56,104,96,13,92" hai3="79,64,35,109,68,57,105,48,121,37,5,83,106"/><W25/><G121/><T131/><D110/><U62/><E108/><V61/><F104/><W59/><G109/><T103/><D36/><U85/><E21/><V125/><F73/><W9/><G37/><T58/><D70/><U114/><E114/><V80/><F80/><W113/><G113/><T91/><D119/><U133/><E133/><V8/><F115/><W47/><G68/><T53/><D131/><U26/><E26/><V0/><F130/><W126/><G126/><T12/><D122/><U75/><E75/><V51/><F125/><W72/><G35/><T17/><D81/><U127/><E127/><V135/><F135/><W42/><G25/><T71/><D71/><U32/><E32/><V23/><F34/><W69/><G69/><T6/><D6/><U93/><E10/><V116/><F116/><W14/><REACH who="3" step="1"/><G59/><REACH who="3" ten="531,56,115,288" step="2"/><N who="0" m="33199" /><D24/><U124/><E124/><V19/><F28/><W129/><G129/><T40/><D29/><U31/><E31/><V50/><REACH who="2" step="1"/><F55/><REACH who="2" ten="531,56,105,288" step="2"/><W18/><G18/><T22/><D58/><U132/><E132/><V7/><F7/><W94/><G94/><T45/><D40/><U76/><E54/><V87/><F87/><W78/><G78/><T43/><D43/><U118/><E76/><V67/><F67/><W74/><G74/><T134/><D134/><U84/><E118/><V111/><F111/><W33/><G33/><T82/><D82/><U16/><E16/><V60/><F60/><AGARI ba="2,2" hai="5,9,14,42,47,48,57,60,64,72,79,83,105,106" machi="60" ten="40,7700,0" yaku="1,1,52,1,53,1" doraHai="107" doraHaiUra="11" who="3" fromWho="2" sc="531,0,56,0,105,-83,288,103" /><INIT seed="7,3,0,2,1,63" ten="531,56,22,391" oya="3" hai0="122,20,55,50,99,35,104,83,47,131,2,79,125" hai1="53,132,121,51,29,1,12,59,69,129,6,40,36" hai2="8,74,54,81,119,86,135,70,105,87,58,11,100" hai3="75,44,0,108,68,10,80,49,101,90,106,130,110"/><W67/><G130/><T71/><D122/><U17/><E121/><V102/><F119/><W26/><G106/><T57/><D71/><U127/><E129/><V43/><F135/><W30/><G101/><T120/><D35/><U9/><E132/><V73/><F70/><W28/><G0/><T22/><D2/><U95/><E69/><V45/><F105/><W27/><G10/><T134/><D120/><U34/><E127/><V96/><F96/><W115/><G115/><T14/><D125/><U19/><E95/><V39/><F74/><W65/><G68/><T116/><D116/><U107/><E107/><V98/><F73/><W21/><G75/><T66/><D134/><U60/><E36/><V72/><F72/><W94/><G80/><T76/><D131/><U61/><E40/><V7/><F98/><W91/><G91/><T48/><D99/><U5/><E19/><V85/><F81/><W18/><G18/><N who="0" m="10327" /><D104/><U46/><E46/><V113/><F113/><W89/><G89/><T62/><D22/><N who="1" m="11559" /><E6/><V41/><F41/><N who="3" m="24719" /><G110/><T117/><D117/><U78/><E78/><N who="0" m="29737" /><D83/><U88/><E88/><V4/><F4/><W82/><G82/><T33/><D33/><U3/><E3/><V126/><F126/><W38/><G38/><T25/><D25/><AGARI ba="3,0" hai="1,5,9,25,29,34,51,53,59,60,61" m="11559" machi="25" ten="30,1000,0" yaku="24,1" doraHai="63" who="1" fromWho="0" sc="531,-19,56,19,22,0,391,0" owari="512,61.0,75,-32.0,22,-48.0,391,19.0" /></mjloggm>