<mjloggm ver="2.3"><GO type="169" lobby="0"/><UN n0="%E7%89%8C%E6%B5%81%E5%AE%9A%E7%9F%B3%E6%9C%80%E9%AB%98" n1="%E6%B2%96%E3%83%92%E3%82%AB%E3%83%AB%EF%BC%88%E6%9C%AC%E7%89%A9%EF%BC%89" n2="%61%6E%6C%75%6E" n3="%E6%97%A9%E5%A4%A7%E3%83%80%E3%83%A1%E4%BF%AE%E5%A3%AB" dan="16,16,16,16" rate="2122.04,2089.68,2126.69,2180.51" sx="M,F,M,M"/><TAIKYOKU oya="0"/><INIT seed="0,0,0,2,5,129" ten="250,250,250,250" oya="0" hai0="34,51,128,7,1,100,60,59,134,22,95,81,32" hai1="73,16,122,76,127,98,27,130,49,53,43,84,107" hai2="55,89,101,39,54,119,110,2,90,78,17,67,106" hai3="56,103,4,58,121,70,114,115,8,52,35,87,80"/><T0/><D128/><U99/><E122/><V46/><F2/><W132/><G70/><T79/><D1/><U72/><E43/><V63/><F110/><W44/><G35/><T25/><D0/><U42/><E42/><V45/><F78/><W28/><G28/><T68/><D7/><U113/><E113/><V108/><F108/><W123/><G103/><T97/><D134/><U64/><E64/><V20/><F101/><W41/><G56/><T74/><D51/><U24/><E84/><V5/><F106/><W18/><G18/><T96/><D68/><U118/><E76/><V37/><F5/><W23/><G23/><T93/><D93/><U29/><E53/><N who="2" m="19979" /><F39/><N who="3" m="21567" /><G8/><T21/><D97/><U82/><E107/><V50/><F37/><W126/><G4/><T109/><D109/><U38/><E38/><V14/><F119/><W6/><G6/><T124/><D124/><U36/><E99/><V19/><F19/><W117/><G117/><T105/><D105/><U40/><E16/><V85/><F50/><N who="3" m="30999" /><G126/><T116/><D116/><U131/><E127/><V135/><F46/><W3/><G3/><T91/><D100/><U77/><E118/><V10/><F45/><W61/><G61/><T125/><D125/><U57/><E36/><V33/><F20/><N who="0" m="7786" /><D25/><U48/><E130/><V26/><F26/><W30/><G30/><T75/><D75/><U83/><E131/><V13/><F33/><W9/><G115/><T88/><D91/><N who="2" m="34826" /><F14/><W112/><G114/><T12/><D12/><U69/><E27/><V31/><F31/><W94/><G112/><T15/><D15/><RYUUKYOKU ba="0,0" sc="250,30,250,-10,250,-10,250,-10" hai0="32,34,59,60,74,79,81,88,95,96" /><INIT seed="0,1,0,5,1,87" ten="280,240,240,240" oya="0" hai0="49,110,40,53,118,73,131,112,45,36,78,90,11" hai1="12,10,22,52,30,5,75,34,1,0,33,62,74" hai2="91,119,23,116,120,38,88,86,18,106,81,72,101" hai3="59,24,130,57,94,99,76,129,85,8,133,42,15"/><T37/><D112/><U125/><E75/><V44/><F120/><W35/><G42/><T65/><D118/><N who="2" m="45098" /><F72/><W6/><G133/><T17/><D131/><N who="3" m="50185" /><G85/><T71/><D110/><U28/><E74/><V111/><F111/><W121/><G76/><T61/><D78/><U4/><E62/><V128/><F128/><W113/><G121/><T92/><D73/><U43/><E43/><N who="2" m="22647" /><F106/><W82/><G82/><T122/><D122/><U103/><E52/><V124/><F124/><W47/><G47/><T117/><D117/><U64/><E103/><V66/><F66/><W98/><G98/><T20/><D11/><N who="1" m="2439" /><E64/><V102/><F91/><N who="3" m="55775" /><G113/><T68/><D68/><U7/><E125/><V104/><F104/><W9/><G9/><T27/><REACH who="0" step="1"/><D40/><REACH who="0" ten="270,240,240,240" step="2"/><U54/><E7/><V13/><AGARI ba="1,1" hai="13,18,23,81,86,88,101,102" m="22647,45098" machi="13" ten="30,4000,0" yaku="12,1,52,1,54,1" doraHai="87" who="2" fromWho="2" sc="270,-21,240,-11,240,53,240,-11" /><INIT seed="1,0,0,0,2,119" ten="249,229,293,229" oya="1" hai0="106,76,87,84,37,111,74,43,22,7,17,60,91" hai1="122,110,99,27,123,18,104,121,85,31,63,108,73" hai2="88,47,105,82,54,9,125,130,115,25,45,128,116" hai3="112,5,21,77,23,69,102,44,38,78,67,16,14"/><U64/><E73/><V48/><F116/><W59/><G69/><T100/><D111/><N who="1" m="42539" /><E18/><V61/><F105/><W13/><G112/><T94/><D7/><U95/><E85/><N who="2" m="50231" /><F125/><W97/><G44/><T80/><D84/><U19/><E104/><V62/><F115/><W55/><G67/><T15/><D60/><U56/><E19/><V129/><F47/><W0/><G0/><T40/><REACH who="0" step="1"/><D37/><REACH who="0" ten="239,229,293,229" step="2"/><U66/><E66/><V41/><F62/><W135/><G38/><T36/><D36/><U53/><E64/><V132/><F61/><W49/><G135/><T90/><D90/><N who="1" m="55799" /><E123/><V68/><F132/><W131/><G131/><T75/><D75/><U34/><AGARI ba="0,1" hai="27,31,34,53,56,63,121,122" m="55799,42539" machi="34" ten="30,11700,0" yaku="14,1,10,1,52,2" doraHai="119" who="1" fromWho="1" sc="239,-39,229,127,293,-39,229,-39" /><INIT seed="1,1,0,1,5,38" ten="200,356,254,190" oya="1" hai0="9,76,13,15,135,100,107,84,70,31,35,73,101" hai1="53,8,47,3,63,75,48,103,121,60,106,81,46" hai2="16,89,54,83,23,122,115,21,19,51,45,66,98" hai3="64,117,20,26,118,11,92,68,112,80,52,55,129"/><U114/><E114/><V110/><F122/><W12/><G112/><T42/><D135/><U18/><E121/><V133/><F115/><W95/><G80/><T33/><D73/><U85/><E106/><V125/><F133/><W87/><G64/><T131/><D131/><U109/><E103/><V86/><F125/><W1/><G1/><T61/><D15/><U91/><E109/><V78/><F110/><W126/><G68/><T2/><D2/><U22/><E75/><V41/><F66/><W30/><G129/><T5/><D31/><U134/><E134/><V7/><F7/><W65/><G65/><T4/><D4/><U44/><E3/><V128/><F128/><W56/><G55/><T34/><D61/><N who="1" m="23627" /><E8/><V50/><F23/><W37/><G37/><T124/><D70/><U97/><E97/><V116/><F116/><N who="3" m="44651" /><G87/><T108/><D124/><U10/><E10/><V32/><F32/><W119/><G126/><T71/><D71/><U40/><E53/><V17/><F98/><W67/><G67/><T49/><D107/><U111/><E111/><V120/><F120/><W14/><N who="3" m="44659" /><W24/><DORA hai="43" /><G24/><AGARI ba="1,0" hai="18,22,24,40,44,46,47,48,81,85,91" m="23627" machi="24" ten="30,12000,1" yaku="8,1,52,4" doraHai="38,43" who="1" fromWho="3" sc="200,0,356,123,254,0,190,-123" /><INIT seed="1,2,0,3,2,40" ten="200,479,254,67" oya="1" hai0="127,92,62,109,89,38,27,34,122,56,119,105,50" hai1="124,103,33,125,75,12,86,32,26,83,76,2,55" hai2="4,47,101,1,82,51,3,104,21,19,63,7,53" hai3="117,112,24,111,45,121,46,43,54,116,96,123,113"/><U72/><E2/><V5/><F82/><W48/><G96/><T108/><D119/><N who="3" m="45641" /><G24/><T20/><D127/><N who="1" m="48715" /><E12/><V87/><F87/><W23/><G23/><T79/><D38/><U66/><E66/><V17/><F101/><W60/><G60/><T115/><D115/><N who="3" m="44105" /><G111/><T59/><D105/><U131/><E131/><V9/><F104/><W94/><G94/><T65/><D34/><N who="1" m="13419" /><E26/><V35/><F35/><W10/><G10/><T52/><D122/><U67/><E67/><V132/><F3/><W29/><G29/><T42/><D109/><U97/><E55/><V15/><F132/><W91/><G91/><T69/><D108/><U8/><E8/><V133/><F133/><W22/><G22/><T39/><D89/><U93/><AGARI ba="2,0" hai="72,75,76,83,86,93,97,103" m="13419,48715" machi="93" ten="30,1500,0" yaku="18,1" doraHai="40" who="1" fromWho="1" sc="200,-7,479,21,254,-7,67,-7" /><INIT seed="1,3,0,1,1,28" ten="193,500,247,60" oya="1" hai0="40,116,61,128,115,14,129,104,43,23,60,0,31" hai1="96,11,123,20,51,3,133,18,37,67,65,5,46" hai2="56,86,91,101,50,29,19,107,71,33,114,13,30" hai3="49,68,10,80,89,6,52,126,36,131,12,111,72"/><U25/><E37/><V35/><F71/><W90/><G111/><T48/><D0/><U127/><E123/><V2/><F2/><W26/><G126/><T24/><D115/><U117/><E127/><V22/><F101/><W88/><G36/><T79/><D116/><U106/><E117/><V124/><F107/><W98/><G68/><T7/><D104/><U45/><E45/><V113/><F124/><W27/><G131/><N who="0" m="50251" /><D79/><U112/><E112/><N who="2" m="43115" /><F30/><W58/><REACH who="3" step="1"/><G98/><REACH who="3" ten="193,500,247,50" step="2"/><T135/><D135/><U130/><E133/><V15/><F29/><W9/><G9/><N who="0" m="4415" /><D48/><U94/><E130/><V74/><F74/><W47/><G47/><T16/><D31/><U66/><E51/><V134/><F134/><W38/><G38/><T109/><D109/><U54/><E46/><V70/><F70/><W76/><AGARI ba="3,1" hai="6,10,12,26,27,49,52,58,72,76,80,88,89,90" machi="76" ten="30,7900,0" yaku="1,1,0,1,54,2,53,0" doraHai="28" doraHaiUra="42" who="3" fromWho="3" sc="193,-23,500,-42,247,-23,50,98" /><INIT seed="2,0,0,3,2,53" ten="170,458,224,148" oya="2" hai0="111,129,32,107,114,22,59,83,62,121,38,19,133" hai1="97,0,98,43,34,66,54,3,123,92,31,12,131" hai2="127,33,122,14,8,24,90,128,51,42,106,75,11" hai3="117,71,21,61,132,74,89,45,18,50,108,9,91"/><V109/><F122/><W82/><G117/><T68/><RYUUKYOKU type="yao9" ba="0,0" sc="170,0,458,0,224,0,148,0" hai0="19,22,32,38,59,62,68,83,107,111,114,121,129,133" /><INIT seed="2,1,0,1,5,24" ten="170,458,224,148" oya="2" hai0="26,32,80,131,97,111,99,59,8,115,50,53,64" hai1="17,70,119,76,125,112,109,20,133,105,104,135,29" hai2="73,89,12,95,87,100,51,107,15,127,122,65,90" hai3="108,116,49,6,41,113,56,130,94,71,33,19,126"/><V60/><F122/><W83/><G71/><T7/><D115/><U101/><E70/><V37/><F37/><W55/><G116/><T48/><D111/><U106/><E109/><V11/><F127/><W98/><G108/><T22/><D32/><U1/><E1/><V66/><F73/><W30/><G126/><T93/><D131/><U85/><E125/><V28/><F107/><W27/><G130/><T57/><D80/><U124/><E112/><V2/><F100/><W47/><G6/><T34/><D34/><U68/><E68/><V81/><F2/><W78/><G19/><T79/><D79/><U110/><E119/><V63/><F51/><W21/><G33/><T69/><D69/><U58/><E110/><V96/><F28/><W75/><G113/><T121/><D121/><U86/><E106/><V82/><F82/><W103/><REACH who="3" step="1"/><G56/><REACH who="3" ten="170,458,224,138" step="2"/><T118/><D118/><U14/><E58/><N who="2" m="37015" /><F11/><W39/><G39/><T40/><D64/><U84/><E124/><V23/><F23/><W4/><G4/><T10/><D10/><U132/><E20/><V38/><F38/><W134/><G134/><T120/><D120/><U77/><E135/><V9/><F9/><W72/><G72/><T54/><D8/><U3/><E133/><V0/><F0/><W5/><G5/><T117/><D7/><U102/><E3/><V36/><F36/><W61/><G61/><T91/><D117/><U88/><E132/><V52/><F66/><W35/><G35/><T13/><D22/><U62/><E62/><V128/><F128/><W129/><G129/><T46/><D59/><AGARI ba="1,1" hai="12,15,52,59,63,81,87,89,90,95,96" m="37015" machi="59" ten="30,5800,0" yaku="6,1,8,1,54,1" doraHai="24" who="2" fromWho="0" sc="170,-61,458,0,224,71,138,0" /><INIT seed="2,2,0,3,2,56" ten="109,458,295,138" oya="2" hai0="62,86,36,0,4,26,105,119,40,71,64,113,98" hai1="75,63,1,43,46,51,31,97,112,50,83,67,35" hai2="44,128,41,85,23,132,11,115,24,99,72,58,52" hai3="121,92,80,124,7,76,114,102,116,108,117,74,130"/><V12/><F72/><W134/><G7/><T70/><D113/><U47/><E1/><V135/><F115/><W22/><G114/><T77/><D119/><U21/><E35/><V10/><F128/><W90/><G22/><T38/><D26/><U123/><E112/><V82/><F99/><W59/><G121/><T32/><D32/><U103/><E123/><V14/><F44/><W61/><G130/><T2/><D71/><U25/><E83/><V18/><F41/><W20/><G108/><T65/><D65/><U48/><E75/><V3/><F3/><W81/><G124/><T133/><D40/><U6/><E6/><V53/><F132/><W19/><G80/><T118/><D133/><U100/><E100/><V122/><F122/><W93/><G102/><T60/><D60/><U27/><E27/><V101/><F101/><W57/><G59/><T129/><D118/><U39/><E47/><V125/><F125/><W17/><G93/><T13/><D13/><N who="2" m="5226" /><F135/><W9/><G134/><T28/><D28/><U8/><E8/><N who="2" m="3115" /><F58/><W127/><G127/><T78/><D129/><U68/><E39/><N who="0" m="14889" /><D4/><U49/><E49/><V95/><F95/><AGARI ba="2,0" hai="21,25,31,43,46,48,50,51,63,67,68,95,97,103" machi="95" ten="30,2000,0" yaku="7,1,52,1" doraHai="56" who="1" fromWho="2" sc="109,0,458,26,295,-26,138,0" /><INIT seed="3,0,0,1,4,68" ten="109,484,269,138" oya="3" hai0="52,21,4,108,26,6,67,64,49,101,122,119,99" hai1="66,130,42,19,48,115,111,120,61,54,98,46,44" hai2="63,69,10,11,100,123,45,43,41,87,3,135,73" hai3="89,77,116,55,134,92,133,103,1,81,23,18,56"/><W37/><G1/><T9/><D108/><U76/><E111/><V60/><F135/><W27/><G103/><T105/><D119/><U5/><E120/><V29/><F123/><W40/><G116/><T85/><D122/><U32/><E5/><V39/><F43/><W14/><G40/><T62/><D85/><U7/><E7/><V34/><F100/><W59/><G37/><T65/><D62/><U117/><E76/><V70/><F11/><W94/><G56/><T128/><D128/><U38/><E32/><V78/><F87/><W58/><G59/><T28/><REACH who="0" step="1"/><D9/><REACH who="0" ten="99,484,269,138" step="2"/><U13/><E61/><V131/><F63/><W110/><G110/><T71/><D71/><U113/><E130/><V90/><F60/><N who="3" m="35935" /><G134/><T121/><D121/><U106/><E117/><V36/><F131/><W126/><G133/><T33/><D33/><U107/><E66/><V118/><F118/><W30/><G126/><T53/><D53/><U109/><E54/><V82/><F70/><W93/><G77/><T74/><D74/><U95/><E109/><V72/><F69/><W35/><G35/><T132/><D132/><U97/><E115/><V112/><F73/><W129/><G129/><T124/><D124/><U96/><E113/><V84/><F112/><W25/><G30/><T8/><D8/><U102/><E107/><V86/><F29/><W125/><G125/><T57/><AGARI ba="0,1" hai="4,6,21,26,28,49,52,57,64,65,67,99,101,105" machi="57" ten="30,4000,0" yaku="1,1,0,1,54,1,53,0" doraHai="68" doraHaiUra="114" who="0" fromWho="0" sc="99,50,484,-10,269,-10,138,-20" /><INIT seed="4,0,0,2,0,111" ten="149,474,259,118" oya="0" hai0="22,126,80,3,14,6,65,18,58,123,81,64,98" hai1="105,121,103,84,31,130,52,67,125,8,15,104,112" hai2="79,19,36,76,50,27,70,26,97,43,119,28,74" hai3="54,48,134,131,41,2,73,44,16,100,24,9,83"/><T39/><D123/><U57/><E121/><V45/><F70/><W60/><G131/><T92/><D126/><U114/><E130/><V71/><F71/><W29/><G134/><T102/><D39/><U110/><E67/><V59/><F119/><W7/><G100/><T129/><D129/><U37/><E37/><V101/><F74/><W1/><G1/><T91/><D3/><U132/><E132/><V82/><F82/><W135/><G135/><T38/><D38/><U117/><E31/><V115/><F27/><W127/><G127/><T75/><D6/><U51/><E125/><V94/><F19/><W30/><G60/><T95/><D75/><U99/><E117/><V89/><F89/><W68/><G68/><T61/><REACH who="0" step="1"/><D65/><REACH who="0" ten="139,474,259,118" step="2"/><U42/><E110/><V128/><F128/><W0/><G2/><T56/><D56/><U118/><E118/><V53/><F115/><W47/><G73/><T63/><D63/><U62/><E62/><V85/><F36/><W90/><G47/><T12/><D12/><U66/><E66/><V35/><F45/><W23/><G41/><T106/><D106/><N who="1" m="63871" /><E42/><V25/><F43/><W46/><G44/><T107/><D107/><U96/><E105/><V120/><F120/><W21/><G46/><T11/><D11/><U33/><E8/><V13/><F13/><W72/><G72/><T5/><D5/><U122/><E15/><V109/><F109/><W17/><G7/><T49/><D49/><U108/><E122/><V40/><F40/><W113/><G48/><T20/><D20/><U69/><E108/><V4/><F4/><RYUUKYOKU ba="0,1" sc="139,30,474,-10,259,-10,118,-10" hai0="14,18,22,58,61,64,80,81,91,92,95,98,102" /><INIT seed="4,1,1,5,4,36" ten="169,464,249,108" oya="0" hai0="95,104,103,77,8,69,27,86,73,57,119,9,65" hai1="74,82,98,117,64,30,97,128,112,71,1,114,17" hai2="38,130,118,10,66,124,20,120,5,2,110,115,46" hai3="43,51,105,62,90,83,132,94,0,33,102,29,80"/><T92/><D119/><U109/><E117/><V24/><F118/><W31/><G0/><T54/><D69/><U123/><E1/><V21/><F110/><W56/><G132/><T3/><D65/><U75/><E30/><N who="3" m="11274" /><G102/><T44/><D27/><U134/><E17/><V25/><F120/><W35/><G105/><T101/><D73/><U48/><E48/><V15/><F66/><N who="3" m="39239" /><G33/><T125/><D125/><U67/><E71/><V78/><F124/><W13/><G13/><T41/><D104/><U55/><E109/><V133/><F133/><W107/><G107/><T61/><D77/><U42/><E123/><V91/><F25/><W4/><G4/><T93/><D86/><U6/><E6/><V34/><F78/><W81/><G35/><T16/><D3/><U127/><E134/><V111/><F111/><W106/><G106/><T108/><D108/><U85/><E127/><V135/><F34/><W89/><G94/><T49/><REACH who="0" step="1"/><D8/><REACH who="0" ten="159,464,249,108" step="2"/><U53/><E75/><V52/><F135/><W58/><G58/><T59/><D59/><U72/><E74/><V131/><F2/><W126/><G126/><T129/><D129/><U7/><E128/><V14/><F131/><W47/><AGARI ba="1,2" hai="43,47,51,80,81,83,89,90" m="39239,11274" machi="47" ten="30,2000,0" yaku="8,1,52,1" doraHai="36" who="3" fromWho="3" sc="159,-11,464,-6,249,-6,108,43" /><INIT seed="5,0,0,0,2,74" ten="148,458,243,151" oya="1" hai0="47,19,10,134,97,123,92,36,105,48,64,50,42" hai1="104,89,12,78,93,116,120,102,26,9,5,119,108" hai2="70,7,37,33,79,32,101,25,57,109,31,75,40" hai3="60,72,29,35,124,80,27,53,66,8,103,23,49"/><U61/><E120/><V62/><F109/><W81/><G124/><T82/><D123/><U91/><E108/><V16/><F7/><W54/><G8/><T122/><D122/><U106/><E91/><V4/><F4/><W11/><G11/><T99/><D64/><U18/><E106/><V117/><F117/><W1/><G1/><T77/><D105/><U63/><E102/><V2/><F2/><W43/><G43/><T51/><D134/><U45/><E104/><V128/><F70/><W13/><G103/><T58/><D58/><U95/><E95/><V71/><F71/><W14/><G35/><T6/><D19/><U135/><E45/><V110/><F33/><W98/><G98/><T111/><D92/><U52/><E63/><V118/><F110/><W67/><G54/><T133/><D133/><U28/><E5/><V131/><F118/><W46/><G67/><T90/><D90/><U100/><E100/><V39/><F101/><W41/><G53/><T107/><D107/><U56/><E135/><V126/><F126/><W86/><G72/><N who="0" m="43303" /><D111/><U38/><E119/><V17/><F40/><W83/><G86/><T68/><D68/><U30/><E93/><V44/><F75/><W115/><G66/><T129/><D129/><U73/><E73/><V69/><F131/><W15/><G60/><T113/><D113/><U24/><E61/><V94/><F62/><W76/><G115/><T127/><D127/><U125/><E125/><V112/><F128/><W59/><G59/><T55/><D55/><U0/><E116/><V88/><F112/><W21/><G21/><RYUUKYOKU ba="0,0" sc="148,15,458,-15,243,-15,151,15" hai0="6,10,36,42,47,48,50,51,97,99" hai3="13,14,15,23,27,29,41,46,49,76,80,81,83" /><INIT seed="6,1,0,3,4,36" ten="163,443,228,166" oya="2" hai0="31,125,47,56,77,124,84,49,6,24,60,16,3" hai1="63,86,46,97,70,5,95,30,61,130,104,109,100" hai2="33,29,69,111,58,89,35,57,101,4,118,32,80" hai3="14,113,120,87,23,121,18,74,51,72,75,96,133"/><V103/><F118/><W22/><G133/><T112/><D112/><U68/><E109/><V127/><F4/><W110/><G110/><T28/><D6/><U43/><E5/><V65/><F111/><W67/><G113/><T79/><D3/><U64/><E30/><N who="0" m="11305" /><D84/><U88/><E130/><V76/><F29/><W7/><G7/><T71/><D71/><U81/><E63/><V94/><F127/><N who="0" m="48714" /><D24/><U66/><E66/><V54/><F65/><W39/><G87/><T8/><D56/><U135/><E135/><V132/><F69/><W12/><G96/><T82/><D82/><U21/><E70/><V59/><F132/><W131/><G131/><T26/><D60/><U102/><E21/><V44/><F35/><W11/><G67/><T15/><D26/><U90/><E104/><V1/><F1/><W62/><G62/><T17/><D17/><U106/><E106/><V37/><F33/><W99/><G99/><T117/><D117/><U78/><E78/><V119/><F119/><W122/><G11/><T48/><D48/><AGARI ba="1,0" hai="43,46,48,61,64,68,81,86,88,90,95,97,100,102" machi="48" ten="30,3900,0" yaku="7,1,52,1,54,1" doraHai="36" who="1" fromWho="0" sc="163,-42,443,42,228,0,166,0" /><INIT seed="7,0,0,2,4,111" ten="121,485,228,166" oya="3" hai0="19,18,29,135,58,43,90,92,87,130,81,91,6" hai1="33,20,106,2,13,56,75,97,74,38,0,53,16" hai2="39,7,25,101,59,125,22,121,89,118,48,24,40" hai3="128,109,45,78,85,120,108,57,98,17,44,116,88"/><W4/><G120/><T31/><D130/><U32/><E38/><V95/><F118/><W71/><G71/><T52/><D135/><U5/><E75/><V68/><F68/><W99/><G4/><T49/><D43/><U133/><E74/><V54/><F125/><W30/><G30/><T65/><D6/><U14/><E2/><V63/><F101/><W51/><G78/><T26/><D65/><U94/><E106/><V134/><F134/><W42/><G57/><T55/><D55/><U10/><E14/><V103/><F103/><W132/><G116/><T37/><D37/><U28/><E28/><V77/><F77/><W21/><G45/><T67/><D67/><U119/><E133/><V41/><F39/><W11/><G11/><T27/><D31/><U79/><E79/><V115/><F121/><W76/><G76/><T80/><D80/><U86/><E86/><N who="2" m="52663" /><F25/><W127/><G127/><T35/><REACH who="0" step="1"/><D27/><REACH who="0" ten="111,485,228,166" step="2"/><U66/><E66/><V15/><F24/><N who="3" m="14383" /><G128/><T1/><D1/><U12/><E0/><V100/><F7/><W23/><G132/><T117/><D117/><U46/><E119/><V126/><F126/><W84/><G109/><T64/><D64/><U60/><E46/><V73/><F73/><W61/><G108/><T124/><D124/><U104/><E104/><V70/><F70/><W110/><G110/><T105/><D105/><U72/><E72/><V83/><F15/><W69/><G69/><T113/><D113/><U122/><E122/><V114/><F115/><W93/><G44/><T82/><D82/><U131/><E131/><V112/><F114/><RYUUKYOKU ba="0,1" sc="111,15,485,15,228,-15,166,-15" hai0="18,19,26,29,35,49,52,58,81,87,90,91,92" hai1="5,10,12,13,16,20,32,33,53,56,60,94,97" owari="126,-37.0,510,61.0,213,1.0,151,-25.0" /></mjloggm>