<mjloggm ver="2.3"><GO type="185" lobby="0"/><UN n0="%74%61%6B%61%2D%31%31%36" n1="%E3%83%84%E3%83%BC%E3%82%A2%E3%82%A6%E3%83%88" n2="%E5%A4%9A%E6%9E%97%E6%99%8B" n3="" dan="16,16,16,0" rate="2134.30,2149.83,2194.34,1500.00" sx="M,M,M,C"/><TAIKYOKU oya="0"/><INIT seed="0,0,0,0,5,118" ten="350,350,350,0" oya="0" hai0="2,135,61,51,62,117,86,99,69,90,111,95,58" hai1="94,101,41,79,50,44,52,133,120,73,126,55,66" hai2="80,65,34,76,130,122,67,106,42,114,110,48,53" hai3=""/><T35/><D35/><U98/><N who="1" m="30752" /><U71/><E133/><V100/><N who="2" m="31264" /><V108/><F34/><T103/><D2/><U54/><E126/><V97/><F114/><T128/><D117/><U115/><E115/><V64/><F130/><T82/><D128/><U132/><E132/><V1/><F1/><T124/><D135/><U78/><REACH who="1" step="1"/><E73/><REACH who="1" ten="350,340,350,0" step="2"/><V105/><F106/><T45/><D124/><U40/><E40/><V43/><F42/><T96/><D111/><U121/><N who="1" m="31008" /><U104/><E104/><V39/><F43/><T123/><N who="0" m="31520" /><T68/><D99/><U60/><AGARI ba="0,1" hai="41,44,50,52,54,55,60,66,71,78,79,94,98,101" m="31008,30752" machi="60" ten="30,12000,3" yaku="1,1,0,1,52,4,54,1,53,1" doraHai="118" doraHaiUra="36" who="1" fromWho="1" sc="350,-80,340,130,350,-40,0,0" /><INIT seed="1,0,0,0,4,125" ten="270,470,310,0" oya="1" hai0="134,59,72,35,119,123,33,88,107,94,116,55,74" hai1="109,96,83,49,98,79,58,77,70,135,133,78,112" hai2="40,99,2,86,46,56,100,126,50,120,85,76,53" hai3=""/><U113/><E70/><V54/><N who="2" m="30752" /><V66/><F2/><T104/><N who="0" m="31520" /><T105/><D134/><N who="1" m="51211" /><E58/><V1/><F1/><T65/><D65/><U92/><E49/><V89/><F126/><T44/><D44/><U81/><E109/><V39/><F76/><T101/><D101/><U67/><E67/><V106/><F89/><T47/><D47/><U63/><E63/><V37/><F39/><T91/><D94/><U122/><N who="1" m="31264" /><U84/><E98/><V95/><F66/><T61/><D35/><U114/><E84/><V131/><F86/><T128/><D33/><U62/><E62/><V93/><F85/><T48/><D61/><U97/><E97/><V71/><F71/><T32/><D32/><U68/><E68/><V129/><F54/><T121/><N who="0" m="31008" /><T60/><D60/><U51/><E51/><V115/><F56/><T43/><D59/><U87/><E87/><V80/><F53/><T108/><D55/><U117/><E117/><V42/><F50/><T73/><D108/><U52/><E52/><V124/><F99/><T0/><D48/><U118/><E118/><N who="0" m="45097" /><D0/><U132/><N who="1" m="51219" /><U64/><DORA hai="110" /><E64/><V111/><F111/><T103/><D43/><U69/><E69/><V41/><F42/><RYUUKYOKU ba="0,0" sc="270,-10,470,20,310,-10,0,0" hai1="77,78,79,81,83,92,96,112,113,114" /><INIT seed="1,1,0,3,5,96" ten="260,490,300,0" oya="1" hai0="90,101,85,111,66,57,129,102,95,68,133,108,80" hai1="65,1,127,58,56,75,81,78,126,77,97,51,99" hai2="89,119,115,47,109,128,83,104,42,0,50,103,134" hai3=""/><U116/><E1/><V92/><F0/><T36/><D68/><U125/><E116/><V49/><F119/><T54/><D66/><U118/><E118/><V100/><F115/><T91/><D129/><U45/><E78/><V72/><F128/><T74/><D133/><U122/><N who="1" m="31264" /><U59/><REACH who="1" step="1"/><E65/><REACH who="1" ten="260,480,300,0" step="2"/><V105/><F134/><T131/><D131/><U88/><E88/><V117/><F117/><T35/><D35/><U107/><E107/><V2/><F2/><T39/><D108/><U93/><E93/><V40/><F109/><T110/><D111/><U52/><AGARI ba="1,1" hai="45,51,52,56,58,59,75,77,81,97,99,125,126,127" m="31264" machi="52" ten="40,8000,1" yaku="1,1,0,1,18,1,52,1,54,1,53,0" doraHai="96" doraHaiUra="84" who="1" fromWho="1" sc="260,-41,480,92,300,-41,0,0" /><INIT seed="1,2,0,5,5,48" ten="219,572,259,0" oya="1" hai0="42,64,132,109,120,51,1,112,86,43,74,134,92" hai1="35,79,114,107,111,32,89,121,33,95,124,118,91" hai2="98,103,83,135,123,52,108,93,127,47,58,125,62" hai3=""/><U102/><N who="1" m="31008" /><U75/><E118/><V44/><N who="2" m="31520" /><V36/><F108/><T81/><N who="0" m="30752" /><T117/><D1/><U63/><E114/><V53/><F135/><N who="0" m="51754" /><D112/><U41/><E111/><V129/><F129/><T2/><D2/><U67/><E124/><N who="2" m="47691" /><F36/><T131/><D131/><U39/><E41/><V34/><F34/><T59/><D74/><U101/><E39/><V96/><F83/><T50/><D109/><U60/><E107/><V116/><F116/><T71/><D71/><U56/><E79/><V68/><F68/><T133/><D117/><U46/><E75/><V119/><F119/><T54/><D92/><U55/><E46/><N who="2" m="17451" /><F96/><T77/><D43/><U40/><E40/><V80/><F80/><T76/><D42/><U115/><E115/><V94/><F94/><T126/><D126/><U113/><E113/><V100/><F100/><T104/><D104/><U85/><REACH who="1" step="1"/><E91/><REACH who="1" ten="219,562,259,0" step="2"/><V61/><F58/><AGARI ba="2,1" hai="32,33,35,55,56,58,60,63,67,85,89,95,101,102" m="31008" machi="58" ten="40,12000,1" yaku="1,1,2,1,52,2,53,0" doraHai="48" doraHaiUra="37" who="1" fromWho="2" sc="219,0,562,134,259,-124,0,0" /><INIT seed="1,3,0,5,0,50" ten="219,696,135,0" oya="1" hai0="97,108,100,54,38,118,80,82,91,102,105,40,103" hai1="92,62,85,95,77,94,75,121,51,110,39,106,89" hai2="0,69,45,112,96,104,129,1,65,134,78,126,35" hai3=""/><U58/><N who="1" m="31008" /><U2/><E2/><V76/><F35/><T36/><D108/><U119/><E39/><V67/><F112/><T34/><D34/><U127/><E119/><V107/><F129/><T64/><D64/><U3/><E3/><V52/><F134/><T44/><D118/><U33/><E33/><V117/><F117/><T53/><D38/><U111/><E106/><V37/><F126/><T61/><D61/><U135/><E127/><V122/><N who="2" m="31264" /><V133/><F37/><T32/><D32/><U42/><E135/><V90/><F133/><T88/><D105/><U47/><E77/><V79/><F104/><T71/><D71/><U57/><E75/><V128/><F128/><T109/><D109/><N who="1" m="41483" /><E58/><V114/><F114/><T130/><D130/><U46/><E47/><V87/><F69/><T66/><D44/><U56/><E56/><V63/><F0/><T93/><D36/><U116/><E116/><V70/><F70/><T99/><D93/><U72/><E72/><V98/><F1/><T120/><N who="0" m="30752" /><T81/><D82/><U43/><E43/><V48/><F107/><T68/><D40/><U124/><E124/><V73/><F73/><T49/><D81/><U131/><E131/><V55/><F45/><RYUUKYOKU ba="3,0" sc="219,-10,696,20,135,-10,0,0" hai1="42,46,51,57,62,85,89,92,94,95" /><INIT seed="1,4,0,4,3,49" ten="209,716,125,0" oya="1" hai0="102,88,60,3,55,117,111,120,37,96,72,54,116" hai1="106,43,112,76,114,46,91,119,45,2,65,71,92" hai2="39,105,66,121,123,78,79,58,36,47,33,124,35" hai3=""/><U110/><E106/><V64/><N who="2" m="31008" /><V82/><N who="2" m="31520" /><V99/><F124/><T97/><N who="0" m="30752" /><T44/><D3/><U108/><E2/><V128/><F128/><T34/><D34/><U98/><E119/><N who="0" m="45641" /><D72/><U100/><E65/><V70/><F70/><T77/><D77/><U95/><E71/><V32/><F79/><T101/><D111/><N who="1" m="42539" /><E76/><V126/><F126/><T59/><D88/><U85/><E45/><V0/><F0/><T40/><D55/><U41/><E41/><V53/><F66/><T42/><D42/><U93/><E92/><V103/><F64/><T135/><D135/><U83/><E95/><V52/><F53/><T38/><D38/><AGARI ba="4,0" hai="38,43,46,83,85,91,93,98,100,112,114" m="42539" machi="38" ten="30,2900,0" yaku="14,1,10,1" doraHai="49" who="1" fromWho="0" sc="209,-37,716,37,125,0,0,0" /><INIT seed="1,5,0,5,3,134" ten="172,753,125,0" oya="1" hai0="123,49,63,42,115,58,124,40,51,89,43,132,118" hai1="74,78,1,107,130,108,2,88,67,60,71,45,82" hai2="79,133,135,114,103,81,65,121,92,41,53,66,87" hai3=""/><U37/><E130/><V32/><N who="2" m="31008" /><V105/><F32/><T93/><N who="0" m="31520" /><T72/><D72/><U69/><E108/><V100/><F105/><T3/><D3/><U94/><E107/><V95/><F114/><T34/><D34/><U70/><E45/><V61/><F41/><T96/><D115/><U62/><E37/><V126/><F53/><T119/><D132/><N who="2" m="50762" /><F126/><T113/><D113/><U111/><E111/><V97/><F61/><T44/><D124/><U77/><E77/><V90/><F103/><T116/><REACH who="0" step="1"/><D44/><REACH who="0" ten="162,753,125,0" step="2"/><U54/><E2/><V110/><F110/><T36/><D36/><U112/><E1/><V52/><F52/><AGARI ba="5,1" hai="40,42,43,49,51,52,58,63,89,93,96,116,118,119" m="31520" machi="52" ten="50,8000,1" yaku="1,1,12,1,52,1,54,1,53,1" doraHai="134" doraHaiUra="91" who="0" fromWho="2" sc="162,100,753,0,125,-90,0,0" /><INIT seed="2,0,0,3,5,54" ten="262,753,35,0" oya="2" hai0="71,49,127,43,36,0,111,113,60,89,90,73,97" hai1="109,93,45,44,74,61,129,92,123,98,116,2,83" hai2="133,70,35,39,37,124,58,134,77,38,69,95,68" hai3=""/><V57/><F35/><T132/><D0/><U121/><N who="1" m="31008" /><U53/><N who="1" m="31520" /><U119/><E2/><V106/><F106/><T117/><D117/><N who="1" m="45131" /><E109/><V50/><F77/><T76/><D73/><U75/><E129/><V102/><F102/><T34/><D76/><U118/><N who="1" m="45139" /><U105/><DORA hai="66" /><E105/><V100/><F100/><T3/><D49/><U48/><E93/><V125/><F50/><T88/><D34/><U56/><E83/><V108/><F95/><T135/><D3/><U96/><E45/><V94/><F94/><T85/><D97/><N who="1" m="37483" /><E92/><V67/><F67/><AGARI ba="0,0" hai="44,48,53,56,61,67,74,75" m="37483,45139,31520,31008" machi="67" ten="40,8000,1" yaku="12,1,52,3" doraHai="54,66" who="1" fromWho="2" sc="262,0,753,80,35,-80,0,0" owari="262,-14.0,833,79.0,-45,-65.0,0,0.0" /></mjloggm>