<mjloggm ver="2.3"><GO type="169" lobby="0"/><UN n0="%64%75%72%72%72%72%72" n1="%E3%82%8F%E3%81%A3%E3%81%97%E3%82%87%E3%81%84%E5%90%9B%32%E5%8F%B7" n2="%E8%A5%BF%E5%B2%A1%E8%82%B2%E6%9C%AA%E2%99%AA" n3="%E5%B0%8F%E6%B1%A0%E7%BE%8E%E6%B3%A2%E2%8A%BF" dan="18,18,16,16" rate="2280.14,2266.37,2120.37,2133.89" sx="M,M,F,F"/><TAIKYOKU oya="0"/><INIT seed="0,0,0,1,2,97" ten="250,250,250,250" oya="0" hai0="69,124,73,66,70,46,127,128,112,68,62,13,47" hai1="41,74,101,30,116,2,4,24,15,39,130,12,27" hai2="33,117,9,18,121,94,132,84,44,99,51,134,71" hai3="34,102,72,57,129,86,77,23,54,45,58,95,65"/><T111/><D73/><U50/><E116/><V82/><F33/><W109/><G34/><T55/><D13/><U123/><E123/><V108/><F71/><N who="0" m="27210" /><D112/><U110/><E74/><V79/><F121/><W100/><G72/><T14/><D14/><U90/><E15/><N who="2" m="7535" /><F117/><W43/><G65/><T113/><D113/><U5/><E50/><V59/><F59/><W64/><G64/><T61/><D128/><U75/><E90/><V98/><F108/><W31/><G109/><T60/><D111/><U19/><E27/><V118/><F94/><W52/><G58/><N who="0" m="34911" /><D62/><U3/><E12/><V114/><F118/><W0/><G129/><T1/><D1/><U88/><E75/><V28/><F28/><W135/><G0/><T11/><D11/><U10/><E10/><V53/><F114/><W85/><G77/><T26/><D26/><U80/><E24/><V131/><F131/><W96/><G31/><T38/><D38/><U8/><E39/><V125/><F99/><W87/><G23/><T35/><D35/><U93/><E8/><V126/><F98/><W21/><G21/><T133/><D133/><AGARI ba="0,0" hai="44,51,53,79,82,84,125,126,132,133,134" m="7535" machi="133" ten="30,1000,0" yaku="20,1" doraHai="97" who="2" fromWho="0" sc="250,-10,250,0,250,10,250,0" /><INIT seed="1,0,0,0,3,115" ten="240,250,260,250" oya="1" hai0="93,44,98,130,12,122,135,55,86,119,80,105,128" hai1="48,65,35,1,96,88,3,101,13,74,84,58,19" hai2="51,64,117,76,22,18,4,17,114,62,95,87,82" hai3="120,14,45,127,33,70,61,78,59,106,124,40,123"/><U39/><E39/><V23/><F114/><W75/><G106/><T25/><D105/><U107/><E35/><V60/><F4/><W46/><G33/><T104/><D104/><U94/><E74/><V10/><F117/><W134/><G14/><T131/><D25/><U21/><REACH who="1" step="1"/><E65/><REACH who="1" ten="240,240,260,250" step="2"/><V108/><F64/><N who="3" m="41231" /><G75/><T8/><D131/><U57/><E57/><V133/><F133/><W52/><G134/><T49/><D135/><U56/><E56/><V100/><F108/><W102/><G123/><T89/><D122/><U121/><E121/><V6/><F62/><W41/><G120/><T2/><D119/><U73/><E73/><V85/><F60/><N who="3" m="35943" /><G78/><T63/><D63/><U116/><E116/><V9/><F51/><N who="3" m="27047" /><G102/><T36/><D128/><U99/><E99/><V34/><F34/><W90/><G90/><T7/><D130/><U112/><E112/><V26/><F100/><W91/><G91/><T27/><D98/><U37/><E37/><AGARI ba="0,1" hai="37,41,46,124,127" m="27047,35943,41231" machi="37" ten="30,3900,0" yaku="34,2,54,1" doraHai="115" who="3" fromWho="1" sc="240,0,240,-39,260,0,250,49" /><INIT seed="2,0,0,3,1,85" ten="240,201,260,299" oya="2" hai0="19,27,6,120,88,31,63,114,102,80,33,25,116" hai1="23,97,45,39,47,84,52,61,21,72,96,17,49" hai2="81,79,15,104,43,10,131,7,44,51,59,133,112" hai3="91,34,24,56,92,75,127,124,55,22,82,123,113"/><V126/><F112/><W107/><G123/><T77/><D120/><U2/><E72/><V35/><F131/><W125/><G107/><T103/><D114/><U134/><E134/><V12/><F133/><W16/><G34/><T106/><D6/><U128/><E2/><V90/><F35/><W60/><G113/><T53/><D106/><U41/><E128/><V117/><F104/><W105/><G105/><T108/><D108/><U64/><E23/><V42/><F42/><W130/><G130/><T78/><D116/><U69/><REACH who="1" step="1"/><E84/><REACH who="1" ten="240,191,260,299" step="2"/><V132/><F132/><W46/><G75/><T32/><D32/><U83/><E83/><V13/><F81/><W11/><G82/><T118/><D33/><U135/><E135/><V101/><F117/><W76/><G11/><T111/><D118/><U121/><E121/><V115/><F10/><W98/><G46/><T110/><D80/><U62/><E62/><V0/><F44/><W68/><G76/><T18/><D63/><U100/><E100/><V66/><F101/><W65/><G124/><T57/><D78/><U14/><AGARI ba="0,1" hai="14,17,21,39,41,45,47,49,52,61,64,69,96,97" machi="14" ten="20,8000,1" yaku="1,1,0,1,7,1,54,1,53,1" doraHai="85" doraHaiUra="37" who="1" fromWho="1" sc="240,-20,191,90,260,-40,299,-20" /><INIT seed="3,0,0,4,1,86" ten="220,281,220,279" oya="3" hai0="53,90,132,62,117,6,23,29,27,109,22,93,123" hai1="31,28,106,82,2,10,3,79,38,35,131,110,133" hai2="87,135,92,24,44,115,36,54,21,67,91,17,34" hai3="48,50,1,66,96,127,107,81,75,8,46,51,99"/><W43/><G127/><T76/><D123/><U78/><E106/><V57/><F115/><W105/><G66/><T97/><D117/><U7/><E110/><V125/><F125/><W77/><G96/><T88/><D109/><U128/><E38/><V30/><F135/><W16/><G99/><T74/><D132/><U130/><E133/><V129/><F129/><W60/><G60/><T111/><D111/><U33/><E79/><V14/><F67/><W84/><G84/><T119/><D119/><U114/><E114/><V101/><F101/><W100/><G100/><T25/><D6/><U59/><E59/><V11/><F44/><W40/><G40/><T4/><D4/><U47/><E47/><V120/><F36/><N who="3" m="21863" /><G16/><N who="0" m="12487" /><D76/><U37/><E37/><V52/><F120/><W103/><G103/><N who="0" m="60847" /><D74/><N who="1" m="43351" /><E2/><V65/><F34/><AGARI ba="0,0" hai="3,7,10,28,31,33,34,35,128,130,131" m="43351" machi="34" ten="40,1300,0" yaku="19,1" doraHai="86" who="1" fromWho="2" sc="220,0,281,13,220,-13,279,0" /><INIT seed="4,0,0,0,5,123" ten="220,294,207,279" oya="0" hai0="91,47,12,69,124,75,133,92,9,60,89,73,129" hai1="102,120,101,8,135,122,68,7,76,72,49,23,94" hai2="67,24,108,78,105,85,125,90,84,115,61,116,18" hai3="77,117,97,4,55,132,128,43,1,74,118,36,87"/><T21/><D133/><U112/><E135/><V53/><F105/><W6/><G132/><T131/><D21/><U103/><E68/><V16/><F115/><W83/><G6/><T11/><D47/><U44/><E112/><V17/><F125/><W34/><G55/><T20/><D20/><U114/><E114/><V58/><F108/><W28/><G87/><T52/><D69/><U22/><E94/><V62/><F116/><W48/><G48/><T45/><D124/><U98/><E98/><V3/><F3/><W65/><G65/><T54/><D45/><U0/><E23/><V79/><F24/><N who="3" m="18695" /><G128/><N who="0" m="49227" /><D9/><U51/><E22/><V66/><F85/><W88/><G43/><T41/><D41/><U29/><E29/><V46/><F46/><W99/><G36/><T37/><D37/><U86/><E51/><V126/><F126/><W93/><G1/><T109/><D109/><U113/><E113/><V64/><REACH who="2" step="1"/><F62/><REACH who="2" ten="220,294,197,279" step="2"/><W42/><G118/><T95/><D60/><U40/><E86/><V57/><F57/><W96/><G117/><T81/><D75/><U127/><E127/><V119/><F119/><W106/><G106/><T35/><D73/><U19/><E120/><V13/><F13/><W39/><G74/><T82/><D12/><N who="1" m="7559" /><E122/><V59/><F59/><W111/><G111/><T63/><D63/><U5/><E0/><V26/><F26/><W130/><G130/><T32/><D82/><AGARI ba="0,1" hai="16,17,18,53,58,61,64,66,67,78,79,82,84,90" machi="82" ten="40,5200,0" yaku="1,1,8,1,54,1,53,0" doraHai="123" doraHaiUra="30" who="2" fromWho="0" sc="220,-52,294,0,197,62,279,0" /><INIT seed="5,0,0,2,3,77" ten="168,294,259,279" oya="1" hai0="6,121,11,33,69,104,95,123,55,54,29,21,81" hai1="61,23,85,34,135,87,132,64,92,57,45,51,63" hai2="50,7,10,93,59,46,124,14,110,49,38,99,13" hai3="114,112,102,80,113,40,131,66,107,47,53,25,129"/><U130/><E34/><V20/><F110/><W101/><G66/><T88/><D104/><U109/><E109/><V73/><F73/><W122/><G122/><T3/><D33/><U22/><E130/><N who="3" m="49674" /><G107/><T118/><D69/><U133/><E63/><V111/><F111/><W115/><G53/><T91/><D118/><U89/><REACH who="1" step="1"/><E87/><REACH who="1" ten="168,284,259,279" step="2"/><V31/><F124/><W79/><G114/><T90/><D81/><U83/><E83/><V62/><F62/><W19/><G80/><T41/><D121/><U16/><E16/><V44/><F31/><W119/><G119/><T126/><D123/><U67/><E67/><V5/><F5/><W12/><G19/><T65/><D65/><U70/><E70/><V71/><F71/><W103/><G113/><T8/><D126/><U2/><E2/><V75/><F75/><W116/><G116/><T1/><D1/><U56/><E56/><V35/><F59/><W86/><G86/><T17/><D29/><U98/><E98/><V120/><F35/><W100/><G115/><T128/><D128/><U78/><E78/><V72/><F72/><W48/><G79/><T18/><D18/><U94/><E94/><V36/><F120/><W30/><G112/><T58/><D95/><U127/><E127/><V108/><F108/><W26/><G30/><T32/><D32/><U43/><AGARI ba="0,1" hai="22,23,43,45,51,57,61,64,85,89,92,132,133,135" machi="43" ten="30,6000,0" yaku="1,1,0,1,20,1,53,0" doraHai="77" doraHaiUra="134" who="1" fromWho="1" sc="168,-20,284,70,259,-20,279,-20" /><INIT seed="5,1,0,5,2,12" ten="148,354,239,259" oya="1" hai0="55,17,57,20,134,118,25,79,88,93,31,66,74" hai1="26,84,37,121,82,59,91,106,98,64,130,102,92" hai2="34,29,63,42,85,100,75,99,90,135,22,11,96" hai3="36,123,131,132,15,4,72,94,5,125,16,58,115"/><U40/><E121/><V14/><F75/><W70/><G123/><T19/><D118/><U109/><E109/><V107/><F34/><W54/><G70/><T80/><D66/><U50/><E130/><V124/><F124/><W39/><G72/><T103/><D103/><U68/><E68/><V119/><F119/><W62/><G125/><T78/><D134/><U117/><E117/><V73/><F73/><W112/><G132/><T9/><D9/><U18/><E37/><N who="3" m="14410" /><G94/><T28/><D28/><U30/><E40/><V104/><F42/><W2/><G2/><T24/><D24/><U27/><E106/><V38/><F38/><W126/><G126/><T51/><D79/><U10/><E30/><V76/><F76/><W48/><G48/><T45/><D57/><U111/><E111/><V32/><F32/><W110/><G110/><T53/><D55/><N who="1" m="32247" /><E64/><V65/><F135/><W43/><G43/><T128/><D128/><U89/><E89/><V49/><F49/><W69/><G69/><T13/><D13/><AGARI ba="1,0" hai="10,13,18,26,27,82,84,91,92,98,102" m="32247" machi="13" ten="30,2900,0" yaku="8,1,52,1" doraHai="12" who="1" fromWho="0" sc="148,-32,354,32,239,0,259,0" /><INIT seed="5,2,0,3,3,10" ten="116,386,239,259" oya="1" hai0="0,95,103,78,43,101,34,66,29,88,71,96,73" hai1="85,57,18,37,27,89,2,132,64,62,98,26,99" hai2="128,13,112,33,70,91,61,94,127,106,126,22,93" hai3="116,92,135,47,4,134,28,5,24,45,79,108,63"/><U133/><E37/><V41/><F106/><W114/><G108/><T15/><D0/><U7/><E7/><N who="3" m="2634" /><G114/><T83/><D43/><U40/><E2/><V8/><F33/><W122/><G122/><T51/><D51/><U42/><E42/><V44/><F112/><W121/><G121/><T74/><D74/><U58/><E40/><V125/><F22/><W14/><G79/><T56/><D71/><U60/><E133/><N who="3" m="50698" /><G14/><T102/><D15/><U111/><E111/><V30/><F30/><W67/><G92/><T53/><D53/><U35/><E132/><V49/><F128/><W54/><G54/><T25/><REACH who="0" step="1"/><D102/><REACH who="0" ten="106,386,239,259" step="2"/><U119/><E119/><V59/><F70/><N who="3" m="42367" /><G116/><T77/><D77/><U130/><E130/><V38/><F38/><W105/><G47/><T6/><D6/><U86/><E64/><N who="2" m="38975" /><F91/><W12/><G12/><T19/><D19/><AGARI ba="2,1" hai="8,13,19,41,44,49,93,94,125,126,127" m="38975" machi="19" ten="30,2000,0" yaku="18,1,52,1" doraHai="10" who="2" fromWho="0" sc="106,-26,386,0,239,36,259,0" /><INIT seed="6,0,0,4,2,65" ten="80,386,275,259" oya="2" hai0="64,34,46,12,110,59,21,84,128,107,101,10,47" hai1="41,7,17,1,103,57,8,0,113,93,134,129,50" hai2="108,92,135,62,30,42,53,45,124,102,61,112,77" hai3="40,79,36,2,37,106,20,48,63,75,6,99,109"/><V18/><F112/><W3/><G48/><T114/><D34/><U27/><E113/><V31/><F124/><W81/><G20/><T15/><D114/><U89/><E129/><V55/><F135/><W56/><G109/><T16/><D110/><U87/><E134/><V69/><F77/><W22/><G22/><T117/><D128/><U39/><E39/><V35/><F108/><W122/><G122/><T67/><D117/><U70/><E70/><V28/><F35/><W116/><G116/><T76/><D101/><U96/><E0/><V68/><F18/><W82/><G82/><T105/><D21/><U72/><E72/><V83/><F83/><W118/><G118/><T29/><D84/><U58/><E27/><V132/><F132/><W49/><G49/><T26/><D59/><U100/><E17/><V90/><F102/><W9/><G2/><T60/><D76/><U126/><E126/><V130/><F130/><W52/><G106/><T54/><D16/><U85/><E103/><V33/><F33/><W86/><G99/><T66/><D66/><U95/><E87/><N who="2" m="52319" /><F69/><W38/><REACH who="3" step="1"/><G86/><REACH who="3" ten="80,386,275,249" step="2"/><T91/><D26/><U98/><E85/><V5/><F28/><W51/><G51/><T111/><D29/><U11/><E50/><V97/><F31/><W104/><G104/><T24/><D111/><U88/><E98/><V4/><F97/><W121/><G121/><T71/><D24/><U133/><E96/><V78/><F30/><W32/><G32/><T44/><D46/><AGARI ba="0,1" hai="3,6,9,36,37,38,40,46,52,56,63,75,79,81" machi="46" ten="40,8000,1" yaku="1,1,25,2,54,1,53,1" doraHai="65" doraHaiUra="74" who="3" fromWho="0" sc="80,-80,386,0,275,0,249,90" /><BYE who="0" /><INIT seed="7,0,0,5,1,108" ten="0,386,275,339" oya="3" hai0="130,39,88,75,16,113,58,15,71,80,74,18,31" hai1="33,12,46,45,131,41,101,78,119,51,8,128,24" hai2="89,3,6,57,105,102,36,103,37,10,61,30,19" hai3="65,34,112,91,29,1,27,52,4,76,135,100,104"/><W107/><G65/><T32/><D32/><U55/><E119/><V111/><F111/><W42/><G42/><T21/><D21/><U98/><E78/><V5/><F105/><W120/><G120/><T86/><D86/><U83/><E83/><V93/><F36/><W38/><G38/><T0/><D0/><U40/><E24/><V132/><F37/><W82/><G91/><T43/><D43/><U127/><E33/><V53/><F132/><W59/><G135/><T68/><D68/><U129/><E127/><V22/><F6/><W125/><G125/><T123/><D123/><U116/><E116/><V62/><F62/><W77/><G77/><T133/><D133/><U60/><E60/><V79/><F30/><W66/><G66/><T73/><D73/><U87/><E87/><V106/><F106/><W63/><G100/><T122/><D122/><U2/><E2/><V48/><F79/><W121/><G121/><T97/><D97/><U134/><E134/><V84/><REACH who="2" step="1"/><F61/><REACH who="2" ten="0,386,265,339" step="2"/><W20/><G107/><T99/><D99/><U69/><E129/><V54/><F54/><W44/><G104/><T26/><D26/><U70/><E128/><V92/><F92/><W115/><G34/><T117/><D117/><U72/><E131/><V47/><F47/><W114/><G44/><T96/><D96/><U85/><E46/><V28/><F28/><W9/><REACH who="3" step="1"/><G115/><REACH who="3" ten="0,386,265,329" step="2"/><T81/><D81/><U124/><E124/><V90/><F90/><W35/><G35/><T49/><D49/><U118/><E51/><V25/><AGARI ba="0,2" hai="3,5,10,19,22,25,48,53,57,84,89,93,102,103" machi="25" ten="20,2700,0" yaku="1,1,0,1,7,1,53,0" doraHai="108" doraHaiUra="110" who="2" fromWho="2" sc="0,-7,386,-7,265,47,329,-13" owari="-7,-51.0,379,48.0,312,-9.0,316,12.0" /></mjloggm>