<mjloggm ver="2.3"><GO type="185" lobby="0"/><UN n0="%E9%96%A2%E8%A5%BF%E9%9B%80%E5%A3%AB%E4%BC%9A" n1="%4A%65%64%2D" n2="%E3%83%9D%E3%82%B1%E3%83%83%E3%83%88" n3="" dan="16,16,16,0" rate="2092.96,2089.56,2212.38,1500.00" sx="M,M,M,C"/><TAIKYOKU oya="0"/><INIT seed="0,0,0,5,1,46" ten="350,350,350,0" oya="0" hai0="57,48,63,2,129,104,55,70,86,101,37,87,49" hai1="50,54,77,121,56,109,75,62,78,3,84,1,124" hai2="134,115,123,53,99,83,107,103,74,36,52,116,38" hai3=""/><T93/><D2/><U135/><N who="1" m="31008" /><U85/><E109/><V73/><N who="2" m="31520" /><V133/><F115/><T100/><D37/><N who="2" m="14442" /><F116/><T119/><D119/><U51/><E124/><V60/><F83/><T118/><D70/><U105/><E105/><V95/><F107/><T88/><D118/><U117/><E117/><V91/><F103/><N who="0" m="39498" /><D129/><U80/><E75/><N who="2" m="28683" /><F60/><T122/><N who="0" m="31264" /><T106/><D106/><U132/><E77/><V126/><F126/><T130/><D130/><U33/><E84/><N who="0" m="32297" /><D104/><U82/><E82/><V98/><F98/><AGARI ba="0,0" hai="48,49,55,57,63,88,93,98" m="32297,31264,39498" machi="98" ten="30,12000,1" yaku="8,1,52,3,54,1" doraHai="46" who="0" fromWho="2" sc="350,120,350,0,350,-120,0,0" /><INIT seed="0,1,0,5,5,2" ten="470,350,230,0" oya="0" hai0="119,86,0,60,110,1,132,97,67,129,77,59,91" hai1="98,58,122,107,108,56,87,82,55,130,75,92,40" hai2="65,84,39,113,126,83,62,101,49,51,38,89,117" hai3=""/><T114/><D119/><U128/><N who="1" m="31264" /><U33/><E33/><V57/><F113/><T115/><D132/><U73/><E40/><V41/><F117/><T50/><D129/><N who="1" m="49771" /><E108/><V61/><F126/><T48/><D77/><U79/><E107/><V106/><F49/><T53/><D110/><U72/><E55/><V69/><F101/><AGARI ba="1,0" hai="56,58,72,73,75,79,82,87,92,98,101" m="49771,31264" machi="101" ten="40,2600,0" yaku="19,1,52,1" doraHai="2" who="1" fromWho="2" sc="470,0,350,28,230,-28,0,0" /><INIT seed="1,0,0,0,4,52" ten="470,378,202,0" oya="1" hai0="37,114,42,58,85,50,134,92,130,39,107,124,101" hai1="84,113,97,127,112,75,40,70,79,45,38,80,46" hai2="57,94,95,32,119,132,68,115,121,0,102,72,83" hai3=""/><U41/><E70/><V44/><N who="2" m="31008" /><V109/><F119/><T74/><D114/><U33/><E33/><V43/><F68/><T104/><D74/><U110/><E110/><V63/><F32/><T135/><D124/><U53/><E127/><V86/><F0/><T78/><D130/><U77/><E97/><V67/><F109/><T88/><D78/><U126/><E126/><V55/><F72/><T93/><D42/><U82/><REACH who="1" step="1"/><E53/><REACH who="1" ten="470,368,202,0" step="2"/><V96/><F115/><T116/><D116/><U129/><E129/><V64/><F132/><N who="0" m="50730" /><D107/><U76/><E76/><V34/><F34/><T128/><D104/><U51/><AGARI ba="0,1" hai="38,40,41,45,46,51,75,77,79,80,82,84,112,113" machi="51" ten="20,8000,1" yaku="1,1,0,1,7,1,53,2" doraHai="52" doraHaiUra="111" who="1" fromWho="1" sc="470,-40,368,90,202,-40,0,0" /><INIT seed="1,1,0,0,2,34" ten="430,458,162,0" oya="1" hai0="79,116,115,121,66,104,134,3,103,108,133,107,135" hai1="82,94,38,60,73,91,102,131,110,101,128,64,45" hai2="44,122,53,97,88,0,95,127,39,76,42,100,123" hai3=""/><U80/><E45/><V67/><N who="2" m="31264" /><V47/><N who="2" m="31520" /><V130/><F130/><N who="1" m="49705" /><E38/><V106/><F127/><T117/><N who="0" m="31008" /><T58/><D115/><U129/><N who="1" m="49713" /><U63/><DORA hai="98" /><E110/><V37/><F76/><T83/><D108/><U77/><E82/><V43/><F67/><T2/><D66/><U40/><E40/><V89/><F0/><N who="0" m="42" /><D58/><U41/><E41/><V51/><REACH who="2" step="1"/><F106/><REACH who="2" ten="430,458,152,0" step="2"/><N who="0" m="40490" /><D103/><N who="1" m="39435" /><E64/><V1/><F1/><T90/><D90/><U48/><E48/><V49/><F49/><T109/><D109/><U69/><E69/><V57/><AGARI ba="1,1" hai="37,39,42,43,44,47,51,53,57,88,89,95,97,100" m="31520,31264" machi="57" ten="20,18000,4" yaku="1,1,0,1,7,1,9,1,52,3,54,1,53,4" doraHai="34,98" doraHaiUra="86,36" who="2" fromWho="2" sc="430,-61,458,-121,152,192,0,0" /><INIT seed="2,0,0,0,1,84" ten="369,337,344,0" oya="2" hai0="86,113,64,126,1,114,68,51,111,135,87,119,109" hai1="102,98,33,105,42,66,110,121,3,65,61,56,60" hai2="77,132,99,50,103,108,75,130,96,101,35,85,72" hai3=""/><V91/><F35/><T48/><D1/><U54/><N who="1" m="31008" /><U63/><E3/><V94/><F50/><T69/><D119/><U44/><E33/><V0/><F0/><T62/><D135/><U122/><N who="1" m="31264" /><U55/><E110/><N who="0" m="41993" /><D87/><U80/><E80/><V73/><F108/><T39/><D39/><U78/><E78/><V125/><F132/><T127/><D86/><U59/><REACH who="1" step="1"/><E63/><REACH who="1" ten="369,327,344,0" step="2"/><V107/><F125/><N who="0" m="47626" /><D69/><U82/><E82/><V37/><F130/><T41/><D41/><U36/><AGARI ba="0,1" hai="36,42,44,54,55,56,59,60,61,65,66,98,102,105" m="31264,31008" machi="36" ten="20,12000,3" yaku="1,1,0,1,7,1,9,1,52,2,53,2" doraHai="84" doraHaiUra="53" who="1" fromWho="1" sc="369,-40,327,130,344,-80,0,0" /><INIT seed="4,0,0,1,2,96" ten="329,457,264,0" oya="0" hai0="83,44,134,38,74,55,100,106,126,45,117,2,76" hai1="68,66,99,71,91,82,62,122,108,69,133,46,35" hai2="90,128,70,112,107,54,80,56,115,113,81,52,34" hai3=""/><T42/><D2/><U77/><N who="1" m="31264" /><U41/><E35/><V125/><F34/><T102/><D117/><U63/><E108/><V116/><F116/><T64/><D106/><U51/><E133/><V132/><F132/><T53/><D134/><U40/><E40/><V114/><N who="2" m="28672" /><DORA hai="89" /><V85/><F70/><T36/><D64/><U127/><E62/><V72/><F128/><T97/><D97/><U65/><E65/><V32/><F32/><T92/><D92/><U43/><E43/><V120/><N who="2" m="30752" /><V121/><N who="2" m="31008" /><V119/><F107/><T1/><D1/><U101/><E91/><V47/><F119/><T67/><D67/><U58/><E127/><V105/><F125/><T98/><D98/><U0/><E0/><V78/><F54/><T37/><D126/><U33/><E33/><V49/><REACH who="2" step="1"/><F105/><REACH who="2" ten="329,457,254,0" step="2"/><T103/><REACH who="0" step="1"/><D45/><AGARI ba="0,1" hai="45,47,49,52,56,72,78,80,81,85,90" m="31008,30752,28672" machi="45" ten="70,12000,2" yaku="1,1,2,1,15,1,52,2,54,1,53,1" doraHai="96,89" doraHaiUra="84,88" who="2" fromWho="0" sc="329,-120,457,0,254,130,0,0" /><INIT seed="5,0,0,2,0,88" ten="209,457,384,0" oya="1" hai0="120,49,79,58,89,106,66,68,2,87,54,105,131" hai1="61,36,111,62,67,110,76,75,1,104,42,126,65" hai2="116,45,103,107,133,53,114,37,60,55,96,90,33" hai3=""/><U123/><N who="1" m="31520" /><U117/><E117/><V3/><F116/><T85/><N who="0" m="30752" /><T129/><D2/><U40/><E104/><V74/><F3/><T95/><D68/><U97/><E1/><V59/><F33/><T69/><D69/><U83/><E126/><V80/><F133/><T124/><D124/><U84/><E97/><V112/><F37/><T108/><D66/><U98/><E98/><V82/><F74/><T57/><D108/><N who="1" m="41515" /><E36/><V50/><F90/><T121/><N who="0" m="31008" /><T72/><D72/><U135/><E135/><V43/><F43/><N who="1" m="16425" /><E75/><V115/><AGARI ba="0,0" hai="45,50,53,55,59,60,80,82,96,103,107,112,114,115" machi="115" ten="30,3000,0" yaku="0,1,15,1,11,1" doraHai="88" who="2" fromWho="2" sc="209,-10,457,-20,384,30,0,0" /><INIT seed="6,0,0,5,1,91" ten="199,437,414,0" oya="2" hai0="38,32,49,74,109,36,48,50,99,1,115,108,77" hai1="86,55,76,67,88,68,75,70,92,95,34,45,78" hai2="63,135,101,87,44,119,40,103,3,61,110,59,35" hai3=""/><V83/><F119/><T133/><D32/><U113/><E113/><V69/><F35/><T62/><D1/><U128/><E128/><V105/><F3/><T118/><D118/><U97/><E34/><V90/><F135/><T79/><D133/><U134/><E134/><V2/><F2/><T125/><D125/><U85/><E75/><V66/><F105/><T71/><D99/><U52/><E45/><V65/><REACH who="2" step="1"/><F110/><REACH who="2" ten="199,437,404,0" step="2"/><T120/><N who="0" m="30752" /><T60/><D74/><U124/><E124/><V93/><F93/><T81/><D81/><U73/><E73/><V54/><F54/><N who="1" m="20521" /><E67/><V106/><F106/><T131/><D131/><U57/><E70/><V89/><F89/><T39/><D71/><U104/><E68/><V58/><F58/><T64/><D64/><U96/><E57/><V33/><F33/><T116/><D116/><U102/><E104/><V37/><AGARI ba="0,1" hai="37,40,44,59,61,63,65,66,69,83,87,90,101,103" machi="37" ten="20,2600,0" yaku="1,1,0,1,7,1,53,0" doraHai="91" doraHaiUra="72" who="2" fromWho="2" sc="199,-13,437,-13,404,36,0,0" owari="186,-41.0,424,2.0,440,39.0,0,0.0" /></mjloggm>