<mjloggm ver="2.3"><GO type="169" lobby="0"/><UN n0="%50%45%41%43%45%31%30" n1="%E3%83%A6%E3%82%A6%EF%BC%90%EF%BC%91%EF%BC%92%EF%BC%99" n2="%63%61%70%64%75%63%61%6C" n3="%79%6A%69%72%6F" dan="16,16,16,16" rate="2192.31,2060.29,2125.30,2161.68" sx="M,M,M,M"/><TAIKYOKU oya="0"/><INIT seed="0,0,0,4,3,112" ten="250,250,250,250" oya="0" hai0="126,67,128,100,108,119,106,64,103,30,116,71,39" hai1="10,34,4,37,65,77,118,131,5,92,12,129,51" hai2="48,79,121,28,26,86,59,40,74,94,2,76,55" hai3="81,102,50,83,78,82,61,110,57,52,43,45,115"/><T125/><D39/><U6/><E37/><V18/><F121/><W3/><G115/><T130/><D30/><U31/><E77/><V49/><F2/><W47/><G3/><T21/><D21/><U114/><E65/><N who="0" m="25161" /><D71/><U124/><E114/><V95/><F74/><W122/><G122/><T9/><D9/><U24/><E92/><V53/><F40/><W38/><G102/><N who="0" m="38955" /><D106/><U109/><E51/><V14/><F26/><W98/><G98/><T105/><D105/><U101/><E101/><V41/><F41/><W56/><G110/><T60/><D60/><U23/><E109/><V19/><F28/><W16/><G16/><N who="2" m="6185" /><F14/><W22/><G22/><T87/><D87/><U54/><E34/><V97/><F86/><W117/><G57/><T120/><D120/><U69/><E69/><V123/><F123/><W88/><G78/><N who="2" m="29737" /><F97/><W7/><G38/><T58/><D58/><AGARI ba="0,0" hai="48,49,53,55,58,59,94,95" m="29737,6185" machi="58" ten="30,2000,0" yaku="8,1,54,1" doraHai="112" who="2" fromWho="0" sc="250,-20,250,0,250,20,250,0" /><INIT seed="1,0,0,2,3,108" ten="230,250,270,250" oya="1" hai0="1,85,125,56,33,127,122,35,126,114,49,23,10" hai1="18,95,93,31,88,41,63,106,121,110,118,40,36" hai2="113,72,28,55,46,51,66,37,128,112,90,81,29" hai3="124,79,22,24,75,134,25,50,92,32,67,62,7"/><U57/><E106/><V111/><F111/><W39/><G39/><T135/><D135/><U84/><E110/><V11/><F128/><W91/><G134/><T120/><D85/><U38/><E118/><V77/><F37/><W53/><G124/><T59/><D49/><U78/><E121/><N who="0" m="46697" /><D114/><N who="2" m="44138" /><F66/><W98/><G7/><N who="0" m="1391" /><D59/><U97/><E31/><N who="2" m="11851" /><F11/><W109/><G109/><T26/><D56/><U58/><E36/><V16/><F16/><AGARI ba="0,0" hai="16,23,26,33,35,125,126,127" m="1391,46697" machi="16" ten="40,8000,1" yaku="18,1,13,1,34,2,54,1" doraHai="108" who="0" fromWho="2" sc="230,80,250,0,270,-80,250,0" /><INIT seed="2,0,0,2,3,72" ten="310,250,190,250" oya="2" hai0="88,106,120,12,34,111,44,22,125,110,104,80,55" hai1="116,105,7,94,81,121,118,29,64,28,39,37,124" hai2="93,127,107,68,59,0,133,117,20,1,32,122,134" hai3="19,115,91,8,24,84,102,96,108,4,74,131,90"/><V97/><F68/><W132/><G74/><T9/><D34/><U128/><E105/><V2/><F32/><W25/><G108/><N who="0" m="41515" /><D120/><U3/><E3/><V52/><F107/><W21/><G131/><T113/><D22/><U50/><E7/><V30/><F122/><W123/><G123/><T31/><D31/><U49/><E121/><V11/><F117/><W6/><G132/><N who="2" m="50793" /><F127/><W83/><G115/><T63/><D113/><U69/><E69/><V57/><F57/><W99/><G25/><T27/><D27/><U114/><E114/><V17/><F30/><W51/><G51/><N who="0" m="29159" /><D63/><U76/><E124/><V56/><F56/><W26/><G26/><T95/><D80/><U10/><E118/><V35/><F35/><W85/><G8/><T38/><D38/><U130/><E10/><V92/><F11/><W78/><G91/><T100/><D100/><U79/><E116/><V40/><F40/><W101/><G101/><T62/><D62/><U16/><E128/><V66/><F66/><W109/><G102/><T36/><D36/><U15/><E64/><V71/><F71/><W103/><G109/><T14/><D125/><U18/><E130/><V61/><F97/><N who="3" m="37451" /><G103/><T58/><D58/><U53/><E39/><V87/><F87/><W77/><G85/><N who="0" m="52623" /><D9/><U89/><E37/><V5/><F5/><AGARI ba="0,0" hai="4,5,6,19,21,24,77,78,83,84,90" m="37451" machi="5" ten="30,3900,0" yaku="8,1,52,2" doraHai="72" who="3" fromWho="2" sc="310,0,250,0,190,-39,250,39" /><INIT seed="3,0,0,2,1,5" ten="310,250,151,289" oya="3" hai0="34,91,61,82,44,119,50,35,13,106,105,80,20" hai1="111,68,98,32,52,10,97,65,16,31,107,30,101" hai2="115,64,96,84,18,135,85,23,72,90,29,67,28" hai3="41,133,47,46,94,62,57,74,9,27,76,104,103"/><W63/><G133/><T49/><D119/><U45/><E111/><V2/><F115/><W122/><G122/><T12/><D61/><U0/><E98/><V75/><F135/><W79/><G104/><T128/><D20/><U99/><E99/><V78/><F2/><W125/><G125/><T112/><D44/><U15/><E0/><V8/><F8/><W132/><G132/><T88/><REACH who="0" step="1"/><D112/><REACH who="0" ten="300,250,151,289" step="2"/><U86/><E32/><V25/><F23/><W54/><G62/><T130/><AGARI ba="0,1" hai="12,13,34,35,49,50,80,82,88,91,105,106,128,130" machi="130" ten="25,12000,2" yaku="1,1,2,1,0,1,22,2,54,1,53,0" doraHai="5" doraHaiUra="113" who="0" fromWho="0" sc="300,130,250,-30,151,-30,289,-60" /><INIT seed="4,0,0,3,0,132" ten="430,220,121,229" oya="0" hai0="130,116,87,78,64,117,48,61,1,19,18,40,118" hai1="53,42,82,44,135,101,70,5,133,89,76,7,38" hai2="3,54,74,11,107,85,123,108,98,65,22,77,84" hai3="27,51,106,43,95,93,25,103,15,56,16,39,71"/><T28/><D1/><U9/><E70/><V26/><F123/><W66/><G106/><T83/><D28/><U14/><E89/><V120/><F120/><W115/><G39/><T91/><D130/><U105/><E5/><V73/><F108/><W127/><G115/><T94/><D48/><U52/><E101/><V60/><F54/><W10/><G127/><T119/><N who="0" m="29696" /><DORA hai="68" /><T97/><REACH who="0" step="1"/><D40/><REACH who="0" ten="420,220,121,229" step="2"/><U41/><E42/><V72/><F3/><W20/><G43/><T112/><D112/><U8/><E41/><V128/><F128/><W79/><G51/><T102/><D102/><U33/><E133/><V90/><F77/><W29/><G103/><T134/><D134/><U24/><E76/><V35/><F107/><W21/><G79/><T125/><D125/><U45/><E135/><V126/><F126/><W62/><G71/><AGARI ba="0,1" hai="18,19,61,64,71,78,83,87,91,94,97" m="29696" machi="71" ten="70,3400,0" yaku="1,1,53,0" doraHai="132,68" doraHaiUra="131,111" who="0" fromWho="3" sc="420,44,220,0,121,0,229,-34" /><INIT seed="4,1,0,4,4,127" ten="464,220,121,195" oya="0" hai0="72,21,110,113,38,7,134,32,73,29,61,79,83" hai1="50,123,111,89,45,23,119,92,54,70,96,103,24" hai2="106,101,0,135,107,133,53,52,87,63,14,27,117" hai3="85,99,77,18,1,8,108,120,22,60,42,19,84"/><T17/><D113/><U56/><E70/><V112/><F0/><W35/><G108/><T4/><D38/><U33/><E111/><V121/><F121/><W109/><G109/><T125/><D110/><U131/><E123/><V16/><F27/><W100/><G120/><T80/><D125/><U104/><E33/><V93/><F117/><W116/><G35/><T26/><D134/><N who="2" m="51210" /><F112/><W5/><G116/><T2/><D61/><U3/><E3/><V59/><F53/><W6/><G6/><T15/><REACH who="0" step="1"/><D2/><REACH who="0" ten="454,220,121,195" step="2"/><U49/><E119/><V66/><F66/><W11/><G1/><T105/><D105/><U81/><E104/><V62/><F62/><W122/><G60/><T68/><D68/><U65/><E65/><V69/><F69/><W43/><G122/><T97/><D97/><U91/><E96/><N who="2" m="59535" /><F87/><W30/><G85/><T102/><D102/><U129/><E103/><V124/><F124/><W41/><G100/><T55/><D55/><U94/><E54/><V78/><F78/><AGARI ba="1,1" hai="4,7,15,17,21,26,29,32,72,73,78,79,80,83" machi="78" ten="40,7700,0" yaku="1,1,9,1,53,1" doraHai="127" doraHaiUra="25" who="0" fromWho="2" sc="454,90,220,0,121,-80,195,0" /><INIT seed="4,2,0,5,1,129" ten="544,220,41,195" oya="0" hai0="117,93,75,67,80,34,23,95,46,98,88,30,16" hai1="112,130,50,105,25,7,43,35,68,40,18,21,12" hai2="63,47,77,57,8,134,44,87,54,118,76,85,97" hai3="29,132,2,99,90,119,120,101,59,64,131,110,124"/><T26/><D117/><U52/><E68/><V61/><F118/><W123/><G119/><T45/><D67/><U91/><E105/><V65/><F97/><W17/><G2/><T125/><D125/><U1/><E130/><V82/><F8/><W107/><G131/><T15/><REACH who="0" step="1"/><D95/><REACH who="0" ten="534,220,41,195" step="2"/><U41/><E112/><V94/><F134/><W96/><G124/><T133/><D133/><U86/><E1/><V33/><F33/><W60/><G64/><T92/><D92/><N who="1" m="54391" /><E35/><V79/><F94/><W108/><G132/><T74/><D74/><U13/><E7/><V100/><F100/><W39/><G101/><T49/><D49/><U62/><E62/><V37/><F37/><W128/><G60/><T0/><D0/><U11/><E11/><V109/><F109/><W36/><G39/><T24/><D24/><U28/><E28/><V135/><F135/><W32/><G29/><T4/><D4/><U22/><E22/><V127/><F127/><W27/><G36/><T111/><D111/><U14/><E25/><V31/><F31/><W73/><G27/><T9/><D9/><U83/><E83/><V81/><REACH who="2" step="1"/><F76/><AGARI ba="2,1" hai="15,16,23,26,30,34,45,46,75,76,80,88,93,98" machi="76" ten="40,7700,0" yaku="1,1,54,2,53,0" doraHai="129" doraHaiUra="70" who="0" fromWho="2" sc="534,93,220,0,41,-83,195,0" owari="627,72.0,220,2.0,-42,-54.0,195,-20.0" /></mjloggm>