<mjloggm ver="2.3"><GO type="169" lobby="0"/><UN n0="%79%6A%69%72%6F" n1="%63%61%70%64%75%63%61%6C" n2="%E5%AE%9F%E5%AD%98" n3="%E7%99%BD%E3%83%90%E3%83%A9%E3%82%B3%E3%83%BC%E3%83%92%E3%83%BC" dan="16,16,17,16" rate="2159.55,2119.35,2141.79,2074.29" sx="M,M,M,M"/><TAIKYOKU oya="0"/><INIT seed="0,0,0,1,5,74" ten="250,250,250,250" oya="0" hai0="124,106,19,17,5,42,109,43,70,104,121,18,99" hai1="116,58,20,22,36,94,52,113,100,14,7,119,16" hai2="133,27,84,126,49,6,61,72,13,82,28,125,95" hai3="46,3,107,12,40,59,2,71,11,23,92,83,0"/><T64/><D121/><U75/><E36/><V25/><F72/><W66/><G107/><T79/><D124/><U21/><E75/><V134/><F95/><W39/><G71/><T135/><D135/><N who="2" m="51722" /><F61/><W15/><G92/><T8/><D109/><U35/><E35/><V81/><F81/><W96/><G96/><T67/><D70/><U65/><E65/><V10/><F49/><W130/><G130/><T110/><D110/><U105/><E105/><V101/><F101/><W62/><G23/><T129/><D129/><U111/><E111/><V48/><F48/><W78/><REACH who="3" step="1"/><G11/><REACH who="3" ten="250,250,250,240" step="2"/><T41/><D104/><U26/><E119/><V9/><F10/><W34/><G34/><T30/><D106/><U131/><E116/><V37/><F126/><W54/><G54/><T88/><D30/><U127/><E127/><V69/><F69/><W68/><G68/><T33/><D33/><U29/><E131/><V87/><F125/><W60/><G60/><T114/><D67/><U122/><E29/><V51/><F28/><W24/><G24/><T102/><D64/><U103/><E22/><V1/><F27/><W117/><G117/><T57/><D99/><U98/><E21/><V120/><F25/><W91/><G91/><T80/><D88/><U97/><E97/><V77/><F9/><W112/><G112/><T56/><D114/><U55/><E113/><V47/><F120/><W53/><G53/><T73/><REACH who="0" step="1"/><D102/><REACH who="0" ten="240,250,250,240" step="2"/><U31/><E103/><V86/><F82/><W32/><G32/><T108/><D108/><U50/><E122/><V45/><F1/><AGARI ba="0,2" hai="1,5,8,17,18,19,41,42,43,56,57,73,79,80" machi="1" ten="40,3900,0" yaku="1,1,52,1,53,0" doraHai="74" doraHaiUra="89" who="0" fromWho="2" sc="240,59,250,0,250,-39,240,0" /><INIT seed="0,1,0,5,4,87" ten="299,250,211,240" oya="0" hai0="77,131,29,65,103,66,6,22,7,54,105,115,81" hai1="124,108,46,4,48,106,123,130,79,36,120,24,12" hai2="107,73,61,132,16,122,83,89,80,37,23,1,111" hai3="62,32,104,39,34,119,135,128,126,38,25,45,91"/><T35/><D115/><U88/><E36/><V43/><F122/><W57/><G119/><T21/><D131/><U55/><E106/><V3/><F107/><W52/><G128/><T74/><D35/><U60/><E130/><V117/><F117/><W94/><G126/><T64/><D54/><U75/><E124/><V99/><F111/><W127/><G135/><T97/><REACH who="0" step="1"/><D29/><REACH who="0" ten="289,250,211,240" step="2"/><U92/><E123/><V118/><F118/><W125/><G127/><T114/><D114/><U14/><E120/><V134/><F132/><W28/><G125/><T0/><D0/><U96/><E108/><V133/><F134/><W67/><G34/><T8/><D8/><U26/><E55/><V10/><F1/><W5/><G104/><T50/><D50/><U116/><E48/><V59/><F3/><W86/><G38/><T31/><D31/><U58/><E116/><V95/><F133/><W56/><G39/><T85/><D85/><U53/><E75/><V11/><F73/><W13/><G28/><T93/><D93/><U112/><E112/><V19/><F37/><W42/><G32/><T20/><AGARI ba="1,1" hai="6,7,20,21,22,64,65,66,74,77,81,97,103,105" machi="20" ten="30,3000,0" yaku="1,1,0,1,53,0" doraHai="87" doraHaiUra="40" who="0" fromWho="0" sc="289,43,250,-11,211,-11,240,-11" /><INIT seed="0,2,0,0,3,103" ten="332,239,200,229" oya="0" hai0="29,5,105,31,126,22,67,53,51,46,30,59,70" hai1="18,88,25,129,24,99,79,13,15,76,112,114,130" hai2="39,91,108,104,85,124,82,72,71,58,17,32,57" hai3="116,8,44,75,77,55,21,65,10,107,110,73,86"/><T50/><D126/><U20/><E79/><V109/><F124/><W1/><G116/><T123/><D123/><U125/><E125/><V2/><F71/><W54/><G110/><T106/><D5/><U35/><E76/><V52/><F39/><W121/><G121/><T92/><D22/><U96/><E96/><V9/><F72/><W28/><G65/><T14/><D14/><U62/><E62/><V93/><F32/><W80/><G28/><T131/><D131/><N who="1" m="50187" /><E99/><V100/><F58/><W101/><G21/><T7/><D7/><U68/><E88/><V26/><F2/><W16/><G1/><T74/><D74/><U69/><E68/><V40/><F40/><W63/><G63/><T61/><REACH who="0" step="1"/><D92/><REACH who="0" ten="322,239,200,229" step="2"/><U43/><E13/><N who="2" m="7343" /><F108/><W64/><G73/><T34/><D34/><U45/><E35/><V98/><F109/><W6/><G75/><T134/><D134/><U49/><E69/><V118/><F93/><W12/><G12/><T60/><D60/><U128/><E128/><V66/><F118/><W90/><G6/><T122/><D122/><U127/><E127/><V36/><F26/><AGARI ba="2,1" hai="15,18,20,24,25,26,43,45,49,112,114" m="50187" machi="26" ten="30,1000,0" yaku="19,1" doraHai="103" who="1" fromWho="2" sc="322,0,239,26,200,-16,229,0" /><INIT seed="1,0,0,3,3,8" ten="322,265,184,229" oya="1" hai0="35,55,72,17,86,31,133,71,49,63,12,11,13" hai1="69,107,26,7,79,33,89,53,108,45,68,127,78" hai2="84,106,39,40,60,4,109,23,2,38,70,34,73" hai3="113,103,134,118,14,90,81,131,115,58,5,116,101"/><U3/><E107/><V93/><F73/><W6/><G58/><T120/><D72/><U130/><E69/><V91/><F34/><W10/><G6/><T54/><D133/><U80/><E68/><V97/><F109/><W96/><G134/><T67/><D120/><U122/><E122/><V57/><F70/><W114/><G131/><T126/><D126/><U16/><E127/><V75/><F75/><W52/><G52/><T88/><D13/><U37/><E130/><V24/><F40/><W129/><G129/><T100/><D100/><U27/><E89/><V117/><F117/><W50/><G50/><T65/><D65/><U66/><E66/><V85/><F4/><W94/><REACH who="3" step="1"/><G81/><REACH who="3" ten="322,265,184,219" step="2"/><T41/><D41/><U135/><E80/><V132/><F132/><W25/><G25/><T9/><D49/><U29/><E135/><V64/><F2/><W102/><AGARI ba="0,1" hai="5,10,14,90,94,96,101,102,103,113,114,115,116,118" machi="102" ten="40,5200,0" yaku="1,1,0,1,52,1,53,0" doraHai="8" doraHaiUra="125" who="3" fromWho="3" sc="322,-13,265,-26,184,-13,219,62" /><INIT seed="2,0,0,1,5,21" ten="309,239,171,281" oya="2" hai0="35,67,103,30,45,135,26,128,95,91,98,97,86" hai1="10,93,64,4,43,114,34,92,19,2,79,84,28" hai2="18,24,36,108,29,3,39,96,62,41,78,59,120" hai3="107,56,129,124,25,119,116,90,5,102,80,125,54"/><V70/><F120/><W113/><G5/><T69/><D128/><U76/><E114/><V46/><F108/><W51/><G129/><T130/><D130/><U23/><E64/><V118/><F118/><W73/><G113/><T8/><D135/><U106/><E43/><V83/><F70/><W50/><G102/><T12/><D45/><U100/><E106/><V133/><F133/><W85/><G107/><T20/><D35/><U94/><E100/><V44/><F3/><W40/><G73/><T38/><D38/><U105/><E105/><V17/><F96/><W109/><G109/><T61/><REACH who="0" step="1"/><D103/><REACH who="0" ten="299,239,171,281" step="2"/><U81/><E34/><V75/><F44/><N who="3" m="25991" /><G119/><T88/><D88/><U115/><E115/><V53/><F36/><W71/><G116/><T117/><D117/><U131/><E131/><V112/><F112/><W9/><G90/><T22/><D22/><AGARI ba="0,1" hai="17,18,22,24,29,39,41,46,53,59,62,75,78,83" machi="22" ten="30,2900,0" yaku="7,1,52,1" doraHai="21" who="2" fromWho="0" sc="299,-29,239,0,171,39,281,0" /><INIT seed="2,1,0,1,2,112" ten="270,239,210,281" oya="2" hai0="123,79,92,76,126,23,34,55,4,60,67,90,37" hai1="88,109,45,73,2,81,43,8,16,120,57,21,87" hai2="11,135,50,13,52,130,94,32,36,19,128,89,6" hai3="129,39,28,1,49,111,42,17,58,18,103,133,0"/><V27/><F36/><W30/><G111/><T22/><D123/><U46/><E109/><V25/><F135/><W68/><G68/><T83/><D34/><U72/><E46/><V47/><F32/><W65/><G133/><T29/><D37/><U134/><E120/><V20/><REACH who="2" step="1"/><F27/><REACH who="2" ten="270,239,200,281" step="2"/><W114/><G39/><T9/><D126/><U70/><E134/><V71/><F71/><W26/><G26/><T95/><D29/><U54/><E70/><V132/><F132/><W125/><G28/><T82/><D67/><U77/><E77/><V63/><F63/><W61/><G30/><T110/><D110/><U93/><E2/><V106/><F106/><W84/><G0/><T41/><D79/><U12/><E8/><V10/><F10/><W48/><G1/><T104/><D9/><U100/><E100/><V53/><F53/><W35/><G103/><T96/><D55/><U31/><E31/><V108/><F108/><W101/><G101/><T69/><D76/><U118/><E54/><V117/><F117/><W56/><G125/><T107/><D69/><U98/><E118/><V113/><F113/><W97/><G114/><T33/><D33/><U105/><E105/><V122/><F122/><W24/><G35/><T99/><D60/><U91/><E57/><V80/><F80/><W119/><G56/><T64/><D41/><U59/><E59/><V116/><F116/><W5/><G119/><T131/><D104/><U86/><E43/><V78/><F78/><W127/><G42/><T121/><D107/><U15/><E81/><V124/><F124/><W14/><G127/><RYUUKYOKU ba="1,1" sc="270,-10,239,-10,200,30,281,-10" hai2="6,11,13,19,20,25,47,50,52,89,94,128,130" /><INIT seed="2,2,1,5,2,93" ten="260,229,230,271" oya="2" hai0="57,84,127,52,45,125,7,69,43,122,20,82,1" hai1="64,116,14,66,4,24,31,100,23,22,97,76,3" hai2="26,88,72,49,106,33,56,74,103,34,54,77,119" hai3="91,109,87,58,18,86,39,101,112,99,11,75,5"/><V9/><F119/><W123/><G123/><T134/><D122/><U73/><E116/><V89/><F9/><W32/><G39/><T30/><D69/><U15/><E73/><V105/><F77/><W126/><G32/><T79/><D134/><U10/><E76/><V46/><F74/><W42/><G42/><T104/><D104/><U90/><E90/><V60/><F72/><W107/><G109/><T120/><D120/><U92/><E3/><V62/><F62/><W38/><G38/><T133/><D133/><U111/><E111/><V61/><F61/><W17/><G86/><T129/><D129/><U25/><E15/><V94/><F103/><W102/><G102/><T35/><D35/><U16/><AGARI ba="2,1" hai="4,10,14,16,22,23,24,25,31,64,66,92,97,100" machi="16" ten="20,8000,1" yaku="0,1,7,1,8,1,52,1,54,1" doraHai="93" who="1" fromWho="1" sc="260,-22,229,96,230,-42,271,-22" /><INIT seed="3,0,0,0,5,89" ten="238,325,188,249" oya="3" hai0="78,41,64,91,54,9,103,67,14,19,101,13,15" hai1="2,12,129,70,40,24,123,37,84,60,92,59,3" hai2="134,120,16,26,81,104,63,121,99,25,10,55,4" hai3="110,5,8,20,28,107,35,88,47,83,93,116,75"/><W65/><G116/><T90/><D41/><U85/><E70/><V132/><F81/><W46/><G107/><T29/><D78/><U122/><E24/><N who="2" m="9323" /><F63/><W57/><G35/><T36/><D36/><U27/><E37/><V128/><F55/><W31/><G75/><T53/><D29/><N who="3" m="11337" /><G20/><T80/><D19/><U111/><E40/><V71/><F71/><W82/><G8/><T127/><D9/><U94/><E59/><V113/><F104/><W62/><G5/><T131/><D127/><U133/><E60/><V130/><F99/><N who="3" m="57767" /><G110/><T74/><D74/><U51/><E111/><V86/><F86/><W39/><G39/><T115/><D115/><U114/><E85/><V0/><F113/><W76/><G76/><T38/><D38/><U102/><E84/><V98/><F98/><W126/><G126/><T112/><D112/><U50/><E114/><V30/><F30/><W22/><G22/><T61/><D80/><AGARI ba="0,0" hai="46,47,57,62,65,80,82,83" m="57767,11337" machi="80" ten="30,5800,0" yaku="8,1,52,1,54,1" doraHai="89" who="3" fromWho="0" sc="238,-58,325,0,188,0,249,58" /><INIT seed="3,1,0,5,4,27" ten="180,325,188,307" oya="3" hai0="94,106,130,84,45,4,12,122,50,53,14,132,118" hai1="97,101,113,2,55,36,57,75,67,20,1,47,112" hai2="21,76,42,90,120,79,26,98,9,124,48,110,82" hai3="58,117,131,129,91,19,34,108,33,103,52,60,38"/><W59/><G117/><T77/><D118/><U8/><E75/><V37/><F110/><W92/><G38/><T63/><D122/><U39/><E67/><V126/><F120/><W15/><G103/><T83/><D106/><U65/><E65/><V3/><F37/><W71/><G71/><T78/><D130/><N who="3" m="49673" /><G58/><T69/><D132/><U10/><E57/><V28/><F76/><W7/><G7/><T29/><D77/><U23/><E47/><V54/><F42/><W119/><G119/><T30/><D69/><U81/><E101/><V107/><F3/><W116/><G116/><T95/><D63/><U80/><E97/><V93/><F107/><W135/><G135/><T22/><D12/><U123/><E123/><V114/><F114/><W18/><G18/><N who="0" m="10583" /><D4/><U128/><E128/><V11/><F126/><W127/><G127/><T66/><D66/><U89/><E89/><V32/><F32/><W115/><G115/><T25/><D25/><U111/><REACH who="1" step="1"/><E55/><REACH who="1" ten="180,315,188,307" step="2"/><V43/><F124/><W41/><G41/><T125/><D125/><U134/><E134/><V86/><F43/><W16/><G108/><AGARI ba="1,1" hai="1,2,8,10,20,23,36,39,80,81,108,111,112,113" machi="108" ten="25,3200,0" yaku="1,1,22,2,53,0" doraHai="27" doraHaiUra="64" who="1" fromWho="3" sc="180,0,315,45,188,0,307,-35" /><INIT seed="4,0,0,3,2,116" ten="180,360,188,272" oya="0" hai0="38,69,2,39,75,68,44,135,130,55,94,32,125" hai1="105,101,97,1,111,64,37,34,15,60,117,102,99" hai2="104,58,27,93,57,67,26,13,112,126,53,79,36" hai3="31,78,56,42,80,123,59,20,95,65,14,86,0"/><T16/><D2/><U103/><E1/><V18/><F104/><W21/><G0/><T33/><D75/><U100/><E117/><V127/><F36/><W107/><G107/><T19/><D94/><U70/><E111/><V92/><F112/><W113/><G113/><T8/><D44/><U115/><E115/><V25/><F79/><W128/><G128/><T47/><D47/><U109/><E109/><V62/><F127/><W3/><G3/><T106/><D106/><U54/><E37/><N who="0" m="13833" /><D55/><U43/><E43/><V82/><F82/><W50/><G95/><T12/><D12/><U133/><E54/><V124/><F124/><W41/><G123/><T66/><D125/><U48/><E48/><N who="2" m="30887" /><F126/><W91/><G65/><T90/><D66/><U46/><E46/><V83/><F83/><W49/><G42/><T85/><D85/><U98/><E15/><V35/><F35/><N who="0" m="13386" /><D90/><U11/><E34/><V4/><F4/><W10/><G91/><T122/><D130/><U61/><E64/><V108/><F108/><W52/><G41/><T120/><D8/><AGARI ba="0,0" hai="8,13,18,25,26,27,58,62,67,92,93" m="30887" machi="8" ten="30,1000,0" yaku="8,1" doraHai="116" who="2" fromWho="0" sc="180,-10,360,0,188,10,272,0" /><INIT seed="5,0,0,1,2,42" ten="170,360,198,272" oya="1" hai0="127,51,95,68,102,26,17,72,50,48,94,131,86" hai1="109,8,99,130,4,92,79,52,16,118,117,106,135" hai2="97,108,25,28,21,7,104,134,120,89,114,58,90" hai3="10,73,101,0,96,111,132,37,60,2,74,128,3"/><U59/><E106/><V40/><F120/><W31/><G111/><T57/><D72/><U67/><E67/><V30/><F108/><W75/><G128/><T129/><D68/><U44/><E109/><V84/><F134/><W35/><G132/><T83/><D127/><U41/><E79/><V78/><F114/><W115/><G115/><T107/><D107/><U34/><E34/><V105/><F7/><W100/><G100/><T11/><D57/><U20/><E8/><V63/><F30/><W82/><G60/><T62/><D62/><N who="1" m="36199" /><E4/><V123/><F123/><W88/><G37/><T46/><D131/><U125/><E130/><V77/><F104/><W15/><G35/><T80/><D129/><U53/><E53/><V9/><F9/><W133/><G133/><T113/><D113/><U103/><E135/><V32/><F32/><W70/><G70/><T91/><D11/><U54/><E54/><N who="2" m="34263" /><F40/><W22/><G0/><T65/><D65/><U45/><E41/><V61/><F105/><N who="3" m="63655" /><G3/><T29/><D17/><U116/><E125/><V55/><F55/><W23/><G2/><T85/><D102/><U38/><E38/><V49/><F61/><W19/><G31/><T47/><D94/><U110/><E110/><V124/><F124/><W27/><G74/><T13/><D13/><U121/><E121/><V122/><F122/><W5/><G22/><N who="0" m="15575" /><D95/><U24/><E103/><V33/><F33/><W71/><G71/><T119/><D119/><U1/><E1/><V36/><F36/><W81/><G81/><T64/><D64/><U126/><E126/><V14/><F21/><RYUUKYOKU ba="0,0" sc="170,10,360,10,198,-30,272,10" hai0="46,47,48,50,51,80,83,85,86,91" hai1="16,20,24,44,45,92,99,116,117,118" hai3="5,10,15,19,23,27,73,75,82,88" /><INIT seed="5,1,0,2,3,12" ten="180,370,168,282" oya="1" hai0="45,117,77,107,135,84,89,128,61,42,88,76,11" hai1="129,124,62,82,132,16,35,78,96,26,36,34,105" hai2="53,93,110,48,127,123,21,28,33,31,44,9,103" hai3="87,133,57,86,119,60,108,98,70,52,25,83,30"/><U22/><E36/><V6/><F110/><W120/><G120/><T109/><D109/><U29/><E132/><V99/><F123/><W112/><G112/><T23/><D117/><U74/><E129/><V37/><F127/><W4/><G133/><T81/><D135/><U19/><E124/><V10/><F33/><W104/><G119/><T126/><D126/><U59/><E35/><V106/><F37/><W0/><G87/><T55/><D107/><U32/><E32/><V73/><F73/><W7/><G70/><T58/><D128/><U50/><E50/><V56/><F106/><W17/><G0/><T66/><D11/><U134/><E34/><V97/><F97/><W47/><G30/><T92/><D66/><U51/><E51/><V15/><F9/><W75/><G75/><T113/><D113/><U1/><E1/><V65/><REACH who="2" step="1"/><F21/><REACH who="2" ten="180,370,158,282" step="2"/><N who="3" m="13487" /><G98/><T72/><D23/><U46/><E134/><V80/><F80/><W38/><G104/><T116/><D116/><U69/><E105/><V18/><F18/><W3/><G38/><T20/><D20/><U64/><E96/><V101/><F101/><W102/><G102/><T79/><REACH who="0" step="1"/><D89/><REACH who="0" ten="170,370,158,282" step="2"/><U115/><E115/><V49/><F49/><AGARI ba="1,2" hai="42,45,49,55,58,61,72,76,77,79,81,84,88,92" machi="49" ten="30,7700,0" yaku="1,1,2,1,7,1,54,1,53,0" doraHai="12" doraHaiUra="100" who="0" fromWho="2" sc="170,100,370,0,158,-80,282,0" /><INIT seed="6,0,0,5,5,113" ten="270,370,78,282" oya="2" hai0="73,19,51,114,15,24,31,58,105,4,23,33,101" hai1="93,126,42,120,38,100,119,30,56,68,110,124,107" hai2="41,57,6,70,53,86,40,123,43,20,0,67,72" hai3="16,18,52,37,29,82,98,102,26,127,14,92,50"/><V66/><F123/><W134/><G37/><T55/><D73/><U76/><E68/><V54/><F72/><W94/><G134/><T48/><D114/><U10/><E107/><V87/><F70/><W62/><G127/><T108/><D108/><U44/><E30/><V99/><F0/><W8/><G82/><T117/><D4/><U84/><E10/><V111/><F111/><W27/><G62/><T96/><REACH who="0" step="1"/><D117/><REACH who="0" ten="260,370,78,282" step="2"/><U9/><E119/><V7/><F99/><N who="3" m="59751" /><G29/><T25/><D25/><U47/><E110/><V36/><F36/><W78/><G18/><T122/><D122/><U49/><E120/><V79/><F20/><W115/><G115/><T104/><D104/><U128/><E9/><V97/><F97/><W60/><G78/><T64/><D64/><N who="2" m="24618" /><F79/><W5/><G5/><N who="2" m="1545" /><F57/><N who="3" m="32919" /><G60/><AGARI ba="0,1" hai="15,19,23,24,31,33,48,51,55,58,60,96,101,105" machi="60" ten="30,2000,0" yaku="1,1,7,1,53,0" doraHai="113" doraHaiUra="112" who="0" fromWho="3" sc="260,30,370,0,78,0,282,-20" /><INIT seed="7,0,0,2,4,87" ten="290,370,78,262" oya="3" hai0="103,86,60,100,12,36,47,50,109,126,76,65,43" hai1="131,93,67,82,24,62,44,114,135,46,97,55,123" hai2="66,8,132,2,61,69,127,7,32,125,112,9,110" hai3="33,105,128,120,79,115,78,130,22,108,75,58,49"/><W10/><G33/><T28/><D109/><U45/><E114/><V88/><F110/><W35/><G35/><T16/><D126/><U118/><E135/><V3/><F112/><W84/><G120/><T38/><D28/><U129/><E123/><V37/><F132/><W29/><G115/><T74/><D74/><U96/><E118/><V94/><F32/><W39/><G39/><T13/><D13/><U134/><E134/><V111/><F111/><W0/><G105/><T20/><D38/><U19/><E82/><V80/><F37/><W63/><G49/><T68/><D76/><U90/><E97/><V91/><F80/><W52/><G75/><T83/><REACH who="0" step="1"/><D36/><REACH who="0" ten="280,370,78,262" step="2"/><U73/><E73/><V42/><F42/><W27/><G108/><T107/><D107/><U122/><E122/><V1/><F1/><W116/><G116/><T54/><D54/><U6/><E55/><V17/><F17/><W57/><G57/><T64/><D64/><U133/><E133/><V21/><F21/><W117/><G117/><T59/><D59/><U72/><E72/><V30/><F30/><W4/><REACH who="3" step="1"/><G78/><REACH who="3" ten="280,370,78,252" step="2"/><T124/><D124/><U95/><E46/><V51/><F125/><W14/><G14/><T92/><D92/><U106/><E45/><V102/><F127/><W70/><G70/><T99/><D99/><U40/><E44/><V113/><F113/><W53/><G53/><T104/><D104/><U34/><E106/><V85/><F94/><W25/><G25/><T56/><D56/><U41/><E95/><N who="2" m="54671" /><F69/><W11/><G11/><T71/><D71/><U15/><E93/><RYUUKYOKU ba="0,2" sc="280,15,370,-15,78,-15,252,15" hai0="12,16,20,43,47,50,60,65,68,83,86,100,103" hai3="0,4,10,22,27,29,52,58,63,79,84,128,130" /><INIT seed="7,1,2,0,0,1" ten="295,355,63,267" oya="3" hai0="65,40,43,104,12,49,66,86,41,79,99,117,106" hai1="77,2,122,61,36,107,9,55,121,111,16,14,33" hai2="85,22,72,129,102,115,123,35,114,6,29,13,98" hai3="127,46,120,63,62,57,74,42,131,38,3,39,134"/><W4/><G120/><T30/><D117/><U78/><E111/><V88/><F72/><W25/><G38/><T5/><D30/><U19/><E107/><V93/><F35/><W73/><G127/><T17/><D104/><U91/><E36/><V50/><F123/><W10/><G131/><T23/><D106/><U59/><E33/><V90/><F129/><W100/><G134/><T28/><D99/><U54/><E2/><V82/><F29/><W108/><G108/><T132/><D132/><U24/><E121/><V32/><F32/><W7/><G100/><T96/><D96/><U26/><E122/><V67/><F114/><W60/><G4/><T21/><D49/><U70/><E70/><V87/><F115/><W133/><G133/><T8/><D79/><U48/><E91/><V45/><F67/><W130/><G130/><T52/><D52/><U84/><E19/><V76/><F22/><W89/><G57/><T105/><D86/><U126/><E126/><V112/><F112/><W110/><G110/><T68/><D105/><U15/><E15/><V27/><F27/><N who="1" m="10281" /><E84/><V81/><F102/><W118/><G118/><T92/><D68/><U34/><E34/><V97/><F76/><W128/><G128/><T11/><D28/><U95/><E95/><V124/><F124/><W44/><G89/><T37/><D92/><U94/><E94/><V0/><F0/><W18/><REACH who="3" step="1"/><G46/><AGARI ba="1,2" hai="9,14,16,46,48,54,55,59,61,77,78" m="10281" machi="46" ten="30,2000,0" yaku="8,1,54,1" doraHai="1" who="1" fromWho="3" sc="295,0,355,43,63,0,267,-23" owari="295,10.0,398,50.0,63,-44.0,244,-16.0" /></mjloggm>