<mjloggm ver="2.3"><GO type="169" lobby="0"/><UN n0="%73%69%6E%34%36" n1="%E7%83%8F%E8%B3%8A%E4%B9%8B%E8%BC%94" n2="%E8%A7%A6%E6%89%8B%E3%83%89%E3%83%AA%E3%83%AB" n3="%E7%8B%82%E7%8A%AC" dan="16,17,16,16" rate="2166.56,2222.35,2107.11,2122.07" sx="M,M,M,M"/><TAIKYOKU oya="0"/><INIT seed="0,0,0,4,4,12" ten="250,250,250,250" oya="0" hai0="19,97,37,76,45,85,11,132,91,46,71,64,21" hai1="100,36,47,125,39,16,65,29,98,8,34,43,126" hai2="90,107,33,69,77,68,96,51,86,74,28,120,118" hai3="88,129,30,72,14,31,124,5,4,78,108,84,32"/><T128/><D128/><U40/><BYE who="0" /><E65/><UN n0="%73%69%6E%34%36" /><V57/><F118/><W26/><G129/><T2/><D132/><U111/><E111/><V62/><F51/><W61/><G108/><T23/><D76/><U58/><E58/><V3/><F3/><W63/><G124/><N who="1" m="47722" /><E29/><V52/><F120/><W79/><G72/><T66/><D97/><U1/><E1/><V73/><F73/><W50/><G50/><T135/><D135/><U119/><E34/><V82/><F28/><W13/><G26/><T93/><D23/><U9/><E119/><V24/><F24/><W104/><G104/><T22/><D21/><U48/><E8/><V101/><REACH who="2" step="1"/><F33/><REACH who="2" ten="250,250,240,250" step="2"/><W15/><G32/><T130/><D130/><U80/><E43/><V123/><F123/><W53/><G30/><T95/><D2/><U59/><E39/><V106/><F106/><W42/><G31/><T35/><D35/><U10/><E36/><V70/><F70/><W44/><G42/><T112/><D37/><U25/><E48/><V99/><F99/><W17/><G17/><T122/><D71/><U67/><E16/><V114/><F114/><W116/><G116/><T41/><D41/><U0/><E40/><V127/><F127/><W121/><G121/><T115/><D122/><U54/><E98/><V113/><F113/><W83/><G4/><T92/><D115/><U38/><E38/><V87/><F87/><W134/><G5/><T81/><D112/><U18/><E18/><V55/><F55/><W75/><G134/><T131/><D131/><U49/><E54/><V89/><F89/><W56/><G75/><RYUUKYOKU ba="0,1" sc="250,-10,250,-10,240,30,250,-10" hai2="52,57,62,68,69,74,77,82,86,90,96,101,107" /><INIT seed="1,1,1,5,4,117" ten="240,240,270,240" oya="1" hai0="37,70,0,97,28,63,92,94,62,16,24,15,48" hai1="12,53,41,109,123,99,96,6,1,19,5,79,45" hai2="104,98,135,49,40,121,11,54,4,110,130,106,17" hai3="80,67,36,66,25,50,20,72,74,76,95,102,82"/><U22/><E123/><V44/><F121/><W101/><G36/><T133/><D37/><U116/><E116/><V35/><F35/><W134/><G134/><T107/><D0/><U39/><E109/><V29/><F29/><W122/><G50/><T10/><D107/><U68/><E68/><V27/><F110/><W26/><G95/><T127/><D133/><U114/><E114/><V129/><F135/><W85/><G85/><T21/><D127/><U46/><E1/><V113/><F98/><W105/><G20/><T77/><D77/><U31/><E31/><V78/><F78/><W38/><G38/><T3/><D3/><U89/><E79/><V131/><F113/><W103/><G76/><T108/><D108/><U65/><E65/><N who="3" m="24586" /><G105/><T42/><D70/><U128/><E99/><V33/><F40/><W61/><G61/><T125/><D92/><U13/><E13/><N who="2" m="5351" /><F33/><W58/><G58/><T32/><D32/><U56/><E46/><V7/><F106/><W87/><G87/><T69/><D125/><U43/><E43/><V64/><F104/><W90/><G90/><N who="0" m="55511" /><D69/><U8/><E96/><V112/><F112/><W111/><G111/><T2/><D2/><U75/><E89/><V115/><F115/><W60/><G60/><T30/><D30/><U18/><E75/><N who="3" m="28714" /><G122/><T124/><D124/><U59/><E56/><V14/><F64/><W88/><G88/><T126/><D126/><U119/><E119/><V91/><F91/><W71/><G71/><T34/><D34/><U120/><E120/><V51/><F131/><W100/><N who="3" m="25600" /><DORA hai="86" /><W23/><G23/><RYUUKYOKU ba="1,1" sc="240,15,240,-15,270,-15,240,15" hai0="10,15,16,21,24,28,42,48,62,63" hai3="25,26,80,82" /><INIT seed="2,2,1,3,3,31" ten="255,225,255,255" oya="2" hai0="43,124,114,48,132,33,41,57,76,118,109,102,70" hai1="5,51,86,90,17,29,54,123,52,72,122,26,7" hai2="130,74,80,111,133,77,55,45,78,119,83,116,47" hai3="10,126,0,68,24,101,98,127,115,49,50,97,71"/><V92/><F130/><W121/><G24/><T85/><D70/><N who="3" m="26665" /><G121/><N who="1" m="46090" /><E72/><V69/><F69/><W62/><G62/><T110/><D102/><U28/><E17/><V34/><F34/><W81/><G81/><N who="0" m="47271" /><D114/><U53/><E51/><N who="3" m="19466" /><G101/><T88/><D118/><U73/><E73/><V64/><F64/><W96/><G10/><T11/><D124/><N who="3" m="47657" /><G0/><T105/><D105/><U19/><E19/><V4/><F4/><N who="1" m="1609" /><E26/><V21/><F21/><W99/><N who="3" m="24576" /><DORA hai="58" /><W63/><G63/><T30/><D11/><U44/><E44/><V79/><F74/><W37/><G115/><T61/><D30/><U20/><E20/><V8/><F8/><W75/><G75/><T46/><D48/><U39/><E39/><AGARI ba="2,1" hai="37,39" m="24576,47657,19466,26665" machi="39" ten="50,6400,0" yaku="28,2,18,1" doraHai="31,58" who="3" fromWho="1" sc="255,0,225,-70,255,0,255,80" /><INIT seed="3,0,0,2,2,26" ten="255,155,255,335" oya="3" hai0="64,39,115,129,77,33,97,1,106,52,109,96,17" hai1="38,36,107,37,113,133,11,66,28,34,70,22,95" hai2="48,54,93,2,35,102,84,40,134,91,116,8,56" hai3="90,76,98,120,73,30,104,59,5,99,131,81,86"/><W123/><G5/><T25/><D1/><U78/><E113/><V62/><F116/><W87/><G30/><T9/><D39/><U32/><E107/><V75/><F75/><W119/><G59/><T125/><D77/><U71/><E133/><V69/><F134/><W20/><G20/><T43/><D43/><U19/><E95/><V121/><F35/><W24/><G24/><T47/><D64/><U3/><E78/><V105/><F121/><N who="3" m="46667" /><G119/><T112/><D106/><U135/><E135/><V111/><F2/><W100/><G131/><T53/><D129/><U122/><E122/><V41/><F8/><W14/><G14/><N who="0" m="7375" /><D33/><U82/><E82/><V61/><F69/><W127/><G127/><T27/><D125/><U114/><E66/><V110/><F40/><W6/><G6/><T80/><D27/><N who="1" m="18463" /><E114/><N who="0" m="43561" /><D25/><U92/><E34/><V21/><F21/><W128/><G128/><T42/><D80/><U50/><E92/><AGARI ba="0,0" hai="73,76,81,86,87,90,92,98,99,100,104" m="46667" machi="92" ten="30,2900,0" yaku="34,2" doraHai="26" who="3" fromWho="1" sc="255,0,155,-29,255,0,335,29" /><INIT seed="3,1,0,4,5,29" ten="255,126,255,364" oya="3" hai0="110,120,32,123,78,94,83,55,47,129,89,64,71" hai1="106,99,51,11,2,17,39,80,40,97,8,28,88" hai2="65,135,127,77,19,113,114,18,38,10,121,14,12" hai3="73,37,50,85,41,86,72,112,23,76,133,4,35"/><W92/><G112/><N who="2" m="43113" /><F38/><W6/><G37/><T21/><D110/><U16/><E39/><V44/><F44/><W84/><G23/><T111/><D111/><U61/><E106/><V90/><F65/><W33/><G92/><T57/><D129/><U131/><E131/><V109/><F90/><W68/><G50/><T119/><D119/><U93/><E2/><V70/><F77/><W66/><G66/><T48/><D71/><U105/><E105/><V82/><F82/><W115/><G115/><T1/><D1/><U15/><E28/><V81/><F81/><W24/><G24/><T91/><D91/><U124/><E124/><V53/><F121/><W25/><G25/><T116/><D116/><U79/><E61/><V54/><F10/><W5/><G76/><T7/><D83/><U42/><E97/><V96/><F96/><W31/><G31/><T132/><D64/><U60/><E60/><V26/><F26/><W69/><G41/><T125/><D78/><U20/><E11/><V74/><F74/><N who="3" m="28779" /><G133/><T63/><D132/><U128/><E128/><V95/><F95/><W107/><G107/><T118/><D94/><U13/><E51/><V59/><F12/><W62/><G62/><T100/><D63/><U9/><E9/><V103/><F103/><W36/><G36/><T43/><D48/><U130/><E130/><V56/><F14/><W98/><G98/><T87/><D123/><U34/><REACH who="1" step="1"/><E34/><AGARI ba="1,0" hai="4,5,6,33,34,35,68,69,84,85,86" m="28779" machi="34" ten="40,12000,1" yaku="28,2,52,3" doraHai="29" who="3" fromWho="1" sc="255,0,126,-123,255,0,364,123" /><INIT seed="3,2,0,2,0,33" ten="255,3,255,487" oya="3" hai0="97,83,4,103,130,55,89,53,93,77,129,20,120" hai1="62,65,3,35,26,23,32,70,100,19,12,36,123" hai2="124,121,122,17,107,54,10,24,51,27,105,85,116" hai3="99,63,57,133,39,102,43,111,50,9,76,108,15"/><W78/><G133/><T82/><D120/><N who="2" m="46186" /><F116/><W2/><G2/><T47/><D4/><U125/><E123/><V37/><F37/><W67/><G39/><T61/><D20/><U28/><E36/><V98/><F124/><W117/><G117/><T22/><D22/><U114/><E114/><V6/><F85/><W91/><G91/><T44/><D61/><U109/><E125/><V90/><F17/><N who="3" m="8431" /><G50/><T5/><D5/><U72/><E72/><V66/><F66/><W14/><G14/><T80/><D77/><U68/><E109/><N who="3" m="42058" /><G43/><T132/><D89/><U95/><E95/><AGARI ba="2,0" hai="57,63,67,76,78,95,99,102" m="42058,8431" machi="95" ten="30,2900,0" yaku="14,1,10,1" doraHai="33" who="3" fromWho="1" sc="255,0,3,-35,255,0,487,35" owari="255,6.0,-32,-53.0,255,-14.0,522,61.0" /></mjloggm>