<mjloggm ver="2.3"><GO type="185" lobby="0"/><UN n0="%E3%81%BF%E3%83%BC%E3%82%8F" n1="%E3%82%BF%E3%83%AD%E3%81%95" n2="%E8%8A%B1%E9%AD%81" n3="" dan="17,16,17,0" rate="2252.32,2099.87,2354.04,1500.00" sx="M,M,F,C"/><TAIKYOKU oya="0"/><INIT seed="0,0,0,2,3,125" ten="350,350,350,0" oya="0" hai0="116,95,131,40,119,82,134,135,63,91,44,99,133" hai1="49,121,64,122,115,123,127,90,35,101,88,84,61" hai2="89,79,130,93,132,92,0,53,109,96,108,113,70" hai3=""/><T54/><D82/><U34/><N who="1" m="31008" /><U118/><N who="1" m="31264" /><U120/><N who="1" m="30752" /><U126/><N who="1" m="31520" /><U72/><E118/><N who="0" m="45097" /><D131/><U39/><E115/><V33/><F33/><T2/><D2/><U83/><E39/><V87/><F0/><T124/><D124/><N who="1" m="47659" /><E72/><V58/><F70/><T117/><N who="0" m="45105" /><T59/><DORA hai="94" /><D44/><U51/><E101/><V71/><F71/><T112/><D40/><U107/><E107/><V62/><F113/><AGARI ba="0,0" hai="54,59,63,91,95,99,112,113,133,134,135" m="45105" machi="113" ten="50,4800,0" yaku="20,1,52,1" doraHai="125,94" who="0" fromWho="2" sc="350,48,350,0,350,-48,0,0" /><INIT seed="0,1,0,1,1,64" ten="398,350,302,0" oya="0" hai0="131,126,134,96,45,82,53,89,107,122,41,48,72" hai1="63,55,117,59,125,78,58,118,120,119,85,54,35" hai2="70,62,84,66,37,39,98,90,133,130,80,74,124" hai3=""/><T3/><N who="0" m="31264" /><T83/><D3/><U93/><N who="1" m="30752" /><U116/><E125/><V57/><F124/><T33/><D33/><U105/><E105/><V115/><F115/><T95/><D126/><U77/><E35/><V91/><F133/><T97/><D131/><U94/><N who="1" m="30208" /><DORA hai="103" /><U0/><E0/><V121/><N who="2" m="31008" /><V109/><F109/><T46/><D134/><U67/><E67/><V110/><F110/><T44/><D72/><U106/><E106/><V112/><F112/><T86/><D46/><U129/><E129/><V42/><F130/><T1/><D1/><U50/><REACH who="1" step="1"/><E85/><REACH who="1" ten="398,340,302,0" step="2"/><V36/><F74/><T102/><REACH who="0" step="1"/><D86/><REACH who="0" ten="388,340,302,0" step="2"/><U123/><N who="1" m="31520" /><U49/><E49/><AGARI ba="1,2" hai="41,44,45,48,49,53,82,83,89,95,96,97,102,107" m="31264" machi="49" ten="30,11600,0" yaku="1,1,7,1,52,2,53,0" doraHai="64,103" doraHaiUra="75,73" who="0" fromWho="1" sc="388,138,340,-118,302,0,0,0" /><INIT seed="0,2,0,3,4,54" ten="526,222,302,0" oya="0" hai0="52,47,96,56,67,36,88,53,84,87,133,114,129" hai1="46,128,34,66,0,64,93,42,125,65,43,106,85" hai2="102,78,51,39,86,97,80,124,123,127,77,62,116" hai3=""/><T132/><D114/><U113/><E34/><V107/><N who="2" m="31520" /><V105/><F39/><T117/><D117/><U94/><E106/><V119/><F62/><T120/><N who="0" m="30752" /><T74/><D74/><U115/><E128/><V112/><F51/><T55/><D129/><U101/><E125/><N who="2" m="48203" /><F112/><N who="1" m="43081" /><E0/><V59/><F59/><T40/><D96/><U135/><E135/><N who="0" m="51785" /><D88/><U110/><E110/><V82/><F105/><T76/><D76/><U81/><E101/><V99/><F99/><T83/><D83/><U60/><E60/><AGARI ba="2,0" hai="36,40,47,52,53,55,56,60,67,84,87" m="51785,30752" machi="60" ten="30,11600,0" yaku="20,1,52,2,54,1" doraHai="54" who="0" fromWho="1" sc="526,120,222,-120,302,0,0,0" /><INIT seed="0,3,0,5,3,58" ten="646,102,302,0" oya="0" hai0="70,86,118,104,119,112,131,40,120,66,60,114,85" hai1="103,57,0,100,74,76,52,130,73,117,2,121,125" hai2="95,35,91,89,46,127,115,87,50,64,75,47,44" hai3=""/><T123/><N who="0" m="30752" /><T80/><N who="0" m="31520" /><T88/><D104/><U97/><N who="1" m="31008" /><U41/><E117/><V79/><F35/><T51/><D131/><U33/><E130/><V116/><F115/><T36/><D36/><U65/><E125/><V39/><F127/><T71/><D71/><U83/><E33/><V53/><F116/><T68/><D68/><U108/><E108/><V113/><F113/><T82/><D114/><U134/><E134/><V106/><F106/><T94/><D112/><U49/><E74/><V62/><F39/><T78/><REACH who="0" step="1"/><D94/><REACH who="0" ten="636,102,302,0" step="2"/><U107/><E2/><V111/><F111/><T101/><D101/><U32/><E0/><V61/><F95/><T129/><D129/><U109/><E109/><V81/><F75/><T56/><D56/><U110/><E110/><V99/><F99/><T3/><D3/><U45/><E32/><V124/><F124/><T1/><D1/><U77/><E103/><V63/><REACH who="2" step="1"/><F64/><REACH who="2" ten="636,102,292,0" step="2"/><T133/><D133/><U69/><E65/><V98/><F98/><T126/><D126/><U67/><E67/><V105/><F105/><T84/><D84/><U38/><E107/><V59/><AGARI ba="3,2" hai="44,46,47,50,53,59,61,62,63,79,81,87,89,91" machi="59" ten="30,9000,2" yaku="1,1,0,1,8,1,52,3,53,0" doraHai="58" doraHaiUra="34" who="2" fromWho="2" sc="636,-63,102,-33,292,116,0,0" /><INIT seed="1,0,0,3,2,127" ten="573,69,408,0" oya="1" hai0="49,81,43,130,87,66,135,58,116,100,104,62,125" hai1="33,131,124,75,129,69,112,109,52,0,79,44,94" hai2="119,55,120,123,70,89,53,76,99,117,36,98,92" hai3=""/><U133/><RYUUKYOKU type="yao9" ba="0,0" sc="573,0,69,0,408,0,0,0" hai1="0,33,44,52,69,75,79,94,109,112,124,129,131,133" /><INIT seed="1,1,0,2,4,33" ten="573,69,408,0" oya="1" hai0="41,61,38,115,110,77,100,57,134,50,98,82,107" hai1="75,109,99,85,81,84,52,86,117,72,63,114,43" hai2="121,45,70,119,40,120,101,126,103,68,97,32,60" hai3=""/><U95/><E117/><V111/><N who="2" m="30752" /><V58/><N who="2" m="31008" /><V59/><F119/><T92/><D115/><U78/><E114/><V89/><F32/><T135/><D110/><U34/><E109/><V128/><F111/><T132/><D38/><U66/><E34/><V102/><F126/><T83/><D107/><U64/><E43/><V87/><F128/><T113/><D113/><U47/><E75/><V108/><F108/><T69/><D69/><U88/><REACH who="1" step="1"/><E63/><REACH who="1" ten="573,59,408,0" step="2"/><V104/><F60/><T112/><D112/><U116/><E116/><V105/><F105/><T42/><D41/><U48/><AGARI ba="1,1" hai="47,48,52,64,66,72,78,81,84,85,86,88,95,99" machi="48" ten="30,7800,0" yaku="1,1,0,1,54,2,53,0" doraHai="33" doraHaiUra="123" who="1" fromWho="1" sc="573,-40,59,90,408,-40,0,0" /><INIT seed="1,2,0,1,2,67" ten="533,149,368,0" oya="1" hai0="118,50,110,41,34,79,120,106,127,57,105,52,132" hai1="63,36,116,92,130,69,65,38,37,54,129,133,75" hai2="112,86,100,0,117,35,32,93,115,97,125,107,121" hai3=""/><U94/><E75/><V113/><N who="2" m="31008" /><V51/><F0/><T70/><N who="0" m="30752" /><T114/><D114/><U85/><E116/><V62/><F117/><T44/><D118/><U87/><E133/><V55/><F125/><T59/><D34/><N who="2" m="12842" /><F62/><T2/><D2/><U90/><E54/><V123/><N who="2" m="31520" /><V131/><F131/><T135/><D110/><U103/><E103/><V47/><F86/><T83/><D127/><U98/><E98/><V101/><F101/><T42/><D70/><U124/><REACH who="1" step="1"/><E124/><REACH who="1" ten="533,139,368,0" step="2"/><V84/><F84/><T126/><D126/><U33/><E33/><V77/><F77/><T76/><D79/><U68/><E68/><V72/><F72/><T89/><D76/><U60/><E60/><V128/><F128/><T88/><D135/><U74/><E74/><V66/><F66/><T108/><D132/><U61/><E61/><V78/><F78/><T99/><D99/><U1/><E1/><V43/><F55/><T96/><D52/><U49/><E49/><V46/><F47/><T102/><D44/><U111/><E111/><V58/><F58/><T119/><D59/><U64/><E64/><V80/><F80/><T82/><D83/><U56/><E56/><V81/><F81/><T104/><D82/><RYUUKYOKU ba="2,1" sc="533,-20,139,10,368,10,0,0" hai1="36,37,38,63,65,69,85,87,90,92,94,129,130" hai2="43,46,51,93,97,100,107,112,113,115" /><INIT seed="1,3,1,2,5,36" ten="513,149,378,0" oya="1" hai0="114,125,83,115,48,81,43,80,88,103,92,108,69" hai1="60,54,105,107,119,94,102,122,77,70,126,104,32" hai2="40,84,96,33,42,86,90,99,131,76,52,93,134" hai3=""/><U97/><N who="1" m="31264" /><U72/><E119/><V2/><F33/><T67/><D125/><U41/><E32/><V39/><F2/><T123/><N who="0" m="31520" /><T109/><D103/><U79/><E126/><V120/><N who="2" m="30752" /><V44/><F131/><T130/><D130/><U128/><E128/><V57/><F134/><T46/><D67/><U117/><E117/><V71/><F71/><T51/><D69/><U100/><E72/><V38/><F38/><T65/><D65/><U47/><E102/><V127/><F127/><T37/><D37/><U62/><E62/><V0/><F42/><T56/><D51/><U68/><E68/><V91/><F76/><T112/><REACH who="0" step="1"/><D56/><REACH who="0" ten="503,149,378,0" step="2"/><U129/><E129/><V110/><F0/><T59/><D59/><U133/><E133/><V124/><F124/><T3/><D3/><U111/><E111/><V132/><F110/><T106/><D106/><U98/><E70/><V55/><F132/><T35/><D35/><U1/><E1/><V66/><F66/><T121/><N who="0" m="31008" /><T116/><D116/><U82/><E60/><V135/><F135/><T53/><D53/><N who="2" m="20554" /><F57/><T74/><D74/><U63/><E54/><V85/><F39/><T101/><D101/><U75/><E63/><V50/><F50/><RYUUKYOKU ba="3,2" sc="503,20,149,-10,378,-10,0,0" hai0="43,46,48,80,81,83,88,92,108,109,112,114,115" /><INIT seed="2,4,2,1,5,119" ten="523,139,368,0" oya="2" hai0="112,92,73,61,58,124,66,131,115,0,54,116,118" hai1="81,32,3,70,52,109,78,105,96,101,100,129,2" hai2="79,103,63,65,72,67,120,42,84,99,46,45,88" hai3=""/><V98/><N who="2" m="30752" /><V74/><F79/><T106/><D73/><U55/><E109/><V76/><F76/><T128/><D106/><U1/><E129/><N who="0" m="49737" /><D0/><U130/><E130/><V38/><F46/><T90/><D124/><U33/><E100/><V36/><F36/><T121/><N who="0" m="31008" /><T43/><D43/><U47/><E70/><V35/><F35/><T123/><N who="0" m="31520" /><T113/><D66/><U89/><E89/><V68/><F65/><T62/><D61/><U80/><E80/><V104/><REACH who="2" step="1"/><F99/><AGARI ba="4,2" hai="54,58,62,90,92,99,112,113,115,116,118" m="31520,31008,49737" machi="99" ten="40,12000,2" yaku="11,1,19,1,52,4" doraHai="119" who="0" fromWho="2" sc="523,148,139,0,368,-128,0,0" /><INIT seed="4,0,0,2,2,104" ten="671,139,240,0" oya="0" hai0="83,90,135,63,95,94,111,84,110,117,109,45,86" hai1="120,100,105,2,131,96,40,91,121,38,115,47,107" hai2="52,39,78,68,130,34,42,0,93,51,71,35,1" hai3=""/><T66/><D117/><U81/><N who="1" m="30752" /><U89/><N who="1" m="31008" /><U132/><E131/><V98/><F130/><T80/><D135/><U103/><E132/><V114/><F114/><T102/><D45/><U72/><E2/><V67/><F78/><T125/><D125/><U62/><E115/><V65/><F1/><T76/><REACH who="0" step="1"/><D102/><REACH who="0" ten="661,139,240,0" step="2"/><U73/><E103/><V61/><F0/><T92/><D92/><U79/><E107/><V50/><F35/><T112/><D112/><U46/><E46/><V74/><F34/><T119/><D119/><U99/><E105/><V97/><F93/><T118/><D118/><U53/><E100/><V113/><F113/><T101/><D101/><U54/><E47/><V43/><F39/><T108/><N who="0" m="27648" /><DORA hai="32" /><T55/><D55/><U33/><E38/><V44/><F44/><T70/><AGARI ba="0,1" hai="63,66,70,76,80,83,84,86,90,94,95" m="27648" machi="70" ten="60,7800,0" yaku="1,1,0,1,10,1,53,0" doraHai="104,32" doraHaiUra="134,133" who="0" fromWho="0" sc="661,88,139,-39,240,-39,0,0" /><INIT seed="4,1,0,5,2,112" ten="749,100,201,0" oya="0" hai0="121,36,89,78,0,66,68,49,103,56,115,105,133" hai1="113,70,110,1,75,94,57,97,123,85,46,3,134" hai2="69,59,73,91,80,84,119,65,95,64,117,122,124" hai3=""/><T40/><N who="0" m="31008" /><T72/><D0/><U74/><N who="1" m="31520" /><U92/><E110/><V61/><N who="2" m="31264" /><V50/><F124/><T37/><D115/><U126/><E134/><V131/><F131/><T83/><D133/><U114/><E70/><V135/><F135/><T42/><D89/><U128/><E85/><V130/><F130/><T43/><D103/><U104/><E128/><V90/><F64/><T109/><D109/><U58/><E97/><V45/><F69/><T108/><D105/><U54/><E46/><V38/><F38/><T81/><D108/><U86/><E86/><V100/><F100/><T120/><N who="0" m="30752" /><T127/><D127/><U82/><E82/><V44/><F73/><T71/><D83/><U93/><E126/><V129/><F129/><T53/><REACH who="0" step="1"/><D71/><REACH who="0" ten="739,100,201,0" step="2"/><U111/><E94/><V62/><F90/><T51/><D51/><U87/><E111/><V76/><F50/><T99/><D99/><U107/><REACH who="1" step="1"/><E87/><REACH who="1" ten="739,90,201,0" step="2"/><V63/><F80/><T67/><D67/><U47/><E47/><N who="2" m="17995" /><F76/><T41/><N who="0" m="10240" /><DORA hai="32" /><T77/><D77/><U55/><AGARI ba="1,2" hai="1,3,54,55,57,58,74,75,92,93,104,107,113,114" m="31520" machi="55" ten="25,9000,2" yaku="1,1,0,1,22,2,52,3,53,0" doraHai="112,32" doraHaiUra="125,98" who="1" fromWho="1" sc="739,-61,90,112,201,-31,0,0" /><INIT seed="5,0,0,5,3,87" ten="678,202,170,0" oya="1" hai0="122,53,2,79,78,84,113,65,43,109,0,95,128" hai1="74,58,115,80,121,91,111,76,97,73,103,1,59" hai2="90,88,98,92,81,117,86,32,61,70,37,38,49" hai3=""/><U57/><N who="1" m="31008" /><U54/><E115/><V119/><F32/><T110/><N who="0" m="31264" /><T112/><D65/><U66/><E111/><N who="0" m="42505" /><D43/><U83/><E1/><N who="0" m="617" /><D128/><U41/><E41/><V124/><F124/><T102/><D53/><U99/><E66/><V63/><F49/><T71/><D71/><U33/><E33/><V52/><F70/><T39/><D39/><U62/><E99/><V75/><F75/><T93/><D102/><U126/><E126/><V50/><F37/><T77/><D84/><U64/><E54/><V48/><F38/><T44/><D44/><U3/><E3/><V56/><REACH who="2" step="1"/><F48/><REACH who="2" ten="678,202,160,0" step="2"/><T96/><D96/><U47/><E73/><V134/><F134/><T94/><AGARI ba="0,1" hai="77,78,79,93,94,95,112,113" m="617,42505,31264" machi="94" ten="40,3900,0" yaku="28,2,52,1" doraHai="87" who="0" fromWho="0" sc="678,49,202,-26,160,-13,0,0" /><INIT seed="6,0,0,1,5,50" ten="727,176,147,0" oya="2" hai0="51,104,84,68,41,128,129,61,105,112,72,69,114" hai1="106,83,92,109,38,55,95,71,62,130,42,47,124" hai2="88,82,49,102,34,35,110,59,99,53,131,54,74" hai3=""/><V37/><F37/><T93/><D72/><U125/><E109/><V58/><F110/><T44/><D84/><U57/><E106/><N who="0" m="41065" /><D93/><U86/><E130/><N who="0" m="50281" /><D61/><U78/><REACH who="1" step="1"/><E71/><AGARI ba="0,0" hai="41,44,51,68,69,71,112,114" m="50281,41065" machi="71" ten="40,1300,0" yaku="19,1" doraHai="50" who="0" fromWho="1" sc="727,13,176,-13,147,0,0,0" owari="740,69.0,163,-24.0,147,-45.0,0,0.0" /></mjloggm>