<mjloggm ver="2.3"><GO type="169" lobby="0"/><UN n0="%E5%8D%83%E7%BE%BD%E9%B4%89" n1="%E4%B8%83%E3%83%84%E6%98%9F%E3%83%9B%E3%82%AF%E3%82%B5%E3%82%A4" n2="%E3%81%B4%E3%82%8C" n3="%E7%89%8C%E6%B5%81%E5%AE%9A%E7%9F%B3%E6%9C%80%E9%AB%98" dan="17,17,16,16" rate="2207.30,2210.04,2070.03,2127.91" sx="F,M,M,M"/><TAIKYOKU oya="0"/><INIT seed="0,0,0,5,4,16" ten="250,250,250,250" oya="0" hai0="112,0,79,34,88,92,66,93,41,36,98,7,56" hai1="123,117,101,30,107,129,131,106,43,77,61,109,115" hai2="46,60,17,22,62,130,23,99,8,104,28,94,53" hai3="73,119,2,72,21,54,125,80,42,96,51,108,35"/><T128/><D112/><U69/><E123/><V122/><F122/><W127/><G119/><T26/><D128/><N who="1" m="49227" /><E117/><V105/><F130/><W5/><G35/><T97/><D79/><U15/><E109/><V67/><F60/><W76/><G108/><T58/><D66/><U133/><E133/><V134/><F134/><W89/><G42/><T14/><D0/><U25/><E115/><V18/><F8/><W33/><G33/><T116/><D116/><U110/><E110/><V85/><F85/><W65/><G65/><T29/><D7/><U68/><E43/><V12/><F28/><W27/><G73/><T81/><D81/><U87/><E61/><V1/><F1/><W24/><G24/><T132/><D14/><U13/><E13/><V114/><F53/><W83/><G5/><T55/><D55/><U126/><E15/><V44/><F105/><N who="1" m="39945" /><E101/><N who="2" m="60663" /><F104/><W82/><G2/><T47/><REACH who="0" step="1"/><D132/><REACH who="0" ten="240,250,250,250" step="2"/><U74/><E74/><V39/><F114/><W78/><G72/><T103/><AGARI ba="0,1" hai="26,29,34,36,41,47,56,58,88,92,93,97,98,103" machi="103" ten="20,18000,2" yaku="1,1,2,1,0,1,7,1,54,1,53,2" doraHai="16" doraHaiUra="91" who="0" fromWho="0" sc="240,190,250,-60,250,-60,250,-60" /><INIT seed="0,1,0,0,3,88" ten="430,190,190,190" oya="0" hai0="79,90,119,94,59,58,24,70,15,33,72,39,49" hai1="126,64,95,6,22,106,110,114,78,57,28,20,128" hai2="77,135,17,0,123,8,127,14,113,134,96,120,89" hai3="13,54,43,5,81,16,41,85,7,73,55,71,68"/><T30/><D39/><U69/><E106/><V116/><F77/><W26/><G73/><T46/><D70/><U48/><E110/><V91/><F91/><W66/><G66/><T31/><D31/><U109/><E109/><V11/><F89/><W86/><G26/><T9/><D119/><U125/><E69/><V53/><F96/><W19/><REACH who="3" step="1"/><G13/><REACH who="3" ten="430,190,190,180" step="2"/><T108/><D72/><U99/><E64/><V111/><F116/><W105/><G105/><T3/><D15/><U2/><E125/><V63/><F111/><W27/><G27/><T80/><D108/><U87/><E126/><V129/><F127/><W132/><G132/><T76/><D24/><U130/><E114/><V10/><F113/><W35/><G35/><T61/><D33/><U52/><E130/><V107/><F129/><W98/><G98/><T75/><D75/><U40/><E128/><V92/><F107/><W4/><G4/><T101/><D3/><U45/><E6/><N who="2" m="1095" /><F134/><W97/><G97/><T104/><D104/><U47/><E2/><V25/><F135/><W34/><G34/><T38/><D30/><U121/><E28/><V83/><F25/><W112/><G112/><T102/><D102/><U118/><E118/><V122/><F120/><W65/><G65/><T67/><D101/><N who="1" m="60671" /><E121/><V74/><F122/><W37/><G37/><T56/><D38/><U51/><E45/><V115/><F123/><W50/><G50/><T84/><D46/><U21/><E87/><V124/><F115/><W1/><G1/><T18/><D49/><U133/><E133/><V103/><F124/><W32/><G32/><RYUUKYOKU ba="1,1" sc="430,-15,190,15,190,-15,180,15" hai1="20,21,22,40,47,48,51,52,57,78" hai3="5,7,16,19,41,43,54,55,68,71,81,85,86" /><INIT seed="1,2,1,4,3,130" ten="415,205,175,195" oya="1" hai0="3,108,75,58,12,16,2,90,97,37,93,115,88" hai1="28,42,7,80,120,30,44,43,17,66,5,40,72" hai2="85,68,6,25,107,52,133,32,103,101,78,124,41" hai3="79,45,59,76,89,119,27,36,91,63,111,127,99"/><U135/><E120/><V81/><F124/><W26/><G127/><T112/><D108/><U129/><E129/><V100/><F68/><W84/><G111/><T20/><D37/><U51/><E66/><V49/><F41/><W8/><G119/><T39/><D39/><U122/><E122/><V13/><F133/><W19/><G45/><T67/><D75/><U34/><E44/><N who="2" m="27687" /><F107/><W54/><G36/><T73/><D73/><U15/><E51/><V60/><F32/><W134/><G134/><T10/><D90/><N who="3" m="34313" /><G99/><T64/><D64/><U14/><E135/><V104/><F104/><W62/><G62/><T105/><D105/><U123/><E123/><V55/><F25/><N who="3" m="9227" /><G84/><T71/><D71/><U118/><E118/><V18/><F6/><N who="1" m="2057" /><E34/><V77/><F77/><W95/><G95/><T23/><D112/><U24/><E72/><V106/><F106/><W9/><G19/><T47/><D115/><U70/><E70/><V50/><F60/><W116/><G116/><T87/><D87/><U0/><E0/><V31/><F31/><N who="1" m="11817" /><E80/><V83/><F81/><W98/><G98/><T69/><D69/><U109/><E109/><V21/><F103/><W48/><G48/><T125/><D125/><U117/><E117/><V46/><AGARI ba="2,1" hai="13,18,21,46,50,55,78,83,85,100,101" m="27687" machi="46" ten="30,2000,0" yaku="8,1,54,1" doraHai="130" who="2" fromWho="2" sc="415,-7,205,-12,175,36,195,-7" /><INIT seed="2,0,0,5,0,44" ten="408,193,211,188" oya="2" hai0="14,8,43,74,59,10,116,45,61,25,4,57,119" hai1="34,120,39,18,9,58,88,71,113,66,77,0,24" hai2="51,114,37,76,79,65,78,83,109,110,133,19,67" hai3="31,60,86,99,6,131,13,64,52,128,100,28,96"/><V41/><F37/><W33/><G86/><T81/><D25/><U54/><E113/><V112/><F19/><W15/><G64/><N who="2" m="24649" /><F133/><W73/><G73/><T17/><D61/><U36/><E120/><V95/><F95/><W80/><G80/><T124/><D124/><U22/><E77/><V2/><F2/><W123/><G123/><T27/><D27/><U46/><E34/><V91/><F91/><W7/><G60/><T12/><D81/><U97/><E66/><V90/><F90/><W101/><REACH who="3" step="1"/><G52/><REACH who="3" ten="408,193,211,178" step="2"/><T32/><D74/><U106/><E71/><V89/><F83/><W105/><G105/><T85/><D85/><U50/><E58/><V42/><F89/><W126/><G126/><T63/><D63/><U30/><E106/><V48/><F114/><W56/><G56/><T130/><D57/><U26/><E88/><V11/><F112/><W84/><G84/><T122/><D59/><U87/><E87/><V92/><F92/><W38/><G38/><T3/><D122/><U5/><E97/><V121/><F121/><W134/><G134/><T111/><D43/><N who="2" m="16394" /><F11/><W69/><G69/><T47/><D10/><U93/><E93/><V53/><F53/><W70/><G70/><T127/><D127/><U20/><AGARI ba="0,1" hai="0,5,9,18,20,22,24,26,30,36,39,46,50,54" machi="20" ten="20,2700,0" yaku="0,1,7,1,52,1" doraHai="44" who="1" fromWho="1" sc="408,-7,193,37,211,-13,178,-7" /><INIT seed="3,0,0,5,2,60" ten="401,230,198,171" oya="3" hai0="83,86,11,8,44,126,115,39,56,129,101,96,119" hai1="19,132,110,98,134,103,38,123,5,45,61,6,32" hai2="112,127,54,124,33,31,0,120,37,66,57,25,111" hai3="97,55,18,69,93,4,51,90,7,34,77,43,49"/><W23/><G34/><T104/><D119/><U63/><E123/><V29/><F112/><W59/><G69/><T106/><D106/><U70/><E32/><V113/><F113/><W135/><G135/><N who="1" m="51754" /><E110/><V130/><F111/><W100/><G77/><T26/><D129/><U122/><E122/><V72/><F130/><W133/><G133/><T65/><D126/><N who="2" m="48170" /><F120/><W12/><REACH who="3" step="1"/><G90/><REACH who="3" ten="401,230,198,161" step="2"/><T2/><D115/><U85/><E70/><V3/><F72/><W89/><G89/><T21/><D101/><U84/><E103/><V1/><F37/><W78/><G78/><T40/><D39/><U20/><E38/><V82/><F31/><W9/><G9/><T68/><D8/><U35/><E35/><V108/><F108/><W117/><G117/><T99/><D11/><U42/><E5/><V125/><F125/><W102/><G102/><T41/><D68/><U71/><E6/><V128/><F128/><W22/><G22/><T105/><D21/><U47/><E71/><V24/><F33/><W91/><G91/><T28/><D28/><U121/><E121/><V92/><F29/><W67/><G67/><T116/><D65/><U79/><E20/><V94/><F66/><W64/><G64/><T53/><D116/><U30/><E79/><V27/><F82/><W76/><G76/><T73/><D83/><U48/><E30/><V36/><F36/><W17/><G17/><T16/><D16/><U88/><E19/><V114/><F114/><W13/><G13/><T131/><D131/><U46/><E88/><V50/><AGARI ba="0,1" hai="0,1,3,24,25,27,50,54,57,92,94" m="48170" machi="50" ten="40,1500,0" yaku="18,1" doraHai="60" who="2" fromWho="2" sc="401,-4,230,-4,198,25,161,-7" /><INIT seed="4,0,0,4,5,130" ten="397,226,223,154" oya="0" hai0="105,50,62,26,25,107,0,89,90,49,126,65,99" hai1="108,96,2,4,123,125,124,54,18,30,93,111,112" hai2="78,114,98,119,85,36,103,28,12,72,69,134,52" hai3="110,44,58,9,71,128,131,66,120,113,46,73,53"/><T35/><D0/><U75/><E123/><V94/><F69/><W29/><G73/><T135/><D126/><U79/><E30/><V82/><F36/><W121/><G29/><T7/><D7/><U23/><E112/><V22/><F114/><W15/><G15/><T24/><D35/><U3/><E54/><V77/><F119/><W31/><G31/><T129/><D129/><N who="3" m="49737" /><G9/><T51/><D135/><U88/><E79/><V70/><F70/><W43/><G110/><T1/><D1/><U41/><E75/><V117/><F117/><W87/><G87/><T83/><D83/><U37/><E2/><V81/><F134/><W76/><G76/><T116/><D116/><U48/><E37/><V67/><F67/><W45/><G43/><T55/><D55/><U56/><E4/><V5/><F5/><W127/><G127/><N who="1" m="48714" /><E3/><V102/><F52/><W64/><G71/><T8/><D8/><U106/><E106/><V39/><F39/><W61/><G113/><T19/><D19/><U21/><E56/><V80/><F80/><W33/><G33/><T47/><D47/><N who="1" m="25711" /><E21/><V115/><F115/><W91/><G91/><T100/><D90/><U34/><E34/><V84/><F72/><W95/><G95/><T6/><D89/><U57/><E57/><V133/><F133/><W11/><G11/><T14/><D105/><U118/><E118/><V10/><F10/><W97/><G97/><T104/><D104/><U60/><E60/><V13/><F102/><W132/><G132/><T74/><D74/><U20/><E20/><V40/><F40/><W17/><G17/><RYUUKYOKU ba="0,0" sc="397,-30,226,10,223,10,154,10" hai1="18,23,88,93,96,108,111" hai2="12,13,22,28,77,78,81,82,84,85,94,98,103" hai3="44,45,46,53,58,61,64,66,120,121" /><INIT seed="5,1,0,1,0,26" ten="367,236,233,164" oya="1" hai0="105,121,12,120,103,29,21,113,4,132,91,99,8" hai1="88,13,31,97,101,130,81,20,93,72,16,15,35" hai2="111,51,52,59,124,78,43,64,110,5,34,57,107" hai3="58,87,96,28,89,30,44,135,83,79,108,19,125"/><U68/><E130/><V66/><F107/><W134/><G108/><T71/><D71/><U11/><E68/><V42/><F34/><W131/><G125/><T25/><D113/><U123/><E123/><N who="0" m="47177" /><D91/><U82/><E72/><V2/><F2/><W73/><G131/><T86/><D86/><U127/><E127/><V9/><F78/><W50/><G19/><T54/><D54/><U75/><E75/><V23/><F23/><W0/><G0/><T62/><D62/><U69/><E69/><V118/><F9/><W109/><G58/><T53/><D53/><U38/><E38/><V80/><F80/><N who="1" m="30825" /><E35/><V70/><F5/><W74/><G96/><T61/><D61/><U90/><E31/><N who="3" m="11818" /><G79/><T95/><D132/><N who="3" m="50729" /><G109/><T45/><D45/><U84/><E84/><V94/><F70/><W18/><G18/><AGARI ba="1,0" hai="11,13,15,16,18,20,88,90,93,97,101" m="30825" machi="18" ten="30,5800,0" yaku="8,1,54,2" doraHai="26" who="1" fromWho="3" sc="367,0,236,61,233,0,164,-61" /><INIT seed="5,2,0,4,1,69" ten="367,297,233,103" oya="1" hai0="128,117,22,75,51,120,14,98,80,133,121,38,122" hai1="17,29,81,31,123,102,71,119,8,90,129,48,86" hai2="78,21,82,28,57,112,59,35,25,33,50,88,53" hai3="104,18,2,20,27,41,114,109,10,24,105,103,1"/><U132/><E123/><V135/><F135/><W11/><G103/><T58/><D133/><U99/><E132/><V67/><F112/><W106/><G114/><T3/><D3/><U6/><E119/><V79/><F33/><W130/><G109/><T62/><D117/><U72/><E71/><V16/><F67/><W23/><G41/><T5/><D128/><U61/><E129/><V127/><F127/><W87/><G87/><T113/><D113/><U19/><E72/><V30/><F59/><W134/><G134/><T73/><D38/><U77/><E61/><V47/><F57/><W76/><G130/><T32/><D32/><U108/><E108/><V89/><F79/><W85/><G85/><T45/><D98/><U13/><E90/><N who="2" m="34923" /><F35/><W55/><G76/><T91/><D91/><U36/><E36/><V84/><AGARI ba="2,0" hai="16,21,25,28,30,47,50,53,78,82,84" m="34923" machi="84" ten="30,4000,0" yaku="8,1,54,2" doraHai="69" who="2" fromWho="2" sc="367,-12,297,-22,233,46,103,-12" /><INIT seed="6,0,0,0,0,61" ten="355,275,279,91" oya="2" hai0="60,96,71,4,104,54,121,113,102,25,1,67,89" hai1="120,83,23,135,34,43,100,70,125,114,97,30,132" hai2="52,94,7,69,106,39,9,2,21,109,117,3,115" hai3="111,119,65,22,29,63,95,0,53,11,105,47,124"/><V45/><F117/><W18/><G119/><T118/><D121/><U87/><E114/><V27/><F106/><W81/><G111/><T50/><D113/><U51/><E125/><V123/><F123/><W35/><G124/><T72/><D72/><U42/><E120/><V79/><F115/><W10/><G105/><T98/><D4/><U76/><E34/><V38/><F69/><W20/><G95/><T101/><D1/><U17/><E30/><V122/><F122/><W127/><G127/><T8/><D8/><U68/><E51/><V41/><F3/><W85/><G35/><T15/><D15/><U26/><E70/><V58/><F109/><W56/><G29/><T90/><D25/><U49/><E68/><V66/><F94/><W13/><G11/><T126/><D126/><U28/><E28/><V75/><F66/><W103/><G103/><T24/><D24/><U48/><E43/><V88/><F88/><N who="3" m="51247" /><G0/><T86/><D118/><U116/><E42/><V112/><F112/><W55/><G55/><T37/><D37/><U12/><E116/><V129/><F129/><W134/><G134/><N who="1" m="51242" /><E26/><V92/><F92/><AGARI ba="0,0" hai="12,17,23,48,49,76,83,87,92,97,100" m="51242" machi="92" ten="30,1000,0" yaku="20,1" doraHai="61" who="1" fromWho="2" sc="355,0,275,10,279,-10,91,0" /><INIT seed="7,0,0,5,0,129" ten="355,285,269,91" oya="3" hai0="9,114,52,118,38,68,64,46,127,4,123,44,26" hai1="98,99,90,131,102,124,62,6,23,108,111,33,35" hai2="101,72,95,130,87,73,76,74,67,3,119,106,5" hai3="96,2,93,103,0,109,29,36,126,31,39,15,16"/><W34/><G126/><T83/><D123/><U59/><E6/><V57/><F119/><W82/><G109/><T8/><D118/><U132/><E131/><V17/><F17/><W58/><G82/><T40/><D114/><U125/><E59/><V42/><F42/><W11/><G58/><T69/><D64/><U85/><E85/><V25/><F25/><W53/><G53/><T81/><D26/><U105/><E102/><V63/><F130/><W97/><G97/><T117/><D117/><U27/><E27/><V135/><F5/><W94/><G94/><T86/><D9/><U70/><E90/><V14/><F14/><W79/><G79/><T45/><D83/><U43/><E43/><V54/><F3/><W56/><G56/><T37/><D45/><U7/><E23/><V134/><F106/><W32/><G31/><T65/><D65/><U24/><E24/><V66/><F76/><W115/><G115/><T20/><D20/><U50/><E7/><V77/><F77/><W88/><G103/><T110/><D127/><U92/><E92/><V84/><F67/><W30/><G30/><T12/><D110/><U78/><E78/><V51/><F84/><W13/><G13/><T28/><D28/><U1/><E1/><N who="3" m="618" /><G29/><T19/><D19/><U107/><E50/><V112/><F112/><W75/><G75/><T113/><D113/><U128/><E128/><V60/><F60/><W122/><G122/><T18/><D18/><U71/><E62/><V80/><F80/><W21/><G21/><T116/><D116/><U133/><AGARI ba="0,0" hai="33,35,70,71,98,99,105,107,108,111,124,125,132,133" machi="133" ten="25,8000,1" yaku="0,1,22,2,52,2" doraHai="129" who="1" fromWho="1" sc="355,-20,285,80,269,-20,91,-40" owari="335,14.0,365,46.0,249,-15.0,51,-45.0" /></mjloggm>