<mjloggm ver="2.3"><GO type="169" lobby="0"/><UN n0="%E3%81%84%E3%81%84%E3%81%9E" n1="%E3%81%9F%E3%82%93%E3%82%86%E3%81%86" n2="%E3%83%94%E3%83%B3%E3%83%9D%E3%83%B3%E3%83%91%E3%83%BC%E3%83%AB" n3="%E3%81%A6%E3%82%93%E3%81%BD%E3%81%84%E3%82%93%E3%81%A8" dan="16,16,16,17" rate="2137.57,2135.96,2074.77,2201.70" sx="M,F,F,F"/><TAIKYOKU oya="0"/><INIT seed="0,0,0,2,5,82" ten="250,250,250,250" oya="0" hai0="86,38,111,119,132,87,53,99,56,124,76,65,33" hai1="15,3,45,8,122,89,34,32,118,63,40,84,36" hai2="90,16,42,79,57,54,14,100,116,44,117,110,71" hai3="47,73,31,80,133,69,59,60,26,23,103,5,50"/><T28/><D119/><N who="2" m="45642" /><F71/><W48/><G133/><T78/><D132/><U109/><E118/><V72/><F100/><W91/><G69/><T2/><D2/><U134/><E3/><V6/><F6/><W120/><G120/><T10/><D38/><U17/><E122/><V9/><F110/><W121/><G73/><T101/><D111/><U123/><E123/><V61/><F90/><W66/><G121/><T64/><D10/><U30/><E109/><V88/><F88/><W67/><G67/><N who="0" m="25675" /><D28/><U11/><E134/><V41/><F44/><W125/><G125/><T77/><D33/><U95/><E63/><V129/><F129/><W29/><G29/><T115/><D115/><U13/><REACH who="1" step="1"/><E30/><REACH who="1" ten="250,240,250,250" step="2"/><V98/><F61/><W39/><G31/><T130/><D124/><U102/><E102/><V94/><F72/><W25/><G103/><T27/><D130/><U43/><E43/><V70/><F42/><W19/><G60/><N who="0" m="35855" /><D27/><U127/><E127/><V7/><F41/><W21/><G26/><T106/><D106/><U0/><E0/><V107/><F107/><W92/><G25/><T20/><D20/><U18/><AGARI ba="0,1" hai="8,11,13,15,17,18,32,34,36,40,45,84,89,95" machi="18" ten="20,8000,1" yaku="1,1,0,1,7,1,9,1,52,1,53,0" doraHai="82" doraHaiUra="93" who="1" fromWho="1" sc="250,-40,240,90,250,-20,250,-20" /><INIT seed="1,0,0,2,0,27" ten="210,330,230,230" oya="1" hai0="89,113,28,62,99,120,11,93,43,133,19,117,128" hai1="44,115,16,74,91,96,15,37,8,118,90,106,0" hai2="65,130,46,13,80,34,85,59,98,18,121,17,102" hai3="57,29,135,126,39,92,78,2,114,69,1,54,45"/><U81/><E115/><V79/><F130/><W112/><G78/><T67/><D113/><U76/><E118/><V70/><F121/><W82/><G82/><T35/><D117/><U95/><E0/><V50/><F70/><W52/><G92/><T56/><D128/><U122/><E122/><V127/><F34/><W21/><G112/><T26/><D120/><U53/><E106/><V38/><F38/><W33/><G33/><T66/><D43/><U55/><REACH who="1" step="1"/><E91/><REACH who="1" ten="210,320,230,230" step="2"/><V48/><F127/><W101/><G1/><T24/><D133/><U87/><E87/><V4/><F85/><W42/><G2/><T110/><D110/><U84/><E84/><V107/><F107/><W73/><G126/><T6/><D89/><U103/><E103/><V71/><F102/><W9/><G101/><T58/><D99/><U124/><E124/><V36/><F98/><W20/><G135/><T131/><D131/><U83/><E83/><V61/><F80/><W32/><G114/><T22/><D93/><U104/><E104/><V68/><F79/><W51/><G73/><T134/><D134/><U108/><E108/><V123/><F123/><W10/><G69/><T125/><D125/><U49/><E49/><V105/><F105/><W40/><G51/><T7/><D11/><U64/><E64/><V97/><F65/><W14/><G39/><T5/><REACH who="0" step="1"/><D67/><REACH who="0" ten="200,320,230,230" step="2"/><U88/><E88/><V86/><F97/><W23/><G9/><T100/><D100/><U12/><E12/><V31/><F13/><W129/><G14/><T30/><D30/><U109/><E109/><V60/><F31/><RYUUKYOKU ba="0,2" sc="200,15,320,15,230,-15,230,-15" hai0="5,6,7,19,22,24,26,28,35,56,58,62,66" hai1="8,15,16,37,44,53,55,74,76,81,90,95,96" /><INIT seed="1,1,2,1,0,104" ten="215,335,215,215" oya="1" hai0="101,62,10,120,36,39,8,74,70,111,82,50,109" hai1="1,25,121,83,126,40,29,77,45,75,112,124,64" hai2="37,49,129,41,93,56,24,131,21,16,73,135,119" hai3="46,13,72,30,128,86,44,48,26,99,31,71,133"/><U102/><E121/><V118/><F37/><W97/><G71/><T66/><D120/><U105/><E112/><V57/><F135/><W18/><G128/><N who="2" m="49225" /><F93/><W53/><G72/><T110/><D101/><U94/><E64/><V80/><F41/><W88/><G46/><T96/><D96/><N who="3" m="36937" /><G26/><T54/><D39/><N who="1" m="21663" /><E94/><V76/><F49/><W19/><G133/><T134/><D36/><U81/><E102/><V22/><F22/><N who="3" m="11599" /><G19/><T85/><D134/><U17/><E17/><V28/><F28/><W0/><G0/><T69/><D69/><U51/><E51/><V87/><F87/><W89/><G89/><T116/><D116/><AGARI ba="1,2" hai="16,21,24,56,57,73,76,80,116,118,119" m="49225" machi="116" ten="30,3900,0" yaku="19,1,52,1,54,1" doraHai="104" who="2" fromWho="0" sc="215,-42,335,0,215,62,215,0" /><INIT seed="2,0,0,0,4,44" ten="173,335,277,215" oya="2" hai0="122,55,85,117,62,135,15,8,116,74,68,125,94" hai1="108,86,97,107,18,17,63,54,12,120,121,113,32" hai2="128,16,130,60,96,70,49,51,132,95,7,88,11" hai3="131,87,36,111,77,40,57,112,23,28,6,80,38"/><V98/><F132/><W72/><G111/><T3/><D135/><U65/><E32/><V56/><F70/><W119/><G119/><N who="0" m="45643" /><D74/><U14/><E108/><V29/><F29/><W25/><G131/><N who="2" m="50217" /><F98/><W4/><G112/><T93/><D3/><U47/><E113/><V19/><F19/><W26/><G72/><T118/><D125/><U67/><E86/><V52/><F16/><N who="1" m="6249" /><E97/><V69/><F69/><W64/><G28/><T9/><D122/><N who="1" m="47211" /><E107/><V91/><F91/><W102/><G87/><T71/><D9/><U124/><E124/><V103/><F103/><W83/><G102/><T41/><D8/><U114/><E114/><V133/><F133/><W37/><G25/><T53/><D85/><U43/><E14/><AGARI ba="0,0" hai="7,11,14,49,51,52,56,60,88,95,96" m="50217" machi="14" ten="30,12000,1" yaku="19,1,52,2,54,2" doraHai="44" who="2" fromWho="1" sc="173,0,335,-120,277,120,215,0" /><INIT seed="2,1,0,2,1,37" ten="173,215,397,215" oya="2" hai0="113,9,16,88,45,63,117,24,79,74,61,10,2" hai1="106,62,132,59,105,124,97,133,53,126,66,28,38" hai2="77,120,36,52,20,122,135,17,31,21,60,110,78" hai3="128,99,4,12,80,125,69,15,129,7,6,71,43"/><V76/><F36/><W35/><G80/><T3/><D113/><U85/><E28/><V55/><F31/><W103/><G99/><T115/><D115/><U51/><E85/><V92/><F92/><W131/><G103/><T70/><D117/><U57/><E97/><V100/><F100/><W64/><G64/><T75/><D45/><U87/><E87/><V116/><F116/><W39/><G35/><T8/><D70/><N who="3" m="26633" /><G125/><N who="1" m="48234" /><E106/><V58/><F135/><N who="1" m="51785" /><E105/><V5/><F5/><W49/><G49/><T44/><D3/><U72/><E72/><V48/><F110/><W102/><G102/><T73/><D2/><U11/><E11/><V94/><F94/><W104/><G104/><T65/><D79/><U23/><E23/><V30/><F30/><W50/><G50/><T123/><D9/><U83/><E83/><V27/><REACH who="2" step="1"/><F21/><REACH who="2" ten="173,215,387,215" step="2"/><W46/><AGARI ba="1,1" hai="4,6,7,12,15,39,43,46,128,129,131" m="26633" machi="46" ten="40,2700,0" yaku="19,1,52,1" doraHai="37" who="3" fromWho="3" sc="173,-8,215,-8,387,-14,215,40" /><INIT seed="3,0,0,4,1,82" ten="165,207,373,255" oya="3" hai0="108,54,115,80,28,49,102,36,131,50,132,58,100" hai1="5,93,1,26,116,27,109,74,48,42,56,55,9" hai2="117,12,53,120,24,47,37,75,92,34,110,31,6" hai3="41,33,64,129,44,39,29,134,67,68,46,51,126"/><W81/><G33/><T63/><D108/><U89/><E109/><V105/><F110/><W35/><G35/><T69/><D36/><U77/><E116/><V83/><F105/><W61/><G29/><T43/><D132/><U8/><E8/><V127/><F117/><W2/><G2/><T32/><D131/><U17/><E77/><V128/><F128/><W112/><G129/><T40/><D28/><U107/><E107/><V10/><F127/><W30/><G30/><T59/><D32/><U23/><E42/><N who="0" m="15913" /><D69/><U135/><E74/><V65/><F37/><W101/><G134/><T91/><D115/><U88/><E89/><V84/><F75/><W114/><G126/><T66/><D49/><U104/><E104/><V57/><F65/><W4/><G39/><T94/><D80/><U118/><E118/><V113/><F47/><W25/><G81/><T0/><D0/><U121/><E135/><V60/><F92/><W62/><G41/><T21/><D21/><U76/><E76/><V98/><F113/><W18/><G112/><T122/><D122/><U11/><E11/><V7/><F120/><W45/><G68/><T106/><D106/><U87/><E121/><V71/><F71/><W103/><G114/><T72/><D72/><U123/><E123/><V130/><F130/><W19/><G51/><T20/><D20/><U15/><AGARI ba="0,0" hai="1,5,9,15,17,23,26,27,48,55,56,87,88,93" machi="15" ten="20,12000,2" yaku="0,1,7,1,25,2,52,1,54,1" doraHai="82" who="1" fromWho="1" sc="165,-30,207,120,373,-30,255,-60" /><INIT seed="4,0,0,4,3,39" ten="135,327,343,195" oya="0" hai0="92,85,112,37,59,72,60,99,19,128,104,121,89" hai1="20,66,134,101,123,78,28,79,53,62,131,34,90" hai2="109,18,38,17,97,7,129,71,15,27,103,91,9" hai3="74,68,70,52,35,80,84,22,108,105,13,119,47"/><T32/><D121/><U6/><E123/><V88/><F71/><W12/><G108/><T23/><D112/><U133/><E34/><V87/><F109/><W111/><G35/><T67/><D128/><U107/><E131/><V64/><F129/><W125/><G74/><T26/><D72/><U36/><E53/><V110/><F110/><W21/><G105/><T54/><D37/><U11/><E90/><V57/><F38/><W48/><G119/><T42/><D32/><U117/><E117/><V63/><F27/><W135/><G135/><N who="1" m="51722" /><E36/><V24/><F24/><W46/><G125/><T124/><D124/><U43/><E43/><V40/><F40/><W114/><G114/><T4/><D4/><U86/><E86/><V93/><REACH who="2" step="1"/><F91/><REACH who="2" ten="135,327,333,195" step="2"/><W132/><G111/><T102/><REACH who="0" step="1"/><D42/><REACH who="0" ten="125,327,333,195" step="2"/><U33/><E33/><V51/><F51/><W113/><G48/><T3/><D3/><U49/><E49/><V41/><F41/><W100/><G113/><T98/><D98/><U77/><E62/><V55/><F55/><AGARI ba="0,2" hai="19,23,26,54,55,59,60,67,85,89,92,99,102,104" machi="55" ten="40,2000,0" yaku="1,1,53,0" doraHai="39" doraHaiUra="116" who="0" fromWho="2" sc="125,40,327,0,333,-20,195,0" /><INIT seed="4,1,0,1,2,83" ten="165,327,313,195" oya="0" hai0="44,52,75,121,111,23,125,0,123,36,109,91,39" hai1="113,119,69,5,51,103,82,65,118,11,40,85,129" hai2="7,12,29,6,27,93,24,43,108,49,112,104,70" hai3="100,9,90,130,46,63,58,41,4,13,57,10,110"/><T21/><D0/><U66/><E103/><V60/><F104/><W135/><G130/><T54/><D75/><U48/><E129/><V35/><F112/><W76/><G110/><N who="0" m="41995" /><D91/><U19/><E19/><V30/><F108/><W97/><G135/><T33/><D33/><U106/><E106/><V86/><F12/><W114/><G114/><T42/><D125/><U116/><E113/><V78/><F70/><W120/><G120/><N who="0" m="46155" /><D36/><U89/><E69/><V8/><F8/><W107/><G76/><T128/><D128/><U92/><E11/><V2/><F2/><W1/><G90/><T32/><D32/><U45/><E5/><V61/><F6/><W67/><G10/><T55/><AGARI ba="1,0" hai="21,23,39,42,44,52,54,55" m="46155,41995" machi="55" ten="40,3900,0" yaku="10,1,54,1" doraHai="83" who="0" fromWho="0" sc="165,42,327,-14,313,-14,195,-14" /><INIT seed="4,2,0,0,5,36" ten="207,313,299,181" oya="0" hai0="127,135,59,49,113,47,100,110,129,119,132,88,53" hai1="106,15,134,2,25,11,104,40,117,131,30,133,5" hai2="109,41,4,75,128,103,107,77,118,69,99,52,123" hai3="60,122,50,6,97,27,68,38,94,95,79,7,22"/><T114/><D119/><U56/><E117/><V42/><F118/><W37/><G37/><T34/><D34/><U46/><E56/><V19/><F69/><W93/><G38/><T29/><D29/><U83/><E2/><V72/><F123/><W101/><G68/><T12/><D100/><U81/><E131/><V87/><F109/><W105/><G122/><T82/><D110/><U9/><E9/><V44/><F4/><W63/><G79/><T111/><D111/><U84/><E106/><V130/><F19/><W14/><G50/><T58/><D129/><N who="2" m="49770" /><F87/><W73/><G73/><N who="2" m="28233" /><F77/><W62/><REACH who="3" step="1"/><G14/><REACH who="3" ten="207,313,299,171" step="2"/><T120/><D12/><U54/><E15/><V1/><F1/><W55/><G55/><T51/><D120/><U61/><E54/><V86/><F86/><W23/><G23/><T35/><D35/><U92/><E84/><V96/><F96/><W90/><G90/><T48/><D88/><U57/><E11/><V13/><F13/><W8/><G8/><T33/><D33/><U16/><E5/><V102/><F102/><W121/><G121/><T80/><D53/><U67/><E67/><V124/><F124/><W125/><G125/><T98/><D127/><U24/><E30/><AGARI ba="2,1" hai="6,7,22,27,30,60,62,63,93,94,95,97,101,105" machi="30" ten="40,1300,0" yaku="1,1,53,0" doraHai="36" doraHaiUra="85" who="3" fromWho="1" sc="207,0,313,-19,299,0,171,29" /><INIT seed="5,0,0,0,4,43" ten="207,294,299,200" oya="1" hai0="1,129,4,133,34,58,28,55,126,73,72,41,101" hai1="128,109,23,59,98,96,77,103,22,36,7,110,99" hai2="19,116,89,91,83,49,70,124,134,112,62,38,64" hai3="18,0,61,67,48,111,60,74,125,52,78,121,79"/><U68/><E68/><V132/><F38/><W45/><G121/><T54/><D133/><N who="2" m="51306" /><F116/><W9/><G111/><N who="1" m="42506" /><E103/><V5/><F124/><W29/><G125/><T69/><D69/><U25/><E128/><V66/><F5/><W127/><G127/><T46/><D126/><U75/><E7/><V65/><F112/><W113/><G113/><T114/><D101/><U80/><E36/><V27/><F49/><N who="3" m="28719" /><G74/><T115/><D28/><U53/><E25/><V50/><F50/><AGARI ba="0,0" hai="22,23,50,53,59,75,77,80,96,98,99" m="42506" machi="50" ten="30,1500,0" yaku="10,1" doraHai="43" who="1" fromWho="2" sc="207,0,294,15,299,-15,200,0" /><INIT seed="5,1,0,4,4,30" ten="207,309,284,200" oya="1" hai0="113,79,112,109,71,97,108,95,19,17,68,114,3" hai1="96,124,84,45,70,40,80,82,98,107,37,41,128" hai2="31,48,73,125,51,44,129,101,7,90,117,118,126" hai3="100,67,14,11,0,20,69,85,130,27,8,102,18"/><U24/><E70/><N who="0" m="26665" /><D79/><U34/><E124/><N who="2" m="47723" /><F7/><W74/><G74/><T106/><D106/><U86/><E41/><N who="2" m="24591" /><F73/><W22/><G130/><T104/><D104/><U81/><E128/><V36/><F101/><W16/><G85/><T52/><D52/><U47/><E47/><V63/><F31/><W29/><G0/><T127/><D3/><U91/><E107/><V132/><F90/><W38/><G38/><T116/><D116/><N who="2" m="44650" /><F129/><W134/><G134/><T56/><D127/><U39/><E39/><V105/><F105/><W77/><G77/><T5/><D5/><U6/><E6/><V35/><F36/><W93/><G93/><T2/><D2/><U60/><E81/><V92/><F92/><W78/><G78/><T87/><D87/><U4/><E4/><V61/><F132/><W76/><G76/><T65/><D19/><U25/><E84/><V83/><F83/><W110/><G100/><N who="0" m="60479" /><D17/><U15/><E82/><V59/><F35/><W10/><G102/><T133/><D133/><U49/><E37/><V26/><F26/><W115/><G18/><T120/><D114/><U135/><E24/><V42/><F42/><W53/><G115/><T119/><D119/><U103/><E135/><V57/><F57/><W43/><G43/><T50/><D56/><U46/><E86/><V99/><F99/><W123/><G16/><T111/><D113/><U13/><E96/><V75/><F75/><W33/><G11/><T64/><D112/><U66/><E98/><V23/><F23/><W1/><G8/><T89/><D89/><U32/><E80/><V21/><F21/><RYUUKYOKU ba="1,0" sc="207,-10,309,-10,284,30,200,-10" hai2="51,59,61,63" /><INIT seed="6,2,0,2,1,1" ten="197,299,314,190" oya="2" hai0="54,4,107,127,115,10,85,134,116,97,40,74,113" hai1="66,45,64,98,34,29,82,37,78,50,15,35,135" hai2="104,111,72,122,33,51,62,120,80,95,109,52,103" hai3="39,73,94,133,49,7,102,30,21,92,123,93,28"/><V19/><F33/><W12/><G123/><N who="2" m="47145" /><F19/><W132/><G39/><T22/><D74/><U60/><E37/><V57/><F104/><W75/><G49/><T112/><D134/><N who="3" m="51817" /><G21/><T26/><D116/><U86/><E135/><V65/><F72/><N who="3" m="27723" /><G102/><N who="0" m="62927" /><D40/><U0/><E0/><V99/><F80/><W106/><G106/><T83/><D54/><U25/><E98/><V61/><F95/><N who="3" m="24323" /><W71/><DORA hai="118" /><G71/><T24/><D127/><U58/><E35/><V13/><F99/><W126/><G126/><T67/><D22/><U18/><E50/><V20/><F20/><W128/><G128/><T46/><D46/><U88/><E45/><N who="2" m="27759" /><F103/><W131/><G131/><T53/><D112/><U124/><E124/><V59/><F13/><W55/><G55/><AGARI ba="2,0" hai="55,57,59,61,62,65,109,111" m="27759,47145" machi="55" ten="30,18000,2" yaku="34,2,52,3,54,1" doraHai="1,118" who="2" fromWho="3" sc="197,0,299,0,314,186,190,-186" /><INIT seed="6,3,0,3,5,114" ten="197,299,500,4" oya="2" hai0="127,21,54,85,109,117,36,45,47,8,90,30,100" hai1="113,75,125,43,82,72,91,111,11,132,76,121,66" hai2="33,131,60,92,1,87,12,95,97,63,35,124,59" hai3="64,17,96,37,5,15,6,44,26,73,23,103,129"/><V102/><F1/><W120/><G120/><T51/><D109/><U93/><E111/><V41/><F131/><W105/><G73/><T110/><D110/><U50/><E75/><V135/><F135/><W62/><G129/><T53/><D127/><U80/><E80/><V16/><F124/><W56/><G37/><T68/><D68/><U20/><E125/><V9/><F41/><W116/><G116/><T99/><D8/><U119/><E66/><V10/><F10/><W128/><G128/><T14/><D117/><U112/><E20/><V79/><F60/><W88/><G44/><T49/><D36/><U55/><E43/><V70/><F70/><W52/><G64/><T2/><D2/><U40/><E40/><V106/><F106/><W133/><G133/><T27/><D14/><U123/><E11/><V130/><F130/><W86/><G26/><T67/><D67/><U71/><E71/><V108/><F108/><W19/><G19/><T18/><D18/><U29/><E29/><V3/><F3/><W46/><G46/><T69/><D69/><U115/><E132/><V31/><F31/><W74/><G74/><T122/><D122/><U22/><E22/><V83/><F95/><AGARI ba="3,0" hai="5,6,15,17,23,52,56,62,86,88,95,96,103,105" machi="95" ten="30,3900,0" yaku="7,1,54,2" doraHai="114" who="3" fromWho="2" sc="197,0,299,0,500,-48,4,48" /><INIT seed="7,0,0,0,1,40" ten="197,299,452,52" oya="3" hai0="55,131,61,38,92,58,118,34,56,86,33,124,78" hai1="96,14,75,117,74,68,30,48,99,28,82,90,119" hai2="73,4,16,53,41,6,25,130,23,94,66,3,67" hai3="84,126,85,51,47,125,91,63,95,132,107,81,104"/><W43/><G132/><T62/><D118/><N who="1" m="45067" /><E68/><V9/><F130/><W1/><G1/><T106/><D38/><U110/><E110/><V88/><F73/><N who="1" m="27657" /><E14/><V121/><F121/><W71/><G63/><T5/><D106/><U37/><E37/><V44/><F53/><W18/><G18/><T19/><D19/><U45/><E82/><V29/><F6/><W32/><G32/><T49/><D49/><U12/><E12/><V60/><F60/><W26/><G26/><T42/><D78/><U70/><E70/><V120/><F120/><W133/><G71/><T87/><D56/><U105/><E90/><V79/><F79/><W128/><G133/><T97/><D97/><N who="1" m="37451" /><E105/><V134/><F134/><W27/><G27/><T35/><D34/><U15/><E15/><V127/><F29/><W122/><G122/><T50/><D42/><AGARI ba="0,0" hai="28,30,42,45,48" m="37451,27657,45067" machi="42" ten="30,2000,0" yaku="12,1,52,1" doraHai="40" who="1" fromWho="0" sc="197,-20,299,20,452,0,52,0" owari="177,-22.0,319,12.0,452,55.0,52,-45.0" /></mjloggm>