<mjloggm ver="2.3"><GO type="169" lobby="0"/><UN n0="%E8%87%AA%E6%83%9A%E3%82%8C%E3%83%AA%E3%83%BC%E3%83%81" n1="%70%6D%6A%70%6D%70%61" n2="%E5%AE%9F%E5%AD%98" n3="%E3%83%8F%E3%82%B9%E5%A4%AA" dan="16,16,17,16" rate="2097.54,2050.88,2139.97,2121.32" sx="M,M,M,M"/><TAIKYOKU oya="0"/><INIT seed="0,0,0,5,4,66" ten="250,250,250,250" oya="0" hai0="98,13,64,103,94,63,106,122,61,109,51,17,82" hai1="113,16,99,10,128,95,78,23,132,58,129,84,65" hai2="69,100,27,44,104,9,87,90,21,102,54,52,31" hai3="19,91,32,131,70,48,43,24,56,108,29,20,101"/><T34/><D122/><U123/><E123/><V96/><F100/><W33/><G108/><T28/><D109/><U45/><E132/><V76/><F76/><W11/><G131/><N who="1" m="50250" /><E45/><V36/><F69/><W125/><G125/><T7/><D7/><U42/><E42/><V105/><F105/><W14/><G101/><T127/><D127/><U47/><E47/><V85/><F85/><W88/><G70/><T53/><D82/><N who="1" m="47191" /><E10/><V92/><REACH who="2" step="1"/><F9/><REACH who="2" ten="250,250,240,250" step="2"/><W110/><G110/><T60/><D106/><U75/><E75/><V67/><F67/><W3/><G91/><T86/><D86/><U121/><E121/><V5/><F5/><W111/><G111/><T134/><D134/><U117/><E65/><V126/><F126/><W57/><G88/><T6/><D6/><U114/><E99/><V26/><F26/><W4/><G32/><T119/><D64/><U71/><E71/><V115/><F115/><W73/><G73/><T49/><D119/><U80/><E117/><V0/><F0/><W74/><G74/><T1/><D1/><U38/><E113/><V130/><F130/><W41/><REACH who="3" step="1"/><G57/><REACH who="3" ten="250,250,240,240" step="2"/><T37/><D34/><U25/><E58/><V39/><F39/><W79/><G79/><T89/><D37/><U18/><E38/><V2/><F2/><W135/><G135/><T46/><D89/><U93/><E114/><V62/><F62/><W59/><G59/><T133/><D133/><U107/><E107/><V15/><F15/><W72/><G72/><T35/><D51/><U118/><E118/><V68/><F68/><W77/><G77/><T81/><D49/><RYUUKYOKU ba="0,2" sc="250,-15,250,-15,240,15,240,15" hai2="21,27,31,36,44,52,54,87,90,92,96,102,104" hai3="3,4,11,14,19,20,24,29,33,41,43,48,56" /><INIT seed="1,1,2,2,2,73" ten="235,235,255,255" oya="1" hai0="101,33,123,109,27,103,81,107,40,53,1,44,43" hai1="24,8,12,59,2,104,22,32,105,49,55,77,85" hai2="80,91,31,135,50,45,25,118,62,61,120,86,51" hai3="63,82,21,34,97,38,37,124,74,106,68,6,128"/><U67/><E2/><V130/><F120/><W69/><G34/><T119/><D119/><U96/><E32/><V108/><F118/><W90/><G128/><T113/><D113/><U89/><E67/><V0/><F130/><W7/><G124/><T133/><D1/><U75/><E96/><V11/><F108/><W71/><G63/><T52/><D109/><U88/><E75/><V65/><F135/><W13/><G74/><T66/><D66/><U122/><E122/><V48/><F0/><W23/><G106/><T28/><D40/><U30/><E77/><V14/><F65/><W92/><G82/><T18/><D18/><U70/><E89/><V95/><F45/><W121/><G121/><T100/><D133/><U9/><E9/><V117/><F95/><W76/><G76/><T99/><D103/><U47/><E59/><V83/><F83/><W132/><G132/><T46/><D101/><U5/><E70/><V87/><F87/><W116/><G116/><T111/><D111/><U20/><REACH who="1" step="1"/><E22/><REACH who="1" ten="235,225,255,255" step="2"/><N who="2" m="15799" /><F117/><W79/><G79/><T126/><D123/><U17/><E17/><AGARI ba="1,3" hai="11,14,17,48,50,51,61,62,80,86,91" m="15799" machi="17" ten="30,1000,0" yaku="8,1" doraHai="73" who="2" fromWho="1" sc="235,0,225,-13,255,43,255,0" /><INIT seed="2,0,0,0,5,84" ten="235,212,298,255" oya="2" hai0="44,49,69,92,28,68,16,113,18,81,130,4,104" hai1="128,37,42,5,116,87,34,110,90,47,131,127,71" hai2="33,62,25,98,134,30,19,105,108,50,85,88,52" hai3="20,107,120,129,9,7,51,91,124,43,106,117,60"/><V114/><F114/><W83/><G117/><T133/><D104/><U36/><E34/><V64/><F134/><W78/><G120/><T56/><D113/><U40/><E71/><V100/><F108/><W86/><G129/><N who="1" m="49738" /><E116/><V22/><F62/><W2/><G124/><T6/><D28/><U112/><E112/><V15/><F64/><W101/><G60/><T14/><D18/><U74/><E74/><V122/><F122/><W109/><G109/><T26/><D26/><U48/><E127/><V111/><F111/><W11/><G20/><T0/><D0/><U65/><E65/><V13/><F30/><W39/><G39/><T53/><D69/><U10/><E42/><V103/><F33/><W24/><G24/><T121/><D68/><U80/><E110/><V55/><F103/><W61/><G61/><N who="0" m="35983" /><D133/><U119/><E119/><V79/><F79/><W54/><G43/><N who="0" m="24735" /><D81/><U67/><E67/><V123/><F123/><W102/><G106/><T97/><D121/><U63/><E63/><V59/><F55/><W23/><G107/><T8/><D130/><U41/><E41/><V132/><F132/><W118/><G118/><T66/><D66/><U125/><E125/><V17/><F17/><W72/><G23/><T115/><D115/><U46/><E46/><V45/><F45/><W3/><G3/><AGARI ba="0,0" hai="3,5,10,36,37,40,47,48,80,87,90" m="49738" machi="3" ten="30,2000,0" yaku="19,1,52,1" doraHai="84" who="1" fromWho="3" sc="235,0,212,20,298,0,255,-20" /><INIT seed="3,0,0,0,0,53" ten="235,232,298,235" oya="3" hai0="16,17,36,107,101,76,45,103,70,25,122,73,121" hai1="78,133,93,77,42,33,88,51,106,22,113,115,7" hai2="120,100,89,48,95,41,65,124,26,29,119,86,56" hai3="98,54,13,79,10,55,74,127,40,4,32,50,58"/><W87/><G127/><T6/><D70/><U114/><E33/><V67/><F119/><W71/><G71/><T8/><D103/><U46/><E106/><V47/><F124/><W19/><G32/><T39/><D39/><U44/><E133/><V92/><F120/><W82/><G74/><T57/><D101/><U15/><E46/><V97/><REACH who="2" step="1"/><F56/><REACH who="2" ten="235,232,288,235" step="2"/><N who="3" m="32855" /><G40/><T84/><D57/><U38/><E38/><V43/><F43/><W110/><G110/><T83/><D36/><U135/><E135/><V105/><F105/><W129/><G129/><T68/><D107/><U11/><REACH who="1" step="1"/><E22/><AGARI ba="0,1" hai="22,26,29,41,47,48,65,67,86,89,92,95,97,100" machi="22" ten="30,3900,0" yaku="1,1,7,1,8,1,53,0" doraHai="53" doraHaiUra="35" who="2" fromWho="1" sc="235,0,232,-39,288,49,235,0" /><INIT seed="4,0,0,4,3,93" ten="235,193,337,235" oya="0" hai0="51,56,61,104,44,24,133,33,124,14,43,119,68" hai1="37,64,34,78,82,109,58,60,19,63,130,13,15" hai2="55,125,81,73,135,102,77,3,96,32,67,52,45" hai3="54,90,103,62,106,72,84,85,30,114,7,122,80"/><T29/><D124/><U132/><E109/><V71/><F125/><W115/><G7/><T36/><D133/><U31/><E130/><V83/><F3/><W127/><G30/><T134/><D134/><U27/><E37/><V128/><F135/><W28/><G28/><T88/><D119/><U76/><E132/><V94/><F32/><W49/><G127/><T86/><D104/><U105/><E105/><V111/><F111/><W97/><G62/><T74/><D74/><U53/><E82/><V42/><F128/><W41/><G41/><T116/><D116/><U2/><E2/><V118/><F118/><W70/><G70/><T1/><D1/><U100/><E100/><V98/><F81/><W0/><G0/><T6/><D68/><U39/><E39/><V89/><F67/><W21/><G21/><T59/><D36/><U107/><E107/><V123/><F71/><W11/><G11/><T121/><D121/><U57/><REACH who="1" step="1"/><E15/><REACH who="1" ten="235,183,337,235" step="2"/><V87/><F123/><W8/><G106/><T46/><D14/><U50/><E50/><V18/><F102/><W113/><G103/><T65/><D6/><U91/><E91/><V10/><F89/><W48/><G122/><T69/><REACH who="0" step="1"/><D44/><REACH who="0" ten="225,183,337,235" step="2"/><U108/><E108/><V12/><F45/><N who="3" m="27919" /><G115/><T40/><D40/><U110/><E110/><V35/><F42/><W126/><G114/><T9/><D9/><AGARI ba="0,2" hai="9,13,19,27,31,34,53,57,58,60,63,64,76,78" machi="9" ten="30,2000,0" yaku="1,1,7,1,53,0" doraHai="93" doraHaiUra="17" who="1" fromWho="0" sc="225,-20,183,40,337,0,235,0" /><INIT seed="5,0,0,4,4,100" ten="205,223,337,235" oya="1" hai0="93,77,111,114,41,31,72,126,5,116,58,121,101" hai1="36,74,90,89,105,55,0,23,69,85,50,123,106" hai2="112,97,8,88,28,30,75,133,135,18,17,25,84" hai3="115,12,103,4,87,33,45,131,67,38,53,95,21"/><U79/><E123/><V70/><F75/><W118/><G33/><T66/><D31/><U83/><E36/><V3/><F70/><W127/><G115/><T92/><D5/><U120/><E120/><V125/><F112/><W14/><G131/><T19/><D19/><U49/><E69/><V16/><F125/><W57/><G127/><T132/><D58/><U128/><E128/><V94/><F3/><W2/><G118/><T9/><D9/><U60/><E0/><V99/><F8/><W22/><G2/><T76/><D66/><U1/><E1/><V78/><F30/><W119/><G119/><T15/><D41/><U80/><E23/><V35/><F78/><W6/><G67/><T109/><D15/><U43/><E60/><V104/><F104/><W47/><G38/><T81/><D121/><U29/><E29/><V110/><F110/><W7/><G21/><T71/><D71/><U68/><E90/><V107/><F107/><W51/><G14/><T64/><D116/><U102/><E102/><V20/><F35/><W73/><G73/><T134/><D101/><U26/><E26/><V42/><F42/><W10/><G103/><T48/><D126/><U11/><E11/><V32/><F32/><W122/><G122/><T13/><D114/><U37/><E68/><V24/><F24/><W96/><G22/><T113/><D113/><U61/><E61/><V27/><F27/><W39/><G39/><T98/><D109/><U86/><E74/><V46/><F25/><W54/><G4/><T59/><D72/><U129/><E37/><V34/><F34/><RYUUKYOKU ba="0,0" sc="205,0,223,0,337,0,235,0" /><INIT seed="6,1,0,2,1,60" ten="205,223,337,235" oya="2" hai0="11,30,10,111,3,113,26,64,27,65,69,120,114" hai1="103,28,62,14,105,119,128,86,91,89,32,115,56" hai2="37,18,49,88,7,34,17,124,134,79,59,90,44" hai3="123,9,63,12,78,110,36,2,35,29,131,82,8"/><V121/><F121/><W127/><G110/><T76/><D111/><U45/><E119/><V73/><F34/><W125/><G123/><T58/><D69/><U46/><E115/><N who="0" m="44041" /><D120/><U16/><E128/><V108/><F108/><W77/><G131/><T135/><D135/><U95/><E91/><V39/><F134/><W92/><G36/><T118/><D118/><U55/><E28/><V109/><F109/><W22/><G92/><T130/><D58/><U6/><E6/><V117/><F7/><N who="3" m="1143" /><G63/><T48/><D48/><U23/><REACH who="1" step="1"/><E32/><REACH who="1" ten="205,213,337,235" step="2"/><V42/><F90/><W61/><G35/><T38/><D130/><U71/><E71/><V94/><F88/><W24/><G29/><T83/><D30/><U67/><E67/><N who="0" m="25673" /><D38/><U122/><E122/><V112/><F39/><W66/><G66/><T1/><D1/><U75/><E75/><V54/><F73/><W68/><G68/><T104/><D3/><U13/><E13/><V40/><F37/><W33/><G12/><T132/><D132/><U133/><E133/><V85/><F112/><W81/><G33/><T25/><D104/><U0/><E0/><V53/><F117/><W80/><G78/><T101/><D101/><U129/><E129/><V116/><F79/><W97/><G77/><T74/><AGARI ba="1,1" hai="10,11,25,26,27,74,76,83" m="25673,44041" machi="74" ten="40,8000,1" yaku="15,1,52,3" doraHai="60" who="0" fromWho="0" sc="205,93,213,-21,337,-41,235,-21" /><INIT seed="7,0,0,3,5,128" ten="298,192,296,214" oya="3" hai0="83,2,103,42,65,87,129,34,53,38,85,8,112" hai1="20,135,70,77,68,119,57,63,36,40,92,90,99" hai2="66,11,30,114,55,89,43,59,108,32,67,37,81" hai3="134,69,101,131,56,25,16,132,111,82,7,5,54"/><W33/><G131/><T39/><D34/><U88/><E119/><V120/><F108/><W96/><G69/><T72/><D53/><U19/><E77/><V123/><F114/><W124/><G111/><T13/><D65/><U35/><E35/><V80/><F11/><W104/><G124/><T94/><D112/><U26/><E135/><N who="3" m="51754" /><G82/><T79/><D39/><U121/><E121/><N who="2" m="46667" /><F37/><W98/><G96/><N who="0" m="59799" /><D13/><U78/><E78/><V0/><F0/><W18/><G16/><T113/><D113/><U126/><E90/><V105/><F80/><W109/><G109/><T45/><D129/><U21/><E21/><V117/><F117/><W122/><G122/><T60/><D60/><U102/><E102/><V125/><F125/><W28/><G18/><T100/><D100/><U51/><E36/><V17/><F17/><W91/><G91/><T48/><D48/><AGARI ba="0,0" hai="5,7,25,28,33,48,54,56,98,101,104" m="51754" machi="48" ten="30,11600,0" yaku="20,1,52,3" doraHai="128" who="3" fromWho="0" sc="298,-116,192,0,296,0,214,116" owari="182,-32.0,192,-21.0,296,10.0,330,43.0" /></mjloggm>