<mjloggm ver="2.3"><GO type="169" lobby="0"/><UN n0="%4E%4F%2E%E2%85%A0" n1="%4E%4F%54%41" n2="%70%69%6E%63%65%72%73" n3="%6F%63%69%6E%70%6F%70%6F" dan="16,17,17,17" rate="2229.51,2204.02,2186.72,2120.97" sx="M,M,M,F"/><TAIKYOKU oya="0"/><INIT seed="0,0,0,0,4,23" ten="250,250,250,250" oya="0" hai0="39,75,104,33,131,20,78,98,128,48,61,11,25" hai1="70,73,60,79,47,76,130,27,41,86,17,58,2" hai2="5,50,13,0,119,100,10,28,87,6,102,38,80" hai3="37,84,99,22,120,29,45,3,51,19,30,89,122"/><T14/><D39/><U121/><E121/><V53/><F38/><W85/><G3/><T67/><D48/><U68/><E73/><V111/><F111/><W54/><G37/><T31/><D20/><U109/><E2/><V1/><F119/><W44/><G44/><T115/><D115/><U21/><E109/><V106/><F28/><W35/><G99/><T24/><D25/><U132/><E132/><V36/><F36/><W82/><G84/><T4/><D78/><U110/><E110/><V123/><F123/><N who="3" m="47147" /><G35/><T88/><D75/><U57/><E130/><V91/><F106/><W65/><G65/><T42/><D42/><U63/><E68/><V69/><F69/><W40/><G54/><T95/><REACH who="0" step="1"/><D104/><REACH who="0" ten="240,250,250,250" step="2"/><U105/><E105/><V66/><F50/><W113/><G113/><T55/><D55/><U18/><E76/><V15/><F53/><W125/><G125/><T9/><D9/><U103/><E79/><V46/><F66/><W127/><G127/><T129/><D129/><U16/><E41/><V71/><F10/><W92/><G92/><T114/><D114/><U126/><E126/><V97/><F80/><W107/><G107/><T94/><D94/><U52/><E52/><V135/><F46/><W7/><G29/><T81/><D81/><U64/><E47/><V116/><F116/><W59/><G30/><T26/><D26/><U49/><E27/><V8/><F8/><W124/><G124/><T74/><D74/><U96/><E64/><V56/><F135/><W83/><G45/><T12/><D12/><U118/><E118/><V72/><F0/><RYUUKYOKU ba="0,1" sc="240,30,250,-10,250,-10,250,-10" hai0="4,11,14,24,31,33,61,67,88,95,98,128,131" /><INIT seed="0,1,1,2,5,25" ten="270,240,240,240" oya="0" hai0="13,81,61,34,127,20,73,83,62,65,53,28,96" hai1="52,17,105,121,133,98,107,68,29,77,12,70,132" hai2="97,31,111,50,79,92,109,8,6,39,71,64,42" hai3="82,76,40,119,33,15,35,44,103,67,46,1,60"/><T45/><D127/><U113/><E121/><V100/><F39/><W91/><G1/><T41/><D34/><U95/><E77/><V85/><F64/><W84/><G119/><T23/><D96/><U56/><E113/><V114/><F71/><W5/><G103/><T106/><D106/><U108/><E108/><N who="2" m="41547" /><F114/><W21/><G44/><T14/><D53/><U47/><E47/><N who="2" m="25975" /><F85/><W104/><G104/><T4/><D73/><U75/><E75/><V72/><F79/><W88/><G33/><T24/><D14/><U48/><E70/><V117/><F72/><W66/><G35/><T38/><D61/><U94/><E68/><V16/><F117/><W3/><G3/><T101/><D101/><U69/><E69/><V134/><F134/><W36/><G66/><T54/><D65/><U115/><E115/><V112/><F31/><W118/><G118/><T93/><D93/><U0/><E29/><V80/><F80/><W26/><G67/><T99/><D99/><U110/><E94/><V49/><F112/><W122/><G122/><T86/><D86/><U7/><E110/><V37/><F92/><W129/><G129/><T32/><D32/><U22/><E105/><V78/><F97/><W130/><G130/><T128/><D128/><U2/><E107/><V27/><F100/><W90/><G60/><T120/><D120/><U87/><E87/><V124/><F124/><W135/><G135/><T43/><D43/><U11/><REACH who="1" step="1"/><E0/><REACH who="1" ten="270,230,240,240" step="2"/><V30/><F78/><W125/><G125/><T18/><D4/><U123/><E123/><V10/><F6/><W116/><G5/><RYUUKYOKU ba="1,2" sc="270,15,230,15,240,-15,240,-15" hai0="13,18,20,23,24,28,38,41,45,54,62,81,83" hai1="2,7,11,12,17,22,48,52,56,95,98,132,133" /><INIT seed="0,2,2,5,2,38" ten="285,245,225,225" oya="0" hai0="97,123,130,20,22,127,29,112,133,104,84,52,62" hai1="25,21,26,72,88,96,103,124,69,71,49,63,94" hai2="39,6,126,66,14,98,101,23,77,125,40,100,99" hai3="81,3,108,75,90,134,102,132,92,53,128,27,107"/><T36/><D123/><U82/><E124/><N who="2" m="47723" /><F66/><W42/><G3/><T106/><D133/><N who="3" m="51305" /><G53/><T60/><D130/><U93/><E49/><V37/><F77/><N who="3" m="44223" /><G27/><T65/><D112/><U31/><E26/><V135/><F135/><W12/><G12/><T10/><D127/><U2/><E2/><V78/><F78/><W95/><G42/><T80/><D52/><U59/><E82/><V91/><F40/><W34/><G34/><T48/><D62/><U45/><E72/><V18/><F6/><W33/><G33/><T47/><D10/><U58/><E45/><V110/><F110/><W85/><G108/><T35/><D35/><U109/><E109/><V30/><F30/><W19/><G19/><T9/><D9/><U56/><REACH who="1" step="1"/><E63/><REACH who="1" ten="285,235,225,225" step="2"/><V67/><F39/><W120/><G120/><T111/><D36/><U1/><E1/><V68/><F37/><W74/><G74/><T83/><D111/><U8/><E8/><V131/><F131/><W11/><G11/><T73/><D48/><U46/><E46/><V116/><F116/><W113/><G128/><T44/><D60/><U41/><E41/><V70/><F67/><W0/><G0/><T122/><D65/><U76/><E76/><V114/><F114/><W51/><G51/><T43/><D43/><U16/><E16/><V15/><F18/><W50/><G50/><T57/><D73/><U13/><E13/><V118/><F15/><W117/><G113/><T54/><D47/><U17/><E17/><V121/><F14/><W4/><G117/><T87/><D44/><U129/><E129/><V7/><F118/><RYUUKYOKU ba="2,3" sc="285,-10,235,30,225,-10,225,-10" hai1="21,25,31,56,58,59,69,71,88,93,94,96,103" /><INIT seed="1,3,3,1,1,124" ten="275,265,215,215" oya="1" hai0="119,113,13,87,19,125,32,25,77,53,37,45,20" hai1="96,73,54,102,99,17,98,67,59,61,49,41,29" hai2="115,83,76,9,70,100,40,69,16,71,75,2,46" hai3="51,107,89,21,66,43,1,116,104,55,56,63,33"/><U117/><E117/><V92/><F115/><W88/><G33/><T60/><D125/><U85/><E73/><V112/><F112/><W134/><G1/><T121/><D119/><U64/><E29/><V10/><F2/><W24/><G116/><T129/><D113/><U5/><E5/><V82/><F82/><W86/><G134/><T108/><D108/><U128/><E128/><V74/><F74/><W0/><G43/><T47/><D129/><U36/><E36/><V110/><F110/><W38/><G0/><T12/><D121/><U65/><E85/><V7/><F7/><W130/><G89/><T44/><D37/><U122/><E122/><V118/><F118/><W3/><G3/><T6/><D32/><U81/><E81/><V132/><F132/><W68/><G38/><T52/><D60/><U42/><E102/><V109/><F109/><W62/><G62/><T58/><D6/><U28/><E28/><V135/><F135/><W95/><G130/><T34/><D34/><U126/><E126/><V123/><F123/><W22/><G22/><T72/><D72/><U127/><E127/><V106/><F106/><W4/><G4/><T90/><D77/><U8/><REACH who="1" step="1"/><E61/><REACH who="1" ten="275,255,215,215" step="2"/><V78/><F83/><W79/><G79/><T133/><D133/><U114/><E114/><V105/><F76/><W80/><G80/><T57/><D87/><U91/><E91/><V103/><F78/><W97/><G86/><T48/><D90/><U50/><E50/><N who="2" m="26951" /><F75/><W84/><G84/><T39/><D39/><U11/><E11/><V26/><F9/><W94/><G94/><RYUUKYOKU ba="3,4" sc="275,10,255,10,215,-30,215,10" hai0="12,13,19,20,25,44,45,47,48,52,53,57,58" hai1="8,17,41,42,49,54,59,64,65,67,96,98,99" hai3="21,24,51,55,56,63,66,68,88,95,97,104,107" /><INIT seed="1,4,4,3,5,36" ten="285,265,185,225" oya="1" hai0="117,24,70,100,1,79,66,125,39,101,28,128,57" hai1="35,21,133,43,33,0,72,89,44,26,16,34,92" hai2="105,126,25,95,108,123,135,121,54,49,86,97,14" hai3="11,84,78,113,103,116,110,31,2,46,80,5,112"/><U68/><E72/><V53/><F105/><W71/><G110/><T96/><D117/><U6/><E68/><V73/><F73/><W7/><G71/><T85/><D128/><U56/><E133/><V107/><F107/><W19/><G5/><T50/><D125/><U42/><E44/><V10/><F108/><W118/><G31/><T87/><D1/><U55/><E6/><N who="2" m="3415" /><F126/><W41/><G19/><T106/><D101/><U27/><E27/><V99/><F135/><W120/><G103/><T62/><D39/><U45/><E45/><N who="2" m="27823" /><F123/><W124/><G120/><T23/><REACH who="0" step="1"/><D79/><REACH who="0" ten="275,265,185,225" step="2"/><U104/><E0/><V115/><F121/><W17/><G124/><T4/><D4/><U12/><E104/><V122/><F122/><W59/><G116/><T67/><D67/><U127/><E127/><V111/><F111/><W15/><G118/><T76/><D76/><U47/><E47/><V88/><F115/><W102/><G102/><T98/><D98/><N who="1" m="57615" /><E12/><V93/><F25/><W134/><G134/><T130/><D130/><U60/><AGARI ba="4,5" hai="16,21,26,33,34,35,42,43,55,56,60" m="57615" machi="60" ten="30,11700,0" yaku="25,1,52,2,54,1" doraHai="36" who="1" fromWho="1" sc="275,-43,265,179,185,-43,225,-43" /><INIT seed="1,5,0,1,2,32" ten="232,444,142,182" oya="1" hai0="17,40,64,89,49,68,0,117,66,23,41,120,37" hai1="92,43,12,38,85,28,76,54,10,82,130,1,99" hai2="101,107,118,70,108,65,94,42,36,30,69,128,20" hai3="16,53,62,35,51,135,3,34,123,58,67,48,100"/><U121/><E121/><V56/><F118/><W26/><G135/><T133/><D117/><U46/><E130/><V71/><F107/><W88/><G100/><T86/><D133/><U31/><E54/><V2/><F128/><W74/><G74/><T7/><D37/><U131/><E131/><V63/><F108/><W39/><G39/><T50/><D120/><U61/><E61/><V81/><F81/><W98/><G3/><T57/><D68/><U72/><E85/><V18/><F30/><W21/><G123/><T103/><D103/><U19/><REACH who="1" step="1"/><E1/><REACH who="1" ten="232,434,142,182" step="2"/><V45/><F2/><W113/><G113/><T93/><D86/><U78/><E78/><V111/><F111/><W116/><G116/><T104/><D0/><U27/><E27/><V119/><F119/><W127/><G127/><T6/><D64/><U90/><AGARI ba="5,1" hai="10,12,19,28,31,38,43,46,72,76,82,90,92,99" machi="90" ten="20,3900,0" yaku="1,1,0,1,7,1,53,0" doraHai="32" doraHaiUra="83" who="1" fromWho="1" sc="232,-18,434,64,142,-18,182,-18" /><INIT seed="1,6,0,1,1,26" ten="214,498,124,164" oya="1" hai0="76,128,57,100,83,109,6,51,19,80,112,77,110" hai1="66,49,0,90,53,91,40,127,121,114,23,99,130" hai2="113,75,34,64,5,30,107,29,44,133,81,74,125" hai3="58,47,106,21,39,135,38,11,105,87,124,31,119"/><U129/><E114/><V42/><F107/><W65/><G105/><T88/><D6/><U117/><E117/><V63/><F113/><W68/><G106/><T18/><D112/><U93/><E121/><V55/><F34/><W12/><G68/><T104/><D128/><U3/><E127/><V89/><F5/><W96/><G47/><T102/><D51/><U62/><E40/><V82/><F125/><W52/><G65/><T33/><D57/><N who="1" m="32943" /><E90/><V2/><F2/><W46/><G96/><T92/><D33/><U116/><E23/><V61/><F55/><W123/><G135/><T43/><D43/><U24/><E24/><V16/><F133/><W17/><G46/><T20/><D20/><U118/><E118/><V56/><F61/><W35/><G123/><T69/><D69/><U71/><E116/><V59/><F59/><W9/><G87/><T115/><D115/><U54/><E54/><V78/><F16/><N who="0" m="6186" /><D104/><U32/><E32/><V95/><F81/><N who="0" m="31306" /><D110/><U79/><E79/><N who="0" m="30281" /><D109/><U103/><E91/><V97/><REACH who="2" step="1"/><F75/><REACH who="2" ten="214,498,114,164" step="2"/><W134/><G134/><T37/><D37/><AGARI ba="6,1" hai="29,30,37,42,44,56,63,64,74,78,82,89,95,97" machi="37" ten="30,12000,2" yaku="1,1,2,1,7,1,52,2,53,1" doraHai="26" doraHaiUra="60" who="2" fromWho="0" sc="214,-138,498,0,114,148,164,0" /><INIT seed="2,0,0,3,0,120" ten="76,498,262,164" oya="2" hai0="8,82,10,31,129,32,7,46,105,127,118,33,4" hai1="37,133,11,81,114,6,5,71,134,76,83,75,15" hai2="69,59,100,68,103,123,88,2,97,41,106,61,112" hai3="94,48,125,44,124,16,63,55,36,14,86,119,23"/><V34/><F123/><W70/><G119/><T90/><D118/><U66/><E114/><V40/><F112/><W78/><G36/><T85/><D129/><U95/><E37/><V131/><F2/><W20/><G70/><T72/><D127/><N who="3" m="48713" /><G63/><T73/><D105/><U21/><E81/><V74/><F34/><W38/><G38/><T39/><D39/><U28/><E95/><N who="2" m="56551" /><F74/><W111/><G111/><T30/><D46/><U22/><E5/><V91/><F106/><W80/><G94/><T29/><D72/><U65/><E28/><V130/><F68/><W3/><G3/><T53/><D53/><U18/><E22/><AGARI ba="0,0" hai="14,16,20,22,23,44,48,55,78,80,86" m="48713" machi="22" ten="30,2000,0" yaku="18,1,54,1" doraHai="120" who="3" fromWho="1" sc="76,0,498,-20,262,0,164,20" /><INIT seed="3,0,0,1,4,85" ten="76,478,262,184" oya="3" hai0="133,6,36,114,22,73,60,98,11,84,37,51,120" hai1="55,58,132,77,86,65,26,49,13,21,134,126,4" hai2="99,48,104,81,116,64,9,56,35,102,74,47,19" hai3="91,27,32,71,89,50,30,46,79,28,115,15,135"/><W95/><G115/><T96/><D120/><U87/><E126/><V103/><F116/><W90/><G71/><T67/><D73/><U53/><E65/><V45/><F35/><W83/><G135/><N who="1" m="51754" /><E77/><V14/><F102/><W38/><G38/><T130/><D130/><U0/><E0/><V3/><F3/><W70/><G70/><T82/><D133/><U69/><E69/><V118/><F118/><W40/><G30/><T72/><D72/><U108/><E108/><V109/><F109/><W106/><G106/><T44/><D22/><U10/><E55/><V54/><F64/><W33/><G33/><T57/><D114/><U101/><E101/><V20/><F20/><W7/><G15/><T75/><D75/><U80/><E80/><V18/><F18/><AGARI ba="0,0" hai="4,10,13,18,21,26,49,53,58,86,87" m="51754" machi="18" ten="30,1000,0" yaku="20,1" doraHai="85" who="1" fromWho="2" sc="76,0,478,10,262,-10,184,0" /><INIT seed="4,0,0,1,2,81" ten="76,488,252,184" oya="0" hai0="44,28,110,120,34,24,30,72,88,101,48,135,59" hai1="5,116,6,111,131,106,27,114,4,74,123,31,115" hai2="2,99,113,63,40,112,46,23,42,29,73,10,66" hai3="36,39,102,117,133,83,33,95,82,12,67,132,52"/><T96/><D120/><U49/><E74/><V76/><F73/><W97/><G33/><T57/><D135/><N who="3" m="51785" /><G67/><T78/><D110/><U53/><E106/><V121/><F76/><W61/><G12/><T64/><D30/><U15/><E123/><V32/><F32/><W13/><G13/><T3/><D3/><U11/><E116/><V55/><F121/><W0/><G0/><T77/><D88/><U65/><E65/><V119/><F99/><W47/><G117/><T70/><D70/><U129/><E111/><V20/><F119/><W62/><G47/><T122/><D122/><U86/><E86/><V80/><F80/><N who="3" m="30763" /><G52/><T60/><D59/><U14/><E49/><N who="2" m="29111" /><F10/><W98/><G97/><T26/><D26/><U125/><E53/><V17/><F2/><W9/><G9/><T35/><D35/><N who="1" m="20991" /><E15/><N who="2" m="9279" /><F113/><N who="1" m="43017" /><E125/><V45/><F112/><W118/><G118/><T91/><D72/><U1/><E1/><V126/><F45/><W69/><G69/><T108/><D108/><U85/><E85/><V58/><F126/><W71/><G71/><T16/><D16/><AGARI ba="0,0" hai="4,5,6,11,14,16,129,131" m="43017,20991" machi="16" ten="30,8000,1" yaku="15,1,11,1,34,2,54,1" doraHai="81" who="1" fromWho="0" sc="76,-80,488,80,252,0,184,0" owari="-4,-50.0,568,67.0,252,5.0,184,-22.0" /></mjloggm>