<mjloggm ver="2.3"><GO type="169" lobby="0"/><UN n0="%E5%B6%BA%E4%B8%8A%E5%92%B2" n1="%E3%82%B7%E3%83%A9%E3%80%82" n2="%EF%BC%BC%28%EF%BC%BE%6F%EF%BC%BE%29%EF%BC%8F%E2%98%85" n3="%4B%69%74%61%6D%75%72%61" dan="17,17,17,16" rate="2204.43,2173.41,2234.52,2076.77" sx="F,M,M,F"/><TAIKYOKU oya="0"/><INIT seed="0,0,0,5,4,82" ten="250,250,250,250" oya="0" hai0="62,91,89,94,13,50,128,39,24,40,33,72,32" hai1="49,41,12,76,25,64,97,54,28,134,86,122,111" hai2="65,80,45,67,104,21,5,100,117,6,105,55,83" hai3="123,119,69,16,88,90,115,126,37,120,99,84,107"/><T47/><D72/><U1/><E122/><V79/><F21/><W3/><G115/><T85/><D128/><U110/><E134/><V30/><F30/><W22/><G119/><T7/><D39/><U17/><E1/><V2/><F117/><W58/><G69/><T93/><D62/><U61/><E41/><V98/><F104/><W10/><G37/><T129/><D129/><U66/><E97/><V20/><F20/><W51/><G126/><T56/><D56/><U102/><E102/><V68/><F83/><W116/><G116/><T135/><D135/><U60/><E60/><V87/><F68/><W118/><G118/><T74/><D74/><U81/><E25/><V78/><F79/><W46/><G58/><T109/><D109/><N who="1" m="41483" /><E61/><V29/><F29/><W131/><G131/><T132/><D24/><U48/><E28/><V113/><F113/><W92/><G107/><T73/><D73/><U71/><E71/><V103/><F100/><W27/><G10/><T125/><D132/><U44/><E49/><V34/><F34/><W31/><G3/><T130/><D125/><U36/><E36/><V11/><F6/><W106/><G31/><T26/><D26/><U127/><E127/><V101/><F101/><W70/><G70/><T42/><D130/><U14/><E14/><V57/><F45/><W121/><G106/><T23/><D7/><U43/><E43/><V0/><F2/><W38/><G38/><T35/><D40/><U9/><AGARI ba="0,0" hai="9,12,17,44,48,54,64,66,76,81,86" m="41483" machi="9" ten="30,2000,0" yaku="14,1,52,1" doraHai="82" who="1" fromWho="1" sc="250,-10,250,20,250,-5,250,-5" /><INIT seed="1,0,0,2,2,61" ten="240,270,245,245" oya="1" hai0="12,59,53,11,42,126,118,89,131,23,115,36,132" hai1="99,4,63,95,130,52,7,66,3,114,37,112,30" hai2="0,46,44,64,96,16,43,110,103,9,74,54,32" hai3="97,5,105,65,49,58,24,33,111,40,35,80,56"/><U2/><E130/><V57/><F74/><W133/><G111/><T31/><D115/><U113/><E37/><V108/><F32/><W10/><G133/><T76/><D118/><U48/><E30/><V21/><F9/><W68/><G68/><T14/><D131/><U73/><E73/><V84/><F0/><W1/><G80/><T117/><D132/><U22/><E22/><V90/><F54/><W107/><G97/><T91/><D126/><U15/><E15/><V109/><F43/><W101/><G101/><T125/><D125/><U88/><E3/><V116/><F116/><W25/><G58/><T13/><D76/><U47/><REACH who="1" step="1"/><E2/><REACH who="1" ten="240,260,245,245" step="2"/><V92/><F108/><W93/><G35/><T6/><D117/><U98/><E98/><V39/><F39/><W129/><G129/><T102/><D31/><U17/><E17/><V100/><F109/><W67/><G33/><T8/><D23/><U78/><E78/><V71/><F96/><W124/><G124/><T19/><D13/><U29/><E29/><V83/><F16/><W27/><G1/><T85/><D12/><U50/><E50/><V45/><F21/><W34/><G49/><N who="0" m="31151" /><D19/><U60/><E60/><N who="2" m="37903" /><F110/><W26/><G34/><T77/><D77/><U104/><E104/><V79/><F79/><W28/><G107/><T51/><D36/><U62/><E62/><V127/><F127/><W18/><G105/><T81/><D14/><U82/><E82/><V122/><F83/><W70/><G28/><T123/><D81/><U55/><E55/><V135/><F135/><W38/><G38/><T20/><D20/><RYUUKYOKU ba="0,1" sc="240,-10,260,30,245,-10,245,-10" hai1="4,7,47,48,52,63,66,88,95,99,112,113,114" /><INIT seed="1,1,1,4,3,91" ten="230,290,235,235" oya="1" hai0="94,87,78,129,58,70,47,119,45,122,11,101,117" hai1="131,54,32,30,50,4,120,96,95,51,26,123,28" hai2="29,23,65,43,63,98,121,85,5,61,24,41,0" hai3="17,8,115,79,2,59,34,72,6,112,60,66,42"/><U86/><E131/><V110/><F121/><W49/><G34/><T109/><D70/><U19/><E4/><V102/><F110/><W133/><G133/><T21/><D109/><U22/><E86/><V127/><F127/><W7/><G7/><T130/><D122/><U111/><E51/><V31/><F31/><W69/><G17/><T73/><D73/><U18/><E18/><V53/><F85/><W44/><G72/><T46/><D11/><U99/><E99/><V134/><F134/><W106/><G106/><T57/><D21/><U104/><E104/><V67/><F53/><W80/><G80/><N who="0" m="47511" /><D94/><U14/><E30/><V82/><F82/><W107/><G107/><T118/><D101/><U90/><REACH who="1" step="1"/><E111/><REACH who="1" ten="230,280,235,235" step="2"/><V10/><F98/><W100/><G100/><T68/><D68/><U126/><E126/><V108/><F102/><W3/><G69/><T93/><D93/><U13/><E13/><V125/><F125/><W71/><G71/><T40/><D40/><U35/><E35/><V33/><F108/><W36/><G42/><T84/><D84/><U77/><E77/><V97/><F97/><W20/><G79/><T88/><D88/><U116/><E116/><V75/><F33/><W76/><G76/><T15/><D15/><U52/><E52/><V48/><F41/><W105/><G105/><T128/><AGARI ba="1,2" hai="45,46,47,57,58,117,118,119,128,129,130" m="47511" machi="128" ten="50,6400,0" yaku="29,2,19,1" doraHai="91" who="0" fromWho="0" sc="230,87,280,-33,235,-17,235,-17" /><INIT seed="2,0,0,1,2,52" ten="317,247,218,218" oya="2" hai0="55,8,116,130,83,93,19,47,128,126,36,81,91" hai1="95,32,3,10,38,123,31,78,17,103,94,79,73" hai2="4,16,37,97,74,20,122,76,24,12,11,117,18" hai3="82,70,43,35,112,124,111,59,7,65,99,33,0"/><V14/><F37/><W34/><G111/><T15/><D126/><U88/><E123/><V54/><F122/><W39/><G124/><T25/><D116/><U71/><E71/><V131/><F117/><W107/><G112/><T109/><D109/><U135/><E135/><V26/><F131/><N who="0" m="50218" /><D25/><N who="2" m="9834" /><F74/><W9/><G70/><T45/><D55/><U98/><E38/><V66/><F76/><W92/><G107/><T134/><D134/><U133/><E133/><V96/><F66/><W58/><G65/><T80/><D36/><U5/><E73/><V6/><F54/><W77/><G43/><T60/><D60/><U110/><E110/><V57/><F57/><W100/><REACH who="3" step="1"/><G39/><REACH who="3" ten="317,247,218,208" step="2"/><T1/><D1/><U120/><E120/><V105/><F105/><W85/><AGARI ba="0,1" hai="0,7,9,33,34,35,58,59,77,82,85,92,99,100" machi="85" ten="30,8000,1" yaku="1,1,2,1,0,1,52,2,53,0" doraHai="52" doraHaiUra="23" who="3" fromWho="3" sc="317,-20,247,-20,218,-40,208,90" /><INIT seed="3,0,0,1,2,32" ten="297,227,178,298" oya="3" hai0="19,110,103,13,1,72,28,22,74,64,116,106,132" hai1="59,124,61,23,44,83,3,2,26,117,43,81,47" hai2="48,5,108,8,73,123,40,63,10,100,95,134,39" hai3="42,62,54,12,46,85,58,129,80,4,119,121,0"/><W38/><G129/><T11/><D116/><U75/><E124/><V97/><F108/><W67/><G119/><T18/><D110/><U87/><E75/><V37/><F134/><W15/><G121/><T111/><D111/><U25/><E117/><V127/><F127/><W60/><G4/><T109/><D132/><U27/><E23/><V131/><F73/><W113/><G113/><T71/><D109/><U112/><E112/><V105/><F131/><W69/><REACH who="3" step="1"/><G0/><REACH who="3" ten="297,227,178,288" step="2"/><T79/><D1/><U36/><E47/><V16/><F5/><W17/><G17/><T120/><D120/><U88/><REACH who="1" step="1"/><E83/><REACH who="1" ten="297,217,178,288" step="2"/><V82/><F82/><W6/><G6/><T94/><D72/><U93/><E93/><V45/><F123/><W122/><G122/><T70/><D74/><U29/><E29/><V41/><F16/><W76/><AGARI ba="0,2" hai="12,15,38,42,46,54,58,60,62,67,69,76,80,85" machi="76" ten="20,3900,0" yaku="1,1,0,1,7,1,53,0" doraHai="32" doraHaiUra="114" who="3" fromWho="3" sc="297,-13,217,-13,178,-13,288,59" /><INIT seed="3,1,0,3,1,55" ten="284,204,165,347" oya="3" hai0="50,120,27,36,87,30,68,40,7,109,28,43,44" hai1="6,4,85,29,13,104,124,73,31,20,114,89,123" hai2="19,132,103,116,88,95,101,119,23,80,94,83,15" hai3="115,92,58,38,112,59,129,41,81,111,47,24,11"/><W105/><G105/><T8/><D120/><U62/><E114/><V66/><F132/><W135/><G135/><T86/><D68/><U53/><E123/><V10/><F119/><W51/><G129/><T133/><D109/><U57/><E124/><V46/><F116/><W130/><G130/><T26/><D133/><U1/><E73/><V34/><F34/><W99/><G111/><T134/><D134/><U77/><E104/><V126/><F126/><W16/><G38/><T93/><D36/><U106/><E106/><V49/><F66/><W14/><G112/><T110/><D110/><U17/><E77/><V69/><F69/><W65/><G65/><T78/><D78/><U121/><E121/><V2/><F2/><W74/><G115/><T25/><D40/><U72/><E72/><V64/><F23/><N who="3" m="13415" /><G81/><N who="2" m="31305" /><F64/><W70/><G70/><T0/><D93/><N who="1" m="54447" /><E1/><V82/><F95/><W35/><G35/><T76/><REACH who="0" step="1"/><D76/><REACH who="0" ten="274,204,165,347" step="2"/><U84/><E84/><AGARI ba="1,1" hai="0,7,8,25,26,27,28,30,43,44,50,84,86,87" machi="84" ten="40,2600,0" yaku="1,1,2,1,53,0" doraHai="55" doraHaiUra="61" who="0" fromWho="1" sc="274,39,204,-29,165,0,347,0" /><INIT seed="4,0,0,2,3,21" ten="313,175,165,347" oya="0" hai0="58,98,129,67,57,38,73,87,103,45,59,53,133" hai1="43,126,64,90,42,35,34,63,92,76,79,65,95" hai2="106,54,82,132,36,108,33,4,1,14,94,18,123" hai3="102,120,91,9,13,39,84,107,10,134,31,47,124"/><T70/><D73/><U0/><E0/><V37/><F94/><W100/><G134/><T113/><D133/><U117/><E126/><V122/><F54/><W78/><G124/><T74/><D74/><U93/><E90/><V19/><F82/><W46/><G120/><T5/><D113/><U72/><E72/><V110/><F106/><W26/><G78/><N who="1" m="29738" /><E63/><V60/><F60/><W69/><G69/><T24/><D5/><U96/><E96/><V66/><F132/><W22/><G10/><T27/><D70/><U109/><E109/><N who="2" m="42091" /><F66/><N who="1" m="25705" /><E117/><V128/><F37/><W114/><G114/><T15/><D67/><U131/><E131/><V32/><F36/><W44/><G39/><T56/><D129/><U48/><E48/><V101/><F101/><W75/><G107/><T71/><D71/><U52/><E52/><V29/><F128/><W99/><G99/><T61/><D38/><U81/><E81/><V135/><F135/><W49/><G49/><N who="0" m="28847" /><D87/><U3/><E3/><V7/><F1/><W121/><G121/><N who="2" m="46089" /><F14/><W6/><G75/><T40/><D15/><U83/><E83/><AGARI ba="0,0" hai="6,9,13,22,26,31,44,46,47,83,84,91,100,102" machi="83" ten="40,2600,0" yaku="8,1,52,1" doraHai="21" who="3" fromWho="1" sc="313,0,175,-26,165,0,347,26" /><INIT seed="5,0,0,2,1,84" ten="313,149,165,373" oya="1" hai0="32,98,66,112,120,130,30,24,14,106,76,111,59" hai1="71,9,74,34,44,121,91,131,103,22,31,90,114" hai2="104,117,115,101,26,109,28,81,93,57,58,100,107" hai3="63,1,96,92,21,48,75,2,86,97,47,132,73"/><U88/><E121/><V94/><F109/><W134/><G86/><T62/><D111/><U5/><E71/><V124/><F117/><W39/><G39/><T116/><D116/><U89/><E74/><V23/><F124/><W60/><G21/><T99/><D112/><U38/><E114/><V78/><F115/><W95/><G48/><T3/><D3/><U56/><E131/><V119/><F119/><W51/><G51/><T110/><D110/><U52/><E103/><V54/><F58/><W16/><G47/><T41/><D130/><U87/><E34/><V61/><F101/><W27/><G27/><T12/><D120/><U65/><E65/><V19/><F28/><W43/><G43/><T33/><D33/><U55/><E44/><V128/><F128/><W118/><G118/><T67/><D41/><U40/><E40/><V7/><F7/><W0/><G0/><T29/><D29/><U82/><E38/><V42/><F42/><W11/><G11/><T15/><D76/><U135/><E135/><V70/><F70/><W125/><G125/><T85/><D85/><U64/><E22/><V77/><F77/><W49/><G49/><T35/><D35/><U46/><E46/><V133/><F133/><W123/><G123/><T53/><D106/><N who="2" m="40490" /><F100/><W13/><G13/><T10/><D10/><U127/><E31/><V36/><F36/><W50/><G50/><T129/><D129/><U18/><E127/><V122/><F122/><W126/><G126/><T105/><D105/><U79/><N who="1" m="22528" /><DORA hai="68" /><U37/><E37/><V83/><F78/><W102/><G102/><RYUUKYOKU ba="0,0" sc="313,10,149,-30,165,10,373,10" hai0="12,14,15,24,30,32,53,59,62,66,67,98,99" hai2="19,23,26,54,57,61,81,83,93,94" hai3="1,2,16,60,63,73,75,92,95,96,97,132,134" /><INIT seed="6,1,0,2,1,135" ten="323,119,175,383" oya="2" hai0="93,104,96,16,22,68,63,110,114,12,33,35,26" hai1="125,122,70,83,10,124,50,76,6,89,115,91,117" hai2="18,64,80,86,4,43,56,74,92,126,31,111,52" hai3="42,100,116,112,67,123,90,51,65,7,121,11,0"/><V108/><F43/><W71/><G116/><T24/><D110/><N who="2" m="42026" /><F4/><W79/><G100/><T97/><D104/><U45/><E117/><V44/><F31/><W1/><G1/><T131/><D114/><U129/><E70/><V3/><F3/><W94/><G79/><T59/><D68/><U58/><E58/><V84/><F92/><W23/><G112/><T41/><D131/><U25/><E25/><N who="0" m="9833" /><D35/><U34/><E34/><V95/><F18/><W105/><G105/><T127/><D127/><N who="1" m="48715" /><E122/><V57/><F126/><W118/><G118/><T130/><D33/><U17/><E17/><V46/><F74/><W73/><G73/><T62/><D130/><U39/><E39/><V113/><F113/><W28/><G28/><T54/><D41/><N who="1" m="24879" /><E129/><V29/><F29/><W85/><G71/><T48/><D96/><U20/><E20/><V69/><F57/><W13/><G23/><T53/><D54/><U61/><E61/><N who="2" m="35975" /><F64/><W106/><G67/><T134/><D134/><U99/><E99/><V77/><F69/><W75/><G65/><T72/><D72/><N who="1" m="43399" /><E115/><V103/><F103/><AGARI ba="1,0" hai="12,16,22,48,53,59,62,63,93,97,103" m="9833" machi="103" ten="30,2000,0" yaku="8,1,54,1" doraHai="135" who="0" fromWho="2" sc="323,23,119,0,175,-23,383,0" /><INIT seed="7,0,0,3,5,20" ten="346,119,152,383" oya="3" hai0="101,42,51,93,127,7,15,107,44,128,30,5,92" hai1="113,36,60,57,55,25,3,8,63,69,58,97,2" hai2="29,23,71,53,96,35,27,104,83,28,121,72,67" hai3="120,118,19,80,132,78,38,95,49,68,116,64,98"/><W17/><G38/><T81/><D128/><U91/><E113/><V124/><F124/><W123/><G132/><T11/><D127/><U115/><E115/><V12/><F53/><W48/><G68/><T34/><D107/><U52/><E36/><V114/><F114/><W33/><G64/><T10/><D101/><U76/><E69/><V79/><F12/><W21/><G33/><T9/><D34/><U46/><E76/><V32/><F121/><W0/><G0/><T106/><D106/><U43/><E8/><V126/><F126/><W37/><G37/><T62/><D30/><U73/><E73/><V59/><F59/><W87/><G19/><T45/><D45/><U6/><E6/><V22/><F29/><W47/><G49/><T16/><D62/><U86/><E97/><V125/><F35/><W119/><G21/><T13/><D81/><U105/><E105/><V24/><F24/><W122/><G17/><T18/><D10/><U1/><E25/><V133/><F133/><W90/><REACH who="3" step="1"/><G123/><REACH who="3" ten="346,119,152,373" step="2"/><T65/><D65/><U111/><E111/><V82/><F67/><W134/><G134/><T103/><D103/><U89/><E86/><V117/><F32/><W129/><G129/><T31/><D31/><U61/><E61/><V102/><F28/><W112/><G112/><T26/><D26/><U131/><E131/><V110/><F27/><W77/><G77/><T85/><D85/><U99/><E99/><V40/><F96/><W14/><G14/><T109/><D109/><U66/><E66/><V4/><F110/><W56/><G56/><T108/><D108/><RYUUKYOKU ba="0,1" sc="346,10,119,10,152,-30,373,10" hai0="5,7,9,11,13,15,16,18,42,44,51,92,93" hai1="1,2,3,43,46,52,55,57,58,60,63,89,91" hai3="47,48,78,80,87,90,95,98,116,118,119,120,122" owari="356,16.0,129,-27.0,122,-38.0,393,49.0" /></mjloggm>