<mjloggm ver="2.3"><GO type="169" lobby="0"/><UN n0="%E3%81%B5%E3%81%96%E3%81%91%E3%82%8B%E3%83%9F%EF%BC%81" n1="%6A%61%63%6F%62%69%33%35" n2="%E2%98%85%E3%83%9B%E3%83%BC%E3%82%B9%E2%98%85" n3="%E3%81%BF%E3%81%A3%E3%81%8D%E3%83%BC" dan="17,16,16,17" rate="2126.58,2041.92,2169.32,2192.95" sx="M,M,M,M"/><TAIKYOKU oya="0"/><INIT seed="0,0,0,0,4,105" ten="250,250,250,250" oya="0" hai0="29,81,39,110,84,6,20,37,103,28,90,53,113" hai1="131,26,3,44,31,104,117,73,118,65,22,114,98" hai2="135,88,86,68,109,111,18,75,126,47,121,91,122" hai3="133,71,13,115,42,108,99,106,16,67,100,57,52"/><T50/><D113/><U58/><E3/><V55/><F68/><W132/><G108/><N who="2" m="41545" /><F47/><W87/><G42/><T32/><D110/><U41/><E131/><V9/><F55/><W33/><G33/><T40/><D32/><U4/><E4/><V34/><F34/><W24/><G24/><T130/><D130/><U21/><E21/><V127/><F135/><N who="3" m="51787" /><G115/><T64/><D103/><U10/><E10/><V102/><F9/><N who="3" m="6191" /><G87/><T8/><D64/><U35/><E58/><V59/><F59/><W107/><G107/><T134/><D134/><U119/><E65/><V2/><F2/><W23/><G23/><T70/><D70/><U89/><E114/><V17/><F102/><W12/><G12/><T63/><D20/><U19/><E35/><V120/><F17/><W124/><G67/><T128/><D128/><U112/><E112/><V80/><F18/><W56/><G124/><N who="2" m="47657" /><F75/><W43/><G43/><T45/><D37/><N who="1" m="21551" /><E73/><V83/><F86/><W95/><G71/><T92/><D39/><U123/><E19/><V14/><F14/><W1/><G1/><T79/><D8/><U62/><E26/><V97/><F97/><N who="3" m="61711" /><G52/><T96/><D6/><U54/><E31/><V78/><F78/><W36/><G36/><T7/><D7/><U30/><E30/><V51/><F51/><W25/><G25/><T49/><D63/><U5/><E5/><V101/><F101/><AGARI ba="0,0" hai="56,57,95,99,101" m="61711,6191,51787" machi="101" ten="30,2000,0" yaku="20,1,54,1" doraHai="105" who="3" fromWho="2" sc="250,0,250,0,250,-20,250,20" /><INIT seed="1,0,0,3,5,7" ten="250,250,230,270" oya="1" hai0="34,11,129,69,104,128,29,133,43,66,26,53,99" hai1="125,82,12,78,72,86,33,8,117,102,55,106,134" hai2="49,30,135,3,110,115,65,73,59,5,64,18,62" hai3="116,14,16,38,101,44,131,97,48,32,10,42,9"/><U13/><E117/><V80/><F135/><W56/><G32/><T132/><D53/><U121/><E121/><V28/><F110/><W61/><G131/><N who="0" m="50251" /><D43/><U91/><E33/><V76/><F115/><W15/><G116/><T36/><D36/><U68/><E68/><V93/><F65/><W46/><G46/><T122/><D122/><U79/><E134/><N who="0" m="51817" /><D11/><U19/><E72/><V40/><F18/><N who="3" m="8527" /><G38/><T103/><D66/><U31/><E31/><V74/><F74/><W50/><G50/><T98/><D98/><U107/><E13/><V100/><F49/><W47/><G47/><T77/><D77/><U41/><E41/><V88/><F40/><W81/><G61/><T21/><D21/><U119/><E79/><V52/><F64/><W51/><G51/><T23/><D23/><U75/><E55/><V126/><F28/><W0/><G42/><T113/><D113/><U90/><E78/><V22/><F22/><W105/><G44/><T35/><D35/><U6/><E119/><V109/><F30/><W60/><G48/><T130/><N who="0" m="50259" /><T71/><AGARI ba="0,0" hai="26,29,34,69,71,99,103,104" m="51817,50259" machi="71" ten="50,8000,1" yaku="4,1,19,1,20,1,23,1" doraHai="7" who="0" fromWho="0" sc="250,80,250,-40,230,-20,270,-20" /><INIT seed="2,0,0,4,0,13" ten="330,210,210,250" oya="2" hai0="106,66,84,22,1,92,91,48,21,47,28,62,110" hai1="19,90,129,20,61,31,14,59,83,46,125,2,104" hai2="42,112,60,89,73,8,94,0,97,132,37,40,109" hai3="63,119,65,75,9,51,29,30,57,77,115,74,3"/><V54/><F112/><W113/><G119/><T114/><D110/><U25/><E2/><V80/><F109/><W55/><G3/><T98/><D1/><U18/><E104/><V38/><F132/><W86/><G86/><T131/><D131/><U70/><E70/><V33/><F33/><W128/><G9/><T117/><D28/><N who="3" m="10857" /><G77/><T16/><D117/><U71/><E71/><V121/><F121/><W52/><G55/><T130/><D22/><U45/><E129/><V64/><F54/><W93/><G93/><T49/><D130/><U43/><E125/><V53/><F53/><W87/><G87/><T79/><D47/><N who="1" m="17931" /><E14/><V122/><F122/><W12/><G12/><N who="0" m="9351" /><D106/><U102/><E102/><V82/><F0/><W78/><G78/><T95/><D114/><N who="3" m="43529" /><G128/><T116/><D116/><U120/><E43/><V108/><F108/><W56/><AGARI ba="0,0" hai="51,52,56,57,63,65,74,75" m="43529,10857" machi="56" ten="30,2000,0" yaku="11,1,54,1" doraHai="13" who="3" fromWho="3" sc="330,-5,210,-5,210,-10,250,20" /><INIT seed="3,0,0,3,0,33" ten="325,205,200,270" oya="3" hai0="91,123,31,96,79,101,100,108,74,109,94,99,80" hai1="135,52,50,61,130,0,48,81,128,43,38,47,28" hai2="131,122,27,16,44,133,84,107,53,111,134,88,89" hai3="40,2,71,77,5,20,132,112,67,75,87,60,119"/><W98/><G112/><T3/><D3/><U78/><E28/><V126/><F107/><W116/><G132/><N who="2" m="50793" /><F111/><N who="0" m="42570" /><D31/><U70/><E0/><V97/><F122/><W23/><G87/><T57/><D57/><N who="1" m="34983" /><E135/><V6/><F6/><W46/><G23/><T26/><D26/><U104/><E104/><V15/><F131/><N who="1" m="50217" /><E70/><V17/><F126/><W125/><G20/><T9/><D9/><U58/><E58/><V90/><F27/><W41/><G125/><T22/><D22/><U37/><E50/><N who="2" m="28871" /><F97/><N who="0" m="37450" /><D123/><U76/><E76/><V105/><F105/><W65/><G98/><AGARI ba="0,0" hai="74,79,80,91,94,98,100,101" m="37450,42570" machi="98" ten="30,3900,0" yaku="14,1,34,2" doraHai="33" who="0" fromWho="3" sc="325,39,205,0,200,0,270,-39" /><INIT seed="4,0,0,4,3,81" ten="364,205,200,231" oya="0" hai0="100,62,134,55,2,83,114,56,39,82,107,113,18" hai1="116,80,95,57,124,84,26,0,96,36,44,1,51" hai2="89,130,63,87,64,13,12,7,65,74,4,66,85" hai3="133,70,42,77,14,37,23,19,101,41,69,79,125"/><T110/><D2/><U103/><E116/><V78/><F74/><W112/><G112/><N who="0" m="43115" /><D39/><U91/><E36/><V119/><F119/><W43/><G37/><T127/><D127/><U122/><E122/><V52/><F130/><W40/><G101/><T59/><D134/><U86/><E57/><N who="2" m="35239" /><F78/><W34/><G34/><T121/><D121/><U131/><E131/><V73/><F73/><W33/><G33/><T47/><D47/><U20/><E86/><N who="2" m="32779" /><F89/><W108/><G108/><T54/><D110/><U48/><E124/><V106/><F106/><W90/><G133/><T61/><D107/><U29/><REACH who="1" step="1"/><E51/><REACH who="1" ten="364,195,200,231" step="2"/><V76/><F76/><W46/><G79/><T93/><D82/><U38/><E38/><V94/><F94/><W5/><G77/><T109/><D83/><U21/><E21/><V6/><AGARI ba="0,1" hai="4,6,7,12,13,64,65,66" m="32779,35239" machi="6" ten="40,8000,1" yaku="8,1,52,3,54,1" doraHai="81" who="2" fromWho="2" sc="364,-40,195,-20,200,90,231,-20" /><INIT seed="5,0,0,2,4,30" ten="324,175,290,211" oya="1" hai0="119,113,55,56,6,48,47,29,130,37,101,35,7" hai1="127,128,77,78,20,75,57,89,133,124,15,81,17" hai2="96,16,23,79,64,106,8,112,61,122,10,44,62" hai3="27,107,11,33,42,117,109,36,91,4,102,108,34"/><U71/><E71/><V12/><F122/><W100/><G91/><T104/><D119/><U120/><E120/><V132/><F132/><W0/><G100/><T49/><D37/><U58/><E133/><V95/><F106/><W14/><G14/><T125/><D113/><U2/><E2/><V54/><F112/><W3/><G3/><T74/><D74/><U67/><E128/><V135/><F79/><W52/><G52/><T69/><D69/><U85/><E67/><V19/><F135/><W13/><G13/><T38/><D38/><U121/><E78/><V87/><F87/><W66/><G66/><T129/><D125/><N who="1" m="48203" /><E121/><V88/><F19/><W39/><G39/><T59/><D104/><U97/><E97/><V82/><F82/><AGARI ba="0,0" hai="15,17,20,57,58,75,77,81,82,85,89" m="48203" machi="82" ten="30,1500,0" yaku="18,1" doraHai="30" who="1" fromWho="2" sc="324,0,175,15,290,-15,211,0" /><INIT seed="5,1,0,2,4,121" ten="324,190,275,211" oya="1" hai0="81,94,46,40,134,79,76,64,74,65,16,120,84" hai1="24,114,123,48,21,72,17,51,36,32,56,80,45" hai2="37,77,14,31,18,115,10,11,73,53,55,33,44" hai3="8,112,71,129,68,62,34,78,111,101,25,0,118"/><U4/><E123/><V96/><F73/><W61/><G78/><T30/><D120/><U20/><E114/><V89/><F115/><W43/><G112/><T113/><D113/><U22/><E36/><V135/><F135/><W93/><G43/><T106/><D30/><U69/><E69/><V110/><F110/><W100/><G25/><T60/><D106/><U70/><E70/><V41/><F77/><W117/><G34/><T38/><D134/><U52/><E4/><V66/><F66/><W67/><G129/><T50/><D38/><U63/><E32/><V42/><F42/><W92/><G8/><T86/><D74/><U90/><E51/><V28/><F10/><W27/><G27/><T104/><D104/><U57/><E57/><V133/><F133/><W88/><G88/><N who="0" m="53511" /><D76/><U39/><E39/><V109/><F109/><W47/><G47/><T132/><D60/><U12/><E72/><V6/><F6/><W127/><G127/><T29/><D29/><N who="2" m="11338" /><F33/><W54/><G0/><T91/><D79/><U124/><E124/><V49/><F37/><W99/><G111/><T58/><D58/><U85/><REACH who="1" step="1"/><E24/><REACH who="1" ten="324,180,275,211" step="2"/><V15/><F15/><W7/><G7/><T107/><D132/><U2/><E2/><V82/><F14/><W128/><G71/><T103/><D50/><U59/><E59/><V23/><F49/><W3/><G3/><T19/><D46/><U119/><E119/><V35/><F44/><W125/><G125/><T83/><D40/><AGARI ba="1,1" hai="12,17,20,21,22,40,45,48,52,56,63,80,85,90" machi="40" ten="30,11600,0" yaku="1,1,7,1,8,1,54,1,53,0" doraHai="121" doraHaiUra="26" who="1" fromWho="0" sc="324,-119,180,129,275,0,211,0" /><INIT seed="5,2,0,4,3,26" ten="205,309,275,211" oya="1" hai0="101,129,54,86,32,5,124,63,131,121,15,19,135" hai1="48,10,132,16,108,46,83,92,41,117,4,27,93" hai2="99,51,12,100,102,64,122,80,57,44,87,21,106" hai3="11,125,35,107,28,128,103,118,105,127,43,33,112"/><U123/><E117/><V68/><F122/><W49/><G112/><T13/><D101/><U130/><E123/><V94/><F68/><W8/><G128/><N who="0" m="49227" /><D121/><U95/><E108/><V39/><F39/><W115/><G115/><T70/><D32/><U61/><E132/><V71/><F71/><W97/><G118/><T18/><D135/><U23/><E130/><V67/><F102/><W45/><G105/><T34/><D34/><N who="3" m="12809" /><G28/><T73/><D73/><U114/><E114/><V90/><F57/><W96/><G96/><T98/><D98/><U20/><E20/><V59/><F59/><W134/><G134/><T77/><D54/><U0/><E83/><V79/><F12/><N who="0" m="4682" /><D5/><U52/><REACH who="1" step="1"/><E61/><REACH who="1" ten="205,299,275,211" step="2"/><V76/><F21/><W69/><G8/><T30/><D63/><U120/><E120/><V6/><F6/><W104/><G11/><T89/><D124/><U55/><AGARI ba="2,1" hai="0,4,10,16,23,27,41,46,48,52,55,92,93,95" machi="55" ten="30,11700,0" yaku="1,1,0,1,54,2,53,0" doraHai="26" doraHaiUra="65" who="1" fromWho="1" sc="205,-41,299,133,275,-41,211,-41" /><INIT seed="5,3,0,5,4,27" ten="164,432,234,170" oya="1" hai0="135,112,102,110,132,105,10,99,35,57,22,30,56" hai1="5,71,32,36,122,106,70,130,17,77,19,123,103" hai2="12,93,108,37,109,124,14,48,43,74,7,125,101" hai3="75,9,91,121,28,73,65,34,13,126,44,47,80"/><U133/><E77/><V113/><F37/><W66/><G121/><T90/><D110/><N who="2" m="42602" /><F74/><W118/><G126/><N who="2" m="48745" /><F7/><W55/><G73/><T18/><D112/><U85/><E5/><V63/><F113/><W119/><G28/><T67/><D90/><U50/><E103/><V6/><F6/><W15/><G34/><T88/><D10/><U131/><E32/><V98/><F63/><W20/><G20/><T58/><D67/><U2/><E36/><V45/><AGARI ba="3,0" hai="12,14,43,45,48,93,98,101" m="48745,42602" machi="45" ten="40,1500,0" yaku="18,1" doraHai="27" who="2" fromWho="2" sc="164,-7,432,-10,234,24,170,-7" /><INIT seed="6,0,0,4,5,100" ten="157,422,258,163" oya="2" hai0="0,74,86,4,108,54,63,38,18,83,29,119,50" hai1="129,66,19,115,42,8,5,126,7,109,39,64,134" hai2="72,135,41,106,35,87,15,21,56,2,28,122,68" hai3="124,77,34,32,40,46,131,43,81,49,25,97,117"/><V95/><F68/><W14/><G117/><T112/><D108/><U71/><E7/><V89/><F72/><W88/><G124/><T44/><D112/><U91/><E19/><V55/><F122/><W17/><G131/><T53/><D119/><U120/><E91/><V110/><F2/><W73/><G25/><T36/><D29/><U84/><E84/><V70/><F70/><W26/><G26/><T76/><D4/><U99/><E99/><V96/><F110/><W90/><G43/><T59/><D0/><U125/><E8/><V20/><F41/><W107/><G107/><T51/><D74/><U52/><E5/><V127/><F135/><W3/><G3/><T101/><D101/><U80/><E80/><V105/><F127/><W33/><REACH who="3" step="1"/><G97/><REACH who="3" ten="157,422,258,153" step="2"/><T16/><D38/><U30/><E39/><V47/><F96/><W24/><G24/><T130/><D36/><U118/><E42/><V114/><F114/><W6/><G6/><T132/><D130/><U94/><E115/><V31/><F35/><W69/><G69/><T27/><D132/><U111/><E71/><V133/><F133/><W57/><G57/><N who="0" m="32951" /><D27/><U58/><E134/><V104/><F31/><W67/><G67/><AGARI ba="0,1" hai="16,18,44,51,54,59,63,67,76,83,86" m="32951" machi="67" ten="30,2000,0" yaku="8,1,54,1" doraHai="100" who="0" fromWho="3" sc="157,30,422,0,258,0,153,-20" /><INIT seed="7,0,0,2,2,20" ten="187,422,258,133" oya="3" hai0="14,29,1,116,24,127,92,106,10,46,68,66,6" hai1="111,124,93,86,35,79,97,84,90,74,44,110,9" hai2="78,64,5,60,128,103,80,61,120,43,105,36,119" hai3="126,73,81,16,118,131,19,22,100,38,31,104,76"/><W58/><G118/><T45/><D106/><U117/><E35/><V89/><F119/><W57/><G38/><T41/><D116/><U82/><E9/><V47/><F105/><W18/><G126/><T62/><D127/><U63/><E63/><V27/><F103/><W115/><G115/><T88/><D41/><U123/><E44/><V56/><F89/><W48/><G131/><T34/><D1/><U59/><E59/><V83/><F128/><W67/><G48/><T65/><D65/><U21/><E21/><V133/><F5/><W13/><G58/><T50/><D50/><U101/><E124/><V70/><F133/><W0/><G0/><T109/><D109/><U114/><E114/><V113/><F113/><W87/><G73/><T69/><D68/><U54/><E54/><V39/><F39/><W72/><G72/><T51/><D51/><U125/><E123/><V30/><F120/><W96/><REACH who="3" step="1"/><G31/><REACH who="3" ten="187,422,258,123" step="2"/><T26/><REACH who="0" step="1"/><D26/><REACH who="0" ten="177,422,258,123" step="2"/><U91/><E74/><V23/><F27/><W15/><G15/><T122/><D122/><U11/><E125/><V102/><F70/><W49/><G49/><T42/><D42/><U107/><E117/><V37/><F43/><W85/><G85/><AGARI ba="0,2" hai="6,10,14,24,29,34,45,46,62,66,69,85,88,92" machi="85" ten="30,8000,1" yaku="1,1,7,1,52,1,54,1,53,1" doraHai="20" doraHaiUra="28" who="0" fromWho="3" sc="177,100,422,0,258,0,123,-80" owari="277,8.0,422,52.0,258,-14.0,43,-46.0" /></mjloggm>