<mjloggm ver="2.3"><GO type="169" lobby="0"/><UN n0="%E4%B9%9D%E4%B8%88%E8%8A%B1%E9%9F%B3" n1="%E3%82%8A%E3%82%86%E3%83%BC" n2="%E5%8F%A4%E6%9C%AC" n3="%E9%9B%B6%E7%95%AA%E9%9A%8A%E9%9A%8A%E9%95%B7" dan="16,18,16,18" rate="2189.98,2256.48,2075.89,2263.11" sx="F,M,M,M"/><TAIKYOKU oya="0"/><INIT seed="0,0,0,5,4,71" ten="250,250,250,250" oya="0" hai0="86,88,26,15,20,97,102,18,122,68,95,32,48" hai1="58,54,123,73,69,119,41,66,25,5,113,29,51" hai2="56,91,112,21,4,19,38,127,67,96,65,132,53" hai3="134,92,116,72,50,33,93,59,10,42,36,131,17"/><T107/><D122/><U77/><E119/><V23/><F112/><W105/><G105/><T126/><D126/><U9/><E123/><V16/><F38/><W47/><G116/><T78/><D68/><U99/><E113/><V101/><F4/><W133/><G33/><T90/><D48/><U37/><E99/><V114/><F114/><W135/><G72/><T13/><D78/><U130/><E130/><V45/><F45/><W125/><G131/><T6/><D32/><U98/><E98/><V40/><F40/><W46/><G59/><T30/><D6/><U11/><E77/><V2/><F2/><W110/><G110/><T55/><D55/><U118/><E73/><V104/><F91/><W43/><REACH who="3" step="1"/><G125/><REACH who="3" ten="250,250,250,240" step="2"/><T22/><REACH who="0" step="1"/><D90/><REACH who="0" ten="240,250,250,240" step="2"/><U124/><E124/><V64/><F127/><W57/><G57/><T100/><D100/><U49/><E118/><V89/><F89/><W85/><G85/><T129/><D129/><U120/><E120/><V108/><F56/><W60/><G60/><T94/><D94/><U117/><E117/><V27/><F101/><W80/><G80/><T62/><D62/><U70/><E70/><V106/><F108/><W39/><G39/><T28/><D28/><U35/><E69/><V34/><F34/><W121/><G121/><T75/><D75/><U12/><E37/><V61/><F61/><W83/><G83/><T84/><D84/><U44/><E66/><V7/><F67/><W111/><G111/><T128/><D128/><U0/><E29/><V74/><F65/><W103/><G103/><T14/><AGARI ba="0,2" hai="13,14,15,18,20,22,26,30,86,88,95,97,102,107" machi="14" ten="20,12000,1" yaku="1,1,0,1,7,1,54,1,53,1" doraHai="71" doraHaiUra="87" who="0" fromWho="0" sc="240,140,250,-40,250,-40,240,-40" /><INIT seed="0,1,0,4,3,90" ten="380,210,210,200" oya="0" hai0="103,13,119,45,88,123,62,130,106,35,68,44,102" hai1="72,25,42,77,97,132,21,1,47,127,121,0,85" hai2="38,58,89,28,36,134,64,108,9,52,120,61,109" hai3="73,3,24,65,78,17,32,100,111,129,99,91,29"/><T40/><D119/><U115/><E121/><V55/><F120/><W56/><G111/><N who="2" m="42569" /><F134/><W14/><G129/><T95/><D123/><U19/><E132/><V43/><F28/><W118/><G118/><T101/><D35/><U76/><E72/><V48/><F9/><W105/><G3/><T124/><D130/><U15/><E127/><V79/><F79/><W4/><G4/><T11/><D124/><U75/><E75/><V92/><F43/><W94/><G65/><T125/><D125/><U84/><E115/><V31/><F31/><W30/><G30/><T26/><D26/><U107/><E77/><V117/><F117/><W80/><G56/><T86/><D106/><U98/><E107/><V128/><F128/><W67/><G67/><T104/><D104/><U5/><E1/><V57/><F64/><W18/><REACH who="3" step="1"/><G14/><REACH who="3" ten="380,210,210,190" step="2"/><T16/><D68/><U53/><E0/><V7/><F7/><W60/><G60/><T41/><D62/><U12/><E12/><V70/><F70/><W116/><G116/><T110/><D110/><U66/><E66/><V112/><F112/><W37/><G37/><T54/><D44/><U27/><E5/><V71/><F71/><W39/><G39/><T135/><D135/><U122/><E122/><V113/><F113/><W93/><G93/><T59/><D59/><U87/><E27/><V8/><F8/><W51/><G51/><AGARI ba="1,1" hai="11,13,16,40,41,45,51,54,86,88,95,101,102,103" machi="51" ten="40,12000,1" yaku="8,1,52,1,54,2" doraHai="90" who="0" fromWho="3" sc="380,133,210,0,210,0,190,-123" /><INIT seed="0,2,0,2,2,72" ten="513,210,210,67" oya="0" hai0="66,118,29,73,52,35,107,49,99,92,135,16,41" hai1="30,37,89,102,121,17,11,25,122,101,5,124,80" hai2="133,63,24,95,39,123,67,69,68,87,120,83,14" hai3="33,51,100,4,57,0,74,90,113,19,1,31,131"/><T59/><D118/><U60/><E37/><V6/><F39/><W111/><G113/><T127/><D73/><U129/><E129/><V88/><F69/><W104/><G131/><T114/><D114/><U81/><E124/><V43/><F43/><W46/><G111/><T20/><D107/><U78/><E17/><V10/><F133/><W117/><G117/><T116/><D116/><U79/><E89/><V134/><F134/><W23/><G74/><T106/><D106/><U103/><E60/><V40/><F40/><W45/><G57/><T94/><D127/><U112/><E112/><V82/><REACH who="2" step="1"/><F24/><REACH who="2" ten="513,210,200,67" step="2"/><W38/><G38/><T18/><D41/><U34/><E122/><AGARI ba="2,1" hai="6,10,14,63,67,68,82,83,87,88,95,120,122,123" machi="122" ten="40,5200,0" yaku="1,1,2,1,54,1,53,0" doraHai="72" doraHaiUra="93" who="2" fromWho="1" sc="513,0,210,-58,200,68,67,0" /><INIT seed="1,0,0,0,0,72" ten="513,152,268,67" oya="1" hai0="103,50,41,92,127,20,2,112,26,85,12,3,70" hai1="54,84,102,16,17,53,83,101,38,109,49,115,59" hai2="130,56,25,30,11,45,122,87,107,80,73,60,8" hai3="52,67,119,98,116,39,120,104,14,131,114,6,91"/><U44/><E115/><V19/><F107/><W96/><G120/><T15/><D70/><U129/><E129/><V128/><F73/><W65/><G114/><T57/><D127/><U13/><E109/><V106/><F45/><W32/><G32/><T21/><D3/><U10/><E17/><V34/><F19/><W9/><G39/><T7/><D2/><U24/><E24/><V124/><F106/><W79/><G79/><T4/><D20/><U63/><REACH who="1" step="1"/><E38/><REACH who="1" ten="513,142,268,67" step="2"/><V40/><F25/><W28/><G131/><T99/><D26/><U78/><AGARI ba="0,1" hai="10,13,16,44,49,53,54,59,63,78,83,84,101,102" machi="78" ten="20,18000,2" yaku="1,1,2,1,0,1,7,1,8,1,52,1,54,1,53,0" doraHai="72" doraHaiUra="35" who="1" fromWho="1" sc="513,-60,142,190,268,-60,67,-60" /><INIT seed="1,1,0,0,4,108" ten="453,332,208,7" oya="1" hai0="24,22,97,35,27,7,115,8,103,23,42,0,129" hai1="87,93,40,72,69,17,44,100,107,82,55,10,57" hai2="120,68,105,95,50,28,71,63,25,90,84,123,19" hai3="122,85,102,130,104,52,41,126,92,11,56,86,29"/><U46/><E69/><V77/><F105/><W67/><G122/><T96/><D129/><U94/><E107/><V134/><F134/><W81/><G130/><T58/><D35/><U30/><E30/><V47/><F77/><W37/><G104/><T36/><D36/><U26/><E72/><V113/><F19/><W124/><G67/><T111/><D42/><U78/><E40/><V18/><F18/><W48/><G29/><T13/><D0/><U106/><E106/><V53/><F113/><W62/><G37/><T64/><D115/><U88/><E100/><V20/><REACH who="2" step="1"/><F63/><REACH who="2" ten="453,332,198,7" step="2"/><W3/><G3/><T61/><D111/><U91/><E78/><V112/><F112/><W1/><G1/><T135/><D135/><U114/><E114/><V31/><F31/><W45/><G11/><T128/><D8/><U66/><E10/><V14/><F14/><W79/><G102/><T16/><D13/><U80/><E17/><V15/><F15/><W70/><G70/><AGARI ba="1,1" hai="20,25,28,47,50,53,68,70,71,84,90,95,120,123" machi="70" ten="40,1300,0" yaku="1,1,53,0" doraHai="108" doraHaiUra="33" who="2" fromWho="3" sc="453,0,332,0,198,26,7,-16" owari="453,56.0,332,13.0,224,-18.0,-9,-51.0" /></mjloggm>