<mjloggm ver="2.3"><GO type="169" lobby="0"/><UN n0="%E8%91%B5%E3%81%A1%E3%82%83%E3%82%93" n1="%E2%80%A0%E6%B0%B4%E9%8A%80%E7%87%88%E2%80%A0" n2="%70%6D%6A%70%6D%70%61" n3="%E3%81%BF%E3%81%8B%E3%82%82%E3%82%81" dan="16,16,16,17" rate="2132.23,2166.00,2049.14,2212.47" sx="F,F,M,M"/><TAIKYOKU oya="0"/><INIT seed="0,0,0,2,1,47" ten="250,250,250,250" oya="0" hai0="91,92,82,27,72,81,80,17,123,113,63,71,122" hai1="5,16,97,107,69,8,84,135,134,74,12,10,77" hai2="125,15,83,24,31,95,128,73,120,38,14,34,87" hai3="2,111,21,127,101,129,109,20,76,54,3,43,115"/><T56/><D113/><U126/><E69/><V112/><F112/><W33/><G115/><T53/><D71/><U61/><E74/><V0/><F0/><W90/><G101/><T103/><D103/><U28/><E126/><V22/><F120/><W32/><G76/><T116/><D116/><U41/><E28/><V114/><F38/><W78/><G78/><T37/><D37/><U13/><E61/><V89/><F73/><W118/><G54/><T86/><REACH who="0" step="1"/><D72/><REACH who="0" ten="240,250,250,250" step="2"/><U50/><E107/><V94/><F114/><W106/><G118/><T35/><D35/><U96/><E134/><V133/><F34/><W70/><G106/><T68/><D68/><U98/><E135/><V132/><F133/><W88/><G70/><T108/><D108/><U51/><E41/><V79/><F132/><W130/><REACH who="3" step="1"/><G43/><REACH who="3" ten="240,250,250,240" step="2"/><T11/><D11/><U59/><E59/><V117/><F117/><W25/><G25/><T7/><D7/><U64/><E64/><V39/><F24/><W93/><G93/><T124/><D124/><AGARI ba="0,2" hai="2,3,20,21,32,33,88,90,109,111,124,127,129,130" machi="124" ten="25,6400,0" yaku="1,1,22,2,54,1,53,0" doraHai="47" doraHaiUra="40" who="3" fromWho="0" sc="240,-64,250,0,250,0,240,84" /><INIT seed="1,0,0,4,4,84" ten="176,250,250,324" oya="1" hai0="127,119,20,9,74,72,88,58,15,133,122,52,35" hai1="60,107,2,90,102,49,135,64,112,42,131,128,34" hai2="94,114,17,105,30,130,108,57,67,22,103,26,63" hai3="111,65,55,6,39,78,89,38,73,81,46,116,51"/><U23/><E112/><V70/><F108/><W117/><G111/><T115/><D119/><N who="3" m="45641" /><G65/><T113/><D115/><U8/><E34/><V45/><F130/><W86/><G6/><T40/><D113/><U14/><E2/><V123/><F123/><W77/><G77/><T36/><D35/><U41/><E135/><V100/><F114/><W61/><G61/><T97/><D122/><U83/><E23/><V44/><F105/><W118/><N who="3" m="45649" /><W82/><AGARI ba="0,0" hai="38,39,46,51,55,73,78,81,82,86,89" m="45649" machi="82" ten="40,5200,0" yaku="4,1,12,1,52,1" doraHai="84" who="3" fromWho="3" sc="176,-13,250,-26,250,-13,324,52" /><INIT seed="2,0,0,5,3,18" ten="163,224,237,376" oya="2" hai0="78,65,28,113,26,47,1,76,10,92,13,35,5" hai1="135,29,49,117,68,52,17,19,27,51,112,130,121" hai2="106,134,125,82,127,71,122,2,86,120,14,62,34" hai3="12,98,70,74,64,3,88,22,69,118,114,15,63"/><V31/><F106/><W33/><G118/><T90/><D113/><U109/><E117/><V56/><F71/><W42/><G33/><T21/><D65/><U95/><E112/><V93/><F2/><W45/><G3/><T77/><D47/><U80/><E109/><V54/><F34/><W83/><G114/><T7/><D7/><U43/><E135/><V129/><F134/><W55/><G55/><T48/><D48/><U72/><E68/><V97/><F31/><W94/><G70/><T75/><D75/><U87/><E130/><V110/><F129/><W57/><G69/><T103/><D103/><U108/><E108/><V116/><F116/><W67/><G64/><T119/><D119/><U124/><E124/><N who="2" m="47691" /><F14/><W44/><G12/><T102/><D102/><U4/><E4/><V61/><F62/><W25/><G15/><T101/><D101/><U8/><E72/><V73/><F73/><W104/><G104/><T111/><D111/><U0/><E95/><V23/><F110/><W84/><G42/><T11/><D11/><U30/><E30/><V46/><BYE who="1" /><F46/><W37/><G37/><T53/><D53/><U36/><E36/><V115/><F115/><W132/><G132/><T107/><D107/><U16/><E16/><V9/><F9/><W38/><G38/><T32/><REACH who="0" step="1"/><D1/><REACH who="0" ten="153,224,237,376" step="2"/><U6/><E6/><V100/><F120/><W40/><G74/><T20/><D20/><U128/><E128/><V85/><F122/><W81/><G40/><UN n1="%E2%80%A0%E6%B0%B4%E9%8A%80%E7%87%88%E2%80%A0" /><T99/><AGARI ba="0,1" hai="5,10,13,21,26,28,32,35,76,77,78,90,92,99" machi="99" ten="30,4000,0" yaku="1,1,0,1,52,1,53,0" doraHai="18" doraHaiUra="105" who="0" fromWho="0" sc="153,50,224,-10,237,-20,376,-10" /><INIT seed="3,0,0,1,0,28" ten="203,214,217,366" oya="3" hai0="66,14,61,123,89,115,75,105,47,16,94,98,40" hai1="96,55,46,133,101,33,37,68,119,6,52,122,93" hai2="132,11,106,0,84,2,53,79,9,111,5,97,19" hai3="51,17,8,20,102,49,56,117,73,72,95,116,41"/><W39/><G39/><T30/><D123/><U108/><E122/><V87/><F111/><W92/><G8/><T58/><D115/><U57/><E68/><V4/><F132/><W42/><G56/><T22/><D75/><U130/><E130/><V112/><BYE who="1" /><F112/><W63/><G63/><T3/><D3/><U31/><E31/><V65/><F65/><W23/><G17/><T35/><D105/><U26/><E26/><V114/><F114/><W34/><REACH who="3" step="1"/><G102/><REACH who="3" ten="203,214,217,356" step="2"/><T91/><D58/><UN n1="%E2%80%A0%E6%B0%B4%E9%8A%80%E7%87%88%E2%80%A0" /><U69/><E57/><V88/><F19/><W104/><G104/><T18/><D61/><U15/><E101/><V70/><F106/><W90/><G90/><T10/><D91/><U54/><E37/><V81/><F70/><W127/><G127/><T24/><D66/><U12/><E69/><V76/><F76/><W124/><G124/><T50/><REACH who="0" step="1"/><D18/><REACH who="0" ten="193,214,217,356" step="2"/><U7/><E7/><V25/><F5/><W83/><G83/><T135/><D135/><U21/><E133/><V64/><F4/><W107/><G107/><T27/><D27/><U38/><E6/><V60/><F88/><W125/><G125/><T44/><D44/><U99/><E46/><V32/><F60/><W110/><G110/><T77/><D77/><U48/><E108/><V74/><F79/><W134/><G134/><T100/><D100/><U128/><E128/><V85/><F81/><W36/><G36/><T71/><D71/><U67/><E38/><V82/><F82/><W78/><G78/><T121/><D121/><U129/><E129/><V80/><F80/><W131/><G131/><T103/><D103/><RYUUKYOKU ba="0,2" sc="193,15,214,-15,217,-15,356,15" hai0="10,14,16,22,24,30,35,40,47,50,89,94,98" hai3="20,23,34,41,42,49,51,72,73,92,95,116,117" /><INIT seed="3,1,2,4,1,75" ten="208,199,202,371" oya="3" hai0="97,72,124,85,66,79,8,77,87,29,112,116,115" hai1="37,38,15,28,44,50,20,91,111,3,9,17,101" hai2="1,58,5,4,21,132,104,78,90,81,56,94,127" hai3="109,64,74,24,34,36,61,107,86,105,73,47,19"/><W123/><G123/><T69/><D116/><U71/><E71/><V118/><F118/><W46/><G86/><N who="0" m="32779" /><D72/><N who="3" m="27753" /><G19/><T32/><D124/><U95/><E101/><V6/><F104/><W45/><G45/><T31/><D97/><U12/><E3/><V25/><F127/><W98/><G47/><T55/><D55/><U93/><E111/><V2/><F132/><W18/><G18/><T125/><D8/><U49/><E49/><V43/><F43/><N who="3" m="22887" /><G98/><T133/><D133/><U40/><E12/><V27/><F81/><W26/><G26/><N who="0" m="18487" /><D31/><U80/><E80/><V89/><F2/><W7/><G7/><T65/><D125/><U96/><E93/><V103/><F1/><W135/><G135/><T99/><D99/><U110/><E110/><V70/><F27/><W131/><G109/><T16/><D16/><U134/><E134/><V126/><F25/><W128/><G24/><T129/><D69/><U30/><E30/><V117/><F70/><N who="3" m="42255" /><G34/><T102/><D102/><U0/><E28/><V11/><F21/><W92/><G92/><T59/><D66/><U106/><E9/><V14/><F11/><W41/><G41/><T76/><D129/><AGARI ba="1,2" hai="105,107,128,129,131" m="42255,22887,27753" machi="129" ten="30,2900,0" yaku="19,1,23,1" doraHai="75" who="3" fromWho="0" sc="208,-32,199,0,202,0,371,52" /><INIT seed="3,2,0,3,5,120" ten="176,199,202,423" oya="3" hai0="45,29,119,62,89,76,127,51,60,12,97,130,115" hai1="128,64,102,121,133,66,57,50,41,95,107,11,129" hai2="75,21,61,52,39,67,34,1,105,44,65,55,113" hai3="33,81,72,106,28,14,93,101,99,59,47,27,32"/><W46/><G33/><T86/><D119/><U90/><E107/><V24/><F113/><W30/><G30/><T0/><D115/><U42/><E102/><V82/><F34/><W26/><G26/><T4/><D0/><U25/><E25/><V123/><F123/><W110/><G106/><T83/><D127/><U63/><E11/><V20/><F105/><W13/><G59/><T100/><D130/><N who="1" m="50283" /><E121/><V31/><F67/><W37/><G110/><T132/><D29/><U122/><E122/><V84/><F75/><W98/><G98/><T74/><D132/><U49/><E133/><V71/><F21/><W92/><G93/><N who="0" m="56495" /><D74/><U87/><E66/><V126/><F1/><W23/><G32/><T94/><D94/><U2/><E2/><V117/><F126/><W118/><G118/><T104/><D100/><U15/><E15/><N who="3" m="5642" /><G72/><T19/><D4/><U38/><E38/><V73/><F73/><W134/><G37/><T77/><D77/><U124/><E124/><V103/><F103/><W96/><G134/><T10/><D104/><U116/><E116/><V79/><REACH who="2" step="1"/><F117/><REACH who="2" ten="176,199,192,423" step="2"/><W40/><G101/><T7/><D7/><U131/><E131/><V80/><F80/><W36/><G81/><T5/><D5/><U58/><E64/><V108/><F108/><W16/><G92/><T69/><D69/><U9/><E95/><V6/><F6/><W35/><G35/><T114/><D114/><U111/><E111/><V91/><F91/><W109/><G23/><T53/><AGARI ba="2,1" hai="10,12,19,45,51,53,60,62,76,83,86" m="56495" machi="53" ten="30,1100,0" yaku="8,1" doraHai="120" who="0" fromWho="0" sc="176,27,199,-5,192,-5,423,-7" /><INIT seed="4,0,0,3,3,73" ten="203,194,187,416" oya="0" hai0="43,77,84,54,44,11,41,110,15,109,62,96,74" hai1="14,27,129,121,10,124,67,115,18,104,61,13,131" hai2="126,46,59,91,125,56,79,106,9,19,6,25,116" hai3="87,33,64,135,71,58,88,127,94,36,86,107,78"/><T60/><D74/><U35/><E104/><V92/><F106/><W99/><G71/><T28/><D96/><U16/><E121/><V85/><F116/><W102/><G36/><T8/><D28/><N who="1" m="19871" /><E61/><V48/><F19/><W38/><G33/><T0/><D0/><U5/><E67/><V114/><F25/><W81/><G38/><T90/><D11/><N who="1" m="6463" /><E115/><V51/><F114/><W118/><G118/><T123/><D123/><U42/><E42/><N who="0" m="15881" /><D44/><U49/><E49/><V20/><F51/><W98/><G127/><T133/><D54/><U40/><E40/><V70/><F48/><W93/><G135/><T75/><D133/><U112/><E112/><V26/><F46/><W113/><G113/><T105/><D105/><U69/><E69/><V119/><F70/><W55/><G64/><T97/><D97/><U37/><E37/><V2/><F119/><W83/><G55/><T111/><D75/><U89/><E89/><V122/><F122/><W50/><G50/><T66/><D66/><U63/><E63/><V47/><F47/><W17/><G58/><T39/><D39/><U30/><E124/><V23/><F125/><W68/><G68/><T65/><D65/><U117/><E117/><V45/><F45/><W120/><G120/><T101/><D101/><U4/><E30/><V3/><F59/><W132/><G132/><T1/><D90/><U21/><E4/><N who="2" m="1175" /><F56/><W130/><G17/><N who="0" m="8423" /><D1/><AGARI ba="0,0" hai="1,5,10,14,16,21,129,131" m="6463,19871" machi="1" ten="30,7700,0" yaku="24,1,34,2,54,1" doraHai="73" who="1" fromWho="0" sc="203,-77,194,77,187,0,416,0" /><INIT seed="5,0,0,0,0,120" ten="126,271,187,416" oya="1" hai0="43,7,17,96,135,11,116,3,114,32,78,58,90" hai1="92,61,83,60,80,40,125,14,39,99,70,34,88" hai2="95,10,24,91,123,113,55,112,19,45,133,56,9" hai3="27,12,62,118,21,111,44,22,28,130,53,66,134"/><U71/><E34/><V104/><F104/><W65/><G111/><T31/><D116/><U8/><E125/><V72/><F72/><W20/><G130/><T94/><D114/><N who="2" m="44138" /><F45/><W98/><G134/><T46/><D135/><U5/><E39/><V75/><F75/><W63/><G118/><T48/><D78/><U101/><E40/><V30/><F123/><W18/><G98/><T77/><D77/><U37/><E37/><V33/><F19/><W42/><G21/><T97/><D32/><U126/><E126/><V4/><F4/><W82/><G82/><T54/><D31/><U16/><E70/><V41/><F41/><W29/><G29/><T68/><D68/><U105/><E5/><V129/><F129/><W119/><G119/><T38/><REACH who="0" step="1"/><D17/><REACH who="0" ten="116,271,187,416" step="2"/><U117/><E117/><V103/><F133/><W74/><G28/><T100/><D100/><U122/><E122/><V79/><F79/><W59/><G18/><T36/><D36/><U57/><E71/><V35/><F103/><W50/><G74/><T131/><D131/><U85/><REACH who="1" step="1"/><E61/><REACH who="1" ten="116,261,187,416" step="2"/><N who="2" m="35999" /><F35/><W84/><G63/><T0/><D0/><U128/><E128/><V81/><F81/><W51/><G62/><T25/><D25/><U1/><E1/><V64/><F33/><W52/><G27/><T106/><D106/><U93/><E93/><V69/><F24/><W49/><G12/><T26/><D26/><U86/><E86/><AGARI ba="0,2" hai="3,7,11,38,43,46,48,54,58,86,90,94,96,97" machi="86" ten="30,2000,0" yaku="1,1,7,1,53,0" doraHai="120" doraHaiUra="109" who="0" fromWho="1" sc="116,40,261,-20,187,0,416,0" /><INIT seed="6,0,0,5,4,83" ten="156,241,187,416" oya="2" hai0="119,64,131,58,23,27,38,101,100,98,125,62,91" hai1="40,13,116,11,118,77,124,121,33,36,43,37,94" hai2="25,21,86,16,60,29,32,75,61,106,85,117,41" hai3="82,53,95,0,44,69,76,90,59,28,122,45,134"/><V87/><F117/><W65/><G122/><T88/><D125/><U46/><E33/><V54/><F75/><W6/><G28/><T92/><D131/><U84/><E124/><V111/><F106/><W93/><G134/><T63/><D119/><U9/><E9/><V120/><F120/><W126/><G126/><T80/><D38/><U96/><E121/><V22/><F32/><W72/><G69/><T113/><D113/><U7/><E77/><V57/><F111/><W105/><G65/><T102/><D63/><N who="2" m="24138" /><F41/><W18/><G105/><T110/><D110/><U123/><E123/><V1/><F1/><W81/><G6/><T99/><D80/><U52/><E40/><V8/><F8/><W26/><G0/><T5/><D5/><U132/><E36/><V39/><F39/><W89/><G76/><T108/><D108/><U56/><E132/><V17/><F22/><W55/><G72/><T104/><D101/><U79/><E11/><V50/><AGARI ba="0,0" hai="16,17,21,25,29,50,54,57,85,86,87" m="24138" machi="50" ten="30,12000,1" yaku="8,1,52,3,54,1" doraHai="83" who="2" fromWho="2" sc="156,-40,241,-40,187,120,416,-40" /><INIT seed="6,1,0,1,4,27" ten="116,201,307,376" oya="2" hai0="97,100,4,43,61,124,54,126,12,132,19,64,34" hai1="85,67,74,117,88,55,10,77,116,16,23,104,0" hai2="7,76,53,52,83,129,122,2,24,1,108,50,81" hai3="14,111,45,107,63,75,59,82,37,93,130,96,89"/><V46/><F122/><W9/><G111/><T29/><D4/><U98/><E67/><V71/><F71/><W95/><G130/><T48/><D43/><U18/><E74/><V87/><F129/><W28/><G107/><T47/><D132/><U80/><E55/><V21/><F108/><W73/><G28/><T22/><D97/><U57/><E57/><V26/><F26/><W36/><G36/><T115/><D115/><U8/><E8/><V101/><F101/><W102/><G37/><T33/><D100/><U17/><E23/><V60/><F7/><W134/><G45/><T39/><D39/><U84/><E10/><V66/><F83/><W91/><G134/><T32/><REACH who="0" step="1"/><D29/><REACH who="0" ten="106,201,307,376" step="2"/><U103/><REACH who="1" step="1"/><E0/><REACH who="1" ten="106,191,307,376" step="2"/><V86/><F2/><W123/><G123/><T40/><D40/><U135/><E135/><V31/><F1/><W120/><G120/><T118/><D118/><U49/><E49/><V94/><F50/><W3/><G3/><T44/><D44/><U62/><E62/><V106/><F46/><W119/><G119/><T125/><D125/><U51/><E51/><V65/><F60/><W13/><G63/><T127/><D127/><U30/><E30/><V35/><F31/><W79/><G59/><AGARI ba="1,2" hai="12,19,22,32,33,34,47,48,54,59,61,64,124,126" machi="59" ten="40,1300,0" yaku="1,1,53,0" doraHai="27" doraHaiUra="20" who="0" fromWho="3" sc="106,36,191,0,307,0,376,-16" /><INIT seed="7,0,0,2,2,132" ten="142,191,307,360" oya="3" hai0="128,9,39,118,125,59,60,78,61,49,38,124,21" hai1="69,46,16,12,83,30,94,45,29,102,101,81,67" hai2="4,92,48,79,76,88,110,66,2,18,86,19,24" hai3="37,72,20,27,112,26,35,6,34,57,111,89,106"/><W105/><G37/><N who="0" m="13835" /><D128/><U80/><E69/><V33/><F110/><W131/><G111/><T107/><D107/><U5/><E67/><V126/><F66/><W64/><G72/><T50/><D78/><U11/><E5/><V122/><F122/><W98/><G6/><T14/><D21/><U85/><E85/><V40/><F4/><W134/><G57/><T90/><D90/><U135/><E135/><V119/><F119/><W99/><G134/><T15/><D118/><U31/><E101/><V58/><F2/><W115/><G89/><T32/><D32/><U129/><E129/><V62/><F33/><W96/><G131/><T70/><D70/><U52/><E52/><V93/><F86/><W1/><G1/><T7/><D14/><U22/><E22/><V63/><F88/><W75/><G20/><T120/><D120/><U42/><E42/><V44/><F40/><W10/><G64/><N who="0" m="38943" /><D61/><U87/><E87/><V71/><F62/><W114/><G10/><T56/><D56/><U51/><E102/><V25/><F63/><W82/><G75/><T47/><D47/><N who="1" m="17931" /><E94/><V0/><F71/><W91/><G91/><T28/><D28/><U97/><E97/><V130/><F130/><W3/><G3/><T104/><D104/><N who="3" m="40041" /><G82/><T17/><D17/><U77/><E77/><V117/><F79/><W13/><G13/><T65/><D65/><U54/><E81/><V23/><F76/><W84/><G35/><T8/><D8/><U121/><E80/><V100/><F0/><W109/><G34/><T113/><D113/><U103/><E83/><V73/><F73/><RYUUKYOKU ba="0,0" sc="142,30,191,-10,307,-10,360,-10" hai0="7,9,15,49,50,124,125" owari="172,-33.0,181,-22.0,297,10.0,350,45.0" /></mjloggm>