<mjloggm ver="2.3"><GO type="169" lobby="0"/><UN n0="%E3%83%97%E3%83%AD%E3%83%86%E3%82%A4%E3%83%B3%E5%BE%97%E7%9B%9B" n1="%E5%A5%88%E8%90%BD%E3%81%AE%E7%8E%8B" n2="%E5%AE%89%E9%81%94%E3%81%95%E3%81%8F%E3%82%89" n3="%6D%61%74%6F%30%36%30%33" dan="17,17,17,18" rate="2251.17,2176.50,2200.83,2215.89" sx="M,M,M,M"/><TAIKYOKU oya="0"/><INIT seed="0,0,0,2,3,89" ten="250,250,250,250" oya="0" hai0="53,67,46,47,23,21,66,131,35,80,50,70,28" hai1="133,107,14,95,106,74,78,99,33,115,73,36,92" hai2="24,44,114,49,39,52,110,11,118,30,113,76,63" hai3="43,37,86,26,93,16,98,104,4,13,81,31,25"/><T18/><D131/><U65/><E33/><V88/><F110/><W61/><G104/><N who="1" m="39978" /><E14/><V87/><F118/><W62/><G4/><T6/><D35/><U42/><E65/><V72/><F39/><W82/><G43/><T96/><D6/><U22/><E22/><V54/><F11/><W32/><G37/><T60/><D67/><U5/><E5/><V8/><F8/><W1/><G1/><T68/><D68/><U27/><E27/><V15/><F15/><W41/><G41/><T64/><D64/><U112/><E42/><V79/><F72/><N who="1" m="27753" /><E36/><V124/><F124/><W130/><G130/><T38/><D38/><U129/><E129/><V128/><F128/><W127/><G127/><T55/><D28/><U101/><E133/><V123/><F123/><W20/><G81/><T10/><D10/><U126/><E126/><V135/><F135/><W134/><G26/><T59/><D47/><U19/><E19/><V132/><F132/><W75/><G75/><T97/><D80/><U3/><E3/><V48/><F63/><W90/><REACH who="3" step="1"/><G134/><REACH who="3" ten="250,250,250,240" step="2"/><T45/><D70/><U56/><E78/><AGARI ba="0,1" hai="13,16,20,25,31,32,61,62,78,82,86,90,93,98" machi="78" ten="30,12000,2" yaku="1,1,2,1,7,1,52,1,54,1,53,1" doraHai="89" doraHaiUra="29" who="3" fromWho="1" sc="250,0,250,-120,250,0,240,130" /><INIT seed="1,0,0,5,1,40" ten="250,130,250,370" oya="1" hai0="28,45,70,35,6,114,135,58,130,120,105,67,3" hai1="37,107,94,131,4,83,41,66,8,106,10,52,56" hai2="97,86,96,116,48,72,31,39,65,43,50,124,112" hai3="21,98,34,29,12,60,79,92,7,54,11,64,26"/><U101/><E66/><V82/><F116/><W44/><G79/><T93/><D93/><U109/><E131/><V103/><F124/><W134/><G134/><T1/><D105/><U102/><E83/><V25/><F72/><W100/><G34/><T68/><D58/><U95/><E109/><V104/><F112/><W38/><G38/><T78/><D78/><U110/><E110/><V61/><F97/><W17/><G54/><T53/><D53/><U14/><E10/><V84/><F39/><W2/><G2/><T127/><D6/><U74/><E74/><V36/><F36/><W117/><G117/><T77/><D77/><U22/><E22/><V113/><F113/><W111/><G111/><T71/><D67/><U85/><E107/><V87/><F82/><W13/><G13/><T51/><D135/><U132/><E106/><V75/><F75/><W18/><REACH who="3" step="1"/><G44/><REACH who="3" ten="250,130,250,360" step="2"/><T123/><D1/><U81/><E132/><V125/><F125/><W108/><G108/><T55/><D3/><U115/><E115/><V5/><F43/><W63/><G63/><T33/><D127/><U88/><E41/><V46/><F46/><W126/><G126/><T76/><D76/><U119/><E37/><V20/><REACH who="2" step="1"/><F5/><REACH who="2" ten="250,130,240,360" step="2"/><W91/><G91/><T27/><D114/><U30/><E119/><V49/><F49/><W15/><G15/><T89/><D45/><U24/><E101/><V23/><F23/><W90/><G90/><T99/><D35/><N who="1" m="20935" /><E102/><V19/><F19/><W129/><G129/><T121/><D89/><U80/><E80/><V59/><AGARI ba="0,2" hai="20,25,31,48,50,59,61,65,84,86,87,96,103,104" machi="59" ten="30,2000,0" yaku="1,1,0,1,53,0" doraHai="40" doraHaiUra="42" who="2" fromWho="2" sc="250,-5,130,-10,240,40,360,-5" /><INIT seed="2,0,0,0,4,17" ten="245,120,280,355" oya="2" hai0="10,122,51,107,3,28,64,52,132,44,118,115,22" hai1="42,112,108,56,111,35,123,119,124,9,114,14,99" hai2="4,104,55,23,126,12,5,134,131,85,68,105,54" hai3="37,2,36,117,57,18,67,61,109,24,13,73,50"/><V89/><F126/><W63/><G2/><T49/><D122/><U120/><E42/><V19/><F68/><W135/><G117/><T6/><D115/><N who="1" m="44075" /><E56/><V0/><F134/><W69/><G73/><T94/><D107/><U33/><E99/><V30/><F131/><W21/><G135/><T86/><D132/><U91/><E91/><V38/><F38/><W25/><G109/><N who="1" m="42058" /><E124/><V113/><F113/><W101/><G101/><T8/><D118/><U78/><E78/><V96/><F30/><W53/><G25/><T93/><D64/><U80/><E80/><V47/><F104/><W116/><G116/><T128/><D128/><U15/><E119/><V81/><F0/><W16/><G63/><T75/><D75/><U43/><E43/><V87/><F105/><W71/><REACH who="3" step="1"/><G69/><REACH who="3" ten="245,120,280,345" step="2"/><T58/><D3/><U62/><E62/><V79/><F96/><W129/><G129/><T92/><D86/><U100/><E100/><V65/><F65/><W121/><G121/><N who="1" m="46666" /><E15/><V76/><F87/><W127/><G127/><T27/><D51/><U41/><E41/><V84/><F84/><W29/><G29/><T102/><D102/><U95/><E95/><V74/><F74/><W20/><AGARI ba="0,1" hai="13,16,18,20,21,24,36,37,50,53,57,61,67,71" machi="20" ten="20,12000,2" yaku="1,1,0,1,7,1,52,2,54,1,53,0" doraHai="17" doraHaiUra="72" who="3" fromWho="3" sc="245,-30,120,-30,280,-60,345,130" /><INIT seed="3,0,0,1,4,105" ten="215,90,220,475" oya="3" hai0="108,50,25,64,99,125,5,22,3,77,116,88,98" hai1="97,36,101,58,24,57,107,73,48,52,118,16,84" hai2="38,102,42,67,1,119,92,90,113,43,21,75,13" hai3="9,86,12,41,76,96,27,91,71,69,6,93,23"/><W55/><G41/><T83/><D116/><U0/><E118/><V74/><F119/><W123/><G123/><T51/><D108/><U132/><E132/><V68/><F113/><W114/><G114/><T103/><D125/><U2/><E36/><V31/><F1/><W89/><G76/><T115/><D115/><U130/><E130/><V72/><F102/><W18/><REACH who="3" step="1"/><G55/><REACH who="3" ten="215,90,220,465" step="2"/><T56/><D77/><U8/><E73/><V120/><F120/><W112/><G112/><T49/><D64/><U63/><E84/><V39/><F42/><W35/><G35/><T14/><D99/><U82/><E82/><AGARI ba="0,1" hai="6,9,12,18,23,27,69,71,82,86,89,91,93,96" machi="82" ten="30,2900,0" yaku="1,1,7,1,53,0" doraHai="105" doraHaiUra="127" who="3" fromWho="1" sc="215,0,90,-29,220,0,465,39" /><INIT seed="3,1,0,4,1,8" ten="215,61,220,504" oya="3" hai0="23,117,17,2,94,105,68,86,72,75,100,50,28" hai1="1,32,0,134,103,73,81,135,48,37,41,52,125" hai2="7,83,9,126,62,31,79,121,6,132,88,36,123" hai3="106,64,82,85,114,21,12,67,59,46,20,97,40"/><W51/><G114/><T110/><D68/><U11/><E32/><V42/><F132/><N who="1" m="50729" /><E103/><V93/><F126/><W60/><G64/><T61/><D2/><U53/><E125/><V71/><F31/><W10/><G97/><T108/><D28/><U122/><E122/><N who="2" m="46603" /><F36/><W113/><G106/><T56/><D50/><U39/><E41/><V76/><F42/><W66/><G66/><T77/><D105/><U27/><E27/><V130/><F130/><W26/><G26/><T87/><D117/><U115/><E115/><V35/><F35/><W98/><G98/><N who="0" m="59479" /><D77/><N who="1" m="44207" /><E53/><V54/><F6/><N who="3" m="3159" /><G113/><T30/><D30/><U80/><E80/><V4/><F4/><W24/><G24/><N who="0" m="14447" /><D75/><U107/><E107/><V90/><F71/><W13/><G13/><T119/><D72/><U29/><E29/><V101/><F101/><W104/><G104/><T109/><D119/><U33/><E33/><V96/><F83/><W55/><G55/><AGARI ba="1,0" hai="55,56,61,86,87,108,109,110" m="14447,59479" machi="55" ten="30,1000,0" yaku="14,1" doraHai="8" who="0" fromWho="3" sc="215,13,61,0,220,0,504,-13" /><INIT seed="4,0,0,4,1,6" ten="228,61,220,491" oya="0" hai0="106,10,49,89,122,64,52,8,57,54,112,5,29" hai1="12,0,58,23,70,125,56,30,104,26,80,126,18" hai2="68,37,129,51,4,19,96,131,45,44,121,113,94" hai3="120,109,35,78,47,110,14,13,118,53,105,39,98"/><T67/><D122/><U83/><E70/><V91/><F121/><W16/><G35/><T95/><D106/><U22/><E104/><V21/><F113/><W62/><G120/><T15/><D112/><U85/><E0/><V59/><F68/><W133/><G133/><T61/><D29/><U38/><E38/><V111/><F111/><W71/><G118/><T116/><D116/><U40/><E40/><V99/><F4/><W55/><G78/><T115/><D10/><U42/><E42/><V34/><F34/><W130/><G130/><N who="2" m="49673" /><F37/><W124/><G39/><T97/><REACH who="0" step="1"/><D115/><REACH who="0" ten="218,61,220,491" step="2"/><U31/><E31/><V69/><F21/><N who="3" m="11407" /><G105/><T27/><D27/><U32/><E32/><V117/><F117/><W28/><G28/><T65/><D65/><U135/><E135/><V46/><F19/><W92/><G110/><T41/><D41/><U103/><E30/><V60/><F69/><W127/><G109/><T24/><D24/><U1/><E26/><V100/><F44/><AGARI ba="0,1" hai="5,8,15,44,49,52,54,57,61,64,67,89,95,97" machi="44" ten="30,18000,2" yaku="1,1,7,1,8,1,52,1,54,1,53,2" doraHai="6" doraHaiUra="50" who="0" fromWho="2" sc="218,190,61,0,220,-180,491,0" /><INIT seed="4,1,0,4,2,74" ten="408,61,40,491" oya="0" hai0="35,118,107,53,132,110,73,70,64,108,102,19,122" hai1="33,46,2,15,10,21,48,100,18,44,77,88,38" hai2="28,47,9,3,12,96,27,95,131,92,116,6,42" hai3="23,99,125,104,75,69,85,43,111,115,57,133,90"/><T98/><D122/><U124/><E33/><V54/><F131/><W117/><G69/><T105/><D118/><U82/><E124/><V126/><F116/><W103/><G117/><T130/><D130/><U17/><E100/><V120/><F126/><W13/><G111/><N who="0" m="42539" /><D132/><U86/><E38/><V81/><F120/><W106/><G133/><T83/><D53/><N who="1" m="29831" /><E46/><V49/><F81/><W39/><G125/><T8/><D35/><U22/><E2/><V84/><F84/><W68/><G43/><T56/><D70/><U89/><E22/><V127/><F127/><W45/><G68/><T65/><D107/><U113/><E113/><V134/><F134/><W66/><G106/><T119/><D119/><U62/><E62/><V87/><F87/><W11/><G104/><T4/><D19/><U135/><E135/><V80/><F80/><W16/><G16/><T123/><D56/><U0/><E0/><V72/><F72/><W58/><G57/><T121/><D121/><U63/><E63/><V101/><F95/><W91/><G58/><T24/><D24/><AGARI ba="1,0" hai="10,15,17,18,21,24,77,82,86,88,89" m="29831" machi="24" ten="30,3900,0" yaku="8,1,52,1,54,1" doraHai="74" who="1" fromWho="0" sc="408,-42,61,42,40,0,491,0" /><INIT seed="5,0,0,2,0,91" ten="366,103,40,491" oya="1" hai0="66,123,129,17,75,54,63,30,53,51,18,110,35" hai1="39,128,102,67,27,96,131,68,76,48,52,12,127" hai2="5,73,97,82,7,92,25,106,78,46,105,83,59" hai3="103,62,31,10,93,50,41,4,135,56,112,77,34"/><U40/><E76/><V133/><F133/><W101/><G135/><T60/><D75/><U107/><E127/><V74/><F59/><W130/><G112/><T28/><D110/><U115/><E115/><V16/><F46/><W117/><G130/><T88/><D129/><N who="1" m="49739" /><E39/><V64/><F64/><W6/><G117/><T20/><D35/><U19/><E40/><V24/><F78/><W72/><G72/><T43/><D43/><U121/><E27/><V132/><F132/><W118/><G77/><T124/><D124/><U104/><E121/><V3/><F97/><W90/><G31/><T94/><D66/><U134/><E134/><V79/><F79/><W95/><G34/><T84/><D123/><U85/><E85/><V109/><F3/><W32/><G32/><T23/><D30/><U47/><E67/><V55/><F55/><N who="0" m="21002" /><D51/><U26/><E26/><V11/><F109/><W42/><G50/><T8/><D8/><N who="1" m="6535" /><E68/><V22/><F11/><W108/><G108/><T45/><D45/><U80/><E80/><V37/><F37/><W49/><G49/><T100/><D28/><U86/><E86/><V44/><F44/><W38/><G38/><T71/><D71/><U2/><E2/><V9/><F9/><W99/><G118/><T89/><D23/><U114/><E114/><V70/><F70/><W111/><G111/><T126/><D126/><U0/><E0/><V65/><F65/><W81/><G42/><T69/><D69/><U29/><E29/><V57/><F57/><W21/><G41/><T98/><D20/><U113/><E113/><V14/><F22/><RYUUKYOKU ba="0,0" sc="366,-10,103,30,40,-10,491,-10" hai1="47,48,52,96,102,104,107" /><INIT seed="5,1,0,5,2,80" ten="356,133,30,481" oya="1" hai0="124,110,2,84,69,116,50,132,0,70,95,106,120" hai1="78,34,32,75,35,86,16,67,5,115,43,48,77" hai2="126,40,91,73,24,45,8,7,114,1,89,49,54" hai3="44,113,83,42,65,11,39,129,47,62,119,105,90"/><U102/><E75/><V19/><F126/><W60/><G105/><T122/><D106/><U81/><E5/><V104/><F104/><W112/><G129/><T41/><D110/><U133/><E102/><V22/><F114/><N who="3" m="44139" /><G119/><T109/><D109/><U99/><E115/><V123/><F123/><N who="0" m="47146" /><D116/><U79/><E99/><V121/><F121/><W134/><G134/><T6/><D132/><U33/><E133/><V58/><REACH who="2" step="1"/><F73/><REACH who="2" ten="356,133,20,481" step="2"/><W96/><G39/><AGARI ba="1,1" hai="1,7,8,19,22,24,39,40,45,49,54,58,89,91" machi="39" ten="30,3900,0" yaku="1,1,2,1,7,1,53,0" doraHai="80" doraHaiUra="88" who="2" fromWho="3" sc="356,0,133,0,20,52,481,-42" /><INIT seed="6,0,0,2,5,4" ten="356,133,72,439" oya="2" hai0="37,64,129,102,39,44,18,59,22,7,62,23,50" hai1="107,127,5,80,81,30,21,90,49,34,108,3,25" hai2="48,75,66,126,121,96,61,98,104,41,29,118,52" hai3="131,70,57,124,17,55,67,130,19,115,6,82,116"/><V119/><F121/><W89/><G116/><T47/><D129/><N who="3" m="49161" /><G124/><T0/><D102/><U10/><E108/><V100/><F126/><W117/><G117/><T31/><D31/><U58/><E127/><V83/><F41/><W65/><G115/><T112/><D112/><U111/><E111/><V114/><F114/><W128/><G128/><T60/><D23/><U110/><E110/><V86/><F75/><W113/><G113/><T125/><D125/><U46/><E107/><V56/><F29/><W93/><G82/><T135/><D135/><U78/><E58/><V132/><F98/><N who="3" m="57647" /><G6/><T2/><D60/><U99/><E34/><V69/><REACH who="2" step="1"/><F132/><REACH who="2" ten="356,133,62,439" step="2"/><W53/><G53/><T68/><D39/><U11/><E99/><V85/><F85/><W43/><G43/><T120/><D37/><U95/><E30/><V71/><F71/><W97/><G97/><T15/><D120/><U26/><E78/><AGARI ba="0,1" hai="48,52,56,61,66,69,78,83,86,96,100,104,118,119" machi="78" ten="30,5800,0" yaku="1,1,7,1,54,1,53,0" doraHai="4" doraHaiUra="88" who="2" fromWho="1" sc="356,0,133,-58,62,68,439,0" /><INIT seed="6,1,0,4,3,10" ten="356,75,130,439" oya="2" hai0="95,74,41,87,114,68,113,80,17,62,98,120,25" hai1="111,91,132,4,34,19,58,71,26,59,104,116,45" hai2="86,35,30,63,7,51,55,46,135,107,96,0,94" hai3="108,33,117,1,38,52,50,124,64,12,47,23,39"/><V109/><F135/><W18/><G108/><T6/><D120/><U48/><E111/><V27/><F109/><W40/><G117/><T100/><D6/><U82/><E71/><V134/><F134/><W43/><G1/><T97/><D41/><U101/><E132/><V36/><F36/><W42/><G124/><T127/><D127/><U103/><E116/><V72/><F72/><W54/><G33/><T32/><D74/><U92/><E82/><V130/><F130/><W29/><G29/><T128/><D98/><U13/><E4/><V28/><F28/><W37/><REACH who="3" step="1"/><G54/><REACH who="3" ten="356,75,130,429" step="2"/><T56/><D32/><U49/><E34/><V66/><F55/><W105/><G105/><T53/><D128/><U2/><E2/><V16/><F107/><W99/><G99/><T9/><D68/><U5/><E104/><V81/><F30/><W15/><G15/><T85/><D25/><U89/><E26/><V22/><F35/><W110/><G110/><T65/><D53/><U129/><E129/><V84/><F0/><W73/><G73/><T8/><D87/><U83/><E13/><V67/><F86/><W61/><G61/><T122/><D122/><U78/><E49/><V90/><F63/><W69/><G69/><T57/><D57/><U14/><E58/><V119/><F119/><W75/><G75/><T24/><D114/><U125/><E59/><V21/><F27/><W44/><G44/><T121/><D113/><U106/><E106/><V79/><F46/><W60/><G60/><T112/><D112/><U102/><E125/><V131/><F131/><W93/><G93/><RYUUKYOKU ba="1,1" sc="356,-10,75,-10,130,-10,429,30" hai3="12,18,23,37,38,39,40,42,43,47,50,52,64" /><INIT seed="7,2,1,3,1,18" ten="346,65,120,459" oya="3" hai0="39,135,68,99,80,4,87,88,14,0,92,114,53" hai1="11,106,129,120,98,62,121,21,91,101,77,28,66" hai2="20,49,109,74,75,72,45,46,12,27,2,118,44" hai3="103,6,107,97,130,52,123,5,33,34,50,8,83"/><W57/><G130/><T30/><D135/><U36/><E129/><V116/><F2/><W25/><G123/><T23/><D68/><U84/><E36/><V79/><F109/><W37/><G37/><T105/><D39/><U108/><E108/><V3/><F3/><W41/><G41/><T115/><D105/><U85/><E11/><V10/><F79/><W110/><G110/><T134/><D134/><U102/><E102/><V126/><F126/><W73/><G25/><N who="0" m="16703" /><D0/><U76/><E121/><V1/><F1/><W56/><G34/><T26/><D26/><U65/><E120/><V54/><F12/><W35/><G33/><T32/><D32/><U51/><E51/><V78/><F10/><W59/><G35/><T38/><D38/><U16/><E28/><V60/><F78/><W111/><G111/><T122/><D53/><U86/><E91/><V95/><F60/><W67/><G73/><T31/><D31/><U43/><E43/><V94/><F54/><W96/><G107/><T81/><D122/><U24/><REACH who="1" step="1"/><E66/><REACH who="1" ten="346,55,120,459" step="2"/><V93/><F49/><W132/><G132/><T9/><D99/><U48/><E48/><V113/><F113/><W119/><G97/><T55/><D55/><U125/><E125/><V13/><F45/><W15/><G15/><T131/><D131/><U22/><E22/><V29/><F13/><W42/><G119/><T104/><D104/><U133/><E133/><V17/><F118/><W63/><G96/><T127/><D127/><U61/><E61/><V7/><F116/><W64/><G64/><T89/><D89/><U117/><E117/><RYUUKYOKU ba="2,2" sc="346,15,55,15,120,-15,459,-15" hai0="4,9,14,80,81,87,88,92,114,115" hai1="16,21,24,62,65,76,77,84,85,86,98,101,106" owari="361,16.0,70,-43.0,105,-29.0,464,56.0" /></mjloggm>