<mjloggm ver="2.3"><GO type="169" lobby="0"/><UN n0="%E5%8F%A4%E6%9C%AC" n1="%E3%81%B6%E3%81%A3%E3%81%A8%E3%81%B3%E3%82%AB%E3%83%BC%E3%83%89" n2="%E5%90%8D%E5%89%8D%E6%9C%AA%E5%AE%9A" n3="%E7%83%8F%E8%B3%8A%E4%B9%8B%E8%BC%94" dan="16,16,17,17" rate="2077.69,2060.65,2114.68,2216.84" sx="M,M,M,M"/><TAIKYOKU oya="0"/><INIT seed="0,0,0,2,5,61" ten="250,250,250,250" oya="0" hai0="108,24,71,42,32,86,82,72,34,6,123,75,37" hai1="115,116,54,52,33,41,89,45,80,68,62,13,8" hai2="117,25,87,48,60,83,0,76,96,135,35,110,22" hai3="85,128,59,69,21,49,44,51,109,14,134,19,131"/><T40/><D123/><U29/><E116/><V125/><F110/><W1/><G1/><T28/><D108/><U15/><E115/><V57/><F135/><W98/><G69/><T65/><D34/><U93/><E80/><V5/><F125/><W17/><G109/><T106/><D106/><U47/><E29/><V133/><F133/><W130/><G134/><T111/><D111/><U66/><E33/><V81/><F35/><W112/><G112/><T113/><D113/><U46/><E41/><V102/><F48/><W64/><G85/><T103/><D103/><U91/><E15/><V58/><F83/><W56/><G98/><T27/><D27/><U4/><REACH who="1" step="1"/><E91/><REACH who="1" ten="250,240,250,250" step="2"/><V121/><F117/><W120/><G120/><T3/><D42/><U127/><E127/><V43/><F43/><W99/><G130/><T20/><D40/><U53/><E53/><V129/><F121/><W26/><G14/><T73/><D32/><U10/><E10/><V84/><F129/><W11/><G11/><T124/><D124/><U36/><E36/><V38/><F38/><W30/><G128/><T92/><D37/><U63/><E63/><V114/><F114/><W18/><G131/><T100/><D82/><U95/><E95/><V104/><F81/><W74/><G30/><T67/><D92/><U126/><E126/><V101/><F60/><N who="3" m="37895" /><G74/><T7/><D72/><U12/><E12/><V77/><F77/><W23/><G23/><T122/><D73/><U105/><E105/><V70/><F76/><W107/><G107/><T94/><D75/><U55/><E55/><V132/><F132/><RYUUKYOKU ba="0,1" sc="250,-10,240,30,250,-10,250,-10" hai1="4,8,13,45,46,47,52,54,62,66,68,89,93" /><INIT seed="1,1,1,2,2,73" ten="240,270,240,240" oya="1" hai0="132,98,69,55,78,67,82,66,81,59,90,60,23" hai1="91,126,49,26,7,112,21,2,42,107,48,25,80" hai2="16,83,87,36,47,18,63,22,122,85,86,103,53" hai3="115,102,129,111,57,113,108,121,127,31,35,32,104"/><U6/><E107/><V79/><F122/><W100/><G57/><T40/><D132/><U70/><E70/><V99/><F36/><W43/><G31/><T106/><D40/><U39/><E39/><V58/><F47/><W12/><G12/><T1/><D1/><U74/><E126/><V29/><F29/><W84/><G84/><T114/><D114/><U10/><E112/><V133/><F133/><W37/><G104/><T125/><D125/><U130/><E130/><V92/><REACH who="2" step="1"/><F18/><REACH who="2" ten="240,270,230,240" step="2"/><W52/><G37/><T119/><D119/><U24/><E42/><V93/><F93/><W3/><G127/><T105/><D105/><U11/><E21/><V50/><F50/><W0/><G43/><T116/><D23/><U64/><E64/><V46/><F46/><W75/><G121/><T101/><D67/><U94/><E94/><V51/><F51/><W14/><G129/><T76/><D66/><U17/><E17/><V97/><F97/><W89/><G115/><T96/><D98/><U118/><E118/><V65/><F65/><W8/><G113/><T28/><D116/><U120/><E120/><V30/><F30/><W56/><G35/><T13/><D28/><U109/><E109/><V27/><AGARI ba="1,2" hai="16,22,27,53,58,63,79,83,85,86,87,92,99,103" machi="27" ten="20,12000,2" yaku="1,1,0,1,7,1,8,1,52,1,54,1,53,0" doraHai="73" doraHaiUra="124" who="2" fromWho="2" sc="240,-31,270,-61,230,143,240,-31" /><INIT seed="2,0,0,1,5,42" ten="209,209,373,209" oya="2" hai0="72,30,92,67,41,18,89,28,75,4,131,112,39" hai1="125,78,43,133,114,96,68,9,58,116,31,106,83" hai2="111,85,108,99,98,26,10,15,90,105,104,46,21" hai3="12,135,24,11,124,64,81,19,25,86,27,52,49"/><V65/><F65/><W56/><G124/><T93/><D112/><U60/><E114/><V88/><F99/><W119/><G119/><T128/><D4/><U16/><E116/><V2/><F2/><W76/><G135/><T80/><D67/><AGARI ba="0,0" hai="11,12,19,24,25,27,49,52,56,64,67,76,81,86" machi="67" ten="40,2600,0" yaku="8,1,54,1" doraHai="42" who="3" fromWho="0" sc="209,-26,209,0,373,0,209,26" /><INIT seed="3,0,0,5,3,33" ten="183,209,373,235" oya="3" hai0="74,40,25,105,48,95,111,113,118,94,81,126,10" hai1="98,128,99,41,107,28,46,110,79,26,123,6,120" hai2="68,9,13,66,96,62,125,130,1,75,85,50,29" hai3="112,89,57,39,103,69,32,100,117,86,127,65,37"/><W87/><G117/><T45/><D118/><U19/><E110/><V82/><F130/><W4/><G112/><T88/><D105/><U135/><E128/><V108/><F108/><W59/><G32/><T23/><D111/><U80/><E135/><V63/><F125/><W52/><G69/><T73/><D126/><U124/><E19/><V91/><F75/><W109/><G109/><T36/><D36/><U51/><E124/><V53/><F29/><W106/><G4/><T70/><D70/><U115/><E115/><V71/><F96/><W7/><G7/><T8/><D113/><U15/><E99/><V77/><F77/><W34/><G34/><T22/><D22/><N who="1" m="15447" /><E98/><V0/><F63/><W27/><G65/><T18/><D74/><U16/><E16/><N who="2" m="8239" /><F71/><W3/><G127/><T78/><REACH who="0" step="1"/><D95/><REACH who="0" ten="173,209,373,235" step="2"/><U64/><E107/><V30/><F30/><W20/><G106/><T97/><AGARI ba="0,1" hai="8,10,18,23,25,40,45,48,73,78,81,88,94,97" machi="97" ten="20,8000,1" yaku="1,1,2,1,0,1,7,1,54,1,53,0" doraHai="33" doraHaiUra="58" who="0" fromWho="0" sc="173,90,209,-20,373,-20,235,-40" /><INIT seed="4,0,0,3,2,98" ten="263,189,353,195" oya="0" hai0="111,113,35,25,12,105,106,33,102,40,27,48,15" hai1="82,70,67,45,124,89,56,50,24,123,120,30,130" hai2="91,16,121,109,72,1,103,77,29,31,125,84,63" hai3="118,114,71,128,79,75,64,78,58,74,2,5,59"/><T134/><D111/><U117/><E117/><V8/><F109/><W66/><G114/><T23/><D113/><U37/><E130/><V107/><F121/><W83/><G71/><T62/><D62/><U93/><E82/><V100/><F107/><W57/><G118/><T39/><D39/><U85/><E124/><V6/><F125/><W68/><G68/><T43/><D48/><U26/><E70/><V17/><F77/><W131/><G2/><T97/><D134/><U55/><E26/><V47/><F72/><N who="3" m="27691" /><G5/><T0/><D0/><U94/><E94/><V11/><F47/><W20/><G20/><T95/><D23/><U14/><E14/><N who="2" m="5399" /><F63/><W38/><G83/><T18/><D95/><U4/><E4/><V96/><F96/><W41/><G41/><T3/><D97/><U126/><E126/><V132/><F132/><W13/><G13/><T36/><D3/><U73/><E73/><V46/><F46/><W65/><G38/><T10/><D36/><U80/><E80/><N who="2" m="49543" /><F11/><W60/><G60/><T101/><D10/><U127/><E127/><V51/><F51/><W22/><G22/><T49/><D49/><U119/><E119/><V110/><F1/><W86/><G86/><T108/><D108/><U21/><REACH who="1" step="1"/><E67/><REACH who="1" ten="263,179,353,195" step="2"/><V133/><F110/><W7/><G7/><T61/><D61/><U135/><E135/><V52/><F133/><W90/><G131/><T44/><D44/><U87/><E87/><V34/><F34/><W54/><G128/><T81/><D81/><U76/><E76/><N who="3" m="29226" /><G54/><T112/><D112/><U115/><E115/><V129/><F129/><RYUUKYOKU ba="0,1" sc="263,10,179,10,353,-30,195,10" hai0="12,15,18,25,27,33,35,40,43,101,102,105,106" hai1="21,24,30,37,45,50,55,56,85,89,93,120,123" hai3="57,58,59,64,65,66,90" /><INIT seed="4,1,1,4,3,106" ten="273,189,323,205" oya="0" hai0="108,44,105,66,69,54,60,74,129,111,55,130,51" hai1="56,31,135,41,2,1,34,52,96,29,16,18,10" hai2="42,78,63,85,22,20,12,40,103,62,89,49,38" hai3="95,119,115,47,116,75,133,30,97,94,79,101,114"/><T91/><D105/><U121/><E121/><V8/><F38/><W53/><G30/><T90/><D74/><U109/><E109/><N who="0" m="42057" /><D90/><U77/><E135/><V23/><F103/><W11/><G11/><T131/><D91/><U71/><E71/><V124/><F78/><W13/><G13/><T86/><D86/><U120/><E120/><V4/><F124/><W26/><G26/><T64/><D64/><U70/><E70/><V7/><F7/><W80/><G133/><T84/><D84/><U28/><E41/><AGARI ba="1,1" hai="41,44,51,54,55,60,66,69,129,130,131" m="42057" machi="41" ten="40,12000,1" yaku="19,1,10,1,34,2" doraHai="106" who="0" fromWho="1" sc="273,133,189,-123,323,0,205,0" /><INIT seed="4,2,0,3,3,108" ten="406,66,323,205" oya="0" hai0="95,34,18,52,120,33,90,27,26,118,107,116,78" hai1="135,103,31,16,13,50,64,110,79,56,68,127,10" hai2="59,22,37,77,72,111,9,102,62,0,124,17,42" hai3="54,36,98,71,15,67,114,130,3,43,48,21,55"/><T44/><D120/><U4/><E135/><V1/><F111/><W49/><G3/><T12/><D107/><U29/><E127/><V63/><F124/><W81/><G81/><T75/><D75/><U119/><E119/><V101/><F42/><W134/><G15/><T35/><D78/><U122/><E110/><V25/><F37/><W76/><G21/><T46/><D12/><U58/><E122/><V14/><F0/><W11/><G71/><T96/><D18/><U19/><E103/><V125/><F125/><W113/><G67/><T40/><D52/><N who="3" m="20009" /><G11/><T57/><D57/><U112/><E112/><N who="3" m="43114" /><G76/><T121/><D121/><U129/><E79/><V74/><F77/><W23/><G23/><T92/><D35/><U41/><E129/><V109/><F1/><W24/><G24/><T5/><D27/><U66/><E68/><V132/><F109/><W91/><G134/><T89/><D26/><U2/><E2/><V88/><F132/><W60/><G60/><T83/><D83/><U105/><E105/><V69/><F63/><W131/><G98/><T97/><D5/><U87/><E87/><V93/><F69/><W32/><G32/><T84/><D84/><U99/><E99/><N who="2" m="57767" /><F74/><W30/><G30/><T20/><D20/><U85/><E85/><V51/><F72/><W39/><G91/><T104/><D90/><U8/><E13/><V61/><F61/><W82/><G82/><T70/><D89/><U123/><E123/><V6/><F62/><W73/><G73/><T47/><D70/><U94/><E66/><V115/><F115/><W45/><G36/><RYUUKYOKU ba="2,0" sc="406,-15,66,-15,323,15,205,15" hai2="6,9,14,17,22,25,51,59,101,102" hai3="39,43,45,48,49,130,131" /><INIT seed="5,3,0,0,2,18" ten="391,51,338,220" oya="1" hai0="85,46,45,81,107,32,94,29,133,34,129,106,38" hai1="1,64,15,118,99,61,33,126,55,92,36,114,39" hai2="49,68,83,69,95,109,2,108,63,96,57,127,128" hai3="102,90,21,89,75,54,116,82,70,22,56,20,47"/><U134/><E118/><V112/><F2/><W23/><G70/><T37/><D94/><U8/><E114/><V59/><F112/><W84/><G75/><T135/><D129/><U50/><E126/><V86/><F127/><W93/><G116/><T40/><D46/><U115/><E134/><N who="0" m="51209" /><D38/><U7/><E33/><N who="0" m="12905" /><D29/><U43/><E1/><V124/><F128/><W51/><G102/><T101/><D101/><U42/><E36/><V80/><F124/><W26/><G47/><T105/><D105/><U35/><E35/><V113/><F113/><W76/><G93/><T30/><D30/><AGARI ba="3,0" hai="20,21,22,23,26,30,51,54,56,76,82,84,89,90" machi="30" ten="40,8000,1" yaku="8,1,52,4" doraHai="18" who="3" fromWho="0" sc="391,-89,51,0,338,0,220,89" /><INIT seed="6,0,0,4,4,72" ten="302,51,338,309" oya="2" hai0="89,112,134,40,68,57,45,69,113,97,27,52,60" hai1="76,24,33,107,47,15,42,115,59,55,130,82,128" hai2="66,2,87,111,103,120,121,98,36,92,116,31,117" hai3="118,44,34,95,104,75,91,81,86,109,71,16,64"/><V100/><F36/><W21/><G109/><T84/><D97/><U101/><E115/><N who="0" m="44105" /><D27/><U5/><E101/><V99/><F2/><W37/><G34/><T123/><D123/><N who="2" m="47178" /><F66/><W132/><G104/><T48/><D134/><U106/><E106/><N who="2" m="63767" /><F31/><W70/><G132/><T10/><D10/><U4/><E107/><N who="2" m="63999" /><F111/><W22/><G22/><T1/><D1/><U58/><E58/><V114/><F114/><W125/><G64/><T135/><D135/><U105/><E105/><V39/><F39/><W78/><G118/><T83/><AGARI ba="0,0" hai="40,45,48,52,57,60,68,69,83,84,89" m="44105" machi="83" ten="30,2000,0" yaku="15,1,54,1" doraHai="72" who="0" fromWho="0" sc="302,20,51,-5,338,-10,309,-5" /><INIT seed="7,0,0,1,4,113" ten="322,46,328,304" oya="3" hai0="102,29,68,132,19,28,120,35,15,63,78,123,22" hai1="105,23,1,135,69,104,39,92,10,40,97,12,109" hai2="121,30,125,110,117,31,129,33,42,51,107,54,45" hai3="18,93,20,0,96,57,101,77,62,43,118,25,87"/><W3/><G118/><T6/><D132/><U126/><E12/><V61/><F117/><W73/><G73/><T103/><D78/><U114/><E23/><V38/><F110/><W127/><G127/><T65/><D6/><U55/><E92/><V26/><F125/><W17/><G43/><T13/><D13/><U72/><E55/><V112/><F112/><W47/><G47/><T8/><D8/><U50/><E50/><V46/><F121/><W58/><G58/><T48/><D48/><U44/><E97/><V111/><F111/><W11/><G11/><T91/><D91/><U119/><E44/><V80/><F107/><W49/><G49/><T14/><D14/><U100/><E100/><V34/><F80/><N who="3" m="47503" /><G3/><T2/><D2/><U5/><E40/><V37/><F37/><W89/><G0/><T21/><D35/><U24/><E24/><V41/><F31/><N who="3" m="17831" /><G89/><T133/><D133/><U116/><E5/><V16/><F34/><W95/><G95/><T131/><D131/><U98/><E98/><V82/><F129/><W60/><G60/><T83/><D83/><U74/><E10/><V67/><F82/><W52/><AGARI ba="0,0" hai="17,18,52,57,62,93,96,101" m="17831,47503" machi="52" ten="30,3000,0" yaku="8,1,54,1" doraHai="113" who="3" fromWho="3" sc="322,-10,46,-10,328,-10,304,30" owari="312,-9.0,36,-46.0,318,12.0,334,43.0" /></mjloggm>