<mjloggm ver="2.3"><GO type="185" lobby="0"/><UN n0="%E5%BF%AB%E9%81%A9" n1="%E3%81%82%E3%81%9F%E3%82%89%E3%81%AA%E3%81%84%E3%81%A7%EF%BC%81" n2="%E3%83%AA%E3%82%B3%E3%83%BB%E3%83%90%E3%83%B3%E3%83%87%E3%83%A9%E3%82%B9" n3="" dan="17,17,17,0" rate="2268.45,2208.89,2217.03,1500.00" sx="M,M,M,C"/><TAIKYOKU oya="0"/><INIT seed="0,0,0,2,3,116" ten="350,350,350,0" oya="0" hai0="86,129,85,112,79,125,97,94,52,89,50,59,77" hai1="45,61,53,44,120,72,60,90,34,133,128,48,2" hai2="65,33,40,70,88,101,68,74,98,135,107,99,58" hai3=""/><T46/><D112/><U111/><N who="1" m="30752" /><U132/><E2/><V64/><F33/><T126/><D129/><U80/><E34/><V134/><F74/><T41/><D85/><U100/><E128/><V0/><F0/><T110/><D110/><U87/><E111/><V96/><F40/><T106/><D106/><U55/><E100/><V35/><F35/><T113/><D113/><U75/><E75/><V36/><F36/><T54/><D54/><U131/><E131/><V1/><F99/><T114/><D114/><U43/><E72/><V78/><F78/><T117/><D117/><U122/><N who="1" m="31264" /><U102/><E102/><V109/><F109/><T82/><REACH who="0" step="1"/><D79/><REACH who="0" ten="340,350,350,0" step="2"/><U130/><E130/><V39/><F1/><T56/><D56/><U38/><REACH who="1" step="1"/><E55/><REACH who="1" ten="340,340,350,0" step="2"/><V93/><F107/><T71/><D71/><U123/><N who="1" m="31520" /><U91/><E91/><V42/><F70/><T127/><D127/><U73/><E73/><V92/><F68/><T51/><AGARI ba="0,2" hai="41,46,50,51,52,59,77,82,86,89,94,97,125,126" machi="51" ten="30,4000,0" yaku="1,1,0,1,54,1,53,0" doraHai="116" doraHaiUra="121" who="0" fromWho="0" sc="340,60,340,-20,350,-20,0,0" /><INIT seed="0,1,0,2,0,37" ten="400,320,330,0" oya="0" hai0="118,34,105,56,132,96,0,67,63,106,36,86,64" hai1="117,89,112,109,120,122,65,79,49,40,95,71,66" hai2="92,62,1,123,58,128,93,45,82,107,39,46,84" hai3=""/><T33/><D0/><U102/><N who="1" m="30752" /><U97/><N who="1" m="31264" /><U78/><E117/><V115/><N who="2" m="31520" /><V38/><F1/><T60/><D118/><U129/><E109/><V126/><F107/><T111/><D36/><U77/><E129/><V61/><F128/><T55/><D111/><U3/><E3/><V59/><F115/><T75/><D75/><U133/><E133/><V90/><F126/><T114/><D86/><U53/><E40/><V52/><F39/><T113/><D55/><U116/><E116/><V100/><F38/><T70/><D56/><U32/><E32/><V91/><F100/><T76/><D76/><U130/><E130/><V48/><F82/><T57/><D57/><N who="2" m="21514" /><F46/><T50/><D132/><U43/><E112/><V74/><F74/><T42/><D113/><U131/><E131/><V135/><F135/><T119/><D114/><U87/><E71/><V47/><F47/><T88/><D119/><U127/><E127/><V104/><F104/><T73/><D70/><U69/><E69/><V80/><F80/><T103/><D105/><U72/><E72/><V101/><F101/><T110/><D103/><U54/><E102/><V134/><F134/><T2/><D73/><U99/><E54/><V94/><F52/><RYUUKYOKU ba="1,0" sc="400,0,320,0,330,0,0,0" /><INIT seed="1,2,0,5,4,63" ten="400,320,330,0" oya="1" hai0="91,89,120,96,34,35,44,66,93,32,118,0,133" hai1="51,82,106,87,58,1,68,102,132,62,83,94,72" hai2="49,110,60,109,67,86,127,128,53,57,37,79,116" hai3=""/><U46/><E1/><V59/><F116/><T134/><N who="0" m="30752" /><T125/><D0/><U47/><E68/><V119/><F119/><T135/><D118/><U114/><E114/><V104/><F104/><T41/><D125/><U130/><E130/><V70/><F127/><T52/><D66/><U97/><E132/><V3/><F3/><T38/><REACH who="0" step="1"/><D52/><REACH who="0" ten="390,320,330,0" step="2"/><U33/><E33/><V100/><F128/><T76/><D76/><U95/><E72/><V65/><F70/><T74/><D74/><U64/><E82/><V48/><F67/><T40/><D40/><U108/><E108/><V85/><F109/><T50/><D50/><U129/><E129/><V45/><F110/><T111/><D111/><U77/><E51/><V75/><F75/><T39/><D39/><U117/><E117/><V2/><F37/><T56/><D56/><U81/><REACH who="1" step="1"/><E81/><REACH who="1" ten="390,310,330,0" step="2"/><V71/><F2/><T103/><AGARI ba="2,2" hai="32,34,35,38,41,44,89,91,93,96,103,133,134,135" m="30752" machi="103" ten="40,6000,1" yaku="1,1,0,1,20,1,52,1,53,1" doraHai="63" doraHaiUra="43" who="0" fromWho="0" sc="390,84,310,-42,330,-22,0,0" /><INIT seed="2,0,0,4,2,57" ten="474,268,308,0" oya="2" hai0="40,0,69,117,123,122,100,109,83,129,111,78,56" hai1="87,118,2,134,36,133,73,67,114,113,55,82,86" hai2="124,34,71,48,103,54,74,105,119,41,76,51,61" hai3=""/><V45/><F34/><T65/><N who="0" m="31264" /><T91/><N who="0" m="31520" /><T68/><D0/><U81/><E2/><V47/><F119/><T90/><D117/><U38/><E118/><V62/><F124/><T72/><D129/><U135/><E55/><V102/><F71/><T58/><D40/><U35/><E35/><V131/><F131/><T98/><D58/><U43/><E67/><V93/><F105/><T32/><D56/><U75/><E43/><V99/><REACH who="2" step="1"/><F103/><REACH who="2" ten="474,268,298,0" step="2"/><T85/><D32/><U33/><E33/><V112/><F112/><T80/><D68/><U92/><E135/><V64/><F64/><T46/><D69/><U66/><E66/><V121/><N who="2" m="31008" /><V53/><F53/><T97/><D65/><U42/><E42/><V88/><F88/><T107/><D46/><U94/><AGARI ba="0,1" hai="36,38,73,75,81,82,86,87,92,94,113,114,133,134" machi="94" ten="25,2400,0" yaku="0,1,22,2" doraHai="57" who="1" fromWho="1" sc="474,-8,268,34,298,-16,0,0" /><INIT seed="4,0,0,1,5,134" ten="466,302,282,0" oya="0" hai0="43,76,69,129,42,57,80,66,2,55,61,59,51" hai1="63,132,118,99,97,49,104,79,111,96,50,113,108" hai2="74,41,64,38,124,127,46,62,77,102,90,65,32" hai3=""/><T117/><D2/><U70/><E118/><V52/><F32/><T103/><D117/><U91/><E132/><V110/><F110/><T86/><D129/><U92/><E113/><V45/><F102/><T101/><REACH who="0" step="1"/><D69/><REACH who="0" ten="456,302,282,0" step="2"/><U75/><E111/><V54/><F127/><T56/><D56/><U120/><E108/><V98/><F124/><T94/><D94/><U39/><E70/><V121/><N who="2" m="31008" /><V35/><F35/><T130/><D130/><U83/><E92/><V33/><F33/><T36/><D36/><U115/><E39/><V116/><F116/><T114/><D114/><U89/><E115/><V122/><N who="2" m="31264" /><V112/><F112/><T67/><D67/><U58/><N who="1" m="30752" /><U48/><REACH who="1" step="1"/><E104/><REACH who="1" ten="456,292,282,0" step="2"/><V135/><F135/><T82/><D82/><U85/><E85/><V78/><F38/><T128/><D128/><U68/><E68/><V123/><F123/><T107/><D107/><U119/><E119/><V131/><F131/><T87/><D87/><U106/><E106/><V126/><F126/><T1/><D1/><U88/><E88/><V72/><F90/><T71/><D71/><U60/><E60/><V47/><F62/><T84/><D84/><U133/><E133/><V44/><N who="2" m="11264" /><DORA hai="53" /><V0/><F0/><RYUUKYOKU ba="0,2" sc="456,10,292,10,282,-20,0,0" hai0="42,43,51,55,57,59,61,66,76,80,86,101,103" hai1="48,49,50,58,63,75,79,83,89,91,96,97,99" /><INIT seed="4,1,2,2,2,83" ten="466,302,262,0" oya="0" hai0="122,115,66,74,46,92,113,45,101,117,41,106,32" hai1="96,48,85,67,69,75,76,135,56,99,57,34,110" hai2="70,71,112,52,79,107,104,111,133,120,3,62,35" hai3=""/><T73/><N who="0" m="31264" /><T54/><D117/><U97/><E110/><V108/><N who="2" m="30752" /><V43/><F35/><T1/><D32/><U40/><E34/><V51/><F3/><T90/><D1/><U53/><E135/><V37/><F133/><T94/><D66/><U100/><E75/><V121/><N who="2" m="31008" /><V78/><F43/><T42/><D54/><U98/><E40/><V63/><F51/><T47/><D47/><U91/><E76/><V134/><F134/><T55/><D55/><U119/><E119/><V123/><N who="2" m="31520" /><V82/><F52/><T59/><D101/><U116/><E116/><V129/><F82/><T81/><D81/><U93/><E69/><V80/><F80/><T95/><D59/><U68/><E68/><V109/><F109/><T87/><D41/><U61/><REACH who="1" step="1"/><E98/><REACH who="1" ten="466,292,262,0" step="2"/><V124/><F71/><T58/><D74/><U132/><E132/><V88/><F70/><T125/><D73/><U114/><E114/><V126/><F112/><T72/><D113/><U77/><E77/><V0/><F0/><T44/><D42/><U102/><AGARI ba="1,3" hai="48,53,56,57,61,67,85,91,93,96,97,99,100,102" machi="102" ten="30,6000,1" yaku="1,1,0,1,8,1,52,1,53,1" doraHai="83" doraHaiUra="49" who="1" fromWho="1" sc="466,-41,292,92,262,-21,0,0" /><INIT seed="5,0,0,2,4,61" ten="425,384,241,0" oya="1" hai0="63,94,38,95,100,102,47,37,105,122,133,74,84" hai1="129,3,39,115,72,86,103,46,44,131,117,135,106" hai2="33,59,87,92,108,1,53,112,107,113,65,123,77" hai3=""/><U42/><E72/><V62/><N who="2" m="31520" /><V90/><F33/><T69/><N who="0" m="31264" /><T54/><D74/><U36/><E3/><V83/><F1/><T125/><D125/><U41/><E117/><V110/><F107/><T97/><D133/><U64/><E135/><V35/><F35/><T127/><D127/><U85/><E115/><N who="2" m="44107" /><F53/><T70/><D84/><AGARI ba="0,0" hai="59,62,65,77,83,84,87,90,92,108,110" m="44107,31520" machi="84" ten="30,7700,0" yaku="15,1,11,1,52,2" doraHai="61" who="2" fromWho="0" sc="425,-77,384,0,241,77,0,0" /><INIT seed="6,0,0,2,5,3" ten="348,384,318,0" oya="2" hai0="1,85,69,37,48,80,118,72,64,33,117,94,119" hai1="40,97,67,56,58,75,38,95,88,82,77,101,73" hai2="79,98,130,91,71,41,111,57,114,42,113,62,128" hai3=""/><V125/><F79/><T134/><D1/><U112/><E112/><N who="2" m="43115" /><F91/><T135/><D37/><U49/><E75/><V63/><F98/><T124/><D48/><U87/><E38/><V52/><F125/><T102/><D64/><U65/><E56/><V39/><F111/><T121/><N who="0" m="31008" /><T32/><D69/><U45/><E58/><V44/><F42/><T107/><D124/><U43/><E43/><V34/><F34/><T110/><D110/><U55/><E40/><V54/><F54/><T74/><D107/><AGARI ba="0,0" hai="45,49,55,65,67,73,77,82,87,88,95,97,101,107" machi="107" ten="30,7700,0" yaku="7,1,24,2,54,1" doraHai="3" who="1" fromWho="0" sc="348,-77,384,77,318,0,0,0" owari="271,-33.0,461,41.0,318,-8.0,0,0.0" /></mjloggm>