<mjloggm ver="2.3"><GO type="169" lobby="0"/><UN n0="%E2%98%85%E3%83%9B%E3%83%BC%E3%82%B9%E2%98%85" n1="%EF%BC%91%EF%BC%90%E9%80%A3%E3%82%AC%E3%83%81%E3%83%A3" n2="%E3%81%A4%E3%82%89%E3%81%84%E3%80%82" n3="%E3%81%BF%E3%81%A3%E3%81%8D%E3%83%BC" dan="16,16,16,17" rate="2141.04,2071.42,2110.30,2204.27" sx="M,M,M,M"/><TAIKYOKU oya="0"/><INIT seed="0,0,0,0,4,102" ten="250,250,250,250" oya="0" hai0="88,12,71,135,76,37,24,91,105,85,39,52,104" hai1="21,62,77,131,84,2,65,110,0,5,67,18,90" hai2="66,109,117,4,111,6,114,70,86,69,121,126,101" hai3="50,95,56,124,48,20,68,83,7,13,80,115,40"/><T27/><D71/><N who="2" m="27146" /><F66/><W100/><G68/><T10/><D76/><U16/><E131/><V87/><F114/><W64/><G115/><T81/><D135/><U23/><E77/><V73/><F73/><W82/><G124/><T107/><D91/><U112/><E112/><V26/><F121/><W1/><G1/><T60/><D39/><U92/><E5/><N who="2" m="2155" /><F126/><W116/><G116/><T31/><D37/><U17/><E110/><N who="2" m="41995" /><F117/><W127/><G127/><T72/><D72/><U38/><E38/><V36/><F36/><W34/><G40/><T123/><D123/><U54/><E0/><V43/><F43/><W122/><G122/><T35/><D27/><U33/><E2/><V74/><F74/><W63/><G34/><T94/><D81/><U130/><E33/><V99/><F26/><W58/><G58/><T98/><D85/><U128/><E128/><V44/><F44/><W96/><G7/><T79/><D79/><U32/><E32/><V106/><AGARI ba="0,0" hai="86,87,99,101,106" m="41995,2155,27146" machi="106" ten="40,2700,0" yaku="14,1,52,1" doraHai="102" who="2" fromWho="2" sc="250,-13,250,-7,250,27,250,-7" /><INIT seed="1,0,0,4,2,83" ten="237,243,277,243" oya="1" hai0="98,11,111,86,43,76,60,118,77,87,53,130,129" hai1="52,31,22,81,37,135,123,110,109,82,124,96,45" hai2="114,7,95,2,97,26,132,71,12,133,108,91,89" hai3="3,20,5,104,66,27,42,125,17,38,18,6,1"/><U88/><E123/><V101/><F71/><W121/><G104/><T80/><D118/><U54/><E135/><N who="2" m="51787" /><F108/><N who="1" m="41577" /><E124/><V70/><F70/><W50/><G38/><T74/><D111/><U55/><E37/><V105/><F2/><N who="3" m="523" /><G66/><T24/><D43/><U106/><E45/><V72/><F72/><W33/><G50/><T134/><D134/><U15/><E106/><V36/><F36/><W62/><G62/><T128/><D11/><U84/><E96/><N who="2" m="61607" /><F26/><N who="3" m="14607" /><G42/><T75/><D24/><N who="1" m="16791" /><E15/><V120/><F120/><W41/><G41/><T116/><D116/><U115/><E115/><V102/><F114/><W14/><G125/><T46/><D98/><U34/><E34/><V10/><AGARI ba="0,0" hai="7,10,12,89,91,95,97,102" m="61607,51787" machi="10" ten="30,1100,0" yaku="20,1" doraHai="83" who="2" fromWho="2" sc="237,-3,243,-5,277,11,243,-3" /><INIT seed="2,0,0,3,2,7" ten="234,238,288,240" oya="2" hai0="89,135,120,115,33,43,82,40,60,113,71,48,86" hai1="97,83,91,9,96,114,28,98,10,66,0,100,81" hai2="93,85,131,14,6,47,102,119,12,36,87,111,95" hai3="64,18,117,79,52,103,124,32,20,125,17,26,56"/><V90/><F119/><W21/><G117/><T13/><D120/><U84/><E0/><V72/><F72/><W2/><G32/><T76/><D33/><U130/><E114/><V57/><F131/><W80/><G103/><T67/><D135/><U19/><E130/><V106/><F106/><W62/><G2/><T92/><D43/><U65/><E28/><V88/><F102/><W59/><G59/><T101/><D101/><U23/><E83/><V126/><F126/><W105/><G105/><T134/><D134/><U46/><E46/><V30/><F30/><W116/><G116/><T132/><D132/><U50/><E50/><V53/><F111/><W129/><G129/><T16/><D48/><U58/><E100/><V94/><F94/><W112/><G112/><T73/><REACH who="0" step="1"/><D40/><REACH who="0" ten="224,238,288,240" step="2"/><U74/><E74/><V22/><F47/><W77/><G124/><T15/><D15/><N who="1" m="9727" /><E66/><V34/><F34/><W118/><G125/><T55/><D55/><U29/><E29/><V25/><F14/><N who="3" m="9271" /><G118/><T127/><D127/><U123/><E123/><V11/><F53/><W104/><G52/><T8/><AGARI ba="0,1" hai="8,13,16,60,67,71,73,76,82,86,89,92,113,115" machi="8" ten="20,8000,1" yaku="1,1,0,1,7,1,52,1,54,1,53,0" doraHai="7" doraHaiUra="69" who="0" fromWho="0" sc="224,90,238,-20,288,-40,240,-20" /><INIT seed="3,0,0,4,1,106" ten="314,218,248,220" oya="3" hai0="94,93,111,14,124,12,30,117,89,50,20,39,28" hai1="36,22,62,83,126,81,42,18,58,100,95,70,77" hai2="52,103,25,40,46,118,2,35,92,55,116,107,69" hai3="8,120,102,98,11,9,84,63,91,45,17,132,38"/><W1/><G120/><T121/><D39/><U67/><E126/><V123/><F123/><W15/><G132/><T101/><D121/><U26/><E70/><V104/><F2/><W109/><G109/><T97/><D117/><U47/><E83/><V43/><F69/><W24/><G1/><T72/><D72/><U13/><E95/><V115/><F115/><W21/><G63/><T80/><D80/><U96/><E96/><V79/><F79/><W122/><G122/><T99/><D124/><U31/><E100/><V48/><F92/><W90/><G38/><T16/><D111/><U32/><E81/><V56/><F55/><W88/><G45/><T37/><D37/><U133/><REACH who="1" step="1"/><E77/><REACH who="1" ten="314,208,248,220" step="2"/><V5/><F103/><W7/><REACH who="3" step="1"/><G84/><REACH who="3" ten="314,208,248,210" step="2"/><T60/><D60/><U0/><E0/><V71/><F118/><W119/><G119/><T125/><D125/><U129/><E129/><V78/><F116/><W59/><G59/><T114/><D114/><U66/><E66/><V44/><F56/><W19/><G19/><T27/><D50/><U49/><E49/><V68/><F48/><W128/><G128/><T3/><D3/><U112/><E112/><V33/><F71/><W86/><G86/><T41/><D16/><U135/><AGARI ba="0,2" hai="13,18,22,26,31,32,36,42,47,58,62,67,133,135" machi="135" ten="30,4000,0" yaku="1,1,0,1,53,1" doraHai="106" doraHaiUra="54" who="1" fromWho="1" sc="314,-10,208,60,248,-10,210,-20" /><INIT seed="4,0,0,4,3,99" ten="304,268,238,190" oya="0" hai0="70,17,66,75,3,53,88,29,64,87,67,85,38" hai1="69,44,37,34,110,134,106,109,33,63,125,77,50" hai2="30,47,123,11,60,48,94,78,115,112,14,100,107" hai3="128,52,76,124,92,8,54,82,32,73,19,117,96"/><T84/><D75/><U18/><E134/><V41/><F123/><W111/><G117/><T122/><D122/><U28/><E125/><V57/><F78/><W49/><G111/><T113/><D113/><N who="2" m="43594" /><F30/><W116/><G116/><T51/><D38/><U119/><E119/><V95/><F107/><W55/><G32/><T133/><D133/><U108/><E37/><V65/><F100/><W90/><G124/><T83/><D70/><U12/><E28/><V118/><F118/><W126/><G126/><T127/><D127/><U6/><E6/><AGARI ba="0,0" hai="6,11,14,41,47,48,57,60,65,94,95" m="43594" machi="6" ten="30,1000,0" yaku="15,1" doraHai="99" who="2" fromWho="1" sc="304,0,268,-10,238,10,190,0" /><INIT seed="5,0,0,0,4,97" ten="304,258,248,190" oya="1" hai0="122,108,6,20,81,105,63,72,57,123,14,59,53" hai1="120,17,61,96,109,92,52,31,40,75,98,41,39" hai2="135,5,95,113,10,43,94,73,125,78,28,68,22" hai3="130,19,91,2,124,132,64,83,38,127,77,100,37"/><U42/><E39/><V117/><F117/><W47/><G2/><T9/><D108/><U36/><E36/><V107/><F68/><W55/><G64/><T112/><D112/><U62/><E75/><V121/><F121/><N who="0" m="46090" /><D105/><U69/><E109/><V71/><F71/><W24/><G91/><T119/><D119/><U118/><E118/><V89/><F113/><W44/><G132/><T88/><D20/><U126/><E126/><V67/><F67/><W80/><G130/><T76/><D59/><U66/><E31/><V115/><F115/><W0/><G0/><T133/><D88/><U18/><E98/><V51/><F135/><AGARI ba="0,0" hai="6,9,14,53,57,63,72,76,81,133,135" m="46090" machi="135" ten="30,1000,0" yaku="13,1" doraHai="97" who="0" fromWho="2" sc="304,10,258,0,248,-10,190,0" /><INIT seed="6,0,0,4,5,76" ten="314,258,238,190" oya="2" hai0="26,56,72,7,97,27,101,32,1,112,103,23,55" hai1="91,14,84,10,100,19,47,42,25,128,43,37,24" hai2="122,22,99,127,44,131,57,117,3,130,64,13,35" hai3="134,104,29,53,111,71,69,16,87,109,113,9,30"/><V5/><F117/><W126/><G104/><T60/><D72/><U63/><E128/><N who="2" m="49195" /><F122/><W88/><G126/><T73/><D73/><U119/><E100/><V33/><F3/><W62/><G109/><T79/><D79/><U18/><E43/><V80/><F44/><W74/><G74/><T125/><D112/><U39/><E39/><V61/><F127/><W110/><G110/><T31/><D125/><U48/><E37/><V45/><F45/><W107/><G107/><T77/><D77/><U120/><E120/><V96/><F80/><N who="3" m="49255" /><G71/><T90/><D1/><U15/><E63/><V118/><F118/><W54/><G69/><T70/><D7/><U105/><E105/><V92/><F99/><W135/><G113/><T95/><D70/><U108/><E108/><V86/><F86/><W89/><G111/><T82/><D82/><U133/><E133/><N who="3" m="50698" /><G89/><T123/><D123/><U20/><E119/><V132/><F132/><W102/><G102/><T98/><D98/><U12/><REACH who="1" step="1"/><E25/><REACH who="1" ten="314,248,238,190" step="2"/><V11/><F22/><W36/><G36/><T6/><D103/><AGARI ba="0,1" hai="5,11,13,33,35,57,61,64,92,96,103" m="49195" machi="103" ten="30,1500,0" yaku="19,1" doraHai="76" who="2" fromWho="0" sc="314,-15,248,0,238,25,190,0" /><INIT seed="6,1,0,0,0,111" ten="299,248,263,190" oya="2" hai0="37,119,102,17,134,129,3,98,70,2,125,26,123" hai1="75,52,68,13,99,93,43,87,132,8,45,30,27" hai2="85,69,88,66,84,44,0,133,29,21,9,110,56" hai3="10,47,35,117,20,6,83,115,18,76,124,90,40"/><V114/><F133/><W65/><G117/><T67/><D119/><U23/><E68/><V94/><F69/><W39/><G35/><T113/><D123/><U72/><E132/><V97/><F110/><W71/><G90/><T5/><D37/><U63/><E87/><V73/><F73/><W57/><G124/><T121/><D121/><U36/><E63/><V81/><F44/><W51/><G71/><T34/><D134/><U108/><E108/><V118/><F118/><W130/><G130/><T4/><D125/><U58/><E13/><V49/><F114/><W101/><G101/><T131/><D113/><U105/><E105/><V15/><F0/><N who="3" m="327" /><G51/><T86/><D86/><U103/><REACH who="1" step="1"/><E8/><REACH who="1" ten="299,238,263,190" step="2"/><V41/><F85/><W19/><G115/><T100/><D70/><U61/><AGARI ba="1,1" hai="23,27,30,36,43,45,52,58,61,72,75,93,99,103" machi="61" ten="20,12000,2" yaku="1,1,2,1,0,1,7,1,54,1,53,1" doraHai="111" doraHaiUra="89" who="1" fromWho="1" sc="299,-31,238,133,263,-61,190,-31" /><INIT seed="7,0,0,1,3,16" ten="268,371,202,159" oya="3" hai0="13,58,39,97,33,9,63,17,7,105,98,79,126" hai1="82,48,60,113,91,125,19,29,124,119,38,45,121" hai2="73,36,64,134,35,67,52,87,21,43,94,133,51" hai3="128,135,90,25,65,50,111,55,83,66,132,109,131"/><W86/><G25/><T8/><D39/><U101/><E113/><V14/><F73/><W88/><G66/><T93/><D33/><U22/><E121/><V99/><F35/><W118/><G65/><T30/><D30/><U72/><E29/><V120/><F120/><W95/><G50/><T4/><D126/><U42/><E60/><V71/><F71/><W122/><G55/><N who="0" m="34271" /><D105/><U102/><E48/><V70/><F70/><W115/><G122/><T107/><D107/><U130/><E130/><N who="3" m="49706" /><G115/><T129/><D79/><N who="1" m="44391" /><E91/><V11/><F43/><W74/><G118/><T2/><D2/><U37/><E37/><V54/><F36/><W49/><G49/><T20/><D98/><U100/><E119/><V27/><F54/><W31/><G31/><T6/><D129/><U12/><E101/><AGARI ba="0,0" hai="4,6,7,8,9,13,17,20,93,97,101" m="34271" machi="101" ten="30,2000,0" yaku="8,1,52,1" doraHai="16" who="0" fromWho="1" sc="268,20,371,-20,202,0,159,0" owari="288,9.0,351,45.0,202,-20.0,159,-34.0" /></mjloggm>