<mjloggm ver="2.3"><GO type="169" lobby="0"/><UN n0="%E5%BD%BC%E5%A5%B3%E6%AC%B2%E3%81%97%E3%81%84%E3%82%88" n1="%4E%41%4B%41%48%41%52%41" n2="%E6%B2%B3%E5%B6%8B%4B%4B" n3="%E6%B1%A0%E7%94%B0%E3%81%AD%E3%81%93" dan="16,16,19,16" rate="2151.55,2112.28,2271.10,2048.50" sx="M,M,M,F"/><TAIKYOKU oya="0"/><INIT seed="0,0,0,0,5,19" ten="250,250,250,250" oya="0" hai0="48,107,116,131,111,97,17,5,24,88,128,85,91" hai1="13,74,113,58,52,12,117,18,118,132,50,45,59" hai2="72,27,54,51,121,64,7,94,66,46,101,112,87" hai3="99,25,77,133,2,68,28,37,38,124,115,134,60"/><T56/><D116/><U86/><E74/><V89/><F112/><W61/><G115/><T22/><D111/><U103/><E113/><V57/><F121/><W79/><G2/><T122/><D122/><U29/><E132/><N who="3" m="50794" /><G124/><T108/><D108/><U32/><E103/><V105/><F72/><W95/><G61/><T1/><D1/><U62/><E13/><V127/><F127/><W39/><G60/><T73/><D73/><U8/><E59/><V71/><F71/><W104/><G104/><T41/><D5/><U14/><E29/><V55/><F7/><W36/><G68/><T34/><D34/><U96/><E96/><V98/><F27/><W106/><G106/><T123/><D123/><U93/><E32/><V43/><REACH who="2" step="1"/><F55/><REACH who="2" ten="250,250,240,250" step="2"/><W16/><G16/><T119/><D17/><U81/><E14/><V109/><F109/><W20/><N who="3" m="9216" /><DORA hai="49" /><W26/><G26/><T40/><D24/><U44/><E117/><V129/><F129/><W31/><G31/><T90/><D119/><U3/><E118/><V70/><F70/><W35/><G35/><T100/><D131/><U130/><E3/><V80/><F80/><W78/><G78/><T42/><D128/><U10/><E130/><V92/><F92/><W33/><G33/><T83/><D107/><U23/><E93/><V11/><F11/><W47/><G47/><N who="1" m="17994" /><E10/><V135/><F135/><W9/><G9/><T114/><D114/><U69/><E8/><V82/><F82/><W65/><G65/><T21/><D83/><U76/><E69/><V110/><F110/><W53/><G53/><T67/><D41/><RYUUKYOKU ba="0,1" sc="250,-30,250,10,240,10,250,10" hai1="12,18,23,50,52,58,62,76,81,86" hai2="43,46,51,54,57,64,66,87,89,94,98,101,105" hai3="20,25,28,77,79,95,99" /><INIT seed="1,1,1,2,3,60" ten="220,260,250,260" oya="1" hai0="99,40,107,124,28,83,73,62,5,22,86,39,7" hai1="15,88,18,81,66,2,79,112,94,9,33,57,74" hai2="67,129,27,84,106,110,65,104,123,8,13,20,82" hai3="17,95,87,53,34,119,36,109,126,14,80,52,38"/><U47/><E112/><V108/><F123/><W63/><G34/><T23/><D73/><U1/><E33/><V85/><F129/><W50/><G109/><N who="2" m="42089" /><F106/><W91/><G126/><T6/><D124/><U78/><E78/><V46/><F46/><W35/><G35/><T48/><D39/><U111/><E47/><V31/><F104/><W0/><G0/><T76/><D28/><U120/><E120/><V121/><F121/><W12/><G119/><T61/><D107/><U43/><E43/><V68/><F68/><W19/><G63/><N who="0" m="24075" /><D99/><U26/><E57/><V45/><F45/><AGARI ba="1,1" hai="5,6,7,22,23,40,45,48,76,83,86" m="24075" machi="45" ten="30,1000,0" yaku="8,1" doraHai="60" who="0" fromWho="2" sc="220,23,260,0,250,-13,260,0" /><INIT seed="2,0,0,3,0,44" ten="243,260,237,260" oya="2" hai0="111,15,126,32,101,57,66,130,50,25,8,48,23" hai1="7,93,108,97,52,86,109,36,3,47,16,29,71" hai2="26,78,81,40,62,103,87,27,4,2,132,116,43" hai3="110,113,53,59,30,118,94,100,120,133,49,69,89"/><V83/><F116/><W70/><G118/><T64/><D32/><U22/><E71/><V54/><F132/><W134/><G120/><T128/><D111/><U90/><E29/><V10/><F103/><W12/><G110/><N who="1" m="42602" /><E7/><V95/><F95/><W82/><G30/><N who="0" m="17727" /><D101/><U65/><E65/><N who="0" m="25193" /><D57/><U77/><E3/><V14/><F2/><W24/><G24/><N who="2" m="9257" /><F83/><W123/><G123/><T68/><D68/><U129/><E36/><V61/><F54/><W121/><G121/><T92/><D92/><U67/><E67/><V91/><F91/><W85/><G12/><T51/><D126/><U41/><E41/><AGARI ba="0,0" hai="4,10,14,40,41,43,61,62,78,81,87" m="9257" machi="41" ten="30,1500,0" yaku="8,1" doraHai="44" who="2" fromWho="1" sc="243,0,260,-15,237,15,260,0" /><INIT seed="2,1,0,2,3,69" ten="243,245,252,260" oya="2" hai0="4,116,87,45,96,98,94,115,60,43,121,9,90" hai1="109,54,89,6,101,27,70,32,49,113,17,55,79" hai2="42,38,21,16,84,132,81,104,5,128,73,62,19" hai3="134,46,100,93,68,15,24,47,56,59,52,66,7"/><V65/><F128/><W2/><G2/><T74/><D115/><U122/><E70/><V135/><F104/><W63/><G134/><T39/><D121/><U35/><E113/><V58/><F73/><W72/><G72/><T106/><D116/><U0/><E55/><V114/><F114/><W11/><G24/><T10/><D106/><U108/><E79/><V127/><F5/><W41/><G68/><T131/><D131/><U3/><E101/><V117/><F127/><W34/><G34/><N who="1" m="12842" /><E89/><V99/><F99/><N who="3" m="59503" /><G41/><T78/><D60/><AGARI ba="1,0" hai="7,11,15,46,47,52,56,59,60,63,66" m="59503" machi="60" ten="30,2000,0" yaku="8,1,54,1" doraHai="69" who="3" fromWho="0" sc="243,-23,245,0,252,0,260,23" /><INIT seed="3,0,0,3,2,67" ten="220,245,252,283" oya="3" hai0="71,133,120,15,127,76,107,40,89,75,93,132,1" hai1="59,121,62,134,83,63,30,92,35,14,130,28,72" hai2="97,124,112,12,31,58,106,42,78,108,16,116,135" hai3="100,52,32,18,7,27,117,10,109,119,8,44,105"/><W96/><G109/><T86/><D1/><U34/><E121/><V90/><F112/><W2/><G10/><T23/><D40/><U6/><E130/><V46/><F124/><W19/><G19/><T129/><D120/><U91/><E134/><N who="0" m="51817" /><D23/><U24/><E6/><V0/><F0/><W126/><G126/><T53/><D15/><U104/><E104/><V64/><F116/><W79/><G79/><T88/><D53/><U4/><E83/><V5/><F5/><W122/><G122/><T50/><D50/><U36/><E72/><V77/><F31/><W3/><G3/><T56/><D56/><U94/><E36/><V33/><F33/><W29/><G18/><T13/><D13/><U37/><E37/><V84/><F97/><W17/><G17/><T111/><D111/><U103/><E103/><V101/><F101/><W60/><G60/><T21/><D21/><U25/><E62/><N who="2" m="37975" /><F106/><W123/><G123/><T80/><D127/><U51/><E51/><N who="2" m="27095" /><F108/><W131/><G131/><T57/><D129/><U128/><E128/><V66/><F66/><W125/><G125/><T65/><D107/><U73/><E4/><V69/><F69/><W70/><G70/><T45/><D45/><U39/><E39/><V102/><F135/><W74/><G74/><T41/><D71/><U68/><E73/><V38/><F38/><W26/><G26/><T114/><D114/><U43/><E68/><V11/><F102/><W55/><G44/><T47/><D65/><N who="1" m="39167" /><E14/><V115/><F115/><W110/><G110/><T48/><D57/><U22/><E28/><V61/><F61/><RYUUKYOKU ba="0,0" sc="220,10,245,-30,252,10,283,10" hai0="41,47,48,75,76,80,86,88,89,93" hai2="11,12,16,77,78,84,90" hai3="2,7,8,27,29,32,52,55,96,100,105,117,119" /><INIT seed="3,1,0,3,5,2" ten="230,215,262,293" oya="3" hai0="18,53,62,106,120,32,130,19,0,100,99,55,83" hai1="49,56,88,21,61,11,3,60,114,14,112,50,51" hai2="20,78,122,104,107,54,93,29,75,125,115,38,84" hai3="39,36,87,57,43,42,101,85,89,121,128,31,40"/><W90/><G121/><T45/><D120/><U131/><E131/><V105/><F122/><W35/><G128/><T6/><D130/><U41/><E41/><V1/><F38/><W103/><G35/><T5/><D32/><U48/><E3/><V71/><F71/><W15/><G31/><T30/><D30/><U81/><E21/><V65/><F65/><W94/><G57/><T98/><D83/><U10/><E10/><V46/><F1/><W134/><G134/><T22/><D0/><U28/><E28/><V110/><F54/><W76/><G76/><T132/><D132/><U117/><E117/><V64/><F46/><W123/><G123/><T24/><D18/><U58/><E112/><V124/><F64/><W47/><G15/><T7/><D62/><U127/><E127/><N who="2" m="48715" /><F20/><W68/><G68/><T79/><D79/><U13/><E114/><V52/><F52/><W12/><G12/><T33/><D33/><U17/><E14/><V95/><F29/><W109/><G109/><T118/><D118/><U37/><E37/><V119/><F119/><W91/><G39/><T69/><D69/><U8/><E8/><V63/><F63/><N who="1" m="24137" /><E51/><V113/><F110/><W116/><G116/><T27/><D27/><U74/><E74/><V59/><F59/><W77/><G36/><T102/><REACH who="0" step="1"/><D45/><REACH who="0" ten="220,215,262,293" step="2"/><U4/><E17/><V25/><F25/><W66/><G47/><T135/><D135/><U82/><E81/><N who="2" m="47159" /><F75/><W126/><G126/><T111/><D111/><U26/><E26/><V133/><F133/><W34/><G34/><T16/><D16/><U44/><E44/><RYUUKYOKU ba="1,1" sc="220,10,215,10,262,10,293,-30" hai0="5,6,7,19,22,24,53,55,98,99,100,102,106" hai1="4,11,13,48,49,50,56,58,82,88" hai2="93,95,104,105,107,113,115" /><INIT seed="4,2,1,1,4,93" ten="230,225,272,263" oya="0" hai0="56,135,72,107,53,41,69,35,12,36,23,94,91" hai1="44,90,108,15,111,74,120,96,70,86,40,79,46" hai2="6,43,47,80,17,50,62,4,106,13,101,105,113" hai3="29,26,37,109,71,3,51,133,45,119,125,34,78"/><T8/><D135/><U5/><E120/><V83/><F113/><W112/><RYUUKYOKU type="yao9" ba="2,1" sc="230,0,225,0,272,0,263,0" hai3="3,26,29,34,37,45,51,71,78,109,112,119,125,133" /><INIT seed="4,3,1,3,1,114" ten="230,225,272,263" oya="0" hai0="129,95,98,118,69,112,126,43,132,12,73,89,79" hai1="45,123,71,24,44,5,50,28,87,1,104,49,80" hai2="91,56,3,37,20,85,96,63,31,119,15,74,90" hai3="65,52,36,109,26,94,72,115,64,116,134,39,18"/><T53/><D112/><U46/><E123/><V99/><F74/><W101/><G109/><T6/><D132/><U67/><E104/><V84/><F3/><W83/><G115/><T23/><D129/><U19/><E71/><V54/><F37/><W131/><G131/><T25/><D126/><U42/><E67/><V34/><F34/><W133/><G65/><T29/><D69/><U38/><E5/><V108/><F108/><W78/><G64/><T102/><D118/><U62/><E62/><V113/><F113/><W75/><G75/><T35/><D43/><U14/><E1/><V17/><F31/><W76/><G76/><T120/><D120/><U106/><E106/><V111/><F119/><W128/><G116/><T97/><D53/><U58/><E58/><V88/><F111/><W124/><G124/><T47/><D47/><U9/><E38/><V122/><F122/><W0/><G0/><T21/><D79/><U59/><E59/><V7/><F7/><W121/><G128/><T117/><D73/><U22/><REACH who="1" step="1"/><E42/><REACH who="1" ten="230,215,272,263" step="2"/><V60/><F63/><W33/><G121/><T77/><D117/><U57/><E57/><V8/><F60/><W48/><G39/><T27/><D6/><U10/><E10/><V127/><F127/><W107/><G107/><T86/><D98/><N who="2" m="37418" /><F8/><W30/><G36/><T103/><D97/><U70/><E70/><V11/><F11/><W135/><G135/><T55/><D103/><U61/><E61/><V82/><F56/><N who="3" m="32775" /><G101/><T92/><D102/><U81/><E81/><N who="2" m="49167" /><F54/><W51/><G134/><T130/><D55/><U68/><E68/><RYUUKYOKU ba="3,2" sc="230,-15,215,15,272,15,263,-15" hai1="9,14,19,22,24,28,44,45,46,49,50,80,87" hai2="15,17,20,82,85,90,91" /><INIT seed="5,4,2,3,4,101" ten="215,230,287,248" oya="1" hai0="134,47,100,28,16,10,37,112,105,53,33,72,103" hai1="118,77,29,49,102,51,109,127,65,50,130,106,60" hai2="70,120,5,135,34,128,123,66,71,96,4,122,76" hai3="121,12,25,79,83,116,2,0,55,119,31,124,11"/><U45/><E118/><N who="3" m="45098" /><G121/><T82/><D134/><U54/><E127/><V84/><F34/><N who="3" m="20847" /><G55/><T133/><D133/><U86/><E130/><V39/><F135/><W22/><G124/><T7/><D112/><U43/><E29/><V26/><F26/><W24/><G83/><T57/><D82/><U1/><E1/><V93/><F39/><W52/><G52/><T36/><D72/><U38/><E109/><V89/><F128/><W73/><G79/><T108/><D108/><U81/><E54/><V110/><F110/><W8/><G73/><T21/><D47/><U125/><E125/><V48/><F48/><W63/><G63/><T56/><D36/><U44/><E44/><V15/><F66/><W62/><G62/><T59/><D37/><U88/><E77/><V94/><F76/><W58/><G58/><T35/><D53/><U98/><E38/><V18/><F71/><AGARI ba="4,2" hai="43,45,49,50,51,60,65,71,81,86,88,98,102,106" machi="71" ten="30,5800,0" yaku="7,1,52,1,54,1" doraHai="101" who="1" fromWho="2" sc="215,0,230,90,287,-70,248,0" /><INIT seed="5,5,0,1,2,5" ten="215,320,217,248" oya="1" hai0="92,94,97,70,17,21,105,31,43,41,111,131,29" hai1="63,9,32,35,90,50,65,33,62,68,95,75,58" hai2="61,123,107,84,57,52,20,102,39,56,119,27,100" hai3="40,34,96,88,85,7,79,18,101,23,67,51,54"/><U6/><E75/><V121/><F119/><W45/><G34/><T11/><D111/><U89/><E50/><V48/><F39/><W12/><G67/><T120/><D131/><U81/><E81/><V108/><F108/><W13/><G79/><T104/><D70/><U93/><E93/><V69/><F69/><W14/><G7/><T86/><D120/><U3/><REACH who="1" step="1"/><E95/><REACH who="1" ten="215,310,217,248" step="2"/><V98/><F102/><W129/><G129/><T115/><D94/><U71/><E71/><V59/><F84/><W46/><G101/><T125/><D92/><U114/><E114/><V44/><REACH who="2" step="1"/><F61/><REACH who="2" ten="215,310,207,248" step="2"/><W60/><G96/><T122/><D115/><U16/><E16/><AGARI ba="5,2" hai="16,20,27,44,48,52,56,57,59,98,100,107,121,123" machi="16" ten="40,8000,1" yaku="1,1,2,1,54,2,53,1" doraHai="5" doraHaiUra="22" who="2" fromWho="1" sc="215,0,310,-95,207,115,248,0" /><INIT seed="6,0,0,5,3,57" ten="215,215,322,248" oya="2" hai0="75,58,126,50,81,27,129,86,60,12,38,69,10" hai1="72,108,19,0,97,40,22,133,34,42,23,37,65" hai2="116,84,105,79,3,78,103,32,67,63,82,122,120" hai3="16,74,85,24,127,14,96,121,52,44,25,21,46"/><V2/><F116/><W9/><G121/><T132/><D132/><U36/><E34/><V70/><F32/><W89/><G74/><T114/><D114/><U56/><E0/><V95/><F79/><W115/><G127/><T59/><D126/><U110/><E72/><V135/><F135/><W29/><G96/><T112/><D112/><U98/><E56/><V113/><F113/><W91/><G115/><T51/><D129/><U20/><E20/><V68/><F68/><W71/><G71/><T119/><D119/><U92/><E92/><V53/><F53/><W39/><G39/><T123/><D123/><U80/><E65/><V31/><F3/><W102/><G102/><T28/><D38/><U73/><E73/><V54/><F2/><W7/><G52/><N who="0" m="33895" /><D58/><U83/><REACH who="1" step="1"/><E19/><REACH who="1" ten="215,205,322,248" step="2"/><V62/><F120/><W111/><G111/><T124/><D124/><U66/><E66/><V101/><F122/><W6/><G6/><N who="0" m="3159" /><D75/><U35/><E35/><V48/><F67/><W125/><G125/><T100/><D69/><U8/><E8/><V1/><F1/><W118/><G118/><T13/><D100/><U61/><E61/><V64/><F63/><W77/><G46/><T87/><D81/><U43/><E43/><V47/><F103/><W131/><G44/><T45/><D45/><U94/><E94/><V88/><F101/><W99/><G7/><T41/><D41/><U104/><E104/><V134/><F105/><W76/><G9/><T109/><D109/><U26/><E26/><V5/><F5/><W11/><G25/><T33/><D13/><U15/><E15/><RYUUKYOKU ba="0,1" sc="215,15,205,15,322,-15,248,-15" hai0="27,28,33,50,51,86,87" hai1="22,23,36,37,40,42,80,83,97,98,108,110,133" /><INIT seed="7,1,1,4,1,105" ten="230,220,307,233" oya="3" hai0="99,132,95,32,36,88,119,76,111,23,98,17,15" hai1="113,127,86,62,109,112,47,117,5,87,106,9,116" hai2="43,54,7,84,35,6,28,83,44,60,16,71,18" hai3="101,77,25,90,1,110,79,129,68,34,122,12,94"/><W2/><G122/><T3/><D111/><U126/><E106/><V103/><F103/><W27/><G68/><T92/><D119/><N who="1" m="45643" /><E109/><V52/><F28/><W70/><G70/><T104/><D132/><U39/><E62/><V78/><F35/><W29/><G129/><T75/><D32/><U11/><E47/><V128/><F128/><W93/><G110/><T0/><D36/><U100/><E100/><V97/><F97/><W130/><G130/><T24/><D104/><U61/><E61/><V69/><F69/><W4/><G1/><T64/><D64/><U135/><E39/><V40/><F6/><W8/><G2/><T120/><D120/><U82/><E135/><V107/><F7/><W115/><G115/><N who="1" m="44106" /><E86/><V114/><F107/><W42/><G42/><T49/><D49/><U22/><E22/><V56/><F71/><W123/><G123/><T63/><D63/><U134/><E134/><V131/><F131/><W31/><G101/><T125/><D125/><N who="1" m="47627" /><E5/><V72/><F84/><W133/><G133/><T121/><D121/><U55/><E55/><V45/><F54/><W89/><G89/><AGARI ba="1,1" hai="9,11,82,87,89" m="47627,44106,45643" machi="89" ten="40,5200,0" yaku="12,1,15,1,18,1" doraHai="105" who="1" fromWho="3" sc="230,0,220,65,307,0,233,-55" owari="230,-17.0,285,9.0,307,40.0,178,-32.0" /></mjloggm>