<mjloggm ver="2.3"><GO type="169" lobby="0"/><UN n0="%E3%82%84%E3%81%8F%E3%81%97%E3%81%BE%E3%82%8B%E3%81%88%E3%81%A4%E3%81%93" n1="%E3%81%94%E3%81%96%E3%83%BC%E3%82%8B%E3%81%94%E3%81%96%E3%82%8B" n2="%E5%85%AD%E9%83%A8%E5%9C%AD" n3="%6D%61%73%5F" dan="16,16,16,16" rate="2073.72,2116.29,2111.43,2164.04" sx="F,M,M,M"/><TAIKYOKU oya="0"/><INIT seed="0,0,0,2,5,132" ten="250,250,250,250" oya="0" hai0="16,104,29,33,85,27,61,73,77,74,122,93,119" hai1="111,3,116,64,2,120,96,48,31,15,102,60,28" hai2="134,26,91,128,75,71,86,30,50,87,25,46,7" hai3="124,130,67,105,8,37,72,5,79,35,84,21,59"/><T70/><D119/><U34/><E116/><V12/><F75/><W83/><G35/><T24/><D122/><U43/><E120/><V40/><F134/><W51/><G105/><T99/><D77/><U80/><E111/><V131/><F71/><W22/><G37/><T4/><D85/><U100/><E80/><V82/><F26/><W49/><G130/><T126/><D4/><U52/><E43/><V63/><F63/><W44/><G72/><T88/><D104/><U109/><E15/><V1/><F1/><W108/><G108/><T90/><D90/><U9/><E109/><V54/><F7/><W10/><G10/><T55/><D70/><U133/><E9/><V65/><F65/><W97/><G97/><T23/><D126/><U94/><E100/><V129/><F12/><N who="3" m="5135" /><G124/><T47/><D47/><U118/><E133/><V56/><F86/><W36/><G36/><T115/><REACH who="0" step="1"/><D115/><REACH who="0" ten="240,250,250,250" step="2"/><U78/><E78/><N who="2" m="46551" /><F56/><AGARI ba="0,1" hai="16,23,24,27,29,33,55,56,61,73,74,88,93,99" machi="56" ten="40,12000,1" yaku="1,1,25,2,54,2,53,0" doraHai="132" doraHaiUra="6" who="0" fromWho="2" sc="240,130,250,0,250,-120,250,0" /><INIT seed="0,1,0,5,0,74" ten="370,250,130,250" oya="0" hai0="55,132,46,13,61,50,66,41,111,54,75,10,94" hai1="126,8,121,60,72,99,48,23,47,64,19,83,93" hai2="116,53,91,63,86,77,21,134,24,14,0,29,73" hai3="15,58,101,17,67,65,107,81,124,49,118,59,78"/><T106/><D106/><U40/><E121/><V7/><F0/><W112/><G112/><T122/><D122/><U32/><E32/><V82/><F134/><W39/><G39/><T130/><D132/><U22/><E126/><V27/><F116/><W88/><G118/><T105/><D105/><U1/><E72/><V69/><F7/><W100/><G124/><T85/><D75/><U84/><E1/><V28/><F14/><W120/><G120/><T68/><D130/><U18/><E8/><V34/><F53/><W103/><G107/><T79/><D111/><U96/><E96/><V62/><REACH who="2" step="1"/><F69/><REACH who="2" ten="370,250,120,250" step="2"/><W98/><G15/><T89/><D55/><U33/><E33/><V26/><F26/><W43/><G65/><T129/><D54/><U30/><E19/><V92/><AGARI ba="1,1" hai="21,24,27,28,29,34,62,63,73,77,82,86,91,92" machi="92" ten="20,8000,1" yaku="1,1,0,1,7,1,52,1,53,1" doraHai="74" doraHaiUra="90" who="2" fromWho="2" sc="370,-41,250,-21,120,93,250,-21" /><INIT seed="1,0,0,0,5,39" ten="329,229,213,229" oya="1" hai0="100,40,54,48,51,42,37,24,14,108,71,7,44" hai1="114,116,121,79,16,112,75,90,35,31,98,119,10" hai2="12,38,81,55,6,133,93,78,3,104,45,82,125" hai3="61,124,120,131,132,15,107,22,80,19,128,1,106"/><U41/><E121/><V29/><F104/><N who="3" m="39979" /><G120/><T87/><D71/><U50/><E31/><V73/><F29/><W109/><G1/><T95/><D108/><U115/><E35/><V60/><F12/><W4/><G4/><T59/><D37/><U69/><E69/><V129/><F93/><W21/><G109/><T102/><D24/><U127/><E127/><V30/><F125/><W105/><G105/><T8/><D40/><U23/><E10/><V85/><F60/><W77/><G124/><T28/><D28/><U2/><E2/><V46/><F46/><W88/><G61/><T134/><D134/><U117/><E98/><V118/><F55/><W34/><G34/><T67/><D67/><U25/><E90/><AGARI ba="0,0" hai="7,8,14,42,44,48,51,54,59,87,90,95,100,102" machi="90" ten="40,2600,0" yaku="8,1,52,1" doraHai="39" who="0" fromWho="1" sc="329,26,229,-26,213,0,229,0" /><INIT seed="2,0,0,4,3,80" ten="355,203,213,229" oya="2" hai0="45,94,58,98,50,92,66,117,121,88,59,38,81" hai1="57,26,93,5,41,25,111,103,126,20,89,27,101" hai2="48,6,110,46,2,85,23,21,39,100,76,95,118" hai3="12,135,129,65,109,67,114,28,119,49,42,124,87"/><V72/><F118/><W91/><G119/><T14/><D38/><U122/><E111/><V133/><F39/><W4/><G109/><T11/><D121/><U56/><E126/><V37/><F110/><W69/><G124/><T130/><D130/><U8/><E41/><N who="2" m="22831" /><F48/><W62/><G129/><T68/><D68/><U115/><E115/><V43/><F43/><W108/><G108/><T15/><D81/><U125/><E125/><V51/><F51/><W77/><G28/><T44/><D44/><U34/><E34/><V18/><F18/><W61/><G77/><T17/><D66/><U0/><E20/><V3/><F100/><W9/><G114/><T70/><D70/><U63/><E57/><V10/><F2/><W123/><G123/><T96/><D15/><U54/><REACH who="1" step="1"/><E122/><REACH who="1" ten="355,193,213,229" step="2"/><V30/><F21/><W52/><G69/><T55/><REACH who="0" step="1"/><D117/><REACH who="0" ten="345,193,213,229" step="2"/><U24/><N who="1" m="6656" /><DORA hai="99" /><U35/><E35/><V90/><F30/><W86/><G42/><T134/><D134/><U13/><E13/><V128/><F133/><W33/><G12/><T104/><D104/><U132/><E132/><V53/><F128/><W105/><G105/><T106/><D106/><U40/><E40/><V32/><F32/><W97/><G33/><T107/><D107/><U79/><E79/><V78/><F78/><W102/><G135/><T83/><D83/><U112/><E112/><V29/><F29/><W31/><G31/><T60/><D60/><U127/><E127/><V7/><F76/><W36/><G62/><T84/><D84/><AGARI ba="0,2" hai="0,5,8,54,56,63,84,89,93,101,103" m="6656" machi="84" ten="50,8000,1" yaku="1,1,52,3,53,0" doraHai="80,99" doraHaiUra="64,16" who="1" fromWho="0" sc="345,-80,193,100,213,0,229,0" /><INIT seed="3,0,0,0,1,41" ten="265,293,213,229" oya="3" hai0="89,11,37,3,130,44,18,61,80,116,95,29,24" hai1="58,4,31,22,9,99,120,123,53,98,39,118,50" hai2="134,63,108,133,38,70,20,55,115,97,101,17,127" hai3="27,111,8,100,6,86,68,59,135,103,96,34,121"/><W42/><G121/><T69/><D116/><U52/><E118/><V113/><F38/><W15/><G68/><T88/><D130/><U36/><E31/><V79/><F79/><W81/><G135/><N who="2" m="51721" /><F108/><W77/><G111/><T33/><D80/><U47/><E22/><V91/><F91/><W104/><G100/><T28/><D28/><U105/><E39/><V125/><F55/><W90/><G59/><T62/><D89/><U109/><E109/><V129/><F63/><W23/><G34/><T26/><D26/><U67/><E67/><V5/><F5/><W85/><G42/><T0/><D0/><U106/><E36/><V49/><F49/><W72/><REACH who="3" step="1"/><G90/><REACH who="3" ten="265,293,213,219" step="2"/><T60/><D69/><U54/><E123/><V10/><F70/><W75/><G75/><T16/><D88/><U45/><E120/><V56/><F56/><W102/><G102/><T2/><D33/><U107/><E58/><V7/><F101/><W21/><G21/><T13/><D11/><U82/><E50/><V43/><F43/><W30/><AGARI ba="0,1" hai="6,8,15,23,27,30,72,77,81,85,86,96,103,104" machi="30" ten="20,3900,0" yaku="1,1,0,1,7,1,53,0" doraHai="41" doraHaiUra="124" who="3" fromWho="3" sc="265,-13,293,-13,213,-13,219,49" /><INIT seed="3,1,0,5,4,75" ten="252,280,200,268" oya="3" hai0="106,48,43,86,120,20,102,58,52,53,87,76,77" hai1="18,5,124,70,99,22,115,35,23,84,60,97,44" hai2="112,51,69,92,14,55,132,1,79,98,45,80,130" hai3="117,67,49,30,122,26,121,0,113,126,135,105,74"/><W59/><G105/><T28/><D120/><N who="3" m="46185" /><G74/><T2/><D2/><U39/><E115/><V101/><F112/><W133/><G113/><T57/><D106/><U50/><E39/><V100/><F1/><W24/><G0/><T119/><D102/><U29/><E124/><V103/><F130/><W32/><G49/><T38/><D43/><U33/><E5/><V12/><F69/><W89/><G89/><T88/><D38/><U107/><E23/><V11/><F12/><W127/><G59/><T61/><D119/><U104/><E104/><V96/><F96/><W95/><G95/><N who="0" m="54679" /><D87/><U8/><E8/><V123/><F123/><W68/><G117/><T9/><D9/><U93/><E29/><V72/><REACH who="2" step="1"/><F132/><REACH who="2" ten="252,280,190,268" step="2"/><N who="3" m="50763" /><G26/><AGARI ba="1,1" hai="20,26,28,48,52,53,57,58,61,76,77" m="54679" machi="26" ten="30,8000,1" yaku="8,1,52,2,54,2" doraHai="75" who="0" fromWho="3" sc="252,93,280,0,190,0,268,-83" /><INIT seed="4,0,0,0,1,73" ten="345,280,190,185" oya="0" hai0="28,134,26,4,87,94,9,57,66,91,40,45,114" hai1="113,29,64,38,76,90,88,98,95,83,23,108,107" hai2="84,49,81,89,69,8,62,32,63,110,74,17,130" hai3="6,101,5,3,15,96,11,1,79,105,102,48,124"/><T80/><D114/><U131/><E38/><V123/><F123/><W118/><G118/><T106/><D106/><U36/><E36/><V50/><F110/><W25/><G124/><T104/><D104/><U53/><E108/><V56/><F32/><W2/><G101/><T46/><D134/><U75/><E131/><V12/><F130/><W111/><G111/><T16/><D40/><U7/><E64/><V127/><F127/><W60/><G60/><N who="0" m="38159" /><D4/><U82/><E7/><V52/><REACH who="2" step="1"/><F74/><REACH who="2" ten="345,280,180,185" step="2"/><W27/><G2/><T109/><D109/><U41/><E113/><V39/><F39/><W85/><G1/><T78/><D28/><U129/><E129/><V117/><F117/><W92/><G3/><T115/><D115/><U34/><E34/><V47/><F47/><W13/><G48/><T0/><D0/><U122/><E122/><V72/><F72/><W61/><G61/><T125/><D125/><U30/><E29/><V133/><F133/><W18/><G6/><T59/><D45/><U42/><E30/><V35/><F35/><W65/><G65/><AGARI ba="0,1" hai="8,12,17,49,50,52,56,62,63,65,69,81,84,89" machi="65" ten="40,2600,0" yaku="1,1,54,1,53,0" doraHai="73" doraHaiUra="112" who="2" fromWho="3" sc="345,0,280,0,180,36,185,-26" /><INIT seed="5,0,0,3,1,24" ten="345,280,216,159" oya="1" hai0="15,101,37,18,91,2,34,73,65,86,61,72,57" hai1="55,23,87,80,119,51,127,84,6,36,62,77,35" hai2="95,38,111,33,50,58,20,131,74,83,29,47,7" hai3="59,81,103,17,105,116,135,112,67,132,39,109,28"/><U121/><E36/><V98/><F111/><W99/><G109/><T92/><D2/><U102/><E35/><V32/><F131/><W117/><G39/><T106/><D37/><U21/><E119/><N who="3" m="45642" /><G112/><T129/><D129/><U71/><E121/><V63/><F7/><W12/><G81/><T90/><D34/><U41/><E127/><V88/><F38/><W25/><G59/><T75/><D91/><U66/><E41/><V85/><F74/><W31/><G67/><T60/><D60/><U100/><E6/><V9/><F9/><N who="3" m="6287" /><G25/><T64/><D64/><U122/><E84/><V3/><F3/><W4/><G4/><T89/><D72/><U8/><E8/><V53/><F83/><W79/><G79/><T128/><D128/><U5/><E5/><V44/><F85/><W0/><G0/><T13/><D13/><U26/><E23/><V1/><F1/><W133/><AGARI ba="0,0" hai="28,31,99,103,105,132,133,135" m="6287,45642" machi="133" ten="40,8000,1" yaku="20,1,12,1,52,2" doraHai="24" who="3" fromWho="3" sc="345,-20,280,-40,216,-20,159,80" /><INIT seed="6,0,0,0,1,118" ten="325,240,196,239" oya="2" hai0="130,35,14,88,62,54,49,109,5,53,37,19,112" hai1="30,124,97,83,98,40,84,110,77,85,100,39,82" hai2="123,91,60,134,12,58,66,27,99,131,73,120,93" hai3="107,16,111,127,122,65,126,78,125,74,7,90,75"/><V51/><F73/><W59/><G111/><T31/><D37/><U101/><E39/><V61/><F131/><W25/><G107/><T56/><D130/><U13/><E30/><V44/><F134/><W95/><G7/><T42/><D42/><U23/><E40/><V129/><F129/><W47/><G47/><T63/><D5/><U64/><E64/><V69/><F12/><W87/><G78/><T80/><D112/><U105/><E23/><V81/><F81/><W0/><G0/><T17/><D35/><U79/><E13/><V113/><F113/><W43/><G43/><T38/><D31/><U121/><E124/><V103/><F27/><W114/><G114/><T28/><D28/><U4/><E4/><V115/><F115/><W106/><G106/><T68/><D68/><U104/><E110/><V24/><F24/><W128/><G128/><T116/><D116/><U119/><E119/><V133/><F103/><W108/><G108/><T36/><D62/><U22/><E22/><V55/><REACH who="2" step="1"/><F133/><REACH who="2" ten="325,240,186,239" step="2"/><W26/><G26/><T21/><D109/><U45/><E45/><V15/><F15/><W92/><G25/><T102/><D102/><U34/><E34/><V2/><F2/><W70/><G126/><T89/><D17/><U76/><REACH who="1" step="1"/><E121/><REACH who="1" ten="325,230,186,239" step="2"/><V10/><F10/><W33/><G122/><T6/><D14/><U72/><E72/><V132/><F132/><W20/><G75/><T117/><D117/><U46/><E46/><V96/><F96/><W57/><G74/><T3/><D3/><U1/><E1/><V29/><F29/><W9/><G127/><RYUUKYOKU ba="0,2" sc="325,-15,230,15,186,15,239,-15" hai1="76,77,79,82,83,84,85,97,98,100,101,104,105" hai2="44,51,55,58,60,61,66,69,91,93,99,120,123" /><INIT seed="6,1,2,4,4,14" ten="310,245,201,224" oya="2" hai0="82,6,61,69,75,34,49,19,76,24,121,25,124" hai1="58,30,13,85,134,0,77,117,129,122,74,97,70" hai2="127,115,42,22,7,135,89,65,29,23,27,88,26" hai3="80,57,113,83,95,96,107,45,64,72,130,92,112"/><V120/><F120/><W55/><G130/><T91/><D121/><U90/><E122/><V128/><F128/><W50/><G107/><T125/><D6/><U43/><E117/><V119/><F119/><W67/><G92/><T116/><D116/><U46/><E0/><V20/><F115/><N who="3" m="44107" /><G72/><T5/><D5/><U28/><E70/><V101/><F127/><N who="0" m="48714" /><D34/><U1/><E1/><V108/><F135/><W53/><G67/><N who="0" m="41199" /><D49/><U109/><E109/><V105/><F108/><W3/><G64/><T81/><D19/><U114/><E129/><V60/><F7/><W111/><G3/><T79/><D91/><U10/><E134/><V126/><F126/><W31/><G31/><T41/><D41/><U86/><E30/><V54/><F42/><W21/><G21/><T16/><D16/><U99/><E28/><V51/><F23/><W84/><G111/><T39/><D39/><U36/><E114/><V40/><F40/><W110/><G110/><T87/><AGARI ba="1,2" hai="24,25,75,76,79,81,82,87" m="41199,48714" machi="87" ten="30,1100,0" yaku="18,1" doraHai="14" who="0" fromWho="0" sc="310,34,245,-4,201,-6,224,-4" /><INIT seed="7,0,0,5,2,8" ten="344,241,195,220" oya="3" hai0="47,36,91,46,39,15,21,32,1,53,40,117,44" hai1="19,43,3,31,133,54,122,20,100,6,57,5,135" hai2="128,85,112,50,83,22,59,130,52,126,86,63,107" hai3="60,101,116,120,48,102,9,106,69,97,98,89,77"/><W72/><G116/><T10/><D32/><U62/><E122/><V0/><F0/><W24/><G120/><T115/><D1/><U33/><E100/><V29/><F107/><W34/><G9/><T65/><D65/><U104/><E104/><V113/><F126/><W12/><G89/><T92/><D115/><N who="2" m="44106" /><F29/><N who="3" m="19751" /><G48/><T124/><D124/><U42/><E31/><V94/><F22/><W66/><G12/><T64/><D64/><U13/><E33/><V68/><F94/><N who="3" m="58551" /><G77/><T2/><D39/><U18/><E18/><V95/><F95/><W88/><G88/><T110/><D21/><U93/><E93/><V67/><F83/><W49/><G49/><T37/><D2/><U96/><E96/><V99/><F99/><W28/><G28/><T109/><D117/><U132/><E3/><V81/><F81/><W73/><AGARI ba="0,0" hai="60,66,69,72,73,98,102,106" m="58551,19751" machi="73" ten="30,1500,0" yaku="25,1" doraHai="8" who="3" fromWho="3" sc="344,-5,241,-5,195,-5,220,15" /><INIT seed="7,1,0,3,3,20" ten="339,236,190,235" oya="3" hai0="96,106,82,125,32,57,18,121,128,42,7,123,112" hai1="0,92,6,94,66,111,71,129,117,63,74,22,133" hai2="60,31,61,45,134,103,27,46,15,118,54,13,95" hai3="28,1,11,44,49,67,34,12,26,81,58,88,4"/><W86/><G67/><T113/><D128/><U62/><E111/><V89/><F118/><W75/><G75/><T52/><D125/><U122/><E122/><V25/><F134/><W97/><G58/><T83/><D42/><U116/><E74/><V39/><F103/><W120/><G120/><T59/><D59/><U9/><E133/><V29/><F39/><W40/><REACH who="3" step="1"/><G97/><REACH who="3" ten="339,236,190,225" step="2"/><T93/><D121/><U43/><E129/><V69/><F69/><W70/><G70/><T5/><D123/><U100/><E66/><V126/><F126/><W132/><G132/><T104/><D113/><U79/><E71/><V115/><F115/><W16/><G16/><T109/><D112/><U41/><E116/><V64/><F64/><W85/><G85/><T17/><D17/><U48/><E117/><V14/><F29/><W135/><G135/><T124/><D18/><U114/><E114/><V33/><F45/><W21/><G21/><T119/><D57/><U68/><E22/><V101/><F31/><W53/><G53/><T38/><D52/><U35/><E35/><V10/><F33/><W47/><G47/><T105/><D32/><U3/><E68/><V78/><F46/><W23/><G23/><T102/><D124/><U87/><E87/><N who="2" m="52671" /><F54/><W76/><G76/><T24/><D119/><U80/><E79/><V127/><F127/><W36/><G36/><T130/><D38/><U91/><E43/><V56/><F78/><W2/><AGARI ba="1,1" hai="1,2,4,11,12,26,28,34,40,44,49,81,86,88" machi="2" ten="30,11700,0" yaku="1,1,0,1,52,1,54,1,53,0" doraHai="20" doraHaiUra="19" who="3" fromWho="3" sc="339,-40,236,-40,190,-40,225,130" owari="299,10.0,196,-20.0,150,-35.0,355,45.0" /></mjloggm>