<mjloggm ver="2.3"><GO type="169" lobby="0"/><UN n0="%E3%83%89%E3%83%B3%E3%83%9E%E3%83%AB%E3%82%BF%E3%83%B3" n1="%E3%81%BF%E3%81%8B%E3%82%93%E5%A4%AA" n2="%E2%80%A0%E6%B0%B4%E9%8A%80%E7%87%88%E2%80%A0" n3="%E7%B6%BE%E7%80%AC%E5%B8%82%E6%B0%91" dan="16,17,16,17" rate="2037.15,2180.23,2160.51,2127.29" sx="M,M,F,M"/><TAIKYOKU oya="0"/><INIT seed="0,0,0,2,5,110" ten="250,250,250,250" oya="0" hai0="27,58,83,22,2,55,123,28,84,124,54,5,4" hai1="97,130,109,121,38,106,120,48,85,94,25,56,129" hai2="67,111,132,20,49,47,113,45,90,26,14,101,8" hai3="108,33,72,32,122,10,95,19,31,6,89,80,23"/><T35/><D123/><U69/><E69/><V41/><F111/><W76/><G108/><T1/><D124/><U3/><E109/><V52/><F132/><W44/><G122/><T107/><D107/><U98/><E38/><V60/><F101/><W103/><G31/><T125/><D125/><U134/><E3/><V96/><F113/><W0/><G103/><T36/><D36/><U74/><E25/><V135/><F135/><W57/><G57/><T100/><D100/><U70/><E70/><V115/><F115/><W117/><G117/><T37/><D37/><U65/><E48/><V104/><F104/><W43/><G44/><T34/><D2/><U62/><E74/><V61/><F67/><W105/><G43/><T128/><D128/><N who="1" m="49259" /><E134/><V102/><F102/><W78/><G78/><N who="0" m="46199" /><D1/><U17/><E106/><V81/><F45/><W63/><G63/><N who="0" m="36311" /><D35/><U79/><E98/><V59/><F61/><W99/><REACH who="3" step="1"/><G105/><REACH who="3" ten="250,250,250,240" step="2"/><T116/><D116/><U82/><E120/><V133/><F133/><W127/><G127/><T91/><D34/><U87/><E121/><V29/><F60/><W126/><G126/><T18/><D28/><U7/><E56/><V30/><F30/><W50/><G50/><T71/><D71/><U21/><E62/><V13/><F59/><W66/><G66/><T73/><D55/><U93/><E65/><V9/><F41/><W46/><G46/><T42/><D42/><U118/><E118/><V77/><F47/><W92/><G92/><T51/><D51/><U16/><E93/><N who="2" m="56375" /><F49/><W75/><G75/><T15/><D73/><N who="1" m="43375" /><E94/><V114/><F52/><RYUUKYOKU ba="0,1" sc="250,-10,250,-10,250,-10,240,30" hai3="0,6,10,19,23,32,33,72,76,80,89,95,99" /><INIT seed="1,1,1,2,5,124" ten="240,240,240,270" oya="1" hai0="93,27,13,97,41,3,91,101,86,45,75,77,6" hai1="105,31,68,25,83,133,64,71,22,44,18,98,52" hai2="106,104,109,37,30,20,69,14,10,43,92,87,15" hai3="23,65,21,19,4,128,12,116,48,62,123,0,113"/><U99/><E133/><V51/><F69/><W36/><G36/><T90/><D3/><U46/><E31/><V120/><F37/><W38/><G38/><T135/><D135/><U134/><E134/><V96/><F120/><W107/><G123/><T67/><D67/><U102/><E83/><V82/><F109/><W76/><G113/><T5/><D27/><U17/><E17/><V89/><F104/><W78/><G107/><T114/><D114/><U49/><E64/><V70/><F106/><W125/><G125/><T95/><D75/><U39/><REACH who="1" step="1"/><E98/><REACH who="1" ten="240,230,240,270" step="2"/><V8/><F30/><W53/><G19/><T40/><D97/><U132/><E132/><V81/><F81/><W119/><G65/><T28/><D28/><U127/><E127/><V56/><F82/><W60/><G116/><T110/><D110/><U50/><E50/><V115/><F51/><W108/><G48/><T63/><D63/><U55/><E55/><V11/><F96/><W61/><G53/><T58/><D41/><AGARI ba="1,2" hai="18,22,25,39,41,44,46,49,52,68,71,99,102,105" machi="41" ten="40,7700,0" yaku="1,1,54,1,53,1" doraHai="124" doraHaiUra="103" who="1" fromWho="0" sc="240,-80,230,100,240,0,270,0" /><INIT seed="1,2,0,1,0,131" ten="160,330,240,270" oya="1" hai0="104,8,63,70,24,119,95,105,88,80,29,4,110" hai1="94,89,109,120,2,55,102,21,12,121,85,127,112" hai2="118,103,66,7,46,122,60,11,72,16,23,0,107" hai3="19,97,93,49,54,99,50,98,78,51,28,6,41"/><U32/><E2/><V111/><F111/><W134/><G6/><T5/><D119/><U61/><E32/><V18/><F122/><W76/><G28/><T86/><D110/><U53/><E112/><V27/><F118/><W106/><G106/><T42/><D42/><U77/><E109/><V10/><F72/><W117/><G117/><T20/><D70/><U82/><E127/><V128/><F128/><W129/><G129/><T96/><D63/><U114/><E114/><V67/><F46/><W38/><G38/><T135/><D135/><U52/><E61/><V37/><F37/><W62/><G41/><T14/><REACH who="0" step="1"/><D5/><REACH who="0" ten="150,330,240,270" step="2"/><U15/><E120/><V34/><F60/><W74/><G62/><T33/><D33/><U65/><E121/><V113/><F34/><W58/><G51/><T100/><AGARI ba="2,1" hai="4,8,14,20,24,29,80,86,88,95,96,100,104,105" machi="100" ten="20,5200,0" yaku="1,1,0,1,7,1,54,1,53,0" doraHai="131" doraHaiUra="57" who="0" fromWho="0" sc="150,68,330,-28,240,-15,270,-15" /><INIT seed="2,0,0,5,1,75" ten="218,302,225,255" oya="2" hai0="41,50,115,114,79,8,134,113,73,68,88,46,39" hai1="116,61,81,94,103,66,31,42,99,89,2,69,122" hai2="13,54,25,92,37,112,20,28,34,57,72,35,119" hai3="26,43,10,36,53,121,51,109,0,84,67,38,126"/><V100/><F112/><W74/><G121/><T14/><D134/><U15/><E2/><V83/><F37/><W65/><G74/><T58/><D68/><U105/><E42/><V17/><F119/><W11/><G109/><T106/><D106/><U97/><E116/><V96/><F72/><W56/><G126/><T45/><D58/><U80/><E122/><V19/><F83/><W130/><G130/><T64/><D64/><U82/><E15/><V124/><F124/><W47/><G38/><T120/><D120/><U40/><E40/><V128/><F19/><W70/><G26/><T71/><D71/><U85/><REACH who="1" step="1"/><E31/><REACH who="1" ten="218,292,225,255" step="2"/><V33/><REACH who="2" step="1"/><F128/><REACH who="2" ten="218,292,215,255" step="2"/><W3/><G36/><T16/><D115/><U133/><E133/><V129/><F129/><W7/><G7/><T12/><D114/><U135/><E135/><V91/><F91/><AGARI ba="0,2" hai="61,66,69,80,81,82,85,89,91,94,97,99,103,105" machi="91" ten="30,2000,0" yaku="1,1,7,1,53,0" doraHai="75" doraHaiUra="55" who="1" fromWho="2" sc="218,0,292,40,215,-20,255,0" /><INIT seed="3,0,0,5,2,109" ten="218,332,195,255" oya="3" hai0="56,129,33,117,96,130,39,107,25,68,15,45,81" hai1="63,100,98,59,12,9,50,61,62,38,64,13,37" hai2="105,28,120,60,99,110,94,89,49,16,0,92,1" hai3="106,118,97,80,82,34,134,69,21,5,86,76,46"/><W23/><G118/><T116/><D68/><U32/><E32/><V51/><F105/><W17/><G134/><T44/><D56/><U55/><E64/><V72/><F72/><W78/><G34/><T83/><D15/><U8/><E13/><V73/><F73/><W91/><G69/><T47/><D39/><U58/><E58/><V24/><F110/><W27/><G5/><T125/><D125/><U121/><E8/><V52/><F120/><W71/><G71/><T29/><D107/><U127/><E127/><V6/><F28/><W95/><G106/><T67/><D67/><U90/><E90/><N who="2" m="55703" /><F6/><W57/><G57/><T87/><D96/><U75/><E75/><V54/><F0/><W53/><G23/><T101/><D101/><U104/><REACH who="1" step="1"/><E121/><REACH who="1" ten="218,322,195,255" step="2"/><V48/><F1/><W74/><G74/><T10/><D10/><U43/><E43/><V31/><F60/><W108/><G108/><T40/><D40/><U84/><E84/><N who="2" m="52519" /><F31/><W111/><G111/><T20/><D33/><U3/><E3/><V115/><F115/><W132/><G86/><T133/><D87/><U85/><E85/><V122/><F122/><W7/><G97/><T4/><D29/><U102/><E102/><V42/><F42/><W22/><G7/><AGARI ba="0,1" hai="7,9,12,37,38,50,55,59,61,62,63,98,100,104" machi="7" ten="40,1300,0" yaku="1,1,53,0" doraHai="109" doraHaiUra="14" who="1" fromWho="3" sc="218,0,322,23,195,0,255,-13" /><INIT seed="4,0,0,3,2,31" ten="218,345,195,242" oya="0" hai0="135,41,9,89,112,75,20,60,24,91,130,57,6" hai1="3,82,23,94,43,93,2,97,63,51,85,12,15" hai2="132,33,16,86,28,32,92,48,13,117,109,1,108" hai3="21,115,49,101,111,79,78,10,74,129,45,121,26"/><T46/><D112/><U107/><E107/><V110/><F1/><W128/><G111/><T11/><D130/><U18/><E15/><V106/><F106/><W52/><G115/><T105/><D135/><U67/><E51/><V72/><F72/><W55/><G121/><T59/><D75/><U80/><E43/><V99/><F132/><W35/><G101/><T114/><D105/><U122/><E80/><V40/><F28/><W113/><G113/><T100/><D100/><U7/><E7/><V25/><F25/><W36/><G10/><T22/><D114/><U95/><E97/><V4/><F4/><W54/><G36/><T126/><D126/><U81/><E81/><V56/><F86/><W66/><G66/><T38/><D11/><U65/><E65/><V88/><F117/><W62/><G35/><T5/><D5/><U118/><E118/><V27/><F27/><W98/><G98/><T76/><D76/><N who="3" m="29225" /><G62/><T53/><D57/><U44/><E44/><V19/><F19/><N who="3" m="12607" /><G74/><T87/><D24/><U71/><E122/><V0/><F0/><W30/><G30/><T119/><D119/><U77/><AGARI ba="0,0" hai="2,3,12,18,23,63,67,71,77,82,85,93,94,95" machi="77" ten="30,1100,0" yaku="0,1" doraHai="31" who="1" fromWho="1" sc="218,-5,345,11,195,-3,242,-3" /><INIT seed="5,0,0,1,1,129" ten="213,356,192,239" oya="1" hai0="64,15,135,98,77,6,105,76,62,133,131,110,13" hai1="55,96,127,71,39,82,123,45,23,36,33,59,25" hai2="130,100,70,109,28,87,3,12,47,74,2,99,72" hai3="10,85,69,91,38,114,9,1,60,34,24,124,56"/><U101/><E123/><V41/><F109/><W46/><G114/><T94/><D105/><U32/><E71/><V67/><F130/><W17/><G124/><T30/><D110/><U43/><E127/><V57/><F70/><W22/><G69/><T50/><D30/><U27/><E82/><V78/><F87/><W54/><G34/><T113/><D113/><U73/><E73/><V53/><F67/><W107/><G107/><T7/><D50/><U20/><E36/><V97/><F28/><W42/><REACH who="3" step="1"/><G1/><REACH who="3" ten="213,356,192,229" step="2"/><T122/><D131/><U40/><E32/><V21/><F2/><W5/><G5/><T121/><D6/><U88/><E33/><V125/><F3/><W103/><G103/><N who="0" m="60887" /><D121/><U84/><E101/><V134/><F125/><W92/><AGARI ba="0,1" hai="9,10,17,22,24,38,42,46,54,56,60,85,91,92" machi="92" ten="20,2700,0" yaku="1,1,0,1,7,1,53,0" doraHai="129" doraHaiUra="79" who="3" fromWho="3" sc="213,-7,356,-13,192,-7,229,37" /><INIT seed="6,0,0,0,0,126" ten="206,343,185,266" oya="2" hai0="97,78,103,83,13,21,80,45,60,62,40,101,117" hai1="22,29,39,4,10,43,34,59,75,112,116,74,42" hai2="124,14,63,89,33,15,26,48,58,128,7,47,35" hai3="19,9,88,71,82,73,31,79,93,121,61,38,67"/><V108/><F124/><W46/><G121/><T6/><D117/><U90/><E34/><V133/><F133/><W72/><G31/><T17/><D6/><U64/><E112/><V18/><F108/><W104/><G104/><T66/><D97/><U114/><E114/><V56/><F33/><W50/><G38/><T37/><D62/><U87/><E74/><V122/><F122/><W77/><G77/><T68/><REACH who="0" step="1"/><D83/><REACH who="0" ten="196,343,185,266" step="2"/><U84/><E4/><V95/><F7/><W129/><G82/><T98/><D98/><U1/><E116/><V12/><F63/><W134/><G134/><T32/><D32/><U27/><E1/><V96/><F128/><W105/><G129/><T25/><D25/><U57/><E27/><V0/><F0/><W41/><G105/><T51/><D51/><U130/><E39/><V20/><REACH who="2" step="1"/><F35/><REACH who="2" ten="196,343,175,266" step="2"/><W94/><G61/><T44/><D44/><U69/><E130/><V23/><F23/><W28/><G46/><T111/><D111/><U76/><E22/><V107/><F107/><W132/><G132/><T100/><D100/><U127/><E127/><V16/><F16/><W118/><G19/><T115/><D115/><U49/><E29/><V120/><F120/><W119/><G28/><T81/><D81/><U135/><E135/><V86/><F86/><AGARI ba="0,2" hai="13,17,21,37,40,45,60,66,68,78,80,86,101,103" machi="86" ten="30,2000,0" yaku="1,1,7,1,53,0" doraHai="126" doraHaiUra="30" who="0" fromWho="2" sc="196,40,343,0,175,-20,266,0" /><INIT seed="7,0,0,0,4,76" ten="236,343,155,266" oya="3" hai0="92,52,50,46,125,119,58,26,107,61,109,63,73" hai1="35,115,90,43,95,48,68,99,55,4,19,93,56" hai2="112,36,21,1,16,29,89,66,87,124,104,9,77" hai3="18,10,60,40,132,37,122,15,57,5,101,11,14"/><W67/><G122/><T59/><D107/><U20/><E68/><V72/><F36/><W30/><G132/><T64/><D73/><U121/><E35/><V129/><F104/><W113/><G113/><T7/><D109/><U42/><E115/><V28/><F112/><W47/><G30/><T34/><D119/><U17/><E4/><V102/><F102/><W94/><G101/><T62/><D7/><U123/><E123/><V53/><F124/><W106/><G106/><T82/><D34/><U120/><E120/><V75/><F129/><W85/><G94/><T134/><D26/><N who="1" m="14607" /><E121/><V88/><F66/><W84/><REACH who="3" step="1"/><G37/><REACH who="3" ten="236,343,155,256" step="2"/><T108/><D92/><U135/><E135/><V127/><F127/><W41/><G41/><T81/><D134/><U2/><E2/><V117/><F117/><W116/><G116/><T79/><D125/><U3/><E3/><V71/><F28/><W97/><G97/><T103/><D103/><N who="1" m="60911" /><E19/><V6/><F29/><W110/><G110/><T78/><D108/><U130/><E130/><V118/><F118/><W13/><G13/><T32/><D32/><U74/><E74/><V114/><F114/><W12/><G12/><T27/><D27/><U131/><E131/><V133/><F133/><W49/><AGARI ba="0,1" hai="5,10,11,14,15,18,40,47,49,57,60,67,84,85" machi="49" ten="20,7800,0" yaku="1,1,0,1,7,1,8,1,53,0" doraHai="76" doraHaiUra="69" who="3" fromWho="3" sc="236,-26,343,-26,155,-26,256,88" owari="210,-19.0,317,12.0,129,-37.0,344,44.0" /></mjloggm>