<mjloggm ver="2.3"><GO type="169" lobby="0"/><UN n0="%E3%81%8A%E3%82%8A%E3%81%BE%E3%81%A4" n1="%E5%9C%B0%E9%B3%B3" n2="%E5%AB%8C%E7%85%99%E5%A4%96%E7%A7%91%E5%8C%BB" n3="%E5%8D%83%E7%BE%BD%E9%B4%89" dan="16,16,17,17" rate="2090.12,2078.48,2151.44,2222.73" sx="M,F,M,F"/><TAIKYOKU oya="0"/><INIT seed="0,0,0,5,0,98" ten="250,250,250,250" oya="0" hai0="73,23,19,124,103,110,81,20,42,9,37,70,111" hai1="88,64,49,55,101,76,72,115,43,0,66,107,26" hai2="30,11,31,3,41,80,34,58,47,121,89,82,129" hai3="79,60,86,125,133,8,65,48,134,18,118,61,83"/><T6/><D70/><U52/><E0/><V120/><F129/><W22/><G118/><T119/><D119/><U78/><E72/><V128/><F128/><W126/><G8/><T113/><D113/><U39/><E39/><V33/><F58/><W131/><G131/><T99/><D124/><N who="3" m="47721" /><G48/><T50/><D37/><U14/><E26/><V10/><F47/><W96/><G96/><T62/><D62/><N who="3" m="24169" /><G65/><T130/><D130/><U105/><E49/><V68/><F89/><W16/><G22/><T74/><D23/><U45/><E45/><V27/><F3/><W90/><G79/><T87/><D50/><U106/><E43/><V95/><F41/><W102/><G102/><T117/><D42/><U1/><E1/><V24/><F68/><W21/><G21/><T135/><D9/><U59/><E59/><V5/><F5/><W94/><G83/><T2/><D6/><U44/><E44/><V56/><F56/><W46/><G46/><T132/><D2/><U38/><E38/><V109/><REACH who="2" step="1"/><F95/><REACH who="2" ten="250,250,240,250" step="2"/><W93/><G94/><N who="0" m="58871" /><D117/><U63/><E66/><V53/><F53/><W116/><G116/><T92/><D92/><U25/><E64/><V97/><F97/><W100/><G100/><T51/><D51/><U13/><E101/><V123/><F123/><W122/><G122/><T85/><D81/><U4/><E55/><V28/><F28/><W84/><G84/><T36/><D87/><U127/><E52/><V12/><F12/><W29/><G29/><T35/><D85/><U69/><E13/><V112/><F112/><W77/><G77/><T75/><D74/><RYUUKYOKU ba="0,1" sc="250,-15,250,-15,240,15,250,15" hai2="10,11,24,27,30,31,33,34,80,82,109,120,121" hai3="16,18,86,90,93,133,134" /><INIT seed="1,1,1,0,3,71" ten="235,235,255,265" oya="1" hai0="10,44,84,33,130,111,45,79,78,97,113,2,43" hai1="53,9,117,55,77,16,52,116,106,60,107,102,112" hai2="49,62,118,64,65,68,5,133,94,69,87,50,48" hai3="128,105,91,74,46,61,66,75,23,123,37,88,129"/><U0/><E112/><V101/><F118/><W40/><G105/><T126/><D113/><U47/><E77/><V73/><F73/><N who="3" m="27659" /><G23/><T134/><D111/><U28/><E28/><V12/><F133/><W13/><G13/><T22/><D33/><U90/><E90/><V85/><F5/><W8/><G8/><T21/><D126/><U63/><E47/><V98/><REACH who="2" step="1"/><F12/><REACH who="2" ten="235,235,245,265" step="2"/><W120/><G123/><T109/><D134/><U25/><E0/><V17/><F17/><W57/><G120/><T24/><D130/><AGARI ba="1,2" hai="37,40,46,57,61,66,88,91,128,129,130" m="27659" machi="130" ten="30,3900,0" yaku="19,1,52,1,54,1" doraHai="71" who="3" fromWho="0" sc="235,-42,235,0,245,0,265,62" /><INIT seed="2,0,0,4,0,130" ten="193,235,245,327" oya="2" hai0="15,55,7,22,123,81,71,96,20,41,21,82,69" hai1="24,102,43,113,86,34,83,111,27,36,48,67,47" hai2="104,28,88,103,19,101,10,65,5,9,30,70,14" hai3="75,99,66,8,54,62,12,25,119,16,128,74,56"/><V105/><F70/><W126/><G128/><T115/><D115/><U44/><E113/><V1/><F65/><W85/><G126/><T33/><D123/><U61/><E111/><V87/><F104/><W52/><G119/><T122/><D122/><U80/><E102/><V133/><F133/><W116/><G116/><T64/><D33/><U40/><E34/><V109/><F109/><W91/><G99/><T100/><D41/><U4/><E4/><V134/><F134/><W3/><G3/><T32/><D32/><U23/><E86/><V58/><F58/><W31/><G75/><T92/><D55/><U46/><E44/><V29/><REACH who="2" step="1"/><F105/><REACH who="2" ten="193,235,235,327" step="2"/><W112/><G112/><T76/><D64/><U42/><E67/><V0/><F0/><W129/><G129/><T26/><D71/><U95/><E46/><V77/><F77/><W97/><G66/><T132/><D69/><U121/><E47/><V94/><AGARI ba="0,1" hai="1,5,9,10,14,19,28,29,30,87,88,94,101,103" machi="94" ten="30,6000,0" yaku="1,1,0,1,54,1,53,0" doraHai="130" doraHaiUra="17" who="2" fromWho="2" sc="193,-20,235,-20,235,70,327,-20" /><INIT seed="2,1,0,4,2,68" ten="173,215,305,307" oya="2" hai0="74,44,2,9,67,57,85,134,123,0,126,124,98" hai1="21,125,95,78,73,88,119,41,90,91,23,14,20" hai2="84,65,4,34,131,36,135,76,115,27,112,60,59" hai3="80,8,122,29,121,54,28,17,130,12,70,89,77"/><V100/><F135/><W102/><G70/><T127/><D74/><U49/><E119/><V1/><F36/><W86/><G130/><T107/><D123/><U120/><E120/><V52/><F131/><W31/><G102/><T116/><D134/><U129/><E129/><V25/><F100/><W82/><REACH who="3" step="1"/><G54/><REACH who="3" ten="173,215,305,297" step="2"/><T30/><D126/><U75/><E125/><V35/><F112/><W13/><G13/><T46/><D124/><U109/><E14/><V37/><F115/><W128/><G128/><T96/><D127/><U132/><E132/><V97/><F65/><W94/><G94/><T16/><D67/><U110/><E95/><V55/><F55/><W18/><G18/><T103/><D16/><U11/><E109/><V50/><F1/><W79/><G79/><T7/><D103/><U58/><E78/><V72/><F76/><W39/><G39/><T15/><D15/><U71/><E71/><V6/><F37/><W83/><G83/><T63/><D0/><U3/><E110/><V111/><F111/><W93/><G93/><T56/><D2/><U106/><E106/><V62/><F52/><W92/><G92/><T43/><D107/><U33/><E3/><V105/><F105/><W87/><AGARI ba="1,1" hai="8,12,17,28,29,31,77,80,82,86,87,89,121,122" machi="87" ten="30,2000,0" yaku="1,1,0,1,53,0" doraHai="68" doraHaiUra="114" who="3" fromWho="3" sc="173,-6,215,-6,305,-11,297,33" /><INIT seed="3,0,0,2,3,87" ten="167,209,294,330" oya="3" hai0="18,54,68,53,59,42,15,37,131,91,130,65,52" hai1="129,112,132,62,45,17,79,7,10,4,81,69,0" hai2="32,27,46,113,82,48,55,116,22,84,85,21,19" hai3="117,13,94,38,121,72,122,111,128,30,127,51,135"/><W58/><G30/><T67/><D68/><U119/><E112/><V9/><F113/><W75/><G13/><T66/><D37/><U26/><E129/><N who="0" m="49161" /><D42/><U90/><E132/><V12/><F116/><W124/><G128/><T44/><D44/><U40/><E119/><V35/><F85/><W123/><G117/><T97/><D59/><U33/><E7/><V114/><F114/><W63/><G38/><T89/><D97/><U14/><E62/><V86/><F86/><W57/><G51/><T6/><D6/><U5/><E69/><V71/><F22/><AGARI ba="0,0" hai="15,18,22,52,53,54,65,66,67,89,91" m="49161" machi="22" ten="40,8000,1" yaku="19,1,52,2,54,1" doraHai="87" who="0" fromWho="2" sc="167,80,209,0,294,-80,330,0" /><INIT seed="4,0,0,5,0,54" ten="247,209,214,330" oya="0" hai0="73,119,60,120,59,44,53,19,37,109,114,90,14" hai1="21,66,6,74,12,96,68,11,86,50,116,112,71" hai2="67,1,25,45,65,41,113,32,16,63,43,108,75" hai3="79,101,125,26,61,8,99,9,30,130,95,23,47"/><T102/><D119/><U83/><E116/><V34/><F1/><W131/><G125/><T4/><D120/><U13/><E74/><V117/><F75/><W27/><G79/><T104/><D114/><U106/><E112/><V107/><F108/><W80/><G80/><T42/><D73/><U48/><E106/><V31/><F107/><W10/><G47/><T132/><D132/><U84/><E96/><V126/><F117/><W93/><G93/><T81/><D4/><U121/><E121/><V105/><F105/><W72/><G72/><T110/><D102/><U122/><E122/><V22/><F113/><W36/><G36/><T77/><D104/><U118/><E66/><V100/><F100/><W33/><REACH who="3" step="1"/><G61/><REACH who="3" ten="247,209,214,320" step="2"/><T69/><D77/><U5/><E83/><V94/><F94/><W20/><G20/><T38/><D38/><U39/><E118/><V56/><F126/><W7/><G7/><T29/><D81/><U15/><E21/><V17/><F34/><W82/><G82/><T103/><D110/><U3/><E39/><V134/><F32/><W97/><G97/><T128/><D44/><U92/><E92/><V28/><F45/><W0/><G0/><T89/><D37/><U123/><E123/><V46/><F43/><W76/><G76/><T78/><D78/><U70/><E6/><V133/><F133/><W18/><AGARI ba="0,1" hai="8,9,10,18,23,26,27,30,33,95,99,101,130,131" machi="18" ten="30,2000,0" yaku="1,1,0,1,53,0" doraHai="54" doraHaiUra="87" who="3" fromWho="3" sc="247,-10,209,-5,214,-5,320,30" /><INIT seed="5,0,0,3,1,80" ten="237,204,209,350" oya="1" hai0="7,76,104,40,23,56,95,100,44,11,69,105,67" hai1="14,122,37,75,102,77,132,8,72,43,36,52,28" hai2="32,34,38,66,119,84,39,109,130,106,115,6,90" hai3="86,13,135,16,51,20,57,114,63,30,12,70,88"/><U110/><E122/><V85/><F106/><W101/><G114/><T60/><D23/><U131/><E110/><V125/><F109/><W50/><G70/><T96/><D69/><U59/><E131/><V19/><F6/><W5/><G101/><T121/><D121/><U123/><E123/><V83/><F66/><N who="3" m="39279" /><G30/><T64/><D64/><U97/><E28/><V111/><F111/><W0/><G0/><T103/><D76/><U78/><E132/><V99/><F99/><W116/><G116/><T117/><D103/><U61/><E43/><V107/><F107/><W134/><G134/><T58/><D58/><U126/><E126/><V133/><F133/><W1/><G1/><T127/><D127/><U45/><E45/><V91/><F125/><W79/><G79/><T26/><D26/><U21/><E77/><V42/><F119/><W24/><G24/><T118/><D105/><U25/><E75/><V29/><F130/><W48/><G135/><T108/><D104/><N who="1" m="63567" /><E78/><V18/><F29/><W112/><G112/><T124/><D108/><U129/><E72/><V3/><F3/><W9/><G50/><T54/><D67/><U92/><E129/><V55/><F115/><W74/><G74/><T120/><D124/><U82/><E37/><V68/><F68/><W98/><G98/><T94/><D120/><U65/><E36/><V53/><F83/><AGARI ba="0,0" hai="5,9,12,13,16,20,48,51,83,86,88" m="39279" machi="83" ten="30,7700,0" yaku="8,1,52,1,54,2" doraHai="80" who="3" fromWho="2" sc="237,0,204,0,209,-77,350,77" /><INIT seed="6,0,0,0,3,16" ten="237,204,132,427" oya="2" hai0="31,82,22,92,105,103,129,99,117,53,93,116,67" hai1="90,0,86,26,124,119,123,112,83,88,59,114,1" hai2="10,77,6,64,5,66,106,49,71,34,127,85,109" hai3="44,38,113,100,130,107,97,39,17,118,35,14,12"/><V126/><F106/><W62/><G118/><N who="0" m="45675" /><D129/><U61/><E119/><V75/><F34/><W30/><G113/><N who="1" m="43626" /><E124/><N who="2" m="47659" /><F75/><W55/><G30/><T4/><D67/><N who="2" m="25642" /><F71/><W63/><G35/><T87/><D4/><N who="2" m="1642" /><F10/><W37/><G107/><T48/><D87/><N who="1" m="50303" /><E123/><V29/><F29/><W128/><G130/><T40/><D40/><U60/><E26/><V122/><F49/><W80/><G128/><T110/><D110/><U102/><E102/><V84/><F77/><W43/><G39/><T89/><D103/><U41/><E61/><V58/><F58/><W125/><G62/><T76/><D105/><U69/><E69/><V50/><F50/><W46/><G63/><T15/><D31/><U57/><E57/><V131/><F131/><W2/><G38/><T73/><D48/><U20/><E59/><V23/><F122/><W96/><G37/><T91/><D53/><U111/><E60/><V56/><F56/><W47/><G55/><T95/><D91/><U72/><E72/><V3/><F3/><W36/><G2/><T25/><D15/><U9/><E0/><V68/><F68/><W52/><G125/><T33/><D33/><U21/><E1/><V134/><F109/><W54/><G36/><T104/><D104/><U45/><E9/><V121/><F121/><W19/><G46/><T32/><D32/><U133/><E111/><V7/><N who="2" m="1650" /><V42/><DORA hai="74" /><F42/><W108/><G44/><T70/><D70/><U79/><E45/><V28/><F134/><W24/><G43/><T120/><D120/><U65/><E41/><V78/><F78/><W94/><G108/><RYUUKYOKU ba="0,0" sc="237,15,204,-15,132,15,427,-15" hai0="22,25,73,76,82,89,92,93,95,99" hai2="23,28,84,85" /><INIT seed="6,1,0,5,4,19" ten="252,189,147,412" oya="2" hai0="10,23,114,72,46,12,97,102,22,128,60,77,100" hai1="80,18,52,58,42,103,44,4,34,54,38,47,62" hai2="135,74,69,109,9,82,98,63,41,130,105,123,1" hai3="14,50,43,57,13,108,15,88,67,3,17,81,28"/><V21/><F123/><W79/><G3/><T84/><D72/><U116/><E116/><V107/><F109/><W70/><G70/><T37/><D114/><U104/><E34/><V55/><F135/><W113/><G28/><T101/><D128/><U115/><E115/><V134/><F134/><W73/><G67/><T125/><D125/><U32/><E32/><V132/><F132/><W122/><G122/><T83/><D60/><U27/><E4/><V25/><F41/><W51/><G51/><T49/><D97/><U71/><E71/><V117/><F117/><W126/><G126/><T5/><D37/><U65/><E80/><V45/><F130/><W8/><G57/><T7/><D7/><U118/><E118/><V39/><F98/><W127/><G127/><T35/><D35/><U120/><E120/><V78/><F69/><W106/><G106/><T133/><D133/><U11/><E47/><V75/><F75/><W26/><G113/><T24/><D24/><U110/><E110/><V131/><F131/><W129/><G26/><T99/><D99/><N who="1" m="61567" /><E27/><V56/><F9/><W53/><G43/><AGARI ba="1,0" hai="5,10,12,22,23,43,46,49,77,83,84,100,101,102" machi="43" ten="40,8000,1" yaku="25,2,8,1,52,2" doraHai="19" who="0" fromWho="3" sc="252,83,189,0,147,0,412,-83" /><INIT seed="7,0,0,1,4,28" ten="335,189,147,329" oya="3" hai0="109,39,59,19,129,79,57,18,132,135,43,25,26" hai1="92,71,78,64,36,99,106,8,65,10,120,37,46" hai2="66,95,74,111,40,77,16,5,41,3,75,30,86" hai3="60,61,2,22,63,118,56,4,84,27,117,55,48"/><W116/><G84/><T126/><D109/><U69/><E120/><V104/><F104/><W125/><G125/><T53/><D126/><U101/><E78/><V20/><F111/><W7/><REACH who="3" step="1"/><G2/><REACH who="3" ten="335,189,147,319" step="2"/><T131/><D79/><U62/><E99/><V87/><F75/><W88/><G88/><T96/><D96/><U97/><E97/><V38/><F74/><W21/><G21/><T68/><D68/><U123/><E69/><V83/><F38/><W112/><G112/><T114/><D114/><U110/><E36/><V81/><F30/><AGARI ba="0,1" hai="4,7,22,27,30,48,55,56,60,61,63,116,117,118" machi="30" ten="50,2400,0" yaku="1,1,53,0" doraHai="28" doraHaiUra="12" who="3" fromWho="2" sc="335,0,189,0,147,-24,319,34" owari="335,14.0,189,-21.0,123,-38.0,353,45.0" /></mjloggm>