<mjloggm ver="2.3"><GO type="169" lobby="0"/><UN n0="%74%6F%6D%75%74%6F%6D%69" n1="%E3%81%A4%E3%82%89%E3%81%84%E3%80%82" n2="%E7%8B%82%E7%8A%AC" n3="%E5%90%89%E6%BE%A4%E2%98%86%E7%91%A0%E5%81%89" dan="16,16,16,16" rate="2066.36,2108.34,2123.59,2095.05" sx="M,M,M,M"/><TAIKYOKU oya="0"/><INIT seed="0,0,0,2,5,91" ten="250,250,250,250" oya="0" hai0="6,102,17,84,30,11,76,40,5,0,29,27,10" hai1="19,123,69,44,53,74,110,94,111,98,135,61,113" hai2="115,77,12,8,13,100,57,16,15,95,96,32,3" hai3="87,41,126,132,120,59,112,33,42,23,22,124,108"/><T50/><D102/><U65/><E123/><V36/><F115/><W73/><G73/><T38/><D38/><U20/><E74/><V70/><F70/><W26/><G120/><T131/><D131/><U103/><E113/><V81/><F36/><W72/><G72/><T67/><D67/><U93/><E135/><V134/><F134/><W86/><G132/><T128/><D128/><U122/><E122/><V25/><F3/><W14/><G33/><T54/><D40/><U56/><E44/><V71/><F71/><W114/><G14/><T119/><D119/><U133/><E133/><V18/><F32/><W34/><G34/><T52/><D54/><U4/><E4/><V39/><F39/><W118/><G26/><T1/><D17/><U101/><E69/><V24/><F57/><W75/><G75/><T48/><D50/><U129/><E129/><V82/><F12/><W130/><G130/><T116/><D27/><N who="2" m="10314" /><F77/><W97/><G59/><T49/><D49/><U63/><E63/><V37/><F37/><W88/><G97/><T46/><D116/><U89/><E65/><V58/><F58/><W127/><G127/><T47/><D46/><U68/><E68/><V43/><F43/><W109/><G118/><T125/><D125/><U117/><E117/><V60/><F60/><W121/><G121/><T66/><D66/><U80/><E61/><V7/><F7/><W85/><G85/><T55/><D55/><U107/><E53/><V45/><F45/><W104/><G104/><T9/><D11/><AGARI ba="0,0" hai="8,11,13,15,16,18,81,82,95,96,100" m="10314" machi="11" ten="30,3900,0" yaku="8,1,52,1,54,1" doraHai="91" who="2" fromWho="0" sc="250,-39,250,0,250,39,250,0" /><INIT seed="1,0,0,5,3,134" ten="211,250,289,250" oya="1" hai0="75,114,125,71,69,95,24,16,22,32,100,48,63" hai1="80,33,78,97,53,68,79,35,122,76,49,108,66" hai2="21,3,82,4,131,44,39,132,62,19,91,23,77" hai3="1,93,110,123,92,36,57,6,14,40,124,106,58"/><U59/><E122/><V30/><F131/><W102/><G1/><T20/><D114/><U112/><E112/><V113/><F132/><W107/><G123/><T7/><D75/><U72/><E108/><V46/><F91/><W15/><G110/><T51/><D32/><U98/><E33/><V84/><F62/><W96/><G40/><T87/><D7/><U133/><E35/><V101/><F101/><W10/><G36/><T61/><D100/><U117/><E133/><V31/><F4/><W56/><G15/><T105/><D105/><U45/><E68/><V2/><F113/><W86/><G124/><T29/><D125/><U27/><E27/><V118/><F39/><W38/><G38/><T85/><D95/><U130/><E130/><V81/><F118/><W54/><G107/><T11/><D11/><U67/><E117/><V83/><F84/><N who="0" m="32330" /><D71/><U0/><E0/><V12/><F77/><W34/><G106/><T90/><D90/><U73/><E79/><V111/><F111/><W28/><G28/><N who="2" m="10793" /><F2/><W70/><G70/><T43/><D69/><U119/><E119/><V116/><F3/><W128/><G34/><T103/><D103/><U74/><E78/><V104/><F104/><W5/><G5/><T26/><D43/><N who="1" m="24767" /><E74/><V47/><F116/><W135/><G135/><T13/><D26/><U120/><E73/><V50/><F21/><W89/><REACH who="3" step="1"/><G128/><REACH who="3" ten="211,250,289,240" step="2"/><T115/><D115/><U17/><E120/><V9/><F9/><W94/><G94/><T37/><D37/><U42/><E42/><AGARI ba="0,1" hai="12,19,23,42,44,46,47,50,81,82,83" m="10793" machi="42" ten="30,1000,0" yaku="8,1" doraHai="134" who="2" fromWho="1" sc="211,0,250,-10,289,20,240,0" /><INIT seed="2,0,0,3,2,81" ten="211,240,309,240" oya="2" hai0="73,39,99,86,87,10,66,30,122,112,40,9,124" hai1="121,83,0,108,3,75,4,107,115,45,110,62,8" hai2="103,133,76,23,44,114,97,111,60,126,135,37,22" hai3="129,46,47,49,59,102,50,38,118,19,101,128,51"/><V25/><F114/><W24/><G118/><T35/><D122/><U84/><E115/><V57/><F126/><W31/><G19/><T52/><D73/><U130/><E121/><V72/><F76/><W20/><G59/><T119/><D112/><U67/><E130/><N who="3" m="50282" /><G38/><T104/><D124/><U105/><E75/><V116/><F72/><W94/><G94/><T93/><D104/><U18/><E18/><V113/><F113/><W13/><G13/><T88/><D66/><U123/><E45/><AGARI ba="0,0" hai="20,24,31,45,46,47,49,50,51,101,102" m="50282" machi="45" ten="30,1000,0" yaku="19,1" doraHai="81" who="3" fromWho="1" sc="211,0,240,-10,309,0,240,10" /><INIT seed="3,0,0,2,0,14" ten="211,230,309,250" oya="3" hai0="131,37,111,46,25,129,117,80,11,63,95,48,84" hai1="57,126,74,58,132,49,69,23,38,17,114,87,7" hai2="60,64,112,133,0,81,70,82,91,85,1,4,51" hai3="68,127,105,83,86,108,94,73,29,6,19,12,61"/><W135/><G105/><T96/><D117/><U43/><E74/><V113/><F133/><W76/><G135/><T22/><D37/><U53/><E132/><V121/><F121/><W27/><G6/><T99/><D111/><U115/><E126/><V103/><F103/><W3/><G3/><T124/><D124/><U67/><E7/><V118/><F118/><W92/><G127/><T102/><D99/><U9/><E9/><V128/><F128/><W109/><G68/><T75/><D75/><U88/><E58/><V66/><F66/><W41/><G61/><T10/><D63/><U90/><E90/><V39/><F39/><W40/><G40/><T13/><D25/><U130/><E130/><N who="0" m="49673" /><D13/><N who="1" m="9647" /><E67/><V79/><F51/><W59/><G59/><T71/><D22/><U32/><E32/><V122/><F122/><W52/><G52/><N who="0" m="29719" /><D71/><U93/><E69/><V100/><F100/><W104/><G41/><T42/><D42/><U16/><E43/><V134/><F134/><W125/><G104/><T45/><D45/><U44/><E44/><V31/><F0/><W2/><G2/><T47/><D47/><U18/><E38/><V62/><F62/><W21/><G125/><T36/><D36/><U56/><E56/><V55/><F55/><W107/><G107/><T119/><D119/><U34/><E34/><V77/><F1/><W120/><G120/><T30/><D30/><U65/><E65/><V33/><F31/><W110/><G73/><T54/><D54/><U89/><E89/><AGARI ba="0,0" hai="10,11,80,84,89,95,96,102" m="29719,49673" machi="89" ten="30,2000,0" yaku="19,1,54,1" doraHai="14" who="0" fromWho="1" sc="211,20,230,-20,309,0,250,0" /><INIT seed="4,0,0,2,4,104" ten="231,210,309,250" oya="0" hai0="90,115,125,47,118,36,109,1,93,16,78,42,53" hai1="120,124,25,13,29,24,21,98,34,91,2,31,94" hai2="122,105,116,96,89,45,22,54,50,43,74,11,135" hai3="73,44,38,40,85,57,61,79,121,33,3,83,114"/><T108/><D118/><U117/><E120/><V126/><F122/><W46/><G121/><T48/><D115/><U0/><E117/><V92/><F135/><W65/><G33/><T133/><D133/><U20/><E124/><V111/><F111/><N who="0" m="42570" /><D125/><U131/><E131/><V127/><F116/><W88/><G46/><N who="0" m="23879" /><D78/><U18/><AGARI ba="0,0" hai="0,2,13,18,20,21,24,25,29,31,34,91,94,98" machi="18" ten="30,1100,0" yaku="0,1" doraHai="104" who="1" fromWho="1" sc="231,-5,210,11,309,-3,250,-3" /><INIT seed="5,0,0,5,4,28" ten="226,221,306,247" oya="1" hai0="108,84,110,7,105,81,35,70,38,87,74,123,85" hai1="128,44,48,91,53,12,21,69,77,122,118,17,18" hai2="116,114,111,4,8,57,58,37,113,25,121,9,3" hai3="88,26,24,63,73,32,39,13,5,129,134,96,10"/><U68/><E118/><V101/><F111/><W99/><G39/><T67/><D38/><U49/><E122/><V75/><F121/><W124/><G73/><T93/><D7/><U125/><E128/><V36/><F116/><W23/><G129/><T15/><D15/><U89/><E125/><V55/><F75/><W102/><G124/><T16/><D123/><U120/><E120/><V56/><F55/><W119/><G119/><T51/><D105/><U71/><E77/><V86/><F101/><W76/><G76/><T60/><D51/><U126/><E126/><V117/><F117/><W94/><G134/><T59/><D70/><U109/><E109/><V31/><F86/><W95/><G32/><T11/><D93/><U92/><E92/><V90/><F8/><W45/><G23/><T52/><D67/><U106/><E106/><V64/><F90/><W33/><G33/><T54/><D54/><U62/><E62/><V131/><F64/><W103/><G103/><T34/><D110/><U27/><REACH who="1" step="1"/><E49/><REACH who="1" ten="226,211,306,247" step="2"/><V127/><F127/><W29/><G63/><T0/><D108/><U42/><E42/><V79/><F79/><W115/><G115/><N who="2" m="44041" /><F131/><W97/><G99/><T133/><D60/><U41/><E41/><V100/><F100/><W83/><G95/><T98/><D133/><U50/><E50/><V14/><F37/><W135/><G97/><T1/><D84/><U130/><E130/><V80/><F36/><W61/><G135/><T6/><D87/><U40/><E40/><V47/><F80/><W107/><G94/><T22/><D81/><U104/><E104/><RYUUKYOKU ba="0,1" sc="226,-10,211,30,306,-10,247,-10" hai1="12,17,18,21,27,44,48,53,68,69,71,89,91" /><INIT seed="5,1,1,2,4,43" ten="216,241,296,237" oya="1" hai0="27,41,22,15,133,20,40,68,67,88,102,85,99" hai1="0,2,130,92,73,29,26,103,37,17,32,83,96" hai2="60,82,30,122,54,36,53,66,45,64,126,13,44" hai3="117,75,12,131,6,105,95,11,98,3,121,10,74"/><U31/><E130/><V57/><F122/><W51/><G121/><T7/><D133/><U80/><E37/><V104/><F104/><W89/><G117/><T49/><D68/><U132/><E132/><V129/><F36/><W19/><G131/><T55/><D67/><N who="2" m="25642" /><F129/><W124/><G124/><T4/><D22/><U100/><E100/><V93/><F126/><W101/><REACH who="3" step="1"/><G51/><REACH who="3" ten="216,241,296,227" step="2"/><T8/><D41/><U110/><E110/><V87/><F30/><W62/><G62/><T81/><D40/><U97/><E29/><V56/><F93/><W135/><G135/><T46/><D102/><U59/><E31/><V128/><F128/><W91/><G91/><T114/><D114/><U120/><E120/><V123/><F123/><W77/><G77/><T113/><D113/><U35/><E92/><V38/><F38/><W52/><G52/><T111/><D111/><U119/><E119/><V33/><F33/><W84/><AGARI ba="1,2" hai="3,6,10,11,12,19,74,75,84,89,95,98,101,105" machi="84" ten="20,2700,0" yaku="1,1,0,1,7,1,53,0" doraHai="43" doraHaiUra="42" who="3" fromWho="3" sc="216,-8,241,-14,296,-8,227,50" /><INIT seed="6,0,0,2,1,125" ten="208,227,288,277" oya="2" hai0="82,8,59,33,123,95,42,90,40,115,72,62,30" hai1="76,106,29,43,87,10,122,130,129,134,81,70,18" hai2="63,35,64,80,45,89,36,94,77,113,1,131,119" hai3="124,88,39,46,116,27,83,101,3,102,103,19,99"/><V24/><F119/><W96/><G3/><T135/><D123/><U38/><E122/><V121/><F1/><W100/><G116/><T105/><D115/><U61/><E106/><V110/><F113/><W117/><G117/><T111/><D111/><U98/><E134/><V49/><F36/><W97/><G39/><T4/><D135/><U108/><E108/><V91/><F121/><W133/><G46/><T93/><D105/><U15/><E29/><V107/><F107/><N who="3" m="63879" /><G27/><T84/><D33/><U74/><E98/><N who="3" m="37386" /><G19/><T22/><D22/><U118/><E118/><V67/><F67/><W25/><G25/><T114/><D114/><U12/><E74/><V109/><F24/><W75/><G124/><T128/><D72/><U86/><E86/><V14/><F14/><W7/><G7/><T13/><D128/><N who="1" m="49259" /><E15/><V126/><F35/><W44/><G44/><T20/><D20/><U51/><E38/><V127/><F131/><W71/><G71/><T120/><D30/><U28/><E28/><V17/><F127/><W55/><G55/><N who="0" m="34175" /><D120/><U9/><E9/><V65/><F126/><W0/><G0/><T41/><AGARI ba="0,0" hai="4,8,13,40,41,42,82,84,90,93,95" m="34175" machi="41" ten="30,1100,0" yaku="8,1" doraHai="125" who="0" fromWho="0" sc="208,11,227,-3,288,-5,277,-3" /><INIT seed="7,0,0,2,4,8" ten="219,224,283,274" oya="3" hai0="23,30,120,21,27,1,96,6,33,42,108,70,95" hai1="71,52,10,59,47,51,110,9,132,0,19,43,102" hai2="66,83,13,22,57,121,133,80,98,97,38,69,92" hai3="126,46,113,131,28,39,32,107,2,76,91,103,129"/><W78/><G2/><T64/><D120/><U74/><E110/><V11/><F38/><W34/><G91/><T75/><D108/><U15/><E74/><V114/><F69/><W100/><G126/><T109/><D109/><U14/><E0/><V35/><F35/><N who="3" m="13355" /><G28/><T54/><D75/><U127/><E127/><V85/><F114/><W5/><G5/><T7/><D42/><U73/><E73/><V17/><F133/><W84/><G113/><T119/><D119/><U60/><E132/><V56/><F66/><W134/><G134/><T99/><D99/><N who="2" m="37898" /><F92/><W58/><G107/><T25/><D54/><U135/><E135/><V49/><F49/><W41/><G84/><T122/><D122/><U116/><E116/><V50/><F50/><W128/><G58/><N who="2" m="22633" /><F121/><W4/><G4/><T106/><D106/><U77/><E71/><V65/><F65/><W29/><G29/><T12/><D1/><U63/><E102/><AGARI ba="0,0" hai="39,41,46,76,78,100,102,103,128,129,131" m="13355" machi="102" ten="40,2000,0" yaku="19,1" doraHai="8" who="3" fromWho="1" sc="219,0,224,-20,283,0,274,20" /><INIT seed="7,1,0,2,5,4" ten="219,204,283,294" oya="3" hai0="116,27,83,93,75,11,74,120,9,130,13,42,41" hai1="124,23,29,133,122,77,114,45,12,123,68,92,37" hai2="76,64,113,111,94,21,105,56,16,89,101,0,8" hai3="125,106,126,49,2,62,118,53,112,99,82,135,129"/><W69/><G118/><T60/><D120/><U25/><E114/><V20/><F111/><W32/><G2/><T40/><D116/><U18/><E133/><V67/><F76/><W14/><G82/><T119/><D119/><U36/><E124/><N who="3" m="47722" /><G32/><T31/><D60/><U80/><E68/><V97/><F113/><W79/><G79/><T127/><D127/><U19/><E92/><N who="2" m="58535" /><F0/><W52/><G112/><T104/><D104/><U90/><E90/><V131/><F131/><W10/><G129/><T128/><D130/><U115/><E115/><V38/><F38/><W59/><G135/><T30/><D83/><U66/><E66/><N who="2" m="25131" /><F56/><N who="3" m="32783" /><G99/><T34/><D128/><U103/><E123/><V5/><F5/><N who="3" m="3407" /><G106/><T91/><D34/><U22/><E122/><V102/><F102/><W109/><G109/><T98/><D75/><U1/><E1/><V132/><F105/><W44/><G44/><T110/><D74/><U33/><E103/><V39/><F39/><W24/><G24/><T100/><D27/><U86/><E45/><V78/><F78/><W88/><G88/><T3/><D3/><U51/><E51/><V50/><F50/><W73/><G73/><T46/><D110/><U15/><AGARI ba="1,0" hai="12,15,18,19,22,23,25,29,33,36,37,77,80,86" machi="15" ten="20,2700,0" yaku="0,1,7,1,9,1" doraHai="4" who="1" fromWho="1" sc="219,-8,204,30,283,-8,294,-14" /><INIT seed="8,0,0,0,2,113" ten="211,234,275,280" oya="0" hai0="115,14,76,48,112,20,2,56,128,43,108,42,5" hai1="125,45,133,95,104,36,89,52,75,74,35,65,41" hai2="117,86,78,9,131,130,67,64,12,40,61,25,126" hai3="121,92,124,73,10,85,107,93,84,77,134,21,94"/><T8/><D76/><U34/><E104/><V114/><F114/><W68/><G68/><T11/><D56/><U101/><E101/><V13/><F126/><W82/><G10/><T116/><D48/><U62/><E125/><V97/><F40/><W127/><G21/><T46/><D46/><U63/><E133/><V71/><F67/><W58/><G58/><T106/><D106/><U91/><E52/><V100/><F25/><W27/><G27/><T33/><D42/><U50/><E36/><V49/><F49/><W118/><G134/><T79/><D79/><U4/><E4/><V72/><F72/><W59/><G59/><T88/><D88/><U30/><E91/><V51/><F51/><W1/><G1/><T90/><D90/><U17/><E17/><V55/><F55/><W57/><G57/><T81/><D81/><U103/><E103/><V54/><F54/><W122/><G107/><T18/><D43/><U24/><E34/><V123/><F123/><N who="3" m="47115" /><G118/><T110/><D116/><U16/><E65/><V83/><F117/><W7/><G7/><N who="0" m="1143" /><D128/><N who="2" m="49194" /><F9/><W111/><G111/><N who="0" m="42539" /><D33/><U6/><E75/><V120/><F120/><W26/><G26/><AGARI ba="0,0" hai="5,11,14,18,20,26,112,115" m="42539,1143" machi="26" ten="30,5800,0" yaku="10,1,34,2" doraHai="113" who="0" fromWho="3" sc="211,58,234,0,275,0,280,-58" /><INIT seed="8,1,0,1,3,57" ten="269,234,275,222" oya="0" hai0="20,39,117,102,85,2,42,97,34,107,16,113,121" hai1="14,51,27,67,53,129,23,12,105,49,52,30,29" hai2="111,64,124,43,86,47,135,95,89,106,17,31,69" hai3="119,60,4,11,131,33,133,40,100,104,93,118,109"/><T116/><D113/><U71/><E105/><V125/><F111/><W90/><G33/><T54/><D121/><U46/><E129/><V62/><F106/><W3/><G131/><T24/><D2/><U79/><E79/><V61/><F31/><W127/><G109/><T8/><D34/><U18/><E71/><V32/><F32/><W75/><G75/><T84/><D8/><U65/><E12/><V66/><F17/><W59/><G40/><T114/><D114/><U108/><E108/><V68/><F135/><W44/><G44/><N who="0" m="23647" /><D54/><U50/><E30/><V103/><F103/><W88/><G133/><T48/><D48/><AGARI ba="1,0" hai="43,47,48,61,62,64,66,68,69,86,89,95,124,125" machi="48" ten="40,5200,0" yaku="9,1,52,2" doraHai="57" who="2" fromWho="0" sc="269,-55,234,0,275,55,222,0" owari="214,-29.0,234,3.0,330,44.0,222,-18.0" /></mjloggm>