<mjloggm ver="2.3"><GO type="169" lobby="0"/><UN n0="%E3%81%AB%E3%82%83%E3%82%93%E5%90%89" n1="%E6%9D%A5%E9%80%B1%E3%81%AE%E7%B3%B8%E4%BA%95" n2="%E3%81%86%E3%81%AB%E3%82%85%E3%81%BB%EF%BC%81" n3="%E3%81%A6%E3%82%93%E3%81%BD%E3%81%84%E3%82%93%E3%81%A8" dan="16,16,17,17" rate="2092.62,2158.95,2146.52,2212.05" sx="M,M,M,F"/><TAIKYOKU oya="0"/><INIT seed="0,0,0,1,0,94" ten="250,250,250,250" oya="0" hai0="5,4,47,92,22,78,44,25,35,95,46,72,51" hai1="104,15,74,11,10,28,81,63,48,73,122,114,21" hai2="126,85,124,133,105,62,79,40,42,45,39,80,117" hai3="89,57,109,33,34,68,107,120,20,12,118,32,76"/><T83/><D35/><U37/><E122/><V52/><F117/><W115/><G68/><T56/><D56/><U84/><E37/><V135/><F42/><W70/><G70/><T77/><D51/><U111/><E111/><V131/><F105/><W17/><G115/><T36/><D36/><U27/><E114/><V58/><REACH who="2" step="1"/><F131/><REACH who="2" ten="250,250,240,250" step="2"/><W16/><G107/><T75/><D72/><U59/><E104/><V99/><F99/><W67/><G118/><T3/><D75/><U134/><E74/><V121/><F121/><W110/><G120/><T108/><D108/><U38/><E73/><V69/><F69/><W65/><G109/><T31/><D3/><U13/><E38/><V128/><F128/><W100/><G110/><T50/><D83/><U97/><E97/><V127/><AGARI ba="0,1" hai="39,40,45,52,58,62,79,80,85,124,126,127,133,135" machi="127" ten="40,8000,1" yaku="1,1,0,1,18,1,54,1,53,0" doraHai="94" doraHaiUra="86" who="2" fromWho="2" sc="250,-40,250,-20,240,90,250,-20" /><INIT seed="1,0,0,2,3,76" ten="210,230,330,230" oya="1" hai0="93,125,73,62,27,55,38,52,24,97,13,71,110" hai1="33,57,88,15,43,42,104,59,1,30,35,122,98" hai2="96,51,109,61,130,10,25,46,70,100,78,74,53" hai3="6,3,119,39,135,63,41,11,126,85,19,94,2"/><U133/><E1/><V4/><F109/><W124/><G63/><T117/><D117/><U48/><E122/><V111/><F111/><W58/><G58/><T81/><D110/><U45/><E133/><V60/><F130/><W12/><G41/><T102/><D38/><U91/><E104/><V9/><F25/><W8/><G39/><T40/><D40/><U37/><E15/><V20/><F20/><W49/><G49/><T16/><D125/><N who="3" m="48233" /><G94/><T32/><D71/><U5/><E5/><V106/><F70/><W80/><G119/><T54/><D62/><U28/><E37/><V14/><REACH who="2" step="1"/><F10/><REACH who="2" ten="210,230,320,230" step="2"/><W69/><G69/><T129/><D129/><U99/><REACH who="1" step="1"/><E48/><REACH who="1" ten="210,220,320,230" step="2"/><V82/><AGARI ba="0,2" hai="4,9,14,46,51,53,60,61,74,78,82,96,100,106" machi="82" ten="30,7900,0" yaku="1,1,2,1,0,1,52,1,53,0" doraHai="76" doraHaiUra="67" who="2" fromWho="2" sc="210,-20,220,-39,320,99,230,-20" /><INIT seed="2,0,0,3,4,130" ten="190,181,419,210" oya="2" hai0="105,41,21,15,70,22,36,14,109,47,62,25,5" hai1="66,57,89,122,6,46,24,113,18,1,101,83,82" hai2="126,73,20,93,114,120,134,118,58,94,97,63,88" hai3="59,60,127,9,91,30,42,77,34,0,44,103,8"/><V19/><F120/><W26/><G127/><T90/><D109/><U43/><E113/><V56/><F114/><W2/><G77/><T64/><D105/><U86/><E122/><V92/><F118/><W55/><G103/><T104/><D104/><U74/><E101/><V31/><F126/><W23/><G34/><T81/><D5/><U131/><E131/><V71/><F73/><W75/><G75/><T79/><D90/><U110/><E110/><V129/><F129/><W132/><G0/><T115/><D22/><U72/><E6/><V11/><F71/><W102/><G2/><T84/><REACH who="0" step="1"/><D115/><REACH who="0" ten="180,181,419,210" step="2"/><U123/><E123/><V61/><F20/><W40/><G91/><T48/><D48/><U69/><E89/><V119/><F119/><W37/><G102/><T68/><D68/><U50/><E50/><V135/><F31/><AGARI ba="0,1" hai="14,15,21,25,31,36,41,47,62,64,70,79,81,84" machi="31" ten="30,2000,0" yaku="1,1,7,1,53,0" doraHai="130" doraHaiUra="28" who="0" fromWho="2" sc="180,30,181,0,419,-20,210,0" /><INIT seed="3,0,0,4,2,16" ten="210,181,399,210" oya="3" hai0="29,8,13,30,91,104,96,7,72,34,61,32,131" hai1="133,60,95,100,121,71,116,27,48,6,68,130,66" hai2="89,38,1,125,26,57,75,23,111,98,79,69,92" hai3="53,0,54,74,129,12,128,59,47,76,70,19,106"/><W86/><G74/><T103/><D131/><U44/><E121/><V49/><F69/><W41/><G0/><T31/><D72/><U39/><E130/><V64/><F38/><W120/><G106/><T43/><D43/><U112/><E112/><V108/><F1/><W55/><G70/><T119/><D119/><U90/><E133/><V81/><F125/><W107/><G107/><T105/><D105/><U65/><E116/><V37/><F37/><W135/><G120/><T25/><D34/><U24/><E39/><V84/><F75/><W123/><G135/><T117/><D117/><U21/><E100/><V110/><F49/><N who="3" m="26863" /><G123/><T67/><REACH who="0" step="1"/><D91/><REACH who="0" ten="200,181,399,210" step="2"/><U17/><E90/><V9/><F110/><W15/><G129/><T122/><D122/><U93/><E6/><V63/><REACH who="2" step="1"/><F9/><REACH who="2" ten="200,181,389,210" step="2"/><W102/><G128/><T94/><D94/><U52/><E95/><V33/><F33/><W114/><G114/><T40/><D40/><U73/><E93/><V109/><F109/><W99/><G102/><T51/><D51/><U50/><E73/><V28/><AGARI ba="0,2" hai="23,26,28,57,63,64,79,81,84,89,92,98,108,111" machi="28" ten="30,4000,0" yaku="1,1,0,1,52,1,53,0" doraHai="16" doraHaiUra="97" who="2" fromWho="2" sc="200,-10,181,-10,389,60,210,-20" /><INIT seed="4,0,0,0,1,109" ten="190,171,449,190" oya="0" hai0="84,110,122,74,30,32,46,60,16,45,86,58,82" hai1="11,133,88,69,44,102,19,119,3,120,1,9,4" hai2="52,117,91,114,59,12,124,77,54,97,63,26,131" hai3="50,55,56,73,25,81,27,18,126,89,104,130,112"/><T34/><D122/><U61/><E119/><V35/><F114/><W0/><G0/><T76/><D110/><U53/><E120/><V94/><F117/><W116/><G104/><T90/><D86/><U39/><E133/><V31/><F131/><W65/><G126/><T21/><D30/><U71/><E102/><V103/><F124/><W75/><G130/><T2/><D2/><U121/><E121/><V101/><F77/><W134/><G134/><T20/><D32/><U70/><E19/><V108/><F108/><W85/><G75/><T23/><D34/><U14/><E11/><V42/><F42/><W80/><G73/><T68/><D68/><U128/><E128/><V36/><F36/><W107/><G107/><T37/><D37/><U48/><E39/><V66/><F12/><W105/><G105/><T83/><REACH who="0" step="1"/><D16/><REACH who="0" ten="180,171,449,190" step="2"/><U99/><E3/><V93/><F101/><W24/><G18/><T123/><D123/><U127/><E127/><V78/><F78/><W49/><G116/><T8/><D8/><U7/><E1/><V40/><F40/><W98/><G25/><T28/><D28/><U13/><E13/><V92/><F103/><W132/><G24/><T47/><D47/><U96/><E14/><V41/><F41/><W57/><G27/><T10/><D10/><U38/><E9/><V6/><F6/><W95/><G132/><T29/><D29/><U135/><E135/><V67/><F35/><W15/><G15/><T64/><AGARI ba="0,1" hai="20,21,23,45,46,58,60,64,74,76,82,83,84,90" machi="64" ten="30,3000,0" yaku="1,1,0,1,53,0" doraHai="109" doraHaiUra="129" who="0" fromWho="0" sc="180,40,171,-10,449,-10,190,-10" /><INIT seed="4,1,0,4,0,67" ten="220,161,439,180" oya="0" hai0="43,105,31,40,74,51,131,129,89,50,13,79,17" hai1="22,100,53,102,25,5,110,70,80,24,57,88,55" hai2="76,20,7,84,90,8,119,104,68,116,69,11,111" hai3="38,6,122,124,42,23,81,41,35,59,16,27,128"/><T87/><D105/><U112/><E110/><V9/><F111/><W114/><G114/><T19/><D31/><U44/><E112/><V93/><F7/><W120/><G38/><T77/><D74/><U28/><E5/><V39/><F39/><W46/><G46/><T47/><D47/><U83/><E70/><N who="2" m="27243" /><F104/><W58/><G124/><T101/><D101/><U12/><E12/><V86/><F20/><W3/><G128/><N who="0" m="49227" /><D89/><U18/><E44/><V33/><F33/><W135/><G135/><T1/><D87/><U94/><E102/><V49/><F76/><N who="0" m="29258" /><D1/><U66/><E100/><V130/><F130/><W52/><G35/><T123/><D123/><U108/><E108/><V78/><F78/><W63/><G120/><T92/><D92/><U85/><E80/><V14/><F86/><W109/><G81/><T125/><D125/><U10/><E83/><V75/><F75/><W54/><G122/><T34/><D34/><U4/><E28/><V2/><F2/><W106/><G106/><T48/><D13/><N who="1" m="5319" /><E25/><V26/><F26/><W113/><G113/><T21/><D21/><U56/><E66/><V99/><F84/><W61/><G109/><T45/><D45/><U117/><E22/><V97/><F14/><W121/><G121/><T115/><D115/><U73/><E73/><V96/><F90/><W0/><G0/><T132/><D132/><U95/><E88/><V134/><F93/><W62/><G61/><T118/><D118/><N who="2" m="45098" /><F134/><W32/><G32/><T29/><D29/><U65/><E117/><V98/><F98/><W64/><G64/><T127/><D127/><RYUUKYOKU ba="1,0" sc="220,10,161,-30,439,10,180,10" hai0="17,19,40,43,48,50,51" hai2="8,9,11,49,96,97,99" hai3="3,6,16,23,27,41,42,52,54,58,59,62,63" /><INIT seed="4,2,0,1,2,33" ten="230,131,449,190" oya="0" hai0="20,52,70,61,14,3,96,29,24,38,67,84,48" hai1="55,47,4,133,45,26,36,40,128,97,131,66,19" hai2="78,119,126,12,0,121,39,93,112,42,65,68,132" hai3="21,63,102,113,111,89,53,80,86,92,6,11,108"/><T10/><D38/><U120/><E120/><V71/><F0/><W1/><G113/><T94/><D84/><U124/><E97/><V35/><F121/><W57/><G102/><T25/><D25/><U18/><E26/><V77/><F112/><W123/><G123/><T59/><D3/><U115/><E115/><V88/><F35/><W28/><G28/><T43/><D43/><U22/><E22/><V73/><F132/><W91/><REACH who="3" step="1"/><G21/><REACH who="3" ten="230,131,449,180" step="2"/><T134/><D134/><U75/><E133/><V9/><F119/><W5/><G5/><T49/><D10/><U58/><E4/><V17/><F9/><W76/><G76/><T44/><D14/><U103/><E103/><V2/><F77/><W13/><G13/><T54/><REACH who="0" step="1"/><D94/><REACH who="0" ten="220,131,449,180" step="2"/><U110/><E131/><V135/><F93/><W105/><G105/><T83/><D83/><U122/><E128/><V107/><F12/><W100/><G100/><T46/><D46/><U37/><E47/><V69/><F107/><W98/><AGARI ba="2,2" hai="1,6,11,53,57,63,80,86,89,91,92,98,108,111" machi="98" ten="20,5200,0" yaku="1,1,0,1,7,1,52,1,53,0" doraHai="33" doraHaiUra="72" who="3" fromWho="3" sc="220,-28,131,-15,449,-15,180,78" /><INIT seed="5,0,0,4,5,9" ten="192,116,434,258" oya="1" hai0="122,94,30,131,126,12,123,76,57,39,78,85,66" hai1="112,18,42,69,51,15,48,61,105,101,45,40,92" hai2="88,25,65,104,70,55,68,33,127,75,7,52,79" hai3="121,110,13,2,26,24,31,113,59,21,58,28,120"/><U17/><E112/><V64/><F104/><W41/><G41/><T95/><D39/><U107/><E92/><V8/><F127/><W82/><G82/><T128/><D126/><U135/><E135/><V47/><F88/><W50/><G50/><T44/><D30/><U109/><E109/><V117/><F117/><W73/><G73/><T98/><D44/><U97/><E107/><V16/><F68/><W134/><G2/><T129/><D66/><U63/><E69/><V118/><F118/><W35/><G110/><T93/><D57/><U87/><E87/><V102/><F102/><W80/><G80/><N who="0" m="47239" /><D12/><U108/><E108/><V11/><F70/><W103/><G113/><T119/><D78/><U62/><REACH who="1" step="1"/><E15/><REACH who="1" ten="192,106,434,258" step="2"/><V22/><F75/><W81/><G13/><T4/><D119/><U53/><E53/><V1/><F52/><W116/><G134/><T56/><D128/><U29/><E29/><V84/><F55/><W46/><G116/><T100/><D129/><U114/><E114/><V71/><F71/><W111/><G111/><T6/><D131/><U5/><E5/><V133/><F7/><W89/><G31/><T99/><D4/><U10/><E10/><V130/><F11/><W27/><G28/><T90/><D6/><U86/><E86/><V115/><F8/><W91/><G27/><T49/><D95/><U124/><E124/><V67/><F25/><W74/><G26/><T14/><D14/><U34/><E34/><V0/><F130/><W3/><G24/><T60/><D94/><U132/><E132/><V19/><F115/><W72/><G35/><RYUUKYOKU ba="0,1" sc="192,-10,106,30,434,-10,258,-10" hai1="17,18,40,42,45,48,51,61,62,63,97,101,105" /><INIT seed="5,1,1,0,3,127" ten="182,136,424,248" oya="1" hai0="34,45,129,86,112,100,23,132,56,75,71,78,97" hai1="53,40,82,117,37,77,102,116,49,101,125,87,36" hai2="74,122,47,14,76,134,128,1,28,89,63,20,131" hai3="55,9,133,83,32,50,0,43,18,42,110,103,67"/><U92/><E125/><V26/><F122/><W31/><G110/><T15/><D34/><U59/><E40/><V19/><F1/><W6/><G67/><T16/><D71/><U90/><E102/><V95/><F134/><W104/><G104/><T35/><D35/><U65/><E101/><V121/><F121/><W33/><G33/><T41/><D112/><U12/><E65/><V93/><F47/><W69/><G69/><T22/><D132/><U96/><REACH who="1" step="1"/><E12/><REACH who="1" ten="182,126,424,248" step="2"/><V60/><F14/><W85/><G103/><T126/><D126/><U135/><E135/><V46/><F95/><W11/><G133/><T5/><D15/><U105/><E105/><V39/><F93/><W99/><G42/><T111/><D100/><U108/><E108/><V4/><F39/><AGARI ba="1,2" hai="36,37,39,49,53,59,77,82,87,90,92,96,116,117" machi="39" ten="40,2000,0" yaku="1,1,53,0" doraHai="127" doraHaiUra="64" who="1" fromWho="2" sc="182,0,126,43,424,-23,248,0" /><INIT seed="5,2,0,3,1,87" ten="182,169,401,248" oya="1" hai0="115,104,15,10,52,50,129,69,84,123,70,43,53" hai1="9,1,25,13,95,120,94,46,8,16,132,61,12" hai2="35,79,54,0,5,127,7,75,33,74,68,49,20" hai3="31,105,3,14,89,125,63,21,18,19,114,59,82"/><U122/><E132/><V110/><F68/><W97/><G3/><T58/><D104/><U107/><E107/><V134/><F110/><W109/><G114/><T51/><D115/><U41/><E1/><V130/><F134/><W78/><G125/><T56/><D129/><U34/><E61/><V101/><F127/><W29/><G19/><T117/><D117/><U60/><E60/><V37/><F37/><W55/><G109/><T83/><D123/><U128/><E128/><V112/><F101/><W67/><G55/><T66/><D43/><U26/><E34/><V121/><F20/><W71/><G71/><T108/><D66/><U40/><REACH who="1" step="1"/><E46/><REACH who="1" ten="182,159,401,248" step="2"/><V131/><F33/><W113/><G113/><T27/><D108/><U48/><E48/><V2/><F35/><W81/><G105/><T118/><D118/><U85/><E85/><V28/><F49/><W111/><G111/><T100/><D100/><U135/><E135/><V124/><F131/><W103/><G103/><T76/><REACH who="0" step="1"/><D27/><REACH who="0" ten="172,159,401,248" step="2"/><U4/><E4/><AGARI ba="2,2" hai="4,10,15,50,51,52,53,56,58,69,70,76,83,84" machi="4" ten="30,8000,1" yaku="1,1,2,1,7,1,9,1,54,1,53,0" doraHai="87" doraHaiUra="126" who="0" fromWho="1" sc="172,106,159,-86,401,0,248,0" /><INIT seed="6,0,0,0,1,68" ten="278,73,401,248" oya="2" hai0="20,56,54,124,103,13,3,72,43,59,77,24,48" hai1="101,65,89,33,34,127,106,35,32,29,85,125,47" hai2="9,130,25,93,91,74,121,115,39,83,119,31,36" hai3="95,84,131,42,5,41,102,26,37,28,82,113,105"/><V44/><F121/><W2/><G2/><T99/><D3/><U10/><N who="1" m="8192" /><DORA hai="53" /><U11/><E29/><V61/><F119/><W133/><G5/><T62/><D124/><U92/><E65/><V23/><F115/><W12/><G12/><T107/><D43/><U96/><REACH who="1" step="1"/><E47/><REACH who="1" ten="278,63,401,248" step="2"/><V75/><F44/><W58/><G28/><T123/><D123/><U81/><E81/><V52/><F83/><W104/><G82/><T122/><D122/><U19/><E19/><V6/><F31/><W70/><G113/><T134/><D134/><U14/><E14/><V45/><F45/><W111/><G133/><T63/><D13/><U71/><E71/><V49/><F6/><W1/><G70/><T50/><D72/><U120/><E120/><V60/><F75/><W100/><G26/><T15/><D15/><U94/><E94/><V22/><F93/><W135/><G95/><T86/><D107/><U4/><E4/><V108/><F74/><W46/><G105/><T79/><D24/><U0/><E0/><V67/><F25/><W116/><G1/><T55/><D79/><U126/><AGARI ba="0,1" hai="10,11,85,89,92,96,101,106,125,126,127" m="8192" machi="126" ten="70,8000,1" yaku="1,1,0,1,18,1,53,1" doraHai="68,53" doraHaiUra="109,98" who="1" fromWho="1" sc="278,-20,63,90,401,-40,248,-20" /><INIT seed="7,0,0,4,2,57" ten="258,153,361,228" oya="3" hai0="122,50,34,101,90,67,39,87,129,2,45,40,134" hai1="29,71,27,111,70,48,91,118,123,116,16,97,17" hai2="56,126,10,5,18,30,106,125,82,92,62,28,44" hai3="124,127,26,36,4,95,72,61,64,102,80,43,23"/><W20/><G4/><T69/><D122/><U68/><E123/><V114/><F106/><W107/><G107/><T38/><D2/><U59/><E111/><V93/><F114/><W112/><G43/><T110/><D110/><U52/><E97/><V42/><F18/><W49/><G49/><T3/><D3/><U73/><E73/><V76/><F93/><W22/><G36/><T19/><D34/><U6/><E6/><V104/><F92/><W119/><G112/><T98/><D129/><U99/><E99/><V60/><F104/><W78/><G26/><T94/><D134/><U9/><E91/><V12/><F60/><W53/><G53/><T100/><D100/><U96/><E96/><V1/><F12/><W131/><G131/><T11/><D67/><U81/><E81/><V0/><F0/><W14/><G14/><T84/><D69/><U85/><E85/><N who="2" m="48327" /><F44/><W132/><G132/><T121/><D121/><U54/><E54/><N who="2" m="34071" /><F42/><W66/><G23/><T32/><D32/><N who="1" m="20543" /><E9/><V88/><F88/><W109/><G109/><T8/><D11/><U41/><E41/><V65/><F65/><W47/><G66/><T128/><D128/><U133/><E133/><V15/><F1/><W115/><G64/><T33/><D33/><U75/><E75/><V135/><F135/><W7/><G72/><T37/><D90/><U25/><E25/><V103/><F103/><W63/><G102/><T108/><D108/><U13/><E13/><V58/><F58/><W51/><G80/><T113/><D113/><U77/><E77/><V24/><F24/><W21/><G115/><RYUUKYOKU ba="0,0" sc="258,10,153,10,361,10,228,-30" hai0="8,19,37,38,39,40,45,50,84,87,94,98,101" hai1="16,17,48,52,59,68,70,71,116,118" hai2="5,10,15,28,30,125,126" owari="268,7.0,163,-34.0,371,47.0,198,-20.0" /></mjloggm>