<mjloggm ver="2.3"><GO type="169" lobby="0"/><UN n0="%67%61%79%75%6E%79" n1="%52%45%49%4E%E6%A3%AE%E4%B9%85%E4%BF%9D%50" n2="%61%70%70%6C%61%75%73%65" n3="%73%65%61%73%74%6F%72%79" dan="16,16,16,16" rate="2078.02,2119.71,2118.83,2091.82" sx="M,M,F,M"/><TAIKYOKU oya="0"/><INIT seed="0,0,0,0,4,47" ten="250,250,250,250" oya="0" hai0="120,57,67,64,63,74,81,62,113,84,94,99,134" hai1="114,116,28,11,89,131,39,17,86,109,78,121,1" hai2="70,98,125,48,31,85,83,91,37,110,130,35,88" hai3="4,108,25,80,115,42,77,112,19,96,15,56,29"/><T22/><D120/><U73/><E121/><V40/><F37/><W27/><G108/><T132/><D113/><U6/><E116/><V12/><F70/><W61/><G4/><T93/><D74/><U92/><E114/><V135/><F110/><W41/><G96/><T133/><D22/><U34/><E109/><V126/><F135/><W24/><G29/><T53/><D53/><U76/><E131/><V100/><F130/><W51/><G115/><T55/><D55/><U102/><E39/><V105/><F12/><W14/><G112/><T2/><D2/><U52/><E102/><V87/><F31/><W117/><G117/><T46/><D46/><U119/><E73/><V71/><F71/><W59/><G59/><T20/><D20/><U50/><E119/><V7/><F7/><W82/><G82/><T97/><D97/><U18/><E28/><V45/><REACH who="2" step="1"/><F35/><REACH who="2" ten="250,250,240,250" step="2"/><W101/><G14/><T124/><D124/><U9/><E34/><V106/><F106/><W44/><G15/><T33/><D33/><U75/><E11/><V127/><F127/><W38/><G19/><T3/><D3/><U107/><E107/><V123/><F123/><W23/><G38/><T5/><D5/><U118/><E118/><V122/><F122/><W72/><G23/><T111/><D111/><U60/><E18/><V54/><F54/><N who="3" m="33943" /><G42/><T16/><D16/><U129/><E17/><V95/><AGARI ba="0,1" hai="40,45,48,83,85,87,88,91,95,98,100,105,125,126" machi="95" ten="30,7900,0" yaku="1,1,0,1,52,1,54,1,53,0" doraHai="47" doraHaiUra="21" who="2" fromWho="2" sc="250,-39,250,-20,240,89,250,-20" /><INIT seed="1,0,0,1,5,46" ten="211,230,329,230" oya="1" hai0="19,23,126,58,24,70,18,73,39,91,56,92,76" hai1="81,86,83,52,59,2,34,32,65,107,130,88,41" hai2="64,82,80,60,38,12,20,98,10,15,117,37,16" hai3="63,11,129,134,4,111,57,13,67,3,96,109,6"/><U99/><E2/><V103/><F117/><W114/><G114/><T75/><D126/><U33/><E130/><V97/><F38/><W44/><G134/><T112/><D112/><U133/><E133/><V49/><F49/><W31/><G31/><T94/><D70/><U1/><E41/><V54/><F54/><W119/><G119/><T27/><D39/><U123/><E1/><V102/><F37/><W30/><G30/><T121/><D76/><U40/><E40/><V89/><F89/><W50/><G129/><T135/><D135/><U53/><E123/><V55/><F55/><N who="3" m="30151" /><G96/><N who="2" m="36969" /><F60/><W36/><G36/><T14/><D14/><U8/><E8/><V29/><F64/><W110/><G3/><T79/><D79/><U87/><E65/><V131/><F131/><W62/><G62/><T104/><D104/><U95/><E107/><V105/><F105/><W21/><G21/><T132/><D23/><U26/><E26/><N who="2" m="16583" /><F15/><W0/><G0/><T128/><D132/><U125/><E125/><V69/><F69/><W47/><G47/><T108/><D128/><U17/><E17/><AGARI ba="0,0" hai="4,6,11,13,17,57,63,67,109,110,111" m="30151" machi="17" ten="30,2000,0" yaku="14,1,52,1" doraHai="46" who="3" fromWho="1" sc="211,0,230,-20,329,0,230,20" /><INIT seed="2,0,0,5,2,66" ten="211,210,329,250" oya="2" hai0="0,69,64,23,130,43,102,125,93,51,88,83,2" hai1="36,4,9,10,47,77,58,55,3,68,38,63,94" hai2="104,124,25,19,133,132,79,18,108,134,22,62,67" hai3="14,24,20,119,101,82,110,34,73,92,109,116,121"/><V87/><F104/><W16/><G73/><T1/><D130/><U81/><E10/><V48/><F124/><W71/><G71/><T46/><D125/><U54/><E94/><V105/><F105/><W123/><G82/><T44/><D44/><U12/><E12/><V27/><F48/><W128/><G92/><T74/><D102/><U117/><E117/><N who="3" m="45130" /><G101/><T91/><D23/><U100/><E100/><V112/><F112/><W52/><G52/><T113/><D113/><U49/><REACH who="1" step="1"/><E68/><REACH who="1" ten="211,200,329,250" step="2"/><N who="2" m="42103" /><F108/><N who="3" m="41579" /><G128/><T41/><D93/><U122/><E122/><N who="3" m="46602" /><G34/><T98/><D69/><U95/><E95/><V70/><F70/><W115/><G14/><T39/><D2/><U50/><E50/><V30/><F79/><W26/><G26/><T21/><D1/><U107/><E107/><V106/><F106/><W65/><G65/><T37/><D0/><U90/><E90/><V11/><F27/><W85/><G85/><AGARI ba="0,1" hai="3,4,9,36,38,47,49,54,55,58,63,77,81,85" machi="85" ten="30,3900,0" yaku="1,1,7,1,53,1" doraHai="66" doraHaiUra="80" who="1" fromWho="3" sc="211,0,200,49,329,0,250,-39" /><INIT seed="3,0,0,3,0,7" ten="211,249,329,211" oya="3" hai0="15,77,119,123,129,27,116,126,33,38,97,85,42" hai1="20,131,2,21,87,10,66,16,76,67,86,93,74" hai2="48,132,128,30,9,125,134,124,44,63,94,107,114" hai3="79,135,12,75,69,62,78,43,89,99,96,92,57"/><W64/><G135/><N who="2" m="51753" /><F107/><W3/><G3/><T112/><D42/><U34/><E34/><V28/><F114/><W22/><G43/><T100/><D38/><U53/><E74/><V90/><F63/><W133/><G133/><T70/><D15/><N who="1" m="7287" /><E2/><V59/><F59/><W84/><G69/><T73/><D27/><U80/><E131/><V50/><F9/><W25/><G12/><T118/><D70/><U103/><E53/><N who="2" m="29831" /><F50/><W8/><G8/><T83/><D33/><U35/><E35/><V41/><F41/><W51/><G51/><T122/><D129/><U81/><E103/><V108/><F108/><W49/><G49/><T37/><D37/><U68/><E93/><V106/><F106/><W58/><G75/><T23/><D112/><U56/><E68/><V65/><F65/><N who="1" m="24585" /><E56/><V39/><F39/><W111/><G111/><T60/><D73/><U109/><E109/><V19/><F128/><W110/><G110/><T88/><D119/><U121/><E121/><V18/><F124/><W40/><G40/><T113/><D118/><U14/><E14/><V45/><F125/><W101/><G58/><T54/><D116/><U6/><E6/><V95/><F45/><W52/><G64/><T11/><D122/><U5/><E5/><V4/><F4/><W115/><G115/><T61/><D113/><U71/><E71/><V17/><F95/><N who="3" m="58623" /><G96/><AGARI ba="0,0" hai="17,18,19,28,30,90,94,96" m="29831,51753" machi="96" ten="30,1000,0" yaku="20,1" doraHai="7" who="2" fromWho="3" sc="211,0,249,0,329,10,211,-10" /><INIT seed="4,0,0,5,2,86" ten="211,249,339,201" oya="0" hai0="92,21,45,116,3,16,34,9,24,95,7,6,79" hai1="30,113,125,38,42,4,31,94,91,85,52,28,63" hai2="43,0,135,62,17,51,67,73,99,33,8,64,110" hai3="61,54,98,27,35,50,127,109,20,119,118,39,18"/><T25/><D116/><U82/><E125/><V22/><F110/><W58/><G127/><T37/><D7/><U132/><E132/><V108/><F73/><W81/><G39/><T69/><D69/><U53/><E113/><V46/><F135/><W70/><G109/><T97/><D79/><U48/><E4/><V56/><F108/><W71/><G35/><T101/><D34/><U84/><E38/><V124/><F124/><W11/><G71/><T122/><D122/><U102/><E63/><V128/><F128/><W129/><G129/><T96/><D25/><U100/><E42/><V40/><F33/><W57/><G70/><T49/><D37/><U133/><E133/><V112/><F112/><W126/><G126/><T2/><D2/><U123/><E123/><V65/><F40/><W75/><G11/><T111/><D111/><U44/><E53/><V55/><F99/><W36/><G36/><T13/><D3/><U78/><AGARI ba="0,0" hai="28,30,31,44,48,52,78,82,84,85,91,94,100,102" machi="78" ten="30,7900,0" yaku="0,1,8,1,52,1,54,1" doraHai="86" who="1" fromWho="1" sc="211,-39,249,79,339,-20,201,-20" /><INIT seed="5,0,0,1,1,123" ten="172,328,319,181" oya="1" hai0="67,60,26,7,127,104,43,51,1,105,117,100,111" hai1="129,121,87,12,124,40,96,20,46,68,24,9,90" hai2="44,39,5,98,25,53,48,33,49,58,2,94,130" hai3="3,8,17,107,66,76,69,134,59,84,106,133,101"/><U78/><E68/><V79/><F130/><W27/><G69/><T47/><D111/><U65/><E121/><V97/><F39/><W77/><G3/><T41/><D117/><U42/><E65/><V80/><F5/><W63/><G101/><T50/><D127/><U85/><E129/><V13/><F2/><W116/><G116/><T88/><D100/><U131/><E131/><V135/><F135/><N who="3" m="51723" /><G84/><T92/><D7/><U54/><E78/><N who="3" m="30314" /><G8/><T29/><D1/><U75/><E75/><V113/><F113/><W10/><G10/><T114/><D114/><U82/><E87/><V52/><F13/><W115/><G115/><T19/><D19/><N who="1" m="8591" /><E96/><V64/><F64/><W70/><G70/><T81/><D81/><U56/><E124/><V91/><F33/><W122/><G122/><T28/><D105/><U0/><E46/><V74/><F98/><W34/><G34/><T71/><D104/><U110/><E110/><V30/><F74/><W14/><G14/><T119/><D119/><U108/><E108/><V22/><F79/><W18/><G18/><T102/><D102/><U112/><E112/><V132/><F132/><W99/><G99/><T38/><D28/><N who="1" m="17415" /><E0/><V37/><F37/><W118/><G118/><T95/><D38/><U86/><E86/><N who="2" m="50631" /><F97/><W120/><G120/><T72/><D72/><U57/><E85/><V126/><F126/><W93/><G93/><AGARI ba="0,0" hai="22,25,30,44,48,49,52,53,58,93,94" m="50631" machi="93" ten="30,2000,0" yaku="8,1,54,1" doraHai="123" who="2" fromWho="3" sc="172,0,328,0,319,20,181,-20" /><INIT seed="6,0,0,3,3,39" ten="172,328,339,161" oya="2" hai0="77,34,70,116,33,20,132,51,93,84,22,110,79" hai1="123,128,36,54,82,112,119,122,121,96,83,115,55" hai2="113,73,60,106,9,89,59,94,14,125,126,45,62" hai3="12,28,130,124,32,104,6,107,58,4,24,65,46"/><V0/><F106/><W21/><G130/><T52/><D70/><U81/><E36/><V44/><F73/><W15/><G124/><N who="2" m="47721" /><F0/><W42/><G107/><T49/><D110/><U85/><E128/><V99/><F113/><N who="1" m="43593" /><E119/><V47/><F59/><W8/><G104/><T50/><D132/><U72/><E72/><V95/><F95/><W66/><G58/><T88/><D116/><U67/><E67/><V76/><F76/><N who="0" m="29258" /><D33/><U101/><E54/><V16/><AGARI ba="0,0" hai="9,14,16,44,45,47,60,62,89,94,99" m="47721" machi="16" ten="30,3000,0" yaku="18,1,54,1" doraHai="39" who="2" fromWho="2" sc="172,-10,328,-10,339,30,161,-10" /><INIT seed="6,1,0,1,5,29" ten="162,318,369,151" oya="2" hai0="41,56,131,113,88,126,46,26,60,13,24,83,2" hai1="52,22,45,65,122,4,55,19,117,30,66,51,73" hai2="123,12,84,75,77,6,62,128,32,91,10,99,96" hai3="81,90,133,7,134,35,39,93,106,59,135,104,5"/><V57/><F123/><W36/><G81/><T112/><D2/><U69/><E73/><V23/><F128/><W40/><G59/><T28/><D126/><U103/><E117/><V11/><F32/><W67/><G67/><N who="1" m="25610" /><E69/><V114/><F114/><N who="0" m="44138" /><D131/><U31/><E122/><V108/><F108/><W70/><G70/><T71/><D71/><U58/><E4/><N who="3" m="1610" /><G35/><N who="0" m="20871" /><D26/><N who="1" m="14687" /><E103/><V110/><F110/><W53/><G53/><N who="0" m="33807" /><D13/><U3/><E3/><V119/><F119/><W116/><G116/><T107/><D107/><N who="3" m="41001" /><G40/><T72/><D72/><U43/><E43/><V44/><F75/><W61/><G61/><AGARI ba="1,0" hai="30,31,45,51,52,55,58,61" m="14687,25610" machi="61" ten="30,2000,0" yaku="8,1,54,1" doraHai="29" who="1" fromWho="3" sc="162,0,318,23,369,0,151,-23" /><INIT seed="7,0,0,0,2,9" ten="162,341,369,128" oya="3" hai0="95,91,40,11,4,67,59,41,125,84,115,1,37" hai1="80,119,48,66,47,30,50,24,134,122,89,54,31" hai2="62,12,123,51,79,100,108,13,65,114,45,92,58" hai3="103,8,22,135,74,81,94,3,42,120,131,38,77"/><W86/><G120/><T70/><D70/><U53/><E122/><V46/><F108/><W132/><G131/><T78/><D125/><U96/><E134/><N who="3" m="51242" /><G22/><T111/><D111/><U7/><E119/><V110/><F110/><W23/><G23/><T19/><D115/><U63/><E7/><V17/><F123/><W15/><G3/><T0/><D0/><U55/><E55/><V102/><F114/><W57/><G57/><T106/><D106/><U118/><E118/><V27/><F79/><W61/><G61/><T83/><D37/><U35/><E31/><V43/><F46/><N who="3" m="23895" /><G103/><N who="2" m="39465" /><F92/><W56/><G56/><T98/><D67/><U112/><E112/><V20/><AGARI ba="0,0" hai="12,13,17,20,27,43,45,51,58,62,65" m="39465" machi="20" ten="30,4000,0" yaku="8,1,52,2" doraHai="9" who="2" fromWho="2" sc="162,-10,341,-10,369,40,128,-20" owari="152,-25.0,331,13.0,409,51.0,108,-39.0" /></mjloggm>