<mjloggm ver="2.3"><GO type="225" lobby="0"/><UN n0="%E5%AE%89%E8%97%A4%E3%82%AB%E3%82%B1%E3%83%AB" n1="%E3%81%B7%E3%82%8B%E3%81%B7%E3%82%8B%E3%81%A0%E3%81%9E" n2="%E8%A8%88%E7%AE%97%E6%A9%9F%E8%87%AA%E7%84%B6" n3="%E3%83%95%E3%82%B5%E3%82%A6%E3%83%9F%E3%82%B3%E3%83%83%E3%83%97" dan="16,16,18,17" rate="2040.43,2105.80,2278.96,2264.53" sx="M,M,M,M"/><TAIKYOKU oya="0"/><INIT seed="0,0,0,0,5,67" ten="250,250,250,250" oya="0" hai0="76,135,120,30,108,14,77,118,10,125,46,19,50" hai1="134,122,56,66,98,4,54,85,51,31,25,78,94" hai2="53,97,60,2,49,86,41,110,47,117,33,112,63" hai3="42,84,16,106,124,0,89,26,113,44,109,90,11"/><T104/><D104/><U61/><E134/><V64/><F2/><W32/><G113/><T80/><D118/><U75/><E122/><V123/><F33/><W7/><G109/><T5/><D120/><U36/><E75/><V69/><F123/><W43/><G124/><T96/><D125/><U83/><E36/><V35/><F35/><W21/><G106/><T81/><D135/><U57/><E4/><V17/><F112/><W114/><G114/><T68/><D108/><U15/><E15/><V74/><F74/><W40/><G32/><T79/><D30/><U95/><REACH who="1" step="1"/><E98/><REACH who="1" ten="250,240,250,250" step="2"/><V128/><F97/><W127/><G127/><T131/><D96/><U100/><E100/><V73/><F73/><W130/><G130/><T22/><D131/><U55/><E55/><V133/><F133/><W132/><G132/><T9/><D5/><U29/><E29/><V18/><F128/><W116/><G116/><T115/><D14/><U105/><E105/><V45/><F117/><W99/><G99/><T103/><D103/><U101/><E101/><V119/><F119/><W12/><G0/><T39/><D39/><U72/><E72/><V1/><F1/><W8/><G84/><T111/><D115/><U58/><E58/><N who="2" m="34895" /><F110/><W62/><G12/><T37/><D111/><U59/><E59/><V27/><F86/><W28/><G7/><T107/><D107/><U91/><E91/><V34/><F45/><W23/><G44/><T92/><D46/><U20/><AGARI ba="0,1" hai="20,25,31,51,54,56,57,61,66,78,83,85,94,95" machi="20" ten="20,5200,0" yaku="1,1,0,1,7,1,8,1,53,0" doraHai="67" doraHaiUra="3" who="1" fromWho="1" sc="250,-26,240,62,250,-13,250,-13" /><INIT seed="1,0,0,5,1,124" ten="224,302,237,237" oya="1" hai0="70,135,61,89,103,3,38,51,47,32,33,75,125" hai1="56,37,93,67,126,112,134,4,127,94,39,116,16" hai2="49,119,26,41,8,2,31,132,53,62,80,28,133" hai3="130,48,35,68,60,96,101,90,25,121,81,50,14"/><U83/><E112/><V82/><F119/><W0/><G0/><T76/><D3/><U84/><E116/><V107/><F107/><N who="3" m="63911" /><G14/><T22/><D38/><N who="1" m="14347" /><E4/><N who="2" m="1047" /><F62/><W95/><G81/><T120/><D120/><U54/><E134/><N who="2" m="51819" /><F41/><W131/><G121/><T109/><D135/><U108/><E67/><V72/><F72/><W117/><G117/><T34/><D75/><U98/><E16/><V64/><F64/><N who="3" m="40967" /><G50/><T114/><D51/><N who="1" m="30815" /><E108/><V123/><F123/><W42/><G48/><T69/><D109/><U129/><E98/><V78/><F78/><W19/><G19/><T97/><D76/><N who="1" m="46183" /><E93/><V111/><F111/><W63/><G63/><T46/><D61/><U102/><E94/><V15/><F15/><W45/><G42/><T118/><D118/><U12/><E102/><V59/><F28/><N who="3" m="19855" /><G45/><T79/><D46/><U23/><E12/><V100/><F100/><W52/><G52/><T106/><D103/><U87/><E23/><AGARI ba="0,0" hai="23,26,31,49,53,59,80,82" m="51819,1047" machi="23" ten="30,1000,0" yaku="20,1" doraHai="124" who="2" fromWho="1" sc="224,0,302,-10,237,10,237,0" /><INIT seed="2,0,0,3,2,40" ten="224,292,247,237" oya="2" hai0="9,29,103,18,116,104,70,75,59,42,132,7,124" hai1="72,14,67,81,22,43,88,126,3,110,63,13,35" hai2="119,1,118,10,100,2,82,31,4,101,51,83,0" hai3="24,98,102,123,49,111,52,96,65,27,57,5,33"/><V23/><F31/><W84/><G123/><T11/><D70/><U95/><E35/><V30/><F30/><W129/><G111/><T108/><D75/><U131/><E3/><V122/><F23/><W55/><G129/><T127/><D108/><U19/><E110/><V54/><F122/><W39/><G39/><T66/><D116/><U47/><E131/><V117/><F4/><W32/><G65/><T62/><D132/><U17/><E126/><V134/><F10/><W58/><G5/><T89/><D29/><U125/><E125/><V91/><F134/><W48/><G84/><T105/><D42/><U34/><E34/><V90/><F51/><W87/><G87/><T15/><D127/><U46/><E43/><V50/><F50/><W53/><G53/><T16/><D7/><U6/><E6/><V94/><F54/><W37/><G37/><T86/><D66/><U74/><E74/><V25/><F25/><W45/><G102/><N who="2" m="39529" /><F94/><W76/><G76/><T60/><D124/><U97/><E72/><V113/><F113/><W21/><G21/><T133/><D9/><N who="1" m="6319" /><E81/><AGARI ba="0,0" hai="0,1,2,81,82,83,90,91,117,118,119" m="39529" machi="81" ten="40,3900,0" yaku="28,2" doraHai="40" who="2" fromWho="1" sc="224,0,292,-39,247,39,237,0" /><INIT seed="2,1,0,1,5,35" ten="224,253,286,237" oya="2" hai0="77,54,76,130,47,73,68,81,100,91,55,33,31" hai1="63,40,24,125,82,80,119,124,20,58,70,29,30" hai2="65,14,19,108,114,87,131,127,41,95,13,32,123" hai3="89,22,72,16,111,103,21,92,26,83,120,113,42"/><V18/><F114/><W10/><G120/><T118/><D68/><U90/><E119/><V6/><F123/><W34/><G111/><T104/><D118/><U2/><E70/><V36/><F32/><W88/><G113/><T99/><D130/><U61/><E40/><V28/><F28/><W3/><G34/><T56/><D77/><U93/><E30/><V105/><F105/><W84/><G42/><T71/><D71/><U8/><E61/><V126/><F65/><W67/><G67/><T122/><D122/><U50/><E50/><V121/><F121/><W51/><G72/><T0/><D0/><U97/><E8/><V74/><F74/><W59/><G103/><T15/><D15/><N who="2" m="5642" /><F6/><W46/><G22/><T64/><D33/><U116/><E2/><V7/><F7/><W39/><G39/><T69/><D64/><U60/><E60/><V79/><F131/><W4/><G59/><T98/><D56/><U17/><E29/><V5/><F5/><W115/><G115/><T107/><D31/><U52/><REACH who="1" step="1"/><E116/><REACH who="1" ten="224,243,286,237" step="2"/><V53/><F41/><W134/><G51/><T106/><D69/><U57/><E57/><V102/><F36/><W23/><G23/><T48/><D55/><U86/><E86/><V44/><F87/><W96/><REACH who="3" step="1"/><G46/><REACH who="3" ten="224,243,286,227" step="2"/><T45/><D47/><U101/><E101/><V129/><F44/><W78/><G78/><T37/><D37/><U9/><E9/><V112/><F79/><W117/><G117/><T128/><D128/><U85/><E85/><V110/><F112/><W11/><G11/><T135/><D135/><AGARI ba="1,2" hai="3,4,10,16,21,26,83,84,88,89,92,96,134,135" machi="135" ten="40,8000,1" yaku="1,1,52,1,54,2,53,0" doraHai="35" doraHaiUra="43" who="3" fromWho="0" sc="224,-83,243,0,286,0,227,103" /><INIT seed="3,0,0,5,0,29" ten="141,243,286,330" oya="3" hai0="103,16,25,7,101,39,110,106,33,55,75,102,79" hai1="57,89,115,54,12,9,38,117,135,10,131,36,122" hai2="46,34,133,1,35,15,107,73,77,78,96,108,100" hai3="82,42,27,43,56,113,111,87,86,44,121,132,58"/><W22/><G113/><T26/><D39/><U51/><E122/><V23/><F1/><W94/><G121/><T65/><D110/><U71/><E115/><V37/><F108/><W114/><G111/><T98/><D7/><U3/><E117/><V64/><F64/><W81/><G114/><T17/><D65/><U70/><E3/><V53/><F133/><W49/><G94/><T74/><D106/><U60/><E135/><V18/><F53/><W48/><G132/><T99/><D55/><U72/><E72/><V90/><F90/><W97/><G97/><T129/><D103/><U104/><E104/><V19/><F19/><W14/><G14/><T83/><D83/><U30/><E30/><V2/><F2/><W50/><G50/><T124/><D79/><U47/><E131/><V116/><F116/><W84/><G43/><T95/><D129/><U69/><E10/><V31/><F31/><N who="3" m="17911" /><G49/><T4/><D4/><U67/><REACH who="1" step="1"/><E89/><REACH who="1" ten="141,233,286,330" step="2"/><V91/><F91/><N who="3" m="51599" /><G87/><T63/><D124/><U76/><E76/><AGARI ba="0,1" hai="42,44,48,56,58,76,82,86" m="51599,17911" machi="76" ten="30,1500,0" yaku="8,1" doraHai="29" who="3" fromWho="1" sc="141,0,233,-15,286,0,330,25" owari="141,-36.0,218,-18.0,286,9.0,355,45.0" /></mjloggm>