<mjloggm ver="2.3"><GO type="185" lobby="0"/><UN n0="%E9%AC%BC" n1="%E3%81%97%E3%82%87%E3%81%86%E3%81%90%E3%82%93%EF%BC%94" n2="%E5%A4%9A%E6%9E%97%E6%99%8B" n3="" dan="17,17,16,0" rate="2268.54,2217.45,2186.85,1500.00" sx="F,M,M,C"/><TAIKYOKU oya="0"/><INIT seed="0,0,0,2,2,77" ten="350,350,350,0" oya="0" hai0="33,2,92,44,123,76,107,79,110,81,42,103,88" hai1="73,114,131,72,120,45,83,116,86,75,51,94,129" hai2="78,135,46,93,89,112,101,100,52,66,34,90,119" hai3=""/><T0/><N who="0" m="31520" /><T124/><D33/><U134/><N who="1" m="30752" /><U82/><E116/><V47/><F34/><T106/><D79/><U37/><E37/><V108/><F112/><T69/><D69/><U62/><E62/><V50/><F119/><T59/><D59/><U56/><E56/><V48/><F135/><T105/><D124/><U3/><E3/><V97/><F108/><T102/><D110/><U125/><E134/><V1/><F1/><T84/><D0/><U57/><E57/><V115/><F115/><T71/><D71/><U104/><E104/><V41/><F78/><T122/><N who="0" m="31264" /><T133/><D133/><U109/><E125/><V58/><F100/><T60/><D60/><AGARI ba="0,0" hai="41,46,47,48,50,52,58,60,66,89,90,93,97,101" machi="60" ten="40,2600,0" yaku="8,1,54,1" doraHai="77" who="2" fromWho="0" sc="350,-26,350,0,350,26,0,0" /><INIT seed="1,0,0,1,1,92" ten="324,350,376,0" oya="1" hai0="93,63,122,64,119,42,111,41,110,75,74,84,129" hai1="104,118,105,81,126,77,36,124,67,114,97,62,33" hai2="59,55,108,0,107,43,80,52,45,127,121,133,96" hai3=""/><U57/><E114/><V98/><N who="2" m="31008" /><V130/><F0/><T109/><N who="0" m="31264" /><T70/><D129/><U37/><E118/><V71/><F71/><T61/><D61/><U103/><E33/><V102/><F130/><T35/><D35/><U47/><E105/><V100/><F133/><T83/><D119/><U117/><E117/><V66/><F108/><T87/><D87/><U76/><E76/><V46/><F127/><N who="1" m="48681" /><E47/><V79/><F66/><T85/><D85/><AGARI ba="0,0" hai="36,37,57,62,67,77,81,85,97,103,104" m="48681" machi="85" ten="30,2900,0" yaku="18,1,52,1" doraHai="92" who="1" fromWho="0" sc="324,-29,350,29,376,0,0,0" /><INIT seed="1,1,0,0,2,87" ten="295,379,376,0" oya="1" hai0="103,63,98,120,45,47,97,78,32,59,54,82,65" hai1="53,110,37,129,115,81,85,100,73,75,95,132,91" hai2="80,101,134,64,112,57,43,126,2,116,41,34,56" hai3=""/><U50/><E115/><V74/><F116/><T72/><N who="0" m="30752" /><T33/><D98/><U114/><E114/><V102/><F112/><T119/><D119/><U44/><E132/><V35/><F2/><T104/><REACH who="0" step="1"/><D65/><REACH who="0" ten="285,379,376,0" step="2"/><U46/><E129/><V117/><F64/><T89/><D89/><U113/><E113/><V125/><F117/><T118/><D118/><U40/><REACH who="1" step="1"/><E110/><REACH who="1" ten="285,369,376,0" step="2"/><V108/><F108/><T77/><D77/><U49/><E49/><V86/><F134/><T1/><D1/><U39/><E39/><V51/><F51/><T121/><N who="0" m="31008" /><T83/><D83/><U124/><E124/><V52/><F80/><T96/><D96/><AGARI ba="1,2" hai="37,40,44,46,50,53,73,75,81,85,91,95,96,100" machi="96" ten="40,3900,0" yaku="1,1,52,1,53,0" doraHai="87" doraHaiUra="135" who="1" fromWho="0" sc="285,-41,369,61,376,0,0,0" /><INIT seed="1,2,0,1,1,105" ten="244,430,376,0" oya="1" hai0="121,54,55,69,112,67,41,119,82,108,81,51,129" hai1="35,122,135,80,111,104,120,133,92,101,53,88,132" hai2="84,46,43,117,85,94,32,86,77,38,83,40,0" hai3=""/><U126/><N who="1" m="30752" /><U75/><N who="1" m="31264" /><U36/><E35/><V124/><F32/><T52/><N who="0" m="31008" /><T61/><D112/><U106/><E36/><V39/><F0/><T63/><D129/><U47/><E126/><V98/><F117/><T123/><N who="0" m="31520" /><T73/><D82/><U49/><E101/><V65/><F65/><T93/><D93/><U48/><E48/><V58/><F58/><T95/><D95/><U107/><E111/><V74/><F124/><T3/><D3/><U114/><E114/><V125/><F125/><T109/><D119/><U130/><E130/><V99/><F94/><T110/><D41/><U100/><E100/><V96/><REACH who="2" step="1"/><F40/><REACH who="2" ten="244,430,366,0" step="2"/><T116/><D116/><U70/><E70/><V37/><AGARI ba="2,1" hai="37,38,39,43,46,74,77,83,84,85,86,96,98,99" machi="37" ten="40,6000,1" yaku="1,1,2,1,0,1,52,1,53,0" doraHai="105" doraHaiUra="91" who="2" fromWho="2" sc="244,-22,430,-42,366,74,0,0" /><INIT seed="2,0,0,5,5,110" ten="222,388,440,0" oya="2" hai0="121,39,64,37,89,53,133,98,114,116,113,51,0" hai1="59,49,76,95,56,99,50,80,44,61,35,46,86" hai2="65,115,129,93,100,109,69,72,94,47,2,40,57" hai3=""/><V83/><F2/><T108/><N who="0" m="31008" /><T123/><N who="0" m="31520" /><T131/><D116/><U125/><E35/><V105/><F69/><T77/><D108/><U62/><E125/><V34/><F34/><T134/><D0/><U90/><E46/><V68/><F68/><T104/><D77/><U79/><E76/><V111/><F129/><T97/><D64/><U82/><E82/><V112/><F109/><T67/><D67/><U122/><N who="1" m="31264" /><U102/><E102/><V118/><F118/><T43/><D43/><U117/><E117/><V87/><F72/><T88/><D104/><U55/><REACH who="1" step="1"/><E44/><REACH who="1" ten="222,378,440,0" step="2"/><V96/><F111/><T127/><D127/><U58/><E58/><V130/><F130/><T126/><D126/><U70/><E70/><V107/><F105/><T33/><D131/><U92/><E92/><V63/><F94/><T103/><D103/><U128/><E128/><V45/><F107/><T75/><D33/><U66/><AGARI ba="0,1" hai="49,50,55,56,59,61,62,66,79,80,86,90,95,99" m="31264" machi="66" ten="20,6000,1" yaku="1,1,0,1,7,1,8,1,52,1,53,0" doraHai="110" doraHaiUra="42" who="1" fromWho="1" sc="222,-20,378,70,440,-40,0,0" /><INIT seed="4,0,0,1,0,91" ten="202,448,400,0" oya="0" hai0="85,122,66,62,125,117,3,32,97,67,45,103,49" hai1="84,100,112,55,121,74,71,102,48,81,0,124,37" hai2="44,78,131,114,119,105,60,69,58,133,132,53,59" hai3=""/><T73/><N who="0" m="31264" /><T120/><N who="0" m="30752" /><T79/><D117/><U123/><N who="1" m="31008" /><U75/><N who="1" m="31520" /><U99/><E37/><V113/><F105/><T35/><D3/><U104/><E71/><V86/><F119/><T116/><D116/><U127/><E102/><V43/><F131/><T41/><D73/><U40/><E40/><V56/><F78/><T107/><D125/><N who="1" m="48203" /><E112/><N who="2" m="43115" /><F86/><T64/><REACH who="0" step="1"/><D62/><REACH who="0" ten="192,448,400,0" step="2"/><U1/><E75/><V109/><F109/><T42/><D42/><U89/><E74/><V135/><F69/><T106/><D106/><U61/><E61/><V68/><F68/><T72/><D72/><U111/><E111/><V36/><AGARI ba="0,1" hai="36,43,44,53,56,58,59,60,132,133,135" m="43115" machi="36" ten="40,6000,1" yaku="20,1,15,1,34,2" doraHai="91" who="2" fromWho="2" sc="192,-40,448,-20,400,70,0,0" /><INIT seed="5,0,0,2,5,117" ten="152,428,470,0" oya="1" hai0="72,108,35,109,122,74,98,37,57,63,32,133,107" hai1="40,92,101,0,87,79,84,66,93,90,45,56,116" hai2="115,73,135,77,53,39,75,121,36,62,114,82,52" hai3=""/><U120/><N who="1" m="30752" /><U95/><E116/><V51/><N who="2" m="31008" /><V48/><F135/><T67/><N who="0" m="31264" /><T47/><D133/><U86/><E0/><V38/><F73/><T42/><D74/><U68/><E68/><V85/><F75/><T88/><D72/><U58/><E101/><V132/><F132/><T102/><REACH who="0" step="1"/><D88/><REACH who="0" ten="142,428,470,0" step="2"/><U110/><E79/><V55/><F62/><T118/><D118/><U43/><E90/><V44/><F44/><T41/><D41/><U134/><E134/><V124/><F124/><T33/><AGARI ba="0,1" hai="32,33,35,37,42,47,57,63,67,98,102,107,108,109" m="31264" machi="33" ten="30,5900,0" yaku="1,1,0,1,52,2,53,0" doraHai="117" doraHaiUra="131" who="0" fromWho="0" sc="142,69,428,-39,470,-20,0,0" /><INIT seed="6,0,0,5,0,69" ten="211,389,450,0" oya="2" hai0="117,57,34,100,93,82,37,98,32,115,105,75,55" hai1="128,90,77,76,119,135,103,44,46,114,52,95,97" hai2="111,116,87,2,43,40,91,121,89,68,51,125,45" hai3=""/><V96/><N who="2" m="31008" /><V36/><F2/><T50/><D117/><U124/><E119/><V108/><F116/><T74/><D74/><U33/><E33/><V123/><N who="2" m="31520" /><V127/><F68/><T84/><D115/><U130/><E114/><V62/><F62/><T120/><N who="0" m="30752" /><T49/><D49/><U112/><E112/><V59/><F59/><T72/><D72/><U104/><E135/><V47/><F96/><T1/><D1/><U133/><E133/><V53/><F40/><T0/><D0/><U102/><E124/><N who="2" m="47691" /><F91/><T78/><REACH who="0" step="1"/><D37/><REACH who="0" ten="201,389,450,0" step="2"/><U94/><E130/><V38/><F36/><T88/><AGARI ba="0,1" hai="32,34,50,55,57,75,78,82,84,88,93,98,100,105" m="30752" machi="88" ten="30,12000,3" yaku="1,1,2,1,0,1,24,2,52,1,54,1,53,1" doraHai="69" doraHaiUra="99" who="0" fromWho="0" sc="201,130,389,-40,450,-80,0,0" /><INIT seed="8,0,0,0,5,83" ten="331,349,370,0" oya="0" hai0="133,77,99,123,122,48,41,94,108,43,85,69,64" hai1="82,39,98,70,97,104,73,57,59,112,89,63,110" hai2="58,50,95,49,96,117,54,113,37,101,76,79,103" hai3=""/><T38/><N who="0" m="31264" /><T40/><N who="0" m="31520" /><T81/><D38/><U47/><E110/><V80/><F37/><T109/><D133/><U3/><E3/><V128/><F113/><T87/><D87/><U107/><E70/><V100/><F128/><T35/><D35/><U60/><E39/><V105/><F117/><T67/><D48/><U0/><E73/><V120/><N who="2" m="30752" /><V135/><F135/><T106/><D106/><U131/><E82/><V71/><F71/><T121/><N who="0" m="31008" /><T130/><D130/><U134/><E131/><V119/><F119/><T78/><D78/><N who="2" m="29738" /><F80/><T53/><D53/><U46/><E134/><V125/><F125/><T114/><D114/><U68/><E112/><V72/><F72/><T93/><D93/><U91/><E0/><V32/><F105/><T127/><D127/><U118/><E118/><V44/><F32/><T42/><N who="0" m="10240" /><DORA hai="86" /><T33/><D33/><U51/><E51/><V75/><F75/><T124/><D124/><U1/><E1/><V66/><F49/><T102/><D69/><U74/><E68/><V34/><F34/><T116/><D116/><U132/><E132/><V45/><F66/><T61/><D67/><U90/><E74/><V129/><F129/><T62/><D64/><RYUUKYOKU ba="0,0" sc="331,10,349,-20,370,10,0,0" hai0="61,62,77,81,85,94,99,102,108,109" hai2="44,45,50,54,58,95,96,100,101,103" /><INIT seed="8,1,0,0,2,47" ten="341,329,380,0" oya="0" hai0="33,85,108,63,119,55,93,95,62,82,72,67,89" hai1="37,116,109,94,114,65,104,53,88,45,118,125,39" hai2="56,74,130,87,132,91,92,101,83,98,112,57,1" hai3=""/><T79/><D33/><U105/><E109/><V131/><F1/><T123/><N who="0" m="31520" /><T46/><D108/><U133/><E114/><V61/><F112/><T66/><D119/><N who="1" m="45611" /><E133/><V81/><F132/><T127/><D127/><U111/><E111/><V69/><F69/><T50/><REACH who="0" step="1"/><D95/><REACH who="0" ten="331,329,380,0" step="2"/><U126/><E105/><V54/><REACH who="2" step="1"/><F57/><REACH who="2" ten="331,329,370,0" step="2"/><T60/><AGARI ba="1,2" hai="46,50,55,60,62,63,66,67,72,79,82,85,89,93" m="31520" machi="60" ten="30,12000,2" yaku="1,1,2,1,0,1,52,2,53,1" doraHai="47" doraHaiUra="117" who="0" fromWho="0" sc="331,142,329,-61,370,-61,0,0" owari="473,42.0,268,-33.0,309,-9.0,0,0.0" /></mjloggm>