<mjloggm ver="2.3"><GO type="225" lobby="0"/><UN n0="%E9%95%B7%E5%B3%B6%E3%83%B3%E3%82%AC%E3%83%B3" n1="%E3%83%98%E3%82%AF%E3%82%B5%E3%83%BC" n2="%E6%9D%A5%E9%80%B1%E3%81%AE%E7%B3%B8%E4%BA%95" n3="%E9%9F%93%E8%A1%9B%E9%9D%92" dan="17,16,16,16" rate="2159.60,2106.09,2152.92,2194.00" sx="M,M,M,F"/><TAIKYOKU oya="0"/><INIT seed="0,0,0,1,5,17" ten="250,250,250,250" oya="0" hai0="78,23,57,80,11,28,26,84,120,85,91,1,50" hai1="60,125,88,90,98,99,32,12,10,40,94,101,38" hai2="95,71,106,70,39,43,83,81,82,75,66,54,7" hai3="25,92,77,104,130,87,129,123,100,74,15,118,64"/><T16/><D120/><U117/><E117/><V8/><F106/><W27/><G118/><T58/><D50/><U127/><E32/><V67/><F75/><W135/><G64/><T44/><D44/><N who="1" m="23575" /><E60/><V37/><F54/><W20/><G123/><T119/><D119/><U73/><E73/><V68/><F95/><W132/><G104/><T53/><D53/><U134/><E134/><N who="3" m="51242" /><G74/><T48/><D48/><U52/><E52/><V69/><N who="2" m="17408" /><DORA hai="47" /><V46/><REACH who="2" step="1"/><F37/><REACH who="2" ten="250,250,240,250" step="2"/><W86/><G129/><T115/><D115/><U105/><E105/><V33/><F33/><W111/><G130/><T61/><D61/><U5/><E98/><V19/><F19/><N who="3" m="10367" /><G111/><T0/><D58/><U97/><E99/><V107/><F107/><W13/><G100/><T29/><D57/><U76/><E101/><V63/><F63/><W45/><G92/><T35/><D35/><U133/><E133/><V55/><F55/><W22/><G45/><T110/><D110/><U56/><E94/><V79/><F79/><W14/><G77/><T31/><REACH who="0" step="1"/><D11/><REACH who="0" ten="240,250,240,250" step="2"/><U59/><E10/><V113/><F113/><W41/><G41/><T72/><D72/><U6/><E59/><V49/><F49/><W131/><G131/><T24/><D24/><U34/><E56/><V108/><F108/><W4/><G27/><T93/><AGARI ba="0,2" hai="0,1,16,23,26,28,29,31,78,80,84,85,91,93" machi="93" ten="30,11700,0" yaku="1,1,0,1,52,1,54,1,53,0" doraHai="17,47" doraHaiUra="42,116" who="0" fromWho="0" sc="240,137,250,-39,240,-39,250,-39" /><INIT seed="0,1,0,2,2,61" ten="377,211,201,211" oya="0" hai0="132,63,79,119,3,100,38,95,54,26,75,55,130" hai1="8,92,49,17,71,1,43,66,111,64,103,106,128" hai2="89,131,85,134,25,62,5,121,78,50,27,0,20" hai3="4,67,117,53,33,99,96,13,114,2,118,32,77"/><T126/><D119/><U59/><E71/><V109/><F121/><W133/><G114/><T68/><D38/><U97/><E111/><V116/><F109/><W47/><G2/><T37/><D37/><U102/><E128/><V112/><F112/><W12/><G77/><T28/><D3/><U80/><E106/><V48/><F131/><W129/><G129/><T36/><D36/><U42/><E80/><V104/><F134/><W87/><G87/><T46/><D130/><U94/><E1/><V73/><F116/><W107/><G133/><T101/><D126/><U23/><E8/><V127/><F127/><W39/><G39/><T34/><D75/><U57/><E49/><V58/><F104/><W56/><G107/><T65/><D79/><U123/><E123/><V29/><F25/><W22/><G22/><T11/><D132/><U60/><E17/><V135/><F135/><W35/><G4/><T72/><D72/><U40/><E23/><V93/><F5/><W98/><G47/><T15/><D46/><U86/><E86/><N who="2" m="52407" /><F0/><W21/><G21/><T74/><D74/><U124/><E124/><V10/><F10/><W24/><G24/><T113/><D113/><U18/><E18/><V7/><F7/><W125/><G125/><T110/><D110/><U30/><E30/><V90/><F78/><W6/><G6/><N who="0" m="3575" /><D95/><N who="1" m="58687" /><E103/><V19/><F73/><W122/><G122/><T31/><D28/><U44/><E44/><V51/><F29/><W81/><G118/><T52/><D100/><U88/><E88/><V105/><F105/><W70/><G117/><T108/><D108/><RYUUKYOKU ba="1,0" sc="377,15,211,15,201,-15,211,-15" hai0="26,31,34,52,54,55,63,65,68,101" hai1="40,42,43,57,59,60,64,66,92,94" /><INIT seed="0,2,0,1,1,62" ten="392,226,186,196" oya="0" hai0="56,132,131,61,40,24,43,129,20,41,118,74,1" hai1="64,89,122,81,119,85,19,0,105,80,113,31,82" hai2="5,121,38,59,15,42,68,104,63,53,134,10,48" hai3="23,17,71,117,128,91,123,78,34,6,115,21,12"/><T99/><D118/><U11/><E122/><V112/><F121/><W107/><G123/><T87/><D74/><U13/><E119/><V70/><F112/><W133/><G117/><T60/><D132/><U7/><E113/><V30/><F134/><W3/><G107/><T14/><D1/><U110/><E110/><V67/><F104/><W18/><G78/><T90/><D14/><U94/><E105/><V2/><F30/><W52/><G115/><T116/><D99/><U102/><E102/><V73/><F73/><W29/><G71/><T124/><D116/><U28/><REACH who="1" step="1"/><E64/><REACH who="1" ten="392,216,186,196" step="2"/><V27/><F27/><N who="3" m="18751" /><G133/><T100/><D100/><U101/><E101/><V109/><F109/><W32/><G128/><T96/><D129/><U92/><E92/><V98/><F98/><W26/><G91/><T88/><D131/><U66/><E66/><V22/><F70/><W130/><G130/><T127/><D96/><U75/><E75/><V103/><F103/><W120/><G120/><T55/><D90/><U35/><E35/><V25/><F68/><W93/><G93/><N who="0" m="54431" /><D124/><U4/><E4/><V54/><F5/><W114/><G114/><T84/><D127/><U95/><E95/><V16/><F67/><W37/><G32/><T125/><D125/><U83/><N who="1" m="20992" /><DORA hai="77" /><U8/><AGARI ba="2,1" hai="0,7,8,11,13,19,28,31,85,89,94" m="20992" machi="8" ten="40,12000,2" yaku="1,1,4,1,0,1,52,4,53,0" doraHai="62,77" doraHaiUra="50,106" who="1" fromWho="1" sc="392,-62,216,136,186,-32,196,-32" /><INIT seed="1,0,0,4,0,8" ten="330,352,154,164" oya="1" hai0="95,57,20,44,56,0,31,63,29,104,92,3,106" hai1="27,17,43,30,54,23,120,83,133,74,4,128,69" hai2="88,71,41,117,15,73,2,49,50,28,112,122,10" hai3="124,18,101,93,90,47,65,123,34,118,19,98,51"/><U7/><E120/><V12/><F117/><W87/><G123/><T48/><D20/><U84/><E74/><V42/><F122/><W135/><G118/><T129/><D48/><N who="2" m="18538" /><F2/><W38/><G34/><T134/><D134/><U100/><E128/><V111/><F71/><W94/><G135/><T91/><D63/><U11/><E133/><V72/><F72/><W78/><G124/><T125/><D125/><U81/><E69/><V79/><F73/><W13/><G38/><T121/><D121/><U53/><E43/><N who="2" m="16395" /><F111/><W130/><G130/><T89/><REACH who="0" step="1"/><D129/><REACH who="0" ten="320,352,154,164" step="2"/><U39/><E23/><V126/><F126/><W66/><G78/><T32/><D32/><U127/><E127/><V9/><F112/><W14/><G51/><T61/><D61/><U110/><E54/><V116/><F116/><W25/><G47/><AGARI ba="0,1" hai="0,3,29,31,44,47,56,57,89,91,92,95,104,106" machi="47" ten="25,3200,0" yaku="1,1,22,2,53,0" doraHai="8" doraHaiUra="37" who="0" fromWho="3" sc="320,42,352,0,154,0,164,-32" /><BYE who="3" /><UN n3="%E9%9F%93%E8%A1%9B%E9%9D%92" /><INIT seed="2,0,0,3,4,98" ten="362,352,154,132" oya="2" hai0="97,45,126,127,79,12,25,101,52,109,33,120,30" hai1="3,29,77,110,44,68,135,105,128,134,5,65,64" hai2="55,66,132,54,19,111,8,42,2,76,48,17,40" hai3="118,102,63,103,28,47,16,124,131,58,26,108,123"/><V37/><F132/><N who="1" m="50729" /><E110/><V73/><F111/><W115/><G108/><T113/><D109/><U80/><E68/><V21/><F66/><W39/><G118/><T87/><D113/><U38/><E29/><V106/><F106/><W71/><G123/><T89/><D79/><U90/><E90/><V82/><F37/><W72/><G72/><T22/><D120/><U18/><E18/><V91/><F91/><W0/><G0/><T56/><D45/><U51/><E38/><V31/><F31/><W59/><G115/><T74/><D74/><N who="1" m="43063" /><E105/><V15/><F54/><W119/><G119/><T43/><D43/><N who="1" m="24991" /><E128/><V20/><F2/><W35/><G131/><T67/><D67/><U75/><E75/><V99/><F99/><W112/><G112/><T61/><D12/><U116/><E116/><V1/><F1/><W95/><G124/><N who="0" m="47659" /><D33/><U104/><E104/><V69/><F69/><W53/><G71/><T24/><D24/><U7/><E7/><V34/><F34/><W81/><G81/><N who="0" m="49391" /><D97/><U130/><E130/><V4/><F4/><W32/><G32/><T60/><D60/><U6/><E6/><V27/><REACH who="2" step="1"/><F21/><REACH who="2" ten="362,352,144,132" step="2"/><W14/><G95/><T94/><D94/><U114/><E114/><V23/><F23/><W86/><G39/><T41/><D41/><U49/><E5/><V10/><F10/><W117/><G117/><T50/><D22/><U133/><E3/><V122/><F122/><W36/><G36/><T107/><D30/><U96/><E96/><V129/><F129/><W88/><G28/><T70/><D70/><U46/><E133/><V85/><F85/><RYUUKYOKU ba="0,1" sc="362,-15,352,15,144,15,132,-15" hai1="46,49,64,65" hai2="8,15,17,19,20,27,40,42,48,55,73,76,82" /><INIT seed="2,1,1,1,0,46" ten="347,367,159,117" oya="2" hai0="108,48,37,133,123,0,43,128,96,63,99,39,44" hai1="69,104,124,56,33,19,27,70,112,51,126,100,85" hai2="32,42,84,105,38,35,90,116,86,110,13,83,115" hai3="82,68,121,64,11,102,88,3,93,60,107,119,6"/><V81/><F115/><W132/><G119/><T118/><D123/><U21/><E112/><V59/><F116/><W79/><G132/><T49/><D118/><U113/><E113/><V47/><F110/><W122/><G93/><T130/><D108/><U14/><E104/><V31/><F105/><W80/><G80/><T87/><D133/><U135/><E135/><V125/><F125/><N who="1" m="48233" /><E100/><V20/><F59/><W45/><G45/><N who="0" m="25791" /><D0/><U41/><E85/><V62/><F62/><W2/><G2/><T73/><D87/><U34/><E41/><V95/><F95/><W28/><G28/><T91/><D73/><U4/><E4/><V94/><F94/><W18/><G18/><T58/><D91/><U134/><E134/><V15/><F15/><W57/><G57/><T67/><D96/><U16/><E33/><V127/><F127/><W1/><G1/><T114/><D99/><U97/><E97/><V71/><F71/><N who="1" m="27145" /><E34/><V52/><F35/><W117/><G117/><T5/><D5/><U12/><E19/><V55/><F32/><W8/><G88/><T25/><D114/><U106/><E106/><V92/><F92/><W74/><REACH who="3" step="1"/><G11/><REACH who="3" ten="347,367,159,107" step="2"/><T10/><D10/><U109/><E109/><V76/><REACH who="2" step="1"/><F31/><REACH who="2" ten="347,367,149,107" step="2"/><W17/><G17/><AGARI ba="1,3" hai="13,17,20,38,42,47,52,55,76,81,83,84,86,90" machi="17" ten="40,7700,0" yaku="1,1,2,1,54,1,53,0" doraHai="46" doraHaiUra="30" who="2" fromWho="3" sc="347,0,367,0,149,110,107,-80" /><INIT seed="2,2,0,1,1,51" ten="347,367,259,27" oya="2" hai0="44,11,2,35,31,71,79,121,60,41,32,131,85" hai1="23,125,97,122,22,0,112,47,6,118,7,129,34" hai2="68,130,67,70,76,84,87,27,115,91,102,110,124" hai3="99,3,5,8,20,66,89,52,4,57,101,72,54"/><V39/><F115/><W105/><G72/><T106/><D106/><U117/><E112/><V40/><F124/><W38/><G38/><T56/><D71/><U119/><E97/><V98/><F130/><W88/><G5/><N who="1" m="1546" /><E47/><V80/><F110/><W104/><G104/><T126/><D2/><U17/><E125/><V81/><F67/><W111/><G111/><T46/><D11/><U21/><E0/><V36/><F27/><W113/><G113/><T61/><D41/><U103/><E103/><V92/><REACH who="2" step="1"/><F40/><REACH who="2" ten="347,367,249,27" step="2"/><W33/><G33/><T10/><D131/><U42/><E129/><V64/><F64/><W114/><G114/><T48/><D126/><U53/><E42/><V100/><F100/><W58/><G20/><N who="1" m="7786" /><E34/><V59/><F59/><W63/><REACH who="3" step="1"/><G66/><REACH who="3" ten="347,367,249,17" step="2"/><T43/><D32/><U133/><E23/><V134/><F134/><W128/><G128/><T73/><D35/><U12/><E133/><V94/><F94/><W45/><G45/><T86/><D46/><U82/><E118/><V107/><F107/><W25/><G25/><T108/><D108/><U120/><E119/><V55/><F55/><W62/><AGARI ba="2,2" hai="3,4,8,52,54,57,58,62,63,88,89,99,101,105" machi="62" ten="20,16000,3" yaku="1,1,0,1,7,1,9,1,52,2,54,2,53,0" doraHai="51" doraHaiUra="83" who="3" fromWho="3" sc="347,-42,367,-42,249,-82,17,186" /><INIT seed="3,0,0,3,0,103" ten="305,325,167,203" oya="3" hai0="60,54,47,89,124,74,82,1,134,105,23,121,51" hai1="75,34,27,108,9,91,53,6,42,16,62,26,18" hai2="38,21,30,79,22,102,64,122,123,112,71,48,132" hai3="107,131,116,81,83,104,33,109,93,37,101,0,58"/><W98/><G37/><T114/><D121/><N who="2" m="46090" /><F38/><W95/><G0/><T41/><D1/><U133/><E75/><V110/><F112/><W66/><G33/><T69/><D124/><U135/><E42/><V4/><F79/><W2/><G2/><T5/><D5/><U32/><E108/><V29/><F4/><W63/><G116/><T111/><D111/><U13/><E91/><V99/><F110/><W87/><G109/><T127/><D127/><U40/><E40/><V15/><F48/><W46/><G131/><T52/><D114/><U36/><E36/><V117/><F117/><W59/><G46/><T39/><D134/><N who="1" m="51211" /><E32/><V44/><F44/><W126/><G126/><T113/><D113/><U84/><E84/><V70/><F132/><W14/><G14/><T120/><D120/><U11/><E34/><V7/><F7/><W8/><G8/><T80/><D74/><U119/><E119/><V19/><F22/><W118/><G118/><T56/><D23/><U24/><E9/><V86/><F86/><W49/><G93/><T10/><D10/><U61/><E61/><N who="2" m="40207" /><F71/><W3/><G3/><T45/><D69/><U78/><E78/><V57/><F57/><AGARI ba="0,0" hai="6,11,13,16,18,24,26,27,53,57,62" m="51211" machi="57" ten="30,2000,0" yaku="20,1,54,1" doraHai="103" who="1" fromWho="2" sc="305,0,325,20,167,-20,203,0" owari="305,11.0,345,44.0,147,-35.0,203,-20.0" /></mjloggm>