<mjloggm ver="2.3"><GO type="185" lobby="0"/><UN n0="%E3%81%97%E3%82%87%E3%81%86%E3%81%90%E3%82%93%EF%BC%94" n1="%E5%A4%9A%E6%9E%97%E6%99%8B" n2="%74%61%6B%61%2D%31%31%36" n3="" dan="17,16,16,0" rate="2211.49,2187.04,2139.23,1500.00" sx="M,M,M,C"/><TAIKYOKU oya="0"/><INIT seed="0,0,0,3,4,119" ten="350,350,350,0" oya="0" hai0="80,73,116,91,97,95,110,135,107,128,134,83,72" hai1="57,98,111,45,52,38,103,71,117,74,34,37,62" hai2="131,2,3,100,99,78,133,101,69,102,127,113,93" hai3=""/><T67/><D116/><U122/><N who="1" m="31264" /><U60/><E34/><V90/><F113/><T130/><D67/><U56/><E117/><V126/><F69/><T125/><D110/><U84/><E74/><N who="0" m="28777" /><D125/><N who="2" m="47626" /><F3/><T94/><D107/><U0/><E0/><V39/><F39/><T115/><D115/><U49/><E111/><V76/><F2/><T55/><D55/><U33/><E84/><V53/><F53/><T75/><D95/><U114/><E33/><V92/><F131/><N who="0" m="50218" /><D75/><U96/><E114/><V86/><F133/><AGARI ba="0,0" hai="80,83,91,94,97,133,134,135" m="50218,28777" machi="133" ten="40,12000,1" yaku="20,1,19,1,34,2" doraHai="119" who="0" fromWho="2" sc="350,120,350,0,350,-120,0,0" /><INIT seed="0,1,0,5,0,46" ten="470,350,230,0" oya="0" hai0="88,131,130,47,52,78,135,113,74,44,126,114,70" hai1="72,64,2,99,120,40,92,69,63,98,115,55,107" hai2="61,101,95,59,67,68,48,86,134,56,75,82,97" hai3=""/><T96/><D70/><U37/><N who="1" m="30752" /><U38/><E2/><V129/><F129/><N who="0" m="49162" /><D135/><U89/><E72/><V0/><F0/><T102/><D126/><U124/><E124/><V58/><F75/><T81/><D88/><U111/><E111/><V104/><F104/><T33/><D33/><U119/><E119/><V100/><F100/><T122/><N who="0" m="31264" /><T49/><D44/><U50/><E115/><V54/><REACH who="2" step="1"/><F134/><REACH who="2" ten="470,350,220,0" step="2"/><T128/><D128/><U73/><E73/><V132/><F132/><T76/><D76/><AGARI ba="1,1" hai="48,54,56,58,59,61,67,68,76,82,86,95,97,101" machi="76" ten="30,3900,0" yaku="1,1,7,1,52,1,53,0" doraHai="46" doraHaiUra="41" who="2" fromWho="0" sc="470,-41,350,0,220,51,0,0" /><INIT seed="1,0,0,0,2,133" ten="429,350,271,0" oya="1" hai0="60,88,77,96,124,73,52,79,80,111,102,33,53" hai1="114,41,74,32,63,105,127,113,134,106,57,119,103" hai2="58,93,131,39,87,128,117,1,44,69,121,118,104" hai3=""/><U66/><E32/><V35/><N who="2" m="31008" /><V101/><F69/><T0/><D0/><U62/><E119/><V81/><F35/><T115/><D115/><U86/><E74/><V89/><F1/><T70/><D79/><U116/><E116/><N who="2" m="44651" /><F58/><T48/><D53/><U97/><E134/><V92/><F39/><T72/><D73/><U100/><E86/><V34/><F44/><T43/><D60/><U37/><E37/><V71/><F71/><T56/><D43/><U109/><E109/><V130/><F34/><T85/><D70/><U2/><E2/><V50/><F50/><T90/><D111/><U76/><E41/><V55/><F55/><T59/><D56/><U68/><E68/><V75/><F75/><T110/><D110/><U67/><E57/><V78/><F89/><T107/><D33/><U45/><E45/><V64/><F64/><T123/><N who="0" m="31520" /><T129/><D90/><U132/><E132/><V94/><F104/><T122/><D88/><U40/><E66/><V83/><F83/><T46/><D72/><U61/><E67/><V135/><F135/><T108/><D108/><U38/><E61/><V54/><F54/><T120/><D46/><U126/><E62/><V82/><F82/><T51/><D80/><RYUUKYOKU ba="0,0" sc="429,-10,350,-10,271,20,0,0" hai2="78,81,87,92,93,94,101,128,130,131" /><INIT seed="2,1,0,2,3,77" ten="419,340,291,0" oya="2" hai0="56,106,51,112,126,78,36,53,95,0,109,48,49" hai1="92,96,116,43,98,111,71,99,100,32,3,107,131" hai2="40,39,114,82,81,46,80,79,44,61,52,135,110" hai3=""/><V35/><F35/><T38/><D106/><U83/><E32/><V74/><F114/><T117/><D117/><U70/><E3/><V88/><F135/><T84/><D0/><U128/><E116/><V89/><F110/><T90/><D109/><U57/><E111/><V132/><F132/><T67/><D67/><U94/><E43/><V42/><F74/><T59/><D126/><U105/><E57/><V87/><F79/><T101/><D101/><U125/><E125/><V86/><F61/><T97/><D112/><U93/><E83/><V1/><F1/><T41/><D41/><U103/><REACH who="1" step="1"/><E98/><REACH who="1" ten="419,330,291,0" step="2"/><V68/><F68/><AGARI ba="1,1" hai="68,70,71,92,93,94,96,99,100,103,105,107,128,131" machi="68" ten="40,5200,0" yaku="1,1,2,1,9,1,53,0" doraHai="77" doraHaiUra="62" who="1" fromWho="2" sc="419,0,330,64,291,-54,0,0" /><INIT seed="4,0,0,2,4,130" ten="419,394,237,0" oya="0" hai0="74,58,82,106,34,80,101,95,37,107,35,84,125" hai1="67,70,91,116,122,119,86,126,102,39,3,66,123" hai2="114,56,83,77,100,98,47,65,32,69,135,45,105" hai3=""/><T79/><D37/><U103/><N who="1" m="31264" /><U99/><N who="1" m="31520" /><U76/><E3/><V124/><F32/><T1/><D1/><U78/><E39/><V49/><F114/><T48/><D34/><U110/><E110/><V57/><F124/><T71/><D71/><U127/><E70/><V55/><F69/><T111/><D35/><U134/><E134/><V43/><F65/><T46/><D58/><U2/><E2/><V128/><F128/><T63/><D63/><U121/><N who="1" m="31008" /><U40/><E40/><V85/><F135/><T94/><D125/><N who="1" m="47627" /><E66/><V89/><F77/><N who="1" m="29801" /><E67/><V115/><F115/><T61/><D61/><U52/><E52/><V88/><REACH who="2" step="1"/><F89/><REACH who="2" ten="419,394,227,0" step="2"/><T0/><D0/><U87/><E102/><V33/><F33/><T104/><D101/><U68/><E68/><V51/><AGARI ba="0,1" hai="43,45,47,49,51,55,56,57,83,85,88,98,100,105" machi="51" ten="20,3900,0" yaku="1,1,0,1,7,1,54,1,53,0" doraHai="130" doraHaiUra="120" who="2" fromWho="2" sc="419,-26,394,-13,227,49,0,0" /><INIT seed="5,0,0,3,1,96" ten="393,381,276,0" oya="1" hai0="0,95,97,122,127,131,92,72,124,53,94,103,118" hai1="63,100,109,88,39,71,65,68,67,115,78,55,56" hai2="110,102,121,83,69,80,87,36,59,119,32,93,114" hai3=""/><U98/><E109/><V99/><N who="2" m="31008" /><V51/><F32/><T84/><N who="0" m="31264" /><T82/><D0/><U42/><E115/><V57/><F110/><T85/><D118/><U123/><N who="1" m="31520" /><U106/><E78/><V130/><F36/><T35/><D35/><U70/><E42/><V45/><F119/><T77/><D53/><U120/><N who="1" m="30752" /><U50/><E39/><V48/><F69/><T75/><D131/><U74/><E74/><N who="0" m="28201" /><D85/><U89/><REACH who="1" step="1"/><E65/><REACH who="1" ten="393,371,276,0" step="2"/><V73/><F114/><T112/><D112/><U61/><E61/><V101/><F130/><T134/><D134/><U58/><AGARI ba="0,1" hai="50,55,56,58,63,67,68,70,71,88,89,98,100,106" m="30752,31520" machi="58" ten="30,16000,3" yaku="1,1,0,1,52,3,54,1,53,2" doraHai="96" doraHaiUra="52" who="1" fromWho="1" sc="393,-80,371,170,276,-80,0,0" /><INIT seed="5,1,0,1,3,86" ten="313,541,196,0" oya="1" hai0="131,132,120,129,33,77,68,84,114,56,82,64,107" hai1="59,35,76,54,37,69,67,53,118,43,134,109,117" hai2="106,96,71,100,46,62,125,110,48,85,1,60,55" hai3=""/><U65/><E35/><V88/><F110/><T75/><N who="0" m="30752" /><T81/><D33/><U113/><E109/><V0/><F125/><T74/><D68/><U97/><E113/><V105/><F105/><T44/><D114/><U50/><E76/><V119/><F119/><T111/><D111/><U45/><E97/><V133/><F133/><T38/><D107/><U108/><E108/><V66/><REACH who="2" step="1"/><F62/><REACH who="2" ten="313,541,186,0" step="2"/><T2/><D132/><U122/><N who="1" m="31264" /><U99/><E134/><V135/><F135/><T78/><D2/><U94/><E118/><V52/><F52/><T41/><D131/><U72/><E117/><V124/><F124/><T92/><D129/><U130/><E130/><V126/><F126/><T51/><D64/><U36/><E53/><V104/><F104/><T101/><D75/><U39/><E72/><V83/><AGARI ba="1,1" hai="0,1,46,48,55,60,66,71,83,85,88,96,100,106" machi="83" ten="20,6000,1" yaku="1,1,0,1,7,1,52,1,54,1,53,0" doraHai="86" doraHaiUra="127" who="2" fromWho="2" sc="313,-21,541,-41,186,72,0,0" /><INIT seed="6,0,0,0,3,83" ten="292,500,258,0" oya="2" hai0="124,127,2,65,98,91,105,68,79,63,120,131,32" hai1="43,57,61,52,84,130,81,108,95,135,77,101,115" hai2="70,126,75,54,3,64,39,37,90,67,107,47,113" hai3=""/><V112/><F3/><T73/><N who="0" m="30752" /><T51/><D32/><U123/><N who="1" m="31520" /><U71/><E108/><V102/><F75/><T125/><D2/><U36/><E115/><N who="2" m="44107" /><F107/><T59/><D131/><U35/><E35/><V45/><F102/><T55/><D105/><U41/><E130/><V110/><F90/><T134/><D134/><U88/><E71/><V92/><F92/><T121/><N who="0" m="31008" /><T94/><D73/><U118/><E118/><V111/><F126/><T106/><D106/><U33/><E33/><V114/><N who="2" m="44115" /><V0/><DORA hai="104" /><F0/><T38/><D38/><N who="2" m="14346" /><F54/><T76/><AGARI ba="0,0" hai="51,55,59,63,65,68,76,79,91,94,98,124,125,127" m="31008,30752" machi="76" ten="40,6000,1" yaku="0,1,18,1,52,2" doraHai="83,104" who="0" fromWho="0" sc="292,60,500,-20,258,-40,0,0" owari="352,-5.0,480,43.0,218,-38.0,0,0.0" /></mjloggm>