<mjloggm ver="2.3"><GO type="169" lobby="0"/><UN n0="%E9%96%A2%E3%82%B1%E5%8E%9F" n1="%E9%B4%A8%E8%91%B1%E5%A4%AA%E9%83%8E" n2="%E8%8A%B1%E6%BE%A4%E3%83%91%E3%82%AF%E3%83%81%E3%83%BC" n3="%E3%81%AF%E3%81%98%E3%82%81%E3%81%A3%E3%81%A1" dan="16,17,17,17" rate="2172.70,2166.68,2205.98,2215.98" sx="M,M,M,F"/><TAIKYOKU oya="0"/><INIT seed="0,0,0,3,2,58" ten="250,250,250,250" oya="0" hai0="6,92,10,85,80,25,102,83,125,123,72,101,89" hai1="121,118,105,106,11,27,78,127,99,28,4,59,51" hai2="110,57,69,60,126,77,2,20,52,104,131,113,33" hai3="48,111,117,42,71,62,74,14,50,29,47,41,16"/><T134/><D123/><U1/><E121/><V66/><F113/><W23/><G111/><T84/><D125/><U65/><E118/><V70/><F110/><W100/><G117/><T109/><D109/><U73/><E127/><V86/><F126/><W82/><G100/><T63/><D134/><U130/><E130/><V133/><F131/><W45/><G29/><T115/><D115/><U54/><E78/><V31/><F104/><W135/><G135/><T76/><D25/><U9/><E73/><V128/><F2/><W88/><G74/><T129/><D129/><U0/><E99/><V116/><F133/><W90/><REACH who="3" step="1"/><G82/><REACH who="3" ten="250,250,250,240" step="2"/><T26/><D72/><U55/><E28/><V67/><F128/><W87/><G87/><T119/><D119/><U34/><E105/><V96/><F116/><W19/><G19/><T38/><D80/><U93/><E106/><V103/><F86/><W81/><G81/><T43/><D84/><U37/><E93/><V30/><F31/><W108/><G108/><T12/><D83/><U13/><E4/><V36/><F30/><W49/><G49/><T64/><D76/><U122/><E51/><V124/><F124/><W46/><G46/><T56/><D101/><U107/><E107/><V132/><F132/><W91/><G91/><T7/><D102/><U22/><E122/><V114/><F114/><W8/><G8/><T32/><D6/><U75/><E75/><V17/><F103/><W120/><G120/><T21/><D7/><U97/><E11/><V5/><F5/><W3/><G3/><T53/><D10/><U35/><E9/><RYUUKYOKU ba="0,1" sc="250,-10,250,-10,250,-10,240,30" hai3="14,16,23,41,42,45,47,48,50,62,71,88,90" /><INIT seed="1,1,1,4,3,91" ten="240,240,240,270" oya="1" hai0="115,77,35,94,86,122,37,50,24,13,45,49,106" hai1="112,21,28,125,128,53,117,126,55,71,32,64,116" hai2="3,114,60,57,119,2,130,79,41,22,4,95,63" hai3="80,66,113,101,111,31,135,133,73,7,87,51,83"/><U14/><E32/><V12/><F119/><W131/><G113/><T61/><D115/><U78/><E78/><V81/><F114/><W76/><G111/><T67/><D106/><U54/><E112/><V92/><F130/><W68/><G131/><T104/><D104/><U11/><E128/><V70/><F41/><W9/><G101/><T118/><D118/><U121/><E121/><V0/><F70/><W110/><G110/><T56/><D122/><U97/><E97/><V85/><F60/><N who="3" m="40007" /><G31/><T59/><D37/><U82/><E82/><V124/><F124/><N who="1" m="47721" /><E64/><V100/><F100/><W132/><G51/><T108/><D108/><U26/><E71/><V40/><F40/><W107/><G107/><T72/><D72/><U30/><E30/><V34/><F34/><W93/><G93/><T16/><D77/><U62/><E62/><V33/><F33/><W74/><G83/><T20/><D50/><U99/><E99/><V19/><REACH who="2" step="1"/><F4/><AGARI ba="1,1" hai="4,11,14,21,26,28,53,54,55,116,117" m="47721" machi="4" ten="30,1500,0" yaku="18,1" doraHai="91" who="1" fromWho="2" sc="240,0,240,28,240,-18,270,0" /><INIT seed="1,2,0,2,5,87" ten="240,268,222,270" oya="1" hai0="91,31,94,110,104,128,113,109,48,54,24,125,2" hai1="38,55,127,98,39,116,34,12,120,47,10,72,8" hai2="62,100,42,15,60,121,106,63,82,102,124,51,77" hai3="28,79,64,95,130,5,93,103,46,14,66,16,65"/><U40/><E39/><V114/><F121/><W9/><G130/><T97/><D113/><U68/><E34/><V71/><F114/><W88/><G79/><T133/><D2/><U45/><E72/><V75/><F124/><W11/><G28/><T25/><D128/><U32/><E32/><V67/><F15/><N who="3" m="5551" /><G103/><T20/><D125/><U96/><E68/><V89/><F102/><W57/><G95/><T118/><D118/><U43/><E116/><V76/><F76/><W3/><G3/><T13/><D133/><U44/><E127/><V107/><F89/><W4/><G46/><T27/><D104/><U84/><E55/><V85/><F75/><W78/><G78/><T108/><REACH who="0" step="1"/><D13/><REACH who="0" ten="230,268,222,270" step="2"/><U1/><E1/><V101/><F107/><W58/><G4/><T90/><D90/><U73/><E12/><V105/><F106/><W86/><AGARI ba="2,1" hai="11,14,16,57,58,64,65,66,86,88,93" m="5551" machi="86" ten="30,7900,0" yaku="8,1,52,1,54,2" doraHai="87" who="3" fromWho="3" sc="230,-22,268,-41,222,-22,270,95" /><INIT seed="2,0,0,1,5,63" ten="208,227,200,365" oya="2" hai0="47,72,5,84,93,31,119,87,135,94,126,115,81" hai1="32,26,59,97,58,56,77,76,127,109,100,20,0" hai2="48,55,134,11,101,96,10,61,121,34,52,19,98" hai3="60,110,116,89,40,67,62,74,111,125,2,118,113"/><V124/><F121/><W99/><G2/><T117/><D5/><U38/><E38/><V129/><F129/><W28/><G74/><T95/><D31/><U9/><E32/><V108/><F124/><W30/><G125/><T79/><D47/><U33/><E33/><V8/><F134/><W102/><G89/><T105/><D126/><U70/><E70/><V86/><F34/><W83/><G83/><T45/><D45/><U133/><E133/><V18/><F108/><N who="3" m="41515" /><G40/><T44/><D44/><U120/><E120/><V39/><F39/><W131/><G131/><T16/><D135/><U112/><E112/><V107/><F86/><N who="0" m="32810" /><D16/><N who="2" m="6186" /><F101/><W36/><G36/><T42/><D42/><U4/><E127/><V29/><F29/><N who="3" m="11371" /><G60/><T25/><D25/><U130/><E130/><V64/><F107/><N who="3" m="63967" /><G113/><T128/><D128/><U71/><E109/><V73/><F73/><W14/><G14/><T82/><D115/><U122/><E26/><V12/><F12/><W91/><G91/><T23/><D105/><U132/><E132/><V65/><F48/><W3/><G3/><T35/><D35/><U50/><E50/><V46/><F46/><W104/><G104/><T41/><D41/><U13/><E122/><V103/><F103/><W57/><AGARI ba="0,0" hai="57,62,67,116,118" m="63967,11371,41515" machi="57" ten="30,2000,0" yaku="14,1,52,1" doraHai="63" who="3" fromWho="3" sc="208,-5,227,-5,200,-10,365,20" /><INIT seed="3,0,0,5,3,99" ten="203,222,190,385" oya="3" hai0="101,42,84,0,44,1,79,129,131,8,93,92,102" hai1="82,133,104,109,135,22,86,68,85,125,130,77,112" hai2="12,40,46,124,63,38,61,55,75,128,71,6,94" hai3="59,47,18,25,60,3,13,76,117,64,103,48,14"/><W90/><G3/><T113/><D113/><U23/><E68/><V58/><F75/><W111/><G117/><T39/><D0/><U78/><E112/><V31/><F128/><N who="0" m="49226" /><D79/><U70/><E70/><V54/><F124/><W100/><G76/><T132/><D132/><U118/><E104/><V53/><F31/><W88/><G111/><T37/><D37/><U17/><E130/><V120/><F120/><W26/><G26/><T10/><D10/><U116/><E17/><V89/><F71/><W121/><G25/><T30/><D30/><U41/><E41/><V98/><F63/><W29/><G29/><T24/><D24/><U56/><E56/><V96/><F96/><W34/><G34/><T19/><D19/><U20/><E109/><V95/><F95/><N who="0" m="36426" /><D84/><U2/><E2/><V123/><F123/><W21/><G14/><T122/><D122/><U127/><E23/><V65/><REACH who="2" step="1"/><F12/><REACH who="2" ten="203,222,180,385" step="2"/><W45/><G121/><T115/><D115/><U114/><E114/><V16/><F16/><W5/><G5/><AGARI ba="0,1" hai="1,5,8,39,42,44,101,102" m="36426,49226" machi="5" ten="30,3900,0" yaku="19,1,52,2" doraHai="99" who="0" fromWho="3" sc="203,49,222,0,180,0,385,-39" /><AGARI ba="0,0" hai="5,6,38,40,46,53,54,55,58,61,65,89,94,98" machi="5" ten="40,1300,0" yaku="1,1,53,0" doraHai="99" doraHaiUra="73" who="2" fromWho="3" sc="252,0,222,0,180,13,346,-13" /><INIT seed="4,0,0,3,1,125" ten="252,222,193,333" oya="0" hai0="132,119,42,89,48,90,27,111,22,57,107,87,127" hai1="108,84,102,91,99,44,7,114,11,85,61,24,25" hai2="33,47,67,19,21,39,15,72,129,77,109,13,55" hai3="73,76,6,43,36,106,105,5,100,113,82,86,103"/><T28/><D119/><U126/><E108/><V71/><F33/><W30/><G30/><T31/><D107/><N who="3" m="40969" /><G43/><T1/><D1/><U117/><E117/><V10/><F109/><W81/><G36/><T80/><D111/><U121/><E121/><V46/><F46/><W120/><G5/><T38/><D127/><U63/><E126/><V135/><F135/><W52/><G52/><N who="0" m="31879" /><D132/><U0/><E84/><V69/><F67/><W50/><G50/><T112/><D112/><U40/><E114/><V118/><F118/><W58/><G58/><T32/><D38/><U9/><E9/><V4/><F71/><W75/><G6/><T66/><D32/><U110/><E99/><V18/><F69/><W70/><G70/><T124/><D124/><U79/><E79/><V17/><F55/><W93/><G113/><T123/><D123/><U26/><E102/><N who="3" m="38954" /><G120/><T8/><D42/><U88/><E91/><V97/><F39/><W122/><G122/><T41/><D41/><U78/><E78/><V53/><F53/><W12/><G12/><T134/><D134/><U68/><E68/><V20/><F47/><W101/><G82/><T96/><D8/><U92/><REACH who="1" step="1"/><E110/><REACH who="1" ten="252,212,193,333" step="2"/><V51/><F10/><W2/><G2/><T65/><D31/><U29/><E29/><V35/><F4/><W23/><G23/><T128/><D28/><U60/><E60/><V83/><F21/><W49/><G75/><T115/><D115/><U130/><E130/><V95/><F20/><W45/><G73/><T56/><D128/><U34/><E34/><V3/><F129/><W131/><G131/><RYUUKYOKU ba="0,1" sc="252,-10,212,30,193,-10,333,-10" hai1="0,7,11,24,25,26,40,44,61,63,85,88,92" /><INIT seed="5,1,1,5,3,17" ten="242,242,183,323" oya="1" hai0="119,5,114,122,75,57,45,70,87,1,127,126,56" hai1="86,79,13,65,12,37,16,135,61,68,10,60,42" hai2="133,117,30,121,33,102,49,124,74,29,128,108,23" hai3="88,43,134,118,105,82,44,69,110,28,22,112,85"/><U93/><E135/><V59/><F74/><W125/><G110/><T66/><D75/><U104/><E104/><V58/><F108/><W107/><G69/><T120/><D5/><U11/><E37/><V97/><F33/><W129/><G134/><T19/><D87/><U24/><E42/><V76/><F121/><N who="0" m="46698" /><D1/><U71/><E24/><V132/><F117/><W48/><G112/><T83/><D83/><U109/><E109/><V91/><F76/><W94/><G129/><T2/><D2/><U18/><E79/><V15/><F91/><W130/><G130/><T35/><D19/><U116/><E116/><V9/><F128/><W78/><G125/><N who="0" m="47627" /><D35/><U7/><E7/><V47/><F124/><W34/><G34/><T20/><D20/><U98/><E86/><V40/><F30/><W73/><G118/><T14/><D14/><U123/><E123/><V8/><F8/><W21/><G28/><T101/><D101/><U52/><E52/><N who="2" m="29759" /><F132/><W55/><G107/><T31/><D31/><U62/><E71/><V80/><F40/><W36/><G105/><T100/><D100/><AGARI ba="1,1" hai="10,11,12,13,16,18,60,61,62,65,68,93,98,100" machi="100" ten="30,5800,0" yaku="7,1,9,1,54,1" doraHai="17" who="1" fromWho="0" sc="242,-61,242,71,183,0,323,0" /><INIT seed="5,2,0,1,3,69" ten="181,313,183,323" oya="1" hai0="47,4,0,25,128,74,117,16,107,87,80,27,7" hai1="109,108,3,70,38,85,112,120,15,31,59,103,121" hai2="119,113,110,11,2,72,65,24,45,132,100,49,33" hai3="67,39,64,102,97,30,61,123,32,6,135,105,35"/><U40/><E3/><V29/><F110/><N who="1" m="42601" /><E70/><V42/><F119/><W106/><G123/><T23/><D117/><U96/><E59/><V126/><F126/><W53/><G135/><T133/><D133/><U134/><E134/><V77/><F132/><W99/><G6/><T20/><D74/><U17/><E31/><V94/><F113/><W13/><G13/><T68/><D68/><U118/><E85/><V66/><F100/><W114/><G53/><T63/><D0/><U91/><E91/><V50/><F50/><W93/><G93/><T21/><D107/><N who="1" m="63975" /><E112/><V76/><F94/><W95/><G95/><T22/><D63/><U124/><E124/><V46/><F46/><W71/><G67/><T81/><D81/><U14/><E14/><V73/><F77/><W10/><G114/><T131/><D47/><N who="1" m="23959" /><E118/><V101/><F101/><W79/><G30/><T75/><D75/><U84/><E84/><V55/><F72/><W122/><G102/><T37/><D87/><U98/><E98/><V90/><F90/><W56/><G99/><T8/><D80/><U5/><E5/><N who="0" m="2121" /><D37/><U34/><E34/><V48/><F2/><W57/><G39/><T60/><D60/><U43/><E43/><V26/><F11/><AGARI ba="2,0" hai="11,15,17,120,121" m="23959,63975,42601" machi="11" ten="30,2900,0" yaku="10,1,52,1" doraHai="69" who="1" fromWho="2" sc="181,0,313,35,183,-35,323,0" /><INIT seed="5,3,0,1,2,21" ten="181,348,148,323" oya="1" hai0="98,121,59,50,33,123,13,103,12,45,64,135,37" hai1="0,88,18,94,30,77,54,82,125,48,27,60,6" hai2="26,66,58,99,31,39,117,38,32,118,127,24,16" hai3="7,132,81,75,53,95,1,10,35,101,86,51,67"/><U112/><E125/><V46/><F127/><W69/><G75/><T3/><D3/><U23/><E112/><V43/><F39/><W14/><G35/><T56/><D37/><U52/><E0/><V131/><F131/><W71/><G67/><T47/><D33/><U85/><E6/><V91/><F66/><W55/><G55/><T114/><D64/><U20/><E60/><V97/><F58/><W96/><G1/><T40/><D114/><U36/><E36/><V116/><REACH who="2" step="1"/><F91/><REACH who="2" ten="181,348,138,323" step="2"/><W41/><G132/><T9/><D135/><U90/><E90/><V130/><F130/><W80/><G71/><T76/><D56/><U107/><E48/><V83/><F83/><W2/><G69/><T93/><D59/><U63/><E63/><V11/><F11/><W74/><G80/><T44/><D9/><U120/><E120/><V49/><F49/><W73/><G81/><T92/><D121/><U109/><E109/><V19/><F19/><W133/><G51/><T119/><D123/><U29/><E29/><V108/><F108/><W113/><G10/><T122/><D122/><U126/><E126/><V102/><F102/><W65/><G101/><T57/><D103/><U129/><E129/><V34/><F34/><W78/><G65/><T104/><D50/><U89/><E89/><V28/><F28/><W105/><G113/><T62/><D62/><U22/><E107/><V115/><F115/><W100/><G105/><T128/><D104/><U84/><E22/><AGARI ba="3,1" hai="16,22,24,26,31,32,38,43,46,97,99,116,117,118" machi="22" ten="40,8000,1" yaku="1,1,52,2,54,1,53,1" doraHai="21" doraHaiUra="42" who="2" fromWho="1" sc="181,0,348,-89,138,99,323,0" /><INIT seed="6,0,0,3,2,82" ten="181,259,237,323" oya="2" hai0="112,25,41,113,14,77,118,17,46,89,108,15,13" hai1="43,6,127,129,86,109,19,48,54,126,4,23,11" hai2="74,65,90,103,1,44,55,60,70,42,30,75,66" hai3="57,62,95,84,69,101,9,29,10,81,105,5,106"/><V125/><F125/><N who="1" m="47625" /><E43/><V64/><F1/><W36/><G69/><T50/><D108/><U117/><E109/><V51/><F103/><W128/><G36/><T38/><D118/><U63/><E63/><V94/><F30/><W122/><G29/><T80/><D89/><U116/><E129/><V110/><F110/><W123/><G10/><T135/><D135/><U67/><E67/><V111/><F111/><W37/><G37/><T2/><D2/><N who="1" m="407" /><E6/><V79/><F79/><W91/><G128/><T39/><D39/><U45/><E86/><V97/><REACH who="2" step="1"/><F70/><REACH who="2" ten="181,259,227,323" step="2"/><W59/><G101/><T73/><D112/><U35/><E35/><V119/><F119/><W22/><G122/><T92/><D113/><U0/><E0/><V134/><F134/><W49/><G123/><T47/><D77/><U34/><E34/><V71/><F71/><W61/><G106/><T7/><D7/><U68/><E68/><V58/><AGARI ba="0,1" hai="42,44,51,55,58,60,64,65,66,74,75,90,94,97" machi="58" ten="30,6000,0" yaku="1,1,0,1,53,1" doraHai="82" doraHaiUra="40" who="2" fromWho="2" sc="181,-20,259,-20,227,70,323,-20" /><INIT seed="6,1,0,0,5,129" ten="161,239,297,303" oya="2" hai0="37,9,21,120,5,52,124,102,79,54,62,135,133" hai1="28,8,15,121,92,106,130,2,98,19,88,49,40" hai2="119,132,34,20,76,13,105,35,30,61,109,72,96" hai3="127,83,104,47,128,115,12,108,113,4,65,58,43"/><V77/><F119/><W103/><G108/><T64/><D120/><U18/><E121/><V39/><F39/><W85/><G128/><T29/><D37/><U100/><E2/><V71/><F109/><W81/><G103/><T36/><D36/><U55/><E40/><V73/><F13/><W91/><G104/><T123/><D123/><U122/><E122/><V48/><F48/><N who="3" m="26751" /><G127/><T89/><D79/><U23/><E28/><V86/><F20/><W125/><G125/><T69/><D124/><U118/><E118/><V68/><F86/><W25/><G25/><N who="0" m="16559" /><D89/><U117/><E130/><V56/><F56/><W60/><G4/><T0/><D102/><U90/><E106/><V27/><F35/><W93/><G12/><T7/><D7/><U87/><E87/><V24/><F24/><W50/><G50/><T131/><D131/><U101/><E101/><N who="2" m="62631" /><F77/><W1/><G1/><T44/><D44/><N who="1" m="28071" /><E117/><V57/><F57/><W97/><G97/><T80/><D80/><U10/><E10/><V63/><F76/><W6/><G6/><T114/><D114/><AGARI ba="1,0" hai="58,60,65,81,83,85,91,93,113,114,115" m="26751" machi="114" ten="30,2000,0" yaku="15,1,11,1" doraHai="129" who="3" fromWho="0" sc="161,-23,239,0,297,0,303,23" /><INIT seed="7,0,0,3,4,10" ten="138,239,297,326" oya="3" hai0="97,103,131,8,13,35,61,26,59,3,2,100,6" hai1="28,98,129,111,72,67,81,11,40,9,73,105,124" hai2="19,130,32,7,60,116,17,75,114,79,112,70,82" hai3="47,101,78,89,85,48,4,31,62,69,76,45,93"/><W74/><G74/><T113/><D131/><U42/><E28/><V53/><F116/><W38/><G38/><T135/><D135/><U125/><E67/><V49/><F32/><W52/><G31/><T118/><D118/><U63/><E63/><V15/><F130/><W64/><G4/><T33/><D113/><N who="2" m="43626" /><F19/><W84/><G101/><T50/><D50/><U12/><E129/><V128/><F7/><W102/><G102/><T58/><D26/><U68/><E68/><V95/><F95/><W92/><G47/><T108/><D108/><U87/><E111/><V119/><F119/><W99/><G99/><T51/><D51/><U21/><E98/><V57/><F128/><W90/><AGARI ba="0,0" hai="45,48,52,62,64,69,76,78,84,85,89,90,92,93" machi="90" ten="30,6000,0" yaku="0,1,9,1,54,1" doraHai="10" who="3" fromWho="3" sc="138,-20,239,-20,297,-20,326,60" owari="118,-38.0,219,-18.0,277,8.0,386,48.0" /></mjloggm>