<mjloggm ver="2.3"><GO type="169" lobby="0"/><UN n0="%E3%82%82%E3%83%BC%E3%82%8A%E3%83%BC" n1="%E6%96%87%E5%9B%9B%E9%83%8E" n2="%E3%83%8F%E3%83%83%E3%83%88%E3%83%AA%E3%82%B9" n3="%E3%81%8F%E3%81%85%E3%81%A1%E3%82%83%E3%82%93%EF%BC%A0%50%45" dan="16,16,17,16" rate="2192.56,2166.76,2164.59,2184.77" sx="M,M,M,M"/><TAIKYOKU oya="0"/><INIT seed="0,0,0,3,0,115" ten="250,250,250,250" oya="0" hai0="36,120,10,18,123,104,103,114,63,5,91,106,80" hai1="117,3,22,68,50,46,39,131,125,27,0,129,95" hai2="87,128,32,49,72,126,52,96,132,99,26,23,98" hai3="15,19,58,118,81,12,16,112,40,24,61,109,4"/><T94/><D36/><U35/><E35/><V30/><F132/><W107/><G112/><T34/><D34/><U8/><E39/><V38/><F38/><W60/><G109/><T1/><D114/><U65/><E125/><V37/><F37/><W90/><G107/><T124/><D124/><U88/><E65/><V116/><F126/><W77/><G118/><T7/><D7/><U84/><E68/><V55/><F72/><W102/><G40/><T111/><D111/><U105/><E105/><V47/><F128/><N who="1" m="49225" /><E8/><V21/><F116/><W2/><G102/><T14/><D106/><U85/><E84/><V130/><F130/><W110/><G110/><T97/><D63/><U92/><E95/><V64/><F64/><W113/><G113/><T133/><D80/><U75/><E75/><V71/><F71/><W135/><G135/><T73/><D73/><U62/><E62/><V44/><F87/><W25/><G61/><T31/><D133/><U53/><E117/><V9/><REACH who="2" step="1"/><F9/><REACH who="2" ten="250,250,240,250" step="2"/><W48/><G2/><T70/><D70/><U100/><E100/><V78/><F78/><W108/><G77/><T42/><D1/><U11/><E11/><V67/><F67/><W134/><G108/><T6/><D6/><U76/><E76/><V69/><F69/><W45/><G134/><T29/><D5/><U93/><E0/><V66/><F66/><W89/><G4/><T79/><D79/><U119/><E3/><V74/><F74/><W41/><G89/><T59/><D103/><U122/><E119/><V51/><AGARI ba="0,1" hai="21,23,26,30,32,44,47,49,51,52,55,96,98,99" machi="51" ten="30,8000,1" yaku="1,1,0,1,9,1,54,1,53,1" doraHai="115" doraHaiUra="20" who="2" fromWho="2" sc="250,-40,250,-20,240,90,250,-20" /><INIT seed="1,0,0,4,1,61" ten="210,230,330,230" oya="1" hai0="66,113,0,90,125,96,117,134,55,21,54,8,59" hai1="41,4,108,58,48,116,121,70,124,35,44,104,73" hai2="32,89,133,14,120,52,40,34,49,95,7,88,27" hai3="128,76,23,33,12,67,19,87,115,65,129,118,82"/><U11/><E116/><V72/><F120/><W5/><G115/><T31/><D117/><U107/><E121/><V98/><F133/><W112/><G112/><T2/><D113/><U51/><E70/><V85/><F72/><W106/><G118/><T127/><D134/><U131/><E73/><V25/><F40/><W18/><G33/><T114/><D114/><U122/><E122/><V119/><F119/><W79/><G106/><T69/><D69/><U45/><E35/><V28/><F34/><W91/><G5/><T80/><D21/><U77/><E77/><N who="3" m="29770" /><G19/><T42/><D42/><U75/><E75/><V84/><F27/><W1/><G1/><T39/><D39/><U110/><E58/><V94/><F14/><W78/><N who="3" m="29778" /><W15/><DORA hai="53" /><G12/><T50/><D31/><U63/><E63/><V37/><F37/><W3/><G3/><T17/><D17/><U16/><E16/><V29/><F29/><W103/><G103/><T109/><D2/><N who="1" m="407" /><E131/><AGARI ba="0,0" hai="15,18,23,65,67,82,87,91,128,129,131" m="29778" machi="131" ten="40,5200,0" yaku="19,1,52,2" doraHai="61,53" who="3" fromWho="1" sc="210,0,230,-52,330,0,230,52" /><INIT seed="2,0,0,2,3,7" ten="210,178,330,282" oya="2" hai0="23,29,99,124,30,130,97,80,69,85,91,110,14" hai1="63,0,118,129,66,51,4,93,108,22,90,47,116" hai2="73,84,34,96,86,72,37,8,58,52,113,112,95" hai3="135,49,46,41,104,101,126,57,75,77,53,134,54"/><V70/><F70/><W19/><G104/><T33/><D69/><U92/><E108/><V105/><F37/><W133/><G101/><T132/><D110/><U107/><E107/><V119/><F119/><W31/><G31/><T60/><D124/><U88/><E129/><V100/><F34/><W48/><G126/><T82/><D130/><U120/><E120/><V55/><F8/><W94/><G94/><T44/><D132/><U42/><E22/><V11/><F11/><W6/><G6/><T117/><D117/><U125/><E125/><V32/><F32/><W39/><G19/><T13/><D60/><U3/><E118/><V68/><F68/><W12/><G12/><T18/><D44/><U106/><E106/><V71/><F71/><W81/><REACH who="3" step="1"/><G53/><REACH who="3" ten="210,178,330,272" step="2"/><T50/><D14/><U1/><E116/><V17/><F17/><W15/><G15/><T28/><D33/><U59/><REACH who="1" step="1"/><E4/><REACH who="1" ten="210,168,330,272" step="2"/><V114/><F114/><W123/><G123/><T20/><D20/><U10/><E10/><V121/><F121/><W109/><G109/><T115/><D115/><U64/><E64/><V36/><F105/><W98/><G98/><T62/><D97/><U35/><E35/><V5/><F5/><W24/><G24/><T128/><D99/><U38/><E38/><AGARI ba="0,2" hai="38,39,41,46,48,49,54,57,75,77,81,133,134,135" machi="38" ten="40,2600,0" yaku="1,1,20,1,53,0" doraHai="7" doraHaiUra="56" who="3" fromWho="1" sc="210,0,168,-26,330,0,272,46" /><INIT seed="3,0,0,5,5,97" ten="210,142,330,318" oya="3" hai0="30,9,59,79,127,68,2,42,86,99,121,85,10" hai1="15,112,21,3,70,122,52,26,25,36,20,128,134" hai2="119,103,118,109,53,100,60,51,1,58,23,69,130" hai3="39,115,67,80,132,74,98,19,71,129,105,92,48"/><W62/><G115/><T101/><D121/><U123/><E70/><V82/><F1/><W111/><G129/><T34/><D68/><U0/><E112/><V131/><F109/><W89/><G111/><T61/><D127/><U38/><E15/><V4/><F4/><W49/><G132/><T56/><D42/><U133/><REACH who="1" step="1"/><E52/><REACH who="1" ten="210,132,330,318" step="2"/><V63/><F69/><W32/><G71/><T46/><D59/><U31/><E31/><V28/><F119/><W5/><G67/><T75/><D2/><U91/><E91/><V22/><F118/><W93/><G89/><T110/><D110/><U50/><E50/><V45/><F51/><W37/><G49/><T24/><D56/><U102/><E102/><V44/><F28/><W95/><G48/><T76/><D61/><U125/><E125/><V116/><F116/><W108/><G62/><T83/><D79/><U17/><E17/><V6/><F58/><W96/><G108/><T117/><D117/><U11/><E11/><V113/><F113/><W77/><G37/><T106/><D10/><U78/><E78/><V126/><F126/><W41/><G39/><T40/><D9/><U84/><E84/><V81/><F6/><W13/><G5/><T18/><D18/><U29/><E29/><V104/><F53/><W33/><G77/><T94/><D106/><AGARI ba="0,1" hai="22,23,44,45,60,63,81,82,100,103,104,106,130,131" machi="106" ten="25,6400,0" yaku="22,2,52,2" doraHai="97" who="2" fromWho="0" sc="210,-64,132,0,330,74,318,0" /><INIT seed="4,0,0,5,3,115" ten="146,132,404,318" oya="0" hai0="41,122,86,15,20,23,84,57,71,38,98,45,0" hai1="25,17,85,5,79,49,58,13,52,6,4,90,106" hai2="130,124,134,126,91,55,61,110,28,9,121,63,65" hai3="39,123,62,76,77,59,99,87,88,27,43,8,112"/><T37/><D0/><U111/><E111/><V104/><F104/><W102/><G112/><T34/><D34/><U107/><E25/><V100/><F100/><W119/><G119/><T68/><D122/><U12/><E79/><V36/><F110/><W97/><G123/><T73/><D73/><U72/><E72/><V22/><F36/><W125/><G125/><N who="2" m="48233" /><F121/><W48/><G39/><T18/><D38/><U105/><REACH who="1" step="1"/><E17/><REACH who="1" ten="146,122,404,318" step="2"/><V108/><F108/><W82/><G27/><T96/><D68/><U128/><E128/><V30/><F130/><W92/><G76/><T51/><D71/><U14/><E14/><V132/><F30/><W2/><G77/><T44/><D57/><U54/><E54/><V135/><F55/><W11/><G2/><T127/><D127/><U60/><E60/><V75/><F75/><W133/><G133/><T56/><D56/><U3/><E3/><V69/><F61/><W120/><G120/><T113/><D113/><U83/><AGARI ba="0,1" hai="4,5,6,12,13,49,52,58,83,85,90,105,106,107" machi="83" ten="40,5200,0" yaku="1,1,0,1,54,1,53,0" doraHai="115" doraHaiUra="16" who="1" fromWho="1" sc="146,-26,122,62,404,-13,318,-13" /><INIT seed="5,0,0,3,0,77" ten="120,184,391,305" oya="1" hai0="19,86,111,108,40,99,65,113,115,47,117,107,63" hai1="83,71,38,66,56,135,30,84,26,106,10,114,92" hai2="46,116,0,20,5,44,98,14,67,49,31,70,131" hai3="29,28,33,7,88,101,104,128,8,79,59,16,43"/><U3/><E106/><V15/><F116/><W120/><G120/><T6/><D107/><U119/><E119/><V90/><F0/><W121/><G121/><T24/><D117/><U45/><E71/><V21/><F70/><W110/><G110/><T27/><D99/><U54/><E66/><V32/><F32/><W122/><G122/><T109/><D86/><U134/><E92/><V13/><F67/><W34/><G128/><T81/><D6/><U23/><E114/><N who="0" m="43529" /><D19/><U105/><E105/><V100/><F90/><W129/><G129/><T91/><D24/><U87/><E3/><V130/><F5/><W68/><G79/><T64/><D27/><U39/><E10/><V96/><F13/><W74/><G74/><T4/><D4/><U1/><E45/><V36/><F31/><W41/><G68/><N who="0" m="42015" /><D65/><U69/><E87/><V102/><F130/><W61/><G101/><T132/><D132/><N who="1" m="50731" /><E69/><V17/><F131/><W127/><G104/><T2/><D2/><U51/><E1/><V89/><F102/><W55/><G33/><T60/><D60/><U42/><E42/><V76/><F100/><W57/><G34/><T78/><D78/><AGARI ba="0,0" hai="23,26,30,38,39,51,54,56,78,83,84" m="50731" machi="78" ten="30,2900,0" yaku="20,1,52,1" doraHai="77" who="1" fromWho="0" sc="120,-29,184,29,391,0,305,0" /><INIT seed="5,1,0,2,0,10" ten="91,213,391,305" oya="1" hai0="50,11,44,106,1,71,117,61,103,76,79,84,28" hai1="90,16,57,8,122,78,48,120,26,33,131,101,98" hai2="20,30,72,99,62,43,41,53,51,74,128,77,100" hai3="21,54,132,60,121,105,82,40,15,108,81,64,46"/><U75/><E90/><V114/><F62/><W2/><G121/><T13/><D117/><U97/><E131/><V23/><F128/><W29/><G108/><T110/><D110/><U67/><E98/><V127/><F127/><W66/><G2/><T25/><D1/><U22/><E33/><V0/><F0/><W55/><G105/><T12/><D11/><U32/><E32/><V3/><F3/><W111/><G111/><T96/><D84/><U129/><E129/><V7/><F7/><W130/><G132/><T113/><D113/><U59/><E8/><V95/><F72/><W24/><G130/><T91/><D91/><U109/><E109/><V123/><F23/><W86/><G15/><T14/><D50/><U17/><E17/><V118/><F114/><W63/><G63/><T73/><D44/><U4/><E4/><V89/><F77/><W31/><G31/><T49/><D49/><U6/><E6/><V37/><F37/><W27/><G27/><T116/><D73/><U52/><E59/><N who="2" m="33215" /><F74/><W69/><G66/><N who="0" m="41423" /><D116/><U87/><E67/><V94/><F123/><W5/><G5/><T80/><D80/><U70/><E70/><V35/><F35/><AGARI ba="1,0" hai="12,13,14,25,28,35,76,79,96,103,106" m="41423" machi="35" ten="30,7700,0" yaku="25,1,52,3" doraHai="10" who="0" fromWho="2" sc="91,80,213,0,391,-80,305,0" /><INIT seed="6,0,0,2,2,62" ten="171,213,311,305" oya="2" hai0="112,8,107,71,125,95,131,127,122,1,104,11,19" hai1="23,105,129,67,70,134,37,83,77,133,55,24,119" hai2="64,10,69,3,21,26,111,87,49,59,81,94,128" hai3="89,32,0,99,109,91,85,86,73,27,36,2,30"/><V72/><F72/><W42/><G109/><T63/><D122/><U115/><E119/><V92/><F69/><W28/><G73/><T108/><D108/><U60/><E105/><V84/><F128/><W98/><G42/><T76/><D131/><U57/><E129/><V79/><F111/><W39/><REACH who="3" step="1"/><G27/><REACH who="3" ten="171,213,311,295" step="2"/><T54/><D127/><U52/><E115/><V41/><F41/><W82/><G82/><T13/><D125/><U14/><E134/><V114/><F81/><W35/><AGARI ba="0,1" hai="0,2,28,30,32,35,36,39,85,86,89,91,98,99" machi="35" ten="25,6400,0" yaku="1,1,0,1,22,2,53,0" doraHai="62" doraHaiUra="126" who="3" fromWho="3" sc="171,-16,213,-16,311,-32,295,74" /><INIT seed="7,0,0,5,1,112" ten="155,197,279,369" oya="3" hai0="65,29,72,87,86,24,129,62,130,61,102,119,37" hai1="13,81,47,133,109,22,55,38,44,67,66,21,18" hai2="110,50,77,4,95,17,16,100,108,31,45,57,94" hai3="74,90,48,54,125,35,40,128,7,39,71,15,41"/><W123/><G123/><T2/><D72/><U69/><E109/><V63/><F31/><W79/><G35/><T118/><D37/><U32/><E32/><V111/><F4/><W56/><G71/><T53/><D2/><U59/><E133/><V12/><F77/><W3/><G3/><T73/><D73/><U10/><E81/><V8/><F100/><W75/><G128/><N who="0" m="49259" /><D102/><U49/><E69/><V20/><F50/><W82/><G125/><T25/><D53/><U36/><E36/><V64/><REACH who="2" step="1"/><F45/><REACH who="2" ten="155,197,269,369" step="2"/><W120/><G120/><T9/><D9/><U105/><E47/><V33/><F33/><W27/><G79/><T68/><D62/><U121/><E44/><V107/><F107/><W85/><G48/><T131/><N who="0" m="49267" /><T76/><DORA hai="106" /><D76/><U23/><E105/><V113/><F113/><W116/><G39/><T115/><D115/><U43/><E121/><V6/><F6/><W99/><G7/><T88/><D87/><U58/><E38/><V101/><F101/><W34/><G85/><T92/><D29/><U96/><E49/><V11/><F11/><W26/><G74/><T97/><D86/><U89/><E10/><V134/><F134/><W83/><G75/><T52/><D52/><U46/><E55/><V30/><F30/><W42/><G54/><T122/><D122/><U70/><E46/><V103/><F103/><W84/><G84/><T127/><D127/><U104/><E104/><V98/><F98/><W1/><G99/><T114/><D114/><U5/><E96/><V80/><F80/><W78/><G82/><T132/><D132/><RYUUKYOKU ba="0,1" sc="155,15,197,-15,269,15,369,-15" hai0="24,25,61,65,68,88,92,97,118,119" hai2="8,12,16,17,20,57,63,64,94,95,108,110,111" owari="170,-33.0,182,-22.0,284,8.0,364,47.0" /></mjloggm>