<mjloggm ver="2.3"><GO type="169" lobby="0"/><UN n0="%E4%B9%BE%E5%9D%A4%E5%8D%81%E4%BA%94%E6%93%B2" n1="%E3%81%A8%E3%81%B3%E3%81%BE%E3%81%93" n2="%E3%83%8F%E3%82%BF%E3%83%A2%E3%83%88%E3%83%92%E3%83%AD" n3="%64%61%6E%6E%63%68%69" dan="16,16,17,17" rate="2118.08,2082.68,2145.89,2157.56" sx="M,M,M,M"/><TAIKYOKU oya="0"/><INIT seed="0,0,0,0,3,20" ten="250,250,250,250" oya="0" hai0="8,65,3,71,34,37,1,58,23,41,93,53,49" hai1="30,57,129,103,90,122,0,94,12,27,83,73,33" hai2="97,86,72,50,132,4,7,39,43,82,40,110,85" hai3="74,38,63,67,77,18,64,114,100,96,116,68,111"/><T135/><D34/><U47/><E129/><V21/><F39/><W130/><G114/><T56/><D135/><U88/><E122/><V81/><F72/><W98/><G116/><T87/><D8/><U70/><E70/><V52/><F110/><W127/><G111/><T19/><D58/><U125/><E125/><V29/><F97/><W133/><G130/><T112/><D112/><U17/><E0/><V22/><F132/><W42/><G98/><T78/><D71/><U107/><E107/><V80/><F86/><W44/><G133/><T26/><D65/><U91/><E57/><V121/><F85/><W16/><G67/><T46/><REACH who="0" step="1"/><D93/><REACH who="0" ten="240,250,250,250" step="2"/><U2/><E2/><V113/><F113/><W102/><G127/><T66/><D66/><U35/><E35/><V25/><F121/><W55/><G68/><T118/><D118/><U128/><E128/><V9/><F21/><W84/><G64/><T24/><D24/><U31/><E33/><V120/><F120/><W76/><G100/><T13/><D13/><U134/><E12/><N who="2" m="5159" /><F7/><W104/><G104/><T126/><D126/><U28/><E134/><V131/><F131/><W119/><G119/><T11/><D11/><U59/><E59/><AGARI ba="0,1" hai="22,25,29,40,43,50,52,59,80,81,82" m="5159" machi="59" ten="30,3900,0" yaku="8,1,52,1,54,1" doraHai="20" who="2" fromWho="1" sc="240,0,250,-39,250,49,250,0" /><INIT seed="1,0,0,4,3,106" ten="240,211,299,250" oya="1" hai0="4,92,36,57,116,98,66,73,133,31,59,127,35" hai1="97,128,134,91,8,55,84,46,32,64,131,43,49" hai2="78,28,87,2,124,25,76,24,71,69,44,18,112" hai3="34,80,20,14,47,105,62,37,115,45,88,0,38"/><U1/><E32/><V30/><F2/><W96/><G0/><T77/><D116/><U29/><E29/><V125/><F44/><W61/><G34/><T6/><D36/><U19/><E134/><V11/><F87/><W95/><G115/><T89/><D133/><U75/><E64/><V113/><F18/><W54/><G105/><T130/><D127/><U13/><E1/><V67/><F67/><W120/><G120/><T118/><D118/><U3/><E3/><V135/><F135/><W109/><G109/><T117/><D117/><U108/><E108/><V79/><F78/><W58/><G80/><T17/><D130/><N who="1" m="49707" /><E97/><V50/><F50/><W111/><G111/><T7/><D31/><U42/><E75/><V56/><F56/><N who="3" m="34967" /><G37/><T86/><D35/><U74/><E74/><V51/><F51/><W53/><G38/><T102/><D66/><U90/><E90/><V94/><F94/><AGARI ba="0,0" hai="8,13,19,42,43,46,49,55,84,91,94" m="49707" machi="94" ten="30,1500,0" yaku="19,1" doraHai="106" who="1" fromWho="2" sc="240,0,211,15,299,-15,250,0" /><INIT seed="1,1,0,3,3,85" ten="240,226,284,250" oya="1" hai0="87,73,67,102,48,81,88,52,29,56,44,92,63" hai1="76,101,86,94,105,12,111,15,38,2,11,57,127" hai2="53,135,90,5,131,113,121,71,10,37,133,120,20" hai3="115,130,99,100,23,50,89,40,107,54,72,119,35"/><U122/><E122/><V43/><F71/><W22/><G35/><T93/><D29/><U46/><E2/><V13/><F131/><W6/><G115/><T45/><D73/><U104/><E127/><V24/><F43/><W49/><G130/><T65/><D65/><U69/><E69/><V129/><F37/><W108/><G72/><T79/><D79/><U61/><E111/><V64/><F64/><W14/><G108/><T59/><D93/><U74/><E74/><V60/><F60/><W41/><G119/><T91/><D102/><U28/><E28/><V27/><F53/><W32/><G32/><T51/><D51/><U0/><E0/><V9/><F113/><W33/><G33/><T7/><D7/><U103/><E105/><V116/><F129/><W16/><G6/><T3/><D3/><U112/><E104/><V97/><F10/><W134/><G134/><N who="2" m="51209" /><F116/><W106/><G106/><T123/><D123/><N who="2" m="47178" /><F20/><W26/><G49/><T117/><D117/><U128/><E11/><V96/><F96/><AGARI ba="1,0" hai="44,45,48,52,56,59,63,67,81,87,88,91,92,96" machi="96" ten="30,12000,2" yaku="7,1,8,1,52,2,54,2" doraHai="85" who="0" fromWho="2" sc="240,123,226,0,284,-123,250,0" /><INIT seed="2,0,0,1,1,73" ten="363,226,161,250" oya="2" hai0="79,70,131,123,76,6,107,36,61,43,0,7,62" hai1="119,135,18,74,96,26,80,121,30,11,20,56,55" hai2="32,103,75,118,93,2,115,113,57,1,42,72,59" hai3="117,67,14,101,83,22,88,94,39,100,104,45,111"/><V4/><F32/><W98/><G117/><T50/><D123/><U132/><E119/><V31/><F118/><W116/><G116/><T86/><D107/><U38/><E38/><V65/><F93/><W95/><G111/><T110/><D110/><U48/><E96/><V108/><F108/><W112/><G112/><T81/><D36/><U77/><E121/><V25/><F25/><W23/><G67/><T109/><D109/><U114/><E114/><V12/><F12/><W44/><G104/><T21/><D131/><U102/><E102/><V16/><F65/><W134/><G134/><T15/><D0/><U13/><AGARI ba="0,0" hai="11,13,18,20,26,30,48,55,56,74,77,80,132,135" machi="13" ten="30,2000,0" yaku="0,1,52,1" doraHai="73" who="1" fromWho="1" sc="363,-5,226,20,161,-10,250,-5" /><INIT seed="3,0,0,3,0,120" ten="358,246,151,245" oya="3" hai0="127,34,86,18,61,31,104,40,36,57,66,74,102" hai1="56,100,81,130,123,97,87,5,121,50,129,113,67" hai2="59,96,3,108,105,47,99,53,55,114,2,51,30" hai3="28,15,4,16,122,75,54,64,44,94,58,124,46"/><W21/><G122/><N who="1" m="46602" /><E5/><V33/><F114/><W12/><G75/><T107/><D86/><U23/><E23/><V83/><F99/><W37/><G124/><T92/><D127/><U65/><E50/><V17/><F30/><W72/><G72/><T78/><D18/><U24/><E24/><V49/><F33/><W117/><G117/><T38/><D92/><N who="1" m="58407" /><E56/><V11/><F96/><W63/><G37/><T77/><D57/><U62/><E62/><V82/><F105/><W125/><G125/><T95/><D107/><U109/><E67/><V118/><F118/><W1/><G1/><T60/><D104/><U19/><E19/><V48/><F48/><W132/><G28/><T39/><D40/><U14/><E14/><V29/><F29/><W76/><G76/><T110/><D78/><N who="1" m="46519" /><E65/><V134/><F17/><W112/><G112/><T85/><D31/><U71/><E71/><V106/><F106/><W52/><G44/><T115/><D34/><U45/><E113/><V133/><F59/><W35/><G35/><T27/><D115/><U7/><E7/><V119/><F119/><W32/><G32/><T98/><D36/><U90/><E45/><V42/><F47/><W88/><G132/><T116/><D116/><U13/><E13/><V6/><F6/><W103/><G103/><T69/><D102/><U0/><E0/><V91/><F42/><W111/><G46/><T131/><D39/><U9/><E9/><V79/><F11/><N who="3" m="4199" /><G54/><T80/><D38/><U22/><E22/><V10/><F10/><W20/><G64/><T68/><D66/><U128/><E90/><RYUUKYOKU ba="0,0" sc="358,-10,246,30,151,-10,245,-10" hai1="109,128,129,130" /><INIT seed="4,1,0,0,5,117" ten="348,276,141,235" oya="0" hai0="82,6,10,19,11,125,38,29,126,97,92,79,44" hai1="21,55,16,108,49,14,113,41,128,88,119,78,96" hai2="124,66,81,118,0,9,42,20,59,84,104,28,24" hai3="120,90,106,56,110,25,30,80,93,91,76,67,98"/><T58/><D29/><U57/><E119/><V109/><F109/><W89/><G110/><T2/><D58/><U31/><E108/><V122/><F118/><W18/><G18/><T35/><D35/><U62/><E128/><V7/><F124/><W40/><G40/><N who="0" m="22551" /><D11/><U54/><E113/><V105/><F42/><W134/><G134/><T26/><D19/><U27/><E78/><V51/><F122/><W95/><G120/><T116/><D26/><U4/><E4/><V86/><F86/><W101/><G56/><T22/><D22/><U131/><E131/><V63/><REACH who="2" step="1"/><F51/><REACH who="2" ten="348,276,131,235" step="2"/><W114/><G114/><T64/><D116/><U133/><E133/><V100/><F100/><W121/><G121/><T112/><D112/><U5/><E41/><V60/><F60/><W71/><G71/><T37/><D37/><U123/><E123/><V130/><F130/><W115/><G115/><T53/><D126/><U99/><E5/><V23/><F23/><W12/><G101/><T52/><D125/><U111/><E111/><V43/><F43/><W74/><G74/><N who="0" m="43383" /><D64/><U69/><E69/><V36/><F36/><W17/><G67/><T47/><D6/><U87/><E49/><V135/><F135/><W129/><G129/><T107/><D53/><U68/><E55/><V48/><F48/><W75/><G75/><T85/><D52/><U65/><E54/><V73/><F73/><W8/><G8/><T3/><D10/><N who="1" m="6231" /><E68/><V61/><F61/><W132/><G132/><T50/><D50/><U15/><E15/><V34/><F34/><W39/><G12/><T45/><D45/><RYUUKYOKU ba="1,1" sc="348,-15,276,15,131,15,235,-15" hai1="21,27,31,57,62,65,87,88,96,99" hai2="0,7,9,20,24,28,59,63,66,81,84,104,105" /><INIT seed="5,2,1,5,0,109" ten="333,291,146,220" oya="1" hai0="48,122,116,112,101,134,92,43,105,102,19,70,90" hai1="46,62,29,26,21,85,130,131,67,118,11,79,66" hai2="37,75,104,110,128,22,15,45,9,87,28,53,5" hai3="33,125,106,95,97,78,59,73,126,55,57,3,111"/><U18/><E118/><V23/><F75/><W2/><G33/><T0/><D0/><U103/><E103/><V51/><F110/><W119/><G111/><T135/><D70/><U4/><E46/><V89/><F128/><N who="1" m="49193" /><E29/><V36/><F104/><W14/><G119/><T114/><D116/><U100/><E100/><N who="0" m="38505" /><D105/><U8/><E66/><V121/><F121/><W94/><G106/><T123/><D19/><U61/><E61/><V63/><F63/><W74/><G14/><T91/><D48/><U1/><E11/><V98/><F98/><W81/><G97/><N who="0" m="57495" /><D91/><U64/><E62/><V27/><REACH who="2" step="1"/><F23/><REACH who="2" ten="333,291,136,220" step="2"/><W50/><G74/><T24/><D123/><U16/><E64/><V31/><F31/><W42/><G73/><T20/><D122/><U99/><E67/><V49/><F49/><W13/><G50/><T124/><D20/><U10/><E99/><V132/><F132/><W56/><G125/><T129/><D124/><U17/><E10/><V115/><F115/><W88/><G126/><T71/><D129/><U84/><E84/><V80/><AGARI ba="2,2" hai="5,9,15,22,27,28,36,37,45,51,53,80,87,89" machi="80" ten="20,2700,0" yaku="1,1,0,1,7,1,53,0" doraHai="109" doraHaiUra="60" who="2" fromWho="2" sc="333,-9,291,-15,136,53,220,-9" /><INIT seed="6,0,0,5,2,125" ten="324,276,189,211" oya="2" hai0="35,24,19,79,66,17,92,78,117,129,30,114,51" hai1="131,52,101,91,62,25,48,80,87,74,75,34,103" hai2="133,122,13,28,49,8,3,22,31,119,81,104,105" hai3="135,121,54,40,76,42,126,113,83,96,132,32,58"/><V128/><F104/><W36/><G32/><T116/><D114/><U64/><E131/><V89/><F105/><W20/><G121/><T46/><D129/><U23/><E34/><V43/><F122/><W7/><G126/><T112/><D112/><U120/><E75/><V60/><F119/><N who="0" m="45642" /><D66/><U97/><E74/><V21/><F3/><W108/><G108/><T10/><D92/><U77/><E77/><N who="0" m="29193" /><D10/><U6/><E6/><V68/><F133/><N who="3" m="51275" /><G7/><T69/><D69/><U98/><E120/><V102/><F68/><W118/><G118/><T123/><D123/><U124/><E124/><V134/><F134/><W2/><G2/><T61/><D61/><U57/><E103/><V88/><F102/><W12/><G36/><T38/><D38/><U5/><E5/><N who="2" m="3215" /><F60/><N who="3" m="35927" /><G96/><T95/><D95/><U37/><E101/><V9/><F128/><W45/><G45/><T100/><D100/><U111/><E111/><V93/><F9/><W14/><G113/><T73/><D73/><U16/><E37/><V99/><F21/><W11/><G20/><T127/><D127/><U41/><E41/><AGARI ba="0,0" hai="17,19,24,30,35,41,46,51" m="29193,45642" machi="41" ten="30,1000,0" yaku="12,1" doraHai="125" who="0" fromWho="1" sc="324,10,276,-10,189,0,211,0" /><INIT seed="7,0,0,2,3,98" ten="334,266,189,211" oya="3" hai0="0,62,89,31,15,117,48,11,132,24,51,122,60" hai1="12,49,41,77,114,56,79,87,27,44,65,43,34" hai2="88,134,19,130,101,50,67,112,75,118,66,68,71" hai3="64,116,113,8,13,92,103,28,115,76,90,100,35"/><W104/><G116/><T40/><D122/><U83/><E114/><N who="3" m="43530" /><G104/><T2/><D117/><U7/><E34/><V57/><F112/><W94/><G76/><T59/><D132/><U107/><E107/><V108/><F108/><W91/><G64/><T111/><D111/><U16/><E77/><V63/><F118/><W36/><G36/><T127/><D127/><U96/><E96/><V109/><F75/><W47/><G47/><T126/><D126/><U29/><E29/><V120/><F134/><W121/><G121/><T3/><D89/><N who="3" m="33801" /><G28/><T95/><D95/><N who="3" m="36393" /><G35/><T23/><D40/><U123/><E123/><V105/><F105/><W39/><G39/><T38/><D38/><U97/><E97/><V81/><F109/><W26/><G26/><T72/><D62/><N who="1" m="38087" /><E27/><V74/><F74/><W58/><G58/><T125/><D72/><U22/><E43/><V10/><F120/><W52/><G52/><T84/><D125/><U93/><E93/><V78/><F78/><W25/><G25/><T4/><D59/><U55/><E55/><V9/><F67/><W17/><AGARI ba="0,0" hai="8,13,17,100,103" m="36393,33801,43530" machi="17" ten="30,6000,0" yaku="15,1,52,2" doraHai="98" who="3" fromWho="3" sc="334,-20,266,-20,189,-20,211,60" /><INIT seed="7,1,0,0,1,104" ten="314,246,169,271" oya="3" hai0="61,15,6,84,133,121,8,103,123,124,39,23,34" hai1="5,36,11,78,60,22,57,16,94,89,10,128,120" hai2="24,79,116,93,107,3,115,113,51,91,112,38,0" hai3="62,42,25,77,82,59,95,67,26,134,64,72,35"/><W98/><G134/><T54/><D133/><U4/><E128/><V66/><F107/><W31/><G42/><T71/><D39/><U125/><E36/><V80/><F38/><W90/><G26/><T132/><D124/><U119/><E120/><V20/><F51/><W69/><G69/><T127/><D34/><U52/><E78/><V55/><F55/><AGARI ba="1,0" hai="25,31,35,55,59,62,64,67,72,77,82,90,95,98" machi="55" ten="30,2900,0" yaku="7,1,52,1" doraHai="104" who="3" fromWho="2" sc="314,0,246,0,169,-32,271,32" /><INIT seed="7,2,0,2,5,2" ten="314,246,137,303" oya="3" hai0="9,82,57,13,71,123,77,39,125,47,38,8,5" hai1="76,17,11,97,69,21,86,37,129,101,107,134,18" hai2="24,83,31,68,75,117,112,89,62,127,45,53,52" hai3="106,0,85,102,109,126,63,66,128,20,120,14,55"/><W98/><G120/><T119/><D125/><U34/><E34/><V111/><F111/><W25/><G0/><T65/><D123/><U27/><E37/><V73/><F117/><W64/><G126/><T121/><D121/><U33/><E33/><V124/><F112/><W1/><G1/><T61/><D119/><U56/><E69/><V48/><F127/><W79/><G109/><T87/><D71/><U72/><E72/><V4/><F124/><W46/><G14/><T41/><D9/><U51/><E129/><V59/><F68/><W10/><G10/><T104/><D104/><U93/><E134/><V29/><F29/><W3/><G3/><T32/><D32/><U42/><E11/><V28/><F28/><W6/><G6/><T30/><D30/><U22/><E107/><V108/><F108/><W115/><G115/><T78/><D78/><U131/><E131/><V132/><F132/><W91/><G79/><T92/><D92/><U116/><E116/><V74/><F89/><W7/><G7/><T23/><D23/><U40/><E86/><V80/><F4/><W88/><G91/><T67/><D67/><U118/><E76/><V84/><REACH who="2" step="1"/><F84/><REACH who="2" ten="314,246,127,303" step="2"/><W122/><G122/><T99/><D99/><U70/><E70/><V19/><F19/><N who="3" m="12447" /><G128/><T26/><D26/><U113/><E113/><V44/><F44/><W36/><G88/><T16/><D16/><U94/><E118/><V12/><F12/><W114/><G114/><T130/><D130/><U135/><E135/><V90/><F90/><W49/><G85/><T110/><D110/><U95/><E18/><RYUUKYOKU ba="2,1" sc="314,15,246,-15,127,15,303,-15" hai0="5,8,13,38,39,41,47,57,61,65,77,82,87" hai2="24,31,45,48,52,53,59,62,73,74,75,80,83" owari="339,44.0,231,-17.0,142,-36.0,288,9.0" /></mjloggm>