<mjloggm ver="2.3"><GO type="169" lobby="0"/><UN n0="%6D%61%6B%6F%74%61" n1="%64%75%72%72%72%72%72" n2="%6D%61%73%79" n3="%4E%4F%42%55%53%48%49" dan="16,18,16,17" rate="2034.06,2273.80,2072.92,2190.67" sx="M,M,M,M"/><TAIKYOKU oya="0"/><INIT seed="0,0,0,3,3,86" ten="250,250,250,250" oya="0" hai0="45,43,49,87,48,130,116,30,16,3,26,121,57" hai1="102,83,28,1,125,50,53,134,94,39,37,117,92" hai2="123,66,76,52,41,55,10,112,111,93,100,67,98" hai3="31,40,47,114,135,124,18,8,118,88,59,85,32"/><T21/><D121/><U63/><E117/><V6/><F123/><W99/><G114/><T33/><D3/><U113/><E1/><V20/><F112/><W104/><G118/><T103/><D116/><U122/><E113/><V72/><F41/><W120/><G120/><T13/><D130/><U119/><E122/><V90/><F111/><W71/><G71/><T77/><D103/><U17/><E134/><V105/><F72/><W60/><G135/><T82/><REACH who="0" step="1"/><D57/><REACH who="0" ten="240,250,250,250" step="2"/><U101/><E102/><V29/><F100/><W2/><G2/><T7/><D7/><U75/><E101/><V5/><F105/><W46/><G104/><T34/><D34/><U126/><E119/><V97/><F5/><W11/><G59/><T36/><AGARI ba="0,1" hai="13,16,21,26,30,33,36,43,45,48,49,77,82,87" machi="36" ten="20,7800,0" yaku="1,1,0,1,7,1,54,1,53,0" doraHai="86" doraHaiUra="133" who="0" fromWho="0" sc="240,88,250,-26,250,-26,250,-26" /><INIT seed="0,1,0,3,1,129" ten="328,224,224,224" oya="0" hai0="133,116,101,54,107,72,17,64,117,45,68,6,3" hai1="18,95,65,81,56,52,36,34,21,69,100,55,78" hai2="60,11,89,123,67,1,127,41,7,59,49,62,66" hai3="80,90,30,92,111,31,120,0,14,75,16,77,20"/><T121/><D121/><U130/><E34/><V112/><F123/><W122/><G111/><T33/><D72/><U26/><E130/><V126/><F112/><W48/><G0/><T46/><D33/><U125/><E36/><V110/><F110/><W35/><G31/><T5/><D17/><U99/><E69/><V108/><F108/><W84/><REACH who="3" step="1"/><G48/><REACH who="3" ten="328,224,224,214" step="2"/><T29/><D29/><U115/><E115/><V2/><F2/><W32/><G32/><T104/><D3/><U94/><E125/><V8/><F49/><W105/><G105/><T37/><D37/><U85/><E95/><V106/><F106/><W42/><G42/><T39/><D39/><U91/><E100/><V4/><F41/><W98/><G98/><T63/><D101/><U73/><E73/><V114/><F114/><W102/><G102/><T109/><D109/><U10/><E10/><V82/><F8/><W96/><G96/><T15/><D104/><U47/><E47/><V86/><REACH who="2" step="1"/><F4/><REACH who="2" ten="328,224,214,214" step="2"/><W132/><G132/><T128/><D6/><U88/><REACH who="1" step="1"/><E78/><REACH who="1" ten="328,214,214,214" step="2"/><V25/><F25/><AGARI ba="1,3" hai="14,16,20,25,30,35,75,77,80,84,90,92,120,122" machi="25" ten="40,5200,0" yaku="1,1,54,1,53,1" doraHai="129" doraHaiUra="19" who="3" fromWho="2" sc="328,0,214,0,214,-55,214,85" /><INIT seed="1,0,0,3,2,132" ten="328,214,159,299" oya="1" hai0="85,94,29,83,124,133,100,103,14,21,84,63,52" hai1="91,37,128,43,42,115,44,79,47,108,131,7,57" hai2="87,23,20,40,26,111,117,58,56,48,116,51,2" hai3="27,95,9,89,104,22,4,70,19,77,107,25,3"/><U39/><E79/><V126/><F2/><W135/><G70/><T68/><D68/><U105/><E105/><V38/><F38/><W12/><G135/><T129/><D133/><U96/><E7/><V32/><F32/><W33/><G77/><T88/><D129/><N who="1" m="49739" /><E96/><V1/><F1/><W119/><G119/><T123/><D123/><U110/><E91/><V61/><F87/><N who="3" m="52671" /><G27/><N who="0" m="16623" /><D14/><U101/><E101/><N who="0" m="38985" /><D124/><U0/><E0/><V41/><F26/><W120/><G120/><T46/><D46/><U31/><E31/><AGARI ba="0,0" hai="3,4,9,12,19,22,25,31,33,104,107" m="52671" machi="31" ten="30,1000,0" yaku="24,1" doraHai="132" who="3" fromWho="1" sc="328,0,214,-10,159,0,299,10" /><INIT seed="2,0,0,0,2,88" ten="328,204,159,309" oya="2" hai0="116,70,93,9,125,0,84,126,103,40,95,97,131" hai1="82,27,24,127,21,98,121,79,96,130,91,73,60" hai2="8,36,42,104,29,117,100,41,66,77,56,52,68" hai3="49,16,132,26,44,108,90,53,54,94,76,43,118"/><V38/><F117/><W12/><G118/><T101/><D70/><U78/><E130/><V107/><F77/><W92/><G108/><T80/><D116/><U64/><E127/><N who="0" m="48649" /><D40/><U119/><E119/><V111/><F111/><W50/><G132/><T15/><D0/><U85/><E78/><V39/><F29/><W4/><G76/><N who="0" m="46087" /><D131/><U74/><E121/><V133/><F133/><W45/><G90/><T47/><D47/><U57/><E27/><V122/><F122/><W20/><G43/><N who="2" m="16393" /><F8/><AGARI ba="0,0" hai="4,8,12,16,20,26,44,45,49,50,53,54,92,94" machi="8" ten="40,8000,1" yaku="9,1,8,1,52,2,54,1" doraHai="88" who="3" fromWho="2" sc="328,0,204,0,159,-80,309,80" /><INIT seed="3,0,0,5,5,43" ten="328,204,79,389" oya="3" hai0="57,84,67,130,16,126,128,7,26,109,99,50,102" hai1="44,120,106,20,79,17,132,60,123,18,115,30,45" hai2="31,87,9,47,83,13,72,38,34,135,27,118,105" hai3="77,133,92,35,100,66,76,134,6,107,108,121,58"/><W119/><G35/><T40/><D7/><U64/><E106/><V4/><F118/><W55/><G6/><T81/><D126/><U19/><E115/><V41/><F105/><W33/><G33/><T127/><D127/><U98/><E79/><V39/><F135/><W48/><G121/><T110/><D40/><U116/><E132/><V90/><REACH who="2" step="1"/><F72/><REACH who="2" ten="328,204,69,389" step="2"/><W56/><G107/><T89/><D110/><U42/><E116/><V71/><F71/><W75/><G119/><T28/><D109/><U22/><E123/><V24/><F24/><W113/><G108/><T122/><D122/><U73/><E120/><V82/><F82/><W23/><G75/><T88/><D130/><U53/><E73/><V95/><F95/><W15/><G134/><T62/><D128/><U78/><E78/><V103/><F103/><W32/><G133/><T93/><D102/><U0/><E0/><V65/><F65/><W52/><G66/><T3/><D67/><U96/><E64/><V101/><F101/><W104/><G104/><T10/><D81/><U68/><E68/><V129/><F129/><W49/><G92/><T61/><D93/><U25/><E96/><V59/><F59/><W8/><G100/><T36/><D57/><N who="1" m="34863" /><E98/><V2/><F2/><W97/><G97/><T11/><D3/><U14/><E14/><V5/><F5/><N who="3" m="3471" /><G113/><T117/><D99/><U51/><E25/><V94/><F94/><W63/><G63/><T69/><D62/><U12/><E12/><V114/><F114/><W29/><G32/><T86/><D61/><U85/><E22/><V111/><F111/><RYUUKYOKU ba="0,1" sc="328,-15,204,-15,69,15,389,15" hai2="4,9,13,27,31,34,38,39,41,47,83,87,90" hai3="23,29,48,49,52,55,56,58,76,77" /><INIT seed="3,1,1,4,2,120" ten="313,189,84,404" oya="3" hai0="49,121,24,50,7,133,116,124,90,3,91,17,25" hai1="128,68,15,58,1,19,26,106,72,132,13,21,117" hai2="129,107,65,125,59,75,33,32,79,74,135,81,20" hai3="36,70,69,53,23,62,82,130,54,4,8,86,87"/><W93/><G36/><T109/><D121/><U95/><E68/><V126/><F107/><W57/><G130/><T11/><D116/><U22/><E106/><V48/><F129/><W98/><G53/><T103/><D124/><N who="2" m="47722" /><F135/><W34/><G34/><T84/><D133/><U47/><E117/><V39/><F39/><W38/><G38/><T80/><D109/><U89/><E72/><V42/><F75/><W83/><G69/><T45/><D103/><U55/><E1/><V99/><F99/><W78/><G70/><T112/><D112/><U96/><E128/><V131/><F131/><W5/><G23/><T31/><D17/><U119/><E119/><V73/><F73/><W60/><G60/><T105/><D105/><U12/><E47/><N who="2" m="25719" /><F20/><W108/><G8/><T29/><D90/><U85/><E132/><V9/><F9/><W30/><G108/><T94/><D80/><U134/><E134/><V67/><F67/><W51/><G30/><T43/><D49/><N who="1" m="31087" /><E96/><V27/><F27/><W46/><G83/><T122/><D122/><U6/><E6/><V110/><F110/><W10/><G10/><T52/><D43/><U101/><E101/><V16/><F16/><AGARI ba="1,1" hai="12,13,15,16,19,21,22,26,85,89,95" m="31087" machi="16" ten="30,3900,0" yaku="25,1,8,1,54,1" doraHai="120" who="1" fromWho="2" sc="313,0,189,52,84,-42,404,0" /><INIT seed="4,0,0,0,5,72" ten="313,241,42,404" oya="0" hai0="90,73,52,58,44,28,81,65,45,7,126,84,18" hai1="112,129,80,111,94,42,93,62,47,1,51,41,128" hai2="79,31,0,114,101,96,64,97,135,70,133,117,110" hai3="91,26,16,87,116,5,56,82,57,120,29,12,131"/><T77/><D126/><U95/><E1/><V40/><F0/><W14/><G131/><N who="1" m="50250" /><E111/><V124/><F110/><W85/><G120/><T9/><D28/><U6/><E6/><V37/><F124/><W22/><G116/><T2/><D18/><U53/><E112/><V34/><F117/><W39/><G39/><T35/><D65/><U99/><E99/><V115/><F40/><N who="1" m="15465" /><E80/><V106/><F37/><W61/><G5/><T86/><D35/><U83/><E83/><V132/><F79/><W4/><G87/><T25/><D25/><U67/><E93/><V43/><F43/><W119/><G119/><T76/><D73/><U13/><E13/><V102/><F97/><W103/><G103/><T69/><D69/><AGARI ba="0,0" hai="47,51,53,62,67,69,94,95" m="15465,50250" machi="69" ten="30,1000,0" yaku="19,1" doraHai="72" who="1" fromWho="0" sc="313,-10,241,10,42,0,404,0" /><INIT seed="5,0,0,3,1,42" ten="303,251,42,404" oya="1" hai0="60,25,77,55,2,115,83,132,100,94,128,14,15" hai1="35,124,33,34,12,18,50,102,86,108,40,126,114" hai2="76,8,93,97,49,98,61,111,80,57,82,101,122" hai3="123,28,11,52,116,68,62,30,45,0,105,10,85"/><U54/><E40/><V36/><F36/><W87/><G105/><T64/><D2/><U4/><E4/><V47/><F122/><W26/><G123/><T120/><D115/><U75/><E75/><V56/><F111/><W69/><G116/><T113/><D113/><U17/><E114/><V104/><F8/><W74/><G74/><T59/><D132/><U130/><E130/><V41/><F61/><W31/><G26/><T6/><D128/><U5/><E102/><V48/><F48/><N who="3" m="28687" /><G69/><T73/><D120/><U29/><E86/><N who="3" m="32778" /><G68/><T44/><D6/><U27/><E108/><V91/><REACH who="2" step="1"/><F80/><REACH who="2" ten="303,251,32,404" step="2"/><W131/><G131/><T81/><D81/><U1/><E50/><V121/><F121/><W16/><G0/><T78/><D83/><U20/><E54/><V107/><F107/><W125/><G125/><N who="1" m="48234" /><E1/><V71/><F71/><W24/><G62/><T46/><D55/><U127/><E127/><V88/><F88/><W53/><G53/><T66/><D60/><U129/><E129/><V70/><F70/><W9/><G9/><AGARI ba="0,1" hai="5,9,12,17,18,20,27,29,33,34,35" m="48234" machi="9" ten="40,7700,0" yaku="18,1,34,2" doraHai="42" who="1" fromWho="3" sc="303,0,251,87,32,0,404,-77" /><INIT seed="5,1,0,5,2,68" ten="303,338,32,327" oya="1" hai0="12,114,56,117,74,85,0,108,48,60,100,70,129" hai1="133,52,124,81,132,25,89,30,5,69,135,127,64" hai2="113,94,97,63,9,18,72,1,55,121,88,37,4" hai3="103,66,101,43,6,50,36,21,123,90,2,75,77"/><U78/><E5/><V96/><F121/><W65/><G90/><T80/><D0/><U27/><E89/><V84/><F113/><W46/><G50/><T116/><D114/><U91/><E91/><V17/><F72/><W15/><G21/><T20/><D74/><U71/><E52/><V54/><F84/><W131/><G15/><T10/><D108/><U35/><E27/><V73/><F73/><W47/><G47/><T134/><D129/><U24/><E25/><V122/><F122/><W119/><G131/><T106/><D20/><U107/><E107/><V53/><F63/><W128/><G128/><T13/><D13/><U29/><E30/><V3/><F37/><W79/><G119/><T58/><D134/><U120/><E120/><V57/><F57/><W28/><G28/><T33/><D33/><U31/><E29/><V8/><REACH who="2" step="1"/><F97/><REACH who="2" ten="303,338,22,327" step="2"/><W125/><G123/><T112/><D112/><U99/><E99/><V110/><F110/><W76/><G75/><T86/><D86/><N who="1" m="48439" /><E71/><V104/><F104/><W26/><G36/><T32/><D85/><U83/><E83/><V92/><F92/><W115/><G115/><T98/><D70/><U62/><AGARI ba="1,1" hai="24,31,35,62,64,69,124,127,132,133,135" m="48439" machi="62" ten="40,2100,0" yaku="20,1" doraHai="68" who="1" fromWho="1" sc="303,-8,338,34,22,-8,327,-8" /><INIT seed="5,2,0,2,2,91" ten="295,372,14,319" oya="1" hai0="130,125,54,101,121,31,6,111,19,49,44,57,41" hai1="56,83,38,29,78,24,53,104,108,94,1,134,28" hai2="14,106,11,96,87,8,110,99,68,3,105,135,97" hai3="122,51,21,120,103,46,75,129,86,77,2,85,58"/><U107/><E38/><V92/><F110/><W116/><G2/><T10/><D111/><U13/><E1/><V73/><F68/><W82/><G116/><T109/><D109/><U16/><E108/><V93/><F73/><W35/><G35/><T52/><D130/><U42/><E42/><V128/><F3/><W39/><G39/><T9/><D125/><U34/><E29/><V126/><F128/><W65/><G129/><T79/><D121/><U67/><E67/><V25/><F126/><W69/><G69/><T88/><D79/><U23/><E94/><N who="2" m="36459" /><F106/><W7/><G103/><T17/><D101/><U102/><E102/><V112/><F105/><W55/><G7/><T95/><D31/><U127/><E134/><V59/><F135/><W26/><G120/><T20/><D6/><U5/><E5/><N who="2" m="3343" /><F112/><W119/><G119/><T40/><D54/><U89/><E127/><V76/><F11/><N who="0" m="4106" /><D44/><U63/><E89/><V72/><F72/><AGARI ba="2,0" hai="13,16,23,24,28,34,53,56,63,72,78,83,104,107" machi="72" ten="30,2900,0" yaku="7,1,54,1" doraHai="91" who="1" fromWho="2" sc="295,0,372,35,14,-35,319,0" owari="295,-10.0,407,50.0,-21,-52.0,319,12.0" /></mjloggm>