<mjloggm ver="2.3"><GO type="169" lobby="0"/><UN n0="%E3%82%A4%E3%82%AB%E3%81%AB%E3%82%82%E6%9D%B1%E5%8C%97" n1="%73%68%6F%35%35%35%35%35" n2="%E7%B6%BE%E7%80%AC%E5%B8%82%E6%B0%91" n3="%6B%75%72%6F%6D%61" dan="16,16,17,17" rate="2097.18,2097.84,2125.42,2173.23" sx="M,M,M,F"/><TAIKYOKU oya="0"/><INIT seed="0,0,0,1,3,91" ten="250,250,250,250" oya="0" hai0="121,86,44,45,64,76,71,109,129,105,118,127,21" hai1="132,28,123,115,27,135,116,42,9,7,25,12,35" hai2="92,84,39,77,95,36,72,20,50,93,38,2,134" hai3="103,17,66,67,65,8,75,3,31,52,130,40,0"/><T120/><D118/><U22/><E42/><V110/><F110/><W6/><G75/><T10/><D105/><U125/><E116/><V100/><F2/><W43/><G130/><T1/><D129/><U94/><E123/><V48/><F134/><N who="1" m="51241" /><E94/><V16/><F84/><W37/><G31/><T14/><D1/><U32/><E125/><V46/><F100/><W97/><G37/><T47/><D109/><U113/><E27/><V124/><F124/><W51/><G17/><T88/><D127/><U5/><E5/><V131/><F131/><W4/><G4/><T106/><D106/><U102/><E102/><V24/><REACH who="2" step="1"/><F46/><REACH who="2" ten="250,250,240,250" step="2"/><W85/><G85/><T29/><D121/><U74/><E74/><V13/><F13/><W90/><G0/><T79/><D120/><U81/><E81/><AGARI ba="0,1" hai="16,20,24,36,38,39,48,50,72,77,81,92,93,95" machi="81" ten="50,12000,2" yaku="1,1,52,3,54,1,53,1" doraHai="91" doraHaiUra="78" who="2" fromWho="1" sc="250,0,250,-120,240,130,250,0" /><INIT seed="1,0,0,2,1,47" ten="250,130,370,250" oya="1" hai0="130,112,121,84,76,124,46,9,55,58,100,37,75" hai1="132,19,62,117,61,77,10,122,120,24,87,43,34" hai2="56,54,41,39,7,113,17,2,86,50,110,127,5" hai3="134,14,33,107,38,94,51,67,115,97,78,103,27"/><U89/><E117/><V66/><F110/><W91/><G38/><T42/><D112/><U68/><E77/><V131/><F127/><W102/><G115/><T72/><D124/><U88/><E43/><V15/><F131/><W8/><G134/><T20/><D130/><U90/><E132/><V73/><F73/><W96/><G78/><T0/><D121/><U118/><E118/><V82/><F2/><W29/><G67/><T3/><D100/><U13/><E87/><V49/><F39/><W108/><G108/><T105/><D105/><U23/><E34/><V101/><F66/><W104/><G51/><N who="2" m="19465" /><F41/><W133/><G133/><T18/><D75/><U22/><E68/><V106/><F101/><W21/><G33/><T57/><D72/><U16/><REACH who="1" step="1"/><E22/><REACH who="1" ten="250,120,370,250" step="2"/><N who="2" m="11583" /><F113/><W135/><G135/><T79/><D42/><U99/><E99/><V53/><F106/><W31/><G107/><T69/><D37/><U71/><E71/><V126/><F126/><W60/><G104/><T25/><D69/><U40/><E40/><V36/><F36/><W12/><G97/><T74/><D74/><U98/><E98/><V32/><F32/><W6/><G103/><T123/><D123/><AGARI ba="0,1" hai="10,13,16,19,23,24,61,62,88,89,90,120,122,123" machi="123" ten="40,7700,0" yaku="1,1,54,2,53,0" doraHai="47" doraHaiUra="64" who="1" fromWho="0" sc="250,-77,120,87,370,0,250,0" /><INIT seed="1,1,0,3,4,43" ten="173,207,370,250" oya="1" hai0="116,126,84,88,82,11,75,115,93,63,28,132,110" hai1="100,21,18,31,61,114,53,122,66,120,77,51,7" hai2="49,40,45,125,72,39,3,26,27,121,106,0,131" hai3="76,41,118,83,99,130,1,119,86,133,94,10,59"/><U32/><E114/><V123/><F106/><W56/><G133/><T117/><D115/><U98/><E7/><V12/><F72/><W109/><G109/><T4/><D132/><U92/><E77/><V52/><F125/><W108/><G108/><T74/><D126/><U96/><E32/><V107/><F107/><W134/><G134/><T9/><D110/><U67/><E96/><V135/><F135/><W22/><G130/><T90/><D63/><U85/><E85/><V87/><F131/><W6/><G22/><T104/><D28/><U69/><E67/><V38/><F12/><W24/><G24/><T37/><D37/><U50/><E31/><V62/><F62/><W15/><G41/><T79/><D11/><U14/><REACH who="1" step="1"/><E51/><REACH who="1" ten="173,197,370,250" step="2"/><V16/><F39/><W71/><G1/><T113/><D113/><U20/><E20/><V8/><F0/><W129/><G129/><T78/><D4/><U124/><E124/><V17/><F3/><W34/><G34/><T112/><D112/><U102/><E102/><V54/><F38/><W46/><G86/><N who="0" m="52375" /><D9/><U80/><E80/><V25/><F8/><W35/><G83/><N who="0" m="45535" /><D104/><U19/><E19/><V42/><F17/><W103/><G10/><T73/><D73/><U44/><AGARI ba="1,1" hai="14,18,21,44,50,53,61,66,69,92,98,100,120,122" machi="44" ten="20,12000,1" yaku="1,1,0,1,7,1,52,1,53,1" doraHai="43" doraHaiUra="97" who="1" fromWho="1" sc="173,-41,197,133,370,-41,250,-41" /><INIT seed="1,2,0,3,0,70" ten="132,330,329,209" oya="1" hai0="124,89,54,129,72,64,90,23,66,57,99,41,7" hai1="81,75,131,105,91,101,71,65,96,38,58,126,120" hai2="15,51,69,121,130,85,40,73,6,4,36,46,18" hai3="110,27,77,28,78,118,10,112,102,19,82,123,100"/><U63/><E120/><V48/><F121/><W93/><G123/><T32/><D32/><U132/><E131/><V76/><F73/><W56/><G112/><T16/><D72/><U30/><E126/><V55/><F130/><W42/><G110/><T116/><D116/><U37/><E132/><V49/><F69/><W2/><G77/><T39/><D129/><U113/><E113/><V79/><F55/><W43/><G56/><T135/><D124/><U61/><E30/><V26/><F26/><W95/><G95/><T35/><D35/><U25/><E25/><V92/><F79/><W59/><G59/><T80/><D7/><U122/><E122/><V68/><F68/><W87/><G102/><T1/><D1/><U109/><E109/><V3/><F3/><W74/><G74/><T108/><D89/><U103/><E101/><V44/><F44/><W47/><G47/><N who="0" m="23999" /><D80/><U114/><E114/><V128/><F128/><W34/><G118/><T117/><D117/><U115/><E115/><V14/><F14/><W29/><G29/><T50/><D108/><U133/><E133/><V0/><F0/><W13/><REACH who="3" step="1"/><G2/><REACH who="3" ten="132,330,329,199" step="2"/><T22/><D135/><U52/><REACH who="1" step="1"/><E75/><REACH who="1" ten="132,320,329,199" step="2"/><V5/><F92/><W31/><G31/><T17/><D90/><U83/><E83/><V33/><F33/><W119/><G119/><T53/><D99/><AGARI ba="2,2" hai="10,13,19,27,28,34,42,43,78,82,87,93,99,100" machi="99" ten="40,1300,0" yaku="1,1,53,0" doraHai="70" doraHaiUra="125" who="3" fromWho="0" sc="132,-19,320,0,329,0,199,39" /><INIT seed="2,0,0,0,5,107" ten="113,320,329,238" oya="2" hai0="33,38,134,15,104,117,53,77,49,103,27,45,102" hai1="114,20,96,116,97,70,47,63,58,76,112,55,133" hai2="29,78,124,123,111,75,72,93,46,36,91,30,121" hai3="66,131,42,73,31,127,115,9,40,28,5,57,65"/><V37/><F78/><W79/><G127/><T113/><D113/><U43/><E116/><V130/><F46/><W68/><G68/><T109/><D117/><U24/><E133/><V98/><F124/><W119/><G119/><T8/><D134/><U6/><E6/><V88/><F93/><W52/><G131/><T106/><D109/><U90/><E70/><V94/><F94/><W7/><G115/><T82/><D38/><N who="2" m="14954" /><F98/><W21/><G73/><N who="2" m="28233" /><F111/><W16/><G79/><T25/><D104/><U101/><E76/><V74/><F74/><W67/><G40/><T34/><D106/><U59/><E97/><V56/><F56/><W41/><G42/><T10/><D77/><U11/><E59/><V60/><F60/><N who="3" m="35879" /><G41/><T125/><D45/><U85/><E47/><V14/><F14/><N who="3" m="5439" /><G5/><T89/><D15/><AGARI ba="0,0" hai="15,16,21,28,31,65,66,67" m="5439,35879" machi="15" ten="30,3900,0" yaku="8,1,54,2" doraHai="107" who="3" fromWho="0" sc="113,-39,320,0,329,0,238,39" /><INIT seed="3,0,0,2,5,34" ten="74,320,329,277" oya="3" hai0="97,2,48,133,91,70,126,119,33,17,127,86,104" hai1="3,131,92,90,115,13,61,26,67,25,89,94,24" hai2="134,39,27,31,23,132,18,16,121,123,116,71,108" hai3="113,101,58,78,110,95,36,105,56,21,40,130,5"/><W43/><G113/><T12/><D119/><U53/><E115/><V111/><F71/><W64/><G105/><T122/><D122/><N who="2" m="46602" /><F116/><W117/><G117/><T4/><D70/><U37/><E37/><V109/><F39/><W98/><G130/><T38/><D38/><U100/><E100/><V135/><AGARI ba="0,0" hai="16,18,23,27,31,108,109,111,132,134,135" m="46602" machi="135" ten="50,12000,2" yaku="14,1,20,1,13,1,34,2,54,1" doraHai="34" who="2" fromWho="2" sc="74,-30,320,-30,329,120,277,-60" /><INIT seed="4,0,0,1,0,18" ten="44,290,449,217" oya="0" hai0="51,102,111,58,132,2,29,47,57,16,87,49,48" hai1="109,25,68,89,117,128,65,103,116,73,76,83,85" hai2="22,24,90,44,107,26,33,121,101,82,0,27,131" hai3="64,6,79,61,115,99,104,112,19,81,77,70,13"/><T15/><D132/><U39/><E39/><V122/><F131/><W10/><G104/><T40/><D111/><U60/><E109/><V9/><F33/><W127/><G127/><T62/><D2/><U74/><E128/><V86/><F44/><W5/><G99/><T14/><D102/><U50/><E74/><V126/><F126/><W129/><G129/><T1/><D1/><U124/><E124/><V105/><F121/><W7/><G81/><T75/><D75/><U30/><E50/><V41/><F41/><W80/><REACH who="3" step="1"/><G80/><REACH who="3" ten="44,290,449,207" step="2"/><T113/><D113/><AGARI ba="0,1" hai="5,6,7,10,13,19,61,64,70,77,79,112,113,115" machi="113" ten="40,5200,0" yaku="1,1,2,1,15,1,53,0" doraHai="18" doraHaiUra="92" who="3" fromWho="0" sc="44,-52,290,0,449,0,207,62" owari="-8,-51.0,290,9.0,449,55.0,269,-13.0" /></mjloggm>