<mjloggm ver="2.3"><GO type="169" lobby="0"/><UN n0="%E3%81%8D%E3%81%BF%E3%81%A9%E3%82%8A%E3%82%93" n1="%E4%B8%BB%E5%B8%AD" n2="%E5%90%8D%E5%89%8D%E6%9C%AA%E5%AE%9A" n3="%E3%81%B5%E3%81%98%E3%81%8B%E3%81%A4" dan="17,16,17,16" rate="2186.55,2147.98,2121.71,2108.58" sx="F,M,M,M"/><TAIKYOKU oya="0"/><INIT seed="0,0,0,0,5,81" ten="250,250,250,250" oya="0" hai0="29,42,120,63,30,88,133,53,56,31,97,68,32" hai1="104,47,0,100,105,99,90,110,132,28,19,74,17" hai2="21,82,91,107,130,54,60,66,37,102,69,3,6" hai3="4,76,38,126,72,43,9,5,93,134,80,25,36"/><T46/><D120/><U2/><E74/><V128/><F37/><W79/><G134/><T83/><D133/><U89/><E132/><V11/><F21/><W98/><G126/><T67/><D32/><U45/><E99/><V20/><F102/><W70/><G70/><T14/><D14/><U49/><E49/><V115/><F107/><W35/><G76/><T92/><D83/><U13/><E13/><V75/><F115/><W124/><G124/><T114/><D114/><U15/><E15/><V12/><F54/><W123/><G123/><T16/><D16/><U84/><E100/><V39/><F39/><W103/><G4/><T8/><D8/><U50/><E50/><V118/><F118/><W117/><G117/><T33/><D33/><U57/><E57/><V78/><F91/><W112/><G112/><T23/><D68/><U135/><E135/><V122/><F122/><W108/><G43/><T77/><D77/><U106/><E28/><V44/><F44/><N who="1" m="16969" /><E110/><V55/><F55/><W22/><G35/><T101/><D101/><U40/><E40/><V1/><REACH who="2" step="1"/><F20/><REACH who="2" ten="250,250,240,250" step="2"/><W87/><G108/><T18/><D53/><U34/><E34/><V24/><F24/><W51/><G72/><T71/><D46/><U96/><E89/><V48/><F48/><W86/><G51/><T62/><D42/><U116/><E116/><V131/><AGARI ba="0,1" hai="1,3,6,11,12,60,66,69,75,78,82,128,130,131" machi="131" ten="30,4000,0" yaku="1,1,0,1,19,1,53,0" doraHai="81" doraHaiUra="129" who="2" fromWho="2" sc="250,-20,250,-10,240,50,250,-10" /><INIT seed="1,0,0,0,1,125" ten="230,240,290,240" oya="1" hai0="93,23,94,25,74,43,31,40,30,97,120,131,116" hai1="35,39,64,57,114,126,112,46,36,79,56,38,51" hai2="9,28,34,32,108,71,80,16,129,2,24,69,72" hai3="113,3,12,68,47,4,8,41,123,75,5,121,90"/><U81/><E35/><V22/><F108/><W91/><G113/><N who="1" m="43626" /><E81/><V102/><F102/><W83/><G68/><T29/><D116/><U11/><E79/><V13/><F34/><W7/><G7/><T99/><D74/><U95/><E95/><V132/><F132/><W134/><G134/><T60/><D120/><U54/><E11/><V17/><F129/><W118/><G118/><T88/><D131/><U110/><E126/><V105/><F105/><W109/><G109/><T63/><D43/><U103/><E103/><V127/><F127/><W37/><G91/><N who="0" m="55487" /><D40/><U92/><E92/><V10/><F10/><N who="3" m="2335" /><G90/><T117/><D117/><U53/><E110/><V44/><F44/><W85/><G85/><T122/><D122/><U18/><E18/><AGARI ba="0,0" hai="18,23,25,29,30,31,60,63,88,94,99" m="55487" machi="18" ten="30,2000,0" yaku="8,1,54,1" doraHai="125" who="0" fromWho="1" sc="230,20,240,-20,290,0,240,0" /><INIT seed="2,0,0,4,1,38" ten="250,220,290,240" oya="2" hai0="12,62,60,92,22,77,112,35,67,122,71,134,73" hai1="82,87,15,83,135,120,90,30,59,25,101,128,127" hai2="94,44,47,4,31,79,89,121,133,61,93,117,39" hai3="0,115,50,105,113,16,97,17,76,52,66,13,33"/><V8/><F117/><W86/><G33/><T88/><D122/><U54/><E120/><V116/><F116/><W78/><G0/><T106/><D35/><U132/><E101/><V70/><F121/><W69/><G105/><T58/><D112/><N who="3" m="43081" /><G97/><T81/><D106/><U46/><E46/><V68/><F31/><W131/><G131/><T43/><D134/><N who="1" m="51243" /><E15/><V102/><F79/><N who="3" m="30251" /><G86/><T118/><D118/><U42/><E127/><V130/><F130/><W85/><G85/><T114/><D114/><U32/><E128/><V34/><F34/><W36/><G36/><T124/><D124/><U110/><E110/><V72/><F72/><W11/><G69/><T14/><D22/><U37/><E37/><V100/><F39/><W95/><G66/><T109/><D109/><U20/><E32/><V10/><F89/><W48/><G95/><T108/><D108/><U129/><E129/><V119/><F119/><W123/><G123/><T51/><D71/><U27/><E83/><V1/><F133/><W2/><G2/><T65/><D65/><U55/><E82/><V96/><F1/><W5/><G50/><T98/><REACH who="0" step="1"/><D62/><REACH who="0" ten="240,220,290,240" step="2"/><U40/><E20/><V9/><F61/><W23/><G23/><T103/><D103/><U45/><E90/><V125/><F125/><W28/><G28/><T24/><D24/><U99/><E25/><V80/><F70/><W29/><G29/><T21/><D21/><U19/><E30/><V104/><F68/><W75/><G75/><T7/><D7/><U41/><E27/><V26/><F104/><W53/><G48/><T57/><D57/><RYUUKYOKU ba="0,1" sc="240,15,220,-15,290,-15,240,15" hai0="12,14,43,51,58,60,67,73,77,81,88,92,98" hai3="5,11,13,16,17,52,53" /><INIT seed="3,1,1,4,3,112" ten="255,205,275,255" oya="3" hai0="41,23,0,114,61,38,75,98,77,72,115,78,58" hai1="117,70,13,105,124,27,73,97,96,99,104,51,48" hai2="34,126,40,56,65,7,4,68,52,28,42,31,81" hai3="100,125,21,5,83,80,106,8,1,92,43,108,16"/><W87/><G125/><T19/><D0/><U130/><E73/><V66/><F126/><W93/><G108/><T10/><D10/><U35/><E124/><V2/><F68/><W15/><G43/><N who="2" m="16425" /><F81/><W32/><G32/><T121/><D121/><U88/><E70/><V128/><F2/><W102/><G106/><T62/><D62/><U14/><E130/><V74/><F74/><W6/><G6/><N who="2" m="2089" /><F34/><W119/><G119/><T11/><D11/><U37/><E37/><V110/><F128/><W47/><G47/><T9/><D9/><U26/><E35/><V95/><F95/><W17/><G17/><T64/><D98/><U91/><E97/><V36/><F36/><W123/><G123/><T122/><D75/><U82/><E82/><V107/><F107/><W109/><G109/><T22/><D72/><U49/><E49/><N who="2" m="30735" /><F110/><W85/><G93/><T50/><D38/><U59/><E59/><V116/><F116/><AGARI ba="1,1" hai="13,14,26,27,48,51,88,91,96,99,104,105,116,117" machi="116" ten="25,8000,1" yaku="22,2,52,2,54,1" doraHai="112" who="1" fromWho="2" sc="255,0,205,93,275,-83,255,0" /><INIT seed="4,0,0,1,4,130" ten="255,298,192,255" oya="0" hai0="132,29,6,50,61,76,77,33,69,34,131,8,103" hai1="10,71,45,83,32,48,127,106,111,94,23,43,37" hai2="11,85,113,66,40,123,91,64,134,52,119,70,78" hai3="128,31,126,39,59,27,20,93,80,26,2,0,36"/><T58/><D131/><U90/><E106/><V38/><F123/><W42/><G128/><T22/><D69/><U101/><E32/><V72/><F113/><W4/><G126/><T112/><D112/><U100/><E111/><V87/><F72/><W96/><G80/><T117/><D117/><U86/><E71/><V105/><F105/><W15/><G27/><T49/><D103/><U9/><E127/><V74/><F74/><W92/><G92/><T56/><D22/><U97/><E101/><V118/><F40/><W114/><G114/><T54/><D132/><U68/><E68/><V73/><F73/><W79/><G79/><T89/><D89/><U95/><E37/><V55/><F38/><W133/><G133/><T17/><D17/><U65/><E65/><V47/><F78/><W67/><G42/><T129/><D50/><U28/><E83/><V57/><F70/><W104/><G104/><T46/><D58/><U19/><REACH who="1" step="1"/><E28/><REACH who="1" ten="255,288,192,255" step="2"/><V62/><F119/><W44/><G36/><T110/><D129/><U115/><E115/><V63/><F118/><W109/><G39/><T60/><D34/><U135/><E135/><V25/><F134/><W84/><G67/><T51/><D29/><U102/><E102/><V21/><F66/><W98/><G31/><T122/><D33/><U107/><E107/><V35/><F35/><W18/><G109/><T7/><D110/><U1/><E1/><V99/><F64/><W81/><G0/><N who="0" m="71" /><D122/><U53/><E53/><V16/><F55/><W5/><G2/><T121/><D121/><U12/><AGARI ba="0,1" hai="9,10,12,19,23,43,45,48,86,90,94,95,97,100" machi="12" ten="20,8000,1" yaku="1,1,0,1,7,1,8,1,53,1" doraHai="130" doraHaiUra="41" who="1" fromWho="1" sc="255,-40,288,90,192,-20,255,-20" /><INIT seed="5,0,0,1,3,34" ten="215,378,172,235" oya="1" hai0="115,9,42,125,110,100,58,128,74,30,75,2,0" hai1="122,66,76,96,104,40,57,37,81,109,97,98,59" hai2="7,80,101,20,55,123,48,39,6,61,92,121,88" hai3="103,94,4,32,45,84,22,86,106,35,38,19,62"/><U89/><E122/><V79/><F39/><W8/><G106/><T46/><D110/><U108/><E104/><V53/><F101/><W130/><G130/><T23/><D58/><U11/><E89/><V77/><F61/><W16/><G86/><T56/><D56/><U119/><E119/><V71/><F71/><W52/><G19/><T124/><D115/><U95/><E95/><V60/><F60/><W105/><G105/><T10/><D100/><U113/><E113/><V21/><F48/><W27/><G38/><T12/><D23/><U87/><E37/><V117/><F92/><W15/><G62/><T107/><D30/><U33/><E40/><V112/><F112/><W133/><G133/><T67/><D67/><U69/><E69/><V31/><F31/><W114/><G114/><T65/><D65/><U73/><E73/><N who="0" m="27657" /><D10/><U18/><E33/><V36/><F36/><W47/><G47/><T68/><D68/><U131/><E131/><V72/><F72/><W26/><G26/><T90/><D90/><U70/><E70/><V49/><F49/><W134/><G134/><T25/><D25/><U54/><E66/><V99/><F88/><N who="3" m="53511" /><G103/><T5/><D107/><U132/><E132/><V83/><REACH who="2" step="1"/><F99/><REACH who="2" ten="215,378,162,235" step="2"/><W3/><G35/><T93/><D93/><U64/><E97/><V85/><F85/><W118/><G118/><AGARI ba="0,1" hai="6,7,20,21,53,55,77,79,80,83,117,118,121,123" machi="118" ten="25,3200,0" yaku="1,1,22,2,53,0" doraHai="34" doraHaiUra="24" who="2" fromWho="3" sc="215,0,378,0,162,42,235,-32" /><INIT seed="6,0,0,0,2,20" ten="215,378,204,203" oya="2" hai0="66,44,82,64,114,17,96,87,117,5,105,23,130" hai1="128,65,29,42,60,111,102,46,56,88,43,100,27" hai2="97,14,104,126,123,91,116,122,107,48,72,30,93" hai3="49,58,131,119,7,115,94,4,89,135,21,86,76"/><V127/><F30/><W47/><G119/><T22/><D114/><U103/><E111/><V95/><F14/><W80/><G115/><T81/><D130/><U90/><E128/><V108/><F48/><W57/><G131/><T61/><D5/><U9/><E9/><V63/><F63/><W31/><G135/><T106/><D117/><U59/><E59/><V45/><F45/><W55/><G58/><T53/><D82/><U125/><E125/><N who="2" m="47627" /><F72/><W8/><G57/><T15/><D23/><N who="1" m="15615" /><E46/><V35/><F35/><W99/><G8/><T68/><D66/><U71/><E71/><V13/><F13/><W85/><REACH who="3" step="1"/><G99/><REACH who="3" ten="215,378,204,193" step="2"/><T12/><D96/><U25/><E56/><V32/><F116/><W77/><G77/><T67/><D67/><U37/><E65/><V52/><F108/><W54/><G54/><T69/><D69/><U28/><E42/><V73/><F52/><W79/><G79/><T120/><D53/><U113/><E43/><V92/><F73/><W0/><G0/><T62/><D44/><U38/><E113/><V24/><F91/><W2/><G2/><T10/><D62/><U16/><E90/><V112/><F112/><W110/><G110/><T39/><D61/><U133/><E60/><V26/><F97/><W134/><G134/><T98/><D98/><U70/><E133/><V121/><F32/><W84/><G84/><T118/><D64/><U34/><E70/><V78/><F78/><W124/><G124/><T132/><D118/><U11/><E88/><V40/><F40/><W33/><G33/><T75/><D132/><U83/><E34/><RYUUKYOKU ba="0,1" sc="215,-15,378,-15,204,15,193,15" hai2="24,26,92,93,95,104,107,121,122,123" hai3="4,7,21,31,47,49,55,76,80,85,86,89,94" /><INIT seed="6,1,1,2,1,22" ten="200,363,219,208" oya="2" hai0="11,114,104,32,54,48,58,135,134,57,113,123,116" hai1="95,121,103,126,63,101,67,70,15,25,78,6,131" hai2="26,28,4,94,86,52,41,3,31,125,93,80,89" hai3="0,37,74,77,76,29,111,7,91,122,129,105,79"/><V42/><F125/><W39/><G122/><T109/><D32/><U49/><E126/><V46/><F3/><W88/><G105/><T33/><D33/><U1/><E131/><V119/><F4/><W51/><G111/><T132/><D104/><U73/><E121/><V12/><F12/><W59/><G129/><T20/><D123/><U10/><E73/><V14/><F14/><W8/><G74/><T5/><D20/><U130/><E78/><V108/><F119/><W117/><G117/><T56/><D116/><U18/><E130/><V133/><F133/><W127/><G127/><T66/><D109/><U112/><E112/><N who="0" m="43113" /><D66/><U99/><E49/><N who="2" m="28727" /><F108/><W27/><G51/><T97/><D97/><U16/><E103/><V2/><F2/><AGARI ba="1,1" hai="2,5,11,48,54,56,57,58,132,134,135" m="43113" machi="2" ten="40,2600,0" yaku="20,1,15,1" doraHai="22" who="0" fromWho="2" sc="200,39,363,0,219,-29,208,0" /><INIT seed="7,0,0,5,0,119" ten="239,363,190,208" oya="3" hai0="89,51,7,19,75,87,1,93,57,42,38,53,54" hai1="132,16,85,15,63,20,103,116,81,72,41,100,13" hai2="114,99,112,76,33,115,61,28,59,55,80,49,37" hai3="65,104,21,123,18,0,101,11,118,122,135,134,4"/><W36/><G36/><T126/><D75/><U127/><E72/><N who="2" m="43015" /><F37/><W74/><G74/><T48/><D126/><U25/><E127/><V82/><F82/><W110/><G118/><T26/><D1/><U113/><E116/><V71/><F99/><N who="3" m="61503" /><G65/><T40/><D7/><U39/><E132/><N who="3" m="50730" /><G110/><T109/><D38/><U27/><E113/><N who="2" m="28931" /><V86/><DORA hai="84" /><F86/><W97/><G97/><T124/><D109/><U70/><E70/><V120/><F71/><W130/><G130/><T128/><D128/><U10/><E63/><V50/><F120/><N who="3" m="46123" /><G18/><T66/><D66/><U44/><E103/><V83/><F83/><W98/><G98/><T46/><D124/><U79/><E100/><V88/><F88/><W60/><G21/><AGARI ba="0,0" hai="19,21,26,40,42,46,48,51,53,54,57,87,89,93" machi="21" ten="40,2600,0" yaku="8,1,52,1" doraHai="119,84" who="0" fromWho="3" sc="239,26,363,0,190,0,208,-26" owari="265,7.0,363,46.0,190,-21.0,182,-32.0" /></mjloggm>