<mjloggm ver="2.3"><GO type="185" lobby="0"/><UN n0="%EF%BC%BC%28%EF%BC%BE%6F%EF%BC%BE%29%EF%BC%8F%E2%98%85" n1="%E3%81%B5%E3%81%96%E3%81%91%E3%82%8B%E3%83%9F%EF%BC%81" n2="%E9%BE%8D%E5%B9%B3" n3="" dan="20,17,16,0" rate="2241.83,2208.86,2172.21,1500.00" sx="M,M,M,C"/><TAIKYOKU oya="0"/><INIT seed="0,0,0,2,5,70" ten="350,350,350,0" oya="0" hai0="103,72,43,39,135,102,49,65,99,2,124,46,117" hai1="113,60,64,38,75,131,97,83,41,87,52,80,123" hai2="101,112,71,134,119,114,118,130,32,126,56,68,122" hai3=""/><T47/><D2/><U116/><N who="1" m="31520" /><U86/><E116/><V104/><N who="2" m="31264" /><V93/><F32/><T105/><D117/><N who="2" m="44554" /><F93/><T3/><D3/><U35/><E35/><V91/><F91/><T81/><D135/><U133/><E133/><V45/><F134/><T82/><D124/><U129/><E97/><V128/><F101/><T55/><D72/><U61/><E64/><V44/><F104/><T125/><D125/><U73/><E41/><V53/><F126/><T42/><D103/><U121/><N who="1" m="31008" /><U109/><E52/><V59/><F68/><T127/><D127/><U90/><E90/><V36/><F71/><T63/><REACH who="0" step="1"/><D43/><REACH who="0" ten="340,350,350,0" step="2"/><U100/><E100/><V94/><F114/><T120/><N who="0" m="30752" /><T40/><D40/><U54/><E113/><V57/><F112/><T1/><D1/><U69/><E75/><V50/><F130/><T98/><D98/><U78/><E73/><V111/><F128/><T115/><D115/><U108/><E131/><V66/><F66/><T107/><D107/><U67/><E129/><V58/><F53/><T85/><D85/><U79/><E54/><V89/><F50/><T62/><D62/><U92/><E61/><V76/><F36/><T48/><D48/><U95/><E38/><RYUUKYOKU ba="0,1" sc="340,10,350,10,350,-20,0,0" hai0="39,42,46,47,49,55,63,65,81,82,99,102,105" hai1="60,67,69,78,79,80,83,86,87,92,95,108,109" /><INIT seed="0,1,1,4,5,78" ten="350,360,330,0" oya="0" hai0="103,81,3,62,59,87,117,69,115,37,132,71,88" hai1="96,53,109,52,113,110,100,134,0,46,104,61,102" hai2="133,83,39,111,123,94,1,64,116,75,124,36,32" hai3=""/><T97/><D3/><U43/><E0/><V45/><RYUUKYOKU type="yao9" ba="1,1" sc="350,0,360,0,330,0,0,0" hai2="1,32,36,39,45,64,75,83,94,111,116,123,124,133" /><INIT seed="0,2,1,5,0,132" ten="350,360,330,0" oya="0" hai0="113,51,56,36,48,62,89,77,39,49,88,40,57" hai1="111,47,34,76,71,33,127,43,117,44,75,91,55" hai2="68,98,135,63,3,60,32,66,123,112,128,101,84" hai3=""/><T115/><D77/><U108/><E117/><V97/><N who="2" m="31520" /><V58/><F3/><T96/><D96/><U93/><E71/><V133/><F32/><T129/><D129/><U73/><E55/><V72/><F72/><T114/><D40/><U102/><E102/><V59/><F112/><T116/><D116/><U134/><E93/><V65/><F68/><T105/><D105/><U100/><E100/><V130/><F84/><T120/><N who="0" m="30752" /><T125/><D125/><U86/><E76/><V61/><F61/><T110/><D110/><U126/><E43/><V78/><F78/><T67/><REACH who="0" step="1"/><D56/><REACH who="0" ten="340,360,330,0" step="2"/><U74/><E111/><V52/><F101/><T54/><D54/><AGARI ba="2,2" hai="52,54,58,59,60,63,65,66,97,98,128,130,133,135" m="31520" machi="54" ten="25,6400,0" yaku="22,2,52,1,54,1" doraHai="132" who="2" fromWho="0" sc="340,-68,360,0,330,88,0,0" /><INIT seed="1,0,0,4,4,81" ten="272,360,418,0" oya="1" hai0="114,133,58,123,3,61,62,37,65,110,52,128,71" hai1="106,54,130,88,73,55,98,135,76,66,104,124,103" hai2="77,74,93,57,97,39,59,92,64,119,115,109,85" hai3=""/><U0/><E0/><V51/><F39/><T113/><N who="0" m="31520" /><T75/><D3/><U45/><E135/><V41/><F119/><T102/><D133/><U80/><E130/><V127/><F115/><T70/><D75/><U121/><N who="1" m="31008" /><U117/><E117/><V86/><F127/><T91/><D128/><U116/><E116/><V79/><F109/><T122/><N who="0" m="31264" /><T38/><D102/><U47/><E106/><V40/><F74/><T84/><D110/><U105/><E105/><V112/><F112/><T99/><D114/><U83/><E124/><V126/><F126/><T72/><D72/><U67/><E54/><V48/><F97/><T82/><D113/><U63/><E55/><V120/><N who="2" m="30752" /><V44/><F64/><T56/><REACH who="0" step="1"/><D99/><REACH who="0" ten="262,360,418,0" step="2"/><U95/><E73/><V100/><F100/><T33/><D33/><U49/><E98/><V68/><F68/><AGARI ba="0,1" hai="37,38,52,56,58,61,62,65,68,70,71,82,84,91" m="31264,31520" machi="68" ten="40,8000,1" yaku="1,1,52,3,54,1,53,0" doraHai="81" doraHaiUra="42" who="0" fromWho="2" sc="262,90,360,0,418,-80,0,0" /><INIT seed="2,0,0,3,3,120" ten="352,360,338,0" oya="2" hai0="92,89,110,54,38,98,34,58,71,122,41,40,32" hai1="1,73,94,130,56,95,45,43,80,126,0,67,60" hai2="35,82,69,2,75,115,44,68,100,101,97,86,47" hai3=""/><V57/><F35/><T39/><N who="0" m="31264" /><T96/><D71/><U133/><E133/><V81/><F2/><T121/><N who="0" m="31008" /><T76/><D76/><U46/><E130/><V64/><F115/><T51/><D110/><U102/><E126/><V99/><F57/><T79/><D79/><U49/><E73/><V66/><REACH who="2" step="1"/><F86/><REACH who="2" ten="352,360,328,0" step="2"/><T106/><D32/><U93/><E0/><V78/><F78/><T42/><REACH who="0" step="1"/><D34/><REACH who="0" ten="342,360,328,0" step="2"/><U36/><E1/><V124/><F124/><T108/><D108/><U103/><REACH who="1" step="1"/><E80/><REACH who="1" ten="342,350,328,0" step="2"/><V74/><AGARI ba="0,3" hai="44,47,64,66,68,69,74,75,81,82,97,99,100,101" machi="74" ten="25,12000,2" yaku="1,1,0,1,22,2,53,2" doraHai="120" doraHaiUra="105" who="2" fromWho="2" sc="342,-60,350,-60,328,150,0,0" /><INIT seed="2,1,0,5,1,57" ten="282,290,478,0" oya="2" hai0="78,119,37,46,85,109,79,117,69,108,40,47,56" hai1="103,135,38,63,124,64,80,94,122,106,129,54,71" hai2="43,134,42,68,49,95,125,132,127,55,41,76,113" hai3=""/><V118/><F118/><N who="0" m="45066" /><D85/><U128/><N who="1" m="31264" /><U1/><E1/><V45/><F76/><T32/><D32/><U116/><E116/><V110/><F113/><T114/><D79/><U53/><E124/><N who="2" m="47691" /><F95/><T33/><D78/><U51/><E38/><V131/><F110/><N who="0" m="42602" /><D33/><U50/><E106/><V67/><F131/><N who="1" m="50249" /><E135/><N who="2" m="51755" /><F67/><T92/><D92/><U107/><E94/><V59/><F68/><T91/><D91/><U72/><E72/><V73/><F73/><T81/><D81/><U104/><E80/><V112/><F112/><T84/><D84/><U58/><E103/><V61/><AGARI ba="1,0" hai="41,42,43,45,49,55,59,61" m="51755,47691" machi="61" ten="30,8000,1" yaku="18,1,20,1,34,2,52,1" doraHai="57" who="2" fromWho="2" sc="282,-41,290,-41,478,82,0,0" /><INIT seed="2,2,0,0,4,85" ten="241,249,560,0" oya="2" hai0="100,132,104,58,55,34,62,49,47,61,57,109,65" hai1="53,77,89,95,40,90,80,72,45,99,131,133,75" hai2="68,52,59,43,94,1,113,82,67,114,93,121,128" hai3=""/><V83/><N who="2" m="31008" /><V88/><F1/><T116/><D34/><U81/><E133/><V42/><F68/><T51/><D104/><U76/><E131/><V3/><F67/><T64/><D100/><U35/><E53/><V107/><F107/><T56/><D109/><U84/><E35/><V110/><F3/><T0/><D0/><U124/><E124/><V103/><F110/><T97/><D97/><U73/><E45/><V70/><F70/><T86/><D86/><U60/><E60/><N who="0" m="23145" /><D116/><U123/><N who="1" m="31520" /><U74/><E40/><V44/><F42/><T122/><N who="0" m="31264" /><T37/><D132/><U98/><E98/><V48/><F128/><T119/><D119/><U92/><AGARI ba="2,0" hai="72,73,74,75,76,77,80,81,84,89,90,92,95,99" m="31520" machi="92" ten="20,18000,4" yaku="0,1,7,1,9,1,35,6,52,3" doraHai="85" who="1" fromWho="1" sc="241,-62,249,184,560,-122,0,0" /><INIT seed="4,0,0,1,1,44" ten="179,433,438,0" oya="0" hai0="72,34,125,68,56,133,118,71,36,3,74,123,79" hai1="47,0,69,85,111,130,54,116,104,65,101,132,73" hai2="39,35,96,70,121,61,115,117,42,91,62,38,128" hai3=""/><T2/><D56/><U89/><E0/><N who="0" m="41" /><D79/><U100/><E111/><V93/><N who="2" m="31008" /><V50/><F35/><T102/><N who="0" m="31520" /><T114/><D102/><U98/><E89/><V40/><F117/><T80/><D80/><U77/><E116/><V106/><F106/><T110/><D118/><U32/><E104/><V46/><F128/><T76/><D76/><U86/><E130/><V57/><F115/><T43/><D43/><U88/><E100/><V37/><F70/><N who="0" m="26666" /><D114/><U107/><E101/><V78/><F78/><T103/><D103/><U45/><E107/><V63/><REACH who="2" step="1"/><F42/><REACH who="2" ten="179,433,428,0" step="2"/><T1/><D1/><U82/><E77/><V48/><F48/><T53/><D110/><U95/><E69/><V105/><F105/><T59/><D34/><U99/><E32/><V87/><F87/><T84/><D84/><U97/><E86/><V51/><F51/><T75/><D36/><U112/><E85/><V108/><F108/><T64/><D125/><U109/><E112/><V113/><F113/><T131/><D131/><U67/><E109/><V52/><AGARI ba="0,1" hai="37,38,39,40,46,50,52,57,61,62,63,91,93,96" m="31008" machi="52" ten="30,6000,1" yaku="1,1,0,1,52,2,54,1,53,0" doraHai="44" doraHaiUra="120" who="2" fromWho="2" sc="179,-40,433,-20,428,70,0,0" /><INIT seed="5,0,0,3,5,98" ten="139,413,498,0" oya="1" hai0="62,110,81,74,90,127,95,84,100,123,126,0,130" hai1="121,99,40,51,119,108,133,75,80,94,53,104,82" hai2="120,58,93,71,101,33,45,113,114,55,34,83,124" hai3=""/><U67/><N who="1" m="31008" /><U36/><E119/><V97/><N who="2" m="30752" /><V59/><F71/><T87/><N who="0" m="31520" /><T61/><D0/><U125/><E125/><N who="0" m="47625" /><D61/><U68/><E133/><V122/><N who="2" m="31264" /><V72/><F124/><T1/><D62/><U32/><E104/><V50/><F72/><T111/><D1/><U77/><E80/><V86/><F59/><T96/><D130/><U118/><E118/><V46/><F34/><T52/><D52/><U49/><E108/><N who="0" m="41513" /><D87/><U3/><E32/><V44/><F33/><T48/><D48/><U109/><E109/><V132/><F132/><T2/><D2/><U38/><E3/><V91/><AGARI ba="0,0" hai="44,45,46,50,55,58,83,86,91,93,97,101,113,114" m="31264,30752" machi="91" ten="30,5900,0" yaku="0,1,52,3" doraHai="98" who="2" fromWho="2" sc="139,-20,413,-39,498,59,0,0" /><INIT seed="6,0,0,5,4,108" ten="119,374,557,0" oya="2" hai0="87,112,129,61,53,45,41,76,69,135,119,51,57" hai1="35,77,37,2,79,0,106,130,68,56,74,58,111" hai2="34,81,42,43,75,124,115,97,126,65,70,48,82" hai3=""/><V114/><F34/><T120/><D87/><U118/><E58/><V113/><F97/><T80/><D80/><N who="2" m="30826" /><F75/><T103/><D103/><U117/><E56/><V102/><F102/><T132/><N who="0" m="30752" /><T73/><D76/><U89/><E89/><V33/><F33/><T78/><D78/><U54/><E54/><V64/><F48/><T40/><D73/><U90/><E90/><V67/><F70/><T100/><D100/><U104/><E79/><V127/><AGARI ba="0,0" hai="42,43,64,65,67,113,114,115,124,126,127" m="30826" machi="127" ten="50,16000,3" yaku="29,2,28,2,15,1,18,1,52,3" doraHai="108" who="2" fromWho="2" sc="119,-80,374,-80,557,160,0,0" owari="39,-56.0,294,-11.0,717,67.0,0,0.0" /></mjloggm>