<mjloggm ver="2.3"><GO type="169" lobby="0"/><UN n0="%E3%82%AB%E3%83%A1%E3%83%83%E3%82%AF%E3%82%B9" n1="%E9%81%8A%E3%81%B3%E5%BF%83" n2="%E3%81%AF%E3%81%98%E3%82%81%E3%81%A3%E3%81%A1" n3="%E8%8A%B1%E6%BE%A4%E3%83%91%E3%82%AF%E3%83%81%E3%83%BC" dan="16,18,17,17" rate="2142.07,2206.88,2221.86,2207.91" sx="M,M,F,M"/><TAIKYOKU oya="0"/><INIT seed="0,0,0,3,1,111" ten="250,250,250,250" oya="0" hai0="112,133,69,16,125,66,87,64,67,72,84,68,122" hai1="51,95,115,126,30,4,8,44,47,31,74,63,22" hai2="70,19,36,108,103,27,92,120,116,114,98,41,48" hai3="129,77,1,99,88,79,131,109,119,82,59,71,78"/><T26/><D72/><U5/><E74/><V90/><F120/><W7/><G71/><T18/><D122/><U32/><E32/><V130/><F108/><W117/><G109/><T2/><D2/><U40/><E126/><V118/><F130/><N who="3" m="49675" /><G1/><T106/><D106/><U61/><E44/><V89/><F70/><W97/><G7/><T20/><D125/><U94/><E115/><V28/><F36/><W10/><G10/><T91/><D112/><U128/><E128/><V85/><F19/><W43/><G43/><T100/><D100/><U52/><E40/><V104/><F114/><W135/><G135/><T86/><D133/><U14/><E4/><V23/><F41/><W53/><G59/><T9/><D69/><U93/><REACH who="1" step="1"/><E22/><REACH who="1" ten="250,240,250,250" step="2"/><V55/><F118/><N who="3" m="45067" /><G53/><T3/><D68/><U15/><E15/><V33/><F116/><W62/><G62/><AGARI ba="0,1" hai="5,8,14,30,31,47,51,52,61,62,63,93,94,95" machi="62" ten="40,8000,1" yaku="1,1,8,1,54,1,53,1" doraHai="111" doraHaiUra="11" who="1" fromWho="3" sc="250,0,240,90,250,0,250,-80" /><INIT seed="1,0,0,5,3,1" ten="250,330,250,170" oya="1" hai0="58,109,28,132,11,111,70,38,114,19,113,115,71" hai1="106,50,56,37,78,42,24,79,0,80,89,57,65" hai2="104,32,40,8,4,131,44,36,118,101,72,52,134" hai3="75,10,121,97,128,84,126,22,5,25,34,117,88"/><U30/><E106/><V59/><F118/><W54/><G121/><T53/><D28/><U64/><E37/><V116/><F116/><W60/><G117/><T91/><D91/><U103/><E103/><V15/><F134/><W46/><G128/><T48/><D19/><U82/><E0/><V105/><F131/><W35/><G126/><T31/><D11/><U55/><E42/><V20/><F32/><W68/><G75/><T67/><D31/><U49/><E89/><V39/><F72/><W120/><G120/><T63/><D132/><U119/><E119/><V90/><F36/><W108/><G108/><N who="0" m="41547" /><D38/><U127/><E127/><V62/><F101/><W112/><G112/><N who="0" m="28675" /><T26/><DORA hai="51" /><D26/><U66/><E24/><V77/><F77/><N who="1" m="29193" /><E30/><V81/><REACH who="2" step="1"/><F20/><REACH who="2" ten="250,330,240,170" step="2"/><W43/><G35/><T123/><D123/><U41/><E41/><V27/><F27/><W45/><G34/><T23/><D23/><U96/><E96/><V21/><F21/><W125/><G97/><T69/><AGARI ba="0,1" hai="48,53,58,63,67,69,70,71" m="28675,41547" machi="69" ten="50,8000,1" yaku="14,1,34,2,52,1" doraHai="1,51" who="0" fromWho="0" sc="250,90,330,-40,240,-20,170,-20" /><INIT seed="2,0,0,4,1,114" ten="340,290,220,150" oya="2" hai0="17,1,19,16,74,46,95,25,61,97,2,125,22" hai1="115,56,86,119,135,70,84,109,27,54,88,94,123" hai2="29,34,67,53,117,38,107,96,103,31,92,45,59" hai3="82,63,50,26,131,20,55,101,104,127,21,33,100"/><V32/><F67/><W130/><G127/><T48/><D125/><U120/><E70/><V43/><F107/><W18/><G33/><T3/><D61/><U30/><E109/><V11/><F34/><W36/><G36/><T47/><D74/><U23/><E115/><V99/><F99/><W128/><G104/><T83/><D83/><U37/><E37/><V68/><F68/><W52/><G82/><T113/><D113/><U12/><E12/><V64/><F64/><W14/><G63/><T6/><D6/><U28/><E135/><V98/><F98/><W122/><G122/><N who="1" m="46634" /><E84/><V133/><F133/><W121/><G121/><T126/><D126/><U81/><E94/><V79/><F79/><W65/><G65/><T62/><D62/><N who="1" m="36119" /><E119/><V89/><F117/><W60/><G60/><T58/><D58/><U78/><E30/><V134/><F134/><W91/><G91/><AGARI ba="0,0" hai="23,27,28,78,81,86,88,91" m="36119,46634" machi="91" ten="30,2000,0" yaku="13,1,54,1" doraHai="114" who="1" fromWho="3" sc="340,0,290,20,220,0,150,-20" /><INIT seed="3,0,0,1,5,84" ten="340,310,220,130" oya="3" hai0="21,20,32,50,26,125,44,60,17,36,59,82,66" hai1="12,110,2,10,116,0,77,79,121,63,76,112,68" hai2="52,73,105,130,78,108,42,48,57,90,65,5,38" hai3="83,19,1,126,109,71,11,13,94,101,37,4,87"/><W102/><G126/><T54/><D125/><U96/><E110/><V31/><F108/><W92/><G109/><T14/><D32/><U91/><E112/><V75/><F105/><W99/><G71/><T104/><D104/><U123/><E116/><V135/><F135/><W106/><G37/><T67/><D82/><U133/><E133/><V100/><F100/><W43/><G43/><T117/><D36/><U39/><E39/><V85/><F130/><W70/><G70/><T16/><REACH who="0" step="1"/><D117/><REACH who="0" ten="330,310,220,130" step="2"/><U107/><E107/><V81/><F38/><W119/><G119/><T27/><D27/><U118/><E118/><V58/><F81/><W95/><G102/><T80/><D80/><U7/><E121/><V8/><F75/><W62/><G62/><T49/><D49/><U131/><E131/><V132/><F73/><W115/><G115/><T98/><D98/><U86/><E96/><V29/><F132/><W51/><G51/><T34/><D34/><U64/><E123/><V89/><F48/><W56/><G106/><T3/><D3/><U122/><E122/><V113/><F113/><W41/><G99/><T30/><D30/><U45/><E0/><V35/><F31/><W40/><G101/><T25/><D25/><U15/><E45/><V74/><F29/><W124/><G124/><T9/><D9/><U61/><E63/><V103/><F35/><W88/><REACH who="3" step="1"/><G56/><REACH who="3" ten="330,310,220,120" step="2"/><T120/><D120/><U93/><AGARI ba="0,2" hai="2,7,10,12,15,61,64,68,76,77,79,86,91,93" machi="93" ten="30,2000,0" yaku="0,1,52,1" doraHai="84" who="1" fromWho="1" sc="330,-5,310,40,220,-5,120,-10" /><INIT seed="4,0,0,2,3,18" ten="325,350,215,110" oya="0" hai0="133,76,48,14,43,89,33,129,122,25,2,6,121" hai1="99,31,27,69,46,20,86,112,70,81,91,17,28" hai2="97,102,19,126,90,51,79,113,21,16,71,78,103" hai3="45,49,87,117,57,84,26,4,107,66,12,61,5"/><T135/><D76/><N who="2" m="29226" /><F71/><W68/><G117/><T132/><D89/><U96/><E69/><V77/><F113/><W111/><G111/><T88/><D2/><U83/><E70/><V73/><F73/><W75/><G75/><T24/><D129/><U124/><E124/><V13/><F77/><W119/><G107/><T63/><D63/><U74/><E74/><V127/><F51/><W65/><G119/><T67/><D67/><U29/><E112/><V104/><F104/><W15/><G68/><T7/><D33/><U41/><REACH who="1" step="1"/><E81/><REACH who="1" ten="325,340,215,110" step="2"/><V114/><F114/><W10/><G66/><T98/><D132/><U58/><E58/><V131/><F127/><W108/><G108/><T60/><D133/><U59/><E59/><V101/><F126/><W125/><G125/><T80/><D135/><U23/><E23/><N who="2" m="11663" /><F131/><W64/><G64/><T94/><D121/><U37/><AGARI ba="0,1" hai="17,20,27,28,29,31,37,41,46,83,86,91,96,99" machi="37" ten="30,4000,0" yaku="1,1,0,1,52,1,53,0" doraHai="18" doraHaiUra="134" who="1" fromWho="1" sc="325,-20,340,50,215,-10,110,-10" /><INIT seed="5,0,0,1,4,41" ten="305,390,205,100" oya="1" hai0="115,105,65,103,132,51,15,0,100,91,16,76,88" hai1="64,89,93,33,108,68,35,28,97,131,4,49,2" hai2="42,24,99,75,80,19,30,8,70,116,39,120,94" hai3="37,50,98,90,23,46,29,86,17,122,125,48,96"/><U112/><E112/><V21/><F116/><W134/><G122/><T113/><D0/><U72/><E72/><V54/><F70/><W119/><G134/><T27/><D132/><U55/><E28/><V117/><F117/><W12/><G119/><T57/><D76/><U81/><E81/><V59/><F120/><W128/><G125/><T11/><D27/><U10/><E131/><V95/><F75/><W127/><G128/><T79/><D79/><U62/><REACH who="1" step="1"/><E108/><REACH who="1" ten="305,380,205,100" step="2"/><V32/><F80/><W101/><G127/><T111/><D111/><U26/><E26/><V87/><F24/><N who="3" m="16543" /><G37/><T25/><D25/><U69/><E69/><V58/><F30/><W124/><G124/><T44/><D113/><U135/><E135/><V43/><F39/><W126/><G126/><T67/><D115/><U18/><E18/><V1/><F19/><W60/><G101/><T66/><D105/><U129/><E129/><V121/><F121/><W47/><G60/><T61/><D103/><U22/><E22/><V78/><F21/><N who="3" m="11431" /><G50/><T45/><D100/><U109/><E109/><V106/><F106/><W84/><G48/><T133/><D133/><U7/><E7/><V114/><F114/><W13/><G13/><T74/><D74/><U107/><E107/><V82/><F82/><N who="3" m="49431" /><G86/><T36/><D36/><U102/><E102/><V130/><F87/><W14/><G14/><T110/><D110/><U20/><E20/><V77/><F130/><W123/><G123/><T83/><D51/><U40/><E40/><V9/><F43/><W3/><G3/><T5/><D61/><U31/><E31/><RYUUKYOKU ba="0,1" sc="305,-15,380,15,205,-15,100,15" hai1="2,4,10,33,35,49,55,62,64,68,89,93,97" hai3="46,47,96,98" /><INIT seed="5,1,1,4,0,64" ten="290,395,190,115" oya="1" hai0="60,90,3,14,124,26,8,33,98,103,72,2,54" hai1="44,94,88,79,126,65,23,31,111,4,117,61,62" hai2="134,123,97,132,30,68,128,121,74,78,1,107,133" hai3="18,9,119,71,84,95,19,50,118,112,58,28,37"/><U131/><E117/><N who="3" m="44554" /><G37/><T52/><D72/><U75/><E126/><V113/><F1/><W5/><G28/><T69/><D124/><U27/><E131/><V82/><F128/><W120/><G120/><N who="2" m="46153" /><F30/><W32/><G32/><T100/><D90/><U92/><E92/><V35/><F35/><W93/><G112/><T47/><D26/><U91/><E61/><V53/><F113/><W57/><G71/><T55/><D33/><U66/><E66/><V109/><F109/><W127/><G127/><T42/><D100/><U125/><E91/><V41/><F41/><W102/><G84/><T11/><D11/><U39/><E4/><V105/><F68/><W43/><G43/><T89/><D89/><U16/><E111/><V80/><F53/><N who="3" m="31927" /><G58/><T135/><D69/><U130/><E44/><V15/><F97/><N who="3" m="59695" /><G95/><T0/><D42/><U56/><E39/><V45/><F45/><W106/><G106/><T96/><D47/><U13/><E130/><V25/><F82/><W85/><G85/><T99/><D60/><U122/><E122/><V51/><F51/><W59/><G59/><T29/><D29/><U49/><E125/><V40/><F40/><W67/><G67/><T76/><D54/><U104/><E104/><V115/><F115/><W20/><G20/><T24/><D55/><U114/><E114/><V36/><F36/><W108/><G108/><T70/><D52/><U83/><E49/><V38/><F38/><W129/><G129/><T63/><D63/><U101/><E31/><V10/><F105/><W34/><G34/><T110/><D110/><U12/><E62/><RYUUKYOKU ba="1,1" sc="290,-10,395,-10,190,-10,115,30" hai3="5,9,18,19" /><INIT seed="6,2,1,5,5,68" ten="280,385,180,145" oya="2" hai0="56,119,117,92,9,106,82,12,87,75,89,41,91" hai1="8,47,134,29,50,26,71,27,73,113,57,100,118" hai2="30,34,14,24,59,49,93,37,58,39,11,109,105" hai3="53,21,128,5,72,54,123,55,84,104,107,86,0"/><V15/><F105/><W35/><G123/><T114/><D106/><U115/><E71/><V42/><F109/><W22/><G72/><T33/><D33/><U127/><E26/><V74/><F74/><W31/><G35/><T64/><D114/><N who="1" m="43531" /><E100/><V99/><F15/><W46/><G46/><T96/><D41/><U60/><E8/><V131/><F131/><W4/><G55/><T25/><D25/><U94/><E94/><V110/><F110/><W95/><G95/><T10/><D75/><U122/><E127/><V102/><F58/><W40/><G40/><T65/><D56/><U98/><E98/><V120/><F120/><W133/><G133/><T76/><D76/><U79/><E79/><V16/><REACH who="2" step="1"/><F59/><REACH who="2" ten="280,385,170,145" step="2"/><W97/><G128/><T103/><D12/><U67/><E73/><V48/><F48/><W18/><G0/><T51/><D51/><U44/><E122/><V70/><F70/><W78/><G107/><T45/><D117/><U2/><E50/><V3/><F3/><W108/><G104/><T125/><D119/><U130/><E118/><V36/><F36/><W81/><G108/><T101/><D125/><U132/><E2/><V83/><F83/><W80/><G81/><T124/><D124/><U129/><E129/><V63/><F63/><W38/><G80/><T19/><D82/><U61/><E61/><V7/><F7/><W23/><G38/><T62/><D62/><U90/><E130/><V135/><F135/><W126/><G4/><T6/><D6/><U85/><E60/><V116/><F116/><W28/><G5/><T17/><D64/><RYUUKYOKU ba="2,2" sc="280,-10,385,-10,170,30,145,-10" hai2="11,14,16,24,30,34,37,39,42,49,93,99,102" /><INIT seed="6,3,2,2,5,134" ten="270,375,200,135" oya="2" hai0="84,20,115,93,105,129,102,110,37,95,23,45,83" hai1="18,26,61,78,89,109,64,42,32,100,119,112,126" hai2="91,0,51,41,35,49,9,130,124,92,135,57,118" hai3="4,12,132,106,108,13,16,63,96,71,90,54,76"/><V69/><F118/><W46/><G108/><T77/><D110/><U58/><E109/><V111/><F69/><W60/><G132/><T114/><D45/><U24/><E89/><V68/><F68/><W73/><G73/><T1/><D37/><U97/><E112/><N who="0" m="43049" /><D1/><U40/><E126/><V34/><F111/><W52/><G76/><T38/><D38/><U98/><E119/><V127/><F135/><W15/><G4/><T5/><D5/><U62/><E32/><N who="2" m="12331" /><F130/><W113/><G113/><T117/><D117/><U11/><E61/><N who="3" m="23626" /><G71/><T123/><D123/><U79/><E42/><V122/><F122/><W85/><G106/><T125/><D129/><U50/><E50/><V17/><F41/><W94/><G46/><T99/><D125/><N who="2" m="48202" /><F57/><W116/><G116/><T39/><D39/><U59/><E40/><V2/><F2/><W29/><G29/><T44/><D44/><U121/><E58/><V104/><F104/><W47/><G96/><N who="0" m="59679" /><D105/><U87/><E59/><V101/><F101/><AGARI ba="3,2" hai="20,23,77,83,84,93,99,101" m="59679,43049" machi="101" ten="30,1000,0" yaku="15,1" doraHai="134" who="0" fromWho="2" sc="270,39,375,0,200,-19,135,0" /><INIT seed="7,0,0,3,4,14" ten="309,375,181,135" oya="3" hai0="22,86,60,102,68,72,1,74,53,42,43,26,57" hai1="32,82,109,48,90,89,113,130,38,36,108,27,15" hai2="52,10,131,120,85,121,127,59,40,54,37,111,73" hai3="64,29,24,112,117,128,30,132,116,95,6,33,34"/><W119/><G64/><T126/><D1/><U114/><E130/><V21/><F111/><W107/><G107/><T105/><D126/><U110/><E48/><N who="2" m="31111" /><F73/><W70/><G70/><T56/><D68/><U93/><E82/><V124/><F131/><W11/><G128/><T41/><D86/><N who="1" m="52407" /><E90/><V7/><F21/><W47/><G47/><T69/><D69/><U17/><E27/><V3/><F85/><W99/><G112/><N who="1" m="43114" /><E32/><V75/><F75/><W98/><G132/><T49/><D102/><U106/><E106/><V39/><F54/><W94/><G94/><T100/><D100/><U92/><E92/><V65/><F65/><W81/><G81/><T45/><D105/><U88/><E88/><V129/><F129/><W71/><G71/><T55/><REACH who="0" step="1"/><D45/><REACH who="0" ten="299,375,181,135" step="2"/><U5/><E5/><V63/><F124/><W115/><G115/><T61/><D61/><U67/><E67/><V118/><F63/><W16/><G95/><T50/><D50/><U13/><E109/><V97/><F127/><W96/><G33/><T8/><D8/><U101/><E101/><V20/><F10/><W87/><G87/><T104/><D104/><U91/><E108/><V77/><F121/><W62/><G62/><T9/><D9/><U19/><E110/><V46/><F120/><W66/><G66/><T35/><D35/><U18/><E38/><V4/><F39/><W23/><REACH who="3" step="1"/><G34/><REACH who="3" ten="299,375,181,125" step="2"/><T79/><D79/><U44/><E44/><N who="2" m="23567" /><F77/><W78/><G78/><T103/><D103/><U0/><E91/><V51/><F46/><W133/><G133/><T28/><AGARI ba="0,2" hai="22,26,28,41,42,43,49,53,55,56,57,60,72,74" machi="28" ten="30,2000,0" yaku="1,1,0,1,53,0" doraHai="14" doraHaiUra="2" who="0" fromWho="0" sc="299,40,375,-5,181,-5,125,-10" owari="339,14.0,370,46.0,176,-22.0,115,-38.0" /></mjloggm>