<mjloggm ver="2.3"><GO type="169" lobby="0"/><UN n0="%64%61%6E%6E%63%68%69" n1="%E3%81%8A%E3%81%98%E3%81%95%E3%82%93" n2="%E6%9C%A8%E6%BC%8F%E3%82%8C%E6%97%A5" n3="%6F%63%69%6E%70%6F%70%6F" dan="17,16,17,17" rate="2159.54,2148.71,2234.47,2107.83" sx="M,M,M,F"/><TAIKYOKU oya="0"/><INIT seed="0,0,0,2,2,119" ten="250,250,250,250" oya="0" hai0="7,10,8,21,14,69,104,110,124,76,81,93,42" hai1="131,26,49,59,17,94,30,27,125,41,48,34,57" hai2="64,103,3,13,116,53,113,66,51,29,63,134,6" hai3="35,135,16,12,56,91,109,52,122,85,114,95,89"/><T121/><D104/><U97/><E125/><V23/><F113/><W106/><G109/><T15/><D69/><U9/><E131/><V86/><F3/><W83/><G135/><T58/><D124/><U11/><E11/><V102/><F134/><W32/><G106/><T61/><D110/><U62/><E41/><V50/><F116/><W112/><G122/><T127/><D127/><U75/><E75/><V111/><F111/><W24/><G24/><T96/><D42/><U84/><E84/><V117/><F117/><W105/><G105/><T99/><D21/><U118/><E118/><V54/><F86/><W100/><G100/><T70/><D70/><U60/><E9/><V65/><F63/><W80/><G112/><T40/><D40/><U130/><E130/><V71/><F71/><W128/><G128/><T78/><D121/><U98/><E17/><N who="2" m="10671" /><F6/><W87/><G95/><T90/><D81/><U126/><E126/><V68/><F29/><W133/><G133/><T92/><D58/><U1/><E1/><V31/><F31/><W67/><G67/><T132/><D61/><U4/><E4/><V123/><F68/><W37/><G37/><T44/><D44/><U2/><E2/><V101/><F123/><W45/><G45/><T77/><D132/><U19/><E19/><V46/><F46/><W25/><G114/><T73/><D73/><U43/><E43/><V55/><AGARI ba="0,0" hai="50,51,53,54,55,64,65,66,101,102,103" m="10671" machi="55" ten="40,5200,0" yaku="29,2,8,1" doraHai="119" who="2" fromWho="2" sc="250,-26,250,-13,250,52,250,-13" /><INIT seed="1,0,0,0,3,122" ten="224,237,302,237" oya="1" hai0="16,115,56,80,62,103,90,107,121,39,69,106,41" hai1="31,15,18,120,104,109,102,10,133,92,35,99,25" hai2="75,93,45,66,65,57,127,24,7,55,36,50,129" hai3="4,14,30,132,61,131,71,17,134,40,105,47,77"/><U29/><E120/><V38/><F75/><W12/><G105/><T51/><D121/><U76/><E133/><N who="3" m="51306" /><G30/><T2/><D2/><U28/><E76/><V110/><F7/><W91/><G4/><T63/><D115/><U79/><E79/><V74/><F74/><W111/><G111/><T108/><D108/><U117/><E109/><V81/><F81/><W94/><G17/><T87/><D103/><U135/><E117/><V19/><F93/><W128/><G77/><T59/><D39/><N who="2" m="14890" /><F19/><W5/><G47/><N who="0" m="26095" /><D69/><U112/><E135/><V11/><F11/><N who="3" m="4207" /><G14/><T130/><D106/><U1/><E112/><V123/><F24/><W21/><G21/><T42/><D42/><U72/><E72/><V116/><F110/><W82/><G40/><T114/><D107/><U125/><E125/><V67/><F127/><W37/><G82/><T33/><D33/><U113/><E113/><V22/><F22/><W83/><G83/><T9/><D130/><U34/><E34/><V95/><F129/><W124/><G37/><T20/><D9/><U46/><E46/><V78/><F123/><W44/><G44/><T13/><D114/><U58/><E1/><V118/><F78/><W8/><G8/><T97/><D97/><U26/><E35/><V48/><F95/><W64/><G124/><T84/><D84/><AGARI ba="0,0" hai="61,64,71,84,91,94,128,131" m="4207,51306" machi="84" ten="30,1000,0" yaku="20,1" doraHai="122" who="3" fromWho="0" sc="224,-10,237,0,302,0,237,10" /><INIT seed="2,0,0,5,3,45" ten="214,237,302,247" oya="2" hai0="90,24,33,63,25,88,41,16,114,39,30,52,121" hai1="10,60,5,122,124,46,35,49,65,38,9,28,43" hai2="100,106,50,103,18,80,56,19,54,40,64,110,83" hai3="125,70,91,29,11,55,132,128,123,109,37,69,105"/><V81/><F110/><W51/><G123/><T21/><D121/><U48/><E122/><V47/><F64/><W31/><G37/><T87/><D114/><U32/><E124/><V116/><F116/><W111/><G105/><T117/><D117/><U72/><E72/><V76/><F76/><W34/><G34/><T68/><D39/><U130/><E130/><V86/><F86/><W112/><G132/><T82/><D41/><U6/><E10/><V7/><F7/><W8/><G91/><T95/><D68/><N who="3" m="26217" /><G125/><T108/><D108/><N who="3" m="41545" /><G128/><T61/><REACH who="0" step="1"/><D52/><REACH who="0" ten="204,237,302,247" step="2"/><U62/><E38/><V13/><F106/><W89/><G112/><T42/><D42/><U27/><E43/><V66/><F66/><W36/><G36/><T53/><D53/><U15/><E65/><V57/><F40/><W119/><G119/><T78/><D78/><U107/><E46/><V74/><F47/><N who="3" m="28159" /><G89/><T0/><D0/><U26/><E62/><V99/><F54/><W75/><G75/><T120/><D120/><U2/><E60/><V4/><F74/><W44/><G44/><T101/><D101/><U92/><E2/><V97/><F103/><W20/><G31/><T113/><D113/><U98/><E28/><V93/><F100/><W129/><G129/><T115/><D115/><U104/><E48/><V12/><F50/><W131/><G131/><T135/><D135/><U118/><E49/><V67/><F67/><W79/><G79/><T85/><AGARI ba="0,1" hai="16,21,24,25,30,33,61,63,82,85,87,88,90,95" machi="85" ten="20,12000,2" yaku="1,1,0,1,7,1,54,2,53,1" doraHai="45" doraHaiUra="14" who="0" fromWho="0" sc="204,130,237,-30,302,-60,247,-30" /><INIT seed="3,0,0,3,2,84" ten="334,207,242,217" oya="3" hai0="10,11,32,57,113,99,78,16,37,77,38,86,63" hai1="124,133,76,94,15,28,17,22,1,69,116,70,53" hai2="106,49,127,117,103,4,44,3,104,12,109,23,41" hai3="42,19,47,73,61,33,87,110,102,27,31,24,90"/><W93/><G73/><T62/><D32/><U48/><E1/><V36/><F117/><W2/><G2/><T98/><D86/><U9/><E116/><V81/><F109/><W123/><G123/><T30/><D30/><U7/><E124/><V18/><F127/><W135/><G135/><T20/><D113/><U101/><E133/><V83/><F36/><W34/><G110/><T95/><D38/><U131/><E131/><V97/><REACH who="2" step="1"/><F106/><REACH who="2" ten="334,207,232,217" step="2"/><W40/><G102/><T71/><D37/><U51/><E70/><V129/><F129/><W108/><G108/><T111/><D71/><U112/><E69/><V105/><F105/><W0/><G0/><T68/><D68/><U91/><E112/><V130/><F130/><W67/><G47/><T125/><D111/><U50/><E50/><V82/><F82/><W128/><G128/><T100/><D125/><U26/><E51/><V80/><F80/><W115/><G115/><T60/><D57/><U6/><E76/><V88/><F88/><W43/><G33/><T72/><D78/><U114/><E114/><V122/><F122/><W52/><G67/><T45/><D45/><N who="1" m="27791" /><E101/><V58/><F58/><N who="3" m="35015" /><G42/><T120/><D120/><U8/><E94/><V46/><F46/><W126/><G126/><T107/><D77/><U54/><E54/><V64/><F64/><W25/><G40/><T13/><REACH who="0" step="1"/><D72/><REACH who="0" ten="324,207,232,217" step="2"/><U55/><E55/><V92/><F92/><W118/><G118/><T29/><D29/><U21/><E28/><V119/><F119/><W35/><G31/><T5/><D5/><U39/><E6/><V56/><F56/><RYUUKYOKU ba="0,2" sc="324,15,207,-15,232,15,217,-15" hai0="10,11,13,16,20,60,62,63,95,98,99,100,107" hai2="3,4,12,18,23,41,44,49,81,83,97,103,104" /><INIT seed="4,1,2,3,4,74" ten="339,192,247,202" oya="0" hai0="131,115,67,36,12,99,53,31,85,48,24,127,100" hai1="26,16,106,121,5,129,39,8,125,38,72,102,65" hai2="47,78,37,98,57,28,59,45,29,30,89,126,49" hai3="69,40,3,13,90,97,114,7,19,27,133,93,84"/><T73/><D36/><U132/><E121/><V91/><F37/><W17/><G69/><T32/><D73/><U22/><E72/><V58/><F126/><W34/><G3/><T56/><D127/><U18/><E125/><V119/><F119/><W55/><G7/><T46/><D115/><U6/><E132/><V23/><F78/><W63/><G40/><T83/><D131/><U94/><E106/><V101/><F23/><W120/><G133/><T112/><D112/><U51/><E129/><V60/><F60/><W107/><G107/><T33/><D33/><U11/><E65/><V135/><F135/><W103/><G34/><T95/><D12/><U75/><E75/><V123/><F123/><W109/><G109/><T50/><D67/><U110/><E110/><V70/><F70/><W113/><G120/><T66/><D66/><U96/><E18/><V117/><F117/><W71/><G17/><T62/><REACH who="0" step="1"/><D46/><REACH who="0" ten="329,192,247,202" step="2"/><U54/><E5/><V87/><F47/><W77/><G13/><T0/><D0/><U44/><REACH who="1" step="1"/><E11/><REACH who="1" ten="329,182,247,202" step="2"/><V130/><F130/><W68/><G113/><T1/><D1/><AGARI ba="1,4" hai="1,6,8,16,22,26,38,39,44,51,54,94,96,102" machi="1" ten="30,8000,1" yaku="1,1,2,1,7,1,54,1,53,1" doraHai="74" doraHaiUra="92" who="1" fromWho="0" sc="329,-83,182,123,247,0,202,0" /><INIT seed="5,0,0,4,5,31" ten="246,305,247,202" oya="1" hai0="0,39,15,102,122,34,64,42,107,114,74,96,103" hai1="104,38,60,53,118,32,110,71,30,126,117,5,116" hai2="44,78,80,128,61,97,68,28,8,12,48,4,20" hai3="25,27,115,13,9,29,22,83,16,90,49,63,86"/><U65/><E38/><V7/><F128/><W88/><G115/><T124/><D114/><U10/><E126/><V100/><F68/><W130/><G130/><T132/><D124/><U2/><E53/><V134/><F134/><W19/><G49/><T14/><D0/><U121/><E121/><V62/><F7/><W55/><G55/><T54/><D64/><U79/><E79/><V17/><F28/><W18/><G63/><T113/><D74/><U119/><N who="1" m="29696" /><DORA hai="92" /><U77/><E77/><V26/><F80/><W73/><G73/><T50/><D34/><U94/><E94/><N who="2" m="58423" /><F78/><W43/><G43/><AGARI ba="0,0" hai="4,8,12,17,20,26,43,44,48,61,62" m="58423" machi="43" ten="30,2000,0" yaku="8,1,52,1" doraHai="31,92" who="2" fromWho="3" sc="246,0,305,0,247,20,202,-20" /><INIT seed="6,0,0,2,4,50" ten="246,305,267,182" oya="2" hai0="59,131,73,66,3,52,63,126,20,94,76,58,104" hai1="92,106,83,113,72,46,117,36,82,62,74,120,78" hai2="67,107,21,31,2,135,64,122,42,132,5,7,133" hai3="115,102,16,89,88,90,119,97,28,123,95,37,85"/><V12/><F107/><W130/><G37/><T61/><D104/><U14/><E106/><V134/><F122/><W69/><G69/><T4/><D126/><U9/><E117/><V13/><F42/><W77/><G119/><T25/><D131/><U110/><E110/><V57/><F135/><W35/><G35/><T38/><D38/><U124/><E124/><V24/><F57/><W27/><G28/><T51/><D73/><U18/><E120/><V33/><F67/><W1/><G1/><T75/><D75/><U86/><E113/><V32/><F64/><W108/><G108/><T99/><D76/><U43/><E83/><V93/><F93/><W70/><G70/><T109/><D109/><U6/><E62/><V53/><F53/><W98/><G130/><T79/><D79/><U114/><E114/><V47/><F47/><W81/><G115/><T45/><D3/><U118/><E118/><V10/><F7/><W23/><REACH who="3" step="1"/><G123/><REACH who="3" ten="246,305,267,172" step="2"/><T96/><D4/><U22/><E92/><AGARI ba="0,1" hai="16,23,27,77,81,85,88,89,90,92,95,97,98,102" machi="92" ten="30,12000,2" yaku="1,1,2,1,7,1,8,1,54,2,53,0" doraHai="50" doraHaiUra="112" who="3" fromWho="1" sc="246,0,305,-120,267,0,172,130" /><INIT seed="7,0,0,0,3,130" ten="246,185,267,302" oya="3" hai0="89,3,84,125,86,29,46,110,59,17,61,82,114" hai1="2,133,55,111,50,44,7,68,23,101,85,56,109" hai2="0,97,73,57,40,30,121,105,49,102,64,25,15" hai3="51,27,76,113,78,115,123,69,8,21,81,67,74"/><W26/><G123/><T88/><D110/><U107/><E68/><V112/><F0/><W43/><G69/><T28/><D125/><U5/><E107/><V65/><F73/><W95/><G67/><T80/><D3/><U35/><E35/><V132/><F112/><N who="3" m="43083" /><G76/><T106/><D106/><U1/><E101/><V53/><F121/><W63/><G63/><T72/><D72/><U104/><E104/><V4/><F40/><W31/><G26/><T34/><D114/><U71/><E71/><V62/><F65/><W90/><G8/><T129/><D129/><U38/><E1/><V77/><F77/><W126/><G126/><T58/><D34/><U92/><E23/><V70/><F15/><W41/><G51/><T83/><D46/><U96/><E85/><AGARI ba="0,0" hai="21,27,31,41,43,74,78,81,85,90,95" m="43083" machi="85" ten="30,1500,0" yaku="15,1" doraHai="130" who="3" fromWho="1" sc="246,0,185,-15,267,0,302,15" owari="246,-15.0,170,-33.0,267,7.0,317,41.0" /></mjloggm>