<mjloggm ver="2.3"><GO type="185" lobby="0"/><UN n0="%EF%BC%BC%28%EF%BC%BE%6F%EF%BC%BE%29%EF%BC%8F%E2%98%85" n1="%E3%81%97%E3%82%81%E3%81%98%E3%82%93" n2="%64%72%65%67%73" n3="" dan="20,17,17,0" rate="2235.66,2256.80,2238.02,1500.00" sx="M,F,M,C"/><TAIKYOKU oya="0"/><INIT seed="0,0,0,3,2,49" ten="350,350,350,0" oya="0" hai0="58,33,118,117,54,111,42,108,127,101,93,48,99" hai1="45,74,41,60,96,79,91,80,128,95,61,88,104" hai2="44,73,53,120,131,71,34,129,69,85,78,132,51" hai3=""/><T87/><D87/><U135/><E128/><N who="2" m="49227" /><F34/><T112/><D112/><U35/><E135/><V94/><N who="2" m="30752" /><V63/><F132/><T2/><D2/><U126/><E126/><V57/><F73/><T65/><D42/><U70/><E35/><V114/><F114/><T39/><D39/><U47/><E104/><V77/><F94/><T76/><D33/><U89/><E70/><N who="2" m="26635" /><F85/><T86/><D65/><AGARI ba="0,0" hai="44,51,53,57,63,65,77,78" m="26635,30752,49227" machi="65" ten="30,3900,0" yaku="19,1,52,2" doraHai="49" who="2" fromWho="0" sc="350,-39,350,0,350,39,0,0" /><INIT seed="1,0,0,0,3,72" ten="311,350,389,0" oya="1" hai0="98,83,74,59,116,119,103,39,114,97,54,65,75" hai1="52,63,67,124,38,49,41,60,100,109,51,58,64" hai2="91,118,95,135,0,133,36,44,105,57,102,77,132" hai3=""/><U92/><E100/><V128/><F0/><T90/><D39/><U55/><E92/><V123/><N who="2" m="31520" /><V37/><F118/><N who="0" m="45098" /><D65/><N who="1" m="25163" /><E124/><V50/><F128/><T134/><D114/><U69/><E109/><V131/><F131/><T2/><D2/><U70/><E38/><V43/><F77/><T125/><D125/><U94/><E94/><V99/><REACH who="2" step="1"/><F57/><REACH who="2" ten="311,350,379,0" step="2"/><T121/><N who="0" m="31008" /><T82/><D59/><U62/><E41/><V122/><N who="2" m="31264" /><V53/><F53/><N who="1" m="20553" /><E58/><V81/><F81/><T78/><D54/><U71/><AGARI ba="0,1" hai="49,51,60,62,63,69,70,71" m="20553,25163" machi="71" ten="40,16000,3" yaku="28,2,35,5,54,1" doraHai="72" who="1" fromWho="1" sc="311,-80,350,170,379,-80,0,0" /><INIT seed="1,1,0,2,3,79" ten="231,520,299,0" oya="1" hai0="81,110,50,125,91,52,78,123,118,104,58,97,93" hai1="103,63,3,69,55,40,71,32,94,119,122,92,87" hai2="124,101,35,45,65,132,0,113,60,130,121,88,99" hai3=""/><U82/><N who="1" m="31264" /><U41/><E119/><V102/><N who="2" m="31008" /><V127/><F0/><T98/><N who="0" m="31520" /><T66/><D118/><U49/><E3/><V114/><F35/><T67/><D110/><U73/><E73/><V96/><F130/><T133/><D133/><U48/><E32/><V39/><F132/><T46/><D125/><N who="2" m="48202" /><F45/><T128/><D128/><U131/><E131/><V44/><F44/><T72/><REACH who="0" step="1"/><D46/><REACH who="0" ten="221,520,299,0" step="2"/><U38/><E40/><V116/><F116/><T77/><D77/><U54/><E41/><V51/><F39/><T83/><D83/><U89/><E38/><V70/><F51/><T111/><D111/><U126/><E126/><V36/><F36/><T64/><D64/><U33/><E33/><V43/><F43/><T129/><D129/><U85/><E48/><V109/><F109/><T68/><D68/><U117/><E71/><V53/><F53/><T107/><D107/><U62/><E69/><V42/><F42/><T59/><D59/><U76/><E117/><V2/><F2/><T105/><D105/><U56/><E55/><V90/><F70/><T86/><D86/><U106/><E106/><V1/><F1/><T47/><D47/><U80/><E80/><V108/><F108/><T135/><D135/><RYUUKYOKU ba="1,1" sc="221,10,520,10,299,-20,0,0" hai0="50,52,58,66,67,72,78,81,91,93,97,98,104" hai1="49,54,56,62,63,76,82,85,87,89,92,94,103" /><INIT seed="1,2,1,2,1,50" ten="231,530,279,0" oya="1" hai0="75,51,79,102,70,135,90,117,98,116,65,103,81" hai1="133,114,1,58,39,59,54,96,37,105,76,74,2" hai2="95,104,69,45,78,110,34,127,123,118,108,134,97" hai3=""/><U93/><E105/><V38/><RYUUKYOKU type="yao9" ba="2,1" sc="231,0,530,0,279,0,0,0" hai2="34,38,45,69,78,95,97,104,108,110,118,123,127,134" /><INIT seed="1,3,1,4,3,53" ten="231,530,279,0" oya="1" hai0="2,80,72,83,77,76,43,51,81,36,64,65,115" hai1="79,117,41,130,134,93,59,34,110,127,49,87,67" hai2="122,71,113,56,99,33,35,123,92,119,48,120,85" hai3=""/><U126/><E34/><V46/><N who="2" m="30752" /><V124/><N who="2" m="31264" /><V73/><N who="2" m="31520" /><V101/><F119/><T45/><D115/><U50/><E79/><V131/><F73/><T102/><D2/><U62/><E93/><V44/><F71/><T69/><D69/><U0/><E87/><V91/><F124/><N who="1" m="47657" /><E0/><V54/><F131/><T96/><D36/><U118/><E130/><V38/><F113/><T58/><D65/><U133/><E110/><V100/><F100/><T95/><REACH who="0" step="1"/><D72/><REACH who="0" ten="221,530,279,0" step="2"/><U78/><E118/><V55/><F38/><T125/><D125/><U106/><E78/><V63/><REACH who="2" step="1"/><F44/><REACH who="2" ten="221,530,269,0" step="2"/><T111/><D111/><U39/><E117/><V88/><F88/><T108/><D108/><U90/><E90/><V52/><F52/><T82/><N who="0" m="20480" /><DORA hai="70" /><T121/><N who="0" m="31008" /><T114/><D114/><U116/><E116/><V3/><F3/><T89/><D89/><U32/><E39/><V112/><F112/><T128/><D128/><U84/><E67/><V86/><F86/><T109/><D109/><U40/><E84/><V98/><F98/><T57/><D57/><U97/><E59/><V74/><F74/><T68/><D68/><U94/><E97/><V104/><AGARI ba="3,3" hai="33,35,46,48,54,55,56,63,85,91,92,99,101,104" m="31520,31264,30752" machi="104" ten="20,9000,2" yaku="1,1,0,1,7,1,52,4,53,0" doraHai="53,70" doraHaiUra="66,105" who="2" fromWho="2" sc="221,-33,530,-63,269,126,0,0" /><INIT seed="2,0,0,1,5,36" ten="188,467,395,0" oya="2" hai0="82,92,114,49,90,71,124,68,73,38,105,39,87" hai1="89,44,70,91,104,101,111,0,98,58,100,34,123" hai2="48,43,76,97,118,78,93,80,116,41,75,117,130" hai3=""/><V1/><F1/><T65/><D114/><U110/><N who="1" m="31520" /><U66/><E34/><V128/><F78/><T32/><D32/><U113/><E113/><V103/><REACH who="2" step="1"/><F48/><REACH who="2" ten="188,467,385,0" step="2"/><T108/><D38/><U2/><E0/><V35/><F35/><T133/><D39/><U85/><E2/><V69/><F69/><T99/><D71/><U109/><E70/><V42/><AGARI ba="0,1" hai="41,42,43,75,76,80,93,97,103,116,117,118,128,130" machi="42" ten="40,8000,1" yaku="1,1,0,1,52,3,53,0" doraHai="36" doraHaiUra="119" who="2" fromWho="2" sc="188,-40,467,-40,385,90,0,0" /><INIT seed="2,1,0,2,2,38" ten="148,427,475,0" oya="2" hai0="100,107,77,118,119,104,80,97,132,133,40,59,112" hai1="102,3,96,63,83,93,71,84,78,62,103,45,41" hai2="134,113,50,37,126,110,81,35,76,121,88,86,52" hai3=""/><V56/><N who="2" m="31008" /><V111/><F113/><T43/><D112/><U90/><E3/><V39/><F35/><T64/><D107/><U55/><E71/><V48/><F126/><T73/><D64/><U115/><E115/><V54/><F134/><N who="0" m="51818" /><D59/><U131/><E131/><V85/><F37/><T74/><D74/><U2/><E2/><V92/><REACH who="2" step="1"/><F39/><REACH who="2" ten="148,427,465,0" step="2"/><T44/><D44/><AGARI ba="1,1" hai="44,48,50,52,54,56,76,81,85,86,88,92,110,111" m="31008" machi="44" ten="40,12000,1" yaku="1,1,2,1,52,1,54,2,53,0" doraHai="38" doraHaiUra="127" who="2" fromWho="0" sc="148,-122,427,0,465,132,0,0" /><INIT seed="2,2,0,2,1,53" ten="26,427,597,0" oya="2" hai0="88,122,135,98,74,97,125,102,91,85,64,81,69" hai1="84,101,57,130,114,119,1,0,95,92,133,79,113" hai2="43,105,90,118,44,58,132,106,70,49,96,124,80" hai3=""/><V134/><F118/><T65/><N who="0" m="31264" /><T33/><D33/><U35/><E101/><V51/><F70/><T60/><D135/><N who="2" m="51754" /><F124/><T50/><D125/><U87/><E133/><V128/><F128/><T76/><D64/><U73/><E73/><V2/><F2/><T3/><D3/><U41/><E41/><V112/><F112/><T82/><D102/><U71/><E71/><V126/><F126/><T127/><D127/><U78/><E119/><V37/><F37/><T39/><D39/><U117/><E117/><V129/><F129/><T77/><REACH who="0" step="1"/><D50/><REACH who="0" ten="16,427,597,0" step="2"/><U86/><E130/><V120/><N who="2" m="30752" /><V116/><F116/><T131/><D131/><U72/><E35/><V109/><F109/><T32/><D32/><U62/><E1/><V68/><F51/><T46/><D46/><U36/><E0/><V45/><F44/><T42/><D42/><U108/><E36/><V107/><F68/><T38/><D38/><U59/><E108/><V99/><F58/><T94/><D94/><U93/><E59/><V115/><F115/><T103/><D103/><U121/><N who="1" m="31008" /><U83/><E78/><V123/><N who="2" m="31520" /><V56/><F56/><T89/><AGARI ba="2,1" hai="60,65,69,74,76,77,81,82,85,88,89,91,97,98" m="31264" machi="89" ten="30,5900,0" yaku="1,1,0,1,52,1,54,1,53,0" doraHai="53" doraHaiUra="48" who="0" fromWho="0" sc="16,73,427,-22,597,-41,0,0" /><INIT seed="4,0,0,1,3,82" ten="89,405,556,0" oya="0" hai0="60,95,36,113,32,79,38,119,104,93,92,88,61" hai1="110,117,109,81,120,75,77,97,121,84,56,67,71" hai2="131,63,83,108,43,90,69,52,74,99,123,33,37" hai3=""/><T100/><D32/><U34/><N who="1" m="30752" /><U112/><N who="1" m="31008" /><U94/><E34/><V68/><N who="2" m="31520" /><V72/><F33/><T115/><D79/><U107/><E71/><V51/><F108/><N who="1" m="41577" /><E67/><V39/><F131/><T64/><D119/><U62/><E62/><N who="0" m="24169" /><D64/><U122/><E56/><V41/><F99/><T126/><D100/><U128/><N who="1" m="31264" /><U46/><E46/><V125/><F125/><T42/><D42/><U44/><E44/><V87/><F43/><T1/><D104/><U0/><E0/><V53/><F53/><T85/><D1/><U40/><E40/><V76/><F41/><T89/><D126/><U86/><E128/><V50/><F51/><T134/><D134/><U91/><E117/><V130/><F130/><T54/><D54/><U111/><E111/><V102/><F102/><T2/><D2/><U35/><E35/><V96/><F68/><T105/><D105/><U3/><E3/><V70/><F69/><T48/><D48/><U132/><E132/><V114/><F63/><T80/><D89/><U49/><E49/><V45/><F70/><T65/><D65/><U106/><E106/><V58/><F45/><T116/><D116/><U98/><E107/><V127/><F127/><T103/><D103/><RYUUKYOKU ba="0,0" sc="89,20,405,-10,556,-10,0,0" hai0="36,38,80,85,88,92,93,95,113,115" /><INIT seed="4,1,0,1,0,116" ten="109,395,546,0" oya="0" hai0="99,2,49,132,33,110,56,62,119,102,85,128,52" hai1="94,46,66,126,112,48,57,90,111,100,45,72,133" hai2="60,38,109,59,81,53,114,51,105,125,124,3,39" hai3=""/><T120/><N who="0" m="30752" /><T103/><D2/><U96/><E111/><V91/><F3/><T73/><D119/><U121/><N who="1" m="31008" /><U122/><N who="1" m="31264" /><U43/><E133/><V34/><F34/><T101/><D33/><U104/><E126/><N who="2" m="48747" /><F109/><T129/><D110/><U61/><E112/><V70/><F105/><T74/><D132/><U84/><E72/><N who="0" m="27753" /><D85/><U131/><E131/><N who="0" m="50249" /><D62/><U83/><REACH who="1" step="1"/><E46/><REACH who="1" ten="109,385,546,0" step="2"/><V130/><F114/><T40/><D40/><U86/><E86/><V107/><F130/><T50/><D50/><U75/><E75/><V64/><F107/><AGARI ba="1,1" hai="49,52,56,99,101,102,103,107" m="50249,27753,30752" machi="107" ten="30,11600,0" yaku="19,1,52,2,54,1" doraHai="116" who="0" fromWho="2" sc="109,128,385,0,546,-118,0,0" /><AGARI ba="1,0" hai="43,45,48,57,61,66,83,84,90,94,96,100,104,107" m="31264,31008" machi="107" ten="40,12000,2" yaku="1,1,52,4,53,1" doraHai="116" doraHaiUra="87" who="1" fromWho="2" sc="237,0,385,120,428,-120,0,0" /><INIT seed="4,2,0,1,2,127" ten="237,505,308,0" oya="0" hai0="2,101,109,41,0,58,53,87,97,66,32,56,126" hai1="63,98,78,67,68,122,108,79,49,128,89,88,33" hai2="52,106,123,83,77,71,36,44,99,38,37,102,76" hai3=""/><T95/><D32/><U55/><N who="1" m="31264" /><U115/><E128/><V82/><N who="2" m="31520" /><V57/><F71/><T103/><D126/><U72/><E115/><V131/><F131/><T45/><D109/><U105/><E108/><V124/><F124/><T129/><D129/><U111/><E111/><V91/><F91/><T35/><D35/><U70/><E70/><V34/><F34/><T84/><D103/><U50/><E33/><V81/><REACH who="2" step="1"/><F44/><REACH who="2" ten="237,505,298,0" step="2"/><T40/><D0/><U42/><E88/><V110/><F110/><T74/><D2/><U75/><E89/><V107/><F107/><T104/><D74/><U54/><E105/><V46/><F46/><T116/><D104/><U96/><E68/><V130/><F130/><T120/><N who="0" m="30752" /><T134/><D116/><U73/><E73/><V51/><AGARI ba="2,1" hai="36,37,38,51,52,57,76,77,81,82,83,99,102,106" m="31520" machi="51" ten="40,6000,1" yaku="1,1,0,1,52,1,54,1,53,1" doraHai="127" doraHaiUra="117" who="2" fromWho="2" sc="237,-42,505,-22,298,74,0,0" /><INIT seed="5,0,0,5,0,104" ten="195,483,372,0" oya="1" hai0="124,133,102,111,113,47,109,68,56,50,39,127,59" hai1="69,36,100,123,62,64,49,48,119,72,114,112,99" hai2="117,43,67,61,122,106,51,45,57,85,58,37,88" hai3=""/><U86/><N who="1" m="31520" /><U105/><E119/><V71/><N who="2" m="31264" /><V110/><F117/><T96/><D96/><U92/><E36/><V108/><F106/><T2/><D102/><U38/><E38/><V32/><F32/><T80/><D80/><U41/><E41/><V97/><F97/><T73/><D2/><U89/><REACH who="1" step="1"/><E72/><REACH who="1" ten="195,473,372,0" step="2"/><V3/><F3/><T0/><D73/><U65/><E65/><V44/><F110/><T94/><D0/><U76/><E76/><V79/><F79/><T93/><D39/><U116/><E116/><V95/><F108/><T34/><D34/><U63/><E63/><V129/><F129/><T53/><D109/><U98/><E98/><V82/><F82/><T121/><N who="0" m="31008" /><T103/><D111/><U40/><E40/><AGARI ba="0,1" hai="37,40,43,44,45,51,57,58,61,67,71,85,88,95" m="31264" machi="40" ten="30,3900,0" yaku="7,1,52,1,54,1" doraHai="104" who="2" fromWho="1" sc="195,0,473,-39,372,49,0,0" /><INIT seed="6,0,0,0,2,66" ten="195,434,421,0" oya="2" hai0="73,95,60,41,88,117,99,83,74,107,46,45,102" hai1="56,43,52,72,59,131,64,77,130,44,128,126,36" hai2="106,42,101,116,92,1,90,80,71,58,120,108,98" hai3=""/><V85/><N who="2" m="30752" /><V114/><F1/><T97/><D46/><U35/><E35/><V55/><F116/><T100/><D60/><U105/><E105/><V123/><N who="2" m="31520" /><V51/><F108/><T109/><D45/><U129/><E126/><V53/><F114/><T2/><D41/><U62/><N who="1" m="32768" /><DORA hai="118" /><U96/><E96/><V112/><F112/><T133/><D2/><U127/><E127/><V121/><N who="2" m="31008" /><V54/><F71/><T48/><D48/><U115/><E115/><V39/><F39/><T32/><D32/><U124/><E124/><V38/><F38/><T113/><D113/><U75/><E77/><V76/><F42/><T103/><D109/><U132/><E132/><V47/><F47/><T50/><D50/><AGARI ba="0,0" hai="36,43,44,50,52,56,59,62,64,72,75" m="32768" machi="50" ten="70,4500,0" yaku="19,1,54,1" doraHai="66,118" who="1" fromWho="0" sc="195,-45,434,45,421,0,0,0" owari="150,-45.0,479,43.0,421,2.0,0,0.0" /></mjloggm>