<mjloggm ver="2.3"><GO type="185" lobby="0"/><UN n0="%E3%81%AE%E3%83%BC%E3%81%97" n1="%E3%81%82%E3%81%B9%E3%81%97%E3%81%A3%E3%81%A3" n2="%E9%AC%BC" n3="" dan="18,17,17,0" rate="2274.24,2255.30,2280.83,1500.00" sx="M,M,F,C"/><TAIKYOKU oya="0"/><INIT seed="0,0,0,5,5,39" ten="350,350,350,0" oya="0" hai0="71,113,43,83,68,133,90,61,99,88,115,124,54" hai1="44,94,119,48,103,53,55,65,52,40,116,128,105" hai2="63,75,114,45,33,32,85,91,112,131,41,96,58" hai3=""/><T50/><D133/><U121/><N who="1" m="31008" /><U73/><E105/><V87/><F75/><T123/><N who="0" m="31520" /><T110/><D124/><U86/><E73/><V129/><F96/><T80/><D110/><U98/><E128/><V134/><F134/><T102/><D113/><U111/><E111/><V49/><F112/><T36/><D115/><U135/><E135/><V84/><F91/><T38/><D61/><U59/><REACH who="1" step="1"/><E86/><REACH who="1" ten="350,340,350,0" step="2"/><V67/><REACH who="2" step="1"/><F114/><REACH who="2" ten="350,340,340,0" step="2"/><T118/><D118/><U109/><E109/><V100/><F100/><T72/><D72/><U127/><E127/><V66/><F66/><T76/><D102/><U57/><E57/><V132/><F132/><T56/><D56/><U107/><E107/><V108/><F108/><T92/><D71/><U122/><N who="1" m="31264" /><U81/><E81/><V1/><F1/><T34/><D68/><U117/><E117/><V97/><F97/><T78/><D83/><U64/><E64/><V62/><F62/><AGARI ba="0,2" hai="40,44,48,52,53,55,59,62,65,94,98,103,116,119" m="31264,31008" machi="62" ten="40,12000,2" yaku="1,1,52,3,54,1,53,1" doraHai="39" doraHaiUra="60" who="1" fromWho="2" sc="350,0,340,140,340,-120,0,0" /><INIT seed="1,0,0,5,0,101" ten="350,480,220,0" oya="1" hai0="135,36,66,55,99,50,53,91,86,121,79,42,77" hai1="89,39,59,38,40,56,1,48,129,114,67,61,47" hai2="76,105,64,63,134,96,71,60,120,51,104,68,122" hai3=""/><U44/><E1/><V62/><N who="2" m="30752" /><V113/><N who="2" m="31264" /><V35/><F76/><T115/><N who="0" m="31008" /><T65/><D115/><U123/><N who="1" m="31520" /><U3/><E3/><V45/><F113/><T54/><D36/><U84/><E114/><V46/><F96/><T72/><D72/><U93/><E129/><V80/><F80/><T34/><D34/><U131/><E131/><V107/><F64/><N who="0" m="24682" /><D99/><U117/><E117/><V83/><F83/><T75/><D75/><U33/><E33/><V0/><F0/><T82/><D135/><U85/><E85/><V73/><F73/><T130/><D130/><U118/><E118/><V78/><F78/><N who="0" m="29706" /><D42/><U90/><E89/><V132/><F35/><T37/><D37/><U52/><REACH who="1" step="1"/><E38/><REACH who="1" ten="350,470,220,0" step="2"/><V116/><F116/><T100/><D100/><U133/><E133/><V112/><F112/><T97/><D97/><U81/><E81/><V49/><F134/><T43/><D91/><U88/><E88/><V95/><F132/><T124/><D86/><U103/><E103/><V128/><F128/><T108/><D82/><U92/><E92/><V87/><F95/><T98/><D98/><U58/><AGARI ba="0,1" hai="39,40,44,47,48,52,56,58,59,61,67,84,90,93" m="31520" machi="58" ten="20,8000,1" yaku="1,1,0,1,7,1,52,1,54,1,53,0" doraHai="101" doraHaiUra="127" who="1" fromWho="1" sc="350,-40,470,90,220,-40,0,0" /><INIT seed="1,1,0,0,5,116" ten="310,560,180,0" oya="1" hai0="60,111,107,1,35,128,72,130,134,119,55,115,104" hai1="38,61,84,48,113,43,114,97,109,63,75,68,80" hai2="129,41,89,3,57,117,70,79,36,2,131,66,110" hai3=""/><U64/><E75/><V32/><F32/><T132/><RYUUKYOKU type="yao9" ba="1,0" sc="310,0,560,0,180,0,0,0" hai0="1,35,55,60,72,104,107,111,115,119,128,130,132,134" /><INIT seed="1,2,0,1,2,116" ten="310,560,180,0" oya="1" hai0="109,3,87,69,125,104,111,128,132,51,77,123,32" hai1="80,95,45,74,75,117,134,101,34,133,90,86,78" hai2="58,108,70,118,92,107,102,81,105,103,112,130,50" hai3=""/><U63/><E34/><V100/><F118/><T61/><RYUUKYOKU type="yao9" ba="2,0" sc="310,0,560,0,180,0,0,0" hai0="3,32,51,61,69,77,87,104,109,111,123,125,128,132" /><INIT seed="1,3,0,4,3,80" ten="310,560,180,0" oya="1" hai0="109,132,89,0,91,106,48,114,41,107,77,42,40" hai1="44,94,74,95,56,54,121,73,100,46,97,36,122" hai2="79,51,75,3,33,1,50,43,90,34,67,112,32" hai3=""/><U81/><N who="1" m="31008" /><U64/><N who="1" m="31264" /><U37/><E64/><V87/><F67/><T117/><D0/><U115/><E115/><V63/><F63/><T72/><D114/><U45/><E95/><V65/><F65/><T58/><D117/><U128/><E128/><V126/><F126/><T78/><D132/><U60/><REACH who="1" step="1"/><E81/><REACH who="1" ten="310,550,180,0" step="2"/><V118/><F112/><T108/><D106/><U135/><E135/><V119/><F3/><T53/><D107/><U131/><E131/><V86/><F1/><T133/><D133/><U120/><N who="1" m="30752" /><U98/><E98/><V116/><F116/><T129/><D129/><U85/><E85/><V61/><F118/><T124/><D124/><U127/><E127/><V123/><F119/><T76/><D72/><AGARI ba="3,1" hai="36,37,44,45,46,54,56,60,72,73,74,94,97,100" m="30752,31264,31008" machi="72" ten="40,12000,1" yaku="1,1,52,3,53,1" doraHai="80" doraHaiUra="55" who="1" fromWho="0" sc="310,-126,550,136,180,0,0,0" /><INIT seed="1,4,0,3,5,68" ten="184,686,180,0" oya="1" hai0="113,1,117,2,54,81,56,131,36,85,55,39,124" hai1="97,93,69,52,76,98,62,87,61,77,100,92,106" hai2="57,121,129,102,99,134,71,109,53,119,118,43,59" hai3=""/><U128/><E128/><V86/><N who="2" m="31008" /><V83/><F71/><T3/><D117/><U120/><N who="1" m="30752" /><U35/><E35/><V47/><F129/><T75/><D131/><U110/><E110/><V58/><F134/><T41/><D113/><U63/><E63/><V122/><BYE who="1" /><N who="2" m="31264" /><V90/><F109/><UN n1="%E3%81%82%E3%81%B9%E3%81%97%E3%81%A3%E3%81%A3" /><T40/><D124/><U34/><E34/><V133/><F53/><T67/><D67/><U80/><E77/><V112/><F133/><T51/><D75/><U37/><E37/><V78/><F78/><T107/><D107/><U95/><E62/><V101/><F101/><T46/><D40/><U132/><E132/><V38/><REACH who="2" step="1"/><F112/><REACH who="2" ten="184,686,170,0" step="2"/><T89/><REACH who="0" step="1"/><D55/><REACH who="0" ten="174,686,170,0" step="2"/><U64/><REACH who="1" step="1"/><E52/><REACH who="1" ten="174,676,170,0" step="2"/><V82/><F82/><T108/><D108/><U125/><E125/><V0/><F0/><T70/><D70/><U50/><E50/><AGARI ba="4,3" hai="1,2,3,36,39,41,46,50,51,54,56,81,85,89" machi="50" ten="40,12000,2" yaku="1,1,52,2,53,3" doraHai="68" doraHaiUra="33" who="0" fromWho="1" sc="174,158,676,-128,170,0,0,0" /><INIT seed="2,0,0,2,1,1" ten="332,548,170,0" oya="2" hai0="39,102,92,41,101,105,81,37,74,135,95,33,82" hai1="73,49,75,113,61,35,130,89,67,64,0,66,52" hai2="96,134,70,54,78,118,103,85,115,71,99,116,104" hai3=""/><V124/><F115/><T112/><D112/><U34/><E0/><V55/><F124/><T110/><D74/><U40/><E113/><V58/><F134/><T108/><D41/><U48/><E130/><V129/><F129/><T83/><D83/><U68/><E68/><V100/><F85/><T60/><D60/><U87/><E61/><V53/><F78/><T57/><D57/><U128/><E128/><V38/><F38/><T46/><D46/><U36/><E36/><V2/><F58/><T132/><D105/><U45/><E75/><V77/><F77/><T32/><AGARI ba="0,0" hai="32,33,37,39,81,82,92,95,101,102,108,110,132,135" machi="32" ten="25,6000,1" yaku="0,1,22,2,52,2" doraHai="1" who="0" fromWho="0" sc="332,60,548,-20,170,-40,0,0" /><INIT seed="4,0,0,5,2,108" ten="392,528,130,0" oya="0" hai0="105,35,124,47,133,109,96,3,73,61,119,110,52" hai1="70,32,41,67,125,53,55,130,33,126,107,106,132" hai2="84,129,100,37,134,36,71,92,101,63,40,90,99" hai3=""/><T102/><D3/><U91/><E41/><V104/><F134/><T135/><D35/><U57/><E132/><N who="0" m="50761" /><D119/><U38/><E38/><V94/><F129/><T59/><D73/><U65/><E57/><V86/><F40/><T77/><D77/><U93/><E93/><V46/><F46/><T66/><D124/><U62/><E91/><V45/><F45/><T81/><D81/><U56/><E56/><V103/><F63/><T89/><D89/><U74/><E74/><V75/><F71/><T60/><D47/><U69/><E62/><V58/><F58/><AGARI ba="0,0" hai="52,58,59,60,61,66,96,102,105,109,110" m="50761" machi="58" ten="30,2900,0" yaku="20,1,54,1" doraHai="108" who="0" fromWho="2" sc="392,29,528,0,130,-29,0,0" /><INIT seed="4,1,0,1,1,105" ten="421,528,101,0" oya="0" hai0="115,135,32,99,134,97,74,132,52,53,126,89,119" hai1="113,101,36,58,106,40,49,96,77,131,110,54,43" hai2="72,68,45,83,56,50,2,37,64,39,91,79,61" hai3=""/><T118/><D32/><U46/><E110/><V48/><F2/><T66/><D66/><U3/><E3/><V122/><N who="2" m="31264" /><V34/><F34/><T130/><D115/><U47/><E131/><V111/><F111/><T84/><D130/><U120/><N who="1" m="30752" /><U42/><E113/><V123/><N who="2" m="31520" /><V92/><F50/><T87/><D74/><U80/><REACH who="1" step="1"/><E46/><REACH who="1" ten="421,518,101,0" step="2"/><V65/><F65/><T86/><D126/><U95/><E95/><V88/><F68/><T63/><D63/><U124/><E124/><V112/><F112/><T127/><D127/><U59/><E59/><V81/><F81/><T71/><D71/><U57/><E57/><V103/><F39/><T62/><D62/><U35/><E35/><V100/><F37/><T0/><D0/><U73/><AGARI ba="1,1" hai="36,40,42,43,47,49,54,58,73,77,80,96,101,106" m="30752" machi="73" ten="20,9000,2" yaku="1,1,0,1,7,1,52,2,53,1" doraHai="105" doraHaiUra="78" who="1" fromWho="1" sc="421,-61,518,102,101,-31,0,0" /><INIT seed="5,0,0,5,4,123" ten="360,620,70,0" oya="1" hai0="43,81,38,75,64,89,135,108,125,68,106,48,113" hai1="84,129,119,134,39,124,77,86,130,62,112,122,53" hai2="60,93,36,58,67,100,72,97,54,82,117,109,56" hai3=""/><U63/><N who="1" m="31264" /><U126/><E119/><V76/><F36/><T85/><D113/><U121/><N who="1" m="31008" /><U104/><E104/><V69/><F117/><T87/><D135/><U66/><E39/><V3/><F3/><T35/><D106/><U96/><E112/><V52/><F69/><T55/><D35/><U111/><E96/><V132/><F132/><T32/><D125/><U34/><E134/><V131/><F131/><T45/><D75/><U41/><E41/><V127/><F127/><T110/><D32/><U116/><E116/><V71/><F71/><T90/><D64/><U0/><E0/><V120/><N who="2" m="30752" /><V59/><F109/><T78/><D68/><U44/><E34/><V98/><F98/><T83/><D78/><U133/><E77/><V79/><F79/><T101/><D101/><U95/><E133/><V65/><REACH who="2" step="1"/><F59/><AGARI ba="0,0" hai="38,43,45,48,55,59,81,83,85,87,89,90,108,110" machi="59" ten="30,7700,0" yaku="7,1,9,1,52,2" doraHai="123" who="0" fromWho="2" sc="360,77,620,0,70,-77,0,0" owari="437,4.0,620,57.0,-7,-61.0,0,0.0" /></mjloggm>