<mjloggm ver="2.3"><GO type="169" lobby="0"/><UN n0="%E3%82%BF%E3%83%9E%E3%83%8D%E3%82%AE" n1="%E3%81%B8%E3%82%80%E3%81%B8%E3%82%80%EF%BC%92%E5%8F%B7" n2="%E9%9B%AA%E6%9C%88%E9%A2%A8%E8%8A%B1" n3="%E3%81%BE%E3%81%99%E3%81%9E%E3%81%88" dan="17,16,17,16" rate="2164.25,2064.09,2228.93,2122.54" sx="M,M,F,M"/><TAIKYOKU oya="0"/><INIT seed="0,0,0,5,2,115" ten="250,250,250,250" oya="0" hai0="5,90,40,14,72,134,121,127,92,58,15,55,126" hai1="2,79,120,82,50,18,122,70,30,99,66,133,8" hai2="81,37,13,131,29,124,88,39,83,98,68,24,61" hai3="103,132,53,80,84,19,38,31,105,34,96,112,4"/><T27/><D121/><U7/><E133/><V26/><F131/><W100/><G112/><T111/><D134/><U135/><E135/><V107/><F24/><W128/><G132/><T36/><D72/><U110/><E30/><V123/><F123/><W130/><G38/><T69/><D69/><U106/><E50/><V95/><F124/><N who="0" m="47658" /><D5/><U65/><E18/><V6/><F107/><W1/><G103/><T63/><D27/><U86/><E110/><V125/><F125/><W21/><G31/><T41/><D111/><U71/><E120/><V59/><F68/><W57/><G34/><T113/><D113/><U117/><E122/><V129/><F129/><W0/><G128/><T33/><D33/><U89/><E70/><V20/><F39/><W64/><G4/><T109/><D109/><U45/><E45/><V67/><REACH who="2" step="1"/><F37/><REACH who="2" ten="250,250,240,250" step="2"/><W85/><G130/><T77/><D36/><U118/><E71/><V54/><F54/><W12/><G64/><T28/><D28/><U9/><E106/><V75/><F75/><W32/><G32/><T76/><D41/><U60/><E65/><V43/><F43/><W48/><REACH who="3" step="1"/><G85/><REACH who="3" ten="250,250,240,240" step="2"/><N who="0" m="52303" /><D40/><U16/><E86/><V10/><AGARI ba="0,2" hai="6,10,13,20,26,29,59,61,67,81,83,88,95,98" machi="10" ten="30,7900,0" yaku="1,1,0,1,8,1,54,1,53,0" doraHai="115" doraHaiUra="51" who="2" fromWho="2" sc="250,-39,250,-20,240,99,240,-20" /><INIT seed="1,0,0,4,1,74" ten="211,230,339,220" oya="1" hai0="128,86,100,115,91,126,93,79,130,50,84,9,19" hai1="81,70,10,27,54,73,104,0,121,133,111,33,69" hai2="3,53,116,132,60,97,108,31,75,113,120,42,114" hai3="6,105,4,65,48,107,40,135,15,37,45,88,89"/><U32/><E121/><V134/><F108/><W129/><G129/><N who="0" m="49771" /><D50/><U12/><E104/><V43/><F120/><W90/><G135/><N who="2" m="51753" /><F3/><W98/><G65/><T41/><D19/><U52/><E0/><V51/><F116/><W66/><G66/><T123/><D9/><U64/><E111/><V39/><F39/><W35/><G35/><T11/><D11/><U96/><E96/><V57/><F97/><W78/><G37/><T18/><D18/><U56/><E133/><V94/><F94/><N who="3" m="56647" /><G107/><T38/><D41/><N who="2" m="15370" /><F75/><W95/><G105/><T76/><D38/><U122/><E122/><V1/><F1/><W85/><G15/><T62/><D123/><U26/><E70/><V17/><F31/><W34/><G34/><T119/><D119/><U2/><E2/><V92/><F92/><N who="3" m="54319" /><G78/><N who="0" m="29739" /><D115/><N who="2" m="44042" /><F17/><W20/><G20/><T14/><D100/><U58/><E32/><V99/><F99/><AGARI ba="0,0" hai="4,6,40,45,48,90,95,99" m="54319,56647" machi="99" ten="30,2000,0" yaku="8,1,54,1" doraHai="74" who="3" fromWho="2" sc="211,0,230,0,339,-20,220,20" /><INIT seed="2,0,0,0,5,117" ten="211,230,319,240" oya="2" hai0="48,56,109,8,19,44,25,130,77,129,119,111,18" hai1="16,74,120,17,79,12,73,80,45,103,34,49,65" hai2="64,46,114,76,58,125,122,115,71,134,1,81,101" hai3="53,108,39,42,26,78,23,126,98,132,28,72,54"/><V11/><F122/><W5/><G108/><N who="0" m="41547" /><D77/><U83/><E34/><V70/><F134/><W50/><G132/><T38/><D119/><U22/><E103/><V2/><F125/><W94/><G126/><T87/><D38/><U113/><E113/><V24/><F101/><W84/><G72/><T21/><D56/><U4/><E120/><V102/><F58/><W124/><G39/><T43/><D87/><U33/><E33/><V57/><F57/><W128/><G128/><N who="0" m="49259" /><D8/><U121/><E121/><V37/><F11/><W110/><G110/><T85/><D85/><U135/><E65/><V41/><F76/><W93/><G5/><T106/><D106/><U88/><E4/><V31/><F37/><W7/><G7/><T36/><D36/><U15/><E135/><V62/><F115/><W118/><G78/><T107/><D107/><U66/><E66/><V52/><F64/><W99/><G84/><T92/><D92/><U100/><E74/><V116/><F81/><W40/><G118/><T112/><D112/><U96/><E79/><V29/><F116/><W10/><G10/><T27/><D27/><U13/><E73/><V82/><F24/><W3/><G26/><T14/><D14/><U86/><E80/><V75/><F82/><W32/><G94/><T67/><D67/><U90/><E15/><V69/><F75/><W91/><G93/><T47/><D47/><U131/><E131/><V133/><F133/><W123/><G124/><T105/><D105/><N who="1" m="63623" /><E86/><V127/><F127/><W51/><G123/><T60/><D60/><U30/><E83/><V55/><F114/><RYUUKYOKU ba="0,0" sc="211,30,230,-10,319,-10,240,-10" hai0="18,19,21,25,43,44,48" /><INIT seed="3,1,0,0,0,128" ten="241,220,309,230" oya="3" hai0="35,66,105,112,34,79,121,13,18,77,45,106,74" hai1="61,89,14,124,32,5,90,69,40,118,125,3,70" hai2="83,75,29,133,107,37,11,44,10,41,117,130,115" hai3="67,91,47,31,94,28,60,23,73,110,38,80,129"/><W6/><G129/><T98/><D121/><U0/><E118/><V62/><F115/><W127/><G127/><N who="1" m="48714" /><E32/><V101/><F117/><W78/><G6/><T81/><D112/><U24/><E24/><V12/><F130/><W59/><G110/><T88/><D79/><U4/><E40/><V20/><F10/><W104/><G104/><T51/><D66/><U33/><E33/><V102/><F102/><W30/><G38/><T92/><D35/><U84/><E61/><V53/><F29/><W2/><G47/><T85/><D34/><U36/><E36/><V64/><F44/><W87/><REACH who="3" step="1"/><G23/><REACH who="3" ten="241,220,309,220" step="2"/><T19/><D106/><U68/><E4/><N who="2" m="3175" /><F20/><W9/><G9/><T55/><D13/><U95/><E14/><V46/><F107/><W131/><G131/><T27/><D27/><U93/><E5/><V15/><F46/><W100/><G100/><AGARI ba="1,1" hai="18,19,45,51,55,74,77,81,85,88,92,98,100,105" machi="100" ten="40,5200,0" yaku="24,2,54,1" doraHai="128" who="0" fromWho="3" sc="241,65,220,0,309,0,220,-55" /><INIT seed="4,0,0,2,0,84" ten="306,220,309,165" oya="0" hai0="125,31,7,133,81,16,57,69,132,97,127,129,38" hai1="71,111,95,35,14,74,45,96,130,98,88,106,27" hai2="90,108,51,93,56,8,107,80,48,119,109,76,25" hai3="30,41,1,128,6,34,126,104,23,116,67,15,40"/><T117/><D69/><U24/><E111/><V22/><F107/><W47/><G116/><T77/><D117/><U102/><E130/><V0/><F119/><W43/><G128/><T68/><D68/><U52/><E74/><V120/><F120/><W83/><G104/><T121/><D121/><U135/><E71/><V64/><F108/><W85/><G126/><N who="0" m="48139" /><D38/><U87/><E135/><N who="0" m="51785" /><D31/><U92/><E14/><V4/><F109/><W99/><G34/><T123/><D7/><U101/><REACH who="1" step="1"/><E35/><REACH who="1" ten="306,210,309,165" step="2"/><V82/><F0/><W46/><G1/><T118/><D118/><U65/><E65/><V103/><F64/><W44/><G67/><T122/><D129/><U11/><E11/><V53/><F8/><N who="3" m="4503" /><G99/><T62/><D97/><U36/><E36/><V50/><F4/><W18/><G30/><T5/><D5/><U26/><E26/><V32/><F25/><N who="3" m="14583" /><G43/><T112/><D16/><U39/><E39/><V2/><F32/><W10/><G10/><T9/><D9/><U89/><E89/><AGARI ba="0,1" hai="40,41,44,46,47,83,85,89" m="14583,4503" machi="89" ten="30,2000,0" yaku="8,1,52,1" doraHai="84" who="3" fromWho="1" sc="306,0,210,-20,309,0,165,30" /><INIT seed="5,0,0,3,1,37" ten="306,190,309,195" oya="1" hai0="0,20,6,13,23,99,65,118,130,121,102,78,85" hai1="48,3,69,88,60,58,33,76,50,110,90,114,15" hai2="41,122,16,108,82,106,32,56,133,77,87,67,53" hai3="18,39,79,22,80,70,25,4,81,64,7,46,38"/><U123/><E123/><V91/><F108/><W113/><G113/><T62/><D118/><U66/><E3/><V14/><F106/><W8/><G70/><T12/><D121/><U98/><E114/><V51/><F32/><W96/><G64/><T75/><D75/><U94/><E110/><V61/><F133/><W97/><G80/><T112/><D0/><U52/><E33/><V63/><F122/><W40/><G39/><T100/><D100/><U68/><E76/><V35/><F35/><W43/><G43/><T104/><D130/><U28/><E28/><V45/><F61/><W101/><G101/><T36/><D36/><U135/><E135/><V55/><F77/><W116/><G116/><T10/><D13/><U95/><E15/><V105/><F105/><W5/><REACH who="3" step="1"/><G8/><AGARI ba="0,0" hai="8,14,16,41,45,51,53,55,56,63,67,82,87,91" machi="8" ten="30,7700,0" yaku="7,1,8,1,52,1,54,1" doraHai="37" who="2" fromWho="3" sc="306,0,190,0,309,77,195,-77" /><INIT seed="6,0,0,1,4,27" ten="306,190,386,118" oya="2" hai0="21,108,98,50,31,75,49,104,54,72,100,28,33" hai1="67,6,61,2,11,130,26,15,107,43,116,51,59" hai2="3,126,24,29,39,105,85,53,34,131,128,90,132" hai3="106,112,133,88,19,57,36,80,66,9,82,70,84"/><V16/><F39/><W118/><G106/><T60/><D108/><U87/><E116/><V77/><F3/><W8/><G118/><T35/><D60/><U56/><E130/><V124/><F77/><W38/><G70/><T13/><D21/><U52/><E107/><V46/><F105/><W111/><G111/><T123/><D13/><U55/><E43/><V23/><F53/><W40/><G112/><T20/><D20/><U69/><E87/><V10/><F10/><W7/><G133/><T117/><D117/><U102/><E102/><V99/><F99/><W122/><G122/><T83/><D123/><U86/><E86/><V25/><F46/><W12/><G40/><T45/><D49/><U92/><E26/><V129/><F132/><W74/><G66/><T42/><D54/><U121/><E92/><AGARI ba="0,0" hai="16,23,24,25,29,34,85,90,92,124,126,128,129,131" machi="92" ten="40,7700,0" yaku="19,1,52,1,54,1" doraHai="27" who="2" fromWho="1" sc="306,0,190,-77,386,77,118,0" /><INIT seed="6,1,0,1,4,0" ten="306,113,463,118" oya="2" hai0="78,55,131,93,104,65,129,83,72,25,121,79,77" hai1="95,135,113,37,115,40,92,54,89,34,16,70,96" hai2="10,114,118,68,2,45,15,120,98,110,123,36,66" hai3="59,75,26,101,100,116,91,48,71,74,35,33,43"/><V51/><F118/><W88/><G71/><T133/><D121/><U109/><E109/><V60/><F2/><W7/><G7/><T105/><D65/><U20/><E135/><V108/><F110/><W126/><G116/><T82/><D25/><U30/><E70/><V76/><F36/><W19/><G126/><T127/><D55/><U1/><E1/><V81/><F108/><W99/><G19/><T122/><D122/><U4/><E4/><V38/><F38/><W103/><G99/><T57/><D57/><U42/><E54/><V134/><F114/><N who="1" m="43529" /><E92/><V29/><F134/><W124/><G124/><T85/><D127/><U125/><E37/><V6/><F29/><W67/><G67/><T17/><D17/><U32/><E125/><V50/><F98/><W31/><G35/><N who="1" m="13354" /><E30/><V132/><F132/><W39/><G39/><T27/><D27/><AGARI ba="1,0" hai="16,20,27,40,42,89,95,96" m="13354,43529" machi="27" ten="30,2000,0" yaku="15,1,54,1" doraHai="0" who="1" fromWho="0" sc="306,-23,113,23,463,0,118,0" /><INIT seed="7,0,0,2,4,125" ten="283,136,463,118" oya="3" hai0="118,2,94,87,71,93,101,84,135,83,75,106,64" hai1="73,7,5,86,24,43,128,15,60,77,40,17,82" hai2="50,120,9,51,74,29,55,127,62,79,85,48,78" hai3="63,65,90,28,112,116,108,102,21,107,91,133,113"/><W126/><G116/><T97/><D2/><U98/><E128/><V30/><F74/><W45/><G126/><T54/><D118/><U13/><E73/><V80/><F127/><W104/><G133/><T11/><D135/><U70/><E24/><V124/><F120/><W39/><G108/><T16/><D64/><U121/><E121/><V12/><F79/><W47/><G28/><T122/><D71/><U37/><E37/><V105/><F105/><N who="3" m="40523" /><G21/><T88/><D122/><U66/><E98/><V46/><F124/><W38/><G102/><T26/><D75/><U129/><E129/><V132/><F132/><W6/><G6/><T81/><D54/><U49/><E15/><V99/><F99/><W111/><G111/><T41/><D41/><U69/><E69/><V58/><F46/><N who="3" m="17419" /><G63/><T23/><D11/><U117/><E117/><V1/><F1/><W3/><G65/><T44/><D44/><U8/><E49/><V0/><F0/><W100/><G100/><T92/><D106/><U31/><E31/><V114/><F114/><N who="3" m="44139" /><G3/><T53/><D53/><U34/><E34/><V123/><F123/><W68/><G68/><T10/><D10/><U18/><E7/><AGARI ba="0,0" hai="7,9,12,29,30,48,50,51,55,58,62,78,80,85" machi="7" ten="40,1300,0" yaku="8,1" doraHai="125" who="2" fromWho="1" sc="283,0,136,-13,463,13,118,0" owari="283,8.0,123,-28.0,476,58.0,118,-38.0" /></mjloggm>