<mjloggm ver="2.3"><GO type="185" lobby="0"/><UN n0="%69%6E%75%73%61%6E%38%34" n1="%E3%81%97%E3%81%8B%E3%81%BE%E3%82%81" n2="%E3%81%95%E3%81%A8%E3%81%95%E3%81%A8%31%31" n3="" dan="16,16,17,0" rate="2116.46,2109.22,2259.12,1500.00" sx="M,M,M,C"/><TAIKYOKU oya="0"/><INIT seed="0,0,0,5,2,110" ten="350,350,350,0" oya="0" hai0="91,97,135,48,46,84,109,64,58,114,112,55,49" hai1="108,54,87,76,39,37,83,106,61,56,122,128,107" hai2="133,94,95,131,77,0,86,44,80,57,115,70,99" hai3=""/><T51/><D135/><U60/><N who="1" m="31264" /><U63/><E108/><V129/><F70/><T101/><D109/><U42/><E128/><V113/><F0/><T118/><D118/><U78/><E78/><V88/><F44/><T50/><D64/><U33/><E33/><V134/><F94/><T32/><D32/><U38/><REACH who="1" step="1"/><E42/><REACH who="1" ten="350,340,350,0" step="2"/><V124/><F124/><T123/><N who="0" m="31520" /><T130/><D130/><N who="2" m="49674" /><F57/><T82/><REACH who="0" step="1"/><D46/><REACH who="0" ten="340,340,350,0" step="2"/><U121/><N who="1" m="31008" /><U53/><E53/><V36/><F36/><T40/><D40/><U93/><E93/><AGARI ba="0,2" hai="48,49,50,51,55,58,82,84,91,93,97,101,112,114" m="31520" machi="93" ten="40,12000,1" yaku="1,1,52,3,53,1" doraHai="110" doraHaiUra="117" who="0" fromWho="1" sc="340,140,340,-120,350,0,0,0" /><INIT seed="0,1,0,5,2,92" ten="480,220,350,0" oya="0" hai0="97,109,70,68,42,96,99,108,135,76,49,105,133" hai1="62,61,122,32,98,41,36,1,69,79,37,116,34" hai2="88,3,83,127,131,73,103,101,115,120,118,51,85" hai3=""/><T46/><D105/><U87/><N who="1" m="31264" /><U91/><E1/><V65/><N who="2" m="30752" /><V128/><F65/><T111/><D76/><U44/><E116/><V119/><F3/><T130/><D130/><N who="2" m="49706" /><F115/><T2/><D2/><U112/><E112/><V134/><F134/><AGARI ba="1,0" hai="42,46,49,68,70,96,97,99,108,109,111,133,134,135" machi="134" ten="50,18000,2" yaku="14,1,10,1,20,1,52,3" doraHai="92" who="0" fromWho="2" sc="480,182,220,0,350,-182,0,0" /><INIT seed="0,2,0,1,5,89" ten="662,220,168,0" oya="0" hai0="106,43,88,102,55,101,110,94,113,41,48,86,47" hai1="33,74,72,91,53,98,127,81,111,2,124,116,132" hai2="80,90,126,75,65,125,37,46,54,60,52,0,70" hai3=""/><T51/><D113/><U93/><E2/><V103/><F0/><T35/><D35/><U3/><E3/><V114/><F114/><T45/><D110/><U121/><N who="1" m="31008" /><U71/><E33/><V79/><F103/><T61/><D106/><U83/><E116/><V100/><F100/><T76/><D76/><U64/><E111/><V92/><F37/><T105/><D105/><U84/><E132/><V120/><N who="2" m="30752" /><V34/><F34/><T128/><D128/><U118/><E118/><V32/><F32/><T58/><AGARI ba="2,0" hai="41,43,45,47,48,51,55,58,61,86,88,94,101,102" machi="58" ten="30,8000,1" yaku="0,1,9,1,8,1,52,1,54,1" doraHai="89" who="0" fromWho="0" sc="662,84,220,-42,168,-42,0,0" /><INIT seed="0,3,0,3,3,43" ten="746,178,126,0" oya="0" hai0="78,134,103,131,57,53,125,119,73,41,124,1,75" hai1="36,87,70,74,77,44,38,97,93,94,79,108,112" hai2="98,95,3,91,86,61,47,66,132,69,85,55,116" hai3=""/><T82/><D1/><U99/><E112/><V104/><F3/><T126/><D119/><U90/><E70/><V64/><F132/><T63/><D134/><U51/><E108/><V130/><F130/><T58/><D131/><U45/><E74/><V60/><F116/><T81/><D103/><U114/><E114/><V101/><F55/><T54/><D41/><U106/><E106/><V118/><F118/><T121/><N who="0" m="31008" /><T50/><D82/><U133/><E133/><V65/><F47/><T120/><N who="0" m="30752" /><T76/><D76/><U56/><E56/><V40/><F40/><T100/><D100/><U107/><E107/><V59/><F66/><T33/><D33/><U128/><E128/><V92/><REACH who="2" step="1"/><F85/><AGARI ba="3,0" hai="50,53,54,57,58,63,73,75,78,81,85,124,125,126" m="30752,31008" machi="85" ten="40,7700,0" yaku="18,1,52,2" doraHai="43" who="0" fromWho="2" sc="746,83,178,0,126,-83,0,0" /><INIT seed="0,4,0,2,0,54" ten="829,178,43,0" oya="0" hai0="3,56,88,121,41,59,115,134,79,132,130,126,125" hai1="117,71,50,111,40,47,80,123,99,57,64,105,101" hai2="67,44,118,73,81,133,91,135,82,86,2,43,95" hai3=""/><T98/><N who="0" m="31008" /><T61/><D3/><U100/><N who="1" m="31520" /><U58/><E117/><V93/><F67/><T102/><D115/><U108/><E101/><V107/><F2/><T60/><D79/><U34/><E34/><V128/><F118/><T90/><D41/><U94/><E105/><V39/><F107/><T74/><D74/><U127/><E127/><V131/><F93/><T36/><D36/><U70/><E80/><N who="2" m="30827" /><F73/><T32/><D32/><U116/><E116/><V55/><F55/><T75/><D75/><U103/><E100/><V92/><F95/><T129/><D102/><U114/><E114/><V84/><F84/><T42/><D42/><U62/><E71/><V89/><F89/><T69/><D98/><U119/><E119/><V109/><F109/><AGARI ba="4,0" hai="40,47,50,57,58,62,64,70,94,99,103,108,109,111" m="31520" machi="109" ten="40,8000,1" yaku="14,1,52,3" doraHai="54" who="1" fromWho="2" sc="829,0,178,88,43,-88,0,0" owari="829,78.0,266,-13.0,-45,-65.0,0,0.0" /></mjloggm>