<mjloggm ver="2.3"><GO type="169" lobby="0"/><UN n0="%E8%B0%B7%E5%8F%A3%E3%81%93%E3%81%86%E3%81%B8%E3%81%84" n1="%E5%86%85%E7%94%B0%E8%B2%B4%E5%A4%A7" n2="%E3%81%AB%E3%82%83%E3%82%93%E5%90%89" n3="%6B%6B%6B%73%73%36%36%36" dan="17,16,16,16" rate="2220.63,2107.89,2094.92,2074.87" sx="M,M,M,M"/><TAIKYOKU oya="0"/><INIT seed="0,0,0,1,1,81" ten="250,250,250,250" oya="0" hai0="83,53,73,120,22,133,57,35,131,11,126,59,63" hai1="99,6,36,28,2,45,108,27,127,97,102,33,62" hai2="121,90,13,110,78,42,64,15,86,105,65,40,109" hai3="4,80,114,87,122,98,66,116,46,52,112,130,44"/><T74/><D35/><U113/><E108/><N who="2" m="41579" /><F105/><W41/><G116/><T38/><D120/><U91/><E127/><V94/><F78/><W100/><G130/><T103/><D38/><U76/><E113/><V85/><F121/><W7/><G66/><N who="2" m="25705" /><F86/><W128/><G128/><T60/><D131/><U16/><E62/><V84/><F84/><W50/><G122/><T1/><D126/><U79/><E36/><V39/><F39/><W70/><G70/><T5/><D133/><U75/><E45/><V104/><F104/><W71/><G71/><T129/><D129/><U111/><E111/><V37/><F37/><W69/><G69/><T8/><D103/><U32/><E75/><V34/><F34/><W96/><G112/><T107/><D107/><U18/><E91/><V17/><F13/><W58/><G114/><T48/><D22/><AGARI ba="0,0" hai="15,17,22,40,42,85,90,94" m="25705,41579" machi="22" ten="30,2000,0" yaku="14,1,52,1" doraHai="81" who="2" fromWho="0" sc="250,-20,250,0,250,20,250,0" /><INIT seed="1,0,0,1,2,102" ten="230,250,270,250" oya="1" hai0="79,0,38,125,75,120,24,132,42,73,36,127,78" hai1="90,51,96,46,72,25,59,11,45,99,22,111,122" hai2="101,40,104,69,92,43,23,106,56,95,109,17,64" hai3="77,48,89,81,34,126,32,131,30,129,13,21,76"/><U97/><E72/><N who="0" m="27721" /><D24/><U86/><E122/><V85/><F69/><W37/><G37/><N who="0" m="14443" /><D42/><U28/><E111/><V5/><F5/><W83/><G126/><N who="0" m="48139" /><D120/><U123/><E123/><V80/><F109/><W6/><G89/><T108/><D108/><U60/><E11/><V7/><F7/><W87/><G6/><T55/><D55/><U44/><E51/><V88/><F40/><W84/><G48/><T121/><D121/><U67/><REACH who="1" step="1"/><E46/><REACH who="1" ten="230,240,270,250" step="2"/><V27/><F43/><W62/><G62/><T103/><D0/><U98/><N who="1" m="24576" /><DORA hai="110" /><U133/><E133/><V112/><F112/><W119/><G119/><T26/><D103/><U41/><E41/><V91/><F101/><W58/><G131/><T2/><D2/><U4/><E4/><V66/><F64/><W113/><G129/><T74/><D74/><U63/><E63/><V52/><F66/><W68/><G113/><T94/><D132/><U19/><E19/><V3/><F3/><W9/><G9/><T39/><D39/><U117/><E117/><V29/><F17/><W15/><G30/><T71/><D71/><U20/><E20/><V8/><F8/><W100/><G21/><T134/><D134/><U12/><E12/><V116/><F116/><W49/><G68/><T47/><D47/><U50/><E50/><V115/><F115/><W114/><G49/><T118/><D118/><U70/><E70/><V1/><F1/><W65/><G114/><T57/><D57/><U53/><E53/><V31/><F52/><W93/><G100/><T35/><D35/><U135/><E135/><V124/><F56/><RYUUKYOKU ba="0,1" sc="230,-10,240,30,270,-10,250,-10" hai1="22,25,28,44,45,59,60,67,86,90" /><INIT seed="1,1,1,1,1,23" ten="220,270,260,240" oya="1" hai0="69,101,76,72,38,53,93,70,118,59,131,115,80" hai1="0,121,90,30,34,85,103,123,40,33,112,91,57" hai2="6,19,55,124,49,48,56,82,47,14,86,99,25" hai3="61,88,2,28,51,31,114,89,113,96,128,83,126"/><U120/><E112/><V52/><F124/><W21/><G126/><T108/><D115/><U68/><E0/><V36/><F36/><W7/><G2/><T65/><D118/><U39/><E68/><V60/><F99/><W135/><G7/><T15/><D38/><U71/><E71/><V74/><F74/><W42/><G135/><T11/><D65/><U102/><E57/><V107/><F107/><W66/><G128/><T75/><D72/><U104/><E40/><V44/><F6/><W122/><G122/><T20/><D131/><U92/><E39/><V84/><F25/><N who="3" m="16431" /><G31/><T116/><D116/><U63/><E63/><V119/><F119/><W95/><G114/><T117/><D20/><U37/><E37/><V43/><REACH who="2" step="1"/><F82/><REACH who="2" ten="220,270,250,240" step="2"/><W106/><G106/><T22/><D117/><U105/><E123/><V97/><F97/><W10/><G83/><T111/><D111/><U35/><E30/><V77/><F77/><W13/><G113/><T79/><D79/><U54/><E105/><V127/><F127/><W58/><G96/><T73/><D73/><U17/><E121/><V4/><F4/><N who="3" m="3271" /><G95/><T18/><D108/><U78/><E120/><V27/><F27/><W41/><G41/><T29/><D93/><U5/><E104/><V87/><F87/><W26/><G26/><N who="0" m="16599" /><D101/><U109/><E109/><V98/><F98/><W129/><G129/><T12/><D12/><U132/><E103/><V130/><F130/><W32/><G32/><T45/><D75/><U64/><E35/><V1/><F1/><W125/><G125/><T133/><D76/><U24/><E78/><RYUUKYOKU ba="1,2" sc="220,-15,270,-15,250,15,240,15" hai2="14,19,43,44,47,48,49,52,55,56,60,84,86" hai3="42,51,58,61,66,88,89" /><INIT seed="2,2,2,4,1,15" ten="205,255,265,255" oya="2" hai0="90,79,10,100,30,59,129,65,52,61,14,27,24" hai1="74,91,11,87,36,93,130,124,98,57,104,40,113" hai2="28,44,22,37,12,131,82,66,125,9,54,39,116" hai3="38,49,84,17,123,58,96,70,68,3,132,111,71"/><V35/><F116/><W105/><G111/><T108/><D108/><U72/><E57/><V19/><F125/><W69/><G123/><T99/><D129/><U43/><E36/><V26/><F131/><W31/><G31/><T76/><D90/><N who="1" m="53471" /><E43/><V81/><F66/><W127/><G3/><T89/><D89/><U4/><E40/><V83/><REACH who="2" step="1"/><F35/><REACH who="2" ten="205,255,255,255" step="2"/><W67/><G127/><T56/><D65/><U55/><E130/><V126/><F126/><W102/><G67/><T94/><D59/><U85/><E124/><V60/><F60/><W107/><G71/><T1/><D1/><U106/><E113/><V29/><F29/><W117/><G70/><T32/><REACH who="0" step="1"/><D27/><REACH who="0" ten="195,255,255,255" step="2"/><U13/><E13/><V95/><F95/><W23/><G68/><T25/><D25/><U135/><E106/><V20/><F20/><W92/><G69/><T64/><D64/><U53/><E104/><V6/><F6/><AGARI ba="2,4" hai="6,10,14,24,30,32,52,56,61,76,79,94,99,100" machi="6" ten="30,7700,0" yaku="1,1,7,1,54,1,53,1" doraHai="15" doraHaiUra="2" who="0" fromWho="2" sc="195,123,255,0,255,-83,255,0" /><INIT seed="3,0,0,1,0,109" ten="318,255,172,255" oya="3" hai0="12,0,124,63,116,34,91,81,10,1,51,57,115" hai1="131,23,52,3,76,45,73,107,26,37,31,25,8" hai2="56,18,59,58,78,86,44,108,111,133,30,120,48" hai3="113,84,94,22,97,55,28,43,95,21,106,82,122"/><W118/><G118/><T60/><D116/><U61/><E107/><V130/><F30/><W101/><G122/><T42/><D34/><U127/><E127/><V4/><F4/><W123/><G123/><T93/><D124/><U40/><E131/><V11/><F120/><W17/><G43/><T54/><D115/><U103/><E103/><V24/><F130/><W135/><G135/><T128/><D128/><U69/><E3/><V99/><F133/><W2/><G2/><T114/><D114/><U90/><E8/><V112/><F99/><W64/><G64/><T129/><D129/><U15/><E15/><V134/><F134/><W83/><G113/><T110/><D110/><N who="2" m="42026" /><F86/><W72/><G72/><T50/><D81/><U20/><E90/><V19/><F78/><W74/><G74/><T66/><D0/><U47/><E76/><V38/><F112/><W126/><G83/><T41/><D63/><U68/><E73/><V77/><F77/><W70/><G70/><T132/><D51/><U36/><E36/><V87/><F87/><W33/><G126/><T13/><D13/><U46/><E47/><V67/><F38/><W75/><G75/><T32/><D32/><U9/><E9/><V7/><F67/><W96/><G17/><N who="2" m="6153" /><F24/><N who="3" m="18567" /><G97/><N who="0" m="57535" /><D1/><U98/><E98/><V102/><F102/><W119/><G119/><T88/><D88/><U92/><E92/><N who="3" m="35370" /><G55/><T79/><D79/><U125/><E125/><V29/><F29/><W27/><G27/><T117/><D117/><U121/><E121/><V65/><F65/><W53/><G53/><T14/><D132/><U85/><E26/><RYUUKYOKU ba="0,0" sc="318,-10,255,-10,172,-10,255,30" hai3="21,22,82,84,96,101,106" /><INIT seed="3,1,0,5,2,131" ten="308,245,162,285" oya="3" hai0="98,97,90,75,23,51,28,73,34,135,43,99,119" hai1="61,40,37,87,105,20,102,49,36,118,5,54,70" hai2="11,89,60,14,106,133,117,71,109,38,9,58,132" hai3="44,116,68,79,50,17,126,104,69,110,13,113,84"/><W63/><G113/><T65/><D119/><U59/><E5/><V78/><F117/><W26/><G126/><T12/><D34/><U39/><E20/><V66/><F106/><W91/><G104/><T115/><D65/><N who="1" m="41263" /><E87/><V52/><F38/><W46/><G110/><T27/><D12/><U0/><E102/><V10/><F109/><W125/><G125/><T67/><D67/><U42/><E0/><V123/><F123/><W114/><G114/><T32/><D115/><U29/><E29/><V30/><F78/><W96/><G44/><T112/><D112/><U129/><E105/><V128/><F128/><W7/><G63/><T48/><D90/><U4/><E4/><V62/><F30/><W111/><G111/><T77/><D23/><U16/><E16/><V8/><REACH who="2" step="1"/><F89/><REACH who="2" ten="308,245,152,285" step="2"/><W31/><G79/><T100/><D28/><U80/><E118/><V22/><F22/><N who="3" m="15831" /><G116/><T81/><D77/><U21/><E129/><V76/><F76/><W25/><G68/><T6/><D75/><U18/><E21/><V94/><F94/><N who="3" m="56415" /><G69/><T83/><D73/><U35/><E35/><V122/><F122/><W55/><G84/><T127/><D32/><U95/><E95/><V1/><F1/><W45/><G25/><T101/><D27/><U3/><E3/><V88/><F88/><W108/><G108/><T47/><D127/><U19/><E80/><V107/><F107/><W82/><G82/><T56/><D81/><U72/><E72/><V64/><F64/><W2/><G2/><T120/><D83/><U134/><E39/><V130/><F130/><W53/><G13/><RYUUKYOKU ba="1,1" sc="308,-10,245,-10,152,30,285,-10" hai2="8,9,10,11,14,52,58,60,62,66,71,132,133" /><INIT seed="4,2,1,2,3,104" ten="298,235,182,275" oya="0" hai0="55,26,58,94,48,30,88,81,118,38,57,95,20" hai1="87,121,128,23,4,131,99,63,47,24,75,117,77" hai2="52,106,85,84,7,89,69,33,102,98,110,116,101" hai3="96,120,51,65,119,3,74,54,22,12,1,134,111"/><T18/><D38/><U132/><E121/><V76/><F110/><W39/><G120/><T68/><D68/><U79/><E117/><V46/><F69/><W112/><G119/><T71/><D71/><U50/><E99/><V72/><F116/><W124/><G39/><T6/><D118/><U91/><E132/><V2/><F33/><W123/><G111/><T60/><D6/><U36/><E36/><V103/><F7/><W42/><G74/><T56/><D30/><N who="1" m="17695" /><E63/><V15/><F2/><W25/><G3/><T35/><D35/><U107/><E4/><V125/><F125/><W115/><G1/><T37/><D37/><U34/><E34/><V109/><F15/><W41/><G124/><T64/><D58/><U97/><E97/><N who="2" m="61743" /><F52/><W21/><G134/><T0/><D0/><U82/><E75/><V43/><F46/><W129/><G123/><T108/><D108/><U27/><E27/><V113/><F43/><W44/><G129/><N who="1" m="49738" /><E107/><N who="2" m="63959" /><F109/><W32/><G32/><T59/><D59/><U61/><E61/><V14/><F14/><W86/><G115/><T45/><D56/><U67/><E67/><V13/><F13/><W9/><G65/><T70/><D70/><U8/><E8/><V90/><F113/><W73/><G112/><T78/><D64/><U66/><E66/><V92/><F103/><W126/><G126/><T93/><D57/><U16/><E16/><V100/><F100/><W127/><G127/><T62/><D62/><U53/><AGARI ba="2,1" hai="47,50,53,77,79,82,87,91" m="49738,17695" machi="53" ten="30,1100,0" yaku="19,1" doraHai="104" who="1" fromWho="1" sc="298,-7,235,27,182,-5,275,-5" /><INIT seed="5,0,0,5,0,84" ten="291,262,177,270" oya="1" hai0="96,6,13,103,53,131,33,87,88,118,101,85,36" hai1="59,8,92,110,106,98,81,43,99,31,61,67,48" hai2="40,62,30,90,105,25,89,11,54,28,76,23,52" hai3="70,65,134,116,128,35,82,121,21,117,115,104,4"/><U130/><E130/><V18/><F105/><W34/><G121/><T86/><D33/><U97/><E110/><V60/><F76/><W51/><G104/><T37/><D118/><U15/><E106/><V93/><F40/><W109/><G70/><T129/><D53/><N who="2" m="20586" /><F11/><W127/><G35/><T95/><D6/><U108/><E108/><V125/><F125/><W32/><G32/><T124/><D13/><U50/><E31/><N who="2" m="11819" /><F93/><W107/><G34/><T9/><D9/><U120/><E81/><V77/><F77/><W75/><G75/><T64/><D64/><U78/><E78/><V73/><F73/><W132/><G107/><T122/><D124/><U5/><E120/><V94/><F94/><W12/><G127/><T102/><D122/><U26/><E26/><V80/><F80/><W49/><G109/><T69/><D69/><U91/><REACH who="1" step="1"/><E43/><REACH who="1" ten="291,252,177,270" step="2"/><V22/><F22/><W133/><G116/><T20/><D20/><U7/><E7/><V27/><F27/><W19/><G117/><T66/><D129/><U83/><E83/><V126/><F126/><W63/><G128/><T56/><D131/><U111/><E111/><V57/><F57/><W0/><G132/><T16/><D56/><U112/><E112/><V42/><F42/><W79/><G115/><T74/><D74/><U1/><E1/><V41/><F41/><W24/><G133/><T44/><D36/><U58/><E58/><V10/><F10/><W113/><G113/><T39/><D39/><U72/><E72/><V114/><F114/><W3/><G134/><T47/><D37/><U14/><E14/><RYUUKYOKU type="nm" ba="0,1" sc="291,-20,252,-40,177,-20,270,80" hai1="5,8,15,48,50,59,61,67,91,92,97,98,99" hai2="18,23,25,60,62,89,90" /><INIT seed="5,1,1,4,5,122" ten="271,212,157,350" oya="1" hai0="96,103,102,62,14,94,66,49,2,65,98,68,131" hai1="20,40,113,100,64,92,93,135,28,52,130,1,117" hai2="83,115,79,84,74,82,119,23,95,81,116,33,132" hai3="58,42,109,91,114,134,12,120,72,54,48,63,125"/><U55/><E117/><V53/><F33/><W47/><G109/><T124/><D2/><U30/><E1/><V128/><F53/><N who="1" m="20553" /><E113/><V104/><F23/><W89/><G120/><T110/><D110/><U32/><E32/><V87/><F128/><W7/><G72/><T13/><D131/><U99/><E135/><V41/><F41/><W127/><G134/><T123/><D123/><U46/><E130/><V107/><F132/><W29/><G29/><N who="1" m="11370" /><E20/><V118/><F115/><W111/><G111/><T17/><D49/><N who="1" m="26823" /><E93/><V61/><F61/><W75/><G75/><T126/><D65/><AGARI ba="1,1" hai="64,65,92,99,100" m="26823,11370,20553" machi="65" ten="30,2900,0" yaku="8,1,54,1" doraHai="122" who="1" fromWho="0" sc="271,-32,212,42,157,0,350,0" /><INIT seed="5,2,0,5,3,97" ten="239,254,157,350" oya="1" hai0="81,114,34,77,37,79,39,94,103,61,59,100,30" hai1="55,98,16,28,18,119,14,105,123,84,11,68,89" hai2="115,109,131,75,90,112,1,88,78,2,50,107,32" hai3="101,46,113,26,6,130,24,10,133,8,108,48,64"/><U13/><E123/><V47/><F32/><W36/><G108/><T124/><D114/><N who="2" m="43562" /><F109/><W74/><G113/><T29/><D124/><U21/><E68/><V73/><F107/><W27/><G74/><N who="2" m="28169" /><F78/><N who="0" m="29706" /><D37/><U135/><E119/><V12/><F12/><W86/><G36/><T118/><D39/><U58/><E135/><V63/><F63/><W111/><G111/><T9/><D34/><U33/><E33/><V93/><F131/><W70/><G133/><T83/><D94/><U71/><E71/><V127/><F127/><W52/><G64/><N who="0" m="38975" /><D9/><U3/><E3/><N who="2" m="1035" /><F93/><W134/><G130/><T43/><D43/><AGARI ba="2,0" hai="43,47,50,88,90" m="1035,28169,43562" machi="43" ten="40,5200,0" yaku="15,1,11,1,54,1" doraHai="97" who="2" fromWho="0" sc="239,-58,254,0,157,58,350,0" /><INIT seed="6,0,0,5,0,118" ten="181,254,215,350" oya="2" hai0="64,51,104,84,48,111,112,31,66,32,103,96,128" hai1="79,133,42,110,44,49,88,117,108,50,72,53,100" hai2="17,74,116,71,69,35,9,24,81,86,119,30,36" hai3="92,7,46,57,40,129,25,89,125,33,109,5,131"/><V47/><F74/><W58/><G109/><N who="1" m="42090" /><E88/><V20/><F36/><W114/><G114/><T18/><D111/><U93/><E93/><V23/><F47/><W99/><G125/><T27/><D112/><U94/><E94/><V90/><F71/><W122/><G122/><T29/><D128/><N who="3" m="49225" /><G33/><T75/><D75/><U15/><E15/><V77/><F69/><W55/><G25/><T2/><D2/><U62/><E100/><V98/><F9/><W105/><G105/><T37/><D37/><N who="1" m="21583" /><E79/><V63/><F63/><N who="3" m="36287" /><G58/><T59/><D29/><U134/><E72/><V121/><F35/><W19/><G19/><T65/><D59/><N who="1" m="35183" /><E117/><V97/><F119/><W135/><G135/><AGARI ba="0,0" hai="49,50,133,134,135" m="35183,21583,42090" machi="135" ten="30,3900,0" yaku="20,1,34,2" doraHai="118" who="1" fromWho="3" sc="181,0,254,39,215,0,350,-39" /><INIT seed="7,0,0,5,0,90" ten="181,293,215,311" oya="3" hai0="14,120,40,64,27,31,26,115,130,49,73,9,48" hai1="89,39,12,16,114,15,36,111,101,121,66,2,82" hai2="57,21,113,105,85,38,83,7,5,23,54,0,11" hai3="65,37,122,42,13,71,133,19,41,132,72,100,124"/><W112/><G72/><T68/><D120/><U116/><E2/><V128/><F105/><W84/><G112/><T118/><D118/><U103/><E121/><V43/><F38/><W91/><G124/><T77/><D130/><U44/><E66/><V107/><F107/><W75/><G100/><T20/><D115/><U95/><E111/><V127/><F43/><W110/><G75/><T35/><D40/><U131/><E114/><V58/><F113/><W4/><G4/><N who="2" m="1609" /><F11/><W24/><G24/><T62/><D77/><U109/><E109/><V92/><F0/><W96/><G96/><T8/><D73/><U56/><E56/><N who="2" m="21611" /><F128/><W52/><G52/><T104/><D104/><U6/><E131/><V3/><F3/><W134/><G37/><T97/><D97/><U81/><E39/><V18/><F127/><W78/><G78/><T10/><REACH who="0" step="1"/><D14/><REACH who="0" ten="171,293,215,311" step="2"/><U74/><E15/><V46/><F18/><AGARI ba="0,1" hai="8,9,10,18,20,26,27,31,35,48,49,62,64,68" machi="18" ten="40,5200,0" yaku="1,1,2,1,53,1" doraHai="90" doraHaiUra="30" who="0" fromWho="2" sc="171,62,293,0,215,-52,311,0" owari="233,-17.0,293,9.0,163,-34.0,311,42.0" /></mjloggm>