<mjloggm ver="2.3"><GO type="169" lobby="0"/><UN n0="%64%75%72%72%72%72%72" n1="%E3%81%BF%E3%82%86%E3%82%8D%E3%82%93" n2="%4E%4F%42%55%53%48%49" n3="%E6%B5%81%E3%82%8C%EF%BC%9F%53%4F%41" dan="18,17,17,17" rate="2279.15,2192.88,2192.44,2242.68" sx="M,M,M,M"/><TAIKYOKU oya="0"/><INIT seed="0,0,0,4,5,22" ten="250,250,250,250" oya="0" hai0="60,44,85,30,108,120,81,117,48,54,80,118,88" hai1="67,27,6,66,132,21,69,119,126,2,26,40,107" hai2="97,13,43,53,103,63,74,121,61,8,73,1,116" hai3="33,36,109,38,114,96,87,101,5,68,102,98,34"/><T83/><D120/><U17/><E119/><V78/><F121/><W93/><G114/><T23/><D108/><U49/><E107/><V134/><F1/><W41/><G68/><T130/><D130/><U115/><E115/><V77/><F116/><W47/><G109/><T29/><D118/><U10/><E132/><V91/><F43/><W3/><G87/><T106/><D106/><U24/><E126/><V58/><F91/><W12/><G12/><T25/><D117/><U135/><E135/><V64/><F134/><W45/><G5/><T28/><D60/><U71/><E71/><V11/><F11/><W79/><G79/><T35/><REACH who="0" step="1"/><D35/><REACH who="0" ten="240,250,250,250" step="2"/><U14/><REACH who="1" step="1"/><E69/><REACH who="1" ten="240,240,250,250" step="2"/><V104/><F74/><W128/><G128/><T70/><D70/><U84/><E84/><V59/><REACH who="2" step="1"/><F73/><REACH who="2" ten="240,240,240,250" step="2"/><W20/><G34/><T62/><D62/><U18/><E18/><AGARI ba="0,3" hai="8,13,18,53,58,59,61,63,64,77,78,97,103,104" machi="18" ten="30,3900,0" yaku="1,1,2,1,7,1,53,0" doraHai="22" doraHaiUra="76" who="2" fromWho="1" sc="240,0,240,-39,240,69,250,0" /><AGARI ba="0,0" hai="18,23,25,28,29,30,44,48,54,80,81,83,85,88" machi="18" ten="40,18000,2" yaku="1,1,8,1,52,1,54,1,53,3" doraHai="22" doraHaiUra="76" who="0" fromWho="1" sc="240,180,201,-180,309,0,250,0" /><INIT seed="0,1,0,4,4,23" ten="420,21,309,250" oya="0" hai0="119,124,71,107,15,64,68,19,106,35,90,67,49" hai1="86,118,126,84,12,83,31,36,26,81,82,91,42" hai2="62,79,28,85,61,57,48,88,41,120,77,97,45" hai3="24,22,121,51,92,29,123,99,58,59,14,133,95"/><T20/><D119/><U44/><E118/><V18/><F120/><W100/><G133/><T96/><D124/><U33/><E126/><V8/><F97/><W131/><G131/><T116/><D116/><U16/><REACH who="1" step="1"/><E86/><REACH who="1" ten="420,11,309,250" step="2"/><V0/><F0/><W53/><G14/><T40/><D15/><U27/><E27/><V104/><F85/><W125/><G125/><T112/><D112/><U52/><E52/><V38/><F41/><W1/><G1/><T94/><D40/><U127/><E127/><V76/><F79/><W87/><G58/><T108/><D68/><U134/><E134/><V7/><F77/><W32/><G32/><T10/><D71/><U109/><E109/><V55/><F76/><W105/><REACH who="3" step="1"/><G87/><REACH who="3" ten="420,11,309,240" step="2"/><T43/><D35/><U135/><E135/><V65/><F57/><W110/><G110/><T101/><D108/><U9/><AGARI ba="1,2" hai="9,12,16,26,31,33,36,42,44,81,82,83,84,91" machi="9" ten="20,8000,1" yaku="1,1,0,1,7,1,52,1,54,1,53,0" doraHai="23" doraHaiUra="47" who="1" fromWho="1" sc="420,-41,11,103,309,-21,240,-21" /><INIT seed="1,0,0,0,0,9" ten="379,114,288,219" oya="1" hai0="60,18,3,43,41,111,84,83,45,24,30,79,35" hai1="90,96,54,40,25,109,91,46,74,58,106,131,115" hai2="37,120,101,73,122,51,121,4,32,44,17,85,6" hai3="118,63,80,125,12,97,49,2,135,99,31,78,132"/><U105/><E115/><V36/><F73/><W110/><G2/><T130/><D3/><U59/><E74/><V76/><F32/><W81/><G110/><T50/><D111/><U127/><E109/><V7/><F101/><W93/><G31/><T75/><D130/><U8/><E131/><V28/><F28/><W82/><G63/><T1/><D1/><U107/><E127/><V47/><F17/><W116/><G49/><T23/><D60/><U27/><E8/><V20/><F20/><W89/><G12/><T52/><REACH who="0" step="1"/><D75/><REACH who="0" ten="369,114,288,219" step="2"/><U104/><E104/><V123/><F121/><W11/><G125/><T22/><D22/><U56/><E105/><V128/><F128/><W65/><G11/><T133/><D133/><N who="3" m="51273" /><G65/><T94/><D94/><U114/><E106/><V129/><F129/><W124/><G124/><T38/><D38/><U117/><E107/><V64/><F64/><W61/><G61/><T103/><D103/><U66/><E66/><V69/><F122/><W134/><G134/><T100/><D100/><U21/><E21/><V88/><F37/><W19/><G116/><T119/><D119/><U16/><E117/><V72/><F36/><W108/><G108/><T34/><D34/><U67/><E67/><V39/><F39/><W95/><G118/><T33/><D33/><U53/><E114/><V10/><F123/><W48/><G48/><T77/><D77/><U42/><E27/><AGARI ba="0,1" hai="18,23,24,27,30,35,41,43,45,50,52,79,83,84" machi="27" ten="30,7700,0" yaku="1,1,7,1,54,1,53,1" doraHai="9" doraHaiUra="15" who="0" fromWho="1" sc="369,87,114,-77,288,0,219,0" /><INIT seed="2,0,0,5,5,1" ten="456,37,288,219" oya="2" hai0="50,133,19,8,110,35,51,89,68,111,106,9,132" hai1="109,6,108,101,73,77,21,53,33,3,29,80,120" hai2="17,48,122,126,54,86,130,76,81,5,13,66,134" hai3="105,39,63,69,104,41,23,57,93,131,65,31,0"/><V117/><F117/><W100/><G131/><T49/><D68/><U79/><E120/><V58/><F130/><W62/><G0/><T30/><D106/><U28/><E33/><V118/><F122/><W61/><G61/><T75/><D75/><U88/><E101/><V114/><F118/><W26/><G41/><T47/><D47/><U103/><E103/><V37/><F37/><W71/><G39/><T70/><D70/><U113/><E113/><V32/><F32/><W44/><G44/><T96/><D35/><U129/><E129/><V72/><F114/><W87/><G71/><T14/><D30/><N who="1" m="11883" /><E73/><V11/><F134/><N who="0" m="51818" /><D9/><N who="1" m="2271" /><E21/><V127/><F72/><W94/><G94/><AGARI ba="0,0" hai="8,14,19,49,50,51,89,94,96,110,111" m="51818" machi="94" ten="40,1300,0" yaku="20,1" doraHai="1" who="0" fromWho="3" sc="456,13,37,0,288,0,219,-13" /><INIT seed="3,0,0,5,5,13" ten="469,37,288,206" oya="3" hai0="91,88,21,73,22,10,75,8,101,0,38,96,133" hai1="104,37,123,53,80,28,55,59,39,90,30,64,84" hai2="87,126,130,17,115,121,32,40,79,18,103,122,49" hai3="29,57,135,110,66,5,58,116,109,56,26,97,47"/><W86/><G116/><T111/><D38/><U7/><E123/><N who="2" m="47115" /><F32/><W134/><G5/><T3/><D101/><U33/><E104/><V107/><F115/><W9/><G9/><N who="0" m="3691" /><D96/><U16/><E7/><V92/><F107/><W77/><G97/><T4/><D4/><U129/><E129/><V131/><F126/><W35/><G66/><T60/><D60/><N who="1" m="37919" /><E37/><V65/><F65/><W1/><G1/><T112/><D111/><N who="3" m="42505" /><G47/><T12/><D133/><N who="3" m="50697" /><G86/><T78/><D75/><U25/><E33/><V128/><F103/><W100/><G100/><T98/><D73/><U14/><E39/><V48/><F40/><W70/><G77/><T19/><D112/><U85/><E85/><V41/><F41/><W83/><G83/><T120/><D120/><U108/><E108/><V44/><F44/><W54/><G70/><T94/><D78/><U46/><E46/><V63/><F92/><W31/><G31/><N who="1" m="11818" /><E25/><V124/><F87/><W67/><G67/><T6/><D6/><U43/><E43/><V95/><F79/><W36/><G36/><T132/><D132/><U62/><E62/><AGARI ba="0,0" hai="26,29,35,54,56,57,58,62" m="50697,42505" machi="62" ten="30,5800,0" yaku="14,1,10,1,20,1" doraHai="13" who="3" fromWho="1" sc="469,0,37,-58,288,0,206,58" owari="469,57.0,-21,-52.0,288,9.0,264,-14.0" /></mjloggm>