<mjloggm ver="2.3"><GO type="169" lobby="0"/><UN n0="%E6%96%87%E5%9B%9B%E9%83%8E" n1="%E3%81%B5%E3%81%98%E3%81%8B%E3%81%A4" n2="%E3%83%92%E3%83%AD%E3%82%B7%E3%81%A7%E3%81%99%E3%80%82" n3="%E3%82%81%E3%82%93%E3%81%A9%E3%81%84" dan="16,16,17,16" rate="2164.82,2102.75,2073.98,2052.51" sx="M,M,M,M"/><TAIKYOKU oya="0"/><INIT seed="0,0,0,2,0,60" ten="250,250,250,250" oya="0" hai0="87,105,61,10,81,72,114,12,101,7,36,109,44" hai1="31,41,56,83,116,125,77,49,90,51,37,88,42" hai2="5,119,30,66,69,102,27,14,115,8,25,48,92" hai3="11,111,124,100,59,118,128,135,91,67,20,64,33"/><T74/><D114/><U85/><E116/><V63/><F119/><W68/><G118/><T53/><D109/><U9/><E125/><V4/><F115/><W15/><G68/><T46/><D105/><U134/><E134/><V110/><F110/><W16/><G111/><T95/><D36/><U84/><E37/><V79/><F79/><W99/><G33/><T107/><D107/><U112/><E112/><V127/><F4/><W122/><G91/><T50/><D46/><U47/><E31/><V129/><F129/><W26/><G128/><T24/><D24/><U23/><E23/><V121/><F127/><W108/><G108/><T38/><D38/><U54/><E41/><V93/><F102/><W52/><G124/><T103/><D61/><U13/><REACH who="1" step="1"/><E85/><REACH who="1" ten="250,240,250,250" step="2"/><V28/><F30/><W34/><G135/><T120/><D120/><U82/><E82/><V131/><F28/><N who="3" m="17479" /><G34/><T19/><D7/><AGARI ba="0,1" hai="7,9,13,42,47,49,51,54,56,77,83,84,88,90" machi="7" ten="30,12000,2" yaku="1,1,7,1,25,2,8,1,54,1,53,0" doraHai="60" doraHaiUra="18" who="1" fromWho="0" sc="250,-120,240,130,250,0,250,0" /><INIT seed="1,0,0,5,0,126" ten="130,370,250,250" oya="1" hai0="46,85,17,58,74,10,40,118,65,21,96,99,106" hai1="42,57,18,109,114,101,39,61,3,59,28,60,26" hai2="56,48,5,9,93,30,132,110,102,62,122,117,1" hai3="23,63,66,103,32,75,4,33,119,38,54,97,51"/><U125/><E114/><V0/><F117/><W80/><G38/><T87/><D118/><U8/><E125/><V53/><F122/><W86/><G75/><T14/><D74/><U91/><E109/><V123/><F123/><W16/><G4/><T15/><D106/><U37/><E101/><V113/><F113/><W34/><G119/><T41/><D65/><U105/><E105/><V77/><F77/><W43/><G43/><N who="0" m="16459" /><D46/><U92/><E3/><V94/><F0/><W133/><G133/><T6/><D58/><U55/><E42/><V68/><F30/><W22/><G22/><T49/><D49/><U11/><E18/><V20/><F20/><W13/><G103/><T69/><D69/><U128/><E37/><V35/><F35/><W124/><G97/><AGARI ba="0,0" hai="6,10,14,15,17,21,85,87,96,97,99" m="16459" machi="97" ten="30,1000,0" yaku="8,1" doraHai="126" who="0" fromWho="3" sc="130,10,370,0,250,0,250,-10" /><INIT seed="2,0,0,0,0,103" ten="140,370,250,240" oya="2" hai0="86,53,78,63,83,43,37,109,91,75,50,32,56" hai1="73,38,21,134,104,10,20,41,18,7,130,0,88" hai2="126,45,135,120,105,66,124,114,85,101,51,57,12" hai3="65,34,35,36,25,119,17,127,15,82,30,131,5"/><V69/><F120/><W107/><G119/><T123/><D123/><U76/><E134/><V115/><F69/><W4/><G36/><T24/><D37/><U59/><E130/><V90/><F135/><W121/><G131/><T6/><D6/><U113/><E113/><V3/><F3/><W70/><G127/><N who="2" m="48681" /><F12/><W108/><G108/><T92/><D109/><U87/><E21/><V112/><F57/><W23/><G35/><T95/><D92/><U54/><E73/><V116/><F66/><W61/><G82/><T72/><D75/><U100/><E76/><V16/><F16/><W47/><G47/><T96/><D72/><U58/><E58/><V31/><F31/><W52/><G52/><T8/><D8/><U128/><E128/><V71/><F71/><W55/><G55/><T80/><D83/><U117/><E117/><V129/><F129/><W89/><G89/><T67/><D43/><U102/><E41/><N who="2" m="25007" /><F116/><W132/><G132/><T106/><D24/><U98/><E38/><V60/><F60/><W1/><G121/><T111/><D32/><U68/><E68/><V11/><F11/><W29/><G29/><T94/><D111/><U122/><E122/><V84/><F90/><W22/><G22/><T74/><D63/><N who="1" m="36343" /><E20/><V93/><F93/><W97/><REACH who="3" step="1"/><G1/><REACH who="3" ten="140,370,250,230" step="2"/><T28/><D28/><U33/><E33/><V125/><F125/><W9/><G9/><T79/><D67/><U26/><E18/><V81/><F81/><W77/><G77/><T118/><D79/><U64/><E64/><V110/><F110/><W27/><G27/><T62/><D118/><RYUUKYOKU ba="0,1" sc="140,-15,370,-15,250,15,230,15" hai2="84,85,101,105,112,114,115" hai3="4,5,15,17,23,25,30,34,61,65,70,97,107" /><INIT seed="2,1,1,1,0,41" ten="125,355,265,245" oya="2" hai0="126,69,132,40,1,49,82,2,61,66,112,54,105" hai1="135,15,31,19,101,35,10,0,33,57,96,22,121" hai2="70,52,83,118,26,37,128,23,43,11,77,123,32" hai3="46,85,92,98,130,109,116,60,108,20,14,38,68"/><V55/><F123/><W124/><G116/><T119/><D112/><U104/><E121/><V113/><F70/><W39/><G130/><T93/><D105/><U5/><E135/><V125/><F113/><W27/><G124/><T81/><D40/><U75/><E75/><V65/><F65/><W67/><G85/><T17/><D126/><U87/><E87/><V102/><F32/><W53/><G14/><T59/><D132/><U91/><E91/><V63/><F11/><W4/><G4/><T86/><D119/><U29/><E29/><V89/><F89/><W9/><G9/><T90/><D81/><U99/><E99/><V97/><F63/><W117/><G117/><T12/><REACH who="0" step="1"/><D82/><REACH who="0" ten="115,355,265,245" step="2"/><U30/><E35/><V21/><F118/><W28/><G39/><T120/><D120/><U122/><E104/><V48/><F37/><W73/><G38/><T79/><D79/><U129/><E122/><V51/><F125/><W36/><G36/><T110/><D110/><U62/><E129/><V13/><F43/><W115/><G115/><T45/><D45/><U6/><E33/><V50/><F128/><W134/><G134/><T18/><D18/><U42/><E42/><V72/><F77/><W114/><G114/><T47/><D47/><U16/><E19/><N who="2" m="10479" /><F83/><W80/><G80/><T95/><D95/><N who="1" m="58527" /><E6/><V107/><F107/><W100/><G92/><T133/><D133/><U74/><E74/><V24/><F72/><W84/><G73/><T76/><D76/><U8/><E5/><V25/><F23/><AGARI ba="1,2" hai="1,2,12,17,23,49,54,59,61,66,69,86,90,93" machi="23" ten="30,7700,0" yaku="1,1,7,1,25,2,53,0" doraHai="41" doraHaiUra="103" who="0" fromWho="2" sc="115,100,355,0,265,-80,245,0" /><INIT seed="3,0,0,0,5,38" ten="215,355,185,245" oya="3" hai0="34,20,0,48,4,43,79,117,11,125,132,108,120" hai1="97,39,113,25,47,85,27,41,84,6,123,69,102" hai2="61,44,50,104,98,1,12,18,133,52,78,31,111" hai3="72,26,116,14,114,2,30,101,8,83,90,135,55"/><W121/><G116/><T51/><D117/><U63/><E123/><V28/><F111/><W134/><G114/><T16/><D108/><U32/><E113/><V29/><F1/><W49/><G121/><T110/><D120/><U46/><E6/><V65/><F133/><W112/><G2/><T119/><D119/><U82/><E85/><V93/><F93/><W67/><G67/><T13/><D110/><U88/><E32/><V124/><F124/><W45/><G112/><T53/><D125/><U33/><E33/><V107/><F107/><W54/><G101/><T68/><D68/><U7/><E7/><V75/><F75/><W96/><G96/><T71/><D71/><U92/><E69/><V80/><F80/><W24/><G24/><T35/><D132/><U59/><REACH who="1" step="1"/><E47/><REACH who="1" ten="215,345,185,245" step="2"/><V66/><F66/><AGARI ba="0,1" hai="25,27,39,41,46,59,63,66,82,84,88,92,97,102" machi="66" ten="30,12000,2" yaku="1,1,2,1,7,1,52,1,54,1,53,1" doraHai="38" doraHaiUra="77" who="1" fromWho="2" sc="215,0,345,130,185,-120,245,0" /><INIT seed="4,0,0,0,3,107" ten="215,475,65,245" oya="0" hai0="135,30,130,88,22,94,19,13,75,128,105,125,79" hai1="17,25,56,115,44,18,63,55,110,104,10,3,52" hai2="28,108,50,84,101,112,132,57,111,133,24,27,69" hai3="85,83,70,42,74,32,134,93,87,47,91,99,59"/><T12/><D105/><U95/><E104/><V54/><F54/><W8/><G70/><T15/><D30/><U126/><E115/><V96/><F96/><W31/><G134/><T68/><D135/><U36/><E110/><V117/><F117/><W49/><G8/><T26/><D68/><U65/><E126/><V106/><F106/><W120/><G120/><T97/><REACH who="0" step="1"/><D125/><REACH who="0" ten="205,475,65,245" step="2"/><U48/><E3/><V43/><F43/><W123/><G123/><T2/><D2/><U34/><E34/><V109/><F109/><W122/><G122/><T62/><D62/><U39/><E63/><V92/><F92/><W72/><G31/><T129/><D129/><U21/><E95/><V35/><F35/><W81/><G32/><T118/><D118/><U71/><E71/><V9/><F9/><W100/><REACH who="3" step="1"/><G59/><REACH who="3" ten="205,475,65,235" step="2"/><T113/><D113/><U119/><E56/><V45/><F45/><W41/><BYE who="2" /><G41/><T29/><D29/><U66/><E44/><V61/><F61/><W89/><AGARI ba="0,2" hai="42,47,49,72,74,81,83,85,87,89,91,93,99,100" machi="89" ten="20,16000,3" yaku="1,1,0,1,7,1,9,1,52,2,53,2" doraHai="107" doraHaiUra="86" who="3" fromWho="3" sc="205,-80,475,-40,65,-40,235,180" /><INIT seed="5,0,0,5,5,67" ten="125,435,25,415" oya="1" hai0="131,45,8,122,16,46,126,93,51,70,40,19,24" hai1="34,65,94,32,89,124,85,118,2,55,92,76,132" hai2="35,71,59,39,6,27,66,29,98,128,83,21,68" hai3="104,58,17,0,115,62,52,74,125,129,64,5,105"/><U116/><E2/><V23/><F23/><W111/><G111/><T73/><D73/><U33/><E132/><V60/><F60/><W9/><G115/><T108/><D108/><U106/><E106/><V54/><F54/><W15/><G125/><T81/><D126/><U130/><E130/><V20/><F20/><W7/><G129/><T100/><D131/><U87/><E124/><V26/><F26/><W13/><G74/><T113/><D81/><U1/><E1/><V110/><F110/><W117/><G117/><T37/><D113/><U48/><E65/><V119/><F119/><W86/><G86/><T4/><D122/><U69/><E69/><V61/><F61/><W102/><G7/><T112/><D70/><U36/><E36/><V82/><F82/><W96/><G17/><T121/><D112/><U57/><REACH who="1" step="1"/><E76/><REACH who="1" ten="125,425,25,415" step="2"/><V44/><F44/><W123/><G105/><T22/><D46/><U75/><E75/><V49/><F49/><W88/><G123/><T42/><D121/><U127/><E127/><V53/><F53/><W97/><REACH who="3" step="1"/><G64/><REACH who="3" ten="125,425,25,405" step="2"/><T43/><D37/><U80/><E80/><V11/><F11/><W28/><G28/><T56/><D93/><AGARI ba="0,2" hai="0,5,9,13,15,52,58,62,88,93,96,97,102,104" machi="93" ten="40,5200,0" yaku="1,1,54,2,53,0" doraHai="67" doraHaiUra="133" who="3" fromWho="0" sc="125,-52,425,0,25,0,405,72" /><INIT seed="6,0,0,5,3,6" ten="73,425,25,477" oya="2" hai0="42,109,37,43,60,95,113,39,3,8,52,92,56" hai1="41,96,87,69,35,108,79,82,34,38,73,117,25" hai2="70,123,24,27,80,129,114,121,76,71,98,75,128" hai3="105,134,5,74,20,23,118,65,85,17,110,135,22"/><V4/><F4/><W63/><G110/><T100/><D109/><U120/><E117/><V40/><F40/><W124/><G74/><T64/><D113/><U33/><E120/><V106/><F106/><W102/><G118/><T97/><D95/><U86/><E108/><V84/><F84/><W126/><G5/><T131/><D131/><U44/><E87/><V10/><F10/><W127/><G85/><T93/><D92/><U103/><E86/><V1/><F1/><W132/><G102/><T90/><D100/><U58/><E58/><V72/><F72/><W61/><G105/><T116/><D116/><U91/><E91/><V115/><F115/><W29/><G29/><T104/><D104/><N who="1" m="63591" /><E25/><V12/><F12/><N who="3" m="9255" /><G61/><T48/><D39/><U13/><E13/><V68/><F68/><AGARI ba="0,0" hai="22,23,63,65,68,124,126,127,132,134,135" m="9255" machi="68" ten="40,2600,0" yaku="18,1,20,1" doraHai="6" who="3" fromWho="2" sc="73,0,425,0,25,-26,477,26" owari="73,-33.0,425,23.0,-1,-50.0,503,60.0" /></mjloggm>