<mjloggm ver="2.3"><GO type="169" lobby="0"/><UN n0="%73%41%67%61%E3%81%95%E3%82%93" n1="%E3%81%82%E3%81%8C%E3%82%8C%E3%82%8B%E9%96%93%36%73" n2="%73%61%6C%61%6D%61%6E" n3="%63%6C%75%74%63%68%37%33" dan="16,18,16,17" rate="2064.69,2226.55,2114.65,2171.90" sx="M,M,M,M"/><TAIKYOKU oya="0"/><INIT seed="0,0,0,1,4,92" ten="250,250,250,250" oya="0" hai0="13,102,35,103,25,44,9,59,11,16,49,98,90" hai1="114,8,18,68,17,30,23,96,55,101,119,127,131" hai2="63,78,3,7,67,33,122,88,80,124,134,34,53" hai3="118,120,62,81,24,36,99,76,110,86,2,37,1"/><T39/><D39/><U123/><E119/><V46/><F122/><W64/><G118/><T56/><D90/><U121/><E127/><V105/><F124/><W43/><G120/><T38/><D38/><U45/><E30/><V108/><F108/><W19/><G110/><T31/><D103/><U135/><E68/><V29/><F134/><W106/><G37/><T85/><D85/><U84/><E135/><V130/><F130/><W57/><G36/><T115/><D9/><U41/><E41/><V100/><F53/><W126/><G43/><T70/><D70/><U21/><E8/><N who="2" m="2175" /><F88/><W50/><G50/><T83/><D83/><U10/><E131/><V60/><F60/><W75/><G86/><T72/><D72/><U91/><E10/><V48/><F48/><W129/><G129/><T128/><D115/><U117/><E114/><V79/><F79/><W95/><G106/><T0/><D0/><U109/><E109/><V40/><F46/><W82/><G82/><T32/><D35/><U20/><E117/><V15/><F40/><W69/><G69/><T133/><D133/><U125/><E125/><V77/><F77/><W6/><G6/><T132/><D128/><U14/><E121/><V93/><F105/><W42/><G42/><N who="0" m="24727" /><D132/><U52/><E123/><V4/><F78/><W71/><G71/><T97/><D102/><U89/><E101/><V28/><F80/><W27/><G126/><T58/><D32/><N who="2" m="12394" /><F100/><N who="3" m="60543" /><G24/><T73/><D73/><U87/><E87/><V47/><F93/><W66/><G66/><T112/><D112/><U26/><E84/><V61/><F67/><RYUUKYOKU ba="0,0" sc="250,15,250,-15,250,-15,250,15" hai0="11,13,16,25,31,56,58,59,97,98" hai3="1,2,19,27,57,62,64,75,76,81" /><INIT seed="0,1,0,1,0,57" ten="265,235,235,265" oya="0" hai0="23,26,72,1,7,96,135,127,16,61,125,60,71" hai1="134,75,129,89,38,121,109,114,36,122,14,59,120" hai2="105,37,69,4,51,76,17,66,33,19,78,0,110" hai3="103,42,54,100,86,12,88,73,81,24,47,126,63"/><T6/><D71/><U41/><E14/><V99/><F51/><W84/><G73/><T87/><D72/><U130/><E89/><V25/><F19/><W93/><G126/><N who="0" m="48139" /><D135/><U5/><E5/><N who="0" m="1545" /><D1/><U94/><E75/><V27/><F17/><W53/><G12/><T40/><D40/><U55/><E94/><V49/><F27/><W131/><G131/><N who="1" m="50186" /><E134/><V50/><F50/><N who="3" m="26999" /><G24/><T3/><D3/><U2/><E2/><V95/><F49/><W30/><G30/><T79/><D96/><U132/><E132/><V45/><F0/><W10/><G10/><T91/><D79/><U133/><E133/><V112/><F78/><N who="3" m="46135" /><G54/><T70/><D70/><U52/><E114/><V83/><F112/><W22/><G22/><T46/><D46/><N who="1" m="23847" /><E109/><V92/><F110/><W101/><G101/><T107/><D107/><U11/><E11/><V58/><F4/><W44/><G44/><T124/><N who="0" m="48147" /><T35/><DORA hai="31" /><D35/><U43/><E43/><V13/><F45/><W128/><G128/><T62/><D91/><U98/><E38/><V64/><F37/><W68/><G68/><T111/><D111/><U80/><E121/><V20/><F69/><W29/><G29/><T39/><D39/><U34/><E34/><V28/><F105/><W82/><G82/><T67/><D67/><U74/><E80/><V97/><F66/><W104/><G104/><T108/><D108/><U102/><E74/><N who="2" m="43415" /><F64/><W90/><G90/><T115/><D115/><U116/><E116/><V113/><F113/><W9/><G9/><T85/><AGARI ba="1,0" hai="16,23,26,60,61,62,85,87" m="1545,48147" machi="85" ten="50,12000,1" yaku="18,1,52,3,54,1" doraHai="57,31" who="0" fromWho="0" sc="265,123,235,-41,235,-41,265,-41" /><INIT seed="0,2,0,2,5,10" ten="388,194,194,224" oya="0" hai0="49,90,43,21,48,113,81,51,62,20,114,31,1" hai1="91,78,25,39,53,135,3,58,35,23,46,71,69" hai2="118,36,105,96,15,8,55,41,40,9,12,111,6" hai3="74,117,30,124,103,92,87,38,11,98,70,110,80"/><T72/><D1/><U24/><E135/><V64/><F111/><W127/><G70/><T123/><D43/><U61/><E3/><V109/><F109/><W56/><G38/><T93/><D123/><U47/><E78/><V125/><F125/><N who="3" m="48203" /><G110/><T54/><D31/><U104/><E104/><V108/><F108/><W75/><G30/><T133/><D133/><U129/><E35/><V94/><F118/><W7/><G56/><N who="0" m="35095" /><D72/><U77/><E25/><V102/><F64/><W100/><G100/><T34/><D34/><U101/><E101/><V134/><F134/><W0/><G117/><T52/><D81/><U60/><E39/><V106/><F36/><W44/><G44/><N who="0" m="27655" /><D113/><U79/><E69/><V112/><F112/><W13/><G0/><T28/><D114/><U97/><E61/><V68/><F68/><W65/><G65/><T63/><D63/><U67/><E67/><V119/><F119/><W37/><G37/><T131/><D131/><U22/><E129/><V115/><F115/><W2/><G2/><T116/><D116/><U42/><E71/><V121/><F121/><W95/><G95/><T128/><D128/><U16/><E42/><V26/><F106/><W83/><G83/><T18/><D28/><N who="1" m="17431" /><E47/><V17/><F105/><W120/><G120/><T19/><D51/><U107/><E107/><V89/><F40/><W32/><G32/><T85/><D49/><U86/><E46/><V14/><F41/><W82/><G82/><T122/><D122/><U4/><E60/><V66/><F66/><W45/><G45/><T132/><D132/><U5/><E58/><RYUUKYOKU ba="2,0" sc="388,15,194,-15,194,-15,224,15" hai0="18,19,20,21,85,90,93" hai3="7,11,13,74,75,80,87,92,98,103" /><INIT seed="0,3,0,1,4,59" ten="403,179,179,239" oya="0" hai0="63,128,27,39,14,62,68,112,35,110,115,94,134" hai1="46,28,78,108,29,74,88,44,91,66,96,15,16" hai2="10,126,93,52,37,129,9,124,42,4,77,18,32" hai3="113,24,75,109,8,83,117,80,101,53,121,67,102"/><T41/><D128/><U111/><E66/><V12/><F129/><W38/><G38/><T0/><D0/><U104/><E78/><V64/><F32/><W135/><G24/><T92/><D68/><U31/><E74/><V13/><F64/><W54/><G8/><T30/><D134/><U17/><E104/><V71/><F71/><W133/><G67/><T84/><D115/><U26/><E26/><V70/><F70/><W90/><G113/><T48/><D39/><U36/><E36/><V73/><F93/><W99/><G75/><T55/><D41/><U2/><E2/><V20/><F20/><W81/><G117/><T69/><D69/><U45/><E96/><V106/><F106/><W76/><G76/><T103/><D112/><U72/><E72/><V1/><F1/><W7/><G7/><T58/><D110/><N who="1" m="42027" /><E15/><V116/><F116/><W127/><G109/><T82/><D14/><U105/><E105/><V11/><F73/><W131/><G131/><T97/><REACH who="0" step="1"/><D92/><REACH who="0" ten="393,179,179,239" step="2"/><U130/><E130/><V43/><F37/><W5/><G135/><T114/><D114/><U98/><E98/><V79/><F12/><W25/><G99/><T19/><D19/><AGARI ba="3,1" hai="16,17,19,28,29,31,44,45,46,88,91" m="42027" machi="19" ten="40,8000,1" yaku="28,2,14,1,54,2" doraHai="59" who="1" fromWho="0" sc="393,-89,179,99,179,0,239,0" /><INIT seed="1,0,0,5,1,37" ten="304,278,179,239" oya="1" hai0="7,44,116,123,134,100,86,26,52,45,80,29,35" hai1="126,2,21,33,66,110,42,54,62,90,36,133,17" hai2="107,13,117,47,124,61,57,72,11,115,12,18,128" hai3="111,89,3,130,96,114,122,81,20,8,94,31,118"/><U113/><E113/><V28/><F117/><W9/><G111/><T68/><D116/><U125/><E33/><V24/><F115/><W27/><G118/><T65/><D123/><U127/><E2/><V48/><F124/><W71/><G114/><T15/><D100/><U16/><E110/><V55/><F128/><W0/><G122/><T121/><D121/><U135/><E54/><V85/><F72/><W60/><G130/><T40/><D134/><N who="1" m="51211" /><E90/><V112/><F112/><W109/><G109/><T92/><D92/><U82/><E82/><V23/><F107/><W56/><G71/><T87/><D65/><U50/><E50/><V51/><F85/><N who="3" m="50351" /><G3/><T32/><D35/><U6/><E6/><V59/><F13/><W131/><G0/><T120/><D68/><N who="1" m="42071" /><E21/><V22/><F22/><W76/><G76/><T34/><D34/><U63/><E63/><N who="2" m="36287" /><F47/><AGARI ba="0,0" hai="16,17,36,42,47,125,126,127" m="42071,51211" machi="47" ten="40,12000,1" yaku="18,1,20,1,52,1,54,1" doraHai="37" who="1" fromWho="2" sc="304,0,278,120,179,-120,239,0" /><INIT seed="1,1,0,5,1,0" ten="304,398,59,239" oya="1" hai0="92,50,40,107,105,90,27,11,34,130,88,21,83" hai1="26,117,23,16,126,87,97,1,13,95,56,121,114" hai2="79,101,67,91,48,123,122,28,18,98,6,49,134" hai3="108,19,77,51,106,30,3,131,110,64,62,129,103"/><U10/><E117/><V2/><F134/><W93/><G30/><T32/><D130/><N who="3" m="49673" /><G19/><T85/><D32/><U133/><E121/><V102/><F79/><W46/><G3/><T52/><D40/><U132/><E114/><V20/><F28/><W116/><G93/><T66/><D66/><U63/><E87/><V5/><F67/><W80/><G103/><N who="2" m="39433" /><F2/><W38/><G106/><T41/><D41/><U12/><E1/><V111/><F111/><N who="3" m="42539" /><G80/><T14/><D34/><U112/><E112/><V9/><F123/><W36/><G77/><T73/><D73/><U128/><E128/><V71/><F71/><N who="3" m="42391" /><G116/><T65/><D105/><U75/><E75/><V45/><F9/><W135/><G135/><T68/><D107/><U31/><E13/><N who="2" m="9295" /><F122/><W15/><G15/><T70/><D21/><U61/><E133/><V37/><F37/><W7/><G7/><N who="2" m="2569" /><F45/><W22/><G22/><T94/><D27/><U54/><E132/><V39/><F39/><W57/><G46/><T35/><D35/><U99/><E10/><V33/><F33/><W119/><G119/><T125/><D68/><U74/><E74/><V86/><F98/><W55/><AGARI ba="1,0" hai="36,38,51,55,57" m="42391,42539,49673" machi="55" ten="40,8000,1" yaku="19,1,14,1,34,2" doraHai="0" who="3" fromWho="3" sc="304,-21,398,-41,59,-21,239,83" /><INIT seed="2,0,0,2,3,43" ten="283,357,38,322" oya="2" hai0="29,83,126,80,23,36,2,37,9,52,7,130,54" hai1="113,14,57,94,48,30,98,118,128,86,87,65,24" hai2="27,71,110,96,47,53,107,101,62,123,84,26,67" hai3="79,49,61,74,73,122,35,105,69,132,0,50,18"/><V10/><F123/><W75/><G122/><T45/><D130/><U114/><E118/><V32/><F110/><W82/><G105/><T42/><D37/><U70/><E70/><V16/><F32/><W133/><G0/><T19/><D29/><U135/><E128/><V102/><F102/><W104/><G104/><T129/><D126/><U38/><E38/><V99/><F99/><W93/><G35/><T55/><REACH who="0" step="1"/><D129/><REACH who="0" ten="273,357,38,322" step="2"/><U1/><E30/><V119/><F119/><W51/><G133/><T111/><D111/><U116/><E135/><V11/><F84/><W117/><G132/><T13/><AGARI ba="0,1" hai="2,7,9,13,19,23,36,42,45,52,54,55,80,83" machi="13" ten="30,7900,0" yaku="1,1,0,1,52,1,54,1,53,0" doraHai="43" doraHaiUra="108" who="0" fromWho="0" sc="273,89,357,-20,38,-39,322,-20" owari="362,46.0,337,14.0,-1,-50.0,302,-10.0" /></mjloggm>