<mjloggm ver="2.3"><GO type="169" lobby="0"/><UN n0="%77%69%6C%73%6F%6E" n1="%7A%6B%75%72%74" n2="%E3%81%A7%E3%82%93%E3%81%A4%E3%81%86" n3="%64%61%6E%6E%63%68%69" dan="16,17,16,17" rate="2139.02,2241.51,2134.43,2151.28" sx="M,M,M,M"/><TAIKYOKU oya="0"/><INIT seed="0,0,0,2,4,37" ten="250,250,250,250" oya="0" hai0="114,134,5,27,58,7,38,54,72,135,120,45,30" hai1="86,132,49,18,16,51,117,36,26,25,113,12,76" hai2="83,101,111,15,8,31,127,115,122,110,78,74,69" hai3="53,28,91,97,112,118,90,67,9,29,99,133,34"/><T109/><D120/><U84/><E117/><V125/><F69/><W82/><G118/><T61/><D114/><U60/><E36/><V50/><F31/><W23/><G112/><T77/><D109/><N who="2" m="41482" /><F115/><W107/><G34/><T119/><D119/><U14/><E113/><V85/><F50/><W102/><G133/><N who="0" m="50699" /><D77/><U19/><E132/><V123/><F15/><N who="1" m="5673" /><E60/><V131/><F8/><W56/><G9/><T62/><D72/><U104/><E104/><V87/><F101/><W4/><G4/><N who="0" m="1611" /><D62/><U79/><E79/><V24/><F24/><N who="1" m="9321" /><E76/><V88/><F131/><W47/><G23/><N who="0" m="15743" /><D45/><U116/><E116/><V59/><F59/><W65/><G47/><T71/><D38/><U98/><E98/><V1/><F1/><W20/><G20/><T81/><D81/><U129/><E129/><V11/><F11/><W33/><G33/><T130/><D130/><U124/><E124/><N who="2" m="47691" /><F74/><W70/><G70/><AGARI ba="0,0" hai="54,58,61,70,71" m="15743,1611,50699" machi="70" ten="30,1500,0" yaku="20,1" doraHai="37" who="0" fromWho="3" sc="250,15,250,0,250,0,250,-15" /><INIT seed="0,1,0,4,4,51" ten="265,250,250,235" oya="0" hai0="100,103,16,113,108,27,76,121,25,81,44,48,23" hai1="132,97,2,69,57,63,77,29,129,114,74,107,95" hai2="109,73,80,70,98,18,54,126,43,123,131,99,49" hai3="87,85,104,60,90,112,88,66,120,6,72,134,21"/><T12/><D113/><U106/><E114/><V62/><F123/><W19/><G112/><T68/><D121/><U11/><E69/><V125/><F109/><W78/><G120/><T65/><D108/><U61/><E132/><V22/><F131/><W45/><G134/><T5/><D68/><U118/><E118/><V116/><F116/><W128/><G128/><T84/><D65/><U101/><E129/><V117/><F117/><W50/><G104/><T26/><REACH who="0" step="1"/><D5/><REACH who="0" ten="255,250,250,235" step="2"/><U15/><E107/><V41/><F70/><W20/><G6/><T9/><D9/><U7/><E106/><V56/><F126/><W93/><G72/><T83/><D83/><U127/><E127/><V32/><F125/><W135/><G135/><T1/><D1/><U115/><E115/><V67/><F73/><W28/><G78/><T96/><D96/><U52/><E2/><V59/><F80/><W4/><G4/><T8/><D8/><U75/><E77/><V53/><F32/><W124/><G124/><T82/><D82/><U92/><E75/><V39/><F67/><W46/><G66/><T38/><D38/><U13/><E74/><V111/><F111/><W40/><G20/><T119/><D119/><U24/><E92/><V35/><F35/><W71/><G71/><T42/><AGARI ba="1,1" hai="12,16,23,25,26,27,42,44,48,76,81,84,100,103" machi="42" ten="30,11700,0" yaku="1,1,0,1,8,1,54,1,53,0" doraHai="51" doraHaiUra="31" who="0" fromWho="0" sc="255,130,250,-40,250,-40,235,-40" /><INIT seed="0,2,0,0,2,78" ten="385,210,210,195" oya="0" hai0="75,19,96,74,43,65,39,3,23,72,37,13,131" hai1="66,34,82,5,113,14,90,92,64,120,125,42,51" hai2="27,134,30,81,116,21,48,115,35,0,100,126,133" hai3="77,2,85,112,31,33,41,132,9,56,61,4,135"/><T71/><D131/><U32/><E120/><V8/><F115/><W122/><G112/><T88/><D3/><U26/><E113/><V54/><F100/><W91/><G77/><T109/><D109/><U130/><E130/><V69/><F69/><W70/><G70/><T103/><D43/><U95/><E125/><V106/><F106/><W123/><G41/><T94/><REACH who="0" step="1"/><D103/><REACH who="0" ten="375,210,210,195" step="2"/><U102/><E102/><V53/><F126/><W114/><G114/><T62/><AGARI ba="2,1" hai="13,19,23,37,39,62,65,71,72,74,75,88,94,96" machi="62" ten="40,12000,1" yaku="1,1,2,1,0,1,54,1,53,0" doraHai="78" doraHaiUra="119" who="0" fromWho="0" sc="375,136,210,-42,210,-42,195,-42" /><INIT seed="0,3,0,0,3,28" ten="511,168,168,153" oya="0" hai0="124,83,129,45,118,132,20,50,16,87,11,105,120" hai1="110,25,24,41,89,109,76,91,9,55,112,53,44" hai2="12,74,95,98,62,58,80,114,8,7,134,84,43" hai3="68,122,104,70,111,42,63,34,130,64,40,77,82"/><T92/><D120/><U56/><E112/><V15/><F114/><W116/><G116/><T38/><D118/><U103/><E103/><V26/><F134/><W36/><G122/><T66/><D105/><U126/><E126/><V78/><F43/><W60/><G111/><T22/><D132/><U73/><E9/><V97/><F26/><W121/><G121/><T27/><D38/><U102/><E102/><V85/><F15/><W125/><G104/><T31/><D124/><U88/><E76/><V35/><F35/><W21/><G125/><T48/><D129/><U54/><E73/><V10/><F10/><W23/><G130/><T19/><D66/><U94/><E94/><V99/><REACH who="2" step="1"/><F95/><REACH who="2" ten="511,168,158,153" step="2"/><W135/><G34/><T106/><D11/><U67/><E110/><V61/><F61/><W4/><G135/><T108/><D106/><U86/><E109/><V0/><F0/><W93/><G93/><T133/><D133/><U13/><E13/><V32/><F32/><W119/><G119/><T100/><D108/><U75/><E75/><V123/><F123/><W115/><G115/><T69/><D92/><U49/><E86/><V81/><F81/><W47/><G42/><T71/><D100/><U14/><E14/><V30/><F30/><W39/><G36/><T6/><D31/><U59/><E25/><V128/><F128/><W65/><REACH who="3" step="1"/><G4/><REACH who="3" ten="511,168,158,143" step="2"/><T3/><D6/><U57/><REACH who="1" step="1"/><E24/><REACH who="1" ten="511,158,158,143" step="2"/><V17/><F17/><W101/><G101/><T113/><D27/><U79/><E79/><V90/><F90/><W127/><G127/><T51/><D19/><U117/><E117/><RYUUKYOKU ba="3,3" sc="511,-30,158,10,158,10,143,10" hai1="41,44,49,53,54,55,56,57,59,67,88,89,91" hai2="7,8,12,58,62,74,78,80,84,85,97,98,99" hai3="21,23,39,40,47,60,63,64,65,68,70,77,82" /><INIT seed="1,4,3,2,0,89" ten="481,168,168,153" oya="1" hai0="49,83,135,40,123,81,33,104,23,125,41,6,1" hai1="113,36,118,30,91,10,18,60,70,69,75,28,79" hai2="132,111,94,39,129,133,115,109,131,101,7,34,93" hai3="38,46,8,61,17,90,5,29,66,24,95,84,107"/><U100/><E118/><V121/><F34/><W96/><G17/><T48/><D33/><U20/><E113/><V53/><F39/><W128/><G128/><N who="2" m="49225" /><F115/><W78/><G38/><T87/><D104/><U55/><E36/><V62/><F7/><W82/><G46/><T56/><D125/><U112/><E112/><V68/><F121/><W22/><G107/><T76/><D135/><N who="2" m="51786" /><F101/><W73/><G5/><T19/><D123/><U25/><E100/><V110/><F53/><W51/><G51/><N who="0" m="19531" /><D6/><U106/><E106/><V74/><F74/><W50/><G50/><T54/><D1/><U13/><E75/><V92/><F62/><W9/><REACH who="3" step="1"/><G73/><REACH who="3" ten="481,168,168,143" step="2"/><T71/><D41/><U42/><E42/><V85/><F68/><AGARI ba="4,4" hai="8,9,22,24,29,61,66,68,78,82,84,90,95,96" machi="68" ten="30,7700,0" yaku="1,1,2,1,7,1,52,1,53,0" doraHai="89" doraHaiUra="98" who="3" fromWho="2" sc="481,0,168,0,168,-89,143,129" /><INIT seed="2,0,0,4,1,34" ten="481,168,79,272" oya="2" hai0="43,6,22,28,45,40,48,81,56,31,78,55,128" hai1="35,114,107,17,121,77,86,110,57,68,105,101,130" hai2="42,52,113,9,92,2,39,102,126,135,67,44,19" hai3="91,82,123,97,88,25,0,53,51,59,69,5,75"/><V94/><F113/><W58/><G69/><T23/><D128/><U15/><E130/><V1/><F67/><W66/><G123/><T106/><D106/><U83/><E68/><V76/><F135/><W108/><G108/><T74/><D6/><U103/><E114/><V61/><F126/><W80/><G25/><T118/><D118/><U93/><E35/><V95/><F102/><W18/><G18/><T16/><D43/><U124/><E124/><V36/><F36/><W72/><G97/><T127/><D23/><U70/><E70/><V12/><REACH who="2" step="1"/><F76/><REACH who="2" ten="481,168,69,272" step="2"/><W90/><G66/><T21/><D127/><U122/><E110/><V20/><F20/><W49/><G91/><T14/><D22/><U3/><E103/><V27/><F27/><W62/><G88/><T37/><AGARI ba="0,1" hai="14,16,21,28,31,37,40,45,48,55,56,74,78,81" machi="37" ten="20,2700,0" yaku="0,1,7,1,54,1" doraHai="34" who="0" fromWho="0" sc="481,37,168,-7,69,-13,272,-7" /><INIT seed="3,0,0,5,3,84" ten="518,161,56,265" oya="3" hai0="71,12,132,117,106,47,43,124,22,24,96,133,29" hai1="42,30,32,7,81,116,53,41,36,45,1,72,8" hai2="76,130,122,120,111,77,118,49,65,57,112,37,97" hai3="66,102,26,115,18,39,6,60,70,27,83,123,0"/><W94/><G39/><T89/><D117/><U34/><E116/><V54/><F118/><W108/><G123/><N who="2" m="47145" /><F112/><W21/><G115/><T51/><D124/><U75/><E42/><V50/><F97/><W44/><G108/><T19/><D71/><U62/><E30/><V56/><F77/><W35/><G44/><T3/><D3/><U16/><E75/><V91/><F76/><W93/><G83/><T105/><D105/><U23/><E72/><V15/><F15/><W68/><G68/><T17/><D106/><U125/><E81/><V85/><F37/><W99/><G0/><T14/><D132/><U135/><E135/><V46/><F130/><W64/><G64/><T87/><D96/><U110/><E125/><V4/><F4/><W20/><G6/><T127/><D127/><U107/><E107/><V10/><F10/><W103/><G35/><T11/><D133/><U119/><E110/><V131/><F131/><W79/><G79/><T129/><D129/><U86/><E86/><V114/><F114/><W2/><G2/><T98/><D98/><U104/><E104/><V59/><F111/><W40/><G40/><T109/><D109/><U126/><E126/><V13/><F13/><N who="0" m="5226" /><D11/><U5/><E5/><V28/><F28/><W80/><G80/><AGARI ba="0,0" hai="17,19,22,24,29,43,47,51,80,87,89" m="5226" machi="80" ten="30,2000,0" yaku="8,1,52,1" doraHai="84" who="0" fromWho="3" sc="518,20,161,0,56,0,265,-20" /><INIT seed="4,0,0,0,2,91" ten="538,161,56,245" oya="0" hai0="120,114,38,29,32,12,107,94,81,36,73,22,9" hai1="1,80,62,76,31,72,51,100,90,54,55,30,10" hai2="11,45,123,111,103,74,4,83,33,61,104,47,65" hai3="21,113,14,59,63,118,89,58,87,43,42,79,23"/><T131/><D107/><U133/><E133/><V3/><F111/><W18/><G113/><T135/><D120/><U7/><E100/><V48/><F123/><W50/><G118/><T106/><D106/><U121/><E121/><V37/><F33/><W105/><G105/><T95/><D32/><U93/><E62/><V17/><F17/><W128/><G79/><T92/><D114/><U34/><E34/><V5/><F5/><W57/><G128/><T2/><D2/><U68/><E68/><V66/><F103/><W6/><G6/><T96/><D135/><U25/><E25/><V49/><F104/><W24/><G63/><T15/><D131/><U85/><REACH who="1" step="1"/><E55/><REACH who="1" ten="538,151,56,245" step="2"/><V127/><F127/><W64/><G64/><T44/><D96/><U108/><E108/><V82/><F61/><W84/><G43/><T134/><D134/><U112/><E112/><V78/><F65/><W27/><G27/><T102/><D102/><U28/><E28/><V119/><F66/><W16/><G42/><T124/><D29/><U52/><E52/><N who="2" m="29711" /><F119/><W130/><G130/><T0/><D124/><U117/><E117/><V70/><F70/><W41/><G41/><T129/><D129/><U67/><E67/><V125/><F125/><W99/><G50/><T35/><D35/><U109/><E109/><V71/><F71/><W115/><G115/><T132/><D132/><U88/><E88/><V39/><F49/><W97/><G89/><T46/><D38/><U86/><E86/><AGARI ba="0,1" hai="14,16,18,21,23,24,57,58,59,84,86,87,97,99" machi="86" ten="40,2600,0" yaku="8,1,54,1" doraHai="91" who="3" fromWho="1" sc="538,0,151,-26,56,0,245,36" /><INIT seed="5,0,0,3,0,20" ten="538,125,56,281" oya="1" hai0="118,100,57,56,22,65,108,61,113,7,107,35,17" hai1="54,49,39,10,36,62,84,116,101,6,75,72,77" hai2="92,2,91,99,115,58,69,34,73,26,51,97,11" hai3="109,74,30,76,52,29,123,21,96,104,134,114,135"/><U82/><E116/><V16/><F69/><W45/><G109/><T46/><D118/><U42/><E101/><V110/><F110/><W90/><G123/><T131/><D35/><U129/><E129/><V5/><F115/><W79/><G114/><T12/><D108/><U53/><E62/><V14/><F73/><W23/><G74/><T41/><D113/><U15/><E75/><V37/><F37/><W47/><G90/><T102/><D131/><U83/><E54/><V81/><F81/><W93/><G93/><T103/><D7/><U98/><E98/><V127/><F127/><W9/><G9/><T88/><D88/><U55/><E55/><V128/><F128/><W85/><G52/><T27/><D107/><U19/><E19/><V132/><F132/><W71/><G85/><T31/><D57/><U4/><E4/><V87/><F51/><W95/><G95/><T119/><D119/><U3/><E3/><V18/><F58/><W120/><G120/><T94/><D94/><U40/><E40/><V63/><F63/><W112/><G112/><T117/><D117/><U32/><E32/><V24/><F34/><W66/><G71/><T8/><D102/><U50/><E50/><AGARI ba="0,0" hai="8,12,17,22,27,31,41,46,50,56,61,65,100,103" machi="50" ten="30,3900,0" yaku="7,1,8,1,52,1" doraHai="20" who="0" fromWho="1" sc="538,39,125,-39,56,0,281,0" /><INIT seed="6,0,0,5,0,54" ten="577,86,56,281" oya="2" hai0="130,62,42,6,22,12,4,26,107,39,44,89,30" hai1="73,111,84,34,81,104,133,8,29,102,0,91,14" hai2="31,25,57,67,119,17,56,135,47,23,78,93,77" hai3="32,9,76,69,68,35,117,19,74,5,87,113,98"/><V53/><F119/><W66/><G87/><T126/><D107/><U122/><E111/><V127/><F135/><W10/><G19/><T92/><D126/><U106/><E133/><V15/><F127/><W49/><G49/><T13/><D130/><U101/><E0/><V103/><F47/><W64/><G98/><T65/><D12/><U85/><E122/><V33/><F67/><W134/><G134/><T16/><D92/><U118/><E118/><V75/><F75/><W18/><G18/><T100/><D89/><U55/><E73/><V95/><F56/><W24/><G74/><T58/><D100/><U48/><E106/><V46/><F46/><W112/><G76/><T97/><REACH who="0" step="1"/><D97/><REACH who="0" ten="567,86,56,281" step="2"/><U7/><E104/><V120/><F120/><W88/><G88/><T94/><D94/><U80/><E102/><V86/><F95/><W109/><G117/><T21/><AGARI ba="0,1" hai="4,6,13,16,21,22,26,30,39,42,44,58,62,65" machi="21" ten="20,12000,2" yaku="1,1,0,1,7,1,52,1,54,1,53,1" doraHai="54" doraHaiUra="60" who="0" fromWho="0" sc="567,130,86,-30,56,-60,281,-30" owari="697,79.0,56,-34.0,-4,-50.0,251,5.0" /></mjloggm>