<mjloggm ver="2.3"><GO type="185" lobby="0"/><UN n0="%E3%81%9F%E3%82%93%E3%82%86%E3%81%86" n1="%41%74%72%69%61" n2="%44%75%73%6B" n3="" dan="16,17,16,0" rate="2218.80,2249.80,2184.66,1500.00" sx="F,F,M,C"/><TAIKYOKU oya="0"/><INIT seed="0,0,0,4,4,93" ten="350,350,350,0" oya="0" hai0="97,100,57,69,120,54,64,96,37,65,111,72,43" hai1="132,56,62,131,130,50,92,95,121,38,105,61,77" hai2="76,63,91,94,0,48,112,73,35,114,89,2,36" hai3=""/><T78/><N who="0" m="30752" /><T108/><D100/><U106/><N who="1" m="31008" /><U104/><E38/><V101/><F36/><T60/><D65/><U119/><E119/><V84/><F35/><T81/><D43/><U32/><E32/><V46/><F63/><N who="1" m="24073" /><E77/><V90/><F101/><T83/><D37/><U47/><E56/><V116/><F116/><T52/><D81/><U128/><E132/><V3/><F73/><T82/><D82/><U86/><E86/><V44/><F76/><T103/><D103/><U135/><E135/><V122/><N who="2" m="31264" /><V109/><F109/><N who="0" m="42058" /><D69/><U67/><E67/><V34/><F34/><T107/><D107/><U40/><AGARI ba="0,0" hai="40,47,50,92,95,104,105,106,128,130,131" m="24073,31008" machi="40" ten="40,2000,0" yaku="19,1,52,1" doraHai="93" who="1" fromWho="1" sc="350,-13,350,20,350,-7,0,0" /><INIT seed="1,0,0,4,0,132" ten="337,370,343,0" oya="1" hai0="51,94,121,117,32,80,108,44,70,33,45,109,129" hai1="124,130,106,93,134,107,133,43,86,126,39,62,119" hai2="120,69,100,34,123,75,118,40,88,87,46,65,105" hai3=""/><U0/><E0/><V61/><N who="2" m="30752" /><V89/><N who="2" m="31520" /><V54/><F118/><T41/><N who="0" m="31008" /><T97/><D70/><U82/><E119/><V95/><F75/><T35/><D117/><U92/><E62/><V55/><F34/><T53/><D80/><U91/><E43/><V56/><F105/><N who="1" m="39945" /><E39/><V78/><F78/><T127/><D127/><N who="1" m="48683" /><E130/><V68/><F100/><T110/><D129/><U49/><E49/><V76/><F76/><T64/><D64/><U52/><E52/><V77/><F77/><T1/><D1/><U81/><E81/><V102/><F102/><T83/><D83/><U57/><E57/><V111/><F111/><T38/><D33/><U116/><E116/><V42/><F68/><T63/><D63/><U73/><E73/><V72/><F72/><T103/><AGARI ba="0,0" hai="32,35,38,41,44,45,51,53,94,97,103,108,109,110" m="31008" machi="103" ten="30,3000,0" yaku="0,1,14,1,52,1" doraHai="132" who="0" fromWho="0" sc="337,30,370,-20,343,-10,0,0" /><INIT seed="2,0,0,1,4,69" ten="367,350,333,0" oya="2" hai0="125,52,73,122,72,128,132,77,89,101,105,58,119" hai1="56,80,68,85,0,134,102,133,107,33,47,57,35" hai2="130,45,78,48,55,1,67,93,87,126,123,37,54" hai3=""/><V112/><N who="2" m="31520" /><V63/><F112/><T114/><N who="0" m="31264" /><T127/><D119/><U66/><E0/><V115/><F1/><T109/><D114/><U50/><E68/><V75/><F115/><T76/><D128/><U83/><E102/><V60/><F130/><T64/><D64/><U82/><E107/><V32/><F32/><N who="1" m="12361" /><E85/><V38/><F126/><N who="0" m="48138" /><D132/><N who="1" m="50795" /><E66/><V94/><F75/><N who="0" m="28746" /><D89/><U120/><N who="1" m="30752" /><U129/><E129/><V86/><F67/><T51/><D109/><U42/><AGARI ba="0,0" hai="42,47,50,56,57,80,82,83" m="30752,50795,12361" machi="42" ten="40,2000,0" yaku="20,1,52,1" doraHai="69" who="1" fromWho="1" sc="367,-7,350,20,333,-13,0,0" /><INIT seed="4,0,0,2,2,55" ten="360,370,320,0" oya="0" hai0="85,56,132,115,44,123,127,60,39,107,110,126,88" hai1="2,82,129,66,43,92,133,79,41,131,90,47,98" hai2="74,0,37,135,118,62,84,1,35,71,48,83,120" hai3=""/><T69/><N who="0" m="31520" /><T100/><D69/><U80/><E2/><V32/><N who="2" m="30752" /><V72/><F48/><T53/><D115/><U76/><E66/><V40/><F135/><T86/><D86/><U111/><E111/><V101/><F101/><T36/><D132/><U113/><E133/><V125/><F125/><N who="0" m="47626" /><D110/><U89/><E113/><V81/><F118/><T134/><D134/><U75/><E89/><V128/><F128/><N who="1" m="49225" /><E47/><V109/><F109/><T57/><D44/><U34/><E34/><V121/><N who="2" m="31008" /><V64/><F35/><T50/><D100/><U95/><E95/><V117/><F32/><T3/><D107/><U77/><E77/><V78/><F117/><T108/><D3/><U46/><E46/><V63/><F1/><T73/><D108/><U70/><E70/><V45/><F0/><T61/><D73/><AGARI ba="0,0" hai="41,43,73,75,76,79,80,82,90,92,98" m="49225" machi="73" ten="30,1000,0" yaku="19,1" doraHai="55" who="1" fromWho="0" sc="360,-10,370,10,320,0,0,0" /><INIT seed="5,0,0,0,4,122" ten="350,380,320,0" oya="1" hai0="82,133,98,65,2,63,135,32,91,110,70,85,1" hai1="87,108,113,109,84,132,72,121,111,59,103,75,128" hai2="68,131,107,127,71,123,66,83,35,38,76,3,120" hai3=""/><U93/><N who="1" m="31008" /><U67/><E113/><V45/><N who="2" m="30752" /><V62/><N who="2" m="31520" /><V74/><F131/><T88/><D32/><U41/><E128/><V56/><F127/><T126/><D126/><U51/><E132/><N who="0" m="50761" /><D110/><U119/><E119/><V96/><F35/><T57/><D70/><U100/><E41/><V0/><F56/><T99/><D91/><U102/><E51/><V130/><F68/><T43/><D43/><U73/><E93/><V112/><F112/><T48/><D48/><U78/><E78/><V54/><F130/><T52/><D65/><U101/><N who="1" m="25600" /><DORA hai="39" /><U94/><E94/><V134/><F134/><T79/><D79/><U77/><REACH who="1" step="1"/><E77/><REACH who="1" ten="350,370,320,0" step="2"/><V40/><F3/><AGARI ba="0,1" hai="1,2,3,52,57,63,82,85,88,98,99" m="50761" machi="3" ten="30,3900,0" yaku="20,1,54,2" doraHai="122,39" who="0" fromWho="2" sc="350,49,370,0,320,-39,0,0" /><INIT seed="6,0,0,2,4,41" ten="399,370,281,0" oya="2" hai0="74,126,117,134,82,53,99,63,60,132,35,96,83" hai1="122,129,91,48,47,112,127,93,71,118,85,111,52" hai2="61,100,75,76,107,84,44,68,57,39,110,105,98" hai3=""/><V97/><F110/><T66/><D117/><U65/><N who="1" m="31264" /><U87/><E111/><V36/><F68/><T95/><D35/><U64/><E118/><V79/><F75/><T114/><D126/><U135/><E127/><V46/><F84/><T115/><D53/><U78/><E112/><N who="0" m="43049" /><D96/><U58/><E135/><N who="0" m="51753" /><D74/><U77/><E129/><V89/><F89/><T108/><D108/><U102/><E102/><V88/><F88/><T45/><D45/><U1/><E1/><V94/><F94/><T92/><D63/><U101/><E101/><V119/><F119/><T49/><D49/><U67/><E71/><V38/><F105/><T70/><D95/><U103/><E103/><AGARI ba="0,0" hai="60,66,70,82,83,92,99,103" m="51753,43049" machi="103" ten="30,3900,0" yaku="15,1,11,1,20,1" doraHai="41" who="0" fromWho="1" sc="399,39,370,-39,281,0,0,0" owari="438,39.0,331,-7.0,281,-32.0,0,0.0" /></mjloggm>