<mjloggm ver="2.3"><GO type="169" lobby="0"/><UN n0="%E3%81%B5%E3%81%81%E3%82%93%E3%81%A7%E3%82%8B%E3%81%95%E3%83%BC%E3%82%8B" n1="%E3%83%93%E3%83%B3%E3%82%AB%E3%83%B3" n2="%6B%6F%62%6F%7A" n3="%E6%97%A9%E5%A4%A7%E3%83%80%E3%83%A1%E4%BF%AE%E5%A3%AB" dan="16,16,18,16" rate="2135.08,2158.76,2202.37,2184.46" sx="M,M,M,M"/><TAIKYOKU oya="0"/><INIT seed="0,0,0,4,4,69" ten="250,250,250,250" oya="0" hai0="57,85,9,95,72,23,76,56,135,47,19,83,119" hai1="52,102,20,74,44,120,124,37,78,8,25,5,112" hai2="115,126,33,97,2,111,127,129,12,98,87,121,104" hai3="34,71,59,94,70,101,49,84,105,15,40,134,106"/><T122/><D119/><U31/><E120/><V26/><F2/><W100/><G34/><T128/><D122/><U86/><E102/><V125/><F121/><W45/><G134/><T51/><D128/><U107/><E107/><V18/><F129/><W63/><G106/><T32/><D32/><U64/><E64/><V58/><F115/><W80/><G105/><T13/><D135/><U130/><E130/><V77/><F104/><W21/><G70/><T89/><REACH who="0" step="1"/><D9/><REACH who="0" ten="240,250,250,250" step="2"/><U1/><E112/><V65/><F125/><W62/><G21/><T133/><D133/><U4/><E124/><V81/><F33/><W39/><G71/><T73/><D73/><U11/><E74/><V27/><F127/><W116/><G116/><T108/><D108/><U68/><E68/><V24/><F111/><W42/><G101/><T22/><D22/><U0/><E11/><N who="2" m="6431" /><F126/><W36/><G100/><T53/><AGARI ba="0,1" hai="13,19,23,47,51,53,56,57,72,76,83,85,89,95" machi="53" ten="20,7800,0" yaku="1,1,0,1,7,1,53,1" doraHai="69" doraHaiUra="48" who="0" fromWho="0" sc="240,88,250,-26,250,-26,250,-26" /><INIT seed="0,1,0,2,2,121" ten="328,224,224,224" oya="0" hai0="82,29,55,11,75,128,67,95,5,86,91,44,16" hai1="96,72,68,87,40,109,112,90,125,15,19,133,106" hai2="54,41,62,81,117,134,113,50,35,13,73,122,93" hai3="8,47,107,56,20,97,114,58,102,76,108,118,119"/><T59/><D128/><U31/><E72/><V3/><F122/><W79/><G114/><T88/><D29/><U126/><E68/><V18/><F3/><W0/><G20/><T28/><D28/><U53/><E31/><V36/><F113/><W100/><G47/><T74/><D44/><U25/><E25/><V104/><F104/><W1/><G97/><T127/><D67/><U110/><E40/><V120/><F134/><W4/><G8/><T115/><D127/><N who="1" m="48651" /><E112/><V42/><F36/><W64/><G64/><T22/><D115/><U43/><E43/><V48/><F35/><W78/><G78/><T84/><D11/><N who="1" m="6655" /><E53/><V37/><F73/><W27/><G27/><T45/><D5/><U30/><E30/><V33/><F33/><W101/><G4/><T83/><D45/><U130/><E133/><V2/><F2/><W10/><G10/><T77/><D95/><N who="1" m="54751" /><E130/><V46/><F37/><W99/><G107/><T66/><D66/><U21/><E21/><V26/><F42/><W63/><G0/><T9/><D9/><U89/><E89/><V24/><F41/><W132/><G1/><T32/><D32/><U129/><E129/><V70/><F70/><W123/><G132/><T23/><D77/><U49/><E49/><V52/><F50/><W111/><G123/><T69/><D69/><U57/><E57/><V34/><F48/><W61/><G102/><AGARI ba="1,0" hai="96,102,106,109,110" m="54751,6655,48651" machi="102" ten="30,3900,0" yaku="18,1,52,2" doraHai="121" who="1" fromWho="3" sc="328,0,224,42,224,0,224,-42" /><INIT seed="1,0,0,5,3,60" ten="328,266,224,182" oya="1" hai0="134,56,36,23,111,68,132,133,9,77,43,90,55" hai1="64,2,99,48,112,70,130,33,58,57,63,105,116" hai2="85,103,76,40,39,4,5,27,104,108,118,110,1" hai3="52,42,123,20,10,53,96,35,83,94,100,131,51"/><U107/><E2/><V109/><F118/><W65/><G35/><T67/><D77/><U84/><E116/><V124/><F124/><W113/><G123/><T54/><D111/><U46/><E112/><V126/><F126/><W12/><G113/><T125/><D125/><U37/><E37/><V0/><F27/><W121/><G131/><T80/><D9/><U72/><E72/><V41/><F103/><W135/><G135/><T22/><D43/><N who="2" m="16458" /><F104/><W106/><G106/><T66/><D36/><U16/><E33/><V19/><F19/><W15/><G83/><T91/><D68/><U50/><E107/><V92/><F39/><W25/><G121/><T93/><D80/><U30/><E30/><V17/><F17/><W120/><G120/><T75/><D75/><U3/><E3/><N who="2" m="1099" /><F76/><W21/><G42/><T88/><D93/><U49/><E46/><V62/><F62/><W81/><G81/><T119/><D119/><U102/><E130/><V69/><F69/><W13/><G10/><T61/><D55/><N who="3" m="21065" /><G51/><T28/><D28/><U98/><E98/><V71/><F71/><W7/><G25/><T6/><D6/><U127/><E127/><V97/><F97/><W24/><G7/><N who="2" m="2633" /><F92/><W73/><G73/><T11/><REACH who="0" step="1"/><D11/><REACH who="0" ten="318,266,224,182" step="2"/><U47/><E47/><V89/><F85/><W14/><G20/><AGARI ba="0,1" hai="20,22,23,54,56,61,66,67,88,90,91,132,133,134" machi="20" ten="50,12000,2" yaku="1,1,2,1,20,1,52,2,54,1,53,0" doraHai="60" doraHaiUra="114" who="0" fromWho="3" sc="318,130,266,0,224,0,182,-120" /><INIT seed="2,0,0,2,4,46" ten="448,266,224,62" oya="2" hai0="4,29,108,62,95,122,120,117,114,58,100,89,47" hai1="28,49,103,48,81,113,1,7,115,68,13,0,119" hai2="6,84,82,30,11,50,32,121,126,42,22,71,65" hai3="27,97,74,111,60,132,23,41,90,134,38,24,118"/><V54/><F121/><W12/><G74/><T14/><D114/><U101/><E68/><V75/><F75/><W19/><G118/><T135/><D100/><U127/><E119/><V98/><F126/><W61/><G111/><T106/><D106/><U83/><E127/><V52/><F32/><W25/><G38/><T55/><D117/><U64/><E13/><N who="2" m="5367" /><F65/><W33/><G33/><T43/><D135/><N who="3" m="51753" /><G41/><T10/><D29/><U5/><E28/><V129/><F71/><W35/><G35/><T86/><REACH who="0" step="1"/><D108/><REACH who="0" ten="438,266,224,62" step="2"/><U20/><E64/><V72/><F129/><W110/><G110/><T131/><D131/><U8/><E20/><V91/><F72/><W3/><G3/><T57/><D57/><U70/><E70/><V133/><F133/><W124/><G124/><T107/><D107/><U73/><E73/><V123/><F30/><W18/><G18/><T112/><D112/><U51/><E8/><V2/><F22/><W93/><AGARI ba="0,1" hai="12,19,23,24,25,27,60,61,90,93,97" m="51753" machi="93" ten="40,1500,0" yaku="20,1" doraHai="46" who="3" fromWho="3" sc="438,-4,266,-4,224,-7,62,25" /><INIT seed="3,0,0,0,3,122" ten="434,262,217,87" oya="3" hai0="98,70,2,126,29,115,68,39,21,118,109,135,26" hai1="124,120,58,0,112,78,131,14,16,35,116,40,83" hai2="79,1,95,130,94,7,37,123,133,43,65,5,129" hai3="34,91,105,19,8,80,96,54,102,32,90,77,67"/><W44/><G67/><T59/><D39/><U87/><E0/><V93/><F123/><W76/><G91/><T66/><D2/><U111/><E120/><V64/><F79/><W103/><G103/><T45/><D45/><U4/><E35/><V73/><F73/><W57/><G44/><T100/><D118/><U6/><E112/><V119/><F119/><W125/><G125/><T17/><D17/><U61/><E116/><V134/><F43/><W113/><G113/><T117/><D59/><U60/><E124/><V84/><F84/><W30/><G30/><T52/><D52/><N who="1" m="33863" /><E40/><V101/><F101/><W110/><G90/><T53/><D70/><U121/><E121/><V48/><F48/><W81/><G77/><T86/><D68/><U46/><E46/><V27/><F27/><W18/><G81/><T9/><D26/><U62/><E131/><N who="2" m="50187" /><F1/><W82/><G80/><T106/><D106/><U3/><E3/><V114/><F114/><W24/><G24/><T33/><D33/><U72/><E72/><V74/><F74/><W104/><G104/><T31/><D117/><U55/><E55/><V132/><F37/><W127/><G127/><T41/><D53/><U99/><E99/><V128/><F128/><W75/><G32/><T88/><D98/><U20/><E111/><V85/><F85/><W47/><G110/><T15/><D86/><U92/><E92/><V28/><F28/><W13/><G34/><T42/><D109/><U25/><E25/><V50/><F50/><N who="3" m="30935" /><G47/><T49/><D115/><U12/><E12/><V56/><F56/><W97/><G97/><RYUUKYOKU ba="0,0" sc="434,-30,262,10,217,10,87,10" hai1="4,6,14,16,20,61,62,78,83,87" hai2="5,7,64,65,93,94,95,132,133,134" hai3="8,13,18,19,75,76,82,96,102,105" /><INIT seed="3,1,0,2,1,11" ten="404,272,227,97" oya="3" hai0="53,22,56,109,48,21,100,57,37,5,43,133,113" hai1="36,10,70,34,74,4,98,51,107,68,24,61,62" hai2="77,97,9,1,96,95,101,108,12,15,46,123,102" hai3="23,73,118,65,67,39,33,13,64,7,63,17,49"/><W41/><G118/><T2/><D109/><U78/><E36/><V122/><F108/><W35/><G73/><T76/><D133/><U6/><E51/><V135/><F77/><W104/><G104/><T83/><D100/><U114/><E114/><V117/><F117/><W27/><G39/><T59/><D43/><U79/><E10/><V127/><F127/><W124/><G124/><T29/><D37/><U14/><E24/><V75/><F75/><W66/><G7/><T92/><D92/><U88/><E74/><V25/><F25/><W81/><G81/><T69/><D69/><U110/><E110/><V99/><F46/><W87/><G87/><T134/><D29/><U120/><E34/><V82/><F82/><W121/><G121/><N who="2" m="46089" /><F135/><W32/><G27/><T80/><D80/><U45/><E120/><V105/><F99/><W106/><G106/><T8/><D113/><U115/><E115/><V125/><F125/><W18/><G18/><T42/><D42/><U103/><E107/><V55/><F55/><W94/><G94/><T20/><D134/><U128/><E98/><V84/><F84/><W85/><G85/><T126/><D126/><U47/><E103/><V112/><F112/><W31/><G31/><T26/><D26/><U129/><E88/><V40/><F40/><W52/><G41/><T71/><D71/><U50/><E50/><V30/><F30/><W119/><G119/><T19/><D19/><U132/><E132/><V91/><F102/><W28/><G28/><T60/><D48/><U16/><E16/><V54/><F54/><W116/><G52/><RYUUKYOKU ba="1,0" sc="404,10,272,10,227,10,97,-30" hai0="2,5,8,20,21,22,53,56,57,59,60,76,83" hai1="4,6,14,45,47,61,62,68,70,78,79,128,129" hai2="1,9,12,15,91,95,96,97,101,105" /><INIT seed="4,2,0,4,3,127" ten="414,282,237,67" oya="0" hai0="119,84,88,80,95,104,97,71,41,14,47,70,55" hai1="52,135,74,117,121,44,35,77,24,56,92,64,118" hai2="57,76,72,18,10,26,90,5,45,131,69,39,11" hai3="120,2,111,30,93,91,122,105,130,34,53,82,38"/><T54/><D104/><U43/><E121/><V31/><F69/><W6/><G111/><T89/><D119/><U110/><E110/><V28/><F57/><W7/><G38/><T126/><D126/><U78/><E64/><V36/><F90/><W134/><G105/><T87/><D55/><U66/><E66/><V60/><F60/><W113/><G82/><T29/><D54/><U100/><E78/><V0/><F39/><W133/><G53/><T21/><D97/><U48/><E77/><V8/><F76/><W94/><G30/><T65/><D65/><U23/><E35/><V108/><F45/><W86/><G34/><T63/><D63/><U42/><E74/><V68/><F36/><W128/><G2/><T124/><D124/><U109/><E109/><V22/><F72/><W59/><G59/><T79/><D79/><U51/><E43/><V102/><F102/><W75/><G75/><T4/><D4/><U49/><E49/><V15/><F68/><W50/><G50/><T129/><D129/><N who="3" m="49769" /><G94/><T83/><D95/><U123/><E117/><V13/><F108/><W19/><G19/><N who="0" m="10487" /><D29/><N who="2" m="11338" /><F131/><W37/><G37/><T20/><D71/><U99/><E118/><V116/><F116/><W9/><G113/><T58/><D58/><U114/><E56/><V106/><F106/><W61/><G61/><T103/><D80/><U125/><E114/><V115/><F115/><W62/><G62/><T17/><D83/><U27/><E125/><V81/><F81/><W96/><G96/><T98/><D98/><U1/><E99/><V85/><F85/><N who="0" m="32842" /><D70/><U16/><E92/><RYUUKYOKU ba="2,0" sc="414,-10,282,-10,237,30,67,-10" hai2="0,5,8,10,11,13,15,18,22,26" /><INIT seed="5,3,0,3,2,90" ten="404,272,267,57" oya="1" hai0="25,39,29,103,82,104,117,130,67,58,73,129,86" hai1="118,8,71,19,23,132,5,88,38,56,105,121,63" hai2="99,7,125,68,76,102,53,61,87,43,108,51,26" hai3="31,46,37,62,49,64,28,57,77,34,70,120,69"/><U9/><E105/><V20/><F108/><W18/><G120/><T60/><D39/><U96/><E121/><V27/><F7/><W42/><G70/><T133/><D117/><U84/><E38/><V131/><F125/><W12/><G77/><T110/><D110/><U32/><E32/><V14/><F131/><W127/><G34/><T80/><D73/><U52/><E118/><V45/><F68/><W135/><G135/><T22/><D133/><U15/><E132/><V95/><F14/><W75/><G75/><T128/><D86/><U94/><E71/><V1/><F1/><W10/><REACH who="3" step="1"/><G127/><REACH who="3" ten="404,272,267,47" step="2"/><T126/><D126/><U111/><E111/><V36/><F76/><W55/><AGARI ba="3,1" hai="10,12,18,28,31,37,42,46,49,55,57,62,64,69" machi="55" ten="30,8000,1" yaku="1,1,2,1,0,1,24,2,53,0" doraHai="90" doraHaiUra="122" who="3" fromWho="3" sc="404,-23,272,-43,267,-23,47,99" /><INIT seed="6,0,0,1,3,5" ten="381,229,244,146" oya="2" hai0="45,92,57,43,60,12,77,104,31,123,34,50,125" hai1="119,30,40,67,88,79,51,114,1,129,38,73,19" hai2="112,87,115,16,68,52,100,18,99,61,35,33,65" hai3="13,124,133,117,121,102,59,44,122,107,103,82,56"/><V94/><F35/><W20/><G117/><T76/><D104/><U3/><E38/><V97/><F33/><W91/><G107/><T110/><D110/><U120/><E119/><V66/><F99/><W41/><G124/><T10/><D123/><U95/><E30/><V126/><F126/><W96/><G133/><T116/><D116/><U29/><E29/><V46/><F66/><W17/><G122/><T89/><D31/><U11/><E120/><V78/><F87/><W109/><G109/><T7/><D34/><U84/><E67/><V64/><F65/><W70/><G70/><T21/><D21/><U23/><E73/><V85/><F85/><W81/><G121/><T74/><D74/><U22/><E79/><V25/><F78/><W93/><G103/><T36/><D36/><U135/><E3/><V37/><F25/><W113/><G113/><N who="2" m="43593" /><F37/><W127/><G127/><T2/><D2/><U48/><E135/><V118/><F118/><W134/><G134/><T15/><D15/><N who="1" m="7679" /><E1/><V0/><F0/><W6/><G6/><T39/><D39/><U28/><E28/><V83/><F83/><N who="3" m="31755" /><G102/><T131/><D125/><U105/><E105/><V47/><F47/><W111/><G111/><T24/><D24/><U26/><E26/><V130/><F130/><W71/><G71/><T63/><D131/><U98/><E129/><V90/><F100/><W54/><G41/><T42/><D42/><U4/><E114/><V108/><F108/><W27/><G27/><T75/><D75/><U86/><E86/><V58/><F68/><W80/><N who="3" m="31763" /><W62/><DORA hai="69" /><G44/><RYUUKYOKU ba="0,0" sc="381,-15,229,-15,244,15,146,15" hai2="16,18,46,52,58,61,64,90,94,97" hai3="13,17,20,54,56,59,62,91,93,96" /><INIT seed="6,1,0,0,3,63" ten="366,214,259,161" oya="2" hai0="62,79,10,0,74,7,48,2,110,133,65,76,123" hai1="118,4,11,84,61,27,47,64,45,104,114,29,108" hai2="98,9,3,96,93,25,23,75,20,41,117,42,125" hai3="94,126,109,86,8,35,49,82,80,44,73,127,24"/><V97/><F117/><W95/><G109/><T81/><D123/><U89/><E104/><V31/><F75/><W52/><G73/><T85/><D110/><U131/><E108/><V16/><F125/><N who="3" m="47627" /><G82/><T83/><D48/><U12/><E118/><V116/><F116/><W60/><G8/><T87/><D133/><U13/><E13/><N who="2" m="7215" /><F3/><W30/><G60/><T37/><D74/><U70/><E131/><V32/><F32/><W28/><G28/><T5/><D37/><U135/><E135/><V124/><F124/><W43/><G43/><N who="2" m="16393" /><F20/><W105/><G105/><T130/><D130/><U112/><E112/><V122/><F122/><W88/><AGARI ba="1,0" hai="24,30,35,44,49,52,80,86,88,94,95" m="47627" machi="88" ten="30,4000,0" yaku="18,1,54,2" doraHai="63" who="3" fromWho="3" sc="366,-11,214,-11,259,-21,161,43" /><INIT seed="7,0,0,5,1,74" ten="355,203,238,204" oya="3" hai0="15,4,76,49,123,81,48,84,41,113,56,82,86" hai1="78,57,96,27,79,30,2,119,91,135,16,35,71" hai2="29,73,126,106,19,110,132,50,130,94,117,64,9" hai3="0,120,5,42,23,25,111,98,61,37,40,21,52"/><W114/><G120/><T36/><D56/><U39/><E71/><V107/><F50/><W127/><G114/><T131/><D36/><U80/><E39/><V22/><F19/><W108/><G127/><T95/><D41/><N who="3" m="15977" /><G37/><T90/><D95/><U101/><E2/><V99/><F73/><W1/><G5/><T115/><D48/><U7/><E7/><V68/><F117/><W14/><G98/><T38/><D49/><U6/><E6/><V60/><F99/><W66/><G14/><T45/><D15/><U85/><E119/><V72/><F72/><W65/><G52/><T18/><D4/><U28/><E135/><V47/><F132/><W43/><N who="3" m="15985" /><W53/><DORA hai="44" /><G53/><T128/><D123/><U59/><E59/><V12/><F68/><W70/><G65/><T69/><D69/><U100/><E57/><V11/><F64/><W121/><G121/><T102/><D38/><U32/><E16/><V118/><F12/><W83/><G83/><T104/><D82/><U58/><E58/><V97/><F107/><W75/><G75/><T8/><D115/><U109/><E109/><N who="3" m="42058" /><G25/><T129/><D81/><U26/><E101/><V122/><F110/><W63/><G63/><T3/><D102/><U124/><E124/><V103/><F60/><W116/><G116/><T55/><D113/><U133/><E133/><V31/><F103/><W54/><G54/><T125/><D55/><U89/><E89/><V105/><F126/><W46/><G46/><T24/><D45/><U34/><E34/><V93/><F47/><W51/><G51/><T77/><D125/><RYUUKYOKU ba="0,0" sc="355,-15,203,15,238,-15,204,15" hai1="26,27,28,30,32,35,78,79,80,85,91,96,100" hai3="0,1,21,23,61,66,70" /><INIT seed="7,1,0,5,2,21" ten="340,218,223,219" oya="3" hai0="64,42,89,16,94,22,95,83,29,107,80,1,72" hai1="0,13,43,68,47,125,44,90,112,60,110,75,59" hai2="6,101,53,116,20,100,7,67,86,26,35,117,106" hai3="9,15,10,121,12,71,18,19,91,115,124,108,128"/><W66/><G121/><T84/><D29/><U48/><E0/><V41/><F35/><W2/><G115/><T50/><D1/><U85/><E75/><V97/><F100/><W113/><G113/><T32/><D107/><U99/><E112/><V24/><F41/><W119/><G119/><T25/><D64/><U36/><E110/><V8/><F67/><W61/><G124/><T57/><D32/><U34/><E34/><V109/><F7/><W23/><G128/><T33/><D57/><U63/><E68/><V123/><F26/><W122/><G122/><T133/><D94/><U37/><E125/><V88/><F53/><W54/><G108/><T102/><D25/><U130/><E130/><V73/><F73/><W28/><G2/><T49/><D89/><U27/><E27/><V135/><F109/><W120/><G120/><T56/><D42/><U92/><E47/><V52/><F52/><W55/><G91/><T51/><D102/><U14/><E63/><V126/><F123/><W111/><G111/><T30/><D51/><U96/><E37/><V87/><F126/><W98/><G98/><N who="1" m="37418" /><E36/><V39/><F39/><W134/><G134/><T93/><D50/><U129/><E129/><V76/><F135/><W104/><G104/><T11/><D49/><U58/><E58/><V40/><F40/><W118/><G118/><N who="2" m="45673" /><F76/><W103/><G103/><T65/><D56/><U81/><E92/><N who="2" m="56455" /><F101/><W46/><G46/><T62/><D93/><U45/><E45/><V79/><F106/><W114/><G114/><T77/><D95/><U127/><E127/><V4/><F79/><RYUUKYOKU ba="1,0" sc="340,-15,218,15,223,-15,219,15" hai1="13,14,43,44,48,59,60,81,85,90" hai3="9,10,12,15,18,19,23,28,54,55,61,66,71" /><INIT seed="7,2,0,3,1,64" ten="325,233,208,234" oya="3" hai0="56,88,22,23,124,98,61,25,90,126,33,60,129" hai1="103,54,28,120,57,66,83,36,72,106,47,99,101" hai2="97,95,13,112,32,14,19,38,110,34,48,132,21" hai3="58,123,91,4,68,3,119,104,63,7,44,69,18"/><W1/><G123/><T79/><D79/><U135/><E120/><V121/><F110/><W134/><G104/><T108/><D129/><U107/><E66/><V122/><F38/><W49/><G119/><T35/><D98/><U65/><E65/><V15/><F112/><W105/><G105/><T74/><D25/><U71/><E71/><V73/><F73/><W87/><G134/><T5/><D5/><U115/><E115/><V130/><F48/><W70/><G18/><T80/><D80/><U113/><E113/><V52/><F130/><W55/><G1/><T31/><D31/><U131/><E131/><V109/><F132/><W39/><G39/><T85/><D85/><U41/><E28/><V46/><F109/><W67/><REACH who="3" step="1"/><G3/><REACH who="3" ten="325,233,208,224" step="2"/><T12/><D108/><U6/><E135/><V84/><F122/><W127/><G127/><T117/><D117/><U128/><E128/><V45/><F121/><W53/><G53/><T114/><D114/><U51/><E6/><V92/><F52/><W75/><G75/><T40/><D74/><U82/><E72/><V37/><F37/><W89/><G89/><T20/><D88/><U133/><E133/><V77/><F77/><W125/><G125/><T16/><D90/><U116/><E116/><V42/><F42/><W17/><G17/><T94/><D40/><U96/><AGARI ba="2,1" hai="36,41,47,51,54,57,82,83,96,99,101,103,106,107" machi="96" ten="30,2000,0" yaku="0,1,9,1" doraHai="64" who="1" fromWho="1" sc="325,-7,233,36,208,-7,224,-12" owari="318,42.0,269,7.0,201,-30.0,212,-19.0" /></mjloggm>