<mjloggm ver="2.3"><GO type="169" lobby="0"/><UN n0="%E3%81%BE%E3%81%93%E3%81%A8%E3%81%95%E3%82%93" n1="%4E%6F%6D%65%72%63%79" n2="%73%68%6F%35%35%35%35%35" n3="%E3%81%8A%E3%81%98%E3%81%95%E3%82%93" dan="16,16,16,16" rate="2111.68,2167.91,2109.08,2160.92" sx="M,F,M,M"/><TAIKYOKU oya="0"/><INIT seed="0,0,0,0,0,89" ten="250,250,250,250" oya="0" hai0="120,73,59,41,1,113,119,133,85,91,87,114,38" hai1="21,56,55,116,131,58,109,123,12,61,24,53,95" hai2="132,2,107,126,121,129,84,27,36,7,39,92,105" hai3="54,20,37,43,67,82,6,26,34,75,62,65,4"/><T78/><D1/><U134/><E116/><V76/><F121/><W90/><G34/><T23/><D23/><U104/><E123/><V69/><F69/><W47/><G54/><T94/><D59/><U64/><E104/><V77/><F27/><W28/><G67/><T13/><D13/><U30/><E109/><V122/><F7/><W29/><G29/><T33/><D33/><U99/><E131/><V68/><F68/><W16/><G28/><T118/><D41/><U63/><E134/><V111/><F2/><W108/><G108/><T112/><D38/><U31/><E12/><V70/><F70/><W81/><G81/><N who="0" m="45263" /><D120/><U124/><E124/><V117/><F122/><W51/><G37/><T57/><D57/><U135/><E135/><V125/><F132/><W3/><G3/><T9/><D9/><U80/><E80/><V22/><F22/><W83/><G83/><T79/><D133/><U52/><E31/><V8/><F8/><W25/><G25/><T42/><D42/><U18/><E18/><V5/><F5/><W74/><G74/><T19/><D19/><U71/><E71/><V44/><F111/><W93/><G82/><AGARI ba="0,0" hai="79,82,85,87,91,94,112,113,114,118,119" m="45263" machi="82" ten="30,5800,0" yaku="34,2,52,1" doraHai="89" who="0" fromWho="3" sc="250,58,250,0,250,0,250,-58" /><INIT seed="0,1,0,1,1,106" ten="308,250,250,192" oya="0" hai0="1,58,5,109,86,130,63,56,125,135,95,54,81" hai1="43,79,50,36,76,29,41,65,42,96,13,10,85" hai2="116,62,114,22,45,74,18,115,124,44,15,60,28" hai3="38,12,118,14,67,71,77,94,87,66,73,0,37"/><T46/><D130/><U113/><E36/><V102/><F124/><W25/><G118/><T19/><D125/><U8/><E113/><V98/><F116/><W20/><G0/><T59/><D135/><U49/><E29/><V16/><F28/><W91/><G38/><T23/><D109/><U35/><E35/><V104/><F74/><W30/><G37/><T112/><D95/><U103/><E65/><V128/><F128/><W2/><G2/><T105/><D105/><U119/><E119/><V51/><F45/><W80/><REACH who="3" step="1"/><G66/><REACH who="3" ten="308,250,250,182" step="2"/><T110/><D1/><U101/><E43/><V83/><F115/><W99/><G99/><T11/><D112/><U7/><E96/><V126/><F114/><W52/><G52/><T90/><D110/><U122/><E122/><V64/><F64/><W21/><G21/><T3/><REACH who="0" step="1"/><D46/><REACH who="0" ten="298,250,250,182" step="2"/><U69/><E101/><V131/><F102/><W120/><G120/><T97/><D97/><U33/><E103/><V6/><F98/><W39/><G39/><T40/><D40/><U133/><E42/><V17/><F44/><W48/><G48/><T108/><D108/><U27/><E41/><V4/><F51/><W127/><G127/><T92/><D92/><U24/><E49/><V129/><F126/><W82/><G82/><T9/><D9/><U107/><E50/><V84/><F129/><W72/><G72/><T57/><D57/><U34/><E10/><V31/><F131/><W32/><G32/><T100/><D100/><U93/><E8/><V89/><F83/><W75/><G75/><T26/><AGARI ba="1,2" hai="3,5,11,19,23,26,54,56,58,59,63,81,86,90" machi="26" ten="20,3900,0" yaku="1,1,0,1,7,1,53,0" doraHai="106" doraHaiUra="132" who="0" fromWho="0" sc="298,62,250,-14,250,-14,182,-14" /><INIT seed="0,2,0,2,2,7" ten="360,236,236,168" oya="0" hai0="37,94,22,2,59,100,111,27,78,58,53,92,66" hai1="129,118,107,15,43,84,109,8,112,114,41,16,26" hai2="4,1,124,105,132,104,0,12,88,23,110,54,61" hai3="46,108,75,134,98,21,48,28,42,50,32,70,64"/><T13/><D2/><U39/><E118/><V121/><F121/><W47/><G75/><T6/><D37/><U102/><E109/><V81/><F110/><W34/><G108/><T122/><D111/><U25/><E129/><V133/><F0/><W113/><G113/><N who="1" m="43626" /><E84/><V93/><F81/><W57/><G70/><T80/><D122/><U85/><E85/><V62/><F1/><W76/><G76/><T90/><D100/><U123/><E123/><V71/><F124/><W60/><G134/><N who="2" m="51817" /><F54/><W17/><G28/><T73/><D66/><U89/><E89/><V130/><F130/><W11/><G11/><T18/><D59/><U103/><E103/><V116/><F116/><W65/><G98/><T24/><D6/><U128/><E128/><V97/><F23/><W5/><G5/><T40/><D40/><N who="1" m="15435" /><E39/><V120/><F120/><W87/><G87/><T19/><D90/><U72/><E72/><V30/><F30/><W55/><REACH who="3" step="1"/><G65/><REACH who="3" ten="360,236,236,158" step="2"/><T56/><D73/><U20/><E8/><N who="2" m="4103" /><F71/><W14/><AGARI ba="2,1" hai="14,17,21,32,34,42,46,47,48,50,55,57,60,64" machi="14" ten="20,2700,0" yaku="1,1,0,1,7,1,53,0" doraHai="7" doraHaiUra="115" who="3" fromWho="3" sc="360,-15,236,-9,236,-9,158,43" /><INIT seed="1,0,0,5,3,70" ten="345,227,227,201" oya="1" hai0="1,44,41,95,77,75,72,3,81,127,28,62,89" hai1="79,87,73,106,66,40,97,65,135,111,10,131,36" hai2="126,116,114,112,18,134,29,43,30,99,39,34,60" hai3="83,50,19,118,129,100,22,7,119,2,64,82,76"/><U5/><E73/><V68/><F116/><N who="3" m="44587" /><G129/><T109/><D109/><U101/><E131/><V33/><F99/><W124/><G124/><T27/><D75/><U98/><E111/><V125/><F134/><W67/><G100/><T107/><D62/><U113/><E135/><V17/><F60/><W93/><G93/><T130/><D127/><N who="2" m="48650" /><F68/><W6/><G50/><T46/><D107/><U11/><E113/><N who="2" m="43627" /><F43/><W4/><G2/><T122/><D46/><U108/><E108/><V52/><F52/><W84/><G83/><T54/><D54/><U23/><E66/><V102/><F39/><W115/><G115/><T94/><D94/><U78/><E65/><V13/><F102/><W25/><AGARI ba="0,0" hai="4,6,7,19,22,25,64,67,76,82,84" m="44587" machi="25" ten="30,1100,0" yaku="12,1" doraHai="70" who="3" fromWho="3" sc="345,-3,227,-5,227,-3,201,11" /><INIT seed="2,0,0,2,1,38" ten="342,222,224,212" oya="2" hai0="104,135,121,51,120,93,47,16,40,90,31,98,26" hai1="125,44,89,105,12,70,101,102,55,57,134,30,34" hai2="84,9,131,27,10,8,106,18,91,94,1,116,88" hai3="74,15,54,118,69,56,35,50,14,79,2,86,0"/><V107/><F116/><W59/><G74/><T78/><D135/><U22/><E134/><V33/><F131/><W23/><G35/><T7/><D7/><U39/><E70/><V73/><F1/><W77/><G69/><T48/><D78/><U61/><E125/><V20/><F73/><W65/><G118/><T109/><D109/><U133/><E133/><V83/><REACH who="2" step="1"/><F33/><REACH who="2" ten="342,222,214,212" step="2"/><W95/><G0/><T80/><D120/><U96/><E34/><V117/><F117/><W81/><G2/><T76/><D121/><U21/><E102/><V115/><F115/><W127/><G127/><T4/><D104/><U37/><E101/><V5/><F5/><W87/><G14/><T129/><D4/><U108/><E105/><V49/><F49/><W19/><G15/><T113/><D129/><U119/><E119/><V111/><F111/><W114/><G50/><N who="0" m="26983" /><D113/><U72/><E72/><V25/><F25/><W75/><G75/><T112/><D112/><U64/><E108/><V62/><F62/><W99/><G114/><T3/><D3/><U100/><E100/><V128/><F128/><W103/><G103/><T28/><D48/><N who="1" m="29063" /><E39/><V63/><F63/><W43/><G43/><T92/><D51/><U32/><E37/><V52/><F52/><W36/><G54/><T13/><D26/><N who="1" m="18519" /><E12/><V82/><F82/><W41/><G81/><T123/><D123/><U29/><E29/><V17/><F17/><W71/><G19/><T45/><D31/><U124/><E124/><V122/><F122/><W85/><G36/><T67/><D28/><U126/><E126/><V97/><AGARI ba="0,1" hai="8,9,10,18,20,27,83,84,88,91,94,97,106,107" machi="97" ten="30,11700,0" yaku="1,1,5,1,0,1,54,1,53,0" doraHai="38" doraHaiUra="53" who="2" fromWho="2" sc="342,-39,222,-39,214,127,212,-39" /><INIT seed="2,1,0,2,5,101" ten="303,183,341,173" oya="2" hai0="21,29,121,127,83,53,33,55,12,80,119,120,73" hai1="5,62,43,8,32,41,96,2,134,68,92,130,64" hai2="60,7,66,112,82,76,97,26,35,50,0,107,69" hai3="132,40,19,25,105,59,44,108,109,65,114,58,111"/><V54/><F112/><W93/><G114/><T63/><D127/><U103/><E32/><V81/><F0/><W51/><G132/><T78/><D119/><U99/><E134/><V117/><F7/><W14/><G25/><T47/><D33/><U20/><E130/><V90/><F117/><W30/><G30/><T135/><D135/><U70/><E70/><V95/><F107/><W49/><G105/><T113/><D113/><U72/><E72/><V131/><F131/><W98/><G51/><T91/><D53/><U6/><E6/><V88/><F76/><W4/><G65/><T39/><D63/><U17/><REACH who="1" step="1"/><E96/><REACH who="1" ten="303,173,341,173" step="2"/><V124/><F124/><W87/><G4/><T16/><D120/><U3/><E3/><V126/><F126/><W9/><REACH who="3" step="1"/><G87/><REACH who="3" ten="303,173,341,163" step="2"/><T106/><D121/><U24/><AGARI ba="1,2" hai="2,5,8,17,20,24,41,43,62,64,68,92,99,103" machi="24" ten="20,2700,0" yaku="1,1,0,1,7,1,53,0" doraHai="101" doraHaiUra="122" who="1" fromWho="1" sc="303,-8,173,50,341,-14,163,-8" /><INIT seed="3,0,0,1,3,98" ten="295,223,327,155" oya="3" hai0="118,114,27,70,63,49,107,87,129,36,62,113,128" hai1="26,54,135,115,99,131,40,90,39,29,94,134,132" hai2="42,104,65,116,28,60,79,89,19,1,78,74,122" hai3="100,43,7,37,18,66,53,55,80,45,30,106,102"/><W12/><G106/><T25/><D107/><U24/><E115/><N who="0" m="44041" /><D87/><U121/><E121/><V48/><F1/><W46/><G66/><N who="0" m="41303" /><D27/><U83/><E131/><N who="0" m="50249" /><D25/><U3/><E3/><V130/><F104/><W82/><G30/><T123/><D123/><U86/><E54/><V68/><F122/><W32/><G32/><T16/><D16/><U61/><E61/><V120/><F60/><W47/><G7/><T15/><D15/><U133/><N who="1" m="33792" /><DORA hai="52" /><U126/><E126/><V84/><F19/><W22/><G55/><T0/><D0/><U5/><E5/><V92/><F84/><W101/><REACH who="3" step="1"/><G53/><REACH who="3" ten="295,223,327,145" step="2"/><T31/><D31/><U81/><E29/><V23/><F28/><W105/><G105/><T56/><D118/><U59/><E40/><V9/><F42/><W112/><G112/><T117/><D117/><U91/><E39/><V58/><F120/><W95/><G95/><T97/><D36/><U34/><E34/><V69/><F92/><W108/><G108/><T109/><D109/><U57/><E83/><AGARI ba="0,1" hai="12,18,22,37,43,45,46,47,80,82,83,100,101,102" machi="83" ten="40,12000,1" yaku="1,1,52,3,53,1" doraHai="98,52" doraHaiUra="20,38" who="3" fromWho="1" sc="295,0,223,-120,327,0,145,130" /><INIT seed="3,1,0,2,0,16" ten="295,103,327,275" oya="3" hai0="54,87,92,47,11,131,91,63,20,111,80,37,102" hai1="117,76,133,119,124,115,9,61,43,62,49,23,99" hai2="60,120,17,97,26,3,105,121,98,33,67,51,130" hai3="0,126,8,10,28,58,44,22,73,34,90,41,122"/><W135/><G122/><T13/><D111/><U21/><E115/><V57/><F3/><W50/><G34/><T132/><D131/><U48/><E9/><V123/><F130/><W42/><G73/><T45/><D132/><U127/><E43/><V53/><F105/><W100/><G100/><T36/><D36/><U35/><E35/><V95/><F95/><W6/><G135/><T89/><D102/><U118/><E133/><V4/><F4/><W12/><G126/><N who="1" m="48170" /><E99/><V31/><REACH who="2" step="1"/><F17/><REACH who="2" ten="295,103,317,275" step="2"/><W27/><G90/><T112/><D112/><U56/><E76/><V2/><F2/><W106/><G106/><T108/><D108/><U39/><E39/><V113/><F113/><W94/><G94/><T88/><D37/><U78/><E78/><V30/><F30/><W116/><G116/><T134/><D134/><U93/><E93/><V7/><F7/><W70/><G0/><T52/><D91/><U55/><E49/><V25/><F25/><W101/><G27/><T84/><D63/><AGARI ba="1,1" hai="21,23,48,55,56,61,62,63,117,118,119" m="48170" machi="63" ten="40,8000,1" yaku="12,1,18,1,52,2" doraHai="16" who="1" fromWho="0" sc="295,-83,103,93,317,0,275,0" /><INIT seed="4,0,0,1,1,94" ten="212,196,317,275" oya="0" hai0="101,135,60,79,11,59,37,55,31,76,58,47,96" hai1="34,126,100,32,24,127,115,81,84,92,29,43,116" hai2="10,52,89,16,23,88,119,50,107,67,14,86,71" hai3="129,62,111,69,93,7,131,39,15,120,83,64,110"/><T97/><D135/><U8/><E116/><V105/><F119/><W99/><G39/><T128/><D128/><N who="3" m="49225" /><G120/><T35/><D35/><U19/><E43/><V18/><F67/><W40/><G40/><T77/><D31/><U109/><E109/><V48/><F71/><W74/><G7/><T133/><D133/><U20/><E115/><V114/><F114/><W38/><G15/><T82/><D82/><U21/><E8/><V75/><F75/><W27/><G27/><T63/><D101/><U2/><E2/><V5/><F50/><W104/><G104/><T113/><D113/><U112/><E112/><V121/><F89/><N who="3" m="55727" /><G38/><T41/><REACH who="0" step="1"/><D11/><REACH who="0" ten="202,196,317,275" step="2"/><U73/><E34/><V0/><F121/><W28/><G28/><T3/><D3/><U132/><E132/><V118/><F118/><W44/><G83/><T80/><D80/><U125/><E73/><V102/><F102/><W124/><G74/><T108/><D108/><U6/><E32/><V46/><F18/><W91/><G110/><T54/><AGARI ba="0,1" hai="37,41,47,54,55,58,59,60,63,76,77,79,96,97" machi="54" ten="30,12000,1" yaku="1,1,0,1,9,1,52,2,53,0" doraHai="94" doraHaiUra="103" who="0" fromWho="0" sc="202,130,196,-40,317,-40,275,-40" /><INIT seed="4,1,0,3,0,98" ten="332,156,277,235" oya="0" hai0="77,47,7,37,3,48,56,59,99,118,123,20,4" hai1="117,134,6,42,5,10,26,111,120,1,87,67,110" hai2="80,93,108,39,125,131,122,49,22,104,60,105,92" hai3="65,116,81,129,85,68,46,102,75,16,21,25,114"/><T73/><D118/><U71/><E117/><V128/><F39/><W88/><G116/><T101/><D123/><U52/><E120/><V35/><F35/><W112/><G129/><T94/><D20/><U45/><E134/><V103/><F60/><N who="3" m="39975" /><G46/><T79/><D7/><U2/><E67/><V51/><F22/><W100/><G75/><T97/><D37/><U27/><E71/><V121/><F80/><W74/><G74/><T33/><D33/><U90/><E42/><V86/><F86/><W34/><G34/><T126/><D126/><U19/><E45/><V31/><F108/><W58/><G58/><N who="0" m="22059" /><D4/><U57/><E110/><V82/><F82/><W43/><G43/><N who="0" m="24703" /><D3/><U66/><E66/><V78/><F31/><W89/><G89/><N who="0" m="55503" /><D73/><U115/><E111/><V32/><F32/><W8/><G8/><T64/><D64/><U24/><E6/><V9/><F9/><W29/><G29/><T119/><D119/><U11/><E11/><V124/><REACH who="2" step="1"/><F78/><REACH who="2" ten="332,156,267,235" step="2"/><W38/><G38/><T28/><D28/><U107/><E2/><V13/><F13/><W53/><G53/><T135/><D135/><U62/><E1/><V95/><F95/><AGARI ba="1,1" hai="77,79,95,99,101" m="55503,24703,22059" machi="95" ten="30,2900,0" yaku="8,1,52,1" doraHai="98" who="0" fromWho="2" sc="332,42,156,0,267,-32,235,0" /><INIT seed="4,2,0,3,4,44" ten="374,156,235,235" oya="0" hai0="68,60,27,76,82,58,113,2,53,128,88,17,32" hai1="15,18,91,56,103,38,96,69,57,104,37,100,33" hai2="54,31,126,131,16,21,1,130,73,83,80,98,12" hai3="120,81,59,19,118,87,119,90,106,125,55,14,0"/><T36/><D113/><U97/><E69/><V92/><F1/><W129/><G0/><T35/><D128/><N who="2" m="49194" /><F126/><W99/><G129/><T114/><D114/><U77/><E33/><V84/><F73/><W41/><G125/><T85/><D2/><U34/><E34/><V39/><F39/><W29/><G120/><T94/><D36/><U78/><E38/><V46/><F31/><W109/><G109/><T9/><D68/><U52/><E37/><V48/><F84/><W20/><G41/><T115/><D115/><U111/><E91/><AGARI ba="2,0" hai="12,16,21,46,48,54,80,83,91,92,98" m="49194" machi="91" ten="30,3900,0" yaku="19,1,52,1,54,1" doraHai="44" who="2" fromWho="1" sc="374,0,156,-45,235,45,235,0" /><INIT seed="5,0,0,1,0,48" ten="374,111,280,235" oya="1" hai0="45,108,76,5,66,11,25,36,43,131,53,123,69" hai1="12,46,62,71,15,79,132,56,73,3,122,44,96" hai2="106,105,117,72,1,2,127,52,42,124,37,19,135" hai3="32,129,35,9,111,10,70,83,126,92,98,59,74"/><U65/><E122/><V57/><F72/><W81/><G70/><T99/><D108/><U82/><E3/><V14/><F117/><W67/><G111/><T125/><D123/><U29/><E132/><V58/><F135/><W13/><G74/><T120/><D120/><U31/><E15/><V90/><F90/><W91/><G126/><N who="2" m="48169" /><F58/><W61/><G129/><T110/><D131/><U55/><E12/><V47/><F106/><W41/><G41/><T26/><D110/><U27/><E96/><V115/><F105/><W107/><G107/><T64/><D76/><U133/><E133/><V24/><F24/><W128/><G128/><T0/><D125/><U6/><E6/><V33/><F33/><W102/><G9/><T113/><D99/><U80/><E80/><V134/><F134/><W109/><G109/><T104/><D104/><U49/><REACH who="1" step="1"/><E31/><REACH who="1" ten="374,101,280,235" step="2"/><V34/><F2/><W93/><G81/><T97/><D97/><U54/><E54/><V22/><F1/><W89/><G83/><T20/><D53/><U77/><E77/><V121/><F121/><W18/><G91/><T75/><D5/><U30/><E30/><V28/><F28/><W118/><G118/><T78/><D0/><U21/><AGARI ba="0,1" hai="21,27,29,44,46,49,55,56,62,65,71,73,79,82" machi="21" ten="20,18000,2" yaku="1,1,0,1,7,1,52,1,53,2" doraHai="48" doraHaiUra="40" who="1" fromWho="1" sc="374,-60,101,190,280,-60,235,-60" /><INIT seed="5,1,0,4,4,44" ten="314,291,220,175" oya="1" hai0="80,122,48,57,104,58,53,106,63,103,71,101,37" hai1="20,11,121,99,60,28,26,46,70,118,51,93,105" hai2="14,66,54,36,112,72,4,34,33,3,95,39,16" hai3="43,59,32,117,133,67,98,15,76,61,88,73,110"/><U115/><E118/><V111/><F111/><W92/><G110/><T12/><D71/><U108/><E108/><V52/><F72/><W113/><G117/><T19/><D37/><U38/><E121/><V13/><F3/><W75/><G32/><T128/><D122/><U119/><E119/><V77/><F77/><W0/><G0/><T5/><D128/><U45/><E105/><V9/><F66/><W134/><G113/><T120/><D120/><U127/><E127/><V31/><F34/><W135/><G76/><T21/><D5/><U74/><E74/><V84/><F31/><W2/><G2/><T40/><D40/><U130/><E115/><V131/><F33/><W62/><G43/><T87/><D104/><U17/><E38/><V24/><F24/><W90/><G15/><T82/><D106/><U114/><E114/><V96/><F131/><W35/><G35/><T25/><D25/><U49/><E130/><V56/><F84/><W83/><REACH who="3" step="1"/><G62/><REACH who="3" ten="314,291,220,165" step="2"/><T41/><D41/><U94/><E60/><V79/><F79/><W50/><G50/><T78/><REACH who="0" step="1"/><D82/><REACH who="0" ten="304,291,220,165" step="2"/><U7/><E26/><V86/><F112/><W55/><G55/><AGARI ba="1,2" hai="12,19,21,48,53,55,57,58,63,78,80,87,101,103" machi="55" ten="30,8000,1" yaku="1,1,2,1,7,1,8,1,52,1,53,0" doraHai="44" doraHaiUra="91" who="0" fromWho="3" sc="304,103,291,0,220,0,165,-83" /><INIT seed="6,0,0,3,1,128" ten="407,291,220,82" oya="2" hai0="11,69,8,46,17,36,12,105,133,15,92,80,131" hai1="132,82,65,20,130,18,16,60,35,106,78,9,134" hai2="68,126,26,41,63,89,103,4,19,27,129,72,31" hai3="107,49,43,56,40,125,73,127,10,88,13,81,104"/><V119/><F119/><W94/><G81/><T114/><D105/><N who="3" m="40521" /><G56/><T90/><D133/><N who="1" m="51307" /><E130/><V0/><F72/><W44/><G73/><T120/><D114/><U29/><E106/><V70/><F103/><W93/><G43/><T79/><D69/><N who="1" m="42151" /><E35/><V77/><F77/><W53/><G40/><T47/><D120/><U122/><E122/><V115/><F41/><W109/><G88/><T111/><D111/><U84/><E9/><V38/><F129/><W22/><G22/><T34/><D34/><U59/><E59/><V57/><F70/><W2/><G2/><T117/><D117/><U51/><E51/><V3/><F68/><W124/><G109/><T42/><D131/><U32/><E32/><V135/><F135/><W45/><G45/><T25/><D46/><U21/><E29/><V6/><F31/><W30/><G30/><T37/><D47/><U121/><E121/><V58/><F58/><W28/><G28/><T100/><D42/><U112/><E112/><V75/><F57/><W1/><G1/><T83/><D8/><U33/><E33/><V96/><F0/><W61/><G61/><T99/><D11/><U66/><E66/><V74/><F63/><W123/><G123/><T102/><D36/><U71/><E71/><V54/><F3/><W108/><G108/><T24/><D37/><U67/><E67/><V85/><F38/><W39/><G39/><T110/><D110/><U113/><E113/><V7/><F115/><W55/><G55/><T87/><D17/><AGARI ba="0,0" hai="16,17,18,20,21,78,82,84" m="42151,51307" machi="17" ten="30,8000,1" yaku="20,1,52,3,54,1" doraHai="128" who="1" fromWho="0" sc="407,-80,291,80,220,0,82,0" /><AGARI ba="0,0" hai="10,13,17,44,49,53,93,94,124,125,127" m="40521" machi="17" ten="40,1300,0" yaku="18,1" doraHai="128" who="3" fromWho="0" sc="327,-13,371,0,220,0,82,13" /><INIT seed="7,0,0,0,4,81" ten="314,371,220,95" oya="3" hai0="131,103,65,26,133,125,130,40,63,107,101,91,61" hai1="92,74,57,93,116,114,49,58,68,30,50,10,119" hai2="110,102,48,19,47,89,70,127,117,84,69,97,55" hai3="66,122,94,126,3,4,64,29,71,121,2,16,6"/><W44/><G29/><T22/><D40/><U99/><E114/><V83/><F110/><W115/><G115/><T21/><D133/><U34/><E68/><V112/><F112/><W128/><G71/><T15/><D15/><U43/><E74/><V75/><F117/><N who="1" m="45129" /><E10/><V77/><F127/><W59/><G59/><N who="1" m="22538" /><E43/><V46/><F46/><W120/><G94/><N who="1" m="36458" /><E99/><V9/><F77/><W53/><G126/><T78/><D78/><U23/><E34/><V35/><F75/><W13/><G128/><T135/><D135/><U0/><E0/><V28/><F28/><W85/><G85/><T104/><D91/><U60/><E60/><V18/><F18/><W11/><G2/><T98/><D26/><U124/><E124/><V14/><BYE who="1" /><F35/><W72/><G72/><T132/><D132/><U41/><E41/><UN n1="%4E%6F%6D%65%72%63%79" /><V56/><F56/><W87/><G87/><T42/><D42/><U129/><E129/><V73/><F73/><W62/><G62/><T37/><D125/><U123/><E123/><BYE who="1" /><V76/><F76/><W108/><G108/><T31/><D31/><U109/><E109/><V20/><F20/><W67/><REACH who="3" step="1"/><G3/><REACH who="3" ten="314,371,220,85" step="2"/><T27/><D130/><U82/><E82/><V118/><F118/><W96/><G96/><T5/><D131/><U25/><E25/><V38/><F38/><W36/><G36/><T111/><D37/><U105/><E105/><AGARI ba="0,1" hai="9,14,19,47,48,55,69,70,83,84,89,97,102,105" machi="105" ten="30,7700,0" yaku="7,1,25,2,52,1" doraHai="81" who="2" fromWho="1" sc="314,0,371,-77,220,87,85,0" owari="314,41.0,294,-11.0,307,11.0,85,-41.0" /></mjloggm>