<mjloggm ver="2.3"><GO type="185" lobby="0"/><UN n0="%41%74%72%69%61" n1="%E9%95%B7%E5%85%89%E9%BA%BB%E5%A4%9C" n2="%44%75%73%6B" n3="" dan="17,16,16,0" rate="2249.64,2177.33,2178.11,1500.00" sx="F,M,M,C"/><TAIKYOKU oya="0"/><INIT seed="0,0,0,1,2,43" ten="350,350,350,0" oya="0" hai0="56,42,109,33,123,126,89,114,113,133,60,79,73" hai1="78,49,2,70,61,128,94,57,104,74,72,1,130" hai2="85,93,77,47,71,101,92,131,86,69,81,118,91" hai3=""/><T68/><D33/><U110/><E104/><V41/><F131/><N who="1" m="50217" /><E110/><V135/><F135/><T34/><N who="0" m="31520" /><T134/><D34/><U103/><E78/><V44/><F118/><T83/><D109/><U119/><E119/><V95/><F101/><T40/><D68/><U62/><E62/><V97/><F97/><T59/><D126/><U53/><E94/><V117/><F117/><T121/><N who="0" m="31008" /><T36/><D89/><U3/><E103/><V111/><F111/><T90/><D90/><U122/><N who="1" m="31264" /><U115/><E115/><V125/><F125/><T75/><D60/><U120/><N who="1" m="30752" /><U51/><E51/><V100/><F100/><T124/><D124/><U82/><E82/><V132/><F132/><T38/><REACH who="0" step="1"/><D83/><REACH who="0" ten="340,350,350,0" step="2"/><U48/><E70/><V102/><F102/><T67/><D67/><U112/><E112/><V96/><F69/><T66/><D66/><U84/><E61/><V65/><F71/><T55/><D55/><U0/><E0/><V98/><F65/><T58/><D58/><U52/><E53/><V127/><F127/><T37/><D37/><U107/><E52/><V39/><F39/><T64/><D64/><U54/><E54/><V106/><F81/><T45/><D45/><U50/><E2/><RYUUKYOKU ba="0,1" sc="340,20,350,-10,350,-10,0,0" hai0="36,38,40,42,56,59,73,75,79,113,114,133,134" /><INIT seed="0,1,1,3,0,70" ten="360,340,340,0" oya="0" hai0="3,38,1,39,79,89,77,113,100,130,135,80,37" hai1="121,32,102,62,78,56,110,128,120,111,86,105,107" hai2="88,75,119,68,132,67,59,36,92,129,65,64,44" hai3=""/><T33/><D113/><U126/><N who="1" m="30752" /><U91/><N who="1" m="31008" /><U124/><E32/><V82/><F119/><T57/><D33/><U63/><E78/><V81/><F129/><T83/><D130/><U97/><E107/><V127/><F132/><T52/><D100/><U103/><E103/><V84/><F127/><N who="1" m="48681" /><E128/><V55/><F68/><T85/><D135/><U61/><E56/><V69/><F69/><T87/><REACH who="0" step="1"/><D89/><REACH who="0" ten="350,340,340,0" step="2"/><U41/><E41/><V96/><F75/><T2/><D2/><U45/><E45/><V74/><F74/><T94/><D94/><AGARI ba="1,2" hai="61,62,63,86,91,94,97,102,105,110,111" m="48681,31008,30752" machi="94" ten="30,3900,0" yaku="18,1,52,2" doraHai="70" who="1" fromWho="0" sc="350,-41,340,61,340,0,0,0" /><INIT seed="1,0,0,1,0,112" ten="309,401,340,0" oya="1" hai0="131,36,108,77,76,81,79,98,92,61,53,40,44" hai1="54,87,51,64,135,118,42,48,3,60,102,63,91" hai2="75,121,132,130,122,125,71,127,59,86,94,101,57" hai3=""/><U105/><E3/><V123/><N who="2" m="31008" /><V52/><N who="2" m="31264" /><V120/><N who="2" m="30752" /><V55/><N who="2" m="31520" /><V49/><F75/><T45/><D108/><U62/><E118/><V110/><F110/><T115/><D115/><U41/><E64/><V82/><F130/><T100/><D131/><U2/><E2/><V114/><F71/><T33/><D33/><U84/><E84/><V89/><F132/><T106/><D106/><U67/><E67/><V128/><F128/><T34/><D34/><U88/><E91/><V32/><F32/><T109/><D109/><U43/><E135/><V78/><F114/><T46/><D81/><U1/><E1/><V35/><F101/><T37/><D40/><U90/><E90/><V126/><F35/><T103/><D103/><U117/><E117/><V116/><F116/><T107/><D107/><U111/><E111/><V39/><F39/><T119/><D119/><U65/><E65/><V69/><F69/><T66/><REACH who="0" step="1"/><D53/><REACH who="0" ten="299,401,340,0" step="2"/><U134/><E134/><V50/><F78/><T93/><D93/><AGARI ba="0,1" hai="49,50,52,55,57,59,82,86,89,93,94,125,126,127" m="31520,30752,31264,31008" machi="93" ten="40,12000,2" yaku="9,1,18,1,52,4,54,1" doraHai="112" who="2" fromWho="0" sc="299,-120,401,0,340,130,0,0" /><INIT seed="2,0,0,2,5,90" ten="179,401,470,0" oya="2" hai0="63,74,109,114,103,70,102,55,38,64,47,95,135" hai1="43,1,60,129,118,105,128,65,98,77,0,34,100" hai2="101,121,35,75,37,44,92,110,39,94,57,56,68" hai3=""/><V79/><N who="2" m="31008" /><V41/><F110/><T45/><D109/><U72/><E34/><V111/><F111/><T51/><D74/><U112/><E112/><V53/><F68/><T97/><D114/><U2/><E118/><V88/><F35/><T116/><D116/><U85/><E85/><V42/><F75/><T107/><D135/><U89/><E89/><V93/><F79/><T62/><D62/><U117/><E43/><V91/><F101/><T32/><D32/><U119/><E119/><V40/><F44/><T82/><D82/><U59/><E117/><V71/><F71/><T33/><D33/><U99/><E99/><V81/><F81/><T104/><REACH who="0" step="1"/><D103/><REACH who="0" ten="169,401,470,0" step="2"/><U120/><N who="1" m="30752" /><U134/><E134/><V133/><F133/><T36/><D36/><U52/><E72/><V84/><F39/><T78/><D78/><U58/><REACH who="1" step="1"/><E77/><REACH who="1" ten="169,391,470,0" step="2"/><V126/><F37/><T123/><N who="0" m="31520" /><T50/><D50/><AGARI ba="0,2" hai="0,1,2,50,52,58,59,60,65,98,100,105,128,129" m="30752" machi="50" ten="40,5200,0" yaku="1,1,52,1,54,1,53,0" doraHai="90" doraHaiUra="76" who="1" fromWho="0" sc="169,-52,391,72,470,0,0,0" /><INIT seed="4,0,0,3,5,48" ten="117,463,470,0" oya="0" hai0="71,82,107,124,98,87,43,83,128,2,92,54,126" hai1="85,108,113,70,36,97,77,52,45,34,39,129,65" hai2="109,1,84,88,112,79,99,55,111,0,60,110,96" hai3=""/><T125/><D2/><U132/><E34/><V73/><F112/><T135/><D71/><U63/><E108/><V76/><F0/><T50/><D135/><U122/><N who="1" m="31264" /><U53/><E132/><V42/><F1/><T62/><D128/><U133/><E133/><V120/><N who="2" m="30752" /><V78/><F42/><T131/><D131/><U123/><N who="1" m="31520" /><U66/><E129/><V101/><F55/><T41/><D107/><U100/><E113/><V80/><F60/><T91/><D62/><U134/><E66/><V89/><F89/><T40/><REACH who="0" step="1"/><D98/><REACH who="0" ten="107,463,470,0" step="2"/><N who="2" m="37418" /><F101/><T81/><D81/><AGARI ba="0,1" hai="73,76,78,79,80,81,84,88,109,110,111" m="37418,30752" machi="81" ten="40,8000,1" yaku="34,2,52,1,54,1" doraHai="48" who="2" fromWho="0" sc="107,-80,463,0,470,90,0,0" /><BYE who="0" /><INIT seed="5,0,0,1,2,104" ten="27,463,560,0" oya="1" hai0="69,120,82,101,79,94,40,57,98,62,35,32,129" hai1="90,125,0,41,39,88,87,115,76,67,127,123,111" hai2="55,70,72,114,86,56,95,83,131,103,97,121,81" hai3=""/><U122/><N who="1" m="31264" /><U118/><N who="1" m="31520" /><U77/><E118/><V89/><N who="2" m="31008" /><V44/><F70/><T112/><D112/><U109/><E0/><V99/><F114/><T64/><D64/><U59/><E115/><V132/><F131/><T105/><D105/><U108/><E41/><V117/><F117/><T1/><D1/><U49/><E39/><V134/><F44/><T47/><D47/><U38/><E38/><V33/><F33/><T73/><D73/><U50/><E90/><V68/><F68/><T66/><D66/><U128/><E128/><V93/><F55/><T119/><D119/><U37/><E37/><V102/><F56/><T80/><D80/><U124/><E67/><V52/><F52/><T133/><D133/><U106/><E106/><V96/><F96/><T100/><D100/><U85/><E85/><V36/><F36/><T43/><D43/><U51/><E59/><V84/><F72/><T61/><D61/><U65/><E65/><V60/><F60/><T78/><D78/><AGARI ba="0,0" hai="78,81,83,84,86,89,93,95,97,99,102,103,132,134" m="31008" machi="78" ten="40,8000,1" yaku="9,1,34,3,52,1" doraHai="104" who="2" fromWho="0" sc="27,-80,463,0,560,80,0,0" owari="-53,-65.0,463,6.0,640,59.0,0,0.0" /></mjloggm>