<mjloggm ver="2.3"><GO type="169" lobby="0"/><UN n0="%62%6F%79%61%74%65%74%75" n1="%E3%81%84%E3%81%84%E3%81%9E" n2="%74%6E%66%73%68%32%30%34" n3="%E3%83%A2%E3%83%AD%E3%83%98%E3%82%A4%E3%83%A4" dan="16,16,17,16" rate="2130.23,2124.15,2150.16,2074.03" sx="M,M,M,M"/><TAIKYOKU oya="0"/><INIT seed="0,0,0,2,0,24" ten="250,250,250,250" oya="0" hai0="112,121,36,72,81,104,87,22,35,33,134,13,83" hai1="66,130,14,68,15,122,86,96,54,79,1,47,58" hai2="70,12,37,17,80,116,55,59,91,99,125,95,124" hai3="10,128,103,20,120,111,97,106,49,75,45,7,38"/><T67/><D121/><U18/><E1/><V28/><F37/><W29/><G75/><T93/><D112/><U16/><E122/><V133/><F70/><W56/><G38/><T5/><D104/><U132/><E132/><V64/><F133/><W8/><G56/><T92/><D36/><U19/><E130/><V135/><F135/><W108/><G128/><T126/><D134/><U41/><E96/><V65/><F116/><W3/><G10/><T131/><D131/><U117/><E117/><V25/><F80/><W118/><G118/><T57/><D72/><U119/><E66/><V4/><F4/><W115/><G115/><T77/><D126/><U34/><E68/><V6/><F6/><W85/><G85/><T90/><D92/><U88/><E79/><V43/><F43/><W129/><G129/><T51/><D83/><U50/><E34/><V30/><F25/><W127/><G127/><N who="2" m="48713" /><F65/><W62/><G62/><T102/><D67/><U23/><E119/><V73/><F64/><W89/><G89/><T21/><D35/><U109/><E109/><V76/><F76/><W114/><G114/><T123/><D33/><U94/><E14/><V32/><F32/><W113/><G113/><T69/><D69/><U44/><E44/><V110/><F73/><W98/><G98/><N who="0" m="59727" /><D77/><U71/><E71/><V60/><F110/><W78/><G78/><T40/><D123/><U101/><E101/><V61/><F61/><AGARI ba="0,0" hai="15,16,18,19,23,41,47,50,54,58,61,86,88,94" machi="61" ten="30,7700,0" yaku="7,1,8,1,54,2" doraHai="24" who="1" fromWho="2" sc="250,0,250,77,250,-77,250,0" /><INIT seed="1,0,0,4,0,101" ten="250,327,173,250" oya="1" hai0="18,6,112,121,67,15,105,84,31,95,23,2,79" hai1="82,29,46,32,128,64,108,19,131,76,77,35,104" hai2="103,122,21,54,57,86,56,135,45,116,134,20,69" hai3="28,17,94,132,98,125,88,48,0,99,33,51,14"/><U53/><E64/><V7/><F122/><W41/><G0/><T65/><D121/><U25/><E35/><V37/><F116/><W34/><G132/><N who="2" m="50729" /><F69/><W44/><G125/><T74/><D74/><U61/><E108/><V62/><F7/><W36/><G99/><T50/><D112/><U107/><E19/><V47/><F103/><W60/><G60/><T119/><D119/><U73/><E77/><V59/><F86/><W115/><G115/><T111/><D111/><U120/><E120/><V109/><F20/><W10/><G28/><T75/><D75/><U11/><E11/><V80/><F80/><W24/><G24/><T4/><D4/><U78/><E78/><V13/><F13/><W12/><G36/><T118/><D15/><U93/><E93/><V100/><F100/><W92/><G92/><T52/><D95/><U39/><E39/><V81/><F81/><W49/><G34/><T113/><D113/><U38/><E38/><V90/><F90/><W8/><G33/><T83/><D118/><U97/><E97/><V42/><F21/><W72/><G72/><T85/><D23/><U16/><E16/><AGARI ba="0,0" hai="8,10,12,14,16,17,41,44,48,49,51,88,94,98" machi="16" ten="30,8000,1" yaku="7,1,9,1,8,1,54,2" doraHai="101" who="3" fromWho="1" sc="250,0,327,-80,173,0,250,80" /><INIT seed="2,0,0,4,0,30" ten="250,247,173,330" oya="2" hai0="92,129,8,29,131,104,81,67,65,84,35,40,21" hai1="12,61,93,134,79,25,6,90,60,24,46,2,14" hai2="116,112,34,85,57,18,114,86,83,33,19,124,82" hai3="125,1,43,76,16,110,117,58,54,89,128,70,15"/><V119/><REACH who="2" step="1"/><F57/><REACH who="2" ten="250,247,163,330" step="2"/><W130/><G58/><T99/><D129/><U59/><E134/><V27/><F27/><W135/><G130/><T126/><D131/><U50/><E59/><V78/><F78/><W121/><G76/><T120/><D120/><U105/><E79/><V71/><F71/><W44/><G70/><T47/><D126/><AGARI ba="0,1" hai="18,19,33,34,82,83,85,86,112,114,116,119,124,126" machi="126" ten="25,18000,2" yaku="21,2,22,2,52,2,53,0" doraHai="30" doraHaiUra="97" who="2" fromWho="0" sc="250,-180,247,0,163,190,330,0" /><INIT seed="2,1,0,5,2,82" ten="70,247,353,330" oya="2" hai0="16,18,0,118,119,9,102,1,76,98,85,53,61" hai1="19,77,109,128,126,135,47,49,34,108,115,121,114" hai2="62,111,48,134,74,40,35,91,55,57,2,117,7" hai3="110,100,81,10,95,45,104,101,75,83,66,124,64"/><V26/><F117/><N who="0" m="44554" /><D61/><U72/><E72/><V71/><F74/><W38/><G104/><N who="0" m="63575" /><D53/><N who="1" m="29887" /><E77/><V3/><F134/><W30/><G30/><T86/><D76/><U68/><E19/><N who="0" m="7209" /><D9/><U54/><E34/><V50/><F7/><W14/><G81/><T125/><D125/><U52/><E126/><V79/><F79/><W97/><G83/><T32/><D32/><U51/><E135/><V113/><F35/><W41/><G100/><T106/><D106/><U60/><E128/><V112/><F26/><W31/><G31/><T37/><D37/><U44/><E121/><V69/><F3/><AGARI ba="1,0" hai="0,1,3,85,86" m="7209,63575,44554" machi="3" ten="30,7700,0" yaku="12,1,52,2,54,1" doraHai="82" who="0" fromWho="2" sc="70,80,247,0,353,-80,330,0" /><INIT seed="3,0,0,1,4,48" ten="150,247,273,330" oya="3" hai0="37,129,19,65,30,97,96,114,12,130,81,18,61" hai1="91,64,26,27,51,92,112,20,43,21,78,14,117" hai2="99,95,73,44,128,80,28,84,42,77,132,75,56" hai3="25,127,0,66,123,10,88,34,76,50,85,83,106"/><W67/><G106/><T2/><D2/><U110/><E112/><V9/><F128/><N who="0" m="49258" /><D37/><U6/><E110/><V119/><F119/><W100/><G100/><T126/><D30/><U13/><E64/><V59/><F132/><W115/><G115/><T31/><D31/><U47/><E78/><V53/><F28/><W111/><G123/><T108/><D114/><U35/><E35/><V33/><F59/><W116/><G25/><N who="1" m="9226" /><E117/><V125/><F125/><W69/><G34/><T24/><D126/><U46/><E46/><V93/><F33/><W60/><G127/><T105/><D105/><U133/><E133/><V74/><F9/><W90/><G67/><T29/><D108/><U17/><E6/><V54/><F56/><W94/><G116/><T121/><D121/><U118/><E118/><V16/><F16/><N who="0" m="6186" /><D12/><N who="1" m="4715" /><E17/><V102/><REACH who="2" step="1"/><F95/><REACH who="2" ten="150,247,263,330" step="2"/><W15/><G94/><T82/><D82/><U32/><E32/><V5/><F5/><W1/><G83/><T86/><D29/><U70/><E70/><V45/><F45/><W11/><G11/><T40/><D24/><U63/><E92/><V22/><F22/><W55/><G10/><T87/><D81/><U101/><E20/><V58/><F58/><W79/><G69/><N who="0" m="42159" /><D40/><U122/><E43/><V7/><F7/><W52/><G111/><T134/><D134/><U104/><E122/><V23/><F23/><W131/><G131/><T124/><D124/><U98/><E21/><V36/><AGARI ba="0,1" hai="36,42,44,53,54,73,74,75,77,80,84,93,99,102" machi="36" ten="30,8000,1" yaku="1,1,0,1,52,2,53,1" doraHai="48" doraHaiUra="71" who="2" fromWho="2" sc="150,-20,247,-20,263,90,330,-40" /><INIT seed="4,0,0,1,3,39" ten="130,227,353,290" oya="0" hai0="122,120,54,16,31,13,19,43,110,2,94,68,66" hai1="0,135,79,6,107,123,42,57,22,21,7,92,55" hai2="74,102,62,51,134,11,118,27,12,46,61,96,90" hai3="28,36,76,108,48,40,93,130,103,69,116,30,113"/><T73/><D73/><U8/><E107/><V119/><F74/><W14/><G69/><T127/><D127/><U87/><E123/><V114/><F27/><W104/><G36/><T56/><D2/><U24/><E7/><V38/><F38/><W112/><G104/><T1/><D1/><U86/><E135/><V121/><F121/><W105/><G105/><T111/><D68/><U3/><E3/><V101/><F134/><W132/><G76/><T80/><D66/><U10/><E10/><V88/><F114/><W50/><G132/><T32/><D80/><U106/><E106/><V26/><F26/><W67/><G67/><T37/><D19/><U65/><E65/><V89/><F62/><W81/><G81/><T109/><D94/><U83/><E42/><V98/><F61/><W75/><G75/><T60/><D31/><U115/><E115/><V23/><F23/><W99/><G50/><T100/><D100/><N who="2" m="38506" /><F119/><W129/><G108/><T25/><D25/><U124/><E124/><V77/><F77/><W53/><G116/><T128/><D32/><U15/><E0/><V9/><F118/><W133/><G28/><T5/><D128/><U44/><E24/><V47/><F9/><W126/><G30/><T41/><D5/><U85/><E44/><V82/><F47/><W95/><G126/><T45/><D43/><U125/><E125/><V70/><F70/><W29/><G40/><T4/><D4/><U63/><E92/><V17/><F82/><W64/><G112/><T18/><D18/><U52/><E55/><AGARI ba="0,0" hai="11,12,17,46,51,55,88,89,90,96,98" m="38506" machi="55" ten="30,2000,0" yaku="8,1,54,1" doraHai="39" who="2" fromWho="1" sc="130,0,227,-20,353,20,290,0" /><INIT seed="5,0,0,0,3,92" ten="130,207,373,290" oya="1" hai0="119,30,63,88,60,83,84,76,29,16,82,24,7" hai1="133,70,108,28,123,1,57,22,2,115,71,59,112" hai2="3,94,124,106,74,46,47,50,31,66,100,120,12" hai3="62,105,4,40,6,110,33,65,15,20,80,42,96"/><U55/><E123/><V14/><F120/><W85/><G33/><T90/><D119/><U52/><E22/><V5/><F74/><W104/><G110/><T129/><D129/><U103/><E103/><V107/><F3/><W125/><G125/><T118/><D118/><U69/><E28/><N who="0" m="10857" /><D7/><U135/><E71/><V41/><F31/><W68/><G105/><T113/><D113/><U23/><E23/><V39/><F66/><W89/><G4/><T45/><D45/><U35/><REACH who="1" step="1"/><E108/><REACH who="1" ten="130,197,373,290" step="2"/><V127/><F127/><W10/><G20/><N who="0" m="13319" /><D82/><U72/><E72/><V37/><F124/><W11/><G11/><T99/><D76/><U34/><AGARI ba="0,1" hai="1,2,34,35,52,55,57,59,69,70,112,115,133,135" machi="34" ten="25,12000,1" yaku="1,1,0,1,22,2,54,1,53,0" doraHai="92" doraHaiUra="117" who="1" fromWho="1" sc="130,-40,197,130,373,-40,290,-40" /><INIT seed="5,1,0,2,2,39" ten="90,327,333,250" oya="1" hai0="133,15,68,125,75,63,6,3,128,126,30,29,33" hai1="7,113,32,81,26,120,73,112,99,98,14,132,111" hai2="105,72,97,102,24,38,100,9,62,107,8,74,22" hai3="115,54,116,129,46,12,4,53,92,84,17,118,10"/><U31/><E120/><V18/><F38/><W25/><G115/><N who="1" m="44106" /><E132/><V19/><F62/><W110/><G110/><T57/><D75/><U16/><E7/><V135/><F135/><W58/><G129/><T50/><D133/><U41/><E41/><V51/><F51/><W49/><G25/><T117/><D128/><U20/><E111/><V88/><F24/><W93/><G4/><T52/><D117/><N who="3" m="45161" /><G84/><T106/><D106/><U87/><E73/><V40/><F22/><W48/><AGARI ba="1,0" hai="10,12,17,46,48,49,53,54,58,92,93" m="45161" machi="48" ten="30,1100,0" yaku="12,1" doraHai="39" who="3" fromWho="3" sc="90,-4,327,-6,333,-4,250,14" /><INIT seed="6,0,0,1,0,109" ten="86,321,329,264" oya="2" hai0="53,44,7,47,70,91,112,115,76,19,11,93,114" hai1="54,61,9,14,119,108,51,99,130,66,46,116,45" hai2="38,50,8,58,3,87,127,12,73,6,41,20,83" hai3="129,40,124,105,15,101,39,13,57,107,27,106,86"/><V102/><F127/><W84/><G101/><T78/><D70/><U64/><E108/><V2/><F73/><W98/><G98/><N who="0" m="57663" /><D53/><U29/><E130/><V16/><F102/><W5/><G129/><T123/><D123/><U135/><E135/><V122/><F122/><W125/><G40/><T95/><D95/><U65/><E61/><V132/><F132/><W126/><G39/><T28/><D28/><U33/><E99/><V34/><F34/><W1/><G1/><N who="0" m="495" /><D19/><U92/><E92/><V71/><F71/><W48/><G5/><T131/><D131/><U74/><E74/><V62/><F38/><W60/><G84/><T68/><D68/><U100/><E100/><V35/><F35/><W118/><G86/><T30/><D30/><U24/><E46/><AGARI ba="0,0" hai="44,46,47,76,78,112,114,115" m="495,57663" machi="46" ten="30,7700,0" yaku="15,1,52,3" doraHai="109" who="0" fromWho="1" sc="86,77,321,-77,329,0,264,0" /><INIT seed="7,0,0,0,1,116" ten="163,244,329,264" oya="3" hai0="18,48,115,32,132,119,40,82,84,72,78,5,124" hai1="101,25,27,81,100,35,21,44,15,88,135,107,122" hai2="74,120,62,55,68,33,10,38,64,131,109,2,6" hai3="127,52,66,45,112,61,105,94,58,26,31,108,102"/><W99/><G112/><T97/><D119/><U37/><E135/><V91/><F109/><W126/><G108/><T134/><D32/><U76/><E107/><V73/><F91/><W60/><G94/><T22/><D5/><U106/><E106/><V46/><F131/><W86/><G86/><T8/><D8/><U0/><E122/><V110/><F110/><W43/><G43/><T117/><D117/><U13/><E0/><V133/><F133/><N who="0" m="51306" /><D22/><U67/><E35/><V121/><F33/><W103/><G103/><T19/><D48/><U63/><E27/><V70/><F70/><W125/><G45/><T34/><D40/><U69/><E44/><V75/><F55/><W4/><G4/><T111/><D34/><U28/><E37/><V51/><F51/><W17/><G17/><T83/><D18/><U36/><E36/><V98/><F98/><W56/><G26/><T42/><D42/><AGARI ba="0,0" hai="2,6,10,38,42,46,62,64,68,73,74,75,120,121" machi="42" ten="50,8000,1" yaku="23,2,52,2" doraHai="116" who="2" fromWho="0" sc="163,-80,244,0,329,80,264,0" owari="83,-42.0,244,-16.0,409,52.0,264,6.0" /></mjloggm>