<mjloggm ver="2.3"><GO type="225" lobby="0"/><UN n0="%73%75%7A%75%6D%65%33" n1="%E3%82%8F%E3%81%A3%E3%81%97%E3%82%87%E3%81%84%E5%90%9B%32%E5%8F%B7" n2="%E3%83%AD%E3%83%9C%E3%82%B3%E3%83%97" n3="%E8%A3%81%E3%81%8D%E3%81%AE%E9%BE%8D" dan="17,17,16,16" rate="2182.79,2270.91,2117.06,2033.28" sx="M,M,M,F"/><TAIKYOKU oya="0"/><INIT seed="0,0,0,2,4,94" ten="250,250,250,250" oya="0" hai0="63,89,45,28,27,13,73,15,10,112,81,71,5" hai1="97,37,82,85,44,78,58,40,7,0,62,18,107" hai2="3,9,92,56,80,8,43,32,60,23,54,79,132" hai3="134,127,34,20,116,114,99,4,21,105,51,1,124"/><T130/><D112/><U83/><E18/><V70/><F32/><W42/><G114/><T11/><D130/><U74/><E7/><V75/><F132/><W49/><G116/><T96/><D45/><U118/><E0/><V53/><F3/><W133/><G34/><T113/><D113/><U125/><E125/><N who="3" m="48202" /><G4/><T117/><D117/><U119/><E107/><V103/><F70/><W31/><G1/><T111/><D111/><U2/><E97/><V72/><F72/><W106/><G42/><T65/><D73/><U41/><E40/><V108/><F108/><W68/><G68/><T110/><D110/><U12/><E12/><V122/><F122/><W135/><G31/><T22/><D81/><U104/><E104/><N who="3" m="40042" /><G99/><T90/><REACH who="0" step="1"/><D96/><REACH who="0" ten="240,250,250,250" step="2"/><U17/><E118/><V121/><F121/><W24/><G24/><T87/><D87/><U61/><E85/><V69/><F75/><W50/><AGARI ba="0,1" hai="20,21,49,50,51,133,134,135" m="40042,48202" machi="50" ten="50,8000,1" yaku="28,2,20,1,18,1" doraHai="94" who="3" fromWho="3" sc="240,-40,250,-20,250,-20,250,90" /><INIT seed="1,0,0,5,0,50" ten="200,230,230,340" oya="1" hai0="18,4,25,35,104,99,126,123,90,12,66,109,132" hai1="106,135,105,16,23,68,73,98,2,122,36,78,39" hai2="56,120,31,55,40,133,37,48,49,96,118,29,13" hai3="107,44,59,124,80,21,0,116,92,8,38,83,113"/><U82/><E122/><V3/><F120/><W52/><G113/><T61/><D123/><U15/><E135/><V101/><F3/><W102/><G107/><T34/><D132/><U77/><E2/><V7/><F133/><W131/><G124/><T9/><D126/><U93/><E68/><V128/><F37/><W95/><G131/><T1/><D109/><U129/><E129/><V119/><F128/><W42/><G116/><T32/><D90/><U51/><E78/><V88/><F119/><W20/><G0/><T6/><D1/><U58/><E106/><V41/><F118/><W125/><G8/><T91/><D25/><U17/><E105/><V94/><F101/><W19/><G125/><T5/><D91/><U45/><E58/><V53/><F13/><W63/><G21/><T57/><REACH who="0" step="1"/><D4/><REACH who="0" ten="190,230,230,340" step="2"/><U64/><E17/><V70/><F7/><W71/><G19/><T108/><D108/><U43/><REACH who="1" step="1"/><E64/><REACH who="1" ten="190,220,230,340" step="2"/><V75/><F70/><W81/><G71/><T69/><D69/><U33/><E33/><V74/><F29/><W10/><G20/><T65/><D65/><U100/><AGARI ba="0,2" hai="15,16,23,36,39,43,45,51,73,77,82,93,98,100" machi="100" ten="20,7800,0" yaku="1,1,0,1,7,1,54,1,53,0" doraHai="50" doraHaiUra="117" who="1" fromWho="1" sc="190,-26,220,98,230,-26,340,-26" /><INIT seed="1,1,0,5,4,91" ten="164,318,204,314" oya="1" hai0="10,93,56,117,46,104,87,45,58,102,114,60,34" hai1="71,66,36,49,103,67,110,80,64,21,108,75,79" hai2="115,35,74,130,23,43,83,70,77,22,118,61,90" hai3="26,120,101,84,112,19,116,5,65,44,72,76,31"/><U27/><E36/><V33/><F118/><W30/><G120/><T62/><D117/><U135/><E135/><V121/><F121/><W125/><G112/><T13/><D34/><U113/><E113/><V7/><F115/><W89/><G116/><T40/><D114/><U97/><E71/><V78/><F130/><W68/><G125/><T16/><D104/><U63/><E49/><V85/><F43/><W59/><G68/><T47/><D40/><U133/><E133/><V122/><F122/><W12/><G101/><T28/><D28/><U42/><E63/><N who="0" m="24105" /><D87/><U128/><E128/><V107/><F107/><W100/><G100/><T123/><D123/><U24/><E42/><V18/><F35/><W50/><G59/><T6/><D6/><U3/><E3/><V82/><F7/><W132/><G65/><T106/><D106/><N who="1" m="63855" /><E21/><V2/><F33/><W53/><G5/><T39/><D39/><U41/><E41/><V126/><F2/><W129/><G129/><T38/><D38/><U111/><AGARI ba="1,0" hai="24,27,64,66,67,75,79,80,108,110,111" m="63855" machi="111" ten="40,3900,0" yaku="14,1,10,1" doraHai="91" who="1" fromWho="1" sc="164,-14,318,42,204,-14,314,-14" /><INIT seed="1,2,0,4,3,50" ten="150,360,190,300" oya="1" hai0="56,46,126,128,95,42,23,21,70,94,134,110,37" hai1="86,38,96,16,129,66,17,104,9,48,69,113,63" hai2="57,87,34,92,109,52,53,19,98,125,82,97,3" hai3="90,84,49,13,64,1,85,99,114,40,79,112,80"/><U75/><E113/><V67/><F34/><W108/><G1/><T54/><D110/><U58/><E75/><V68/><F109/><W27/><G108/><T0/><D134/><U7/><E129/><V32/><F32/><W35/><G64/><T132/><D132/><U121/><E121/><V2/><F68/><W12/><G99/><T83/><D128/><U11/><E38/><V39/><F39/><W124/><G124/><T78/><D126/><U89/><E96/><V107/><F125/><W31/><G112/><T24/><D0/><U81/><E104/><V74/><F74/><W76/><G114/><T22/><D70/><U119/><E119/><V102/><F19/><W133/><G133/><T100/><D100/><U135/><E135/><V44/><F44/><W47/><REACH who="3" step="1"/><G79/><REACH who="3" ten="150,360,190,290" step="2"/><T118/><D118/><U65/><E66/><V120/><F3/><W115/><G115/><T61/><REACH who="0" step="1"/><D24/><REACH who="0" ten="140,360,190,290" step="2"/><U25/><E25/><V51/><F2/><W123/><G123/><T8/><D8/><U59/><E11/><V72/><F120/><W28/><G28/><T18/><D18/><U131/><E131/><V106/><F102/><W111/><G111/><T41/><D41/><U20/><E17/><V122/><F122/><W43/><G43/><T62/><D62/><U103/><E16/><V116/><F116/><W4/><G4/><T73/><AGARI ba="2,2" hai="21,22,23,37,42,46,54,56,61,73,78,83,94,95" machi="73" ten="30,4000,0" yaku="1,1,0,1,52,1,53,0" doraHai="50" doraHaiUra="14" who="0" fromWho="0" sc="140,66,360,-22,190,-12,290,-12" /><INIT seed="2,0,0,4,2,42" ten="206,338,178,278" oya="2" hai0="132,25,64,114,21,13,100,18,109,8,24,71,16" hai1="127,33,44,52,2,92,101,70,14,107,7,125,40" hai2="54,96,77,55,103,112,121,94,35,5,83,124,56" hai3="47,60,84,98,36,58,113,87,62,111,50,120,17"/><V10/><F121/><W66/><G111/><T116/><D100/><U29/><E70/><V99/><F112/><W51/><G120/><T81/><D114/><U90/><E107/><V117/><F117/><W131/><G113/><T41/><D116/><U59/><E101/><V85/><F35/><W19/><G131/><T45/><D109/><U74/><E74/><V76/><F124/><W15/><G36/><T61/><D81/><U48/><E29/><V32/><F32/><W118/><G118/><T67/><D67/><U23/><E33/><V128/><F128/><W130/><G130/><T89/><D89/><U43/><E2/><V53/><F99/><W133/><G133/><T49/><REACH who="0" step="1"/><D132/><REACH who="0" ten="196,338,178,278" step="2"/><U4/><E127/><V129/><F129/><W75/><G66/><T104/><D104/><U110/><E110/><V126/><F126/><W78/><G78/><T88/><D88/><U119/><E125/><V102/><F102/><W115/><G115/><T6/><D6/><U95/><E90/><V91/><REACH who="2" step="1"/><F56/><REACH who="2" ten="196,338,168,278" step="2"/><W1/><G58/><T108/><D108/><U72/><E59/><V57/><F57/><W63/><G98/><T68/><D68/><U11/><E119/><V97/><F97/><W122/><G122/><T34/><D34/><U28/><E95/><V80/><F80/><W69/><G69/><T82/><D82/><U22/><E92/><V31/><F31/><W27/><G63/><T0/><D0/><AGARI ba="0,2" hai="0,5,10,53,54,55,76,77,83,85,91,94,96,103" machi="0" ten="40,2000,0" yaku="1,1,53,0" doraHai="42" doraHaiUra="39" who="2" fromWho="0" sc="196,-20,338,0,168,40,278,0" /><INIT seed="2,1,0,0,4,119" ten="176,338,208,278" oya="2" hai0="115,25,12,45,81,57,13,107,43,8,28,34,29" hai1="41,108,39,129,104,83,111,82,10,116,48,80,102" hai2="103,118,88,44,122,134,46,18,31,90,58,17,36" hai3="92,7,76,75,68,30,6,37,85,133,67,33,65"/><V96/><F118/><W38/><G133/><T72/><D115/><U110/><E116/><V121/><F134/><W9/><G92/><T5/><D107/><U19/><E129/><V63/><F31/><W23/><G23/><T126/><D28/><U52/><E39/><V132/><F132/><W123/><G85/><T62/><D126/><U35/><E41/><V42/><F46/><W60/><G67/><T106/><D106/><U100/><E35/><V71/><F71/><W131/><G131/><T128/><D128/><U56/><E104/><V127/><F127/><W113/><G7/><T89/><D89/><U59/><E59/><V53/><F17/><W120/><G113/><T74/><D13/><AGARI ba="1,0" hai="10,13,19,48,52,56,80,82,83,100,102,108,110,111" machi="13" ten="50,3200,0" yaku="14,1,54,1" doraHai="119" who="1" fromWho="0" sc="176,-35,338,35,208,0,278,0" /><INIT seed="3,0,0,4,0,121" ten="141,373,208,278" oya="3" hai0="51,39,105,116,77,61,7,94,1,53,26,65,113" hai1="3,46,21,74,88,19,35,59,101,27,31,29,78" hai2="112,67,125,124,63,76,130,13,99,91,8,47,132" hai3="56,70,54,50,109,57,62,38,18,42,15,4,25"/><W98/><G4/><T129/><D105/><U69/><E69/><V122/><F112/><W87/><G38/><T111/><D39/><U103/><E3/><V68/><F122/><W33/><G42/><T11/><D116/><U73/><E46/><V5/><F132/><W84/><G70/><T28/><D113/><U133/><E31/><V9/><F130/><W120/><G120/><T135/><D129/><U37/><E37/><V123/><F123/><W102/><G109/><T100/><D135/><U82/><E74/><V32/><F32/><W6/><G6/><T71/><D77/><U41/><E41/><V45/><F76/><W12/><G33/><T48/><D100/><U36/><E36/><V66/><F66/><W118/><G25/><T92/><D51/><U24/><E133/><V44/><F9/><N who="3" m="6415" /><G15/><T79/><D79/><U134/><E134/><V107/><F107/><W80/><G80/><T52/><D111/><U58/><E101/><V2/><F2/><W93/><G118/><T115/><D115/><U72/><E72/><V114/><F114/><W110/><G110/><T30/><D30/><U86/><E103/><V117/><F117/><W89/><G102/><T10/><D10/><U131/><E131/><V119/><F119/><W23/><G23/><T16/><D16/><U14/><E14/><V20/><F20/><W127/><G127/><N who="2" m="48713" /><F91/><W108/><G108/><T90/><D90/><U75/><E75/><V64/><F64/><AGARI ba="0,0" hai="50,54,56,57,62,64,84,87,89,93,98" m="6415" machi="64" ten="30,1500,0" yaku="8,1" doraHai="121" who="3" fromWho="2" sc="141,0,373,0,208,-15,278,15" /><INIT seed="3,1,0,1,1,76" ten="141,373,193,293" oya="3" hai0="127,124,120,59,56,119,92,41,109,100,77,27,44" hai1="89,81,28,18,103,129,9,38,87,51,36,25,62" hai2="112,24,135,131,53,133,108,86,132,0,4,43,72" hai3="48,47,35,63,32,71,90,85,97,104,15,80,69"/><W3/><G3/><T39/><D120/><U60/><E129/><V99/><F72/><W94/><G104/><T29/><D119/><U8/><E103/><V16/><F112/><W21/><G21/><T7/><D7/><U98/><E98/><V126/><F131/><W52/><G15/><T40/><D40/><U30/><E51/><V54/><F108/><W67/><REACH who="3" step="1"/><G71/><REACH who="3" ten="141,373,193,283" step="2"/><T23/><D109/><U130/><E130/><V45/><F0/><W96/><G96/><T110/><D110/><U114/><E8/><V122/><F99/><W115/><G115/><T6/><D100/><AGARI ba="1,1" hai="32,35,47,48,52,63,67,69,80,85,90,94,97,100" machi="100" ten="30,11600,0" yaku="1,1,7,1,52,1,54,1,53,0" doraHai="76" doraHaiUra="113" who="3" fromWho="0" sc="141,-119,373,0,193,0,283,129" owari="22,-48.0,373,17.0,193,-21.0,412,52.0" /></mjloggm>