<mjloggm ver="2.3"><GO type="185" lobby="0"/><UN n0="%E3%82%B5%E3%83%B3%E3%83%9E%E6%BC%81%E5%B8%AB%4B" n1="%E3%83%A6%E3%82%A6%E3%83%8B%E3%83%A3" n2="%E3%81%B6%E3%82%8B%E3%81%AF%E3%81%A4" n3="" dan="17,18,16,0" rate="2261.35,2295.38,2132.39,1500.00" sx="M,M,M,C"/><TAIKYOKU oya="0"/><INIT seed="0,0,0,4,2,41" ten="350,350,350,0" oya="0" hai0="0,120,107,45,121,91,71,60,44,57,87,103,85" hai1="101,81,36,66,128,74,114,53,115,113,135,42,34" hai2="84,43,116,1,127,118,132,48,100,69,110,70,126" hai3=""/><T133/><N who="0" m="30752" /><T105/><N who="0" m="31008" /><T49/><D0/><U64/><E34/><V32/><F32/><T38/><D71/><N who="2" m="27146" /><F1/><T51/><D38/><U46/><E101/><V62/><F100/><T102/><D133/><U108/><E135/><V75/><F132/><T79/><D79/><U80/><E108/><V90/><F75/><T96/><D91/><U37/><E128/><V88/><F62/><T86/><D51/><U78/><E37/><V129/><F129/><T93/><D103/><U65/><E80/><V131/><F131/><T124/><D124/><N who="2" m="47658" /><F110/><T117/><D105/><U3/><E3/><V111/><F111/><T94/><D107/><U67/><N who="1" m="16384" /><DORA hai="92" /><U104/><E104/><V54/><F43/><T97/><D102/><U61/><E61/><V56/><F90/><T52/><D60/><U82/><E82/><AGARI ba="0,0" hai="48,54,56,82,84,88,116,118" m="47658,27146" machi="82" ten="30,2000,0" yaku="18,1,54,1" doraHai="41,92" who="2" fromWho="1" sc="350,0,350,-20,350,20,0,0" /><INIT seed="1,0,0,0,2,96" ten="350,330,370,0" oya="1" hai0="83,73,0,1,121,45,55,41,95,104,33,77,44" hai1="61,106,107,37,63,128,65,46,103,94,52,126,123" hai2="119,130,125,100,102,131,54,50,101,32,135,66,97" hai3=""/><U47/><N who="1" m="31520" /><U76/><E128/><N who="2" m="49195" /><F32/><T90/><N who="0" m="31008" /><T42/><D33/><U129/><E129/><V109/><F119/><T72/><D104/><U60/><E126/><V40/><F125/><T118/><D55/><U114/><E114/><V84/><F109/><T43/><D73/><U105/><E76/><V2/><F2/><T74/><D74/><U69/><E47/><V49/><F135/><T58/><D58/><U88/><E103/><N who="2" m="39499" /><F66/><T122/><N who="0" m="31264" /><T3/><REACH who="0" step="1"/><D118/><REACH who="0" ten="340,330,370,0" step="2"/><U91/><E52/><V113/><F113/><T124/><D124/><U92/><E46/><V39/><F40/><T120/><N who="0" m="30752" /><T115/><D115/><U56/><E56/><V75/><F75/><T98/><AGARI ba="0,1" hai="0,1,3,41,42,43,44,45,72,77,83,90,95,98" m="30752,31264,31008" machi="98" ten="40,6000,1" yaku="1,1,0,1,52,3,53,0" doraHai="96" doraHaiUra="132" who="0" fromWho="0" sc="340,70,330,-40,370,-20,0,0" /><INIT seed="2,0,0,5,1,37" ten="410,290,350,0" oya="2" hai0="57,96,115,120,98,83,103,67,58,55,59,2,71" hai1="84,79,64,72,39,99,110,36,102,89,112,52,132" hai2="107,78,114,61,49,93,133,80,48,63,97,35,76" hai3=""/><V118/><F35/><T105/><N who="0" m="30752" /><T106/><D2/><U90/><E112/><V111/><F114/><T50/><D115/><U68/><E110/><V121/><N who="2" m="31008" /><V134/><F118/><T95/><D83/><U62/><E132/><N who="2" m="50795" /><F107/><T126/><D126/><U124/><E124/><V38/><F38/><T32/><D32/><U45/><E89/><V33/><F33/><T113/><D113/><U130/><E79/><N who="2" m="30251" /><F80/><T43/><D106/><U117/><E72/><V108/><F48/><T101/><D71/><U44/><E117/><V116/><F49/><T131/><D67/><U47/><E130/><V127/><F127/><T56/><D131/><U0/><E0/><V46/><F46/><T75/><D75/><U86/><E39/><V77/><F77/><T88/><D103/><U51/><E36/><V1/><F1/><T41/><AGARI ba="0,0" hai="41,43,50,55,56,57,58,59,88,95,96,98,101,105" m="30752" machi="41" ten="30,6000,1" yaku="0,1,52,3,54,1" doraHai="37" who="0" fromWho="0" sc="410,60,290,-20,350,-40,0,0" /><INIT seed="4,0,0,3,4,81" ten="470,270,310,0" oya="0" hai0="80,104,1,47,53,36,121,116,76,59,62,79,55" hai1="50,129,64,122,74,90,3,117,56,69,65,118,87" hai2="85,91,48,51,61,49,111,126,70,67,42,86,34" hai3=""/><T77/><N who="0" m="31008" /><T54/><D1/><U128/><N who="1" m="31264" /><U96/><E74/><V84/><F111/><T113/><D116/><N who="1" m="44651" /><E96/><V114/><F114/><T107/><D113/><U44/><E3/><V99/><F34/><T109/><D109/><U131/><E56/><V132/><F132/><T105/><D36/><U125/><E69/><V94/><REACH who="2" step="1"/><F126/><REACH who="2" ten="470,270,300,0" step="2"/><T127/><D127/><U71/><E125/><V43/><AGARI ba="0,1" hai="42,43,48,49,51,61,67,70,84,85,86,91,94,99" machi="43" ten="40,9000,2" yaku="1,1,2,1,0,1,52,3,53,0" doraHai="81" doraHaiUra="97" who="2" fromWho="2" sc="470,-60,270,-30,300,100,0,0" /><INIT seed="5,0,0,0,5,134" ten="410,240,400,0" oya="1" hai0="86,67,41,115,126,127,105,90,89,98,99,96,50" hai1="133,95,46,107,44,108,65,85,2,47,129,75,51" hai2="120,69,59,101,94,55,45,102,83,112,57,1,130" hai3=""/><U36/><E2/><V35/><N who="2" m="30752" /><V113/><F35/><T34/><D34/><U37/><E107/><V117/><F69/><T104/><D67/><U97/><E75/><V32/><F32/><T128/><D41/><U116/><E116/><V84/><F117/><T63/><D63/><U91/><E133/><V122/><N who="2" m="31264" /><V52/><F1/><T48/><D128/><U71/><E129/><V33/><F33/><T53/><D115/><N who="2" m="44106" /><F130/><T0/><D0/><U114/><E114/><V106/><F106/><N who="0" m="41066" /><D86/><U72/><E72/><V73/><F73/><T132/><D132/><U66/><E51/><N who="0" m="19497" /><D53/><N who="2" m="20554" /><F45/><T121/><N who="0" m="31008" /><T74/><D74/><U131/><E131/><V3/><F3/><T82/><D82/><U118/><E118/><V124/><F124/><AGARI ba="0,0" hai="89,90,96,98,99,124,126,127" m="31008,19497,41066" machi="124" ten="40,12000,2" yaku="28,2,18,1,52,4" doraHai="134" who="0" fromWho="2" sc="410,120,240,0,400,-120,0,0" /><INIT seed="6,0,0,3,3,123" ten="530,240,280,0" oya="2" hai0="111,77,117,60,54,97,47,134,129,124,107,61,59" hai1="56,63,73,122,58,37,115,116,81,91,0,57,110" hai2="79,135,48,131,130,95,90,120,41,106,86,100,67" hai3=""/><V132/><N who="2" m="30752" /><V93/><F67/><T126/><D117/><U92/><N who="1" m="31264" /><U36/><E0/><V34/><F34/><T80/><D111/><U83/><E110/><V87/><F41/><T46/><D134/><N who="2" m="51242" /><F48/><T50/><D129/><N who="2" m="49162" /><F106/><T52/><D47/><U101/><E101/><V68/><F68/><T55/><D107/><U128/><E128/><V75/><F100/><T32/><D32/><U51/><E116/><V62/><F62/><T69/><D69/><U3/><E3/><V66/><F66/><T99/><D60/><U127/><E63/><V72/><F79/><T119/><D119/><U82/><E51/><V94/><F87/><T98/><D55/><U76/><E115/><V45/><F45/><T53/><D54/><U102/><E102/><V39/><F39/><T85/><AGARI ba="0,0" hai="46,50,52,53,59,61,77,80,85,97,98,99,124,126" machi="85" ten="30,1500,0" yaku="0,1,54,1" doraHai="123" who="0" fromWho="0" sc="530,15,240,-5,280,-10,0,0" owari="545,49.0,235,-36.0,270,-13.0,0,0.0" /></mjloggm>