<mjloggm ver="2.3"><GO type="169" lobby="0"/><UN n0="%62%6F%79%61%74%65%74%75" n1="%E3%81%8B%E3%81%8B%E3%81%8B%E3%81%8B" n2="%7A%65%52%6F" n3="%E4%B8%80%E8%93%AE%E5%B3%BB%E6%BD%A4" dan="16,16,18,18" rate="2136.01,2165.51,2159.26,2254.16" sx="M,M,M,M"/><TAIKYOKU oya="0"/><INIT seed="0,0,0,5,0,1" ten="250,250,250,250" oya="0" hai0="51,32,9,13,47,92,16,23,127,15,78,85,64" hai1="25,17,119,86,52,134,96,132,46,31,74,114,59" hai2="120,20,107,65,61,69,12,42,90,113,83,98,71" hai3="24,11,126,40,4,30,19,97,87,60,130,0,6"/><T22/><D127/><U122/><E74/><V84/><F113/><W43/><G126/><T54/><D32/><U117/><E122/><V8/><F120/><W33/><G130/><T39/><D39/><U99/><E114/><V44/><F20/><W81/><G97/><N who="1" m="37450" /><E46/><V131/><F131/><W93/><G93/><T110/><D110/><U50/><E86/><V55/><F55/><W21/><G60/><T115/><D115/><U26/><E17/><V103/><F61/><W72/><G6/><N who="0" m="3255" /><D64/><U88/><E88/><V62/><F62/><W66/><G72/><T108/><D108/><U102/><E102/><V105/><F65/><W35/><G66/><T41/><D23/><N who="1" m="15807" /><E26/><V2/><F2/><W49/><G35/><T18/><D18/><U80/><E80/><V125/><F105/><W118/><G118/><T28/><D28/><U10/><E10/><V34/><F125/><W67/><G67/><T135/><D135/><AGARI ba="0,0" hai="50,52,59,117,119,132,134,135" m="15807,37450" machi="135" ten="30,2000,0" yaku="20,1,54,1" doraHai="1" who="1" fromWho="0" sc="250,-20,250,20,250,0,250,0" /><INIT seed="1,0,0,4,0,84" ten="230,270,250,250" oya="1" hai0="80,109,28,54,48,59,32,88,7,120,77,124,40" hai1="98,112,0,34,23,63,19,39,26,113,128,43,62" hai2="46,81,82,35,56,133,65,92,94,17,135,64,12" hai3="105,8,52,102,99,79,6,123,3,108,121,42,9"/><U104/><E0/><V25/><F46/><W37/><G108/><T116/><D116/><U13/><E128/><V74/><F25/><W45/><G9/><T41/><D109/><U72/><E72/><V50/><F35/><W58/><REACH who="3" step="1"/><G79/><REACH who="3" ten="230,270,250,240" step="2"/><T55/><D120/><U53/><E113/><V122/><F122/><W89/><G89/><T115/><D115/><U44/><E112/><V96/><F135/><W31/><G31/><T126/><D77/><U103/><E34/><V4/><F133/><W91/><G91/><T14/><D28/><U47/><E13/><V131/><F12/><W114/><G114/><T85/><D32/><U49/><AGARI ba="0,1" hai="19,23,26,39,43,44,47,49,53,62,63,98,103,104" machi="49" ten="30,1500,0" yaku="0,1" doraHai="84" who="1" fromWho="1" sc="230,-5,270,25,250,-5,240,-5" /><INIT seed="1,1,0,0,1,105" ten="225,295,245,235" oya="1" hai0="33,8,121,27,130,118,49,32,113,103,128,24,31" hai1="109,1,48,41,83,99,78,95,84,18,35,76,124" hai2="60,65,57,39,12,55,94,10,104,69,93,25,96" hai3="77,106,20,117,28,11,9,97,116,131,91,127,110"/><U71/><E71/><V79/><F39/><W38/><G38/><T66/><D66/><U115/><E35/><V58/><F69/><W70/><G70/><T23/><D103/><U36/><E1/><V92/><F104/><W114/><G114/><T37/><D37/><U74/><E36/><V52/><F79/><W29/><G127/><T68/><D68/><U15/><E115/><V112/><F112/><W44/><G44/><T101/><D101/><U102/><E124/><V7/><F25/><W53/><G53/><T43/><D49/><U47/><E109/><V126/><F126/><W51/><G51/><T56/><D56/><U22/><REACH who="1" step="1"/><E76/><REACH who="1" ten="225,285,245,235" step="2"/><V30/><F30/><W98/><G77/><T0/><D113/><U63/><E63/><N who="2" m="36295" /><F65/><W87/><G29/><T61/><D33/><U125/><E125/><V42/><F42/><W88/><G110/><T107/><D43/><U64/><E64/><V111/><F111/><W75/><G28/><T14/><D31/><U3/><E3/><V129/><F129/><W119/><G131/><T59/><D0/><U5/><E5/><V40/><F40/><W82/><G119/><T132/><D32/><U45/><E45/><V135/><F135/><W81/><G117/><T73/><D132/><U21/><E21/><V89/><AGARI ba="1,1" hai="7,10,12,55,57,60,89,92,93,94,96" m="36295" machi="89" ten="30,2000,0" yaku="8,1,54,1" doraHai="105" who="2" fromWho="2" sc="225,-6,285,-11,245,33,235,-6" /><INIT seed="2,0,0,1,0,15" ten="219,274,278,229" oya="2" hai0="78,133,115,94,105,118,85,77,63,10,119,128,86" hai1="20,97,83,46,28,75,92,122,99,76,29,47,12" hai2="73,100,31,71,39,68,110,53,35,57,95,64,36" hai3="54,104,1,69,52,13,117,82,21,25,30,88,32"/><V56/><F73/><W102/><G117/><N who="0" m="44555" /><D63/><U111/><E111/><V108/><F100/><W98/><G1/><T19/><D115/><U50/><E122/><V106/><F95/><W114/><G114/><T59/><D59/><U0/><E0/><V121/><F31/><W8/><G69/><N who="2" m="26697" /><F35/><W124/><G124/><T60/><D60/><U51/><E99/><V17/><F17/><W96/><G32/><T135/><D105/><U38/><E38/><N who="2" m="14379" /><F106/><W34/><G34/><T44/><D44/><U58/><E47/><V103/><F103/><W70/><G70/><T129/><D10/><U43/><E46/><V66/><F121/><W4/><REACH who="3" step="1"/><G82/><REACH who="3" ten="219,274,278,219" step="2"/><T84/><D128/><U2/><E83/><V33/><F33/><W61/><G61/><T109/><D129/><U40/><E50/><N who="2" m="30775" /><F57/><W5/><G5/><T120/><D120/><U22/><E58/><V81/><F81/><W130/><G130/><T72/><D109/><AGARI ba="0,1" hai="64,66,108,109,110" m="30775,14379,26697" machi="109" ten="40,12000,1" yaku="14,1,10,1,34,2" doraHai="15" who="2" fromWho="0" sc="219,-120,274,0,278,130,219,0" /><INIT seed="2,1,0,5,3,104" ten="99,274,408,219" oya="2" hai0="82,36,41,71,64,45,120,2,40,63,7,1,107" hai1="48,108,9,32,79,8,12,134,17,60,85,133,70" hai2="22,106,28,125,129,54,130,88,55,4,105,114,50" hai3="43,119,29,57,113,10,87,111,39,5,16,37,74"/><V3/><F114/><W53/><G119/><T20/><D120/><U102/><E32/><V6/><F125/><W96/><G113/><T118/><D118/><U56/><E108/><V135/><F22/><W51/><G111/><T30/><D41/><U115/><E115/><V99/><F28/><W52/><G29/><T123/><D123/><U90/><E79/><V58/><F55/><W44/><G74/><T11/><D2/><U103/><E48/><V91/><F135/><N who="1" m="51721" /><E70/><V94/><F91/><W72/><G72/><T101/><D20/><U78/><E9/><N who="2" m="2207" /><F6/><W92/><G87/><T80/><D30/><U121/><E121/><V77/><F77/><W86/><G86/><T112/><D112/><U84/><E84/><V34/><F34/><W15/><G53/><T31/><D31/><U0/><E0/><V49/><F49/><W97/><G5/><T59/><REACH who="0" step="1"/><D71/><REACH who="0" ten="89,274,408,219" step="2"/><U23/><E23/><V81/><F129/><W13/><G13/><T93/><D93/><N who="1" m="54479" /><E78/><V109/><F130/><W26/><G26/><T62/><D62/><U128/><E128/><V66/><F106/><W67/><G39/><T98/><AGARI ba="1,1" hai="1,7,11,36,40,45,59,63,64,80,82,98,101,107" machi="98" ten="30,2000,0" yaku="1,1,0,1,53,0" doraHai="104" doraHaiUra="110" who="0" fromWho="0" sc="89,33,274,-6,408,-11,219,-6" /><INIT seed="3,0,0,3,0,108" ten="122,268,397,213" oya="3" hai0="50,134,115,72,62,105,68,101,122,56,65,96,40" hai1="5,76,37,94,4,61,26,104,88,129,23,0,109" hai2="27,91,20,112,15,119,85,121,36,90,84,83,92" hai3="18,135,51,70,28,48,9,110,75,45,80,6,41"/><W71/><G135/><T7/><D122/><U97/><E37/><V24/><F119/><W13/><G110/><T52/><D72/><U35/><E35/><V57/><F36/><W22/><G28/><T120/><D120/><U8/><E109/><V118/><F118/><W113/><G113/><T49/><D134/><U11/><E129/><V81/><F121/><W54/><G75/><T77/><D77/><U100/><E76/><V58/><F112/><W29/><G80/><T117/><D7/><U130/><E61/><V34/><F92/><W44/><REACH who="3" step="1"/><G29/><REACH who="3" ten="122,268,397,203" step="2"/><T73/><D73/><U133/><E133/><V60/><F34/><W2/><AGARI ba="0,1" hai="2,6,9,13,18,22,41,44,45,48,51,54,70,71" machi="2" ten="20,7800,0" yaku="1,1,2,1,0,1,7,1,53,0" doraHai="108" doraHaiUra="21" who="3" fromWho="3" sc="122,-26,268,-26,397,-26,203,88" /><INIT seed="3,1,0,2,2,65" ten="96,242,371,291" oya="3" hai0="9,16,68,101,55,122,80,89,47,41,8,79,99" hai1="102,131,7,58,90,23,73,132,75,69,37,97,11" hai2="52,94,116,93,96,20,74,115,32,124,130,134,6" hai3="86,128,53,42,29,95,34,92,127,100,44,125,118"/><W46/><G118/><T50/><D122/><U121/><E90/><V57/><F116/><W61/><G128/><T67/><D89/><U48/><E121/><V40/><F32/><W84/><G34/><T31/><D31/><U54/><E37/><V110/><F110/><W87/><G29/><T5/><D41/><U25/><E132/><V119/><F115/><W38/><G100/><T17/><D9/><U126/><E126/><N who="3" m="48138" /><G46/><T111/><D111/><U78/><E78/><V133/><F119/><W83/><G83/><T2/><D79/><U56/><E56/><AGARI ba="1,0" hai="38,42,44,53,56,61,84,86,87,92,95" m="48138" machi="56" ten="30,1500,0" yaku="18,1" doraHai="65" who="3" fromWho="1" sc="96,0,242,-18,371,0,291,18" /><INIT seed="3,2,0,2,3,113" ten="96,224,371,309" oya="3" hai0="54,38,107,126,66,121,5,26,35,102,123,79,76" hai1="108,78,128,69,77,21,124,118,65,56,82,29,95" hai2="47,96,127,41,94,36,70,103,99,51,44,53,98" hai3="50,120,55,8,2,3,6,117,46,72,81,75,104"/><W45/><G120/><T61/><D126/><U30/><E69/><V111/><F127/><W87/><G104/><T130/><D38/><U13/><E124/><V101/><F111/><W24/><G2/><T37/><D37/><U58/><E108/><V12/><F70/><W85/><G117/><T114/><D130/><U80/><E95/><V122/><F122/><W86/><G81/><T22/><D114/><U25/><E128/><V11/><REACH who="2" step="1"/><F101/><REACH who="2" ten="96,224,361,309" step="2"/><W74/><REACH who="3" step="1"/><G24/><REACH who="3" ten="96,224,361,299" step="2"/><T125/><D26/><U39/><E25/><V129/><F129/><W109/><G109/><T116/><D121/><U59/><E118/><V83/><F83/><W92/><G92/><T32/><D123/><U132/><E82/><V71/><F71/><W9/><G9/><T4/><D116/><U60/><E80/><V93/><F93/><W88/><G88/><T40/><D125/><U57/><E78/><V16/><AGARI ba="2,2" hai="11,12,16,36,41,44,47,51,53,94,96,98,99,103" machi="16" ten="20,5200,0" yaku="1,1,0,1,7,1,54,1,53,0" doraHai="113" doraHaiUra="63" who="2" fromWho="2" sc="96,-15,224,-15,361,78,299,-28" /><INIT seed="4,0,0,1,2,14" ten="81,209,439,271" oya="0" hai0="75,87,106,62,116,21,83,70,51,74,18,125,120" hai1="91,99,49,25,103,105,6,107,54,128,97,38,96" hai2="42,77,27,28,23,48,122,4,118,126,30,85,37" hai3="112,95,115,19,102,60,43,108,90,72,8,20,52"/><T44/><D120/><U13/><E128/><V131/><F122/><W50/><G108/><T114/><D116/><U135/><E38/><V39/><F131/><W121/><G121/><T33/><D33/><U80/><E135/><V3/><F30/><W58/><G72/><T111/><D106/><U66/><E66/><V89/><F77/><W104/><G8/><T36/><D36/><U132/><E132/><V35/><F126/><W129/><G129/><T64/><D125/><U32/><E107/><V68/><F68/><W9/><G9/><T110/><D114/><N who="3" m="43561" /><G104/><T10/><D10/><U16/><E6/><V7/><F3/><W29/><G29/><T0/><D0/><U2/><E2/><V93/><F39/><W81/><G81/><T134/><D134/><U133/><E25/><V82/><F37/><W88/><G102/><T45/><D75/><U117/><E32/><V124/><F124/><W65/><G43/><T76/><D74/><U78/><E117/><V15/><F118/><W113/><N who="3" m="43569" /><W67/><DORA hai="69" /><G95/><T1/><D1/><U79/><E79/><V86/><F35/><W63/><G67/><T46/><REACH who="0" step="1"/><D51/><REACH who="0" ten="71,209,439,271" step="2"/><U73/><E133/><V92/><F48/><W11/><G11/><T119/><D119/><U98/><E105/><V130/><F130/><W59/><G50/><T31/><D31/><U123/><E123/><V101/><F28/><W84/><G84/><N who="2" m="32361" /><F7/><W56/><G56/><T71/><D71/><U40/><E103/><V12/><F101/><W17/><G20/><T61/><D61/><U53/><E73/><V47/><F4/><RYUUKYOKU ba="0,1" sc="71,15,209,-15,439,-15,271,15" hai0="18,21,44,45,46,62,64,70,76,83,87,110,111" hai3="17,19,52,58,59,60,63,65,88,90" /><INIT seed="4,1,1,4,2,76" ten="86,194,424,286" oya="0" hai0="42,80,113,7,118,110,56,88,70,102,133,91,60" hai1="50,28,24,132,3,84,117,107,40,32,57,116,79" hai2="92,85,21,13,14,96,111,126,97,123,52,89,49" hai3="55,128,12,26,30,67,1,61,69,10,115,18,44"/><T17/><D118/><U121/><E121/><V71/><F111/><W103/><G115/><T125/><D113/><U93/><E107/><V87/><F71/><W77/><G128/><T63/><D110/><U65/><E3/><V11/><F126/><W90/><G1/><T130/><D125/><U58/><E132/><V99/><F123/><W108/><G108/><T5/><D130/><U98/><E58/><V16/><F87/><W101/><G77/><T134/><D102/><U15/><E15/><N who="2" m="9375" /><F11/><W54/><G90/><T120/><D120/><U72/><E72/><V78/><F78/><W25/><G25/><T119/><D119/><U68/><E68/><V104/><F104/><W75/><G75/><T4/><D42/><U53/><E65/><V45/><AGARI ba="1,1" hai="13,14,45,49,52,85,89,92,96,97,99" m="9375" machi="45" ten="30,4000,0" yaku="8,1,54,2" doraHai="76" who="2" fromWho="2" sc="86,-21,194,-11,424,53,286,-11" /><INIT seed="5,0,0,1,3,47" ten="65,183,477,275" oya="1" hai0="37,41,0,29,59,85,68,16,86,64,7,106,33" hai1="48,8,67,14,87,120,128,17,27,45,125,104,115" hai2="28,91,121,117,127,57,73,102,105,100,72,18,123" hai3="88,63,55,52,134,58,60,81,82,71,110,56,2"/><U62/><E120/><N who="2" m="46155" /><F18/><W126/><G110/><T13/><D68/><U92/><E115/><V130/><F57/><W3/><G126/><T69/><D69/><U26/><E128/><V22/><F22/><W50/><G134/><T39/><D106/><U93/><E104/><V49/><F91/><W46/><G71/><T66/><D0/><U111/><E125/><V10/><F102/><W19/><G19/><T94/><D7/><U89/><E111/><V98/><F98/><W15/><G15/><T80/><D94/><U78/><E78/><V36/><F10/><W51/><G46/><T21/><D85/><U61/><E93/><V70/><F100/><W99/><G99/><T133/><D133/><U11/><E11/><V4/><F72/><W103/><G103/><T43/><D43/><U38/><E38/><V9/><F9/><W124/><G124/><T76/><D41/><U32/><E32/><V84/><F73/><W122/><G122/><T132/><D132/><U109/><E109/><V90/><F130/><W23/><G23/><T35/><D35/><U112/><E112/><V116/><F36/><W96/><G96/><T12/><D12/><U83/><E92/><V34/><F34/><W24/><G24/><N who="1" m="9258" /><E67/><V97/><F105/><W107/><G107/><T42/><D64/><U135/><E135/><V113/><F113/><W25/><G25/><N who="0" m="18607" /><D42/><AGARI ba="0,0" hai="8,14,17,42,45,48,61,62,83,87,89" m="9258" machi="42" ten="30,2900,0" yaku="8,1,52,1" doraHai="47" who="1" fromWho="0" sc="65,-29,183,29,477,0,275,0" /><INIT seed="5,1,0,3,1,60" ten="36,212,477,275" oya="1" hai0="16,62,54,50,112,121,74,69,35,97,46,7,68" hai1="38,83,39,0,85,52,108,91,58,34,120,111,57" hai2="14,33,101,26,22,30,67,6,8,94,17,77,73" hai3="114,76,103,86,72,63,42,32,5,134,66,12,104"/><U49/><E120/><V18/><F73/><W19/><G32/><T78/><D112/><U130/><E0/><V123/><F123/><W118/><G114/><T84/><D35/><U100/><E34/><V95/><F77/><W29/><G118/><T56/><D121/><U128/><E100/><V135/><F135/><W82/><G134/><T131/><D131/><N who="1" m="50219" /><E58/><V117/><F117/><W28/><G5/><T41/><D74/><U15/><E15/><V27/><F101/><W61/><G42/><T13/><D7/><U70/><E70/><V44/><F44/><W9/><G72/><T133/><D97/><U48/><E49/><V109/><F14/><W53/><G104/><T106/><D106/><U36/><AGARI ba="1,0" hai="36,38,39,48,52,57,83,85,91,108,111" m="50219" machi="36" ten="40,3900,0" yaku="19,1,54,1" doraHai="60" who="1" fromWho="1" sc="36,-14,212,42,477,-14,275,-14" /><INIT seed="5,2,0,1,5,60" ten="22,254,463,261" oya="1" hai0="21,99,66,72,40,131,25,62,23,35,65,121,111" hai1="101,13,122,104,71,14,129,42,20,48,18,4,36" hai2="41,98,117,108,83,24,78,92,54,70,132,88,87" hai3="56,103,6,80,57,32,128,39,74,96,105,45,120"/><U97/><E122/><V91/><F108/><W82/><G120/><T49/><D111/><U1/><E129/><V29/><F117/><W27/><G128/><T133/><D72/><U119/><E119/><V31/><F132/><W10/><G27/><T94/><D121/><U51/><E1/><V52/><F70/><W125/><G125/><T2/><D131/><U76/><E71/><V75/><F41/><W73/><G32/><T127/><D133/><U64/><E64/><N who="0" m="24681" /><D2/><U109/><E109/><V95/><F31/><W124/><G124/><T30/><D35/><AGARI ba="2,0" hai="24,29,35,52,54,75,78,83,87,88,91,92,95,98" machi="35" ten="30,3900,0" yaku="7,1,54,2" doraHai="60" who="2" fromWho="0" sc="22,-45,254,0,463,45,261,0" owari="-23,-52.0,254,-15.0,508,61.0,261,6.0" /></mjloggm>