<mjloggm ver="2.3"><GO type="185" lobby="0"/><UN n0="%E3%81%99%E3%81%9A%E3%82%81%E3%82%AF%E3%83%AC%E3%82%A4%E3%82%B8%E3%83%BC" n1="%E5%A4%9A%E6%9E%97%E6%99%8B" n2="%E3%82%B5%E3%83%B3%E3%83%9E%E6%BC%81%E5%B8%AB%4B" n3="" dan="18,16,17,0" rate="2322.82,2197.13,2261.35,1500.00" sx="M,M,M,C"/><TAIKYOKU oya="0"/><INIT seed="0,0,0,0,2,131" ten="350,350,350,0" oya="0" hai0="82,2,97,132,107,44,94,38,109,37,130,103,116" hai1="104,126,1,57,73,135,124,106,133,41,43,53,72" hai2="39,58,63,74,34,66,111,52,89,125,83,70,127" hai3=""/><T54/><D116/><U110/><E110/><V36/><F34/><T50/><D2/><U119/><E119/><V79/><F111/><T118/><D118/><U75/><E1/><V32/><F32/><T105/><D130/><U55/><E75/><V99/><F89/><T68/><D68/><U33/><E33/><V67/><F67/><T86/><D109/><U85/><E85/><V123/><N who="2" m="31520" /><V40/><F99/><T0/><D0/><U61/><E57/><V46/><REACH who="2" step="1"/><F36/><REACH who="2" ten="350,350,340,0" step="2"/><T65/><D65/><U129/><E129/><V60/><AGARI ba="0,1" hai="39,40,46,52,58,60,63,66,70,74,79,83,125,127" m="31520" machi="60" ten="30,9000,2" yaku="1,1,2,1,0,1,52,1,54,1,53,2" doraHai="131" doraHaiUra="56" who="2" fromWho="2" sc="350,-60,350,-30,340,100,0,0" /><INIT seed="1,0,0,3,1,126" ten="290,320,440,0" oya="1" hai0="62,89,79,53,41,61,56,63,105,127,108,88,73" hai1="68,50,3,133,81,1,120,67,91,86,123,115,84" hai2="72,116,122,113,104,97,49,124,46,100,34,52,71" hai3=""/><U131/><N who="1" m="30752" /><U0/><N who="1" m="31520" /><U33/><E33/><V35/><N who="2" m="31264" /><V114/><F116/><T43/><D105/><U117/><E115/><N who="2" m="44043" /><F124/><T103/><D103/><U90/><E117/><V40/><F72/><T60/><D79/><U85/><E133/><V132/><F132/><T80/><D73/><U102/><E50/><V76/><F71/><T65/><D80/><U75/><E102/><V106/><F76/><T92/><D89/><U98/><E75/><V48/><F106/><T112/><D108/><U83/><E131/><V64/><F64/><T78/><D78/><U51/><E51/><V109/><F109/><T129/><D129/><U134/><E134/><V77/><F77/><T74/><D74/><U58/><E68/><V96/><F97/><T69/><D127/><U45/><E45/><AGARI ba="0,0" hai="34,35,40,45,46,48,49,52,96,100,104" m="44043,31264" machi="45" ten="30,3900,0" yaku="11,1,52,1,54,1" doraHai="126" who="2" fromWho="1" sc="290,0,320,-39,440,39,0,0" /><INIT seed="2,0,0,5,2,80" ten="290,281,479,0" oya="2" hai0="113,39,121,100,134,60,133,48,106,105,52,70,56" hai1="34,62,36,64,124,85,2,55,129,41,50,108,84" hai2="61,69,77,111,86,0,131,37,81,118,114,91,54" hai3=""/><V88/><F0/><T79/><N who="0" m="31008" /><T76/><D113/><U120/><N who="1" m="30752" /><U73/><E2/><V122/><N who="2" m="31264" /><V1/><F1/><T67/><D39/><U49/><E34/><V35/><F35/><T32/><D32/><U38/><E73/><V83/><F114/><T51/><D51/><U66/><E124/><V46/><F118/><T87/><D100/><U57/><E129/><V93/><F131/><T109/><D109/><U40/><E108/><V96/><F111/><T132/><REACH who="0" step="1"/><D87/><REACH who="0" ten="280,281,479,0" step="2"/><U112/><E112/><V43/><F61/><T95/><D95/><U33/><E33/><V90/><F83/><T116/><D116/><U97/><E62/><V42/><F37/><T101/><D101/><U130/><E130/><V127/><F81/><T92/><D92/><U44/><E36/><V98/><F86/><T53/><D53/><U115/><E38/><V68/><F93/><T128/><D128/><U135/><E115/><V63/><F54/><T75/><D75/><U119/><E119/><V45/><F63/><T89/><D89/><U71/><E55/><V59/><F91/><T125/><D125/><U47/><E85/><V103/><F103/><T126/><D126/><U78/><E84/><V72/><F127/><RYUUKYOKU ba="0,1" sc="280,20,281,-10,479,-10,0,0" hai0="48,52,56,60,67,70,76,79,105,106,132,133,134" /><INIT seed="4,1,1,2,1,57" ten="300,271,469,0" oya="0" hai0="49,48,1,59,34,82,111,132,41,133,84,127,109" hai1="45,53,85,77,62,69,92,0,105,126,103,42,108" hai2="66,124,55,90,125,115,96,43,36,40,112,117,121" hai3=""/><T52/><D1/><U70/><E0/><V100/><N who="2" m="31008" /><V87/><F55/><T63/><D34/><U88/><E108/><N who="0" m="41545" /><D127/><N who="2" m="48714" /><F66/><T61/><D41/><N who="2" m="15946" /><F36/><T91/><D48/><U101/><E77/><V86/><F117/><T97/><D97/><U74/><E74/><V81/><F87/><T38/><D38/><U67/><E126/><V54/><F54/><T110/><N who="0" m="41553" /><T89/><DORA hai="99" /><D91/><U47/><E70/><V114/><F115/><T118/><D118/><U106/><E53/><V123/><N who="2" m="31520" /><V37/><F37/><T33/><D33/><U39/><REACH who="1" step="1"/><E47/><REACH who="1" ten="300,261,469,0" step="2"/><V135/><F135/><AGARI ba="1,2" hai="49,52,59,61,63,82,84,89,132,133,135" m="41553" machi="135" ten="40,12000,1" yaku="20,1,10,1,52,2,54,1" doraHai="57,99" who="0" fromWho="2" sc="300,142,261,0,469,-122,0,0" /><INIT seed="4,2,0,5,1,72" ten="442,261,347,0" oya="0" hai0="78,1,55,36,112,124,109,41,42,126,122,83,47" hai1="133,57,77,106,68,113,34,121,111,65,115,71,58" hai2="88,0,101,93,61,89,54,95,132,44,63,52,51" hai3=""/><T91/><N who="0" m="31264" /><T59/><D1/><U32/><N who="1" m="31008" /><U38/><E106/><V114/><F0/><T120/><N who="0" m="30752" /><T127/><D112/><N who="1" m="43083" /><E38/><V56/><F114/><T60/><D109/><U105/><E105/><V70/><F132/><T39/><D91/><U33/><E133/><V84/><F101/><T103/><D103/><U135/><E135/><V107/><F107/><T37/><D42/><U110/><E77/><V49/><REACH who="2" step="1"/><F70/><REACH who="2" ten="442,261,337,0" step="2"/><N who="1" m="26665" /><E65/><V85/><AGARI ba="2,1" hai="44,49,51,52,54,56,61,63,84,85,88,89,93,95" machi="85" ten="20,9000,2" yaku="1,1,0,1,7,1,9,1,8,1,54,2,53,0" doraHai="72" doraHaiUra="75" who="2" fromWho="2" sc="442,-62,261,-32,337,104,0,0" /><INIT seed="5,0,0,0,1,112" ten="380,229,441,0" oya="1" hai0="85,95,74,89,86,116,33,72,117,77,81,124,32" hai1="93,94,37,121,59,66,67,3,119,125,134,98,38" hai2="129,52,132,111,101,34,2,42,47,90,51,106,99" hai3=""/><U135/><N who="1" m="31008" /><U36/><E3/><V120/><N who="2" m="30752" /><V60/><F111/><T1/><D1/><U63/><E125/><V53/><F2/><T130/><D124/><U62/><E119/><N who="0" m="45641" /><D130/><U108/><E108/><V43/><F34/><AGARI ba="0,0" hai="32,33,34,72,74,77,81,85,86,89,95" m="45641" machi="34" ten="30,7700,0" yaku="12,1,52,3" doraHai="112" who="0" fromWho="2" sc="380,77,229,0,441,-77,0,0" /><INIT seed="6,0,0,1,2,128" ten="457,229,364,0" oya="2" hai0="108,120,97,130,89,135,102,48,72,73,83,63,50" hai1="81,125,85,38,134,46,1,122,69,61,58,67,98" hai2="36,116,119,99,52,34,129,132,40,90,57,2,118" hai3=""/><V0/><F34/><T95/><N who="0" m="30752" /><T117/><D117/><U124/><N who="1" m="31264" /><U106/><E1/><V60/><F129/><T41/><D135/><U68/><E106/><V55/><F132/><T79/><D108/><U35/><E98/><V86/><F99/><T65/><D130/><U121/><N who="1" m="31008" /><U114/><E35/><V94/><F40/><T92/><D41/><U59/><E134/><V133/><F36/><T39/><D39/><U56/><E81/><V64/><F133/><T104/><D73/><U123/><N who="1" m="31520" /><U77/><E77/><V131/><F131/><T100/><D95/><U43/><E85/><V105/><F105/><T78/><D78/><U53/><E69/><V74/><F74/><T71/><D102/><U93/><E93/><V107/><F107/><T103/><D100/><U3/><E3/><V110/><F110/><T96/><AGARI ba="0,0" hai="48,50,63,65,71,72,79,83,89,92,96,97,103,104" m="30752" machi="96" ten="20,2000,0" yaku="0,1,7,1,52,1" doraHai="128" who="0" fromWho="0" sc="457,20,229,-7,364,-13,0,0" owari="477,43.0,222,-38.0,351,-5.0,0,0.0" /></mjloggm>