<mjloggm ver="2.3"><GO type="169" lobby="0"/><UN n0="%E3%83%AD%E3%83%83%E3%82%BD" n1="%4C%4F%4E" n2="%E5%AE%9F%E5%AD%98" n3="%E3%82%AE%E3%82%AC%E3%83%9E%E3%82%A4%E3%83%B3" dan="17,16,17,16" rate="2171.47,2110.87,2165.22,2137.15" sx="F,M,M,M"/><TAIKYOKU oya="0"/><INIT seed="0,0,0,5,3,48" ten="250,250,250,250" oya="0" hai0="23,99,124,52,11,35,19,131,112,53,94,105,33" hai1="49,31,127,98,0,82,25,78,132,119,9,24,51" hai2="71,41,73,95,93,87,13,6,126,100,109,39,108" hai3="135,32,70,84,16,28,46,120,15,101,60,67,92"/><T129/><D112/><U4/><E119/><V66/><F73/><W58/><G135/><T47/><D105/><U110/><E110/><V89/><F66/><W116/><G116/><T69/><D69/><U122/><E122/><V130/><F71/><W27/><G120/><T62/><D11/><U5/><E132/><V17/><F6/><W111/><G111/><T90/><D124/><U134/><E4/><V30/><F126/><W77/><G70/><T65/><D65/><U57/><E134/><V1/><F1/><W44/><G77/><T45/><D35/><U29/><E98/><V117/><F117/><W12/><G12/><T79/><D79/><U115/><E115/><V55/><F130/><N who="0" m="49674" /><D33/><U107/><E107/><V86/><F109/><W72/><G72/><T91/><D91/><U125/><E125/><V40/><F100/><W64/><G64/><T76/><D76/><U14/><E0/><V114/><F114/><W43/><G101/><T81/><D81/><U128/><E127/><V102/><F102/><W123/><G123/><T56/><D53/><N who="1" m="31919" /><E128/><V106/><F106/><W22/><REACH who="3" step="1"/><G43/><REACH who="3" ten="250,250,250,240" step="2"/><T34/><D34/><U118/><E118/><V2/><F41/><W18/><G18/><T20/><D20/><U121/><E121/><V104/><F40/><W21/><G21/><T83/><D83/><U103/><E103/><V36/><F17/><W61/><G61/><T8/><D8/><U38/><E82/><V3/><F108/><W54/><G54/><T96/><D96/><U88/><E78/><V10/><F10/><W85/><G85/><T113/><D113/><RYUUKYOKU ba="0,1" sc="250,15,250,-15,250,-15,240,15" hai0="19,23,45,47,52,56,62,90,94,99" hai3="15,16,22,27,28,32,44,46,58,60,67,84,92" /><INIT seed="0,1,1,0,2,6" ten="265,235,235,255" oya="0" hai0="132,62,1,10,59,76,74,37,24,8,2,46,69" hai1="127,99,55,93,66,104,43,123,39,133,87,65,18" hai2="3,77,88,51,61,122,92,36,119,82,63,60,89" hai3="70,116,91,15,135,50,7,98,120,21,112,45,12"/><T129/><D69/><U107/><E123/><V22/><F36/><W11/><G116/><T94/><D94/><U71/><E133/><V109/><F122/><W114/><G120/><T67/><D132/><U54/><E127/><V17/><F119/><W108/><G70/><T106/><D106/><U80/><E107/><V118/><F118/><W58/><G108/><T30/><D129/><U103/><E104/><V72/><F109/><W35/><G35/><T38/><D76/><U124/><E124/><V134/><F134/><W34/><G34/><T19/><D74/><U111/><E111/><V56/><F3/><W13/><G58/><T95/><D95/><U100/><E100/><V113/><F113/><W130/><G135/><T102/><D102/><U16/><E43/><V64/><F51/><W128/><G91/><T23/><D38/><U44/><E44/><V117/><F89/><W32/><G32/><T26/><D2/><U53/><E39/><V49/><F49/><W0/><G21/><T131/><D1/><U47/><E47/><V28/><F28/><W29/><G29/><T83/><D83/><U20/><E71/><V33/><F33/><W96/><G114/><T25/><D131/><N who="3" m="50217" /><G112/><T85/><D85/><U41/><E41/><AGARI ba="1,1" hai="0,7,11,12,13,15,41,45,50,96,98" m="50217" machi="41" ten="30,2000,0" yaku="19,1,52,1" doraHai="6" who="3" fromWho="1" sc="265,0,235,-23,235,0,255,33" /><INIT seed="1,0,0,3,4,70" ten="265,212,235,288" oya="1" hai0="125,120,126,106,28,96,63,22,71,3,11,94,108" hai1="40,103,115,27,12,74,20,10,57,62,124,15,101" hai2="24,4,99,76,58,68,18,95,131,134,67,128,77" hai3="8,35,66,0,102,104,43,107,45,6,50,64,2"/><U51/><E115/><V92/><F68/><W130/><G35/><T86/><D106/><U111/><E74/><V127/><F4/><W89/><G0/><T7/><D86/><U80/><E124/><V33/><F127/><N who="0" m="48650" /><D108/><U118/><E118/><V110/><F110/><W55/><G130/><T116/><D116/><U46/><E111/><V36/><F134/><W129/><G129/><T82/><D82/><U78/><E12/><V121/><F121/><W41/><G89/><T23/><D28/><U85/><E27/><V109/><F109/><W60/><G66/><N who="0" m="41439" /><D120/><U65/><REACH who="1" step="1"/><E20/><REACH who="1" ten="265,202,235,288" step="2"/><V79/><F24/><W132/><G132/><T14/><D14/><U98/><E98/><V13/><F99/><W133/><G133/><T48/><D48/><U34/><E34/><V83/><F33/><W97/><G107/><T32/><D32/><U26/><E26/><V53/><F128/><W29/><G29/><T31/><D31/><U59/><E59/><AGARI ba="0,1" hai="2,6,8,41,43,45,50,55,59,60,64,97,102,104" machi="59" ten="30,1000,0" yaku="7,1" doraHai="70" who="3" fromWho="1" sc="265,0,202,-10,235,0,288,20" /><INIT seed="2,0,0,1,1,124" ten="265,192,235,308" oya="2" hai0="119,75,128,91,30,102,71,58,43,112,48,109,54" hai1="26,135,27,50,113,87,41,21,18,61,12,110,20" hai2="32,70,64,114,108,4,125,96,29,115,44,94,14" hai3="8,81,15,79,133,11,131,10,49,69,46,82,106"/><V6/><F125/><W122/><G106/><T76/><D112/><U17/><E113/><V0/><F0/><W88/><G122/><T22/><D71/><U42/><E110/><V37/><F108/><W59/><G69/><T57/><D109/><U97/><E135/><V1/><F1/><W78/><G133/><T132/><D132/><U19/><E61/><V121/><F121/><W83/><G59/><T5/><D5/><U62/><E62/><V84/><F70/><W40/><G131/><T134/><D91/><U111/><E111/><V116/><F116/><W38/><G38/><T35/><D43/><U77/><E97/><V117/><F117/><W130/><G130/><T24/><D35/><U95/><E50/><V31/><F32/><W104/><G104/><T80/><D102/><U2/><E2/><V74/><F74/><W23/><G88/><T28/><D28/><U73/><E73/><V105/><F105/><W52/><G40/><T103/><D103/><U66/><E66/><V129/><F129/><W36/><G36/><T120/><D120/><U99/><E87/><V92/><F37/><W55/><G55/><N who="0" m="31975" /><D128/><U60/><E60/><V7/><F115/><W72/><G72/><T33/><D33/><U16/><N who="1" m="4096" /><DORA hai="127" /><U107/><E107/><V123/><F123/><W118/><G118/><T101/><D119/><U39/><E39/><V13/><F114/><W85/><G85/><T25/><D134/><U89/><E77/><N who="3" m="29194" /><G23/><N who="1" m="8778" /><E12/><AGARI ba="0,0" hai="8,10,11,12,15,46,49,52,81,82,83" m="29194" machi="12" ten="40,2600,0" yaku="8,1,54,1" doraHai="124,127" who="3" fromWho="1" sc="265,0,192,-26,235,0,308,26" /><INIT seed="3,0,0,1,2,65" ten="265,166,235,334" oya="3" hai0="9,116,131,122,3,86,34,16,25,50,4,22,17" hai1="133,73,64,24,51,71,18,62,114,41,91,57,108" hai2="89,113,135,42,109,11,39,124,29,1,74,92,69" hai3="87,7,38,105,95,132,88,45,130,96,112,79,119"/><W12/><G119/><T8/><D116/><U30/><E73/><V101/><F113/><W123/><G112/><T102/><D122/><U115/><E108/><V98/><F109/><W100/><G123/><T107/><D131/><U52/><E133/><V117/><F117/><W99/><G132/><T81/><D34/><U94/><E18/><V47/><F124/><W46/><G130/><T40/><D107/><U56/><E56/><V93/><F74/><W127/><G127/><T118/><D118/><U126/><E41/><V2/><F135/><W14/><G38/><T0/><D102/><U72/><E72/><V70/><F29/><W49/><G46/><T76/><D17/><U125/><E125/><V59/><F59/><W110/><G7/><T82/><D81/><U15/><E15/><V60/><F60/><W134/><G110/><T6/><D50/><U121/><E121/><V84/><REACH who="2" step="1"/><F1/><REACH who="2" ten="265,166,225,334" step="2"/><W77/><G134/><T10/><D10/><U35/><REACH who="1" step="1"/><E126/><REACH who="1" ten="265,156,225,334" step="2"/><V58/><F58/><W21/><G12/><T67/><D67/><U48/><E48/><V37/><F37/><W83/><G14/><T53/><D0/><U36/><E36/><V20/><F20/><W55/><REACH who="3" step="1"/><G21/><REACH who="3" ten="265,156,225,324" step="2"/><T44/><D3/><U129/><E129/><V61/><F61/><W75/><G75/><T106/><D22/><U31/><E31/><V103/><F103/><AGARI ba="0,3" hai="45,49,55,77,79,83,87,88,95,96,99,100,103,105" machi="103" ten="30,12000,1" yaku="1,1,7,1,54,1,53,2" doraHai="65" doraHaiUra="97" who="3" fromWho="2" sc="265,0,156,0,225,-120,324,150" /><INIT seed="3,1,0,4,3,132" ten="265,156,105,474" oya="3" hai0="28,69,12,31,133,8,112,78,74,86,125,51,77" hai1="135,53,22,109,13,88,103,72,55,62,106,16,48" hai2="14,2,128,41,50,121,123,0,99,129,30,102,66" hai3="23,79,5,111,6,130,90,1,61,43,114,75,25"/><W52/><G114/><T85/><D74/><U9/><E72/><V4/><F66/><W81/><G130/><N who="2" m="50281" /><F41/><W117/><G117/><T46/><D133/><U27/><E135/><V120/><F50/><W33/><G33/><T122/><D122/><U118/><E109/><V119/><F99/><W73/><G73/><T20/><D69/><U93/><E118/><V113/><F102/><W126/><G111/><T63/><D63/><U29/><E62/><V70/><F70/><W98/><G43/><T67/><D67/><U60/><E60/><V35/><F119/><W40/><G40/><T15/><D20/><U100/><E106/><V71/><F71/><W83/><G1/><N who="2" m="617" /><F113/><W10/><G10/><T92/><D8/><U47/><REACH who="1" step="1"/><E55/><REACH who="1" ten="265,146,105,474" step="2"/><V32/><F30/><W101/><G61/><T42/><D31/><U44/><E44/><V84/><F84/><AGARI ba="1,1" hai="9,13,16,22,27,29,47,48,53,84,88,93,100,103" machi="84" ten="30,12000,2" yaku="1,1,7,1,8,1,54,2,53,1" doraHai="132" doraHaiUra="82" who="1" fromWho="2" sc="265,0,146,133,105,-123,474,0" owari="265,-13.0,279,8.0,-18,-52.0,474,57.0" /></mjloggm>