<mjloggm ver="2.3"><GO type="169" lobby="0"/><UN n0="%63%6C%75%74%63%68%37%33" n1="%73%41%67%61%E3%81%95%E3%82%93" n2="%E3%83%8E%E3%82%AA%E3%83%81%E3%83%A3%E3%83%99%E3%82%B9" n3="%6D%61%74%6F%30%36%30%33" dan="17,16,16,18" rate="2169.77,2071.09,2094.89,2232.21" sx="M,M,M,M"/><TAIKYOKU oya="0"/><INIT seed="0,0,0,4,5,118" ten="250,250,250,250" oya="0" hai0="98,64,7,111,69,107,78,108,110,130,9,117,91" hai1="20,106,82,126,50,3,49,31,27,71,100,83,33" hai2="81,75,10,8,70,105,66,65,51,112,72,25,26" hai3="54,87,56,48,53,21,74,103,124,119,36,61,97"/><T90/><D117/><U34/><E3/><V95/><F105/><W62/><G74/><T125/><D125/><U60/><E126/><V129/><F95/><W135/><G36/><T24/><D130/><U101/><E20/><V28/><F51/><W94/><G119/><T109/><N who="0" m="28160" /><DORA hai="18" /><T133/><D133/><U63/><E31/><V55/><F81/><W40/><G124/><T76/><D24/><U52/><E27/><V42/><F42/><W122/><G135/><T43/><D43/><U92/><E92/><V73/><F73/><W121/><G87/><T6/><D64/><U67/><E67/><V85/><F85/><W84/><G84/><T114/><D69/><U4/><E4/><N who="0" m="1577" /><D9/><U47/><E47/><V57/><F57/><W12/><G40/><T102/><D114/><U134/><E134/><V127/><F127/><W19/><REACH who="3" step="1"/><G62/><REACH who="3" ten="250,250,250,240" step="2"/><T11/><D11/><U113/><E113/><V68/><F112/><W45/><AGARI ba="0,1" hai="12,19,21,45,48,53,54,56,61,94,97,103,121,122" machi="45" ten="30,16000,3" yaku="1,1,2,1,0,1,52,3,53,2" doraHai="118,18" doraHaiUra="14,16" who="3" fromWho="3" sc="250,-80,250,-40,250,-40,240,170" /><INIT seed="1,0,0,3,0,43" ten="170,210,210,410" oya="1" hai0="26,60,111,91,0,104,33,130,126,114,3,78,67" hai1="42,58,17,80,72,86,5,28,135,70,18,117,49" hai2="79,32,8,16,54,36,125,133,93,34,1,10,131" hai3="51,45,6,21,46,100,71,48,74,50,11,35,108"/><U82/><E117/><V40/><F125/><W123/><G35/><T9/><D126/><U41/><E70/><V103/><F131/><W22/><G71/><T119/><D130/><U47/><E135/><V89/><F103/><W55/><G74/><T81/><D119/><U121/><E121/><V15/><F79/><W85/><G123/><T7/><D91/><U14/><E28/><V63/><F133/><W94/><G108/><T69/><D111/><U102/><E102/><V132/><F132/><W97/><G85/><T38/><D114/><U24/><E24/><V120/><F120/><W83/><G83/><T13/><D13/><U12/><E5/><V110/><F110/><W109/><G109/><T44/><D104/><U68/><E68/><V129/><F129/><W27/><G27/><T92/><D92/><U105/><E105/><V29/><F29/><W84/><G84/><T99/><D99/><U112/><E112/><V23/><F40/><W52/><G50/><T25/><D3/><AGARI ba="0,0" hai="3,6,11,21,22,45,46,48,51,52,55,94,97,100" machi="3" ten="30,8000,1" yaku="7,1,9,1,52,2,54,1" doraHai="43" who="3" fromWho="0" sc="170,-80,210,0,210,0,410,80" /><INIT seed="2,0,0,0,3,48" ten="90,210,210,490" oya="2" hai0="82,45,105,84,66,23,57,33,61,78,106,130,90" hai1="120,116,8,97,26,18,31,62,70,71,49,58,10" hai2="114,123,37,91,126,42,85,1,30,9,59,99,43" hai3="88,0,77,12,24,5,38,39,17,21,109,7,25"/><V74/><F74/><W89/><G77/><T113/><D130/><U80/><E116/><V68/><F68/><W35/><G109/><T55/><D33/><U56/><E80/><V15/><F1/><W65/><G65/><T87/><D113/><U36/><E36/><N who="3" m="13866" /><G24/><T76/><D23/><U108/><E108/><V4/><F37/><W81/><G7/><T131/><D131/><U118/><E118/><V19/><F114/><W94/><G94/><T133/><D133/><U79/><E79/><V96/><F30/><N who="3" m="19919" /><G81/><T103/><D103/><U107/><E18/><V117/><F123/><W29/><G29/><T122/><D122/><U127/><E120/><V67/><F126/><W51/><G51/><T110/><D110/><U41/><E127/><V60/><F4/><W125/><G125/><T40/><D40/><N who="2" m="15402" /><F117/><W86/><G86/><T28/><D28/><U27/><E31/><V13/><F15/><W92/><G92/><AGARI ba="0,0" hai="9,13,19,59,60,67,85,91,92,96,99" m="15402" machi="92" ten="30,1500,0" yaku="8,1" doraHai="48" who="2" fromWho="3" sc="90,0,210,0,210,15,490,-15" /><INIT seed="2,1,0,2,1,54" ten="90,210,225,475" oya="2" hai0="66,45,20,8,53,60,101,105,28,25,79,11,74" hai1="61,47,40,125,94,85,84,6,134,111,88,49,118" hai2="18,22,44,110,104,72,37,130,55,46,31,63,116" hai3="83,51,52,57,59,19,33,71,30,81,29,2,39"/><V68/><F116/><W56/><G71/><T58/><D74/><U102/><E111/><V62/><F72/><W50/><G39/><T76/><D105/><U80/><E118/><V43/><F104/><W23/><G2/><T12/><D101/><U34/><E34/><V7/><F7/><W98/><G98/><T42/><D66/><U127/><E134/><V75/><F75/><W86/><G33/><T87/><D87/><U126/><E6/><V4/><F4/><W21/><G21/><T3/><D3/><U131/><E131/><V95/><F31/><N who="3" m="11787" /><G51/><T114/><D114/><U32/><E32/><V90/><F130/><W108/><G108/><T10/><REACH who="0" step="1"/><D12/><REACH who="0" ten="80,210,225,475" step="2"/><U69/><E102/><V119/><F110/><W65/><G65/><T124/><D124/><U132/><E132/><V0/><F0/><W89/><G83/><T112/><D112/><U64/><E84/><V106/><F106/><W115/><G115/><T1/><D1/><U109/><E109/><V120/><F119/><W77/><G77/><T48/><AGARI ba="1,1" hai="8,10,11,20,25,28,42,45,48,53,58,60,76,79" machi="48" ten="30,7900,0" yaku="1,1,0,1,8,1,52,1,53,0" doraHai="54" doraHaiUra="133" who="0" fromWho="0" sc="80,92,210,-21,225,-40,475,-21" /><INIT seed="3,0,0,1,2,121" ten="172,189,185,454" oya="3" hai0="33,56,71,72,83,118,40,41,31,43,130,36,80" hai1="6,78,93,106,0,35,27,126,120,24,76,132,127" hai2="66,122,124,84,26,123,77,39,68,58,134,82,54" hai3="86,13,69,23,15,8,42,4,89,92,50,53,63"/><W48/><G42/><T19/><D71/><U21/><E106/><V37/><F134/><W103/><G103/><T16/><D118/><U17/><E120/><N who="2" m="46123" /><F124/><N who="1" m="47657" /><E93/><V131/><F131/><W70/><G63/><T22/><D130/><U91/><E91/><V79/><F79/><N who="1" m="30249" /><E132/><V38/><F26/><W107/><G107/><T112/><D112/><U10/><E27/><V29/><F29/><W67/><G67/><T135/><D135/><U90/><E90/><V81/><F81/><N who="0" m="31306" /><D33/><AGARI ba="0,0" hai="0,6,10,17,21,24,33,35" m="30249,47657" machi="33" ten="30,1000,0" yaku="18,1" doraHai="121" who="1" fromWho="0" sc="172,-10,189,10,185,0,454,0" /><INIT seed="4,0,0,1,3,112" ten="162,199,185,454" oya="0" hai0="23,7,70,77,110,18,46,9,113,42,32,43,14" hai1="130,8,127,104,51,71,62,25,1,38,84,6,66" hai2="82,68,17,96,0,97,74,132,21,85,57,81,93" hai3="90,107,4,100,92,10,34,120,91,12,94,31,37"/><T72/><D113/><U135/><E135/><V78/><F68/><W5/><G37/><T39/><D70/><U41/><E130/><V33/><F0/><W125/><G125/><T3/><D43/><U20/><E127/><V111/><F33/><W65/><G65/><T95/><D95/><U35/><E84/><V40/><F40/><W114/><G114/><T64/><D64/><U69/><E71/><V89/><F132/><W56/><G120/><T134/><D134/><U50/><E104/><V129/><F129/><W44/><G44/><T121/><D121/><U54/><E35/><V108/><F57/><W45/><G45/><T16/><D18/><U24/><E50/><V131/><F97/><W15/><G56/><T26/><D110/><U53/><E54/><V55/><F55/><W105/><G100/><T117/><D117/><U83/><E83/><V19/><F19/><W30/><G34/><T52/><D52/><U133/><E133/><V101/><F131/><W63/><G10/><T2/><REACH who="0" step="1"/><D32/><REACH who="0" ten="152,199,185,454" step="2"/><U75/><E41/><V126/><F126/><W86/><G63/><T22/><D22/><U67/><E66/><V102/><F102/><W28/><G107/><T49/><D49/><U116/><E20/><V27/><AGARI ba="0,1" hai="17,21,27,74,78,81,82,85,89,93,96,101,108,111" machi="27" ten="20,1500,0" yaku="0,1,7,1" doraHai="112" who="2" fromWho="2" sc="152,-7,199,-4,185,25,454,-4" /><INIT seed="5,0,0,0,5,125" ten="145,195,210,450" oya="1" hai0="10,17,133,89,25,8,16,46,79,74,109,18,59" hai1="70,124,92,90,108,57,22,101,9,11,13,78,61" hai2="126,43,72,28,118,52,24,129,40,3,34,23,48" hai3="47,39,0,102,93,88,14,6,51,55,96,134,82"/><U105/><E70/><V62/><F118/><W107/><G0/><T115/><D109/><U49/><E124/><V41/><F72/><W4/><G134/><T132/><D74/><U97/><E78/><V27/><F3/><W69/><G69/><T38/><D79/><U127/><E127/><V81/><F81/><W12/><G39/><T19/><D59/><U21/><E108/><V106/><F106/><W117/><G117/><T58/><D58/><U103/><E11/><N who="0" m="4137" /><D89/><U84/><E103/><V75/><F75/><W114/><G114/><T5/><D46/><U120/><E49/><V33/><F62/><W66/><G66/><T36/><D115/><U91/><E90/><V50/><F50/><W122/><G122/><T73/><D73/><U44/><E44/><V100/><F100/><W20/><G107/><T87/><D87/><U77/><E77/><V94/><F94/><N who="3" m="58647" /><G82/><T95/><D95/><U119/><E119/><V2/><F2/><W54/><G54/><T64/><D64/><U76/><E76/><V65/><F65/><W1/><G1/><T29/><N who="0" m="4608" /><DORA hai="104" /><T30/><D25/><U63/><E120/><V112/><F112/><W98/><G55/><T32/><D32/><N who="2" m="12394" /><F27/><W116/><G116/><T111/><D111/><U35/><E35/><V99/><F99/><W15/><G47/><T121/><D121/><U128/><E63/><V123/><F123/><W37/><G37/><N who="0" m="14443" /><D5/><N who="3" m="2153" /><G51/><T131/><D30/><U83/><E105/><V26/><F26/><W80/><G80/><T130/><D29/><U60/><E83/><V135/><F126/><W113/><G113/><RYUUKYOKU ba="0,0" sc="145,15,195,-15,210,-15,450,15" hai0="130,131,132,133" hai3="12,14,15,20,88,93,98" /><INIT seed="6,1,0,5,0,20" ten="160,180,195,465" oya="2" hai0="99,118,94,32,104,102,97,105,125,124,110,13,69" hai1="79,115,23,108,22,76,126,96,53,59,82,25,112" hai2="33,14,74,81,93,106,80,55,21,77,10,109,130" hai3="122,2,83,45,15,52,50,103,6,73,28,58,111"/><V117/><F33/><W120/><G111/><T101/><D69/><U7/><E7/><V49/><F106/><N who="0" m="41066" /><D32/><U92/><E108/><V87/><F109/><W91/><G73/><T34/><D34/><U40/><E40/><V24/><F93/><W3/><G103/><N who="0" m="39435" /><D13/><U30/><E126/><N who="0" m="48745" /><D110/><U11/><E11/><V29/><F130/><W68/><G68/><T64/><D64/><U51/><E23/><V44/><F117/><W78/><G15/><T129/><D129/><U35/><E35/><V119/><F119/><W31/><G6/><T63/><D63/><U95/><E96/><N who="0" m="36937" /><D94/><U17/><E30/><V57/><F44/><W75/><G3/><T56/><D56/><U5/><E5/><V135/><F14/><W86/><G2/><T39/><D39/><U8/><E8/><V123/><F10/><W9/><G9/><T90/><D90/><U37/><E37/><V1/><F1/><W121/><G91/><T62/><D62/><U128/><E128/><V48/><F48/><W98/><G98/><T61/><D61/><U27/><E92/><V43/><F43/><W67/><G67/><T134/><D118/><U4/><E4/><V38/><F38/><W132/><G45/><T16/><D16/><U133/><E95/><V88/><REACH who="2" step="1"/><F135/><AGARI ba="1,0" hai="134,135" m="36937,48745,39435,41066" machi="135" ten="40,8000,1" yaku="28,2,18,1,34,2" doraHai="20" who="0" fromWho="2" sc="160,83,180,0,195,-83,465,0" /><INIT seed="7,0,0,2,5,6" ten="243,180,112,465" oya="3" hai0="75,48,17,47,68,133,89,69,4,18,103,27,97" hai1="40,1,16,104,134,106,15,79,33,10,3,129,84" hai2="72,119,0,122,113,91,9,87,56,116,78,99,30" hai3="28,126,88,54,50,24,125,31,43,51,44,92,35"/><W74/><G74/><T71/><D75/><U114/><E134/><V132/><F132/><W83/><G83/><T42/><D133/><U21/><E33/><V58/><F113/><W32/><G31/><T52/><D89/><U107/><E114/><V20/><F122/><W70/><G70/><T93/><D4/><U38/><E129/><V118/><F99/><W8/><G8/><T95/><D95/><U130/><E130/><V23/><F78/><W123/><G35/><T59/><REACH who="0" step="1"/><D27/><REACH who="0" ten="233,180,112,465" step="2"/><U124/><E104/><V60/><F72/><W98/><G123/><T102/><D102/><U22/><E106/><V64/><F58/><W13/><G24/><T90/><D90/><U5/><E107/><V49/><F49/><AGARI ba="0,1" hai="17,18,42,47,48,49,52,59,68,69,71,93,97,103" machi="49" ten="40,8000,1" yaku="1,1,54,1,53,2" doraHai="6" doraHaiUra="46" who="0" fromWho="2" sc="233,90,180,0,112,-80,465,0" owari="323,12.0,180,-22.0,32,-47.0,465,57.0" /></mjloggm>