<mjloggm ver="2.3"><GO type="169" lobby="0"/><UN n0="%E3%81%8D%E3%81%BF%E3%81%A9%E3%82%8A%E3%82%93" n1="%69%70%73%E6%88%A6%E5%A3%AB" n2="%E3%81%B5%E3%82%8A%E3%81%AA%E3%81%9F%CE%B1" n3="%40%6D%40" dan="17,16,16,16" rate="2197.27,2056.46,2051.01,2055.88" sx="F,M,M,M"/><TAIKYOKU oya="0"/><INIT seed="0,0,0,1,3,134" ten="250,250,250,250" oya="0" hai0="18,46,30,91,37,123,70,132,53,115,9,110,114" hai1="86,109,13,44,113,104,107,119,38,35,36,55,105" hai2="125,101,66,61,85,48,52,81,67,111,4,10,33" hai3="77,54,21,129,41,128,84,90,106,17,12,99,95"/><T72/><D123/><U121/><E121/><V45/><F111/><W15/><G41/><T78/><D132/><U42/><E119/><V23/><F33/><W118/><G118/><T94/><D70/><U96/><E109/><V116/><F101/><W3/><G3/><T130/><D130/><N who="3" m="50281" /><G54/><T79/><D110/><U57/><E35/><V26/><F116/><W93/><G106/><T50/><D37/><U11/><E38/><V20/><F125/><W62/><G62/><T25/><D72/><U24/><E24/><V126/><F126/><W0/><G0/><T22/><D114/><U89/><E96/><V117/><F117/><W75/><G75/><T88/><D115/><U56/><E113/><V65/><F61/><W14/><G77/><T19/><D91/><AGARI ba="0,0" hai="12,14,15,17,21,84,90,91,93,95,99" m="50281" machi="91" ten="30,1000,0" yaku="19,1" doraHai="134" who="3" fromWho="0" sc="250,-10,250,0,250,0,250,10" /><INIT seed="1,0,0,5,4,128" ten="240,250,250,260" oya="1" hai0="5,84,53,126,91,71,31,132,110,107,46,69,95" hai1="108,106,81,85,94,74,0,48,90,14,134,123,25" hai2="62,86,6,65,105,26,37,80,54,47,98,79,56" hai3="109,125,100,34,97,119,49,9,2,24,72,76,43"/><U55/><E0/><V122/><F122/><W92/><G109/><T63/><D110/><U68/><E123/><V73/><F6/><W64/><G125/><T111/><D111/><U1/><E1/><V58/><F37/><W133/><G64/><T42/><D107/><U45/><E106/><V89/><F47/><W66/><G66/><T116/><D116/><U18/><E68/><V77/><F26/><W16/><G119/><T38/><D31/><U7/><E108/><V115/><F115/><W33/><G2/><T129/><D129/><U20/><E74/><V61/><REACH who="2" step="1"/><F73/><REACH who="2" ten="240,250,240,260" step="2"/><W118/><G72/><T40/><D46/><U59/><E134/><V75/><F75/><W30/><G133/><T103/><D5/><U22/><E7/><V67/><F67/><W23/><G118/><T93/><D38/><U52/><E81/><V130/><F130/><W60/><G24/><T50/><D132/><U121/><E121/><V15/><F15/><W120/><G120/><T10/><D126/><U57/><REACH who="1" step="1"/><E55/><REACH who="1" ten="240,240,240,260" step="2"/><V4/><F4/><W41/><G41/><T127/><D42/><U124/><E124/><V27/><F27/><W112/><G43/><T88/><D40/><U8/><E8/><V21/><F21/><W113/><G23/><T12/><D127/><U83/><E83/><V101/><AGARI ba="0,2" hai="54,56,58,61,62,65,77,79,80,86,89,98,101,105" machi="101" ten="30,2000,0" yaku="1,1,0,1,53,0" doraHai="128" doraHaiUra="70" who="2" fromWho="2" sc="240,-5,240,-10,240,40,260,-5" /><INIT seed="2,0,0,1,5,91" ten="235,230,280,255" oya="2" hai0="97,66,9,55,54,132,128,21,84,47,40,57,41" hai1="81,105,108,111,45,93,96,10,11,25,67,48,32" hai2="100,28,135,17,107,12,60,38,64,69,22,15,35" hai3="109,59,51,7,110,24,92,102,126,95,78,124,62"/><V74/><F74/><W42/><G102/><T112/><D112/><U23/><E32/><V123/><F38/><W80/><G7/><T89/><D128/><U72/><E105/><V75/><F75/><N who="3" m="43103" /><G24/><T118/><D132/><U106/><E106/><V83/><F83/><W115/><G51/><T88/><D9/><U101/><E67/><V26/><F135/><W30/><G30/><T113/><D113/><U36/><E36/><V116/><F123/><W79/><G79/><T14/><D66/><U70/><E70/><V68/><F116/><W65/><G42/><T71/><D71/><U127/><E127/><N who="3" m="48682" /><G115/><T44/><D89/><U56/><E56/><V90/><F69/><W99/><G99/><T46/><D97/><U120/><E120/><V27/><F90/><W122/><G122/><T82/><D118/><U0/><E81/><V133/><F133/><W37/><G37/><T50/><D55/><U20/><E72/><V18/><REACH who="2" step="1"/><F17/><AGARI ba="0,0" hai="14,17,21,40,41,44,46,47,50,54,57,82,84,88" machi="17" ten="40,2600,0" yaku="8,1,54,1" doraHai="91" who="0" fromWho="2" sc="235,26,230,0,280,-26,255,0" /><INIT seed="3,0,0,5,4,125" ten="261,230,254,255" oya="3" hai0="132,50,64,51,71,41,25,29,40,110,63,85,24" hai1="54,83,48,45,133,14,44,74,61,2,80,33,112" hai2="81,87,95,57,15,28,0,116,134,49,115,68,43" hai3="39,1,36,108,31,92,4,60,52,135,123,103,131"/><W62/><G123/><T90/><D110/><U107/><E2/><V86/><F0/><W55/><G135/><T56/><D132/><U42/><E112/><V127/><F68/><W72/><G72/><T10/><D10/><U47/><E133/><V69/><F69/><W99/><G31/><T101/><D101/><U65/><E107/><V91/><F134/><W104/><G108/><T16/><D24/><U58/><E33/><V128/><F127/><W11/><G131/><T119/><D119/><U117/><E117/><V82/><F115/><W75/><G75/><T53/><D51/><N who="1" m="27031" /><E74/><V118/><F28/><W34/><G34/><T27/><D27/><U98/><E98/><V100/><F15/><W17/><G17/><T18/><D41/><U38/><E14/><V37/><F37/><W106/><G39/><T46/><D40/><N who="1" m="22679" /><E83/><V93/><F100/><W129/><G36/><T84/><D71/><N who="1" m="42415" /><E80/><V88/><F43/><W67/><G129/><T8/><D8/><U20/><E20/><V77/><F128/><W109/><G109/><T30/><D85/><U124/><E124/><V26/><F26/><W73/><G73/><T12/><D12/><U19/><E19/><N who="0" m="7209" /><D25/><U113/><E113/><V70/><F77/><W122/><G106/><T23/><D23/><U89/><E89/><V97/><F116/><W78/><G78/><T76/><D76/><U3/><E3/><V105/><F118/><W5/><G104/><T121/><D121/><U102/><E102/><N who="2" m="62671" /><F70/><W126/><G122/><T79/><D79/><U32/><E32/><V21/><F21/><W114/><G126/><RYUUKYOKU ba="0,0" sc="261,10,230,10,254,10,255,-30" hai0="29,30,46,50,53,56,63,64,84,90" hai1="47,48,54,58" hai2="49,57,81,82,86,87,88,91,93,95" /><INIT seed="4,1,0,2,1,43" ten="271,240,264,225" oya="0" hai0="20,14,95,69,84,71,126,0,134,42,38,98,96" hai1="88,90,36,7,81,39,23,28,27,41,125,24,57" hai2="59,97,78,40,64,31,77,121,70,116,55,82,1" hai3="16,50,119,10,104,128,86,73,53,129,117,103,75"/><T102/><D0/><U4/><E125/><V17/><F1/><W133/><G86/><T26/><D134/><U92/><E39/><V118/><F31/><W113/><G113/><T112/><D112/><U111/><E111/><V22/><F40/><W131/><G133/><T34/><D34/><U89/><E92/><V72/><F78/><W101/><G10/><T79/><D14/><U21/><E57/><V2/><F2/><W5/><G5/><T94/><D84/><U110/><E110/><V123/><F97/><W107/><G16/><T66/><D66/><U108/><E108/><V32/><F32/><W63/><G63/><T44/><D79/><U15/><E15/><N who="2" m="9535" /><F64/><W68/><G68/><T135/><D126/><U9/><E81/><V65/><F65/><W46/><G104/><T60/><D60/><U76/><E76/><V91/><F91/><W49/><G49/><T11/><D11/><U85/><E85/><V114/><F70/><W45/><G107/><T105/><D105/><U6/><E9/><V19/><F19/><W115/><G115/><T58/><D58/><U51/><E36/><V109/><F109/><W87/><G87/><T74/><D74/><U122/><E122/><N who="2" m="46603" /><F114/><W29/><G29/><T56/><D135/><U124/><E124/><V52/><F59/><N who="3" m="33207" /><G75/><T61/><D56/><U13/><E13/><V130/><F130/><W35/><G73/><T54/><D61/><U30/><E7/><V127/><F127/><W120/><G120/><T132/><D132/><U67/><E67/><V48/><F48/><W8/><G129/><T99/><D71/><RYUUKYOKU ba="1,0" sc="271,-15,240,15,264,15,225,-15" hai1="4,6,21,23,24,27,28,30,41,51,88,89,90" hai2="52,55,72,77,82,116,118" /><INIT seed="5,2,0,0,4,45" ten="256,255,279,210" oya="1" hai0="120,86,22,116,75,121,100,72,58,66,16,34,123" hai1="26,99,62,10,93,133,83,56,1,90,25,28,44" hai2="129,48,96,124,37,107,112,91,38,71,108,101,130" hai3="64,89,113,33,63,88,114,32,122,23,24,49,57"/><U106/><E133/><V13/><F108/><W109/><G122/><T4/><D116/><U6/><E106/><V53/><F71/><W111/><G111/><T21/><D34/><U29/><E44/><N who="2" m="27783" /><F124/><W78/><G78/><T65/><D4/><U42/><E42/><V74/><F74/><W17/><G109/><T135/><D135/><U0/><E0/><V40/><F40/><W81/><G49/><T94/><D22/><U76/><E29/><V128/><F112/><N who="3" m="43115" /><G81/><T98/><D86/><U73/><REACH who="1" step="1"/><E28/><REACH who="1" ten="256,245,279,210" step="2"/><V31/><F31/><W52/><G64/><AGARI ba="2,1" hai="1,6,10,25,26,56,62,64,73,76,83,90,93,99" machi="64" ten="30,11600,0" yaku="1,1,2,1,7,1,53,1" doraHai="45" doraHaiUra="95" who="1" fromWho="3" sc="256,0,245,132,279,0,210,-122" /><INIT seed="5,3,0,3,0,1" ten="256,377,279,88" oya="1" hai0="126,133,13,38,10,78,105,27,50,17,117,62,93" hai1="119,67,21,127,26,109,68,59,80,57,51,6,103" hai2="101,30,84,49,112,52,23,108,34,110,33,46,70" hai3="9,19,82,11,7,69,130,8,106,14,0,43,44"/><U123/><E123/><V97/><F70/><W73/><G69/><T124/><D117/><U132/><E119/><V3/><F3/><W77/><G106/><T55/><D38/><U2/><E109/><V85/><F34/><W32/><G32/><T29/><D105/><U102/><E127/><V61/><F33/><W96/><G96/><T90/><D78/><U79/><E132/><V92/><F112/><W65/><G65/><T111/><D111/><U66/><E68/><V12/><F61/><W125/><G125/><T5/><D62/><U42/><E2/><V134/><F134/><W88/><G130/><T56/><D133/><U60/><E6/><V75/><F75/><W131/><G131/><T37/><D37/><U86/><E66/><V58/><F108/><W83/><G83/><T121/><D121/><U87/><E87/><N who="2" m="33355" /><F110/><W28/><G28/><T135/><D135/><U22/><E22/><V4/><F30/><W74/><G74/><T35/><D17/><N who="1" m="12591" /><E59/><V81/><F81/><W47/><G9/><T20/><D35/><U116/><E116/><V99/><F99/><W36/><REACH who="3" step="1"/><G44/><AGARI ba="3,0" hai="42,44,51,57,60,67,79,80,86,102,103" m="12591" machi="44" ten="30,1500,0" yaku="8,1" doraHai="1" who="1" fromWho="3" sc="256,0,377,24,279,0,88,-24" /><INIT seed="5,4,0,4,5,75" ten="256,401,279,64" oya="1" hai0="131,109,113,58,124,94,78,22,50,45,55,120,102" hai1="6,119,121,26,60,66,114,49,17,44,5,36,117" hai2="98,93,16,69,38,87,135,67,62,88,21,84,85" hai3="57,41,103,64,76,19,24,118,99,35,32,33,112"/><U81/><E36/><V127/><F38/><W4/><G112/><T65/><D109/><U46/><E121/><V34/><F34/><W68/><G118/><T52/><D113/><U133/><E114/><V130/><F135/><W95/><G4/><T7/><D131/><U115/><E115/><V59/><F130/><W74/><G68/><T48/><D7/><U96/><E133/><V122/><F127/><W129/><G129/><T79/><D65/><U10/><E46/><V63/><F122/><W123/><G123/><T72/><D72/><U3/><E5/><V111/><F111/><W42/><G19/><T73/><D73/><U108/><E108/><V13/><REACH who="2" step="1"/><F98/><REACH who="2" ten="256,401,269,64" step="2"/><W82/><REACH who="3" step="1"/><G24/><REACH who="3" ten="256,401,269,54" step="2"/><T92/><D120/><U9/><E117/><V51/><F51/><W30/><G30/><T110/><D110/><U101/><E119/><V8/><F8/><W15/><G15/><T90/><D124/><U39/><E39/><V83/><F83/><W80/><G80/><T23/><D50/><U37/><E37/><V1/><F1/><W116/><G116/><T2/><D2/><U126/><E81/><V40/><F40/><W107/><G107/><T20/><D48/><U125/><E125/><V132/><F132/><W71/><G71/><T86/><D94/><N who="1" m="58519" /><E126/><V18/><F18/><W47/><G47/><T11/><D45/><U56/><E26/><V100/><F100/><W91/><G91/><T43/><D102/><U89/><E89/><V0/><F0/><W105/><G105/><T14/><D43/><N who="1" m="24735" /><E17/><V97/><F97/><W106/><G106/><T28/><D90/><RYUUKYOKU ba="4,2" sc="256,-30,401,10,269,10,54,10" hai1="3,6,9,10,56,60,66" hai2="13,16,21,59,62,63,67,69,84,85,87,88,93" hai3="32,33,35,41,42,57,64,74,76,82,95,99,103" /><INIT seed="5,5,2,2,1,55" ten="226,411,279,64" oya="1" hai0="72,107,28,1,110,14,135,70,17,20,127,83,129" hai1="80,101,44,133,78,71,2,59,37,91,39,18,27" hai2="89,112,96,0,124,8,117,46,90,19,21,119,12" hai3="67,16,38,88,13,41,34,99,130,79,120,66,111"/><U123/><E123/><V87/><F124/><W22/><G111/><T47/><D110/><U9/><E71/><V4/><F112/><W94/><G130/><T132/><D107/><U43/><E101/><V31/><F31/><W53/><G120/><T57/><D70/><U25/><E91/><V81/><F96/><W86/><G34/><T36/><D1/><U77/><E39/><V97/><F97/><W118/><G118/><T33/><D129/><U6/><E78/><V60/><F46/><W74/><G74/><T26/><D127/><U108/><E133/><V45/><F45/><W51/><G41/><T84/><D72/><N who="1" m="43047" /><E108/><V85/><REACH who="2" step="1"/><F60/><REACH who="2" ten="226,411,269,64" step="2"/><W68/><G38/><T82/><D47/><U52/><E18/><V105/><F105/><W30/><G30/><T10/><D36/><U128/><E128/><V102/><F102/><W95/><G68/><T92/><D33/><U29/><E29/><V58/><F58/><N who="3" m="33087" /><G79/><T11/><D57/><U104/><E104/><V122/><F122/><W69/><G69/><T76/><D132/><U54/><E54/><V48/><F48/><AGARI ba="5,3" hai="2,6,9,25,27,37,43,44,48,52,59" m="43047" machi="48" ten="30,5800,0" yaku="25,1,52,1,54,1" doraHai="55" who="1" fromWho="2" sc="226,0,411,103,269,-73,64,0" /><INIT seed="5,6,0,1,0,3" ten="226,514,196,64" oya="1" hai0="106,113,35,15,89,85,102,119,21,58,92,33,57" hai1="83,27,134,79,121,86,78,59,6,76,28,65,55" hai2="52,23,130,5,51,12,120,4,84,90,108,49,53" hai3="109,98,36,50,19,32,116,68,20,54,96,13,67"/><U118/><E121/><V71/><F71/><W37/><G109/><T72/><D119/><U82/><E118/><V16/><F120/><W1/><G1/><T128/><D113/><U18/><E134/><V95/><F130/><W104/><G32/><T103/><D72/><U133/><E65/><V44/><F108/><W61/><G116/><T87/><D106/><U0/><E18/><V132/><F132/><W8/><G20/><T47/><D47/><AGARI ba="6,0" hai="4,5,12,16,23,44,47,49,51,52,53,84,90,95" machi="47" ten="30,12000,2" yaku="7,1,9,1,8,1,52,2,54,2" doraHai="3" who="2" fromWho="0" sc="226,-138,514,0,196,138,64,0" /><INIT seed="6,0,0,1,0,3" ten="88,514,334,64" oya="2" hai0="81,68,89,85,132,49,34,4,29,94,107,127,106" hai1="125,123,67,130,50,25,84,48,15,121,41,126,97" hai2="118,32,102,88,6,124,62,5,112,111,58,19,33" hai3="135,16,74,52,1,61,42,75,109,10,134,18,93"/><V119/><F112/><W105/><G105/><T22/><D68/><U11/><E67/><V36/><F36/><W99/><G109/><T40/><D34/><U80/><E25/><V8/><F102/><W96/><G42/><T64/><D64/><U71/><E97/><V120/><F120/><N who="1" m="46153" /><E71/><V39/><F39/><W30/><G30/><T69/><D4/><N who="2" m="1642" /><F88/><N who="3" m="55335" /><G99/><T27/><D89/><N who="1" m="51335" /><E130/><V108/><F124/><N who="1" m="47721" /><E41/><V104/><F104/><W122/><G122/><T7/><D40/><U115/><E115/><V21/><F8/><W31/><G31/><T83/><D69/><U114/><E114/><V60/><F60/><W77/><G1/><T53/><D29/><U38/><E38/><V66/><F33/><W35/><G35/><T45/><D106/><U129/><E129/><V46/><F32/><W133/><G77/><T51/><D107/><U26/><E26/><N who="2" m="14655" /><F46/><W72/><G10/><T79/><D45/><U2/><E2/><V54/><F66/><W90/><G90/><T76/><D79/><U98/><E98/><V70/><F70/><W95/><G95/><T47/><D94/><U56/><E11/><V116/><F116/><W87/><G87/><T117/><D85/><U20/><E20/><V37/><F37/><W86/><G86/><T65/><D22/><U12/><E50/><V0/><F0/><W82/><G82/><T100/><D81/><U28/><E28/><V128/><F128/><W131/><G131/><T91/><D117/><U110/><E48/><V92/><F92/><W17/><G75/><N who="0" m="43423" /><D51/><U101/><E101/><V43/><F43/><W59/><AGARI ba="0,0" hai="16,17,18,52,59,61,72,74,133,134,135" m="55335" machi="59" ten="40,8000,1" yaku="5,1,20,1,54,3" doraHai="3" who="3" fromWho="3" sc="88,-20,514,-20,334,-40,64,80" /><INIT seed="7,0,0,1,4,131" ten="68,494,294,144" oya="3" hai0="52,121,51,135,105,93,70,58,65,83,34,98,14" hai1="56,75,25,53,103,68,32,69,76,17,126,90,59" hai2="123,127,119,23,6,39,63,86,29,133,41,99,129" hai3="106,80,117,113,61,48,0,88,24,57,26,27,2"/><W35/><G113/><T64/><D121/><U95/><E103/><V47/><F119/><W71/><G35/><T96/><D34/><U132/><E126/><V20/><F127/><W36/><G36/><T45/><D70/><U30/><E59/><V31/><F6/><W118/><G106/><T55/><D83/><U33/><E33/><V74/><F74/><W43/><G71/><T21/><D105/><U3/><E3/><V46/><F129/><W114/><G114/><T124/><D124/><U62/><E76/><V108/><F99/><W67/><G118/><T89/><D98/><U134/><E75/><V94/><F94/><W97/><G117/><T81/><D81/><U125/><E125/><V38/><F63/><W7/><G7/><T84/><D96/><N who="1" m="57463" /><E17/><V22/><F108/><W66/><G66/><T49/><D135/><AGARI ba="0,0" hai="25,30,32,53,56,62,68,69,132,134,135" m="57463" machi="135" ten="30,7700,0" yaku="20,1,52,3" doraHai="131" who="1" fromWho="0" sc="68,-77,494,77,294,0,144,0" owari="-9,-51.0,571,68.0,294,9.0,144,-26.0" /></mjloggm>