<mjloggm ver="2.3"><GO type="169" lobby="0"/><UN n0="%E4%B8%BB%E5%B8%AD" n1="%E9%81%8A%E8%B5%B0" n2="%E3%82%88%E3%81%93%40%63" n3="%42%41%4E%44%49%54" dan="16,17,17,16" rate="2143.59,2167.25,2145.54,2155.05" sx="M,M,F,M"/><TAIKYOKU oya="0"/><INIT seed="0,0,0,5,0,122" ten="250,250,250,250" oya="0" hai0="85,78,47,104,98,55,5,126,113,127,135,111,131" hai1="1,26,101,63,28,10,36,72,73,105,25,133,16" hai2="9,38,42,106,58,82,75,3,125,115,70,120,76" hai3="112,95,41,100,93,19,32,23,46,18,84,81,86"/><T121/><D121/><U92/><E133/><V57/><F120/><W130/><G32/><T53/><D135/><U68/><E36/><V79/><F79/><W89/><G112/><T39/><D113/><U45/><E45/><N who="2" m="23767" /><F70/><W109/><G130/><T65/><D65/><N who="1" m="41023" /><E92/><V64/><F64/><W37/><G109/><T107/><D131/><U71/><E71/><V35/><F115/><W110/><G110/><T20/><D111/><U56/><E56/><V118/><F118/><W90/><G100/><T4/><D20/><N who="1" m="13447" /><E10/><V128/><F35/><W0/><G0/><T60/><D78/><U67/><E67/><V74/><F74/><W91/><REACH who="3" step="1"/><G23/><REACH who="3" ten="250,250,250,240" step="2"/><T97/><D127/><U33/><E1/><V103/><F125/><W117/><G117/><T59/><D126/><U2/><E2/><V94/><F128/><W15/><G15/><T31/><D107/><U80/><E80/><V69/><F106/><W77/><G77/><T116/><D104/><U50/><E105/><V29/><F103/><W83/><G83/><T6/><D116/><U96/><E101/><V129/><F129/><W30/><G30/><T88/><D31/><U54/><E96/><AGARI ba="0,1" hai="18,19,37,41,46,81,84,86,89,90,91,93,95,96" machi="96" ten="30,2000,0" yaku="1,1,7,1,53,0" doraHai="122" doraHaiUra="114" who="3" fromWho="1" sc="250,0,250,-20,250,0,240,30" /><INIT seed="1,0,0,2,5,20" ten="250,230,250,270" oya="1" hai0="126,78,34,74,1,123,122,130,56,101,50,102,62" hai1="2,33,53,84,22,117,116,108,68,92,30,21,105" hai2="65,10,9,29,127,17,73,75,118,132,76,98,96" hai3="103,113,133,70,4,114,6,71,52,89,115,59,129"/><U26/><E105/><V135/><F65/><W99/><G133/><T120/><D1/><U60/><E108/><V57/><F29/><W110/><G110/><T91/><D130/><U124/><E124/><V121/><F57/><W63/><G129/><T93/><D126/><U97/><E84/><V31/><F31/><W45/><G89/><T25/><D50/><U19/><E2/><V107/><F17/><W111/><G111/><T81/><D34/><U61/><E33/><V39/><F39/><W23/><G45/><T46/><D46/><U58/><E61/><V11/><F127/><W44/><G44/><T95/><D25/><N who="1" m="14527" /><E68/><V24/><F24/><W79/><G79/><T72/><D72/><N who="2" m="27722" /><F76/><W83/><G23/><T128/><D128/><U54/><E54/><V38/><F38/><W51/><G63/><T28/><D28/><U86/><E86/><V40/><F40/><W15/><G71/><T12/><D12/><U35/><E35/><V119/><F107/><W27/><G70/><T88/><D62/><U69/><E69/><V42/><F42/><W55/><G55/><T100/><D56/><U64/><E64/><V0/><F0/><W47/><G59/><T16/><D16/><U43/><E43/><V3/><F3/><W8/><G4/><T36/><D36/><U87/><E87/><V131/><F131/><W77/><G27/><T41/><D41/><U90/><AGARI ba="0,0" hai="22,26,30,53,58,60,90,92,97,116,117" m="14527" machi="90" ten="30,6000,0" yaku="25,1,52,2" doraHai="20" who="1" fromWho="1" sc="250,-20,230,60,250,-20,270,-20" /><INIT seed="1,1,0,2,1,71" ten="230,290,230,250" oya="1" hai0="65,110,73,85,90,13,103,5,116,100,86,32,127" hai1="123,92,126,81,39,74,4,109,27,33,132,58,28" hai2="115,55,57,26,15,37,61,93,107,10,44,105,87" hai3="78,24,22,49,75,8,43,98,14,53,31,23,82"/><U47/><E123/><V135/><F115/><W2/><G2/><T77/><D116/><U59/><E132/><V17/><F135/><W62/><G43/><T94/><D32/><U63/><E126/><V18/><F26/><W121/><G121/><T97/><D65/><U91/><E109/><V84/><F18/><W69/><G98/><N who="0" m="59479" /><D13/><U3/><E4/><V130/><F130/><W0/><G0/><T11/><D11/><U29/><E29/><V117/><F117/><W119/><G119/><T114/><D5/><U56/><E3/><V108/><F108/><W46/><G23/><T133/><D110/><U89/><E63/><V1/><F1/><W96/><G96/><T120/><D133/><U40/><REACH who="1" step="1"/><E92/><REACH who="1" ten="230,280,230,250" step="2"/><V48/><F93/><W68/><G62/><T79/><D120/><U106/><E106/><V125/><F125/><W42/><G42/><T104/><D127/><U38/><E38/><V6/><F37/><W122/><G122/><T60/><D60/><U83/><E83/><V131/><F131/><W64/><G64/><T45/><D114/><U16/><E16/><AGARI ba="1,1" hai="8,14,16,22,24,31,46,49,53,68,69,75,78,82" machi="16" ten="30,2000,0" yaku="7,1,54,1" doraHai="71" who="3" fromWho="1" sc="230,0,280,-23,230,0,250,33" /><INIT seed="2,0,0,2,1,40" ten="230,257,230,283" oya="2" hai0="127,87,56,0,108,29,128,92,103,49,61,130,65" hai1="89,80,71,4,45,53,99,51,58,123,120,133,96" hai2="55,28,30,12,111,109,13,17,118,134,94,8,86" hai3="57,54,70,101,135,82,95,16,14,33,26,3,5"/><V107/><F107/><W64/><G135/><T41/><D0/><U104/><E71/><V73/><F73/><W7/><G82/><T63/><D127/><U10/><E133/><V126/><F134/><W98/><G3/><T31/><D108/><N who="2" m="41546" /><F118/><W83/><G70/><T24/><D63/><U113/><E113/><V25/><F25/><W117/><G117/><T60/><D60/><U38/><E104/><V19/><F55/><W6/><G64/><T97/><D87/><N who="1" m="50407" /><E38/><V44/><F126/><W110/><G110/><T20/><D31/><N who="2" m="11818" /><F86/><W125/><G125/><T66/><D66/><U27/><E27/><V122/><F94/><W78/><G33/><T22/><D22/><U85/><E85/><V32/><F32/><W116/><G116/><T75/><D75/><U48/><E123/><V9/><F44/><AGARI ba="0,0" hai="20,24,29,41,44,49,56,61,65,92,97,103,128,130" machi="44" ten="40,5200,0" yaku="25,2,52,1" doraHai="40" who="0" fromWho="2" sc="230,52,257,0,230,-52,283,0" /><INIT seed="3,0,0,3,1,27" ten="282,257,178,283" oya="3" hai0="72,53,1,111,131,77,84,130,10,73,35,20,93" hai1="47,70,57,110,97,22,63,36,68,45,114,134,49" hai2="2,48,0,118,128,135,83,85,67,39,122,34,32" hai3="24,124,95,8,75,69,6,11,62,66,17,96,58"/><W117/><G117/><T120/><D120/><U40/><E22/><V29/><F118/><W86/><G75/><T81/><D35/><U102/><E110/><V16/><F39/><W108/><G108/><T56/><D111/><U37/><E97/><V80/><F122/><W106/><G124/><T42/><D42/><N who="1" m="22735" /><E102/><V9/><F67/><W44/><G69/><N who="1" m="26730" /><E114/><V125/><F125/><W123/><G123/><T112/><D112/><U33/><E33/><V79/><F135/><W15/><G106/><T126/><D126/><U5/><E5/><V14/><F128/><N who="0" m="49194" /><D93/><U133/><E49/><V76/><F48/><W115/><G115/><T4/><D20/><U107/><E107/><V18/><F18/><W71/><G86/><T28/><D28/><U101/><E101/><V43/><F43/><W113/><G113/><T103/><D103/><U51/><E36/><V52/><F52/><AGARI ba="0,0" hai="40,47,51,52,57,63,133,134" m="26730,22735" machi="52" ten="30,3900,0" yaku="34,2,54,1" doraHai="27" who="1" fromWho="2" sc="282,0,257,39,178,-39,283,0" /><INIT seed="4,0,0,1,4,13" ten="282,296,139,283" oya="0" hai0="25,29,54,17,10,27,118,39,46,134,56,76,126" hai1="65,48,72,110,22,94,123,125,52,21,82,1,98" hai2="100,92,70,101,19,30,107,61,4,45,18,121,99" hai3="103,68,113,43,88,133,37,33,47,84,12,42,97"/><T69/><D118/><U122/><E110/><V102/><F121/><W131/><G33/><T41/><D69/><U124/><E1/><V44/><F107/><W86/><G113/><T95/><D134/><U85/><E65/><V108/><F108/><W130/><G133/><T50/><D126/><N who="1" m="48747" /><E72/><V83/><F4/><W14/><G68/><T0/><D76/><N who="1" m="46279" /><E21/><V81/><F30/><W8/><G43/><T90/><D29/><U40/><E22/><V57/><F70/><W32/><G32/><T26/><D0/><U62/><E62/><V67/><F100/><W24/><G24/><T75/><D75/><U59/><E40/><V60/><F60/><W11/><G14/><T38/><D38/><U64/><E64/><V80/><F102/><AGARI ba="0,0" hai="48,52,59,94,98,102,122,123" m="46279,48747" machi="102" ten="30,2000,0" yaku="18,1,54,1" doraHai="13" who="1" fromWho="2" sc="282,0,296,20,139,-20,283,0" /><INIT seed="5,0,0,1,2,19" ten="282,316,119,283" oya="1" hai0="72,69,88,118,48,127,78,5,117,77,131,115,27" hai1="124,107,10,12,67,9,37,135,36,98,116,39,31" hai2="4,65,42,29,123,52,103,34,2,133,92,66,54" hai3="109,120,76,81,108,56,101,125,28,55,93,20,87"/><U91/><E116/><V38/><F133/><W99/><G120/><T24/><D69/><U22/><E135/><V89/><F123/><W21/><G125/><T1/><D127/><U90/><E124/><V50/><F103/><W129/><G129/><T95/><D131/><U44/><E44/><V57/><F2/><W68/><G68/><T61/><D115/><U53/><E53/><V45/><F4/><W121/><G121/><T46/><D61/><U26/><E67/><V86/><F34/><W23/><REACH who="3" step="1"/><G28/><REACH who="3" ten="282,316,119,273" step="2"/><T40/><D118/><U119/><E119/><V62/><REACH who="2" step="1"/><F29/><REACH who="2" ten="282,316,109,273" step="2"/><W73/><G73/><T3/><D72/><U51/><E31/><V112/><F112/><W11/><G11/><T32/><D117/><U43/><E9/><V60/><F60/><AGARI ba="0,2" hai="20,21,23,55,56,60,76,81,87,93,99,101,108,109" machi="60" ten="40,8000,1" yaku="1,1,52,3,53,0" doraHai="19" doraHaiUra="15" who="3" fromWho="2" sc="282,0,316,0,109,-80,273,100" /><INIT seed="6,0,0,1,3,23" ten="282,316,29,373" oya="2" hai0="115,7,64,93,43,103,31,112,46,96,75,40,116" hai1="38,91,121,47,48,28,90,12,122,39,45,125,24" hai2="119,124,52,100,128,71,53,35,126,3,44,98,92" hai3="15,110,79,61,109,73,2,36,11,30,134,1,27"/><V111/><F3/><W55/><G36/><N who="1" m="13866" /><E12/><V8/><F119/><W78/><G134/><T6/><D75/><U132/><E132/><V77/><F71/><W41/><G41/><N who="0" m="15947" /><D116/><U58/><E58/><V107/><F111/><W57/><G1/><T22/><D64/><U105/><E105/><V21/><F128/><W13/><G2/><T54/><D115/><U34/><E125/><N who="2" m="48235" /><F35/><W127/><G127/><T104/><D104/><U29/><E29/><V95/><F77/><W68/><G68/><T65/><D65/><U56/><E56/><V85/><F8/><W80/><G79/><T117/><D117/><U69/><E69/><V20/><F107/><W130/><G15/><T18/><D31/><U129/><E129/><V10/><F10/><W86/><G73/><T66/><D112/><U9/><E9/><V74/><F74/><W106/><G106/><T88/><D66/><U5/><E5/><V97/><F85/><W14/><G130/><T118/><D118/><U101/><E101/><N who="2" m="60583" /><F53/><W32/><G11/><T60/><D103/><U81/><E91/><V133/><F133/><W82/><G110/><T72/><D72/><U4/><E4/><V131/><F131/><W16/><G109/><T19/><D6/><U83/><E90/><V114/><F114/><W50/><G78/><T94/><D7/><U76/><E76/><V108/><F108/><W87/><G32/><T89/><D89/><U84/><E84/><V99/><F99/><W120/><G87/><T62/><D94/><U67/><E67/><V42/><F42/><W59/><G86/><T70/><D96/><RYUUKYOKU ba="0,0" sc="282,-10,316,-10,29,30,373,-10" hai2="20,21,44,52,95,98,100" /><INIT seed="6,1,0,3,3,35" ten="272,306,59,363" oya="2" hai0="134,74,18,89,100,59,110,7,129,64,67,105,47" hai1="77,63,68,10,102,11,98,3,46,117,37,132,91" hai2="28,53,113,31,51,24,130,52,48,81,106,0,45" hai3="66,85,36,69,94,90,103,99,125,108,115,20,109"/><V83/><F113/><W8/><G36/><T87/><D110/><U119/><E91/><V126/><F106/><W133/><G125/><T61/><D74/><U34/><E132/><V122/><F126/><W135/><G115/><T114/><D114/><U121/><E121/><V12/><F12/><W65/><G20/><T25/><D134/><N who="3" m="51209" /><G8/><T1/><D129/><U5/><E77/><V73/><F122/><W22/><G22/><N who="0" m="13527" /><D1/><U78/><E78/><V58/><F0/><W60/><G65/><N who="0" m="39103" /><D105/><AGARI ba="1,0" hai="60,66,69,85,90,94,99,103,105,108,109" m="51209" machi="105" ten="30,1000,0" yaku="20,1" doraHai="35" who="3" fromWho="0" sc="272,-13,306,0,59,0,363,13" /><INIT seed="7,0,0,5,5,85" ten="259,306,59,376" oya="3" hai0="23,57,77,128,95,79,6,53,111,132,90,56,24" hai1="3,52,0,135,86,31,19,116,119,11,68,26,4" hai2="131,50,42,27,101,87,37,82,41,92,59,107,130" hai3="88,117,17,47,46,22,112,84,63,97,33,125,9"/><W39/><G117/><N who="1" m="45130" /><E68/><V99/><F27/><W126/><G33/><T122/><D128/><U38/><E86/><V1/><F37/><W109/><G112/><T12/><D132/><U48/><E38/><V16/><F1/><W127/><G109/><T21/><D111/><U8/><E48/><V54/><F107/><W96/><G9/><T93/><D122/><U98/><E52/><V80/><F131/><W14/><G63/><T62/><D93/><U105/><E98/><N who="3" m="37994" /><G39/><T55/><D6/><N who="1" m="1095" /><E105/><V64/><F130/><W120/><G120/><T118/><D118/><U113/><E19/><V30/><F30/><W115/><G115/><T34/><D34/><N who="1" m="20855" /><E113/><V65/><F80/><AGARI ba="0,0" hai="14,17,22,46,47,80,84,88,125,126,127" m="37994" machi="80" ten="30,5800,0" yaku="18,1,52,1,54,1" doraHai="85" who="3" fromWho="2" sc="259,0,306,0,59,-58,376,58" owari="259,-14.0,306,11.0,1,-50.0,434,53.0" /></mjloggm>