<mjloggm ver="2.3"><GO type="225" lobby="0"/><UN n0="%73%75%7A%75%6D%65%33" n1="%E3%83%AD%E3%83%9C%E3%82%B3%E3%83%97" n2="%E8%A3%81%E3%81%8D%E3%81%AE%E9%BE%8D" n3="%E3%82%8F%E3%81%A3%E3%81%97%E3%82%87%E3%81%84%E5%90%9B%32%E5%8F%B7" dan="17,16,16,17" rate="2176.64,2115.23,2039.87,2272.32" sx="M,M,F,M"/><TAIKYOKU oya="0"/><INIT seed="0,0,0,3,0,76" ten="250,250,250,250" oya="0" hai0="62,132,40,58,39,88,32,64,115,9,109,123,129" hai1="59,85,48,6,84,14,0,46,3,18,56,11,130" hai2="53,135,8,1,31,90,29,23,47,55,83,95,68" hai3="17,122,33,69,73,35,89,106,30,27,120,71,108"/><T121/><D32/><U133/><E133/><V22/><F68/><W92/><G106/><T51/><D132/><U70/><E70/><V87/><F135/><W118/><G118/><T128/><D115/><U41/><E130/><N who="0" m="50281" /><D9/><U98/><E3/><V82/><F8/><W125/><G35/><T49/><D88/><U134/><E134/><V20/><F1/><W105/><G105/><T12/><D12/><U28/><E28/><N who="2" m="10827" /><F47/><W78/><G89/><T57/><D109/><U43/><E98/><V81/><AGARI ba="0,0" hai="20,22,23,53,55,81,82,83,87,90,95" m="10827" machi="81" ten="40,8000,1" yaku="8,1,52,3" doraHai="76" who="2" fromWho="2" sc="250,-40,250,-20,250,80,250,-20" /><INIT seed="1,0,0,4,5,93" ten="210,230,330,230" oya="1" hai0="62,107,7,81,21,116,49,97,101,58,30,38,65" hai1="51,121,34,95,18,36,112,135,56,117,75,9,133" hai2="4,105,13,102,104,73,89,14,115,70,127,68,6" hai3="79,33,20,67,85,50,72,64,27,129,123,16,74"/><U82/><E121/><V80/><F127/><W5/><G129/><T43/><D116/><U31/><E117/><V32/><F32/><W48/><G123/><T26/><D7/><U47/><E112/><V125/><F125/><W114/><G114/><T91/><D38/><U120/><E120/><V109/><F115/><W54/><G33/><T63/><D63/><U61/><E36/><V103/><F89/><W35/><G35/><T46/><D91/><U122/><E122/><V37/><F37/><W69/><G5/><T128/><REACH who="0" step="1"/><D81/><REACH who="0" ten="200,230,330,230" step="2"/><U12/><E82/><V124/><F124/><W15/><G50/><T110/><D110/><U111/><E111/><V132/><F109/><W78/><G48/><T77/><D77/><U131/><E51/><V25/><F80/><W11/><G78/><T96/><D96/><U134/><E61/><V53/><F6/><W39/><G79/><T52/><D52/><U29/><E134/><V45/><F53/><W88/><G54/><T98/><D98/><U2/><E135/><V118/><F4/><W55/><G39/><T83/><D83/><U84/><E133/><V92/><F132/><W87/><G55/><T41/><D41/><U99/><E99/><V42/><F42/><W60/><G88/><T90/><D90/><U57/><E131/><AGARI ba="0,1" hai="21,26,30,43,46,49,58,62,65,97,101,107,128,131" machi="131" ten="40,2600,0" yaku="1,1,52,1,53,0" doraHai="93" doraHaiUra="119" who="0" fromWho="1" sc="200,36,230,-26,330,0,230,0" /><INIT seed="2,0,0,3,1,91" ten="236,204,330,230" oya="2" hai0="3,44,101,55,109,16,84,34,51,130,42,63,81" hai1="6,123,114,27,28,113,125,72,88,83,132,11,106" hai2="53,62,105,120,87,93,47,100,39,112,67,17,128" hai3="20,31,4,29,24,124,99,117,79,21,75,76,9"/><V131/><F120/><W43/><G117/><T94/><D3/><U108/><E106/><V85/><F112/><W70/><G124/><T122/><D34/><U90/><E125/><V64/><F105/><W60/><G43/><T98/><D122/><U10/><E123/><V15/><F39/><W95/><G75/><T1/><D1/><U2/><E108/><V52/><F47/><W92/><G70/><T54/><D109/><U59/><E132/><V103/><F128/><W19/><G60/><T5/><D5/><U40/><E11/><N who="2" m="6399" /><F131/><W46/><G46/><T33/><D33/><U115/><E40/><V22/><F22/><W111/><G111/><T133/><D133/><U107/><E107/><V66/><F62/><W102/><G95/><T82/><D130/><U77/><REACH who="1" step="1"/><E59/><REACH who="1" ten="236,194,330,230" step="2"/><V38/><F38/><W110/><G110/><T104/><D104/><U18/><E18/><V65/><N who="2" m="16896" /><DORA hai="73" /><V61/><F61/><W135/><G135/><T78/><D63/><U118/><E118/><V80/><F103/><W58/><G58/><T74/><D16/><U69/><E69/><V32/><F100/><W13/><REACH who="3" step="1"/><G31/><REACH who="3" ten="236,194,330,220" step="2"/><T116/><REACH who="0" step="1"/><D116/><REACH who="0" ten="226,194,330,220" step="2"/><U36/><E36/><V14/><F80/><W12/><AGARI ba="0,3" hai="4,9,12,13,19,20,21,24,29,76,79,92,99,102" machi="12" ten="20,16000,3" yaku="1,1,2,1,0,1,7,1,8,1,52,3,53,0" doraHai="91,73" doraHaiUra="71,134" who="3" fromWho="3" sc="226,-40,194,-40,330,-80,220,190" /><INIT seed="3,0,0,4,4,74" ten="186,154,250,410" oya="3" hai0="67,63,98,28,106,55,57,73,85,2,82,133,127" hai1="111,35,72,21,11,80,120,25,27,47,37,20,110" hai2="38,52,29,13,15,23,88,61,1,130,121,59,97" hai3="58,19,86,49,10,96,42,50,64,41,54,22,101"/><W112/><G112/><T68/><D73/><U75/><E120/><V99/><F1/><W104/><G64/><T45/><D2/><U14/><E37/><V9/><F38/><W125/><G125/><T83/><D127/><U105/><E105/><V128/><F121/><W79/><G10/><T102/><D133/><U56/><E47/><V30/><F23/><W124/><G124/><T4/><D4/><U70/><E70/><V62/><F62/><W6/><G6/><T39/><D28/><U71/><E71/><V116/><F15/><W0/><G0/><T90/><D39/><U53/><E35/><V66/><F66/><W46/><G86/><T7/><D7/><U78/><E75/><V69/><F69/><W135/><G79/><T17/><D17/><U81/><E81/><V118/><F118/><W95/><G135/><T51/><D68/><U36/><E36/><V40/><F40/><N who="3" m="24775" /><G104/><T91/><D82/><U93/><E93/><N who="2" m="56487" /><F99/><W119/><G119/><T60/><D60/><U114/><E114/><V12/><F12/><AGARI ba="0,0" hai="12,19,22,41,42,50,54,58,95,96,101" m="24775" machi="12" ten="30,1500,0" yaku="8,1" doraHai="74" who="3" fromWho="2" sc="186,0,154,0,250,-15,410,15" owari="186,-21.0,154,-35.0,235,4.0,425,52.0" /></mjloggm>