<mjloggm ver="2.3"><GO type="169" lobby="0"/><UN n0="%E9%95%B7%E5%B1%B1%E5%A4%A7%E6%A8%B9" n1="%4B%57" n2="%E3%81%A6%E3%82%93%E3%81%A6%E3%81%93%E7%8B%90" n3="%E3%81%84%E3%81%84%E3%81%9E" dan="16,16,16,16" rate="2123.34,2040.92,2170.54,2126.20" sx="M,M,M,M"/><TAIKYOKU oya="0"/><INIT seed="0,0,0,2,4,96" ten="250,250,250,250" oya="0" hai0="47,25,133,63,121,78,110,89,17,130,50,54,73" hai1="118,8,109,107,87,99,58,101,70,125,83,37,0" hai2="102,88,32,76,67,113,60,65,52,93,15,129,46" hai3="1,39,56,123,114,31,16,115,92,116,28,45,74"/><T72/><D121/><U44/><E118/><V10/><F32/><W22/><G116/><T69/><D130/><U108/><E70/><V30/><F113/><W71/><G71/><T49/><D133/><U124/><E58/><N who="2" m="34887" /><F129/><W18/><G74/><T103/><D110/><N who="1" m="42603" /><E37/><V12/><F30/><W105/><G105/><T84/><D78/><N who="1" m="46583" /><E44/><V134/><F134/><W104/><G104/><T53/><D25/><U120/><E0/><V119/><F76/><W135/><G1/><T61/><D17/><U57/><E57/><V77/><F77/><W51/><G135/><T64/><D61/><U132/><E8/><V90/><F46/><W26/><G123/><T13/><D13/><N who="2" m="5194" /><F10/><W85/><G18/><T36/><D36/><U128/><E132/><V14/><F14/><W43/><G114/><T6/><D6/><U95/><E128/><V111/><F119/><W68/><G68/><T82/><D103/><U33/><E33/><V29/><F29/><W112/><G115/><T91/><REACH who="0" step="1"/><D91/><REACH who="0" ten="240,250,250,250" step="2"/><N who="2" m="34858" /><F111/><W86/><G112/><T42/><D42/><U75/><E120/><V55/><F55/><W21/><G39/><T11/><D11/><U23/><E75/><V62/><F62/><W126/><G31/><T40/><D40/><U2/><E2/><V122/><F122/><W20/><G43/><T131/><D131/><U35/><E125/><V80/><F80/><W38/><G126/><T117/><D117/><U94/><E124/><V81/><F81/><W24/><G38/><T97/><D97/><AGARI ba="0,1" hai="65,67,93,97,102" m="34858,5194,34887" machi="97" ten="30,7700,0" yaku="8,1,52,1,54,2" doraHai="96" who="2" fromWho="0" sc="240,-77,250,0,250,87,250,0" /><INIT seed="1,0,0,1,2,111" ten="163,250,337,250" oya="1" hai0="115,75,38,87,125,72,42,10,39,9,69,3,130" hai1="52,4,44,118,48,8,85,81,122,112,129,40,19" hai2="33,133,23,77,104,14,134,35,128,114,16,103,56" hai3="84,74,97,116,117,59,94,6,71,57,68,18,109"/><U28/><E118/><N who="3" m="45674" /><G74/><N who="0" m="28203" /><D42/><U86/><E122/><V132/><F77/><W113/><G109/><T100/><D87/><U121/><E121/><V43/><F43/><W91/><G6/><N who="0" m="1247" /><D130/><U13/><E129/><V62/><F128/><W119/><N who="3" m="45682" /><W108/><DORA hai="106" /><G108/><T78/><D78/><U5/><E28/><V21/><F114/><W73/><G73/><T105/><D125/><U64/><E64/><V102/><F23/><W92/><G113/><T32/><D115/><U61/><E85/><V29/><F29/><W127/><G127/><T20/><D20/><U89/><REACH who="1" step="1"/><E112/><REACH who="1" ten="163,240,337,250" step="2"/><V65/><REACH who="2" step="1"/><F104/><REACH who="2" ten="163,240,327,250" step="2"/><W120/><G120/><T101/><D105/><U95/><E95/><V110/><F110/><W96/><G94/><T22/><D32/><AGARI ba="0,2" hai="14,16,21,32,33,35,56,62,65,102,103,132,133,134" machi="32" ten="50,8000,1" yaku="1,1,20,1,54,1,53,1" doraHai="111,106" doraHaiUra="55,50" who="2" fromWho="0" sc="163,-80,240,0,327,100,250,0" /><INIT seed="2,0,0,1,2,60" ten="83,240,427,250" oya="2" hai0="115,51,127,120,73,130,113,25,93,124,98,110,92" hai1="107,31,69,76,86,100,85,35,131,94,1,10,19" hai2="80,42,68,90,56,23,41,59,77,63,2,40,61" hai3="18,26,12,32,103,62,135,57,64,52,116,133,21"/><V114/><F114/><N who="0" m="43530" /><D51/><U65/><E131/><V119/><F119/><W102/><G116/><T134/><D25/><N who="1" m="18927" /><E94/><V95/><F2/><W121/><G121/><T48/><D48/><U74/><E76/><V91/><F23/><W9/><G32/><T46/><D46/><U83/><E83/><V0/><F0/><W53/><G135/><T112/><N who="0" m="43538" /><T111/><DORA hai="125" /><D120/><U45/><E45/><V72/><F90/><W29/><G133/><T22/><D134/><U49/><E49/><V70/><F61/><W66/><G53/><T84/><D73/><U43/><E43/><V126/><F126/><N who="0" m="48170" /><D22/><U14/><E74/><V33/><F33/><W105/><G105/><T132/><D132/><U13/><E1/><V15/><F15/><W106/><G106/><T5/><D5/><U123/><E14/><V47/><F47/><W117/><G117/><T67/><D67/><AGARI ba="0,0" hai="9,12,18,21,26,29,52,57,62,64,66,67,102,103" machi="67" ten="40,8000,1" yaku="8,1,52,3,54,1" doraHai="60,125" who="3" fromWho="0" sc="83,-80,240,0,427,0,250,80" /><INIT seed="3,0,0,1,3,129" ten="3,240,427,330" oya="3" hai0="103,25,56,106,38,43,1,8,113,7,134,87,115" hai1="32,40,108,69,16,48,44,93,104,71,39,132,9" hai2="68,72,121,24,65,84,11,55,76,124,90,101,31" hai3="36,111,116,89,70,123,62,42,33,41,35,130,95"/><W12/><G123/><T81/><D106/><U88/><E108/><V5/><F124/><W66/><G111/><T26/><D103/><U52/><E104/><V37/><F37/><W0/><G0/><T94/><D94/><U15/><E132/><V77/><F101/><W97/><G116/><T50/><D38/><U100/><E32/><V73/><F121/><W17/><G130/><T105/><D105/><U127/><E100/><V109/><F109/><W14/><G14/><T13/><D1/><U59/><REACH who="1" step="1"/><E127/><REACH who="1" ten="3,230,427,330" step="2"/><V92/><F72/><W63/><G36/><T3/><D134/><U51/><E51/><V47/><F73/><W34/><REACH who="3" step="1"/><G63/><REACH who="3" ten="3,230,427,320" step="2"/><T91/><D3/><U114/><E114/><N who="0" m="43529" /><D43/><U57/><E57/><V112/><F112/><W131/><G131/><T75/><D75/><U6/><E6/><V74/><F5/><W98/><G98/><AGARI ba="0,2" hai="9,15,16,39,40,44,48,52,59,69,71,88,93,98" machi="98" ten="30,8000,1" yaku="1,1,7,1,54,3,53,0" doraHai="129" doraHaiUra="21" who="1" fromWho="3" sc="3,0,230,100,427,0,320,-80" /><INIT seed="4,0,0,0,1,127" ten="3,330,427,240" oya="0" hai0="43,9,89,48,57,34,63,64,106,54,4,82,29" hai1="16,105,78,8,115,135,7,130,125,99,80,90,52" hai2="6,116,32,47,51,38,39,71,23,50,119,56,86" hai3="11,49,66,13,67,65,3,85,19,53,21,27,102"/><T76/><D106/><U101/><E125/><V31/><F32/><W10/><G3/><T77/><D43/><U94/><E135/><V126/><F126/><W132/><G132/><T133/><D133/><U117/><E117/><N who="2" m="45131" /><F71/><W24/><G102/><T122/><D122/><U40/><E115/><V112/><F112/><W109/><G109/><T88/><D29/><U75/><E40/><N who="2" m="24935" /><F6/><W59/><G27/><T26/><D26/><U111/><E111/><V12/><F31/><W110/><G110/><T5/><D34/><U129/><E52/><N who="2" m="31775" /><F86/><W74/><G74/><T14/><D5/><U72/><E72/><V113/><F113/><W45/><G24/><T70/><D77/><U17/><E7/><V15/><F23/><W41/><G85/><AGARI ba="0,0" hai="4,9,14,48,54,57,63,64,70,76,82,85,88,89" machi="85" ten="30,2900,0" yaku="7,1,54,1" doraHai="127" who="0" fromWho="3" sc="3,29,330,0,427,0,240,-29" /><INIT seed="4,1,0,3,2,27" ten="32,330,427,211" oya="0" hai0="7,94,25,85,74,22,103,61,82,128,131,119,39" hai1="54,130,72,53,26,4,11,47,120,111,50,67,45" hai2="101,49,38,70,32,106,62,33,87,46,0,75,43" hai3="20,73,76,60,91,77,58,23,12,10,1,84,57"/><T132/><D119/><U123/><E111/><V59/><F75/><W93/><G1/><T108/><D108/><U88/><E72/><V96/><F0/><W127/><G58/><T18/><D132/><U112/><E130/><V24/><F87/><W35/><G35/><T114/><D114/><U92/><E112/><V2/><F2/><W63/><G63/><T8/><D39/><U17/><E67/><N who="2" m="41335" /><F24/><W40/><G40/><T69/><D74/><U79/><E79/><N who="3" m="30282" /><G73/><T80/><D103/><U55/><E17/><V134/><F134/><W81/><G81/><T19/><D94/><U116/><E116/><V105/><F105/><W118/><G127/><T5/><D19/><U36/><E26/><V21/><F21/><W41/><G41/><T3/><D7/><U29/><E29/><V117/><F117/><W100/><G100/><T115/><D115/><U15/><E36/><V109/><F109/><W89/><G89/><T68/><D82/><U90/><E90/><V9/><F9/><W78/><G78/><T16/><D18/><U51/><REACH who="1" step="1"/><E55/><AGARI ba="1,0" hai="32,33,38,43,46,49,55,59,96,101,106" m="41335" machi="55" ten="30,1000,0" yaku="24,1" doraHai="27" who="2" fromWho="1" sc="32,0,330,-13,427,13,211,0" /><INIT seed="5,0,0,0,1,13" ten="32,317,440,211" oya="1" hai0="62,90,125,85,84,108,19,2,82,6,61,32,11" hai1="122,87,49,131,114,106,63,52,129,117,12,20,89" hai2="104,15,107,79,26,42,126,118,133,68,47,130,53" hai3="25,30,33,39,34,44,14,109,75,51,100,18,28"/><U46/><E117/><V17/><F68/><W41/><G75/><T96/><D108/><U74/><E122/><V70/><F70/><W76/><G109/><T16/><D125/><U43/><E74/><V111/><F79/><W3/><G76/><T27/><D96/><U31/><E106/><V29/><F111/><W10/><G3/><T95/><D62/><U8/><E114/><V36/><F118/><W72/><G72/><T60/><D60/><U77/><E77/><V86/><F86/><W120/><G100/><T54/><D61/><U65/><E20/><V64/><F53/><W101/><G101/><T102/><D54/><U115/><E31/><V7/><F64/><W116/><G116/><T94/><D94/><U121/><E121/><V110/><F7/><W88/><G88/><T59/><D59/><U105/><E105/><V132/><F110/><W92/><G92/><T91/><REACH who="0" step="1"/><D102/><REACH who="0" ten="22,317,440,211" step="2"/><U4/><E52/><V134/><F126/><W128/><G120/><T71/><D71/><U22/><E63/><V135/><F135/><W0/><G41/><T113/><D113/><U69/><E115/><V66/><F107/><W83/><G44/><T123/><D123/><U48/><E69/><V73/><F104/><W99/><G99/><T58/><D58/><U119/><E119/><V98/><F98/><W80/><G83/><T38/><D38/><U56/><E56/><V78/><F134/><W50/><G39/><T127/><D127/><U23/><E49/><V21/><F133/><W124/><G51/><T103/><D103/><U24/><E46/><N who="2" m="23879" /><F132/><W55/><G124/><RYUUKYOKU ba="0,1" sc="22,30,317,-10,440,-10,211,-10" hai0="2,6,11,16,19,27,32,82,84,85,90,91,95" /><INIT seed="6,1,1,4,1,104" ten="52,307,430,201" oya="2" hai0="48,92,27,55,75,5,116,131,99,120,17,33,114" hai1="119,71,67,68,84,0,1,32,90,15,59,64,87" hai2="83,76,22,19,106,4,72,52,2,115,61,25,23" hai3="110,35,40,100,97,118,28,107,121,29,38,126,53"/><V125/><F106/><W54/><G118/><T24/><D120/><U63/><E32/><V123/><F123/><W86/><G121/><T13/><D116/><U81/><E119/><V3/><F115/><W47/><G110/><T57/><D114/><U109/><E109/><V94/><F125/><W62/><G126/><T56/><D131/><U74/><E74/><V45/><F4/><W91/><G35/><T42/><D33/><U21/><E21/><V16/><F94/><W69/><G54/><T111/><D111/><U43/><E43/><V89/><F89/><W135/><G135/><T133/><D133/><U78/><E15/><V49/><F61/><W98/><G98/><T36/><D5/><U80/><E67/><V12/><AGARI ba="1,1" hai="2,3,12,16,19,22,23,25,45,49,52,72,76,83" machi="12" ten="20,12000,1" yaku="0,1,7,1,52,1,54,2" doraHai="104" who="2" fromWho="2" sc="52,-41,307,-41,430,133,201,-41" /><INIT seed="6,2,0,3,0,82" ten="11,266,563,160" oya="2" hai0="9,100,8,104,3,58,44,38,134,41,24,84,105" hai1="20,12,124,76,22,120,66,96,89,4,68,121,19" hai2="122,42,53,47,62,32,115,43,93,106,128,95,37" hai3="69,11,131,126,92,116,25,123,111,36,113,107,80"/><V35/><F106/><W91/><G25/><T40/><D134/><U119/><E119/><V90/><F122/><N who="1" m="47209" /><E124/><V39/><F115/><W87/><G87/><T13/><D41/><U33/><E33/><V27/><F128/><W54/><G11/><T102/><D104/><U28/><E4/><V31/><F35/><W79/><G54/><T75/><D105/><U34/><E34/><V18/><F18/><W103/><G92/><T85/><D24/><N who="1" m="16391" /><E76/><V50/><F95/><W55/><G91/><T26/><D26/><U45/><E45/><V16/><F16/><W57/><G80/><T97/><D3/><U1/><E1/><V17/><F17/><W70/><G79/><T23/><D23/><U64/><E68/><V21/><F32/><W5/><G5/><T51/><D75/><U130/><E130/><V6/><F6/><W72/><G72/><T48/><D38/><U81/><E96/><V49/><F37/><W77/><G36/><T29/><D29/><U60/><E60/><V109/><F62/><W61/><G126/><T135/><D135/><U99/><E99/><V127/><F127/><W52/><G131/><T108/><D108/><U129/><E129/><V94/><F109/><W59/><G111/><T101/><D97/><U117/><E117/><V15/><F39/><W74/><G116/><T78/><D78/><U118/><E118/><V133/><F133/><W0/><G77/><T73/><D73/><U83/><E83/><V71/><F71/><N who="3" m="27147" /><G74/><T125/><D125/><U63/><E63/><V86/><F47/><W132/><G123/><T2/><D2/><RYUUKYOKU ba="2,0" sc="11,-10,266,30,563,-10,160,-10" hai1="12,19,22,64,66,81,89" /><INIT seed="7,3,0,4,5,70" ten="1,296,553,150" oya="3" hai0="0,63,83,7,61,126,13,57,108,15,113,36,130" hai1="64,86,104,78,97,25,116,62,45,53,95,17,74" hai2="21,134,129,99,128,27,50,10,37,77,118,18,52" hai3="31,67,69,60,71,121,90,4,11,98,2,8,19"/><W131/><G121/><T101/><D108/><U1/><E1/><V80/><F118/><W28/><G131/><T35/><D0/><U88/><E116/><V119/><F119/><W109/><G71/><T107/><D130/><U33/><E45/><V59/><F134/><W85/><G109/><T43/><D35/><U49/><E49/><V100/><F37/><W54/><G98/><T82/><D126/><U47/><E47/><V102/><F102/><W20/><G54/><T132/><D101/><N who="1" m="62511" /><E53/><V48/><F48/><W91/><G11/><T115/><D107/><U89/><E89/><V32/><F32/><W26/><G91/><T29/><D43/><U125/><E125/><V51/><F51/><W42/><G42/><T117/><D117/><U14/><E25/><V92/><F10/><W65/><G65/><T66/><D132/><U93/><E93/><AGARI ba="3,0" hai="2,4,8,19,20,26,28,31,60,67,69,85,90,93" machi="93" ten="30,1500,0" yaku="7,1" doraHai="70" who="3" fromWho="1" sc="1,0,296,-24,553,0,150,24" /><INIT seed="7,4,0,2,4,59" ten="1,272,553,174" oya="3" hai0="51,69,120,48,32,115,6,132,71,37,124,13,98" hai1="30,131,75,123,25,68,21,60,133,77,100,93,101" hai2="33,111,121,91,134,31,97,9,107,79,103,38,3" hai3="16,46,52,39,108,72,84,70,41,12,67,119,42"/><W128/><G119/><T15/><D98/><U47/><E123/><V14/><F38/><W54/><G72/><T29/><D37/><U44/><E131/><V43/><F111/><W0/><G128/><T81/><D120/><U109/><E109/><V17/><F43/><W74/><G74/><T135/><D29/><U40/><E133/><V34/><F134/><N who="0" m="51242" /><D81/><U106/><E106/><V45/><F45/><W88/><G108/><T73/><D73/><U114/><E114/><V19/><F79/><W87/><G0/><T27/><D27/><U63/><E68/><N who="0" m="26185" /><D6/><U18/><E75/><V57/><F31/><W118/><G118/><T102/><D102/><U117/><E117/><V10/><F121/><W110/><G110/><T58/><D58/><U122/><E122/><V7/><F91/><W50/><G87/><T78/><D78/><U53/><E77/><V28/><F28/><W26/><G26/><T92/><D92/><U4/><E4/><V126/><F126/><W86/><G86/><T1/><D1/><U85/><E30/><V76/><F76/><W36/><G36/><T95/><D95/><U8/><E8/><V96/><F96/><W116/><G116/><T64/><D64/><U89/><E101/><V94/><F107/><W90/><G90/><T112/><D32/><U105/><E100/><V55/><F19/><W80/><G39/><T113/><D124/><U104/><E104/><V125/><F125/><W23/><G54/><T24/><D24/><U49/><E105/><V35/><F35/><W99/><G99/><T22/><D22/><U61/><E53/><RYUUKYOKU ba="4,0" sc="1,0,272,0,553,0,174,0" hai0="13,15,48,51,112,113,115" hai1="18,21,25,40,44,47,49,60,61,63,85,89,93" hai2="3,7,9,10,14,17,33,34,55,57,94,97,103" hai3="12,16,23,41,42,46,50,52,67,70,80,84,88" /><INIT seed="7,5,0,3,3,43" ten="1,272,553,174" oya="3" hai0="9,97,104,30,57,123,98,108,118,119,64,90,133" hai1="67,46,53,79,48,38,72,76,12,81,86,85,106" hai2="15,114,37,14,124,116,99,45,111,54,22,135,8" hai3="78,32,68,27,36,92,96,61,24,49,4,28,47"/><W70/><G36/><T18/><D30/><U41/><E106/><V1/><F111/><W122/><G122/><T125/><D108/><U95/><E76/><V58/><F116/><W120/><G120/><T100/><D123/><U112/><E112/><V60/><F114/><W107/><G107/><T109/><D109/><U59/><E95/><V117/><F117/><W31/><G78/><T63/><D133/><U65/><E65/><V50/><F135/><W84/><G84/><T35/><D125/><U75/><E75/><V42/><F124/><W113/><G4/><T82/><D35/><U102/><E102/><V21/><F1/><W89/><G61/><T20/><D9/><U126/><E126/><V93/><F37/><W127/><G113/><T16/><D18/><U110/><E110/><V66/><F42/><W23/><REACH who="3" step="1"/><G127/><REACH who="3" ten="1,272,553,164" step="2"/><T129/><D129/><U94/><E85/><V91/><F15/><W101/><G101/><T88/><D90/><U128/><E128/><V51/><F51/><W34/><G34/><T83/><D119/><U19/><E86/><V52/><F66/><W5/><G5/><AGARI ba="5,1" hai="5,8,14,21,22,45,50,52,54,58,60,91,93,99" machi="5" ten="30,7700,0" yaku="7,1,8,1,52,1,54,1" doraHai="43" who="2" fromWho="3" sc="1,0,272,0,553,102,164,-92" owari="1,-50.0,272,7.0,655,76.0,72,-33.0" /></mjloggm>