<mjloggm ver="2.3"><GO type="169" lobby="0"/><UN n0="%E3%83%8F%E3%82%BF%E3%83%A2%E3%83%88%E3%83%92%E3%83%AD" n1="%E3%81%BF%E3%82%86%E3%82%8D%E3%82%93" n2="%E3%81%A8%E3%81%B3%E3%81%BE%E3%81%93" n3="%7A%65%52%6F" dan="17,17,16,18" rate="2149.66,2175.37,2092.21,2165.36" sx="M,M,M,M"/><TAIKYOKU oya="0"/><INIT seed="0,0,0,3,4,23" ten="250,250,250,250" oya="0" hai0="59,103,91,112,24,102,99,98,97,80,90,75,70" hai1="128,22,30,72,132,107,9,21,13,61,121,63,60" hai2="133,100,11,26,36,50,126,20,45,96,67,94,56" hai3="38,57,12,71,106,27,66,110,1,69,55,8,95"/><T31/><D70/><U130/><E121/><V47/><F126/><W29/><G106/><T85/><D112/><U25/><E132/><V117/><F133/><W135/><G38/><T108/><D108/><U44/><E72/><V17/><F117/><W32/><G110/><T52/><D90/><U4/><E107/><V104/><F104/><W14/><G14/><T28/><D28/><U119/><E119/><V122/><F122/><W87/><G66/><T68/><D68/><U118/><E118/><V111/><F111/><W82/><G95/><T114/><D75/><U93/><E44/><V39/><F47/><W113/><G1/><T0/><D0/><U43/><E43/><V77/><F77/><W76/><G113/><T73/><D73/><U6/><E6/><V109/><F11/><W84/><G87/><T2/><D2/><U19/><REACH who="1" step="1"/><E93/><REACH who="1" ten="250,240,250,250" step="2"/><V64/><F109/><W3/><G135/><T101/><D114/><U83/><E83/><V42/><F39/><W129/><G129/><T123/><D123/><U54/><E54/><V115/><F115/><W81/><G81/><T105/><D105/><U41/><E41/><V58/><F36/><W125/><G82/><T33/><REACH who="0" step="1"/><D103/><REACH who="0" ten="240,240,250,250" step="2"/><U74/><E74/><V134/><F134/><W18/><G125/><T40/><D40/><U65/><E65/><AGARI ba="0,2" hai="17,20,26,42,45,50,56,58,64,65,67,94,96,100" machi="65" ten="40,2600,0" yaku="8,1,52,1" doraHai="23" who="2" fromWho="1" sc="240,0,240,-26,250,46,250,0" /><INIT seed="1,0,0,2,4,131" ten="240,214,296,250" oya="1" hai0="63,2,67,61,39,96,21,105,109,83,59,16,104" hai1="74,129,68,122,119,48,90,126,33,114,9,4,89" hai2="34,29,3,130,10,42,30,115,124,121,77,101,18" hai3="17,31,81,94,26,54,79,49,37,35,62,125,98"/><U7/><E114/><V85/><F121/><W57/><G125/><T110/><D39/><U106/><E122/><V1/><F101/><W56/><G37/><T36/><D2/><N who="2" m="522" /><F77/><W117/><G117/><T133/><D36/><U19/><E119/><V100/><F100/><W40/><G40/><T84/><D96/><U92/><E106/><V134/><F85/><W65/><G17/><T97/><D97/><U82/><E68/><V14/><F42/><W41/><G41/><T107/><D63/><U8/><E48/><V91/><F91/><W5/><G5/><T102/><D102/><U12/><E74/><V51/><F51/><W15/><G15/><T70/><D70/><U113/><E82/><V50/><F50/><W127/><G127/><T73/><D73/><U6/><E126/><V60/><F60/><W38/><G38/><T11/><D11/><U76/><E76/><V64/><F64/><W55/><G56/><T108/><D133/><U95/><E90/><V80/><F124/><W75/><G49/><T23/><D16/><U13/><E89/><AGARI ba="0,0" hai="26,31,35,54,55,57,62,65,75,79,81,89,94,98" machi="89" ten="30,1000,0" yaku="7,1" doraHai="131" who="3" fromWho="1" sc="240,0,214,-10,296,0,250,10" /><AGARI ba="0,0" hai="21,23,59,61,67,83,84,89,104,105,107,108,109,110" machi="89" ten="50,1600,0" yaku="14,1" doraHai="131" who="0" fromWho="1" sc="240,16,204,-16,296,0,260,0" /><INIT seed="2,0,0,3,5,40" ten="256,188,296,260" oya="2" hai0="8,117,20,97,84,13,104,129,72,29,21,47,96" hai1="126,62,135,90,57,106,58,44,46,64,34,17,56" hai2="85,63,94,107,80,114,76,125,0,92,124,110,33" hai3="12,52,79,120,1,6,60,70,45,19,75,53,2"/><V127/><F114/><W65/><G120/><T50/><D72/><U113/><E106/><V102/><F33/><W68/><G68/><T23/><D129/><U9/><E113/><V118/><F0/><W93/><G6/><N who="0" m="3223" /><D104/><U82/><E34/><V78/><F63/><W111/><G111/><T37/><D37/><U87/><E135/><V83/><F110/><W43/><G93/><T123/><D117/><U108/><E126/><V11/><F11/><W69/><G69/><T115/><D123/><U14/><REACH who="1" step="1"/><E108/><REACH who="1" ten="256,178,296,260" step="2"/><V36/><F118/><W101/><G2/><T88/><D115/><U35/><E35/><V26/><F26/><W24/><G24/><T7/><D29/><U66/><E66/><V42/><F36/><W18/><G65/><T98/><D7/><U48/><E48/><V128/><F128/><W89/><G1/><T49/><D47/><AGARI ba="0,1" hai="9,14,17,44,46,47,56,57,58,62,64,82,87,90" machi="47" ten="40,12000,2" yaku="1,1,8,1,52,3,53,1" doraHai="40" doraHaiUra="61" who="1" fromWho="0" sc="256,-120,178,130,296,0,260,0" /><INIT seed="3,0,0,1,3,13" ten="136,308,296,260" oya="3" hai0="78,88,94,55,110,79,0,33,62,9,50,119,47" hai1="63,56,28,106,26,35,66,51,127,71,4,25,40" hai2="10,111,72,27,123,132,105,36,18,2,97,116,95" hai3="57,64,117,75,134,102,122,130,103,104,70,54,58"/><W31/><G117/><T14/><D119/><U98/><E127/><V32/><RYUUKYOKU type="yao9" ba="0,0" sc="136,0,308,0,296,0,260,0" hai2="2,10,18,27,32,36,72,95,97,105,111,116,123,132" /><INIT seed="3,1,0,0,4,32" ten="136,308,296,260" oya="3" hai0="41,56,89,76,73,109,97,88,102,15,108,14,20" hai1="46,35,103,105,134,58,91,60,124,123,118,126,75" hai2="67,83,121,51,132,31,129,13,101,107,36,99,82" hai3="6,122,128,119,7,50,65,111,93,86,39,131,18"/><W74/><G39/><T114/><D41/><U71/><E123/><V52/><F129/><W40/><G74/><T10/><D114/><U127/><E134/><V38/><F132/><W92/><G119/><T55/><D76/><U64/><E118/><V33/><F121/><W3/><G122/><T43/><D43/><U59/><E75/><V53/><F67/><W104/><G104/><T34/><D34/><U79/><E79/><V85/><F53/><W113/><G65/><T84/><D73/><U87/><E46/><V70/><F70/><W42/><G18/><T90/><D84/><U17/><E35/><V125/><F125/><W98/><G86/><T112/><D20/><U94/><REACH who="1" step="1"/><E17/><REACH who="1" ten="136,298,296,260" step="2"/><V135/><F135/><W69/><G128/><T37/><D112/><U68/><E68/><V117/><F117/><W45/><G69/><T63/><D37/><U16/><E16/><V78/><F33/><W12/><G131/><T96/><D97/><AGARI ba="1,1" hai="58,59,60,64,71,87,91,94,97,103,105,124,126,127" machi="97" ten="40,2600,0" yaku="1,1,18,1,53,0" doraHai="32" doraHaiUra="11" who="1" fromWho="0" sc="136,-29,298,39,296,0,260,0" /><INIT seed="4,0,0,1,2,72" ten="107,337,296,260" oya="0" hai0="26,97,76,48,5,75,21,62,129,126,79,31,16" hai1="9,44,86,85,23,63,102,114,87,52,88,3,134" hai2="37,27,61,123,47,96,29,128,7,95,25,22,103" hai3="14,116,51,69,54,124,133,99,83,15,68,56,2"/><T98/><D75/><U38/><E134/><V67/><F128/><W100/><G116/><T117/><D117/><U119/><E119/><V104/><F123/><W60/><G2/><T4/><D129/><U111/><E111/><V6/><F104/><W65/><G133/><T13/><D126/><U125/><E125/><V82/><F27/><W20/><G124/><T12/><D62/><U92/><E102/><V33/><F33/><W93/><G69/><T71/><D71/><U30/><E114/><V115/><F115/><W53/><G20/><N who="0" m="15815" /><D48/><U17/><E30/><V0/><F0/><W45/><G83/><T19/><D97/><U110/><E110/><V77/><F47/><W58/><G68/><T8/><D98/><U89/><E38/><V106/><F106/><W55/><REACH who="3" step="1"/><G65/><REACH who="3" ten="107,337,296,250" step="2"/><T127/><D127/><U131/><E131/><V120/><F120/><W74/><G74/><T50/><D50/><AGARI ba="0,1" hai="14,15,45,50,51,53,54,55,56,58,60,93,99,100" machi="50" ten="30,3900,0" yaku="1,1,7,1,8,1,53,0" doraHai="72" doraHaiUra="122" who="3" fromWho="0" sc="107,-39,337,0,296,0,250,49" /><INIT seed="5,0,0,5,0,39" ten="68,337,296,299" oya="1" hai0="109,23,38,74,28,113,75,80,127,9,18,129,123" hai1="33,46,79,43,62,42,4,65,76,98,69,13,105" hai2="126,88,0,22,85,78,16,112,5,131,110,95,73" hai3="121,72,93,100,64,117,114,92,6,91,54,96,81"/><U7/><E33/><V94/><F110/><W27/><G121/><T1/><D80/><U36/><E43/><V48/><F126/><W128/><G64/><T84/><D84/><U57/><E69/><V26/><F131/><W133/><G6/><T49/><D49/><U66/><E66/><V10/><F112/><W53/><G114/><T99/><D99/><U124/><E124/><V50/><REACH who="2" step="1"/><F95/><REACH who="2" ten="68,337,286,299" step="2"/><W116/><G128/><T17/><D28/><U108/><E108/><V56/><F56/><W118/><G133/><T101/><D18/><U103/><REACH who="1" step="1"/><E7/><REACH who="1" ten="68,327,286,299" step="2"/><V87/><F87/><W25/><G118/><T102/><D129/><U111/><E111/><V89/><F89/><W82/><G116/><T58/><D127/><U77/><E77/><V51/><F51/><W30/><G117/><T97/><D38/><U34/><E34/><V8/><F8/><AGARI ba="0,2" hai="4,8,13,36,42,46,57,62,65,76,79,98,103,105" machi="8" ten="40,3900,0" yaku="1,1,52,1,53,0" doraHai="39" doraHaiUra="15" who="1" fromWho="2" sc="68,0,327,59,286,-39,299,0" /><INIT seed="5,1,0,2,2,29" ten="68,386,247,299" oya="1" hai0="12,126,31,123,108,114,130,88,87,34,50,61,20" hai1="91,9,18,54,78,59,97,74,84,93,85,129,2" hai2="118,115,96,37,41,65,121,33,106,107,98,94,83" hai3="47,28,39,113,68,77,10,82,70,100,30,51,3"/><U44/><E129/><V38/><F118/><W69/><G100/><T103/><D108/><U11/><E74/><V86/><F121/><W60/><G60/><T53/><D130/><U57/><E2/><V21/><F115/><W14/><G39/><T101/><D114/><U110/><E44/><V72/><F65/><W23/><G3/><T90/><D126/><U40/><E40/><V36/><F41/><W26/><G30/><T92/><D123/><U66/><E110/><V13/><F33/><W1/><G1/><T43/><D61/><N who="1" m="38207" /><E78/><V109/><F72/><W104/><G104/><T73/><D73/><U6/><E6/><V76/><F109/><W112/><G82/><T79/><D79/><U64/><E64/><V46/><F46/><W0/><G0/><T71/><D71/><U52/><E54/><V117/><F98/><W5/><REACH who="3" step="1"/><G77/><REACH who="3" ten="68,386,247,289" step="2"/><T127/><D127/><U4/><E93/><V24/><F117/><W58/><G58/><T116/><D116/><U35/><E57/><V99/><F107/><W134/><G134/><T8/><D43/><AGARI ba="1,1" hai="5,10,14,23,26,28,43,47,51,68,69,70,112,113" machi="43" ten="40,5200,0" yaku="1,1,53,2" doraHai="29" doraHaiUra="111" who="3" fromWho="0" sc="68,-55,386,0,247,0,289,65" /><INIT seed="6,0,0,2,0,6" ten="13,386,247,354" oya="2" hai0="127,88,49,118,65,99,57,78,100,73,33,83,19" hai1="47,17,4,71,29,32,41,22,14,12,104,115,82" hai2="117,15,67,107,113,0,5,23,69,98,30,40,28" hai3="56,132,53,96,59,123,125,11,112,25,60,31,85"/><V62/><F117/><W10/><G123/><T128/><D33/><U80/><E104/><V45/><F113/><W75/><G75/><T20/><D118/><U76/><E71/><V70/><F70/><W42/><G112/><T121/><D121/><U58/><E115/><V89/><F0/><W35/><G125/><T110/><D110/><U90/><E58/><V109/><F109/><W3/><G3/><T129/><D127/><U102/><E102/><V8/><F23/><W135/><G42/><T54/><D65/><U94/><E32/><V1/><F1/><W130/><G130/><T24/><D100/><U111/><E29/><V44/><F44/><W7/><G7/><T36/><D36/><U61/><E61/><V52/><F107/><W18/><G96/><T48/><D129/><U133/><E133/><N who="3" m="51274" /><G18/><T77/><D77/><U84/><E76/><V37/><REACH who="2" step="1"/><F52/><REACH who="2" ten="13,386,237,354" step="2"/><N who="3" m="33799" /><G85/><T79/><D128/><U92/><E111/><V116/><F116/><W39/><G39/><T43/><D78/><U38/><E47/><V114/><F114/><W86/><G86/><T21/><D21/><U2/><E84/><V122/><F122/><W93/><G93/><AGARI ba="0,1" hai="5,8,15,28,30,37,40,45,62,67,69,89,93,98" machi="93" ten="40,3900,0" yaku="1,1,52,1,53,0" doraHai="6" doraHaiUra="51" who="2" fromWho="3" sc="13,0,386,0,237,49,354,-39" /><INIT seed="6,1,0,2,1,8" ten="13,386,286,315" oya="2" hai0="131,133,79,0,41,56,40,89,107,76,13,81,6" hai1="69,25,93,110,9,101,57,38,53,118,134,115,96" hai2="105,51,62,65,116,100,84,92,30,98,117,94,4" hai3="88,2,52,99,39,111,112,17,87,75,10,3,97"/><V11/><F30/><W28/><G111/><T63/><D107/><U130/><E69/><V21/><F21/><W49/><G75/><T82/><D0/><U55/><E115/><V48/><F117/><W5/><G39/><T64/><D133/><U103/><E130/><V1/><F116/><W132/><G3/><T61/><D131/><U72/><E110/><V106/><F106/><W19/><G132/><T135/><D135/><U114/><E114/><V50/><REACH who="2" step="1"/><F84/><REACH who="2" ten="13,386,276,315" step="2"/><W20/><G112/><T80/><D89/><U58/><E118/><V16/><F16/><W33/><G19/><T109/><D109/><U120/><E134/><V42/><F42/><W125/><G28/><T59/><D41/><U15/><E120/><V29/><F29/><W35/><G35/><T74/><D40/><U70/><E72/><V126/><F126/><W128/><G33/><T23/><D74/><U43/><E43/><V113/><F113/><W44/><G125/><T86/><D76/><U129/><E129/><V32/><F32/><W73/><G128/><T83/><D23/><U46/><E38/><V60/><F60/><W123/><G123/><T108/><D108/><U31/><E31/><V24/><F24/><W37/><G37/><T91/><D79/><U22/><E25/><V77/><F77/><W68/><G73/><T26/><D26/><U66/><E22/><V34/><F34/><W90/><G87/><T121/><D121/><U67/><E9/><V78/><F78/><W12/><G20/><T127/><D127/><U14/><E96/><N who="3" m="36938" /><G17/><T102/><D86/><U54/><E103/><RYUUKYOKU ba="1,1" sc="13,-10,386,-10,276,30,315,-10" hai2="1,4,11,48,50,51,62,65,92,94,98,100,105" /><INIT seed="6,2,1,2,3,11" ten="3,376,306,305" oya="2" hai0="51,119,46,130,32,39,113,84,81,68,14,106,64" hai1="29,77,38,90,116,9,95,12,6,52,100,94,57" hai2="61,33,129,47,30,43,70,59,49,79,80,71,135" hai3="15,107,132,105,56,26,115,40,109,25,1,55,97"/><V3/><F3/><W60/><G109/><T117/><D106/><U17/><E38/><V42/><F42/><W83/><G1/><T7/><D113/><U89/><E116/><V82/><F129/><W72/><G132/><T67/><D130/><U110/><E110/><V126/><F135/><W134/><G134/><T36/><D32/><U74/><E29/><V41/><F41/><W66/><G115/><T104/><D104/><U62/><E77/><V19/><F126/><W93/><G107/><T103/><D103/><U27/><E74/><V20/><F30/><W108/><G105/><T58/><D84/><N who="1" m="52519" /><E100/><V92/><F92/><W54/><G40/><T131/><D81/><U23/><E95/><V4/><F4/><W50/><G108/><T120/><D14/><N who="1" m="5431" /><E90/><V128/><F33/><W121/><G121/><T24/><D24/><AGARI ba="2,1" hai="12,17,23,24,27,52,57,62" m="5431,52519" machi="24" ten="30,7700,0" yaku="8,1,52,2,54,1" doraHai="11" who="1" fromWho="0" sc="3,-83,376,93,306,0,305,0" owari="-80,-58.0,469,56.0,306,11.0,305,-9.0" /></mjloggm>