<mjloggm ver="2.3"><GO type="169" lobby="0"/><UN n0="%E3%83%84%E3%83%B3%E2%98%86%E3%83%89%E3%83%A9%E3%82%AD%E3%83%BC" n1="%E3%82%AD%E3%83%B3%E3%82%B0%E3%81%82%E3%81%A4%E3%81%97" n2="%64%75%72%72%72%72%72" n3="%E7%9C%BC%E7%A7%91%E5%8C%BB" dan="16,17,18,16" rate="2043.40,2196.05,2264.40,2122.55" sx="F,M,M,M"/><TAIKYOKU oya="0"/><INIT seed="0,0,0,4,0,68" ten="250,250,250,250" oya="0" hai0="59,121,3,115,103,86,17,84,77,64,52,133,61" hai1="21,122,60,100,11,24,49,70,111,85,4,57,98" hai2="79,130,72,66,102,46,35,113,39,33,108,10,1" hai3="43,2,75,89,55,31,12,114,69,73,36,76,129"/><T15/><D133/><U41/><E111/><V45/><F108/><W123/><G55/><T56/><D121/><U96/><E122/><V62/><F45/><W117/><G89/><T9/><D115/><U97/><E70/><N who="2" m="42327" /><F102/><W16/><G69/><T119/><D119/><U106/><E85/><V74/><F130/><W124/><G129/><T22/><D77/><U87/><E87/><V78/><F78/><W5/><G31/><T44/><D44/><U27/><E49/><V32/><F113/><W135/><G114/><T28/><D103/><U80/><E80/><N who="2" m="45159" /><F74/><W34/><G76/><T50/><D3/><U88/><E88/><V92/><F92/><W104/><G75/><T26/><AGARI ba="0,0" hai="9,15,17,22,26,28,50,52,56,59,61,64,84,86" machi="26" ten="30,6000,0" yaku="0,1,8,1,54,1" doraHai="68" who="0" fromWho="0" sc="250,60,250,-20,250,-20,250,-20" /><INIT seed="0,1,0,2,5,132" ten="310,230,230,230" oya="0" hai0="32,83,134,36,38,94,91,11,123,46,104,88,67" hai1="96,63,103,3,87,59,42,78,23,85,122,97,128" hai2="113,101,19,29,34,13,21,72,107,105,26,51,45" hai3="49,35,95,69,102,93,30,80,12,25,60,118,24"/><T86/><D134/><U84/><E122/><V89/><F113/><W76/><G118/><T31/><D123/><U66/><E128/><V129/><F72/><W57/><G49/><T2/><D104/><U43/><E3/><V98/><F129/><W5/><G25/><T90/><D67/><U58/><E78/><V79/><F79/><W22/><G69/><T106/><D106/><U14/><E59/><V120/><F120/><W125/><G102/><T77/><D32/><U75/><E75/><V111/><F89/><W131/><G131/><T37/><D31/><U133/><E133/><V108/><REACH who="2" step="1"/><F107/><REACH who="2" ten="310,230,220,230" step="2"/><W82/><G76/><T117/><D117/><U28/><E96/><V1/><F1/><W100/><G100/><T56/><D91/><U61/><E97/><V109/><F109/><W115/><G115/><T15/><D90/><U68/><E103/><V20/><F20/><W27/><G93/><T112/><D112/><U4/><E23/><V10/><F10/><W73/><G95/><T39/><D2/><U54/><E84/><V47/><F47/><W16/><G73/><T81/><D94/><U9/><E85/><V74/><F74/><W126/><G80/><T135/><D135/><U116/><E87/><V114/><F114/><W17/><G82/><T124/><D81/><U62/><E116/><V64/><F64/><W44/><G44/><T40/><D77/><U55/><E66/><V33/><F33/><W99/><G99/><T110/><D110/><U71/><E9/><V119/><F119/><W0/><G0/><T8/><D39/><U41/><E68/><RYUUKYOKU ba="1,1" sc="310,-10,230,-10,220,30,230,-10" hai2="13,19,21,26,29,34,45,51,98,101,105,108,111" /><INIT seed="1,2,1,3,0,77" ten="300,220,250,220" oya="1" hai0="35,103,12,31,72,60,71,26,7,64,134,119,82" hai1="86,28,125,32,107,61,127,130,5,102,120,108,18" hai2="49,95,111,129,66,96,58,36,34,75,41,43,20" hai3="62,59,117,23,118,69,57,37,100,39,121,6,88"/><U123/><E107/><V14/><F34/><W53/><G100/><T10/><D134/><U132/><E102/><V94/><F75/><W4/><G23/><T51/><D119/><N who="3" m="45577" /><G4/><T11/><D51/><U89/><E132/><V110/><F36/><N who="3" m="13899" /><G6/><T17/><D103/><U54/><E5/><V2/><F2/><W13/><G13/><T115/><D115/><U21/><E130/><V46/><F43/><W68/><G88/><T98/><D98/><U135/><E135/><V56/><F94/><W74/><G74/><T44/><D44/><U9/><E9/><V112/><F112/><W85/><G85/><T33/><D33/><U81/><E108/><V65/><F129/><W67/><G121/><T70/><D70/><U45/><E28/><V16/><F110/><W109/><G109/><T79/><D7/><U40/><E32/><V116/><F111/><W24/><G24/><T38/><D38/><N who="1" m="21655" /><E120/><V47/><F47/><W55/><G67/><N who="2" m="25609" /><F116/><W3/><G3/><T29/><D31/><U99/><E123/><V101/><AGARI ba="2,1" hai="14,16,20,41,46,49,56,58,95,96,101" m="25609" machi="101" ten="30,2000,0" yaku="8,1,54,1" doraHai="77" who="2" fromWho="2" sc="300,-7,220,-12,250,36,220,-7" /><INIT seed="2,0,0,2,1,105" ten="293,208,286,213" oya="2" hai0="36,115,74,51,79,4,81,90,30,133,46,3,80" hai1="124,29,5,11,68,91,75,1,21,41,54,96,38" hai2="25,119,65,23,62,70,127,16,34,26,58,22,135" hai3="42,94,60,15,86,43,102,117,9,104,126,33,121"/><V116/><F34/><W12/><G117/><T14/><D133/><U108/><E68/><V82/><F135/><W69/><G121/><T50/><D115/><U76/><E108/><V45/><F127/><W13/><G33/><T66/><D66/><U103/><E91/><V123/><F123/><W67/><G104/><T107/><D107/><N who="1" m="63975" /><E54/><V99/><F70/><W61/><G126/><T73/><D30/><U85/><E85/><V83/><F99/><W122/><G122/><T24/><D24/><U125/><E21/><V17/><F45/><W40/><G61/><T18/><D90/><U55/><E55/><V10/><F10/><W19/><G102/><T134/><D134/><U47/><E29/><V52/><F65/><W27/><G94/><T120/><D120/><U35/><E35/><V32/><F32/><W101/><G101/><T77/><D3/><U98/><E98/><V37/><F37/><W28/><G86/><T8/><D4/><U89/><E89/><V129/><F129/><W71/><G69/><T49/><D36/><U87/><E87/><V109/><F109/><W53/><G53/><AGARI ba="0,0" hai="8,14,18,46,49,50,51,53,73,74,77,79,80,81" machi="53" ten="30,7700,0" yaku="7,1,9,1,52,2" doraHai="105" who="0" fromWho="3" sc="293,77,208,0,286,0,213,-77" /><INIT seed="3,0,0,2,0,83" ten="370,208,286,136" oya="3" hai0="43,27,95,55,64,28,50,103,98,22,21,52,100" hai1="16,125,18,58,47,68,89,88,107,118,17,49,24" hai2="101,74,59,90,115,119,109,23,34,39,127,2,102" hai3="51,73,54,33,131,76,6,31,19,135,91,69,20"/><W72/><G69/><T134/><D134/><U93/><E68/><V99/><F34/><W11/><G135/><T30/><D64/><U61/><E125/><V80/><F2/><W13/><G76/><T81/><D103/><U120/><E107/><V87/><F39/><W9/><G131/><T117/><D117/><U111/><E111/><V36/><F36/><W63/><G63/><T96/><D96/><U79/><E79/><V130/><F74/><W53/><G9/><T132/><D132/><U12/><E24/><V32/><F32/><W106/><G106/><T78/><D43/><N who="1" m="24831" /><E120/><V82/><F115/><W37/><G37/><T60/><D60/><U42/><E42/><V123/><F109/><W46/><G54/><T92/><D92/><U129/><E118/><V41/><F41/><W110/><G91/><N who="1" m="34890" /><E93/><V15/><F127/><W48/><G48/><T124/><D124/><U44/><E44/><V65/><F123/><W38/><G38/><T62/><D62/><U3/><E3/><V7/><F130/><W75/><G110/><T77/><D77/><U45/><E45/><V35/><F35/><W113/><G113/><T40/><D40/><U108/><E108/><V133/><F133/><W86/><G33/><T105/><D105/><U56/><E129/><V116/><F119/><W94/><G94/><T97/><D97/><U66/><E58/><V29/><F99/><W5/><REACH who="3" step="1"/><G86/><REACH who="3" ten="370,208,286,126" step="2"/><N who="0" m="48439" /><D50/><U1/><E1/><V85/><F85/><W57/><G57/><T104/><D104/><U0/><E0/><V121/><F116/><W14/><G14/><AGARI ba="0,1" hai="12,14,16,17,18,56,61,66" m="34890,24831" machi="14" ten="30,3900,0" yaku="8,1,54,2" doraHai="83" who="1" fromWho="3" sc="370,0,208,49,286,0,126,-39" /><INIT seed="4,0,0,5,3,9" ten="370,257,286,87" oya="0" hai0="108,27,97,126,120,11,71,125,103,122,85,51,7" hai1="18,35,74,48,95,76,121,79,55,123,100,129,36" hai2="91,29,109,49,88,61,4,93,80,59,83,84,16" hai3="66,28,67,60,117,50,87,47,34,31,21,23,43"/><T124/><D71/><U32/><E36/><V17/><F109/><W96/><G117/><T115/><D115/><U54/><E95/><V3/><F3/><W41/><G34/><T98/><D108/><U53/><E48/><V42/><F4/><W127/><G127/><T133/><D133/><U45/><E18/><N who="2" m="7275" /><F29/><W37/><G37/><T20/><D85/><U114/><E114/><V94/><F49/><W113/><G113/><T2/><D51/><U26/><E74/><V134/><F42/><W118/><G118/><T0/><D0/><U15/><E45/><V62/><F134/><W75/><G75/><T111/><D111/><U39/><E39/><V57/><F57/><W64/><G60/><N who="2" m="23145" /><F59/><W22/><G43/><T24/><D20/><U25/><E55/><V99/><AGARI ba="0,0" hai="80,83,84,88,91,93,94,99" m="23145,7275" machi="99" ten="30,4000,0" yaku="8,1,54,2" doraHai="9" who="2" fromWho="2" sc="370,-20,257,-10,286,40,87,-10" /><INIT seed="5,0,0,2,0,41" ten="350,247,326,77" oya="1" hai0="75,112,72,58,119,128,111,97,44,130,37,95,98" hai1="88,133,80,89,76,47,127,117,108,16,34,84,35" hai2="29,10,42,114,102,104,60,2,59,69,126,3,51" hai3="19,115,74,4,39,0,99,103,116,11,46,66,113"/><U86/><E117/><V77/><F69/><W53/><G19/><T100/><D112/><U1/><E1/><V121/><F121/><W62/><G116/><T23/><D58/><U78/><E127/><V120/><F120/><W38/><G38/><T20/><D111/><U118/><E118/><V15/><F126/><W32/><G32/><T61/><D61/><U40/><E133/><V5/><F114/><W83/><G53/><T64/><D64/><U55/><E55/><V54/><F29/><W21/><G21/><N who="0" m="8267" /><D98/><U48/><E16/><V129/><F129/><N who="0" m="49770" /><D119/><U7/><E7/><V6/><F77/><W106/><G62/><T124/><D124/><U43/><E108/><V122/><F122/><W57/><G57/><T49/><D37/><U30/><E43/><AGARI ba="0,0" hai="43,44,49,72,75,95,97,100" m="49770,8267" machi="43" ten="30,2000,0" yaku="19,1,52,1" doraHai="41" who="0" fromWho="1" sc="350,20,247,-20,326,0,77,0" /><INIT seed="6,0,0,3,2,9" ten="370,227,326,77" oya="2" hai0="105,50,63,114,0,28,118,44,48,22,87,68,102" hai1="17,34,56,16,23,69,31,36,13,24,123,126,33" hai2="84,2,74,65,76,60,100,29,117,93,25,27,53" hai3="54,85,75,99,3,45,30,79,49,133,96,15,116"/><V130/><F2/><W128/><G116/><T122/><D114/><U103/><E69/><V47/><F117/><W83/><G3/><T121/><D0/><U77/><E36/><V115/><F74/><W112/><G128/><T5/><D118/><U94/><E126/><V61/><F115/><W127/><G112/><T129/><D129/><U82/><E123/><V101/><F130/><W73/><G133/><T55/><D5/><U12/><E56/><V6/><F6/><W35/><G127/><T59/><D87/><N who="1" m="48591" /><E34/><V111/><F111/><W120/><G120/><T19/><D28/><U89/><E33/><V51/><F61/><W37/><G37/><T57/><D68/><U70/><E70/><V11/><F11/><W4/><G35/><T41/><D105/><U21/><E103/><V80/><F93/><W26/><G75/><T10/><D10/><N who="1" m="6167" /><E94/><V64/><F64/><W71/><G73/><T88/><D102/><N who="2" m="39530" /><F29/><W125/><G71/><T106/><D106/><U8/><E8/><V14/><F65/><W38/><G38/><T43/><D122/><U32/><E32/><V108/><F108/><W62/><G125/><T134/><D121/><U46/><E89/><V131/><F131/><W109/><G109/><T113/><D88/><U86/><E86/><V119/><F119/><W95/><G95/><T110/><D113/><U20/><E20/><V66/><F84/><W107/><G107/><T40/><D110/><U97/><E97/><V42/><F66/><W91/><G96/><T98/><D98/><U1/><E1/><V67/><F67/><W72/><G99/><RYUUKYOKU ba="0,0" sc="370,-10,227,30,326,-10,77,-10" hai1="13,17,21,23,24,31,46" /><INIT seed="7,1,0,2,3,124" ten="360,257,316,67" oya="3" hai0="41,57,16,115,99,102,126,122,28,35,91,7,29" hai1="40,61,32,86,49,36,94,103,112,64,43,18,97" hai2="98,55,78,118,25,24,27,104,46,14,130,22,1" hai3="110,85,65,113,135,127,88,83,119,21,69,0,6"/><W8/><G119/><T95/><D126/><U74/><E112/><V107/><F118/><W114/><G127/><T3/><D122/><U47/><E74/><V89/><F1/><W84/><G135/><T129/><D129/><U2/><E32/><V5/><F130/><W37/><G37/><T71/><D71/><U117/><E2/><V11/><F107/><W58/><G110/><T50/><D35/><U116/><E40/><V30/><F78/><W123/><G123/><T56/><D7/><U73/><E73/><V10/><F104/><W80/><G58/><T42/><D3/><U9/><E86/><V82/><F11/><W90/><REACH who="3" step="1"/><G21/><REACH who="3" ten="360,257,316,57" step="2"/><T26/><D57/><U79/><E36/><V66/><F22/><W51/><G51/><T19/><D56/><U101/><E116/><V111/><F111/><W67/><G67/><T125/><D50/><U13/><E117/><V133/><F66/><W33/><G33/><T100/><D125/><U92/><E64/><V93/><F133/><W106/><G106/><T15/><D115/><U120/><E120/><V17/><F46/><W38/><G38/><T70/><D70/><U132/><E132/><V109/><F109/><W134/><G134/><T76/><D42/><U54/><E43/><V12/><F55/><W52/><G52/><T77/><D41/><U63/><E54/><V31/><F31/><W96/><G96/><T108/><D108/><U68/><E47/><V81/><F30/><W87/><G87/><T44/><D44/><U20/><E68/><V72/><F72/><W23/><G23/><T53/><D53/><RYUUKYOKU ba="1,1" sc="360,-15,257,-15,316,15,57,15" hai2="5,10,12,14,17,24,25,27,81,82,89,93,98" hai3="0,6,8,65,69,80,83,84,85,88,90,113,114" /><INIT seed="7,2,1,5,5,56" ten="345,242,331,72" oya="3" hai0="22,17,14,92,36,111,49,123,115,121,37,67,55" hai1="11,41,88,125,80,96,34,29,13,87,50,86,95" hai2="32,10,116,35,18,24,54,78,21,16,120,73,127" hai3="61,33,104,3,64,99,48,4,89,25,74,108,131"/><W6/><G74/><T60/><D111/><U23/><E125/><V105/><F105/><W76/><G76/><T45/><D115/><U40/><E34/><V5/><F116/><W128/><G108/><T106/><D106/><U52/><E23/><V112/><F112/><W70/><G48/><T7/><D7/><U8/><E29/><V30/><F127/><W68/><G68/><T135/><D135/><U110/><E87/><V130/><F130/><N who="3" m="49707" /><G3/><T69/><D92/><U77/><E110/><V59/><F120/><W42/><G42/><N who="0" m="22727" /><D37/><U91/><E77/><V122/><F122/><W79/><G79/><T93/><D93/><U62/><E62/><V133/><F35/><W15/><G15/><T103/><D103/><U119/><E119/><V26/><F18/><W12/><G12/><T71/><D71/><U98/><E98/><V44/><F44/><W84/><G99/><T124/><D124/><U28/><E28/><V134/><F73/><W31/><G104/><T129/><D129/><U81/><E81/><AGARI ba="2,1" hai="4,6,25,31,33,61,64,70,81,84,89" m="49707" machi="81" ten="30,2900,0" yaku="19,1,52,1" doraHai="56" who="3" fromWho="1" sc="345,0,242,-35,331,0,72,45" /><INIT seed="7,3,0,4,1,131" ten="345,207,331,117" oya="3" hai0="102,84,121,80,73,65,103,112,9,116,87,52,96" hai1="133,47,17,13,7,88,114,94,24,60,99,109,23" hai2="71,40,5,120,6,123,105,46,72,107,124,50,1" hai3="20,41,10,36,2,85,62,30,118,86,8,38,79"/><W98/><G118/><T54/><D116/><U97/><E114/><V56/><F124/><W110/><G110/><T77/><D121/><N who="2" m="46666" /><F71/><W31/><G98/><T44/><D112/><U59/><E109/><V104/><F72/><W37/><G41/><T27/><D65/><U35/><E47/><V69/><F69/><W12/><G62/><T4/><D27/><U45/><E45/><V106/><F106/><W74/><G74/><T135/><D135/><U111/><E111/><V130/><F130/><W57/><G57/><T39/><D103/><U64/><E99/><V83/><F1/><W125/><G125/><T115/><D115/><U93/><E93/><V129/><F129/><W53/><G53/><T75/><D75/><U92/><E92/><V26/><F83/><W61/><G61/><T90/><D39/><U63/><E63/><V70/><F70/><W82/><G85/><T25/><D25/><U29/><REACH who="1" step="1"/><E7/><REACH who="1" ten="345,197,331,117" step="2"/><N who="2" m="2571" /><F107/><W126/><G126/><T55/><D44/><U14/><E14/><V28/><F56/><W21/><G2/><T15/><D102/><U11/><E11/><N who="3" m="4138" /><G12/><T101/><D101/><U119/><E119/><V66/><F66/><W127/><G127/><T132/><D15/><U117/><E117/><V134/><F105/><W43/><G43/><T51/><D9/><U68/><E68/><V42/><F104/><W95/><G95/><N who="0" m="56439" /><D4/><U34/><E34/><N who="2" m="20759" /><F40/><W108/><G108/><T91/><D51/><U18/><E18/><V122/><F122/><W22/><G37/><T49/><D49/><U19/><E19/><V128/><F128/><W58/><G58/><RYUUKYOKU ba="3,1" sc="345,-30,197,10,331,10,117,10" hai1="13,17,23,24,29,35,59,60,64,88,94,97,133" hai2="42,46,50,134" hai3="20,21,22,30,31,36,38,79,82,86" /><INIT seed="7,4,1,2,4,101" ten="315,207,341,127" oya="3" hai0="66,102,83,86,0,49,80,55,88,108,7,109,123" hai1="51,54,82,94,100,47,84,39,56,111,103,120,43" hai2="133,27,106,129,128,117,46,31,89,53,60,95,6" hai3="36,9,93,61,126,131,112,65,16,64,92,134,90"/><W11/><G36/><T5/><D123/><U45/><E111/><V135/><F106/><W70/><G112/><T107/><D66/><U110/><E110/><V28/><F6/><W124/><G131/><N who="2" m="50249" /><F117/><W125/><G134/><T41/><D107/><U26/><E94/><V23/><F28/><W1/><G65/><T105/><D105/><U10/><E56/><N who="2" m="34831" /><F46/><W91/><G1/><T63/><D102/><U29/><E10/><V77/><F77/><W130/><G130/><T116/><D0/><U32/><E120/><V13/><F13/><N who="3" m="7215" /><G11/><T30/><D30/><U74/><E74/><V122/><F122/><W50/><G50/><T37/><D37/><U44/><E44/><V12/><F12/><W59/><G70/><T71/><D116/><U24/><E24/><V98/><AGARI ba="4,1" hai="23,27,31,89,95,98,133,135" m="34831,50249" machi="98" ten="30,1100,0" yaku="19,1" doraHai="101" who="2" fromWho="2" sc="315,-7,207,-7,341,33,127,-9" owari="308,11.0,200,-20.0,374,47.0,118,-38.0" /></mjloggm>