<mjloggm ver="2.3"><GO type="185" lobby="0"/><UN n0="%E3%81%BE%E3%81%98%E3%81%8D%E3%81%A1" n1="%E3%82%8A%E3%82%80%E3%82%8B" n2="%E3%82%BF%E3%83%AD%E3%81%95" n3="" dan="17,16,16,0" rate="2200.54,2183.50,2095.36,1500.00" sx="M,M,M,C"/><TAIKYOKU oya="0"/><INIT seed="0,0,0,2,1,35" ten="350,350,350,0" oya="0" hai0="133,36,65,131,42,108,103,129,92,81,71,91,39" hai1="44,99,47,134,100,83,3,85,55,38,115,49,74" hai2="96,1,87,41,122,73,101,97,135,89,117,132,0" hai3=""/><T75/><D133/><N who="2" m="51274" /><F41/><T111/><D103/><U61/><E134/><V54/><N who="2" m="31264" /><V57/><F117/><T128/><D65/><U2/><E115/><V70/><F70/><T67/><D67/><U32/><E74/><V78/><F78/><T104/><D104/><U80/><E32/><V58/><F73/><T125/><D125/><U102/><E61/><V66/><F66/><T109/><D71/><U52/><E100/><V62/><F58/><T119/><D119/><U79/><E83/><V37/><F37/><T60/><D60/><U114/><E114/><V112/><F112/><T120/><N who="0" m="30752" /><T124/><D124/><U64/><E64/><V68/><F68/><T51/><D81/><U48/><REACH who="1" step="1"/><E38/><REACH who="1" ten="350,340,350,0" step="2"/><V116/><F116/><T76/><D75/><U50/><E50/><V113/><F113/><T106/><D36/><U130/><E130/><V34/><F34/><T43/><D39/><U110/><E110/><V45/><F101/><T121/><D129/><U82/><E82/><V127/><F127/><T95/><D131/><U118/><E118/><V93/><F45/><T84/><D128/><U107/><AGARI ba="0,1" hai="2,3,44,47,48,49,52,55,79,80,85,99,102,107" machi="107" ten="20,12000,3" yaku="1,1,0,1,7,1,9,1,52,2,54,1,53,1" doraHai="35" doraHaiUra="72" who="1" fromWho="1" sc="350,-80,340,130,350,-40,0,0" /><INIT seed="1,0,0,2,2,3" ten="270,470,310,0" oya="1" hai0="57,111,50,134,49,58,46,107,109,69,83,114,62" hai1="71,53,65,75,48,98,93,132,121,78,90,94,103" hai2="115,92,118,125,84,42,74,123,72,68,40,45,95" hai3=""/><U76/><N who="1" m="31008" /><U34/><E34/><V133/><N who="2" m="31520" /><V99/><F118/><T66/><D107/><U73/><E132/><V100/><F133/><T87/><D134/><U82/><E65/><V61/><F125/><T32/><D32/><U36/><E36/><V116/><F116/><T119/><D119/><U80/><E71/><V124/><F115/><T51/><D114/><U112/><E112/><V126/><F42/><T52/><D87/><U67/><E67/><V60/><F74/><N who="1" m="28169" /><E48/><N who="0" m="18537" /><D83/><N who="1" m="31787" /><E53/><V131/><F72/><T106/><D106/><U44/><E44/><V43/><F68/><T79/><D79/><U110/><E110/><AGARI ba="0,0" hai="46,51,52,57,58,62,66,69,109,110,111" m="18537" machi="110" ten="30,7700,0" yaku="14,1,34,2,54,1" doraHai="3" who="0" fromWho="1" sc="270,77,470,-77,310,0,0,0" /><INIT seed="2,0,0,4,1,96" ten="347,393,310,0" oya="2" hai0="114,56,134,84,54,129,76,102,130,90,121,94,41" hai1="97,132,47,71,44,109,101,58,111,50,63,40,125" hai2="70,83,104,131,105,87,67,34,108,113,110,69,60" hai3=""/><V33/><F113/><T88/><N who="0" m="31008" /><T75/><D114/><U81/><E132/><V99/><F131/><N who="0" m="50186" /><D134/><U78/><E71/><V91/><F69/><T135/><D135/><U112/><E112/><V116/><F116/><T100/><D41/><U49/><E125/><V57/><F70/><T61/><D90/><U59/><E63/><V64/><F64/><T124/><D124/><U68/><E68/><V32/><REACH who="2" step="1"/><F99/><REACH who="2" ten="347,393,300,0" step="2"/><T82/><AGARI ba="0,1" hai="54,56,61,75,76,82,84,88,94,100,102" m="50186,31008" machi="82" ten="30,6000,1" yaku="19,1,52,3,54,1" doraHai="96" who="0" fromWho="0" sc="347,70,393,-20,300,-40,0,0" /><INIT seed="4,0,0,3,5,121" ten="417,373,260,0" oya="0" hai0="65,114,37,68,75,101,61,62,113,132,43,39,54" hai1="52,109,41,124,130,38,91,97,96,89,59,77,128" hai2="44,33,93,64,107,104,127,40,49,123,87,76,34" hai3=""/><T122/><N who="0" m="31264" /><T84/><D75/><U98/><E124/><V69/><N who="2" m="31520" /><V131/><F127/><T118/><D101/><U88/><E77/><V63/><F131/><N who="1" m="50217" /><E41/><V119/><F119/><T134/><D84/><U70/><E70/><V110/><F110/><T82/><D82/><U92/><E38/><N who="0" m="14345" /><D43/><U0/><E0/><V36/><F36/><T111/><D111/><U56/><E56/><V133/><F133/><N who="0" m="51306" /><D118/><U57/><E57/><AGARI ba="0,0" hai="54,57,61,62,65,68,113,114" m="51306,14345,31264" machi="57" ten="40,12000,1" yaku="20,1,34,2,52,1" doraHai="121" who="0" fromWho="1" sc="417,120,373,-120,260,0,0,0" /><INIT seed="4,1,0,1,4,84" ten="537,253,260,0" oya="0" hai0="128,61,59,49,40,39,62,58,0,114,55,108,123" hai1="76,48,45,86,96,68,66,71,118,73,37,52,106" hai2="125,132,78,75,117,135,74,104,121,115,98,85,130" hai3=""/><T65/><N who="0" m="31520" /><T133/><D0/><U44/><E118/><V80/><N who="2" m="31008" /><V113/><F117/><T81/><D81/><U99/><E73/><N who="2" m="27659" /><F130/><T54/><D128/><U67/><E76/><V70/><F70/><T105/><D105/><U64/><E86/><V127/><F98/><T36/><D108/><U92/><E106/><V34/><F34/><T126/><D126/><N who="2" m="48138" /><F104/><T112/><D133/><AGARI ba="1,0" hai="78,80,85,113,115,132,133,135" m="48138,27659,31008" machi="133" ten="40,8000,1" yaku="20,1,18,1,34,2,52,1" doraHai="84" who="2" fromWho="0" sc="537,-82,253,0,260,82,0,0" /><INIT seed="5,0,0,4,4,101" ten="455,253,342,0" oya="1" hai0="43,45,130,77,103,115,61,124,63,80,35,98,62" hai1="37,127,83,112,132,81,70,49,133,41,51,113,66" hai2="121,79,134,56,85,59,3,114,50,119,116,122,88" hai3=""/><U65/><E127/><V47/><N who="2" m="31008" /><V106/><N who="2" m="31264" /><V69/><F134/><N who="1" m="51817" /><E37/><V129/><F129/><T36/><D130/><U82/><E41/><V100/><F69/><T71/><D124/><U120/><N who="1" m="30752" /><U40/><E40/><V68/><F68/><T44/><D44/><U42/><E42/><V110/><F110/><T78/><D78/><U74/><E74/><V60/><F79/><T126/><D126/><U108/><E108/><V97/><F3/><T94/><D115/><N who="1" m="44107" /><E70/><V135/><F114/><T90/><D71/><U104/><E104/><V109/><F109/><T38/><D36/><U2/><E2/><V105/><F105/><T102/><REACH who="0" step="1"/><D35/><REACH who="0" ten="445,253,342,0" step="2"/><U84/><E84/><AGARI ba="0,1" hai="38,43,45,61,62,63,77,80,84,90,94,98,102,103" machi="84" ten="40,5200,0" yaku="1,1,2,1,53,1" doraHai="101" doraHaiUra="73" who="0" fromWho="1" sc="445,62,253,-52,342,0,0,0" /><INIT seed="6,0,0,4,1,1" ten="507,201,342,0" oya="2" hai0="35,117,51,101,95,83,33,43,87,37,103,61,66" hai1="104,70,115,129,121,130,39,45,69,126,44,89,63" hai2="93,2,132,77,131,100,68,135,125,88,107,124,112" hai3=""/><V133/><F2/><T47/><D37/><U123/><N who="1" m="31008" /><U92/><N who="1" m="31520" /><U84/><E104/><V85/><F68/><T59/><D117/><U86/><E63/><V56/><F56/><T65/><D65/><U74/><E92/><V57/><F57/><T75/><D75/><U81/><E81/><V41/><F41/><T134/><D134/><U82/><E82/><V60/><F60/><T113/><D113/><U127/><E74/><V0/><F0/><T53/><D66/><U119/><E89/><V94/><F77/><T118/><D118/><U106/><E106/><V3/><F112/><T91/><D33/><U97/><E119/><V34/><F34/><T116/><D116/><U49/><E115/><V55/><F55/><T40/><D35/><U102/><E49/><V42/><F3/><T108/><D51/><U50/><E50/><V62/><F62/><T96/><D61/><U52/><E52/><V38/><F107/><T110/><D40/><U79/><E79/><V105/><F105/><T78/><D43/><U111/><E39/><V64/><F64/><T99/><D53/><U109/><REACH who="1" step="1"/><E97/><REACH who="1" ten="507,191,342,0" step="2"/><N who="0" m="37449" /><D78/><U90/><E90/><V80/><F38/><T71/><D91/><U67/><E67/><V114/><F88/><RYUUKYOKU ba="0,1" sc="507,-10,191,20,342,-10,0,0" hai1="44,45,69,70,84,86,102,109,111,126,127,129,130" owari="507,46.0,211,-39.0,332,-7.0,0,0.0" /></mjloggm>