<mjloggm ver="2.3"><GO type="169" lobby="0"/><UN n0="%E3%83%95%E3%82%B5%E3%82%A6%E3%83%9F%E3%82%B3%E3%83%83%E3%83%97" n1="%E5%A4%A7%E8%B3%A2%E8%89%AF%E5%B8%AB" n2="%E3%81%8A%E3%81%8A%E3%81%8F%E3%81%95" n3="%E4%B8%83%E3%83%84%E6%98%9F%E3%83%9B%E3%82%AF%E3%82%B5%E3%82%A4" dan="17,16,17,17" rate="2224.97,2077.96,2224.24,2211.22" sx="M,M,M,M"/><TAIKYOKU oya="0"/><INIT seed="0,0,0,4,4,107" ten="250,250,250,250" oya="0" hai0="77,34,47,17,104,113,122,106,112,100,37,20,116" hai1="103,83,26,123,65,23,3,125,58,59,60,61,92" hai2="49,98,6,73,41,40,21,2,128,68,43,66,99" hai3="56,131,114,46,48,42,78,118,67,7,38,79,33"/><T90/><D116/><U126/><E123/><V75/><F128/><W9/><G114/><T10/><D122/><U14/><E3/><V130/><F130/><W44/><G131/><T111/><D34/><U69/><E83/><V74/><F49/><W71/><G33/><T8/><D111/><U16/><E69/><V54/><F54/><N who="3" m="31815" /><G44/><T24/><D106/><U53/><E103/><V108/><F108/><W81/><G81/><T127/><D127/><N who="1" m="48651" /><E92/><V84/><F84/><W120/><G118/><T62/><D77/><U82/><E82/><V39/><F39/><W27/><G27/><AGARI ba="0,0" hai="14,16,23,26,27,53,58,59,60,61,65" m="48651" machi="27" ten="30,2000,0" yaku="18,1,54,1" doraHai="107" who="1" fromWho="3" sc="250,0,250,20,250,0,250,-20" /><INIT seed="1,0,0,4,2,77" ten="250,270,250,230" oya="1" hai0="111,26,124,97,78,44,113,12,7,101,93,16,11" hai1="19,73,83,82,43,51,25,132,10,38,9,2,8" hai2="89,98,130,76,3,133,71,121,42,100,18,88,112" hai3="131,31,21,79,118,64,17,37,59,20,126,68,122"/><U23/><E73/><V134/><F121/><W119/><G122/><T96/><D113/><U102/><E38/><V80/><F112/><W33/><G68/><T95/><D111/><U48/><E2/><V117/><F117/><N who="3" m="44555" /><G37/><T87/><D124/><U34/><E34/><V29/><F130/><W128/><G64/><T13/><D26/><U92/><E132/><N who="2" m="50795" /><F71/><W46/><G46/><T94/><D44/><N who="1" m="25631" /><E51/><V103/><F103/><W62/><G126/><T39/><D39/><U24/><E24/><V56/><F29/><W86/><G33/><T35/><D35/><U14/><E25/><V114/><F3/><W1/><G1/><T85/><D78/><U15/><E15/><V32/><F114/><W104/><G104/><T53/><D53/><U84/><E102/><V60/><F18/><W115/><G115/><T99/><REACH who="0" step="1"/><D101/><REACH who="0" ten="240,270,250,230" step="2"/><U61/><E61/><V49/><F32/><W70/><G62/><T127/><D127/><U28/><E28/><V110/><F60/><W30/><G31/><T105/><D105/><U81/><E92/><N who="2" m="58439" /><F42/><W40/><G40/><T47/><D47/><U107/><E107/><V75/><F110/><W106/><G30/><T4/><D4/><U57/><E57/><V116/><F116/><W91/><G59/><T52/><D52/><AGARI ba="0,1" hai="49,52,56,75,76,80,88,89" m="58439,50795" machi="52" ten="30,7700,0" yaku="20,1,52,1,54,2" doraHai="77" who="2" fromWho="0" sc="240,-77,270,0,250,87,230,0" /><INIT seed="2,0,0,1,3,21" ten="163,270,337,230" oya="2" hai0="40,134,87,110,38,14,92,82,128,96,91,94,3" hai1="74,100,25,20,52,119,28,34,107,18,106,65,26" hai2="127,36,64,33,32,51,112,6,133,44,45,22,109" hai3="84,8,11,17,5,132,42,62,68,1,88,129,120"/><V73/><F73/><W76/><G120/><T105/><D3/><U79/><E119/><V71/><F112/><W80/><G132/><T48/><D38/><U67/><E74/><V95/><F133/><W99/><G129/><T83/><D134/><U10/><E79/><V103/><F6/><W4/><G42/><T111/><D14/><U117/><E117/><V2/><F2/><W49/><G49/><T29/><D40/><U97/><E107/><V27/><F127/><W19/><G68/><T116/><D48/><U115/><E115/><V35/><F109/><N who="0" m="41482" /><D29/><U15/><REACH who="1" step="1"/><E52/><REACH who="1" ten="163,260,337,230" step="2"/><V24/><F45/><W118/><G118/><T58/><D116/><U61/><E61/><V75/><F75/><W85/><G62/><T93/><D128/><U122/><E122/><V55/><F36/><W89/><G76/><T41/><D41/><U102/><E102/><V113/><F113/><W121/><G121/><T23/><D105/><U46/><E46/><V66/><F103/><W98/><REACH who="3" step="1"/><G1/><REACH who="3" ten="163,260,337,220" step="2"/><T124/><D124/><U69/><E69/><V104/><F71/><W43/><G43/><T57/><D57/><U13/><E13/><V135/><F135/><W53/><G53/><T130/><D58/><U60/><E60/><V114/><F114/><W16/><G16/><AGARI ba="0,2" hai="10,15,16,18,20,25,26,28,34,65,67,97,100,106" machi="16" ten="30,8000,1" yaku="1,1,7,1,52,2,54,1,53,0" doraHai="21" doraHaiUra="50" who="1" fromWho="3" sc="163,0,260,100,337,0,220,-80" /><INIT seed="3,0,0,0,5,1" ten="163,360,337,140" oya="3" hai0="21,20,49,102,77,27,10,22,121,66,89,36,9" hai1="127,106,63,98,128,88,85,69,31,16,131,120,73" hai2="34,26,134,78,92,54,125,126,14,82,0,47,39" hai3="6,45,57,75,67,79,130,87,86,68,119,95,84"/><W43/><G119/><T118/><D36/><U70/><E73/><V32/><F134/><W23/><G130/><N who="1" m="49706" /><E120/><V64/><F0/><W15/><G68/><T93/><D118/><U115/><E115/><V46/><F64/><W11/><G75/><T56/><D121/><U103/><E127/><V59/><F92/><W51/><G23/><T29/><D77/><U72/><E72/><V90/><F90/><W108/><G108/><T83/><D83/><N who="1" m="49215" /><E31/><V110/><F82/><N who="3" m="47199" /><G95/><T61/><D49/><U38/><E38/><V91/><F78/><W99/><G99/><T58/><D58/><U132/><E132/><V50/><F110/><W101/><G101/><T104/><D104/><U18/><E63/><AGARI ba="0,0" hai="6,11,15,43,45,51,57,63,67,86,87" m="47199" machi="63" ten="30,5800,0" yaku="25,1,8,1,52,1" doraHai="1" who="3" fromWho="1" sc="163,0,360,-58,337,0,140,58" /><INIT seed="3,1,0,2,1,125" ten="163,302,337,198" oya="3" hai0="12,89,27,21,79,50,35,97,63,92,130,56,118" hai1="22,108,86,53,33,100,112,43,1,85,55,46,52" hai2="36,45,73,115,7,48,57,99,93,131,29,91,75" hai3="132,103,38,66,64,68,94,117,51,105,8,44,76"/><W15/><G117/><T113/><D118/><U88/><E33/><V133/><F115/><W60/><G132/><T135/><D135/><U9/><E112/><V41/><F133/><W4/><G105/><T87/><D113/><U104/><E108/><V127/><F127/><W80/><G38/><T114/><D114/><U11/><E1/><V40/><F7/><W96/><G68/><T67/><D35/><U14/><E104/><V20/><F41/><W25/><G25/><T23/><D130/><U42/><E100/><V110/><F131/><W72/><REACH who="3" step="1"/><G60/><REACH who="3" ten="163,302,337,188" step="2"/><T102/><D27/><U10/><E46/><V19/><F36/><W62/><G62/><T58/><D63/><U6/><E6/><V122/><F45/><W106/><G106/><T107/><D107/><U111/><E111/><V39/><F39/><W24/><G24/><T129/><D50/><U34/><E34/><V13/><F48/><W128/><G128/><T98/><D129/><U124/><E124/><V71/><F71/><W121/><G121/><T134/><D134/><U5/><E5/><V61/><F61/><W59/><G59/><T70/><D70/><U123/><E123/><V109/><F57/><W82/><G82/><N who="0" m="47583" /><D58/><U78/><E14/><V74/><F122/><W119/><G119/><T49/><D12/><U31/><E78/><V3/><F3/><W28/><G28/><T90/><D49/><U101/><E31/><V116/><F29/><W30/><G30/><T95/><D56/><U81/><E81/><V47/><F116/><W54/><AGARI ba="1,1" hai="4,8,15,44,51,54,64,66,72,76,80,94,96,103" machi="54" ten="20,3900,0" yaku="1,1,0,1,7,1,53,0" doraHai="125" doraHaiUra="18" who="3" fromWho="3" sc="163,-14,302,-14,337,-14,188,52" /><INIT seed="3,2,0,4,1,4" ten="149,288,323,240" oya="3" hai0="103,46,7,8,78,106,82,29,58,2,111,109,84" hai1="68,105,16,28,65,1,108,39,32,45,26,43,57" hai2="77,51,27,104,37,129,40,102,101,95,83,56,50" hai3="49,118,19,99,100,70,85,63,71,3,79,35,9"/><W66/><G118/><T11/><D29/><U61/><E108/><N who="0" m="41545" /><D106/><U41/><E105/><V42/><F129/><W44/><G35/><T75/><D103/><U33/><E43/><V133/><F133/><W86/><G71/><T117/><D117/><U6/><E16/><V97/><F37/><W130/><G130/><T89/><D58/><U64/><E64/><V14/><F56/><W81/><G86/><T96/><D96/><U76/><E76/><V55/><F101/><W127/><G127/><T38/><D2/><U135/><E135/><V13/><F27/><W120/><G120/><T119/><D7/><U53/><E6/><V98/><F98/><W116/><G116/><T21/><D21/><U74/><E1/><V72/><F104/><W87/><G87/><T115/><D115/><U60/><E74/><V69/><F69/><W31/><G31/><T112/><D112/><U124/><E124/><V110/><F110/><W62/><G3/><T122/><D122/><U59/><E59/><V5/><F5/><W23/><G99/><T123/><D123/><U15/><E15/><V125/><F125/><W93/><G100/><T67/><D67/><U47/><E47/><N who="2" m="25975" /><F14/><N who="3" m="7631" /><G23/><AGARI ba="2,0" hai="23,26,28,32,33,39,41,45,53,57,60,61,65,68" machi="23" ten="30,1000,0" yaku="7,1" doraHai="4" who="1" fromWho="3" sc="149,0,288,16,323,0,240,-16" /><INIT seed="4,0,0,0,2,58" ten="149,304,323,224" oya="0" hai0="50,12,99,123,105,9,66,95,36,22,125,132,78" hai1="27,133,87,4,75,113,61,127,79,49,47,41,62" hai2="121,130,59,7,29,48,135,24,76,20,117,77,56" hai3="114,35,37,57,64,63,53,26,124,2,111,40,84"/><T72/><D123/><U120/><E120/><V107/><F107/><W28/><G111/><T33/><D33/><U60/><E75/><V55/><F135/><W100/><G114/><T96/><D36/><U74/><E74/><V86/><F130/><W92/><G124/><T6/><D125/><U134/><E127/><V67/><F117/><W45/><G2/><T13/><D132/><N who="1" m="50795" /><E113/><V54/><F67/><W0/><G0/><T103/><D66/><U31/><E4/><V126/><F121/><W65/><REACH who="3" step="1"/><G84/><REACH who="3" ten="149,304,323,214" step="2"/><T70/><D72/><U43/><E87/><V38/><F86/><W34/><G34/><T81/><D78/><U98/><E79/><V52/><F77/><W85/><G85/><T88/><D81/><U116/><E116/><V44/><F76/><W51/><G51/><T112/><D112/><U97/><E43/><V15/><F126/><W71/><G71/><T14/><D70/><U5/><E5/><V10/><F38/><W101/><G101/><T3/><REACH who="0" step="1"/><D50/><REACH who="0" ten="139,304,323,214" step="2"/><U106/><E106/><V89/><F89/><W17/><G17/><AGARI ba="0,2" hai="3,6,9,12,13,14,17,22,88,95,96,99,103,105" machi="17" ten="40,12000,1" yaku="1,1,2,1,54,1,53,1" doraHai="58" doraHaiUra="16" who="0" fromWho="3" sc="139,140,304,0,323,0,214,-120" /><INIT seed="4,1,0,4,1,30" ten="279,304,323,94" oya="0" hai0="128,27,11,13,37,72,78,3,39,113,77,64,123" hai1="102,1,125,25,66,133,16,62,89,73,67,22,8" hai2="93,40,57,115,114,21,24,18,82,10,51,12,122" hai3="50,32,38,86,106,104,28,116,85,35,46,43,48"/><T7/><D123/><U129/><E73/><V53/><F122/><W49/><G28/><T99/><D113/><U26/><E133/><V17/><F40/><W135/><G135/><T56/><D128/><U111/><E111/><V2/><F2/><W134/><G134/><T29/><D3/><U59/><E129/><V20/><F10/><W14/><G14/><T69/><D69/><U88/><E125/><V80/><F93/><W36/><G116/><T92/><D77/><U121/><E121/><V33/><F33/><N who="3" m="12875" /><G43/><T112/><D112/><AGARI ba="1,0" hai="12,17,18,20,21,24,51,53,57,80,82,112,114,115" machi="112" ten="40,1300,0" yaku="15,1" doraHai="30" who="2" fromWho="0" sc="279,-16,304,0,323,16,94,0" /><INIT seed="5,0,0,5,5,91" ten="263,304,339,94" oya="1" hai0="94,37,135,2,98,23,103,74,82,35,21,56,65" hai1="22,118,9,116,76,12,53,109,81,5,26,29,100" hai2="64,110,101,46,102,129,73,60,41,113,63,44,112" hai3="107,25,125,49,15,117,133,27,30,61,131,90,34"/><U62/><E109/><V19/><F110/><W32/><G131/><T93/><D35/><U51/><E62/><V55/><F73/><W80/><G133/><T16/><D135/><U106/><E100/><V8/><F129/><W31/><G107/><T47/><D2/><U4/><E4/><V108/><F108/><W120/><G120/><T124/><D124/><U69/><E69/><V43/><F8/><W67/><G125/><T115/><D115/><N who="2" m="44106" /><F19/><W89/><G117/><T66/><D23/><U54/><E106/><V88/><F88/><W6/><G49/><T105/><D37/><U39/><E39/><N who="2" m="21567" /><F55/><W20/><G80/><T119/><D119/><U68/><E68/><N who="2" m="41991" /><F63/><W28/><G28/><T130/><D130/><U126/><E126/><V57/><F57/><W11/><REACH who="3" step="1"/><G20/><REACH who="3" ten="263,304,339,84" step="2"/><T45/><D82/><U79/><E118/><V96/><F96/><W104/><G104/><T48/><D105/><U92/><E116/><V50/><AGARI ba="0,1" hai="43,46,50,101,102" m="41991,21567,44106" machi="50" ten="30,2000,0" yaku="15,1,11,1" doraHai="91" who="2" fromWho="2" sc="263,-5,304,-10,339,30,84,-5" /><INIT seed="6,0,0,2,0,118" ten="258,294,369,79" oya="2" hai0="10,55,105,76,88,128,103,44,3,34,69,135,12" hai1="11,48,18,91,80,20,98,53,37,13,107,106,42" hai2="8,92,15,72,65,113,126,50,25,45,60,24,130" hai3="54,58,22,73,35,87,41,6,30,83,133,102,74"/><V121/><F121/><W96/><G133/><T120/><D69/><U89/><E37/><V71/><F113/><W111/><G111/><T21/><D34/><U108/><E108/><V81/><F130/><W131/><G131/><T47/><D128/><U127/><E42/><V7/><F126/><W4/><G35/><T36/><D76/><U66/><E66/><V115/><F115/><W116/><G116/><T101/><D3/><U28/><E127/><V43/><F72/><W1/><G74/><T63/><D135/><U94/><E28/><V52/><F81/><W132/><G73/><T112/><D112/><U67/><E67/><V129/><F129/><W32/><G32/><T23/><D120/><U117/><E117/><V79/><F79/><W124/><G124/><T82/><D105/><U51/><E51/><V123/><F123/><W104/><G132/><T59/><D36/><U9/><E107/><V125/><F125/><W64/><G41/><T85/><D23/><U90/><E106/><V97/><F43/><W14/><G1/><T29/><D47/><N who="1" m="27807" /><E80/><V78/><REACH who="2" step="1"/><F78/><REACH who="2" ten="258,294,359,79" step="2"/><W84/><G83/><T99/><D82/><U19/><E94/><V114/><F114/><W57/><G104/><T109/><D109/><U75/><E75/><V68/><F68/><W27/><G64/><T33/><D55/><U5/><E98/><V26/><F26/><W95/><G54/><T122/><D99/><U46/><E91/><AGARI ba="0,1" hai="7,8,15,24,25,45,50,52,60,65,71,91,92,97" machi="91" ten="30,5800,0" yaku="1,1,7,1,54,1,53,0" doraHai="118" doraHaiUra="16" who="2" fromWho="1" sc="258,0,294,-58,359,68,79,0" /><INIT seed="6,1,0,2,2,25" ten="258,236,427,79" oya="2" hai0="1,74,128,33,8,46,107,83,116,120,28,110,61" hai1="93,14,59,73,47,65,69,132,87,20,105,91,63" hai2="106,78,5,26,43,114,111,55,27,115,101,48,56" hai3="80,60,125,45,70,133,49,89,31,85,97,130,92"/><V66/><F111/><W123/><G123/><T7/><D110/><U18/><E105/><V100/><F78/><W44/><G133/><T42/><D120/><U118/><E73/><V40/><F106/><W30/><G130/><T9/><D128/><U32/><E32/><V88/><F5/><W15/><G125/><T52/><D107/><U22/><E132/><V109/><F109/><W102/><G70/><T126/><D9/><U90/><E118/><V10/><F10/><W124/><G124/><T64/><D126/><U21/><E69/><V13/><F13/><W51/><G60/><T0/><D0/><U16/><E47/><V23/><F26/><W121/><G121/><T86/><D74/><U103/><E103/><V129/><F66/><W17/><G49/><T119/><D33/><U95/><REACH who="1" step="1"/><E18/><REACH who="1" ten="258,226,427,79" step="2"/><N who="2" m="12791" /><F101/><W79/><G45/><T54/><D119/><U68/><E68/><V38/><F100/><W76/><G76/><T50/><D116/><U77/><E77/><V75/><F75/><W67/><G67/><T53/><D64/><U41/><E41/><V72/><F43/><W62/><G79/><T2/><D2/><U36/><E36/><V84/><F40/><W58/><G58/><T96/><D42/><U57/><E57/><V71/><F71/><W3/><G3/><T12/><D1/><U99/><AGARI ba="1,1" hai="14,16,20,21,22,59,63,65,87,90,91,93,95,99" machi="99" ten="20,12000,2" yaku="1,1,0,1,7,1,8,1,54,1,53,1" doraHai="25" doraHaiUra="11" who="1" fromWho="1" sc="258,-31,226,133,427,-61,79,-31" /><INIT seed="7,0,0,4,4,120" ten="227,359,366,48" oya="3" hai0="52,119,133,15,108,32,55,101,134,7,10,30,128" hai1="27,89,54,24,34,46,100,117,109,28,58,25,2" hai2="76,73,97,96,110,131,103,5,88,19,69,35,45" hai3="104,92,72,86,114,42,1,70,50,99,85,94,22"/><W21/><G1/><T107/><D101/><U63/><E117/><V39/><F110/><W71/><G50/><T77/><D107/><U0/><E109/><V49/><F69/><W123/><G42/><T75/><D119/><U93/><E100/><V59/><F35/><W38/><G38/><T113/><D108/><U79/><E79/><V67/><F131/><W112/><G99/><T87/><D75/><U65/><E2/><V102/><F5/><W57/><G57/><T68/><D68/><U53/><E0/><V130/><F130/><W37/><G37/><T125/><D128/><U26/><REACH who="1" step="1"/><E46/><REACH who="1" ten="227,349,366,48" step="2"/><V121/><F76/><W135/><G72/><T81/><D125/><U126/><E126/><V18/><F121/><W14/><G14/><T95/><D113/><U118/><E118/><V47/><F73/><W60/><G123/><T127/><D127/><U4/><E4/><V11/><F45/><W40/><G40/><T78/><D78/><U23/><E23/><V6/><F102/><W80/><G80/><T56/><D95/><U44/><E44/><V111/><F111/><W129/><G129/><T90/><D77/><U48/><E48/><V13/><F103/><W31/><G60/><T105/><D105/><U16/><E16/><N who="2" m="6187" /><F88/><W124/><G124/><T17/><D17/><U83/><E83/><V132/><F132/><W43/><G43/><T66/><D134/><U61/><E61/><N who="2" m="38335" /><F39/><W20/><G135/><T36/><D133/><U74/><E74/><V116/><F116/><W33/><G21/><T106/><D36/><U51/><E51/><V91/><F91/><RYUUKYOKU ba="0,1" sc="227,-15,349,15,366,15,48,-15" hai1="24,25,26,27,28,34,53,54,58,63,65,89,93" hai2="6,11,13,47,49,96,97" owari="212,-19.0,364,16.0,391,50.0,33,-47.0" /></mjloggm>