<mjloggm ver="2.3"><GO type="185" lobby="0"/><UN n0="%E3%82%B5%E3%83%B3%E3%83%9E%E6%BC%81%E5%B8%AB%4B" n1="%E5%86%AC%E6%A8%B9%E3%82%A4%E3%83%B4" n2="%E3%81%BF%E3%83%BC%E3%82%8F" n3="" dan="17,16,17,0" rate="2257.21,2161.78,2231.42,1500.00" sx="M,F,M,C"/><TAIKYOKU oya="0"/><INIT seed="0,0,0,2,1,133" ten="350,350,350,0" oya="0" hai0="115,75,53,35,72,60,46,88,36,34,84,37,57" hai1="44,3,129,38,32,116,127,110,130,91,126,62,95" hai2="49,1,39,73,47,114,55,109,111,135,105,45,69" hai3=""/><T93/><D115/><U0/><E110/><N who="2" m="41995" /><F1/><N who="1" m="585" /><E116/><V65/><F105/><T42/><REACH who="0" step="1"/><D37/><REACH who="0" ten="340,350,350,0" step="2"/><U102/><E32/><AGARI ba="0,1" hai="32,34,35,36,42,46,53,57,60,72,75,84,88,93" machi="32" ten="40,7700,0" yaku="1,1,2,1,54,1,53,0" doraHai="133" doraHaiUra="66" who="0" fromWho="1" sc="340,87,350,-77,350,0,0,0" /><INIT seed="0,1,0,4,0,69" ten="427,273,350,0" oya="0" hai0="113,55,73,80,81,66,135,49,104,77,83,46,102" hai1="39,122,93,65,3,1,92,130,63,60,101,114,62" hai2="105,119,47,76,67,53,42,91,38,111,64,131,44" hai3=""/><T84/><D113/><U56/><N who="1" m="31264" /><U89/><E130/><V59/><F111/><T61/><D135/><U68/><E114/><V112/><F112/><T43/><D104/><U36/><E101/><V0/><F0/><T32/><D32/><U54/><E63/><V79/><F105/><T109/><D109/><U132/><E132/><V126/><F131/><T116/><D116/><U115/><E115/><V35/><F35/><T52/><D102/><U33/><E33/><V103/><F103/><T86/><D80/><U128/><E93/><V99/><F119/><T34/><D34/><U127/><E127/><V57/><F126/><T88/><REACH who="0" step="1"/><D73/><REACH who="0" ten="417,273,350,0" step="2"/><U2/><REACH who="1" step="1"/><E128/><REACH who="1" ten="417,263,350,0" step="2"/><V41/><F76/><T110/><D110/><U98/><AGARI ba="1,2" hai="1,2,3,36,39,54,56,60,62,65,68,89,92,98" m="31264" machi="98" ten="30,9000,2" yaku="1,1,2,1,0,1,52,3,53,0" doraHai="69" doraHaiUra="97" who="1" fromWho="1" sc="417,-61,263,112,350,-31,0,0" /><INIT seed="1,0,0,4,0,77" ten="356,375,319,0" oya="1" hai0="111,47,88,38,2,87,105,110,135,104,84,39,132" hai1="45,33,95,68,70,43,65,101,121,36,96,98,1" hai2="73,56,103,37,53,130,118,100,109,78,90,115,32" hai3=""/><U72/><N who="1" m="31008" /><U129/><E1/><V34/><F118/><T93/><D2/><U50/><E33/><V97/><F109/><N who="0" m="41482" /><D47/><U58/><E129/><V116/><F116/><T59/><D59/><U40/><E72/><V69/><F130/><T49/><D49/><U92/><E40/><V81/><F69/><T35/><D35/><U86/><E86/><N who="0" m="32809" /><D38/><U122/><N who="1" m="31264" /><U113/><E113/><V120/><N who="2" m="30752" /><V46/><F115/><T126/><D39/><U79/><E36/><V3/><F3/><T131/><D126/><U57/><E58/><V41/><F90/><T66/><D66/><U133/><E57/><V85/><F73/><T128/><D128/><U123/><N who="1" m="31520" /><U114/><E114/><V62/><REACH who="2" step="1"/><F103/><REACH who="2" ten="356,375,309,0" step="2"/><T119/><D119/><U48/><E68/><V127/><F127/><T0/><D131/><U52/><E101/><V60/><F60/><T102/><D102/><U76/><E70/><V63/><F63/><T106/><D0/><U75/><E75/><V61/><F61/><T91/><D91/><U134/><E65/><V112/><F112/><T108/><N who="0" m="41490" /><T107/><N who="0" m="26624" /><DORA hai="74" /><DORA hai="125" /><T117/><D117/><U83/><E79/><V42/><F42/><T71/><D71/><U51/><E43/><RYUUKYOKU ba="0,1" sc="356,10,375,-20,309,10,0,0" hai0="88,93,132,135" hai2="32,34,37,41,46,53,56,62,78,81,85,97,100" /><INIT seed="2,1,1,5,0,123" ten="366,355,319,0" oya="2" hai0="97,126,50,51,96,95,61,88,47,71,33,100,127" hai1="60,128,114,39,90,92,59,56,32,46,45,113,99" hai2="80,103,44,134,62,63,86,53,54,118,38,48,58" hai3=""/><V67/><F118/><T69/><D33/><U64/><E32/><V106/><F134/><T107/><D51/><U75/><E128/><V122/><N who="2" m="31264" /><V125/><F125/><T121/><N who="0" m="31008" /><T76/><D76/><U49/><E75/><V0/><F0/><T84/><D97/><U43/><REACH who="1" step="1"/><E56/><REACH who="1" ten="366,345,319,0" step="2"/><V78/><F38/><T74/><D74/><U91/><E91/><V87/><F103/><T102/><D100/><U132/><E132/><V82/><F106/><T111/><D127/><U2/><E2/><V34/><F34/><T68/><D126/><U131/><E131/><V81/><REACH who="2" step="1"/><F78/><REACH who="2" ten="366,345,309,0" step="2"/><T116/><D102/><U70/><E70/><AGARI ba="1,3" hai="44,48,53,54,58,62,63,67,70,80,81,82,86,87" m="31264" machi="70" ten="40,7700,0" yaku="1,1,2,1,52,1,53,0" doraHai="123" doraHaiUra="109" who="2" fromWho="1" sc="366,0,345,-79,309,109,0,0" /><INIT seed="2,2,0,1,1,115" ten="366,266,418,0" oya="2" hai0="113,117,90,32,51,71,92,127,52,89,39,121,132" hai1="33,75,59,73,124,128,54,78,36,62,47,42,122" hai2="43,134,58,3,72,118,119,49,81,107,0,76,67" hai3=""/><V70/><F58/><T63/><N who="0" m="31008" /><T53/><D39/><U35/><N who="1" m="31264" /><U133/><E124/><V45/><F107/><T80/><D127/><U93/><E128/><V60/><REACH who="2" step="1"/><F134/><REACH who="2" ten="366,266,408,0" step="2"/><T85/><D132/><U41/><E133/><V46/><F46/><T95/><D113/><U77/><E59/><V104/><F104/><T66/><D32/><U50/><E47/><V108/><F108/><T91/><D117/><AGARI ba="2,1" hai="0,3,43,45,49,60,67,70,72,76,81,117,118,119" machi="117" ten="40,12000,1" yaku="1,1,52,3,53,0" doraHai="115" doraHaiUra="87" who="2" fromWho="0" sc="366,-124,266,0,408,134,0,0" /><INIT seed="2,3,0,3,5,65" ten="242,266,542,0" oya="2" hai0="77,76,35,37,116,75,107,47,51,46,2,66,88" hai1="122,83,58,86,61,125,32,87,134,44,43,34,73" hai2="36,101,129,112,106,119,123,56,103,114,118,41,91" hai3=""/><V82/><N who="2" m="31520" /><V39/><F129/><T71/><D107/><U111/><N who="1" m="31264" /><U89/><E111/><V59/><F91/><T104/><D104/><U99/><E125/><V78/><F106/><T98/><D37/><U117/><E134/><V96/><F96/><T74/><D35/><U126/><E126/><V84/><F82/><T113/><D66/><U102/><E117/><V55/><F84/><T3/><D116/><U42/><E42/><V68/><F55/><T109/><D98/><U33/><E73/><V90/><F90/><T81/><D81/><U60/><E58/><V92/><F41/><T132/><D88/><U0/><E0/><V80/><F80/><T100/><D100/><U54/><E54/><V53/><F53/><T115/><D2/><U93/><REACH who="1" step="1"/><E87/><REACH who="1" ten="242,256,542,0" step="2"/><V128/><F118/><T108/><D3/><U67/><E67/><V70/><F119/><T1/><D132/><U38/><AGARI ba="3,1" hai="32,33,34,38,43,44,60,61,83,86,89,93,99,102" m="31264" machi="38" ten="30,3000,0" yaku="1,1,0,1,52,1,53,0" doraHai="65" doraHaiUra="124" who="1" fromWho="1" sc="242,-13,256,46,542,-23,0,0" /><INIT seed="4,0,0,3,1,0" ten="229,302,519,0" oya="0" hai0="47,37,86,44,78,111,42,46,106,76,71,39,72" hai1="123,53,121,66,103,122,126,104,128,73,131,93,36" hai2="101,43,108,107,135,40,105,63,77,99,45,124,68" hai3=""/><T55/><D72/><U127/><N who="1" m="31008" /><U52/><N who="1" m="31264" /><U64/><N who="1" m="31520" /><U74/><E36/><V49/><F108/><T87/><D106/><U67/><E93/><V75/><F135/><T115/><D111/><U109/><E109/><V38/><F124/><N who="1" m="47657" /><E103/><V116/><F116/><T50/><D71/><U118/><E118/><V3/><F43/><T48/><D115/><U1/><E1/><V60/><F49/><T102/><D102/><U117/><E117/><V110/><F3/><T132/><D132/><U94/><E94/><V120/><N who="2" m="30752" /><V119/><F110/><T69/><D69/><U95/><E95/><V61/><F119/><T34/><D34/><U96/><E96/><V90/><F68/><T59/><D39/><U129/><E104/><V33/><F107/><T79/><REACH who="0" step="1"/><D59/><REACH who="0" ten="219,302,519,0" step="2"/><U92/><E92/><V130/><F101/><T81/><D81/><U58/><E58/><V88/><F105/><T56/><D56/><U89/><E89/><V82/><F88/><T80/><D80/><U112/><E112/><V65/><F82/><T134/><D134/><U57/><E57/><V84/><F90/><T97/><D97/><U125/><N who="1" m="47665" /><U54/><AGARI ba="0,1" hai="52,53,54,64,66,67,73,74,128,129,131" m="47665,31520,31264,31008" machi="54" ten="60,18000,4" yaku="4,1,29,2,28,2,19,1,18,1,52,3,54,1" doraHai="0" who="1" fromWho="1" sc="219,-120,302,190,519,-60,0,0" /><INIT seed="5,0,0,1,0,118" ten="99,492,459,0" oya="1" hai0="60,62,78,76,93,64,2,1,87,36,134,84,53" hai1="90,73,94,43,97,128,103,135,110,50,32,81,129" hai2="108,120,83,35,98,109,101,77,121,46,71,37,112" hai3=""/><U61/><E32/><V104/><N who="2" m="30752" /><V122/><N who="2" m="31008" /><V127/><N who="2" m="31264" /><V3/><F35/><T107/><D93/><U126/><E61/><V105/><F3/><T79/><D53/><U49/><E126/><V65/><F127/><T123/><N who="0" m="31520" /><T86/><D64/><U67/><E135/><V131/><F131/><N who="1" m="50249" /><E67/><V95/><F112/><T75/><D75/><U82/><E43/><V124/><F124/><T119/><D36/><U0/><E110/><V116/><F116/><T68/><D107/><U114/><E114/><V66/><F105/><T59/><D119/><U74/><E103/><V106/><F104/><T92/><D59/><U34/><E34/><V56/><F71/><T113/><D113/><U72/><E0/><V117/><F117/><T57/><D57/><U102/><E102/><V111/><F106/><T130/><D130/><U48/><AGARI ba="0,0" hai="48,49,50,72,73,74,81,82,90,94,97" m="50249" machi="48" ten="40,1400,0" yaku="19,1" doraHai="118" who="1" fromWho="1" sc="99,-7,492,14,459,-7,0,0" /><INIT seed="5,1,0,4,1,105" ten="92,506,452,0" oya="1" hai0="117,91,59,42,115,89,118,84,45,69,129,106,111" hai1="1,65,90,134,34,47,54,132,33,64,32,108,63" hai2="97,85,53,46,109,81,107,49,95,50,35,86,73" hai3=""/><U48/><E1/><V68/><F109/><T122/><D59/><U37/><E108/><V3/><F3/><T135/><D45/><U0/><E0/><V61/><F35/><T100/><D42/><U131/><E90/><V80/><F107/><T125/><D91/><U75/><E75/><V74/><F68/><T82/><D100/><U44/><E131/><V58/><F50/><T41/><D41/><U130/><E130/><V94/><F94/><T92/><D84/><U128/><E128/><V126/><F126/><T62/><D62/><U99/><E99/><V116/><F116/><T110/><D82/><N who="2" m="31850" /><F73/><T88/><D89/><U120/><N who="1" m="30752" /><U121/><N who="1" m="31008" /><U123/><N who="1" m="31520" /><U60/><E44/><V87/><F74/><T78/><D78/><U83/><E83/><V102/><F85/><T112/><D92/><U39/><E63/><V98/><F98/><T72/><D88/><U124/><E124/><V38/><F38/><N who="1" m="14345" /><E60/><V104/><F104/><T119/><D117/><U127/><E127/><V40/><AGARI ba="1,0" hai="40,46,49,53,58,61,86,87,95,97,102" m="31850" machi="40" ten="30,800,0" yaku="8,1" doraHai="105" who="2" fromWho="2" sc="92,-4,506,-6,452,10,0,0" /><INIT seed="6,0,0,2,3,102" ten="88,500,462,0" oya="2" hai0="38,123,32,88,91,48,79,107,40,76,132,65,68" hai1="127,69,87,77,111,95,74,54,116,0,51,121,93" hai2="126,37,55,134,122,78,64,66,63,2,130,44,70" hai3=""/><V50/><N who="2" m="31264" /><V115/><F2/><T81/><N who="0" m="31520" /><T47/><D32/><U119/><N who="1" m="31008" /><U128/><E111/><V133/><F115/><T45/><D132/><N who="2" m="50794" /><F126/><T114/><D114/><U86/><E128/><V60/><F130/><T100/><D65/><N who="2" m="25194" /><F78/><T43/><D68/><U53/><E127/><V99/><F99/><T67/><D67/><U39/><E69/><V120/><N who="2" m="30752" /><V90/><F90/><T42/><D81/><U84/><E39/><V125/><F125/><T36/><D100/><U105/><E105/><V113/><F113/><T41/><N who="0" m="10240" /><DORA hai="97" /><T80/><D80/><U118/><E0/><V109/><F109/><T33/><D33/><U104/><E104/><V72/><F72/><T56/><D107/><U58/><E53/><V83/><F83/><AGARI ba="0,0" hai="51,54,58,74,77,83,84,86,87,93,95,116,118,119" m="31008" machi="83" ten="50,3200,0" yaku="12,1,52,1" doraHai="102,97" who="1" fromWho="2" sc="88,0,500,32,462,-32,0,0" owari="88,-51.0,532,48.0,430,3.0,0,0.0" /></mjloggm>