<mjloggm ver="2.3"><GO type="169" lobby="0"/><UN n0="%E3%82%A2%E3%83%A1%E3%83%B3%E3%83%9D%E3%81%A6%E3%81%B5" n1="%E3%81%BF%E3%81%8B%E3%82%82%E3%82%81" n2="%E3%81%B4%E3%82%8C" n3="%E3%81%A4%E3%82%89%E3%81%84%E3%80%82" dan="17,17,16,16" rate="2204.11,2183.15,2102.05,2093.07" sx="M,M,M,M"/><TAIKYOKU oya="0"/><INIT seed="0,0,0,2,0,81" ten="250,250,250,250" oya="0" hai0="19,8,46,109,44,108,35,85,65,40,83,130,134" hai1="27,110,55,80,64,98,48,97,16,96,52,112,104" hai2="89,47,12,56,7,84,72,103,23,125,14,37,106" hai3="11,99,18,17,21,10,92,69,132,93,54,33,58"/><T66/><D35/><U79/><E110/><N who="0" m="42601" /><D44/><U20/><E112/><V121/><F121/><W49/><G33/><T78/><D130/><U100/><E64/><V5/><F125/><W24/><G132/><T28/><D28/><U42/><E42/><V128/><F128/><W61/><G92/><T102/><D102/><U13/><E27/><V9/><F72/><W68/><G69/><T129/><D129/><U62/><E62/><V101/><F106/><W1/><G1/><T82/><D134/><U43/><E43/><V57/><F37/><W31/><G68/><T124/><D124/><U6/><E6/><V86/><F47/><W135/><G135/><T45/><D45/><U60/><E60/><V2/><F2/><W26/><G49/><N who="0" m="26823" /><D82/><U32/><E32/><V88/><F23/><W71/><G71/><T63/><D63/><U113/><E113/><V34/><REACH who="2" step="1"/><F34/><REACH who="2" ten="250,250,240,250" step="2"/><W36/><G36/><T127/><D127/><U15/><E15/><AGARI ba="0,1" hai="8,15,19,65,66,78,83,85" m="26823,42601" machi="15" ten="30,5800,0" yaku="14,1,10,1,52,1" doraHai="81" who="0" fromWho="1" sc="250,68,250,-58,240,0,250,0" /><INIT seed="0,1,0,1,3,84" ten="318,192,240,250" oya="0" hai0="59,115,85,44,34,51,100,46,79,49,21,55,19" hai1="4,7,2,17,96,31,106,116,33,47,95,128,50" hai2="87,57,74,101,69,118,28,102,20,15,54,132,38" hai3="81,39,126,36,26,14,45,5,82,35,83,90,78"/><T122/><D115/><U8/><E116/><V37/><F132/><W73/><G126/><T113/><D34/><U40/><E128/><V58/><F118/><W89/><G73/><T91/><D122/><U77/><E106/><V1/><F69/><W75/><G75/><T108/><D113/><U56/><E7/><V119/><F119/><W117/><G78/><T30/><D100/><U112/><E112/><V18/><F1/><W65/><G65/><T42/><D108/><U105/><E105/><V25/><F74/><W70/><G70/><T6/><D6/><U109/><E109/><V134/><F134/><W125/><G125/><T10/><D79/><U71/><E77/><V76/><F57/><W86/><G117/><T48/><D30/><U120/><E71/><V0/><F0/><W9/><G86/><T135/><D10/><U41/><E56/><V53/><F53/><W111/><G111/><T32/><D32/><U127/><E127/><V22/><F38/><W123/><G123/><T133/><D48/><U94/><E94/><V80/><REACH who="2" step="1"/><F37/><REACH who="2" ten="318,192,230,250" step="2"/><W23/><G39/><T130/><D135/><U98/><E2/><V121/><F121/><W24/><G36/><T92/><D133/><U52/><E120/><V124/><F124/><W66/><G66/><T131/><REACH who="0" step="1"/><D44/><REACH who="0" ten="308,192,230,250" step="2"/><U63/><E47/><V3/><F3/><W88/><G45/><T107/><D107/><U67/><E50/><AGARI ba="1,2" hai="15,18,20,22,25,28,50,54,58,76,80,87,101,102" machi="50" ten="30,3900,0" yaku="1,1,7,1,8,1,53,0" doraHai="84" doraHaiUra="43" who="2" fromWho="1" sc="308,0,192,-42,230,62,250,0" /><INIT seed="1,0,0,0,5,35" ten="308,150,292,250" oya="1" hai0="101,96,26,29,17,46,71,108,24,53,83,73,80" hai1="112,6,7,78,106,134,135,97,49,4,8,38,116" hai2="45,27,119,88,47,65,94,92,123,28,21,85,74" hai3="3,84,117,50,133,132,31,91,76,69,60,124,36"/><U19/><E112/><V11/><F119/><W22/><G36/><T98/><D71/><U37/><E116/><V120/><F74/><W43/><G117/><T10/><D108/><U121/><E121/><V103/><F65/><W66/><G76/><T23/><D73/><U14/><E78/><V63/><F63/><W107/><G107/><T131/><D131/><U77/><E77/><V30/><F30/><W129/><G129/><T115/><D115/><U1/><E49/><V40/><F40/><W95/><G3/><T41/><D53/><U82/><E82/><V52/><F11/><W16/><G31/><T51/><D96/><U75/><E75/><V87/><F47/><W114/><G114/><T20/><REACH who="0" step="1"/><D10/><REACH who="0" ten="298,150,292,250" step="2"/><U12/><E97/><N who="2" m="59831" /><F123/><W105/><G124/><T54/><D54/><U118/><E118/><V111/><F120/><W56/><G69/><T102/><D102/><U44/><E106/><AGARI ba="0,1" hai="17,20,23,24,26,29,41,46,51,80,83,98,101,106" machi="106" ten="30,2000,0" yaku="1,1,7,1,53,0" doraHai="35" doraHaiUra="59" who="0" fromWho="1" sc="298,30,150,-20,292,0,250,0" /><INIT seed="2,0,0,1,1,97" ten="328,130,292,250" oya="2" hai0="102,108,69,103,67,92,90,106,24,93,81,1,91" hai1="36,17,11,41,43,79,49,35,74,119,88,99,104" hai2="30,25,132,56,61,109,134,98,40,6,2,50,65" hai3="12,96,135,118,29,101,70,120,7,126,28,116,125"/><V58/><F2/><W0/><G70/><T33/><D1/><U127/><E119/><N who="3" m="45610" /><G120/><T62/><D108/><U128/><E127/><N who="3" m="48650" /><G0/><T38/><D38/><U107/><E128/><V84/><F6/><W14/><G135/><N who="2" m="51753" /><F84/><W89/><G89/><T85/><D106/><U39/><E35/><N who="2" m="20943" /><F109/><W64/><G64/><T77/><D24/><U122/><E49/><V19/><F19/><W110/><G110/><T34/><D34/><U100/><E122/><V42/><F98/><W10/><G14/><T112/><D33/><U124/><E124/><V94/><F94/><AGARI ba="0,0" hai="7,10,12,28,29,94,96,101" m="48650,45610" machi="94" ten="30,2000,0" yaku="18,1,52,1" doraHai="97" who="3" fromWho="2" sc="328,0,130,0,292,-20,250,20" /><INIT seed="3,0,0,5,4,73" ten="328,130,272,270" oya="3" hai0="119,44,70,28,46,67,123,106,37,55,89,6,12" hai1="127,22,77,110,92,31,1,116,0,23,118,17,84" hai2="45,71,83,8,69,2,125,48,47,26,53,11,101" hai3="134,103,36,4,49,68,20,58,21,132,51,32,131"/><W111/><G68/><T79/><D123/><U40/><E110/><V61/><F125/><W95/><G111/><T64/><D119/><N who="1" m="45611" /><E127/><V14/><F101/><W43/><G32/><T7/><D106/><U5/><E40/><V18/><F26/><W130/><G4/><T108/><D108/><U88/><E5/><V24/><F2/><N who="1" m="1129" /><E31/><V126/><F126/><W29/><G36/><T91/><D37/><U135/><E135/><N who="3" m="51754" /><G43/><T86/><D70/><U10/><E10/><V82/><F11/><W105/><G105/><T25/><D28/><U107/><E107/><V39/><F39/><W98/><G29/><T133/><D133/><U115/><E115/><V109/><F109/><W85/><G85/><T94/><D86/><N who="1" m="52247" /><E17/><V33/><F71/><W102/><G102/><T66/><D7/><U81/><AGARI ba="0,0" hai="22,23,77,81,84" m="52247,1129,45611" machi="81" ten="40,5200,0" yaku="12,1,52,1,54,1" doraHai="73" who="1" fromWho="1" sc="328,-13,130,52,272,-13,270,-26" /><INIT seed="4,0,0,4,1,126" ten="315,182,259,244" oya="0" hai0="68,60,54,71,132,48,81,58,93,4,44,16,21" hai1="13,92,70,61,98,94,121,25,112,55,9,10,109" hai2="133,67,115,78,42,41,52,73,20,117,22,43,63" hai3="86,46,30,118,72,50,80,11,102,76,87,5,8"/><T75/><D132/><U62/><E109/><V57/><F133/><W120/><G118/><T124/><D124/><U90/><E121/><V77/><F115/><W14/><G120/><T116/><D116/><U27/><E112/><V18/><F117/><W53/><G30/><T82/><D4/><U125/><E125/><V84/><F73/><W128/><G102/><T37/><D37/><U34/><E34/><V135/><F135/><W69/><G69/><T7/><D7/><U105/><E105/><V110/><F110/><W33/><G33/><T97/><D75/><U19/><E70/><V40/><N who="2" m="10240" /><DORA hai="23" /><V106/><F106/><W96/><G96/><T74/><D71/><U123/><E123/><V88/><F67/><W108/><G108/><T51/><D68/><U119/><E119/><V39/><F22/><W45/><G45/><T1/><D1/><U107/><E107/><V28/><F28/><W29/><G29/><T24/><D74/><U91/><E9/><V79/><F39/><W15/><REACH who="3" step="1"/><G128/><REACH who="3" ten="315,182,259,234" step="2"/><T47/><D47/><U101/><E101/><V99/><F99/><W95/><G95/><T104/><D104/><U35/><E35/><V134/><F134/><W64/><G64/><N who="0" m="38935" /><D48/><U129/><E129/><V100/><F100/><AGARI ba="0,1" hai="16,21,24,44,51,54,81,82,93,97,100" m="38935" machi="100" ten="30,5800,0" yaku="8,1,52,1,54,1" doraHai="126,23" who="0" fromWho="2" sc="315,68,182,0,259,-58,234,0" /><INIT seed="4,1,0,3,4,103" ten="383,182,201,234" oya="0" hai0="71,126,110,28,18,128,107,95,49,120,21,127,37" hai1="84,32,13,62,123,116,54,5,113,53,50,25,81" hai2="30,92,44,35,67,59,104,10,58,34,41,40,42" hai3="11,99,24,91,29,65,63,94,78,26,3,133,106"/><T2/><D37/><U125/><E116/><V55/><F30/><W111/><G111/><T93/><D71/><U115/><E123/><V22/><F22/><W131/><G133/><T114/><D120/><U31/><E125/><N who="0" m="47625" /><D114/><N who="1" m="43531" /><E62/><V23/><F23/><W7/><G131/><T98/><D28/><U72/><E72/><V79/><F79/><W112/><G112/><T14/><D2/><U97/><E97/><V51/><F10/><W0/><G78/><T20/><D128/><U119/><E119/><V117/><F117/><W9/><G106/><T60/><D60/><U57/><E53/><V66/><F92/><N who="0" m="35402" /><D21/><U87/><E81/><V85/><F104/><W73/><G29/><T8/><D20/><U12/><E12/><V38/><F85/><W45/><G73/><T96/><D110/><U70/><E70/><V132/><F132/><W33/><G33/><T61/><D61/><U121/><E121/><V129/><F129/><W15/><G0/><T88/><D49/><U76/><E76/><V122/><F122/><W100/><G3/><T6/><D107/><U83/><E83/><V48/><F35/><W135/><G135/><T4/><D98/><U118/><E118/><V47/><F34/><W1/><G100/><T64/><D64/><N who="2" m="24618" /><F38/><W134/><G134/><T36/><D36/><U77/><E77/><V109/><F109/><W130/><G130/><T69/><D69/><U27/><E27/><N who="3" m="10282" /><G1/><T105/><D105/><U19/><E5/><V39/><F39/><W89/><G11/><AGARI ba="1,0" hai="11,13,19,25,31,32,50,54,57,84,87" m="43531" machi="11" ten="30,2000,0" yaku="15,1,11,1" doraHai="103" who="1" fromWho="3" sc="383,0,182,23,201,0,234,-23" /><INIT seed="5,0,0,1,0,10" ten="383,205,201,211" oya="1" hai0="45,28,74,100,102,88,128,62,130,25,15,48,87" hai1="9,83,110,72,55,93,19,126,117,116,75,1,61" hai2="0,79,41,112,107,31,47,81,24,63,46,32,36" hai3="89,7,104,8,94,18,91,92,115,56,69,21,80"/><U54/><E126/><V96/><F112/><W35/><G69/><T16/><D74/><U135/><E135/><V78/><F46/><W120/><G35/><N who="0" m="20879" /><D62/><U129/><E129/><N who="0" m="49769" /><D48/><U119/><E110/><V133/><F133/><W65/><G104/><T103/><D45/><U127/><E127/><V64/><F79/><W71/><G71/><T14/><D16/><U42/><E42/><V40/><F40/><W134/><G134/><T125/><D125/><U123/><E123/><V121/><F121/><W20/><G120/><T60/><D60/><U95/><E61/><V53/><F53/><N who="1" m="19977" /><E19/><V66/><F66/><W49/><G18/><T50/><D50/><U90/><E9/><V124/><F124/><W76/><G65/><T2/><D2/><U85/><E1/><V38/><F0/><W43/><G8/><T51/><D51/><U11/><E11/><V30/><F30/><W67/><G49/><T4/><D4/><U109/><E109/><V57/><F38/><W29/><G7/><T131/><N who="0" m="49777" /><T17/><DORA hai="97" /><D17/><U37/><E37/><V13/><F78/><W82/><G76/><T106/><D106/><U86/><E83/><AGARI ba="0,0" hai="14,15,83,87,88,100,102,103" m="49777,20879" machi="83" ten="40,12000,2" yaku="19,1,52,5,54,1" doraHai="10,97" who="0" fromWho="1" sc="383,120,205,-120,201,0,211,0" /><INIT seed="6,0,0,2,4,0" ten="503,85,201,211" oya="2" hai0="28,107,38,112,24,52,81,100,68,15,132,133,119" hai1="19,33,118,51,5,46,66,127,25,45,121,73,39" hai2="94,53,10,20,85,135,71,12,114,36,47,99,60" hai3="116,76,90,72,8,87,17,103,102,48,30,61,40"/><V84/><F114/><W44/><G116/><T78/><D119/><U35/><E118/><V89/><F135/><N who="0" m="51786" /><D68/><U27/><E51/><V96/><F20/><W98/><G30/><T14/><D38/><U128/><E39/><V16/><F71/><W77/><G61/><T49/><D112/><U125/><E19/><V9/><F36/><W117/><G117/><T34/><D100/><N who="3" m="38441" /><G98/><T69/><D107/><U115/><E73/><V29/><F29/><W130/><G72/><N who="0" m="43207" /><D69/><U18/><E18/><V1/><F96/><W26/><G130/><T37/><D37/><U4/><E115/><V83/><F83/><N who="3" m="49535" /><G8/><T57/><AGARI ba="0,0" hai="14,15,24,28,34,49,52,57" m="43207,51786" machi="57" ten="30,2000,0" yaku="20,1,54,1" doraHai="0" who="0" fromWho="0" sc="503,20,85,-5,201,-10,211,-5" /><INIT seed="7,0,0,4,4,6" ten="523,80,191,206" oya="3" hai0="1,134,104,39,38,130,99,116,29,83,24,50,118" hai1="92,109,85,67,53,46,28,57,45,122,120,133,97" hai2="59,103,73,20,18,95,86,64,9,7,106,0,14" hai3="101,102,76,33,31,93,121,107,11,84,55,75,89"/><W135/><G121/><T88/><D1/><U22/><E109/><V48/><F73/><W94/><G135/><T124/><D134/><U35/><E133/><V91/><F64/><W123/><G107/><T5/><D5/><U96/><E35/><V81/><F81/><W105/><G105/><T87/><D130/><U27/><E120/><V56/><F48/><W77/><G75/><T42/><D124/><U30/><E122/><V41/><F41/><W69/><G69/><T125/><D125/><U72/><E72/><V115/><F115/><W49/><G33/><T74/><D74/><U4/><E30/><V8/><F20/><W44/><G31/><T117/><D50/><U43/><E4/><V36/><F36/><W26/><G26/><T68/><D42/><U127/><E127/><V3/><F3/><W108/><G123/><T66/><D66/><U71/><E85/><V34/><F34/><W63/><G63/><T114/><D68/><U90/><E96/><N who="2" m="59807" /><F106/><W60/><G60/><T54/><D54/><U110/><E110/><V70/><F70/><W126/><G126/><T52/><D52/><U111/><E111/><V40/><F40/><W62/><G62/><T65/><D65/><U2/><E2/><V119/><F119/><W98/><G108/><T10/><D114/><U131/><E131/><V112/><F112/><W23/><G23/><T47/><D104/><U58/><E71/><V37/><F37/><N who="0" m="13834" /><D24/><U25/><E27/><V21/><F21/><W79/><G102/><T19/><D19/><U51/><E43/><V61/><F61/><W12/><G12/><RYUUKYOKU ba="0,0" sc="523,-30,80,10,191,10,206,10" hai1="22,25,28,45,46,51,53,57,58,67,90,92,97" hai2="0,7,8,9,14,18,56,59,86,91" hai3="11,44,49,55,76,77,79,84,89,93,94,98,101" /><INIT seed="7,1,0,1,2,124" ten="493,90,201,216" oya="3" hai0="129,120,0,11,25,123,39,32,128,2,103,63,37" hai1="7,78,29,85,88,121,57,50,33,81,13,91,77" hai2="48,102,74,97,111,109,41,89,118,83,54,119,36" hai3="100,66,116,31,58,105,6,55,16,59,9,130,135"/><W60/><G116/><N who="2" m="44585" /><F41/><W101/><G135/><T53/><D103/><U90/><E121/><N who="0" m="46665" /><D63/><U75/><E33/><V125/><F54/><W127/><G127/><T70/><D53/><U115/><E29/><V69/><F69/><W49/><G130/><N who="0" m="50283" /><D70/><U98/><E115/><V84/><F48/><W43/><G105/><T132/><D132/><U106/><E7/><V10/><F10/><W26/><G43/><T42/><D11/><U27/><E13/><V17/><F125/><W104/><G104/><T67/><D67/><U94/><E27/><V22/><F109/><W28/><G101/><T99/><D99/><U5/><E5/><V38/><F97/><W92/><G100/><T73/><D73/><U15/><E15/><V134/><F74/><W47/><G59/><T24/><D24/><U71/><E71/><V62/><F62/><W20/><REACH who="3" step="1"/><G92/><REACH who="3" ten="493,90,201,206" step="2"/><T44/><D39/><U52/><REACH who="1" step="1"/><E106/><REACH who="1" ten="493,80,201,206" step="2"/><V56/><F134/><W35/><G35/><T93/><D93/><U61/><E61/><V72/><F111/><W40/><G40/><T1/><D1/><AGARI ba="1,2" hai="1,6,9,16,20,26,28,31,47,49,55,58,60,66" machi="1" ten="30,11600,0" yaku="1,1,7,1,54,1,53,1" doraHai="124" doraHaiUra="18" who="3" fromWho="0" sc="493,-119,80,0,201,0,206,139" /><INIT seed="7,2,0,0,3,5" ten="374,80,201,345" oya="3" hai0="92,56,85,36,94,112,108,91,62,124,21,76,27" hai1="80,23,29,87,63,88,1,100,17,72,96,129,37" hai2="116,117,122,10,130,107,52,46,2,40,99,125,25" hai3="127,90,58,3,22,13,35,60,93,77,12,120,114"/><W39/><G120/><T101/><D108/><U81/><E37/><V41/><F41/><W20/><G39/><T102/><D124/><U71/><E129/><V105/><F125/><W103/><G127/><T84/><D36/><U74/><E1/><V31/><F52/><N who="3" m="33863" /><G35/><T26/><D112/><U65/><E29/><V104/><F10/><W69/><G69/><T33/><D33/><U109/><E109/><V131/><F99/><N who="3" m="59887" /><G3/><T19/><D26/><U113/><E113/><V68/><F25/><W7/><G77/><T73/><D73/><N who="1" m="28267" /><E17/><V8/><F130/><W44/><G114/><T50/><D50/><U15/><E15/><N who="3" m="5706" /><G7/><T48/><D48/><U61/><E23/><V135/><F131/><W115/><G115/><T121/><D121/><U66/><E71/><V59/><F122/><W123/><G123/><T54/><D76/><N who="1" m="46471" /><E63/><V128/><F68/><W82/><G44/><T118/><D118/><U43/><E61/><V51/><F117/><W32/><G32/><T89/><AGARI ba="2,0" hai="19,21,27,54,56,62,84,85,89,91,92,94,101,102" machi="89" ten="30,4000,0" yaku="0,1,9,1,8,1" doraHai="5" who="0" fromWho="0" sc="374,46,80,-12,201,-12,345,-22" owari="420,52.0,68,-43.0,189,-21.0,323,12.0" /></mjloggm>