<mjloggm ver="2.3"><GO type="225" lobby="0"/><UN n0="%E3%82%A4%E3%83%8A%E3%82%BA%E3%83%9E%E8%91%AC%E5%84%80" n1="%E8%A8%88%E7%AE%97%E6%A9%9F%E8%87%AA%E7%84%B6" n2="%69%70%73%E6%88%A6%E5%A3%AB" n3="%E3%82%AB%E3%83%9C%E3%83%81%E3%83%A3%E3%82%BF%E3%83%8D" dan="17,17,16,16" rate="2211.96,2285.90,2041.68,2081.06" sx="F,M,F,M"/><TAIKYOKU oya="0"/><INIT seed="0,0,0,1,4,84" ten="250,250,250,250" oya="0" hai0="134,124,47,79,89,121,78,81,38,57,5,14,131" hai1="99,59,58,16,53,0,71,1,85,92,64,86,115" hai2="7,61,35,68,49,126,108,36,128,23,101,75,8" hai3="95,51,31,41,110,37,26,83,127,135,43,50,132"/><T82/><D121/><U97/><E71/><V3/><F35/><W40/><G37/><T44/><D124/><U48/><E115/><V19/><F36/><W102/><G127/><T116/><D116/><U45/><E0/><V113/><F126/><W87/><G110/><T24/><D134/><N who="3" m="51241" /><G95/><T39/><D131/><U20/><E1/><V54/><F108/><W4/><G4/><T125/><D125/><U77/><E99/><V70/><F75/><W76/><G102/><T130/><D130/><U17/><E17/><V119/><F113/><W80/><G80/><T22/><D57/><N who="1" m="21515" /><E64/><V56/><F119/><W69/><G69/><T88/><D5/><U94/><E77/><V123/><F123/><W73/><G73/><T107/><D107/><U9/><E9/><V91/><F101/><W21/><AGARI ba="0,0" hai="21,26,31,40,41,43,50,51,76,83,87" m="51241" machi="21" ten="30,1100,0" yaku="20,1" doraHai="84" who="3" fromWho="3" sc="250,-5,250,-3,250,-3,250,11" /><INIT seed="1,0,0,3,4,35" ten="245,247,247,261" oya="1" hai0="72,11,39,19,128,16,2,98,31,58,59,1,105" hai1="81,131,5,123,10,20,60,70,80,54,27,14,120" hai2="96,113,95,23,36,125,107,84,7,9,49,22,126" hai3="90,116,6,42,61,55,4,41,12,30,79,65,111"/><U101/><E131/><V8/><F36/><W100/><G111/><T44/><D72/><U117/><E117/><V75/><F75/><W43/><G116/><T74/><D74/><U38/><E38/><V45/><F107/><W40/><G100/><T67/><D128/><U86/><E101/><V94/><F84/><W24/><G79/><T64/><D31/><U26/><E81/><V76/><F76/><W112/><G112/><T37/><D11/><N who="2" m="4170" /><F7/><W73/><G73/><T102/><D102/><U71/><E26/><V62/><F62/><W83/><G12/><T121/><D44/><U99/><E99/><V93/><F96/><W77/><G55/><T133/><D98/><U46/><E71/><V34/><F34/><W134/><G90/><T25/><D25/><U32/><E32/><V56/><F56/><W68/><G134/><T28/><D28/><U87/><E87/><V129/><F113/><W29/><N who="3" m="10240" /><DORA hai="127" /><W132/><G132/><T124/><D133/><U47/><E47/><V57/><F45/><W48/><G48/><T63/><D63/><U17/><E46/><V13/><F129/><W110/><G110/><T130/><D130/><U82/><E82/><V122/><F122/><W108/><G108/><T78/><D121/><U33/><E33/><V15/><F126/><W89/><G89/><T103/><D103/><U66/><REACH who="1" step="1"/><E54/><REACH who="1" ten="245,237,247,261" step="2"/><N who="2" m="31951" /><F125/><W21/><G30/><T0/><D124/><U50/><E50/><V69/><F69/><W91/><G77/><AGARI ba="0,1" hai="5,10,14,17,20,27,60,66,70,77,80,86,120,123" machi="77" ten="30,2900,0" yaku="1,1,7,1,53,0" doraHai="35,127" doraHaiUra="114,106" who="1" fromWho="3" sc="245,0,237,39,247,0,261,-29" /><INIT seed="1,1,0,1,4,44" ten="245,276,247,232" oya="1" hai0="130,49,124,38,99,19,109,17,121,68,56,52,57" hai1="111,71,122,86,22,39,40,60,16,108,116,79,90" hai2="129,89,20,78,92,102,47,91,11,103,83,55,67" hai3="119,125,41,101,63,77,85,131,9,123,2,65,61"/><U36/><E116/><V34/><F34/><W23/><G123/><T93/><D68/><U28/><E122/><V128/><F67/><W4/><G119/><T107/><D121/><U100/><E28/><V21/><F11/><W112/><G112/><T48/><D107/><U72/><E100/><N who="2" m="38443" /><F55/><W35/><G35/><T84/><D38/><U135/><E135/><V37/><F37/><W74/><G131/><N who="2" m="50249" /><F47/><W105/><G125/><T31/><D109/><N who="1" m="42059" /><E40/><V132/><F132/><W113/><G113/><T12/><D124/><U120/><E120/><V27/><F92/><W58/><G41/><T50/><D31/><U80/><E60/><V64/><F64/><W14/><G63/><T25/><D25/><N who="1" m="14535" /><E71/><V110/><F110/><W46/><G61/><T53/><D130/><U13/><E13/><V32/><F32/><W70/><G65/><T5/><D49/><U43/><E43/><V54/><F54/><W114/><G14/><T76/><D12/><U115/><E115/><V45/><F21/><W106/><G23/><T69/><D69/><U6/><E6/><V29/><F45/><W88/><G46/><T51/><D51/><U98/><E36/><V117/><F117/><W97/><G70/><T33/><D5/><U42/><E39/><V87/><AGARI ba="1,0" hai="20,27,29,78,83,87,89,91" m="50249,38443" machi="87" ten="30,1100,0" yaku="19,1" doraHai="44" who="2" fromWho="2" sc="245,-4,276,-6,247,14,232,-4" /><INIT seed="2,0,0,5,3,28" ten="241,270,261,228" oya="2" hai0="101,94,86,17,23,56,33,98,72,73,58,96,15" hai1="68,82,119,62,65,76,35,8,10,102,40,81,122" hai2="11,27,21,117,116,78,12,26,125,107,74,39,100" hai3="36,105,13,121,18,51,131,106,20,30,108,70,57"/><V29/><F39/><W91/><G121/><T42/><D86/><U84/><E119/><V104/><F125/><W115/><G108/><T44/><D33/><U6/><E122/><V24/><F78/><W93/><G131/><T37/><REACH who="0" step="1"/><D98/><REACH who="0" ten="231,270,261,228" step="2"/><U87/><E35/><V59/><F74/><AGARI ba="0,1" hai="15,17,23,37,42,44,56,58,72,73,74,94,96,101" machi="74" ten="40,5200,0" yaku="1,1,2,1,53,1" doraHai="28" doraHaiUra="41" who="0" fromWho="2" sc="231,62,270,0,261,-52,228,0" /><INIT seed="3,0,0,0,5,18" ten="293,270,209,228" oya="3" hai0="1,125,55,61,94,88,126,108,110,116,119,83,73" hai1="101,48,86,50,109,75,4,98,41,21,132,54,17" hai2="82,93,2,99,121,111,91,9,10,22,59,42,128" hai3="62,34,49,26,106,77,52,102,96,66,114,105,122"/><W79/><G114/><T70/><D1/><U131/><E75/><V84/><F121/><W7/><G122/><T20/><D20/><U92/><E109/><N who="0" m="42089" /><D73/><U30/><E131/><V8/><F111/><W43/><G43/><T112/><D83/><U107/><E132/><V104/><F128/><W40/><G40/><T47/><D112/><U135/><E135/><V27/><F104/><W74/><G106/><T65/><D55/><U19/><E4/><V123/><F42/><W134/><G7/><T33/><D33/><U80/><E107/><V64/><F123/><W95/><G74/><T117/><D47/><N who="1" m="25711" /><E30/><N who="2" m="17783" /><F2/><W12/><G134/><T37/><D37/><U90/><E21/><V25/><F25/><W46/><G12/><T5/><D5/><U38/><E38/><V57/><F64/><W76/><G105/><T130/><D130/><U11/><E11/><N who="2" m="2819" /><V89/><AGARI ba="0,0" hai="57,59,82,84,89,91,93,99" m="2819,17783" machi="89" ten="30,4000,0" yaku="4,1,8,1,52,1" doraHai="18" who="2" fromWho="2" sc="293,-10,270,-10,209,40,228,-20" /><INIT seed="4,0,0,4,3,10" ten="283,260,249,208" oya="0" hai0="36,40,26,44,104,8,52,21,12,43,107,135,15" hai1="113,89,29,100,129,85,3,2,109,117,79,62,119" hai2="9,42,96,125,134,33,127,103,91,88,111,131,31" hai3="70,128,0,32,121,55,65,99,49,16,87,35,63"/><T30/><D135/><U39/><E39/><V93/><F111/><W71/><G71/><T46/><D52/><U80/><E29/><V24/><F134/><W84/><G0/><T92/><D92/><U25/><E25/><V78/><F78/><W112/><G112/><T132/><D132/><U122/><E109/><V5/><F42/><W86/><G128/><T110/><D110/><U66/><E122/><V108/><F131/><W102/><G121/><T6/><D15/><U7/><E129/><V28/><F28/><W126/><G126/><N who="2" m="48137" /><F108/><W68/><G68/><T17/><D30/><U27/><E27/><V116/><F116/><W47/><REACH who="3" step="1"/><G16/><REACH who="3" ten="283,260,249,198" step="2"/><T76/><D76/><U114/><E79/><V123/><F123/><W64/><G64/><T20/><D20/><U130/><E130/><V105/><F105/><AGARI ba="0,1" hai="32,35,47,49,55,63,65,70,84,86,87,99,102,105" machi="105" ten="40,1300,0" yaku="1,1,53,0" doraHai="10" doraHaiUra="133" who="3" fromWho="2" sc="283,0,260,0,249,-13,198,23" /><INIT seed="5,0,0,0,2,40" ten="283,260,236,221" oya="1" hai0="115,10,85,74,29,51,16,107,128,6,8,54,89" hai1="13,106,123,68,28,95,73,9,34,19,122,134,67" hai2="62,121,103,12,125,15,23,132,44,113,99,30,117" hai3="57,20,120,105,129,24,50,31,81,11,39,37,108"/><U96/><E73/><V63/><F121/><W18/><G108/><T5/><D74/><U79/><E79/><V114/><F117/><W53/><G120/><T36/><D36/><U92/><E134/><V17/><F30/><W14/><G129/><T22/><D107/><U45/><E95/><N who="2" m="58879" /><F132/><W69/><G105/><T87/><D115/><N who="2" m="44042" /><F125/><W46/><G69/><T21/><D21/><U33/><E33/><V0/><F0/><W82/><REACH who="3" step="1"/><G57/><REACH who="3" ten="283,260,236,211" step="2"/><T32/><D128/><U109/><E109/><V118/><F118/><W78/><G78/><T130/><D130/><U38/><E106/><V4/><F44/><W70/><G70/><T98/><D32/><U72/><E68/><V42/><F42/><W86/><G86/><T83/><D87/><U26/><E72/><V97/><F97/><W93/><G93/><T41/><D98/><U3/><E92/><V127/><F127/><W56/><G56/><T35/><D41/><N who="1" m="22711" /><E96/><V75/><F75/><W76/><G76/><T2/><D35/><U61/><E123/><V60/><F4/><W59/><G59/><N who="0" m="33247" /><D6/><U102/><E122/><V91/><F91/><W104/><G104/><T55/><D89/><U71/><E102/><V52/><F52/><W101/><G101/><T43/><D55/><U119/><E119/><V88/><F88/><W49/><G49/><T94/><D43/><U80/><E80/><AGARI ba="0,1" hai="11,14,18,20,24,31,37,39,46,50,53,80,81,82" machi="80" ten="40,2600,0" yaku="1,1,52,1,53,0" doraHai="40" doraHaiUra="58" who="3" fromWho="1" sc="283,0,260,-26,236,0,211,36" /><INIT seed="6,0,0,1,4,85" ten="283,234,236,247" oya="2" hai0="129,30,118,122,116,10,120,14,27,83,62,121,28" hai1="64,81,51,45,63,103,86,33,39,11,108,73,55" hai2="26,87,3,5,119,93,31,79,75,110,77,12,22" hai3="16,49,92,71,32,117,47,95,135,20,66,80,42"/><V46/><F119/><N who="0" m="45610" /><D62/><U111/><E33/><V40/><F75/><W106/><G117/><T107/><D107/><U23/><E73/><V78/><F3/><W72/><G106/><T91/><D129/><U6/><E103/><V112/><F112/><W9/><G135/><T21/><D30/><U24/><E39/><V8/><F110/><W88/><G32/><T115/><D115/><U82/><E82/><V56/><F56/><W133/><G133/><T69/><D69/><U37/><E37/><V17/><F93/><W128/><G9/><T54/><D54/><U29/><E63/><V134/><F134/><W35/><G35/><T61/><D61/><U130/><E64/><V34/><F87/><N who="3" m="50279" /><G72/><T1/><D1/><U84/><E84/><V7/><REACH who="2" step="1"/><F34/><REACH who="2" ten="283,234,226,247" step="2"/><W44/><G128/><T48/><D122/><U36/><E130/><V74/><F74/><W101/><G71/><T100/><D121/><U124/><E124/><V2/><F2/><W25/><G92/><T132/><D120/><U104/><E104/><V131/><F131/><W105/><G105/><T0/><D0/><U125/><E125/><V114/><F114/><W53/><G95/><T97/><D132/><U70/><E70/><V68/><F68/><W94/><G94/><N who="0" m="56543" /><D83/><U123/><E123/><V65/><F65/><W67/><G101/><T59/><D100/><U60/><E111/><V127/><F127/><W98/><G98/><T43/><D59/><U41/><E108/><V89/><F89/><W126/><G126/><T57/><D57/><U38/><E86/><V96/><F96/><W58/><G58/><RYUUKYOKU ba="0,1" sc="283,-15,234,-15,226,15,247,15" hai2="5,7,8,12,17,22,26,31,40,46,77,78,79" hai3="16,20,25,42,44,47,49,53,66,67" /><INIT seed="6,1,1,0,0,126" ten="268,219,241,262" oya="2" hai0="114,97,41,36,25,16,108,104,70,31,91,12,14" hai1="63,98,5,54,67,64,9,4,37,110,57,82,19" hai2="89,88,128,118,17,29,34,60,32,75,106,72,26" hai3="112,95,79,46,6,124,120,15,10,127,47,20,65"/><V68/><F118/><W92/><G120/><T56/><D108/><U52/><E110/><V66/><F34/><W115/><G79/><T44/><D70/><U133/><E37/><V7/><F7/><N who="1" m="2633" /><E133/><V59/><F128/><W1/><G65/><N who="1" m="25162" /><E98/><V61/><F106/><W71/><G71/><T58/><D12/><N who="1" m="7567" /><E82/><V99/><F99/><W45/><G20/><T109/><D109/><U49/><E54/><V113/><F113/><N who="3" m="43595" /><G1/><T18/><D114/><U51/><AGARI ba="1,1" hai="49,51,52,57,63" m="7567,25162,2633" machi="51" ten="30,2000,0" yaku="8,1,54,1" doraHai="126" who="1" fromWho="1" sc="268,-6,219,33,241,-11,262,-6" /><INIT seed="7,0,0,4,3,22" ten="262,252,230,256" oya="3" hai0="124,0,114,92,132,64,123,79,7,13,46,5,110" hai1="75,17,57,127,119,63,53,103,113,40,72,117,8" hai2="105,62,116,87,134,21,82,4,133,125,126,60,19" hai3="70,74,55,78,35,90,115,66,102,16,59,32,104"/><W77/><G115/><T37/><D110/><U73/><E113/><V51/><F105/><W96/><G70/><T121/><D0/><U99/><E40/><V54/><F4/><W12/><G66/><T108/><D108/><U11/><E127/><N who="2" m="48651" /><F116/><N who="1" m="44617" /><E17/><V14/><F87/><W67/><G67/><T6/><D64/><U129/><E129/><V18/><F82/><W49/><G90/><T52/><D79/><U106/><AGARI ba="0,0" hai="8,11,53,57,63,72,73,75,99,103,106" m="44617" machi="106" ten="40,1500,0" yaku="12,1" doraHai="22" who="1" fromWho="1" sc="262,-4,252,15,230,-4,256,-7" owari="258,6.0,267,36.0,226,-27.0,249,-15.0" /></mjloggm>