<mjloggm ver="2.3"><GO type="169" lobby="0"/><UN n0="%E6%BC%A3%E5%A4%8F" n1="%E3%83%88%E3%82%B7%E3%83%95%E3%83%BC%E3%83%8B" n2="%E5%9C%92%E5%9F%8E%E5%AF%BA%E6%80%9C" n3="%E6%81%A9%E7%94%B0%E5%B8%8C" dan="18,18,17,16" rate="2206.05,2211.28,2185.24,2142.66" sx="M,M,F,F"/><TAIKYOKU oya="0"/><INIT seed="0,0,0,3,3,82" ten="250,250,250,250" oya="0" hai0="105,74,58,111,95,92,81,47,114,57,104,63,78" hai1="108,54,7,120,66,5,61,8,2,77,76,32,87" hai2="12,131,62,48,52,19,30,121,24,59,42,49,13" hai3="88,56,40,31,1,33,134,51,20,124,71,18,101"/><T11/><D114/><U6/><E120/><V34/><F131/><W44/><G71/><T89/><D111/><U75/><E32/><V133/><F133/><W117/><G117/><T67/><D58/><U65/><E108/><V100/><F100/><W14/><G101/><T39/><D95/><U91/><E75/><V79/><F79/><N who="1" m="30281" /><E2/><V29/><F29/><W93/><G1/><T99/><REACH who="0" step="1"/><D11/><REACH who="0" ten="240,250,250,250" step="2"/><U15/><E66/><V25/><F59/><W16/><G56/><T103/><D103/><U72/><E65/><V85/><F121/><W41/><G134/><T53/><D53/><U45/><E72/><V106/><F52/><N who="3" m="29799" /><G124/><T102/><D102/><U28/><E61/><V37/><F62/><W21/><G33/><T127/><D127/><U0/><E54/><V98/><F34/><W128/><G128/><T123/><D123/><U27/><E45/><V70/><F70/><W107/><G107/><T17/><D17/><U119/><E119/><V86/><F19/><W64/><G64/><T46/><D46/><U3/><E6/><V23/><F106/><W96/><G31/><T116/><D116/><U43/><E5/><V60/><F60/><W38/><G38/><T69/><D69/><U126/><E126/><V50/><F30/><W109/><G109/><T122/><D122/><U83/><E43/><AGARI ba="0,1" hai="39,43,47,57,63,67,74,78,81,89,92,99,104,105" machi="43" ten="40,2000,0" yaku="1,1,53,0" doraHai="82" doraHaiUra="10" who="0" fromWho="1" sc="240,30,250,-20,250,0,250,0" /><INIT seed="0,1,0,1,3,125" ten="270,230,250,250" oya="0" hai0="11,9,67,116,77,42,63,13,8,48,121,46,100" hai1="74,134,132,99,10,92,14,79,35,117,133,38,33" hai2="49,50,51,30,62,108,87,83,112,109,15,53,127" hai3="128,72,17,135,43,96,70,23,37,120,124,6,24"/><T104/><D116/><U118/><E38/><V4/><F127/><W90/><G124/><T21/><D121/><U22/><E79/><V41/><F30/><W20/><G70/><T31/><D77/><U119/><E74/><V106/><F106/><W61/><G72/><T103/><D104/><U88/><REACH who="1" step="1"/><E22/><REACH who="1" ten="270,220,250,250" step="2"/><V105/><F109/><W2/><G20/><T76/><D76/><U82/><E82/><V129/><F83/><W64/><G23/><T47/><D47/><U52/><E52/><V68/><F53/><W3/><G37/><T29/><D29/><U66/><E66/><V28/><F108/><W85/><G64/><T98/><D31/><U89/><E89/><V36/><F36/><W81/><G90/><T102/><D21/><U130/><E130/><V32/><F129/><W58/><G81/><T12/><REACH who="0" step="1"/><D98/><REACH who="0" ten="260,220,250,250" step="2"/><U69/><E69/><AGARI ba="1,2" hai="8,9,11,12,13,42,46,48,63,67,69,100,102,103" machi="69" ten="40,3900,0" yaku="1,1,2,1,53,0" doraHai="125" doraHaiUra="107" who="0" fromWho="1" sc="260,62,220,-42,250,0,250,0" /><INIT seed="0,2,0,4,5,22" ten="322,178,250,250" oya="0" hai0="81,18,68,58,88,39,35,129,24,37,52,112,132" hai1="41,59,32,9,62,48,82,117,26,102,130,110,98" hai2="116,55,95,125,47,20,12,99,123,40,51,108,105" hai3="90,118,16,111,4,72,14,11,38,76,17,128,92"/><T126/><D112/><U60/><E117/><V65/><F123/><W63/><G118/><T75/><D68/><U69/><E110/><V0/><F108/><W23/><G38/><T120/><D120/><U64/><E130/><V56/><F125/><W31/><G128/><T85/><D129/><U104/><E9/><V2/><F105/><W8/><G8/><T96/><D126/><U83/><E48/><V109/><F65/><W84/><G63/><N who="0" m="36295" /><D35/><U43/><E43/><V73/><F40/><W77/><G111/><T7/><D75/><U78/><E41/><V1/><F73/><W134/><G134/><T66/><D66/><U34/><E34/><V119/><F1/><W10/><G72/><T106/><D132/><U57/><E62/><V49/><F0/><W89/><G89/><N who="0" m="51375" /><D106/><U46/><E46/><V13/><F47/><W103/><G103/><T107/><D107/><U67/><E67/><V80/><F2/><W53/><G53/><T50/><D7/><U15/><E83/><V79/><F80/><W33/><G33/><T115/><D115/><U87/><E15/><V45/><F13/><N who="3" m="5319" /><G31/><AGARI ba="2,0" hai="26,31,32,57,59,60,64,69,78,82,87,98,102,104" machi="31" ten="40,5200,0" yaku="25,2,52,1" doraHai="22" who="1" fromWho="3" sc="322,0,178,58,250,0,250,-58" /><INIT seed="1,0,0,2,3,37" ten="322,236,250,192" oya="1" hai0="130,39,88,58,40,104,114,85,32,86,90,116,48" hai1="70,33,102,119,75,61,52,73,23,4,92,124,41" hai2="34,31,22,98,55,126,7,21,78,53,8,1,19" hai3="84,101,13,129,110,69,95,15,26,122,30,25,11"/><U81/><E119/><V20/><F126/><W132/><G122/><T66/><D114/><U133/><E33/><V59/><F78/><W43/><G69/><T94/><D104/><U83/><E124/><V77/><F77/><W0/><G0/><T29/><D39/><U46/><E4/><V96/><F34/><W106/><G110/><T117/><D130/><U45/><E73/><V118/><F31/><W113/><G106/><T42/><D116/><U16/><E75/><V5/><F118/><W128/><G15/><T111/><D32/><U54/><E133/><V107/><F107/><W121/><G30/><T97/><D29/><U93/><E70/><V27/><F7/><W72/><G72/><T38/><D38/><U134/><E134/><V17/><F21/><W36/><G121/><T50/><D111/><U115/><E115/><V87/><F87/><N who="0" m="33290" /><D117/><U89/><E102/><V6/><F5/><N who="3" m="3311" /><G113/><T74/><D74/><U79/><E79/><V135/><F135/><W63/><G63/><N who="0" m="38263" /><D90/><U49/><E93/><V35/><F35/><W47/><G132/><T44/><D50/><N who="1" m="26927" /><E54/><AGARI ba="0,0" hai="40,42,44,48,54,88,94,97" m="38263,33290" machi="54" ten="30,7700,0" yaku="8,1,52,2,54,1" doraHai="37" who="0" fromWho="1" sc="322,77,236,-77,250,0,192,0" /><INIT seed="2,0,0,1,0,86" ten="399,159,250,192" oya="2" hai0="107,125,110,129,71,1,76,18,51,128,109,39,14" hai1="43,55,74,53,46,60,12,82,99,31,13,96,5" hai2="4,52,15,10,78,11,20,7,134,25,89,81,75" hai3="102,112,33,54,73,8,106,6,118,34,38,119,79"/><V22/><F134/><W94/><G106/><T45/><D107/><U131/><E131/><N who="0" m="50249" /><D1/><U70/><E31/><V29/><F22/><W26/><G38/><T72/><D71/><U37/><E70/><V47/><F11/><W120/><G120/><T67/><D67/><U57/><E55/><V116/><F116/><W32/><G26/><T24/><D39/><U36/><E36/><V50/><F89/><W91/><G102/><T41/><D24/><U44/><E44/><V40/><F40/><W100/><G100/><T27/><D27/><U84/><E74/><V126/><F126/><W48/><G79/><T92/><D92/><U77/><E12/><V0/><F0/><W23/><G73/><T21/><D125/><U95/><E95/><V63/><F63/><W61/><G112/><T69/><D69/><U42/><E42/><V104/><F104/><W16/><G23/><T101/><D101/><U103/><E103/><V80/><F80/><AGARI ba="0,0" hai="14,18,21,41,45,51,72,76,80,109,110" m="50249" machi="80" ten="30,1000,0" yaku="19,1" doraHai="86" who="0" fromWho="2" sc="399,10,159,0,250,-10,192,0" /><INIT seed="3,0,0,4,2,115" ten="409,159,240,192" oya="3" hai0="84,122,42,119,38,3,22,14,87,46,103,16,109" hai1="30,98,45,100,92,28,95,8,32,64,35,93,70" hai2="31,59,79,1,49,71,104,130,13,112,101,39,27" hai3="68,5,106,89,23,51,37,67,74,36,90,108,11"/><W81/><G106/><T121/><D3/><U24/><E8/><V53/><F1/><W132/><G132/><T40/><D109/><U117/><E45/><V47/><F112/><W105/><G105/><T50/><D119/><U83/><E83/><V33/><F130/><W20/><G74/><T62/><D103/><U72/><E72/><V54/><F79/><W43/><G67/><T126/><D126/><U94/><E117/><V6/><F39/><W52/><G68/><T77/><D42/><U134/><E134/><V34/><F34/><W63/><G63/><T10/><D38/><U88/><E70/><V75/><F75/><W12/><G108/><T123/><D77/><U18/><E18/><V127/><F127/><W125/><G125/><T21/><D62/><U113/><E64/><V80/><F80/><W85/><G90/><T111/><D111/><U86/><REACH who="1" step="1"/><E113/><REACH who="1" ten="409,149,240,192" step="2"/><V41/><F71/><W73/><G73/><T129/><D129/><U97/><E97/><V107/><F47/><W61/><G43/><T26/><REACH who="0" step="1"/><D22/><REACH who="0" ten="399,149,240,192" step="2"/><U128/><E128/><V4/><F41/><W120/><G36/><T102/><D102/><U66/><E66/><V60/><F101/><W110/><G37/><T135/><D135/><U7/><E7/><AGARI ba="0,2" hai="7,10,14,16,21,26,40,46,50,84,87,121,122,123" machi="7" ten="40,2600,0" yaku="1,1,54,1,53,0" doraHai="115" doraHaiUra="29" who="0" fromWho="1" sc="399,46,149,-26,240,0,192,0" /><INIT seed="4,0,0,4,0,134" ten="445,123,240,192" oya="0" hai0="97,80,31,51,57,67,44,10,47,45,6,81,16" hai1="36,73,124,60,121,5,78,64,133,96,115,49,40" hai2="61,98,21,58,2,29,30,99,117,1,76,87,12" hai3="34,17,135,79,82,55,13,83,75,54,18,37,32"/><T120/><D120/><U113/><E5/><V91/><F117/><W15/><G37/><T65/><D31/><U90/><E78/><V41/><F41/><W24/><G79/><T93/><D51/><U59/><E73/><V127/><F12/><W35/><G75/><T126/><D126/><U50/><E90/><V114/><F127/><W3/><G24/><T22/><D10/><U131/><E96/><V130/><F114/><N who="1" m="43529" /><E124/><V107/><F91/><W9/><G135/><T85/><D6/><U33/><E33/><V106/><F99/><W62/><G3/><T119/><D119/><U7/><E7/><V84/><F98/><W123/><G123/><T110/><D110/><U86/><E86/><V70/><F87/><W88/><G62/><N who="0" m="38095" /><D67/><U20/><E20/><V8/><F21/><W125/><G125/><T63/><D63/><U102/><E102/><V100/><F61/><W92/><G92/><T38/><D85/><U19/><E19/><V66/><F84/><W28/><G88/><N who="0" m="55463" /><D38/><U77/><E77/><V53/><F66/><W118/><G118/><T108/><D108/><U128/><E133/><V69/><F76/><W122/><G122/><T43/><D43/><U101/><E121/><V132/><F132/><W11/><G35/><T27/><AGARI ba="0,0" hai="16,22,27,44,45,47,80,81" m="55463,38095" machi="27" ten="30,6000,0" yaku="8,1,54,2" doraHai="134" who="0" fromWho="0" sc="445,60,123,-20,240,-20,192,-20" /><INIT seed="4,1,0,3,2,87" ten="505,103,220,172" oya="0" hai0="121,20,98,73,69,5,52,2,16,97,23,41,134" hai1="135,42,22,6,77,44,39,103,112,9,132,125,78" hai2="50,36,4,68,62,119,31,114,118,27,61,38,133" hai3="15,46,126,120,104,28,123,95,34,51,48,71,99"/><T26/><D121/><N who="3" m="46665" /><G104/><T84/><D73/><U8/><E125/><V130/><F4/><W18/><G71/><T79/><D69/><U66/><E66/><V109/><F27/><N who="3" m="18719" /><G46/><T56/><D41/><U128/><E128/><V129/><F31/><W89/><G126/><T58/><D58/><U91/><E103/><V32/><F32/><W94/><G95/><T53/><D134/><N who="1" m="51243" /><E22/><AGARI ba="1,0" hai="15,18,22,48,51,89,94,99" m="18719,46665" machi="22" ten="30,2000,0" yaku="13,1,52,1" doraHai="87" who="3" fromWho="1" sc="505,0,103,-23,220,0,172,23" /><INIT seed="5,0,0,2,0,80" ten="505,80,220,195" oya="1" hai0="71,51,55,126,107,114,24,73,33,56,62,97,78" hai1="133,117,110,123,82,15,120,0,36,58,89,5,16" hai2="68,52,7,1,131,100,127,66,67,48,19,44,81" hai3="105,35,17,30,95,92,64,69,109,54,38,70,93"/><U122/><E117/><V18/><F127/><W14/><G109/><T47/><D114/><U83/><E110/><V103/><F131/><W3/><G38/><T21/><D33/><U116/><E116/><V12/><F1/><W4/><G105/><T31/><D71/><U132/><E36/><V87/><F7/><W115/><G54/><T77/><D73/><U28/><E28/><V23/><F68/><W22/><G64/><N who="2" m="24617" /><F19/><W125/><G125/><T10/><D126/><U34/><E34/><V11/><F23/><W8/><REACH who="3" step="1"/><G115/><REACH who="3" ten="505,80,220,185" step="2"/><T128/><D107/><U63/><E0/><V119/><F119/><W112/><G112/><T59/><D55/><U79/><E5/><V46/><F46/><W124/><G124/><T43/><D47/><U27/><E27/><AGARI ba="0,1" hai="3,4,8,14,17,22,27,30,35,69,70,92,93,95" machi="27" ten="40,8000,1" yaku="1,1,24,2,53,1" doraHai="80" doraHaiUra="9" who="3" fromWho="1" sc="505,0,80,-80,220,0,185,90" /><INIT seed="6,0,0,3,4,24" ten="505,0,220,275" oya="2" hai0="111,54,106,29,40,123,39,13,51,42,133,70,114" hai1="4,33,135,6,56,62,28,76,64,130,124,3,5" hai2="88,96,55,80,91,79,101,126,41,0,116,57,100" hai3="89,25,9,46,132,26,34,1,117,52,58,112,27"/><V109/><F0/><W67/><G34/><T31/><D111/><U43/><E130/><V49/><F116/><W104/><G104/><T65/><D123/><U35/><E135/><V37/><F126/><W107/><G107/><T115/><D106/><U32/><E124/><V12/><F109/><W36/><G117/><T19/><D133/><U113/><E3/><V108/><F108/><W81/><G132/><T78/><D78/><U50/><E76/><V14/><F37/><W48/><G112/><N who="0" m="43051" /><D65/><U22/><E113/><V60/><F79/><W45/><G9/><N who="0" m="6575" /><D70/><U110/><E110/><V21/><F14/><W95/><G81/><T7/><D7/><U87/><E87/><N who="2" m="50279" /><F41/><N who="0" m="15978" /><D39/><U105/><E105/><V77/><F77/><W103/><G36/><T128/><D128/><U59/><E43/><V68/><F68/><W119/><G119/><T66/><D66/><U11/><E11/><V23/><F23/><W121/><G67/><T2/><D2/><U127/><E127/><V85/><F96/><N who="3" m="59807" /><G121/><T83/><D83/><U99/><E99/><V61/><F101/><W102/><G102/><T92/><D92/><U71/><E50/><V18/><F100/><W118/><G118/><T73/><D73/><U97/><E97/><V122/><F122/><W20/><G1/><T63/><D63/><U10/><E10/><V93/><AGARI ba="0,0" hai="12,18,21,49,55,57,60,61,85,91,93" m="50279" machi="93" ten="30,6000,0" yaku="25,1,8,1,54,1" doraHai="24" who="2" fromWho="2" sc="505,-20,0,-20,220,60,275,-20" owari="485,58.0,-20,-52.0,280,8.0,255,-14.0" /></mjloggm>