<mjloggm ver="2.3"><GO type="169" lobby="0"/><UN n0="%48%61%63%68%69%6E%61%6C" n1="%28%3B%E3%83%BB%E2%88%80%E3%83%BB%29" n2="%E3%83%88%E3%82%B7%E3%83%95%E3%83%BC%E3%83%8B" n3="%E7%9F%A5%E3%82%89%E3%82%93%E3%81%8C%E3%81%AA" dan="16,16,18,16" rate="2044.24,2185.24,2205.16,2106.60" sx="M,M,M,F"/><TAIKYOKU oya="0"/><INIT seed="0,0,0,1,3,65" ten="250,250,250,250" oya="0" hai0="20,74,0,78,104,79,66,91,26,106,89,43,86" hai1="114,132,88,15,61,35,63,133,109,126,62,127,29" hai2="33,84,1,82,93,3,130,122,92,18,111,59,117" hai3="55,77,99,101,68,27,60,45,124,5,118,40,134"/><T39/><D0/><U24/><E109/><V70/><F122/><W25/><G118/><T131/><D131/><U14/><E114/><V21/><F111/><W53/><G124/><N who="1" m="47658" /><E88/><V50/><F117/><W108/><G108/><T36/><D66/><U110/><E110/><V7/><F33/><W113/><G113/><T96/><D89/><U46/><E46/><V119/><F119/><W103/><G134/><AGARI ba="0,0" hai="14,15,24,29,35,61,62,63,132,133,134" m="47658" machi="134" ten="40,2600,0" yaku="20,1,18,1" doraHai="65" who="1" fromWho="3" sc="250,0,250,26,250,0,250,-26" /><INIT seed="1,0,0,5,0,111" ten="250,276,250,224" oya="1" hai0="106,6,83,132,130,37,79,93,40,134,122,123,28" hai1="67,101,57,91,131,64,97,20,73,46,13,104,77" hai2="21,126,59,41,80,76,127,115,45,84,96,9,63" hai3="99,82,118,86,33,100,68,61,109,90,94,16,117"/><U110/><E110/><V52/><F21/><W66/><G109/><T119/><D119/><U32/><E32/><V47/><F96/><W70/><G33/><T23/><D130/><U128/><E73/><V7/><F115/><W12/><REACH who="3" step="1"/><G68/><REACH who="3" ten="250,276,250,214" step="2"/><T89/><D123/><U121/><E121/><V51/><REACH who="2" step="1"/><F47/><REACH who="2" ten="250,276,240,214" step="2"/><W113/><G113/><T55/><D122/><U102/><E46/><V50/><F50/><W35/><G35/><T87/><D37/><U103/><E128/><V36/><F36/><W8/><AGARI ba="0,2" hai="8,12,16,61,66,70,82,86,90,94,99,100,117,118" machi="8" ten="30,7900,0" yaku="1,1,0,1,54,1,53,1" doraHai="111" doraHaiUra="62" who="3" fromWho="3" sc="250,-20,276,-39,240,-20,214,99" /><INIT seed="2,0,0,2,2,87" ten="230,237,220,313" oya="2" hai0="82,46,45,94,134,52,96,86,76,84,78,75,20" hai1="100,97,57,104,44,8,50,27,117,13,55,73,30" hai2="77,16,67,125,79,113,89,105,54,120,49,135,118" hai3="7,63,65,133,92,1,21,60,91,61,42,107,29"/><V14/><F118/><W116/><G107/><T70/><D70/><U80/><E117/><V58/><F105/><W95/><G116/><T34/><D34/><U40/><E73/><V23/><F120/><W43/><G133/><T127/><D134/><U115/><E115/><V110/><F135/><W32/><G32/><T85/><D127/><U93/><E80/><V48/><F113/><W17/><G29/><T132/><D132/><U111/><E111/><V53/><F125/><W24/><G65/><T41/><D78/><U59/><E104/><V74/><F74/><W90/><G1/><T106/><D106/><U68/><E68/><V19/><F110/><W129/><G7/><T119/><D119/><U11/><E57/><V26/><F67/><W64/><G64/><T18/><D41/><N who="3" m="15369" /><G129/><T128/><D128/><U36/><REACH who="1" step="1"/><E13/><REACH who="1" ten="230,227,220,313" step="2"/><V122/><F122/><W56/><G56/><T114/><D114/><U72/><E72/><V88/><F79/><W38/><G38/><T4/><D46/><U37/><E37/><V101/><F77/><W121/><G121/><T35/><D45/><U124/><E124/><V15/><F15/><W123/><G123/><T0/><D0/><U39/><E39/><V83/><F83/><W112/><G112/><T51/><D75/><U9/><E9/><N who="2" m="6223" /><F101/><W62/><N who="3" m="15360" /><DORA hai="66" /><W131/><G131/><T108/><D108/><U5/><E5/><V22/><F22/><AGARI ba="0,1" hai="8,11,22,27,30,36,40,44,50,55,59,93,97,100" machi="22" ten="30,2000,0" yaku="1,1,7,1,53,0" doraHai="87,66" doraHaiUra="28,31" who="1" fromWho="2" sc="230,0,227,30,220,-20,313,0" /><INIT seed="3,0,0,5,1,44" ten="230,257,200,313" oya="3" hai0="37,55,108,66,88,104,127,40,12,72,95,20,50" hai1="59,106,123,47,58,49,135,9,60,128,38,61,19" hai2="68,124,25,101,18,71,54,33,17,10,73,99,26" hai3="32,56,91,92,65,85,2,103,76,102,118,14,111"/><W86/><G118/><T114/><D114/><U70/><E106/><V94/><F73/><W15/><G2/><T57/><D72/><U117/><E9/><V115/><F115/><W63/><G32/><T79/><D104/><U29/><E29/><V31/><F124/><W36/><G36/><T11/><D79/><U119/><E19/><V87/><F87/><W131/><G131/><T42/><D127/><U83/><E83/><V67/><F67/><W69/><G69/><T77/><D77/><U125/><E125/><V53/><F18/><W80/><REACH who="3" step="1"/><G111/><REACH who="3" ten="230,257,200,303" step="2"/><T21/><D108/><U0/><E0/><V134/><F54/><W5/><G5/><N who="0" m="3183" /><D37/><U82/><E38/><V28/><F53/><W1/><G1/><T51/><D66/><U78/><E128/><V81/><F68/><W45/><G45/><N who="0" m="25895" /><D42/><N who="1" m="24823" /><E70/><V6/><F71/><W22/><G22/><T126/><D126/><U116/><E123/><V107/><F33/><W109/><G109/><T130/><D130/><U122/><E122/><V39/><F6/><W24/><G24/><T3/><D3/><U64/><E64/><V105/><F26/><W16/><G16/><T52/><D55/><U4/><E4/><V100/><F25/><W120/><G120/><T34/><D34/><U96/><E119/><V46/><F17/><W132/><G132/><T35/><D35/><U89/><E135/><V112/><F134/><W30/><G30/><T129/><D129/><U75/><E117/><V7/><F31/><W27/><G27/><T97/><AGARI ba="0,1" hai="20,21,51,52,57,88,95,97" m="25895,3183" machi="97" ten="30,8000,1" yaku="8,1,52,2,54,2" doraHai="44" who="0" fromWho="0" sc="230,90,257,-20,200,-20,303,-40" /><INIT seed="4,0,0,3,3,16" ten="320,237,180,263" oya="0" hai0="77,115,69,25,128,95,41,66,79,62,21,52,68" hai1="114,0,50,82,17,106,89,71,28,88,105,112,19" hai2="93,96,59,8,43,119,108,38,102,37,15,13,91" hai3="49,129,10,83,118,135,76,65,31,61,3,101,56"/><T32/><D115/><N who="1" m="44075" /><E71/><V23/><F108/><W122/><G122/><T103/><D32/><U30/><E0/><V117/><F43/><W120/><G118/><N who="2" m="45065" /><F59/><W54/><G120/><T7/><D69/><U87/><E50/><V70/><F70/><W20/><G135/><T29/><D41/><U99/><E89/><V100/><F13/><W39/><G39/><N who="2" m="14857" /><F23/><W58/><G101/><T111/><D111/><U98/><E19/><AGARI ba="0,0" hai="8,15,19,91,93,96,100,102" m="14857,45065" machi="19" ten="30,1000,0" yaku="12,1" doraHai="16" who="2" fromWho="1" sc="320,0,237,-10,180,10,263,0" /><INIT seed="5,0,0,4,0,26" ten="320,227,190,263" oya="1" hai0="3,5,9,24,99,79,32,125,93,120,59,42,37" hai1="108,116,104,130,84,14,2,109,7,82,35,121,100" hai2="12,88,85,75,16,69,0,135,49,78,73,45,52" hai3="51,34,68,66,17,43,117,63,89,19,87,105,124"/><U30/><E116/><V115/><F0/><W55/><G117/><T127/><D120/><U110/><E121/><V76/><F69/><W64/><G124/><N who="0" m="47691" /><D79/><U54/><E2/><V21/><F135/><W103/><G34/><T33/><D59/><U1/><E1/><V134/><F134/><W129/><G129/><T128/><D128/><U86/><E130/><V48/><F115/><W57/><G64/><T28/><D42/><U31/><E35/><V91/><F75/><W13/><G13/><T80/><D80/><U23/><E54/><N who="2" m="29967" /><F73/><W83/><G105/><T41/><D33/><U95/><E104/><V131/><F131/><W50/><G103/><N who="0" m="60911" /><D41/><U98/><E84/><V44/><F91/><W74/><G74/><T58/><D58/><U47/><E47/><V72/><F72/><W92/><G43/><T15/><D3/><U119/><E119/><V53/><F53/><W81/><G51/><T126/><D126/><U133/><E133/><V11/><F21/><W61/><G50/><T6/><D37/><U67/><E67/><V22/><F22/><W8/><G8/><T38/><D38/><U122/><E122/><V65/><F65/><W25/><G68/><T113/><D113/><U56/><E56/><V106/><F106/><W94/><G66/><T40/><D40/><U29/><E23/><V20/><F20/><W10/><G57/><T111/><D111/><U36/><E36/><V4/><F4/><AGARI ba="0,0" hai="4,5,6,9,15,24,28,32" m="60911,47691" machi="4" ten="30,2000,0" yaku="18,1,52,1" doraHai="26" who="0" fromWho="2" sc="320,20,227,0,190,-20,263,0" /><INIT seed="6,0,0,1,1,47" ten="340,227,170,263" oya="2" hai0="21,64,10,97,51,127,41,113,16,74,31,14,82" hai1="101,24,122,85,61,96,66,108,72,56,38,77,58" hai2="45,116,87,71,90,54,81,23,29,73,69,34,42" hai3="17,93,114,106,80,25,117,39,70,84,75,79,12"/><V67/><F116/><W44/><G117/><T8/><D113/><U88/><E108/><V52/><F34/><W89/><G70/><T28/><D127/><U119/><E119/><V135/><F135/><W1/><G1/><T128/><D128/><U109/><E109/><V112/><F112/><W50/><G39/><T103/><D64/><U49/><E38/><V123/><F123/><W26/><G106/><T65/><D65/><U92/><E122/><V37/><F73/><W7/><G7/><T131/><D131/><U110/><E110/><V2/><F2/><W15/><G114/><T130/><D130/><U6/><E6/><V83/><F83/><W9/><REACH who="3" step="1"/><G15/><REACH who="3" ten="340,227,170,253" step="2"/><T27/><D14/><U36/><E36/><V102/><F102/><W115/><G115/><T98/><D103/><U76/><E24/><V35/><F35/><W13/><G13/><T62/><D27/><U33/><E33/><V60/><REACH who="2" step="1"/><F71/><REACH who="2" ten="340,227,160,253" step="2"/><W94/><G94/><T133/><D133/><U5/><E72/><V4/><F4/><W121/><G121/><T120/><D74/><U111/><E5/><V91/><F91/><W105/><G105/><T43/><D120/><U124/><E111/><V99/><F99/><W3/><G3/><T32/><D97/><U100/><E100/><V46/><F46/><W18/><G18/><T129/><D98/><U86/><E101/><V78/><F78/><N who="1" m="30313" /><E124/><V20/><F20/><W48/><G48/><T19/><D129/><U0/><E0/><V107/><F107/><W126/><G126/><T57/><D19/><U125/><E125/><V53/><F53/><AGARI ba="0,2" hai="9,12,17,25,26,44,50,53,75,79,80,84,89,93" machi="53" ten="30,8000,1" yaku="1,1,6,1,7,1,52,1,53,1" doraHai="47" doraHaiUra="40" who="3" fromWho="2" sc="340,0,227,0,160,-80,253,100" /><AGARI ba="0,0" hai="49,53,56,58,61,66,85,86,88,92,96" m="30313" machi="53" ten="30,7700,0" yaku="6,1,8,1,52,1,54,1" doraHai="47" who="1" fromWho="2" sc="340,0,227,77,80,-77,353,0" /><INIT seed="7,0,0,5,4,89" ten="340,304,3,353" oya="3" hai0="50,105,123,13,110,35,26,34,53,132,59,90,31" hai1="44,5,72,58,43,69,21,61,109,56,28,9,95" hai2="135,15,120,33,51,36,117,101,67,131,73,42,0" hai3="62,75,18,76,14,104,68,97,12,86,24,54,46"/><W25/><G75/><T129/><D110/><U94/><E109/><V45/><F15/><N who="3" m="5675" /><G68/><T7/><D123/><U115/><E72/><V52/><F101/><W133/><G104/><T87/><D105/><U130/><E69/><V66/><F52/><W84/><G133/><T102/><D102/><U17/><E115/><V88/><F51/><N who="3" m="29047" /><G62/><T98/><D132/><U107/><E130/><V70/><F88/><W48/><G48/><T11/><D129/><U29/><E107/><V83/><F83/><N who="3" m="47207" /><G97/><T116/><D116/><U16/><E9/><V38/><F66/><W82/><G18/><N who="1" m="7274" /><E5/><V127/><F45/><W118/><G118/><T74/><D74/><U4/><E4/><V112/><F42/><W85/><G85/><T55/><D98/><U23/><E44/><V60/><F60/><W77/><AGARI ba="0,0" hai="24,25,77,82,86" m="47207,29047,5675" machi="77" ten="30,1500,0" yaku="8,1" doraHai="89" who="3" fromWho="3" sc="340,-5,304,-5,3,-5,353,15" owari="335,14.0,299,-10.0,-2,-50.0,368,46.0" /></mjloggm>