<mjloggm ver="2.3"><GO type="169" lobby="0"/><UN n0="%E3%81%BF%E3%81%8B%E3%82%82%E3%82%81" n1="%E3%81%9F%E3%81%A1%E3%83%90%E3%83%8A%E3%83%8A%40" n2="%E3%81%A4%E3%82%89%E3%81%84%E3%80%82" n3="%6D%61%74%6F%30%36%30%33" dan="17,17,16,18" rate="2176.97,2172.34,2095.34,2272.42" sx="M,M,M,M"/><TAIKYOKU oya="0"/><INIT seed="0,0,0,3,4,109" ten="250,250,250,250" oya="0" hai0="23,124,10,7,46,4,82,13,6,32,61,49,88" hai1="83,66,73,126,34,51,108,135,19,94,59,30,38" hai2="131,76,133,72,1,67,60,54,44,69,128,75,63" hai3="79,70,90,15,81,3,78,41,14,64,21,77,112"/><T17/><D124/><U106/><E19/><V99/><F1/><W103/><G3/><T80/><D61/><U102/><E94/><V117/><F76/><W68/><G103/><T47/><D32/><U95/><E95/><V39/><F133/><W116/><G116/><T86/><D80/><U26/><E51/><N who="2" m="29031" /><F39/><W91/><G41/><T130/><D130/><N who="2" m="49706" /><F117/><W36/><G36/><T92/><D92/><U123/><E38/><V113/><F113/><W118/><G118/><T25/><REACH who="0" step="1"/><D47/><REACH who="0" ten="240,250,250,250" step="2"/><U28/><E34/><V35/><F35/><W84/><G81/><T9/><D9/><U98/><E83/><V65/><F99/><W48/><G79/><T125/><D125/><U43/><E98/><V18/><F60/><W85/><G21/><T58/><D58/><U104/><E59/><V42/><F67/><W27/><G64/><T114/><D114/><U56/><E56/><V24/><F63/><W127/><G127/><T89/><D89/><U12/><E66/><V50/><F65/><W96/><G96/><T119/><D119/><U8/><E8/><V55/><F69/><W110/><G112/><T121/><D121/><U52/><E123/><V5/><F75/><W129/><G129/><T122/><D122/><U115/><E115/><V31/><F72/><W57/><G57/><T0/><D0/><U74/><E73/><V134/><F134/><W97/><G97/><T11/><D11/><U100/><E74/><V33/><F33/><W22/><G70/><T16/><D16/><U120/><E120/><V62/><F18/><N who="3" m="12759" /><G68/><T132/><D132/><U2/><E135/><RYUUKYOKU ba="0,1" sc="240,30,250,-10,250,-10,250,-10" hai0="4,6,7,10,13,17,23,25,46,49,82,86,88" /><INIT seed="0,1,1,4,3,78" ten="270,240,240,240" oya="0" hai0="121,56,43,29,108,119,60,38,46,80,68,58,27" hai1="129,66,85,103,42,32,61,31,133,8,39,106,48" hai2="24,54,82,23,51,110,115,49,95,20,132,45,73" hai3="3,1,113,57,15,109,88,116,30,5,96,126,89"/><T41/><D119/><U94/><E8/><V10/><F115/><W131/><G113/><T84/><D121/><U19/><E19/><V13/><F110/><W22/><G116/><T2/><D2/><U14/><E14/><V128/><F132/><W34/><G109/><T62/><D41/><U63/><E39/><V72/><F128/><W99/><G131/><T135/><D135/><U130/><E61/><V87/><F95/><W7/><G57/><T98/><D98/><N who="1" m="61815" /><E48/><V125/><F125/><W90/><G126/><T25/><D108/><U77/><E42/><V28/><F23/><W86/><G7/><T112/><D112/><U74/><E74/><V92/><F92/><W120/><G120/><T52/><D68/><N who="1" m="42079" /><E94/><V26/><F51/><W64/><G64/><T18/><D18/><U59/><E59/><V100/><F100/><W127/><G127/><T36/><D36/><U122/><E133/><V93/><F93/><W83/><G3/><T37/><D38/><U81/><E122/><V102/><F102/><W114/><G114/><T12/><D12/><U117/><E117/><V107/><F107/><W0/><G1/><T118/><D118/><U65/><E65/><V21/><F13/><W101/><G0/><T17/><D17/><U35/><E35/><V79/><REACH who="2" step="1"/><F10/><REACH who="2" ten="270,240,230,240" step="2"/><N who="3" m="4559" /><G34/><T70/><D70/><U47/><E47/><V44/><F44/><W69/><G69/><T76/><REACH who="0" step="1"/><D29/><AGARI ba="1,2" hai="20,21,24,26,28,29,45,49,54,72,73,79,82,87" machi="29" ten="30,7700,0" yaku="1,1,7,1,9,1,52,1,53,0" doraHai="78" doraHaiUra="11" who="2" fromWho="0" sc="270,-80,240,0,230,100,240,0" /><INIT seed="1,0,0,2,5,50" ten="190,240,330,240" oya="1" hai0="83,130,88,98,32,23,7,100,93,69,52,15,3" hai1="42,24,66,108,121,77,35,76,31,117,74,127,97" hai2="112,133,73,85,44,62,84,61,71,47,64,48,78" hai3="134,119,55,104,60,65,46,54,8,57,106,29,89"/><U102/><E117/><V14/><F133/><W109/><G134/><T122/><D69/><U25/><E121/><V39/><F112/><W9/><G119/><T12/><D32/><U28/><E127/><V92/><F39/><W131/><G109/><T72/><D122/><U58/><E74/><V33/><F33/><W95/><G131/><T67/><D67/><U105/><E42/><V40/><F44/><W6/><G29/><T123/><D123/><U87/><E87/><V36/><F36/><W125/><G125/><T0/><D130/><U110/><E24/><V114/><F114/><W59/><G46/><T5/><D0/><U81/><E31/><V10/><F62/><W53/><G59/><T94/><D3/><U68/><E58/><V37/><F37/><W135/><G135/><T2/><D2/><U38/><E38/><V4/><F92/><W107/><REACH who="3" step="1"/><G6/><REACH who="3" ten="190,240,330,230" step="2"/><T80/><D5/><U13/><E108/><V129/><F129/><W79/><G79/><T126/><D126/><U30/><E110/><V82/><AGARI ba="0,1" hai="4,10,14,40,47,48,61,64,71,73,78,82,84,85" machi="82" ten="30,1100,0" yaku="0,1" doraHai="50" who="2" fromWho="2" sc="190,-3,240,-5,330,21,230,-3" /><INIT seed="2,0,0,4,4,78" ten="187,235,351,227" oya="2" hai0="122,37,115,82,68,121,52,55,11,51,34,95,7" hai1="98,126,100,23,94,70,124,56,76,131,25,14,59" hai2="114,50,46,36,123,2,28,18,91,61,129,69,110" hai3="71,93,9,29,117,134,32,60,39,128,16,109,42"/><V73/><F114/><W15/><G117/><T118/><D37/><U101/><E70/><V21/><F73/><W47/><G109/><T45/><D115/><U127/><E131/><V27/><F123/><W86/><G128/><T12/><D118/><U3/><E3/><V99/><F129/><W125/><G134/><T119/><D119/><U132/><E132/><V48/><F2/><W57/><G125/><T26/><D68/><U58/><E14/><V4/><F4/><W111/><G71/><T106/><D106/><U20/><E76/><V66/><F110/><W79/><G111/><T62/><D95/><U30/><E100/><V81/><F36/><W1/><G1/><T22/><D34/><AGARI ba="0,0" hai="20,23,25,30,34,56,58,59,94,98,101,124,126,127" machi="34" ten="50,1600,0" yaku="18,1" doraHai="78" who="1" fromWho="0" sc="187,-16,235,16,351,0,227,0" /><INIT seed="3,0,0,3,1,125" ten="171,251,351,227" oya="3" hai0="36,13,101,76,89,79,117,78,39,58,46,108,37" hai1="31,116,65,30,61,72,107,29,111,48,32,44,123" hai2="41,34,11,81,133,132,15,88,51,40,66,0,21" hai3="38,129,86,75,106,54,47,20,10,53,84,115,122"/><W127/><G115/><T98/><D117/><U119/><E123/><V130/><F34/><W124/><G75/><T4/><D108/><U22/><E72/><V17/><F66/><W62/><G106/><T85/><D46/><U73/><E73/><V100/><F100/><W67/><G122/><T104/><D58/><N who="1" m="37047" /><E107/><V64/><F64/><W9/><G20/><T69/><D69/><U92/><E92/><V120/><F120/><W2/><G2/><T126/><D126/><U16/><E32/><V12/><F0/><W52/><G53/><T134/><D134/><N who="2" m="51818" /><F130/><W131/><G67/><T55/><D55/><N who="1" m="30087" /><E111/><V63/><F63/><W18/><G18/><T95/><D13/><N who="1" m="9487" /><E119/><V74/><F51/><W118/><G118/><T1/><D1/><U59/><E116/><V68/><F68/><W14/><G14/><T80/><REACH who="0" step="1"/><D4/><REACH who="0" ten="161,251,351,227" step="2"/><U56/><AGARI ba="0,1" hai="29,30,31,56,59" m="9487,30087,37047" machi="56" ten="30,2000,0" yaku="8,1,54,1" doraHai="125" who="1" fromWho="1" sc="161,-5,251,30,351,-5,227,-10" /><INIT seed="4,0,0,2,2,71" ten="156,281,346,217" oya="0" hai0="47,44,4,111,69,13,96,125,93,48,31,65,58" hai1="92,88,28,106,73,56,72,62,102,24,52,20,132" hai2="7,60,35,126,0,91,89,124,2,87,6,77,119" hai3="112,83,129,76,130,123,127,82,12,98,70,94,55"/><T9/><D125/><N who="2" m="48234" /><F35/><W134/><G70/><T11/><D111/><U46/><E106/><V115/><F115/><W107/><G107/><T49/><D69/><U40/><E102/><V45/><F77/><W1/><G1/><N who="2" m="617" /><F60/><W54/><G112/><T78/><D31/><U84/><E132/><V122/><F122/><W22/><G134/><T114/><D114/><U74/><E74/><V8/><F8/><W118/><G127/><T120/><D120/><U103/><E103/><V66/><F66/><W30/><G123/><T43/><D78/><U16/><E28/><V19/><F19/><W133/><G133/><T90/><D11/><U50/><AGARI ba="0,0" hai="16,20,24,40,46,50,52,56,62,72,73,84,88,92" machi="50" ten="20,8000,1" yaku="0,1,7,1,54,3" doraHai="71" who="1" fromWho="1" sc="156,-40,281,80,346,-20,217,-20" /><INIT seed="5,0,0,4,1,35" ten="116,361,326,197" oya="1" hai0="30,80,132,93,1,88,22,86,97,102,19,57,122" hai1="62,108,73,127,68,85,39,98,45,135,124,5,126" hai2="50,29,38,36,49,37,63,89,117,78,41,31,65" hai3="92,56,28,81,134,100,59,82,131,107,75,4,42"/><U74/><E85/><V23/><F78/><W10/><G107/><T52/><D132/><U61/><E98/><V69/><F117/><W115/><G134/><T70/><D70/><U21/><E135/><V15/><F89/><W14/><G115/><T120/><D30/><U6/><E21/><V91/><F91/><W47/><G131/><T0/><D120/><U71/><E45/><V103/><F103/><W18/><G28/><T58/><D122/><U46/><E46/><V130/><F130/><W112/><G112/><T13/><REACH who="0" step="1"/><D58/><REACH who="0" ten="106,361,326,197" step="2"/><U76/><E68/><V101/><F31/><W34/><G59/><T90/><D90/><U110/><E71/><V40/><F29/><W95/><G56/><T11/><D11/><U99/><E124/><V20/><F101/><W106/><G34/><T53/><D53/><U118/><E126/><V32/><F32/><W104/><G100/><T17/><D17/><U83/><E127/><V9/><F41/><W2/><G42/><T66/><D66/><U125/><E125/><V87/><F40/><W128/><G128/><T96/><D96/><U12/><E99/><V109/><F69/><W94/><G18/><T48/><AGARI ba="0,1" hai="0,1,13,19,22,48,52,57,80,86,88,93,97,102" machi="48" ten="20,16000,3" yaku="1,1,0,1,7,1,52,2,54,2,53,1" doraHai="35" doraHaiUra="77" who="0" fromWho="0" sc="106,170,361,-80,326,-40,197,-40" /><INIT seed="6,0,0,3,1,86" ten="276,281,286,157" oya="2" hai0="112,40,88,7,31,43,93,35,94,75,29,116,59" hai1="135,0,120,99,114,15,78,23,65,25,18,13,11" hai2="32,100,21,57,115,8,61,12,131,36,30,90,47" hai3="132,56,102,38,110,41,17,63,92,9,122,126,28"/><V58/><F115/><W129/><G122/><T16/><D112/><U4/><E114/><V113/><F113/><W87/><G110/><T71/><D71/><U81/><E120/><V77/><F77/><W22/><G129/><T80/><D75/><U6/><E6/><V39/><F32/><W133/><G126/><T2/><D35/><U26/><E65/><V14/><F100/><W85/><G28/><N who="0" m="10827" /><D7/><U118/><E118/><V104/><F104/><W119/><G9/><T111/><D111/><U84/><E26/><V83/><F47/><W10/><G10/><T64/><D2/><U95/><E135/><N who="3" m="51786" /><G41/><N who="0" m="15947" /><D16/><U27/><E0/><V123/><F123/><W20/><G20/><T42/><D42/><U49/><E49/><V108/><F108/><W109/><G38/><T105/><D105/><U34/><E34/><V72/><F131/><W53/><G119/><T127/><D127/><U69/><E69/><V91/><F30/><W70/><G70/><T121/><D121/><U96/><E27/><V101/><F8/><W67/><G109/><T107/><D107/><U62/><E62/><V37/><F101/><W19/><G22/><T125/><D125/><U50/><E50/><V79/><F21/><W73/><G73/><T98/><D116/><U82/><E25/><V33/><F33/><W130/><G130/><T1/><D1/><U134/><E134/><V117/><F117/><W66/><G17/><T51/><D98/><U106/><E99/><V46/><F61/><W45/><G19/><T54/><D64/><N who="3" m="24617" /><G45/><T60/><D60/><U24/><E24/><V97/><F46/><RYUUKYOKU ba="0,0" sc="276,15,281,-15,286,-15,157,15" hai0="51,54,59,80,88,93,94" hai3="53,56,63,85,87,92,102" /><INIT seed="7,1,0,1,2,132" ten="291,266,271,172" oya="3" hai0="5,42,51,36,110,81,21,8,72,32,135,19,79" hai1="23,57,80,29,20,62,54,67,87,46,116,130,121" hai2="12,83,61,24,120,125,94,91,13,74,108,9,3" hai3="128,43,33,109,118,76,44,2,70,71,14,26,73"/><W30/><G118/><T17/><D110/><U65/><E130/><V64/><F108/><W129/><G2/><N who="0" m="55" /><D32/><U55/><E121/><V99/><F125/><W82/><G109/><T124/><D124/><U15/><E116/><V133/><F133/><W10/><G128/><T86/><D86/><U35/><E35/><V92/><F120/><W49/><REACH who="3" step="1"/><G129/><REACH who="3" ten="291,266,271,162" step="2"/><T52/><D135/><U100/><E65/><V40/><F3/><W27/><G27/><T101/><D101/><U60/><E67/><V113/><F24/><W31/><G31/><T28/><D28/><U96/><E29/><V85/><F13/><W84/><G84/><T6/><D6/><AGARI ba="1,1" hai="6,10,14,26,30,33,43,44,49,70,71,73,76,82" machi="6" ten="30,2900,0" yaku="1,1,7,1,53,0" doraHai="132" doraHaiUra="103" who="3" fromWho="0" sc="291,-32,266,0,271,0,162,42" /><INIT seed="7,2,0,0,2,55" ten="259,266,271,204" oya="3" hai0="37,80,29,65,98,106,124,114,100,101,61,63,91" hai1="118,13,66,131,102,25,14,93,43,18,108,11,133" hai2="59,123,109,119,57,19,88,75,83,6,26,15,103" hai3="27,49,128,105,96,116,54,112,125,70,104,21,1"/><W130/><G116/><T111/><D111/><U36/><E108/><V134/><F109/><W38/><G38/><T85/><D124/><U107/><E107/><V24/><F119/><W127/><G1/><T86/><D37/><U32/><E32/><V31/><F134/><W0/><G0/><T92/><D114/><U48/><E133/><V77/><F103/><N who="3" m="62567" /><G70/><T89/><D29/><U45/><E131/><N who="3" m="50218" /><G105/><T62/><REACH who="0" step="1"/><D101/><REACH who="0" ten="249,266,271,204" step="2"/><U72/><E102/><V41/><F31/><N who="3" m="17903" /><G112/><T97/><D97/><U68/><E36/><V67/><F123/><W9/><G9/><T71/><AGARI ba="2,1" hai="61,62,63,65,71,80,85,86,89,91,92,98,100,106" machi="71" ten="20,2700,0" yaku="1,1,0,1,7,1,53,0" doraHai="55" doraHaiUra="23" who="0" fromWho="0" sc="249,43,266,-9,271,-9,204,-15" /><INIT seed="8,0,0,2,3,28" ten="292,257,262,189" oya="0" hai0="92,54,32,127,57,40,59,128,19,90,26,39,85" hai1="95,13,123,46,33,106,110,23,22,9,80,17,135" hai2="34,43,81,27,109,108,77,101,112,115,102,130,38" hai3="122,87,78,4,63,1,70,75,7,76,73,79,14"/><T134/><D128/><U84/><E106/><V98/><F130/><W88/><G1/><T2/><D2/><U11/><E33/><V67/><F67/><W25/><G122/><T124/><D134/><U62/><E95/><V103/><F43/><W121/><G121/><T6/><D6/><U89/><E110/><N who="2" m="42603" /><F27/><W99/><G99/><T3/><D3/><U45/><E135/><V55/><F55/><W111/><G111/><T29/><D19/><N who="1" m="10607" /><E62/><V68/><F34/><W86/><G25/><T61/><D59/><U53/><E45/><V132/><F38/><W0/><G86/><T66/><REACH who="0" step="1"/><D54/><REACH who="0" ten="282,257,262,189" step="2"/><U117/><E53/><V64/><F132/><W8/><G0/><T21/><D21/><U12/><E17/><V24/><F68/><W129/><G129/><T74/><D74/><U82/><E23/><V5/><F5/><W72/><G4/><T60/><D60/><U56/><E56/><V20/><F64/><W131/><G131/><T10/><D10/><U48/><E9/><V35/><F20/><W37/><G63/><T50/><D50/><U65/><E65/><V52/><F52/><W97/><G37/><T31/><D31/><U30/><E30/><V133/><F133/><W49/><G70/><T47/><AGARI ba="0,1" hai="26,29,32,39,40,47,57,61,66,85,90,92,124,127" machi="47" ten="30,6000,0" yaku="1,1,0,1,52,1,53,0" doraHai="28" doraHaiUra="18" who="0" fromWho="0" sc="282,70,257,-20,262,-20,189,-20" owari="352,45.0,237,-16.0,242,4.0,169,-33.0" /></mjloggm>