<mjloggm ver="2.3"><GO type="185" lobby="0"/><UN n0="%28%C2%B4%E3%81%B8%CE%B5%E3%81%B8%60%29" n1="%E5%86%AC%E6%A8%B9%E3%82%A4%E3%83%B4" n2="%E3%82%B5%E3%83%B3%E3%83%9E%E6%BC%81%E5%B8%AB%4B" n3="" dan="20,16,17,0" rate="2422.25,2155.15,2263.33,1500.00" sx="M,F,M,C"/><TAIKYOKU oya="0"/><INIT seed="0,0,0,5,0,90" ten="350,350,350,0" oya="0" hai0="62,121,57,125,120,33,86,66,52,107,38,65,72" hai1="34,129,119,111,122,106,43,45,49,101,78,67,74" hai2="46,69,82,77,35,71,84,117,56,124,59,61,100" hai3=""/><T39/><N who="0" m="30752" /><T131/><N who="0" m="31008" /><T50/><D33/><U60/><N who="1" m="31264" /><U112/><E119/><V134/><F35/><T44/><D72/><U130/><E34/><V79/><F134/><T41/><D107/><U73/><E111/><V118/><F59/><T87/><D131/><N who="1" m="50187" /><E78/><V48/><F100/><T97/><D125/><U96/><E112/><V115/><F79/><T1/><D1/><U93/><E93/><V2/><F2/><T83/><D97/><U95/><E106/><V40/><F115/><T37/><REACH who="0" step="1"/><D87/><REACH who="0" ten="340,350,350,0" step="2"/><U103/><E103/><V58/><F124/><T64/><D64/><U98/><E98/><V105/><F105/><T99/><D99/><U0/><E0/><V128/><F128/><T94/><D94/><U88/><E101/><V132/><F117/><T126/><D126/><U70/><AGARI ba="0,1" hai="43,45,49,60,67,70,73,74,88,95,96" m="50187,31264" machi="70" ten="30,5900,0" yaku="19,1,52,2,54,1" doraHai="90" who="1" fromWho="1" sc="340,-39,350,69,350,-20,0,0" /><INIT seed="1,0,0,4,3,86" ten="301,419,330,0" oya="1" hai0="71,46,83,103,118,36,69,135,74,56,89,119,101" hai1="95,120,134,106,73,51,116,40,57,44,63,127,100" hai2="131,108,113,93,55,105,94,39,111,130,132,87,49" hai3=""/><U92/><N who="1" m="30752" /><U98/><E116/><N who="0" m="44585" /><D135/><U96/><E134/><V129/><F105/><T42/><D56/><U84/><E127/><V76/><F39/><T133/><D133/><U33/><E33/><V68/><F68/><N who="0" m="26186" /><D89/><U67/><E73/><V109/><F132/><T3/><D3/><U52/><E84/><V59/><F113/><T60/><D60/><U47/><REACH who="1" step="1"/><E98/><REACH who="1" ten="301,409,330,0" step="2"/><V77/><REACH who="2" step="1"/><F87/><REACH who="2" ten="301,409,320,0" step="2"/><T54/><D74/><U126/><E126/><V1/><F1/><T125/><D125/><U85/><E85/><V32/><F32/><T81/><D81/><U37/><AGARI ba="0,2" hai="37,40,44,47,51,52,57,63,67,92,95,96,100,106" m="30752" machi="37" ten="20,12000,2" yaku="1,1,0,1,7,1,52,1,54,1,53,2" doraHai="86" doraHaiUra="41" who="1" fromWho="1" sc="301,-60,409,140,320,-60,0,0" /><INIT seed="1,1,0,1,1,65" ten="241,549,260,0" oya="1" hai0="72,47,93,59,118,84,66,109,86,54,3,62,115" hai1="48,124,102,92,113,106,135,51,55,97,56,45,131" hai2="85,37,35,36,101,130,78,32,98,81,76,0,58" hai3=""/><U112/><E113/><V121/><N who="2" m="31008" /><V82/><F0/><T60/><D3/><U70/><E70/><V90/><F130/><T125/><D115/><U61/><E131/><V52/><F35/><T133/><D72/><U43/><E124/><V71/><F71/><T128/><D128/><U83/><E135/><V107/><F32/><T114/><D114/><U46/><E83/><V80/><F78/><T132/><D125/><U64/><REACH who="1" step="1"/><E112/><REACH who="1" ten="241,539,260,0" step="2"/><V105/><F105/><AGARI ba="1,1" hai="43,45,46,48,51,55,56,61,64,92,97,102,105,106" machi="105" ten="40,7700,0" yaku="1,1,2,1,53,1" doraHai="65" doraHaiUra="53" who="1" fromWho="2" sc="241,0,539,89,260,-79,0,0" /><INIT seed="1,2,0,1,4,123" ten="241,628,181,0" oya="1" hai0="85,44,110,124,52,32,102,96,94,1,58,73,93" hai1="114,79,101,89,50,75,56,120,48,133,51,135,59" hai2="86,2,84,33,69,111,74,40,34,126,109,55,57" hai3=""/><U3/><N who="1" m="30752" /><U77/><E3/><V46/><F69/><T98/><D73/><U35/><E35/><V41/><F74/><T72/><D72/><U0/><E0/><V117/><F2/><T82/><D1/><U47/><E114/><V106/><F106/><T99/><D32/><U129/><E129/><V71/><F71/><T88/><D124/><U62/><E101/><V90/><F117/><T83/><D44/><U112/><E112/><V115/><F126/><T43/><D43/><U54/><E89/><V105/><F105/><T95/><D83/><U121/><N who="1" m="31008" /><U76/><E75/><V113/><F113/><T63/><REACH who="0" step="1"/><D110/><REACH who="0" ten="231,628,181,0" step="2"/><N who="2" m="41994" /><F115/><T108/><D108/><U64/><REACH who="1" step="1"/><E47/><REACH who="1" ten="231,618,181,0" step="2"/><V53/><F33/><T134/><D134/><AGARI ba="2,2" hai="48,50,51,54,56,59,62,64,76,77,79,133,134,135" m="31008,30752" machi="134" ten="40,18000,2" yaku="1,1,2,1,20,1,52,2,53,1" doraHai="123" doraHaiUra="49" who="1" fromWho="0" sc="231,-184,618,204,181,0,0,0" /><BYE who="1" /><INIT seed="1,3,0,5,2,113" ten="47,822,181,0" oya="1" hai0="38,83,32,55,93,99,57,65,60,53,119,72,98" hai1="42,94,80,37,107,49,74,46,133,1,88,127,36" hai2="51,110,132,96,85,52,84,34,39,45,35,114,48" hai3=""/><U103/><E103/><V40/><BYE who="0" /><F114/><UN n1="%E5%86%AC%E6%A8%B9%E3%82%A4%E3%83%B4" /><T116/><D116/><U111/><E107/><V120/><N who="2" m="30752" /><V70/><F70/><T108/><D108/><U118/><E118/><V97/><F110/><T121/><D121/><U56/><E111/><V123/><N who="2" m="31520" /><V75/><F75/><T81/><D81/><U124/><E133/><V67/><F67/><T106/><D106/><U41/><E56/><V105/><F39/><T86/><D86/><U77/><E1/><V117/><F117/><T58/><D58/><U54/><E54/><UN n0="%28%C2%B4%E3%81%B8%CE%B5%E3%81%B8%60%29" /><V43/><F132/><T73/><D38/><U76/><E76/><V47/><F105/><T134/><D134/><U68/><E68/><V66/><F66/><T63/><D32/><U101/><E101/><V95/><F52/><T59/><D119/><U0/><E0/><V92/><AGARI ba="3,0" hai="34,35,40,43,45,47,48,51,84,85,92,95,96,97" m="31520,30752" machi="92" ten="25,6000,1" yaku="0,1,22,2,52,2" doraHai="113" who="2" fromWho="2" sc="47,-23,822,-43,181,66,0,0" /><INIT seed="2,0,0,5,5,85" ten="24,779,247,0" oya="2" hai0="130,49,47,131,32,127,108,62,126,116,50,95,33" hai1="45,134,38,59,57,105,135,74,46,91,133,75,90" hai2="119,129,122,87,83,64,1,35,107,34,71,60,106" hai3=""/><V132/><N who="2" m="31264" /><V0/><F119/><T77/><D116/><U96/><E105/><V39/><F39/><T73/><D108/><U42/><E96/><V36/><F36/><T114/><D114/><U43/><E134/><V112/><F132/><T80/><D62/><U113/><E38/><V69/><F112/><AGARI ba="0,0" hai="42,43,45,46,57,59,74,75,90,91,112,113,133,135" machi="112" ten="25,6400,0" yaku="22,2,52,2" doraHai="85" who="1" fromWho="2" sc="24,0,779,64,247,-64,0,0" /><INIT seed="4,0,0,1,0,114" ten="24,843,183,0" oya="0" hai0="34,81,2,60,40,38,62,69,121,47,106,89,132" hai1="3,56,70,57,96,98,123,108,64,42,97,95,113" hai2="125,77,130,61,54,91,133,48,75,82,131,51,33" hai3=""/><T129/><N who="0" m="31008" /><T100/><D34/><U117/><N who="1" m="31520" /><U46/><E113/><V63/><F33/><T128/><D2/><U105/><E117/><V90/><F51/><T0/><D0/><U52/><E105/><V126/><F133/><T122/><N who="0" m="31264" /><T50/><D132/><U32/><E32/><V76/><F76/><T37/><D100/><U120/><N who="1" m="30752" /><U55/><E70/><V118/><F118/><T104/><D89/><N who="2" m="33802" /><F61/><T86/><D106/><U68/><E68/><V135/><F63/><T88/><D104/><U36/><E64/><V85/><F75/><T102/><D102/><U35/><E35/><V111/><F111/><T107/><D107/><U67/><E67/><V116/><F116/><T78/><D62/><U110/><E108/><V115/><F115/><T94/><D37/><U49/><E3/><V101/><F101/><T72/><REACH who="0" step="1"/><D38/><REACH who="0" ten="14,843,183,0" step="2"/><U103/><E36/><V99/><F135/><T74/><D74/><U134/><E134/><V53/><F77/><T41/><D41/><U87/><E42/><V92/><F99/><T127/><D127/><U119/><E97/><V44/><F131/><T65/><AGARI ba="0,1" hai="40,47,50,60,65,69,72,78,81,86,88,94,128,129" m="31264,31008" machi="65" ten="30,12000,2" yaku="1,1,0,1,52,2,54,1,53,1" doraHai="114" doraHaiUra="66" who="0" fromWho="0" sc="14,130,843,-60,183,-60,0,0" /><INIT seed="4,1,0,5,5,127" ten="144,783,123,0" oya="0" hai0="56,84,63,44,104,61,134,32,133,2,60,3,37" hai1="71,132,90,43,117,75,103,55,48,119,34,0,105" hai2="45,113,67,54,85,73,97,77,93,96,95,47,135" hai3=""/><T94/><D104/><U86/><E0/><V114/><F73/><T53/><D32/><U92/><E34/><V65/><F85/><T128/><D37/><U123/><N who="1" m="31520" /><U99/><E132/><N who="0" m="50793" /><D44/><U57/><E71/><V42/><F135/><T130/><D94/><U40/><REACH who="1" step="1"/><E75/><REACH who="1" ten="144,773,123,0" step="2"/><V131/><F113/><T126/><D126/><U70/><E70/><V102/><F114/><T52/><D3/><U124/><E124/><V72/><F72/><T83/><D2/><U87/><E87/><V106/><F97/><T89/><D53/><U35/><E35/><V59/><F54/><T66/><D66/><U69/><E69/><V36/><F65/><T64/><D64/><U107/><E107/><V1/><F67/><T121/><N who="0" m="31008" /><T49/><AGARI ba="1,1" hai="49,52,56,60,61,63,83,84,89,128,130" m="31008,50793" machi="49" ten="40,12000,2" yaku="4,1,20,1,52,3,54,1" doraHai="127" who="0" fromWho="0" sc="144,132,773,-61,123,-61,0,0" /><INIT seed="4,2,0,2,3,33" ten="276,712,62,0" oya="0" hai0="70,77,99,68,119,48,98,106,94,135,96,120,108" hai1="101,49,109,52,107,128,74,55,60,78,67,100,43" hai2="69,50,47,38,45,40,56,114,79,66,110,105,103" hai3=""/><T93/><N who="0" m="30752" /><T72/><D119/><U113/><E109/><V116/><F110/><T127/><D108/><U37/><E37/><V86/><F116/><T121/><N who="0" m="31008" /><T130/><D106/><U124/><E124/><V76/><F114/><T125/><D130/><U134/><E128/><V36/><F69/><N who="0" m="26730" /><D135/><U82/><E134/><V97/><F86/><T126/><D48/><U64/><E113/><V34/><F34/><T123/><N who="0" m="31520" /><T2/><D2/><U132/><E132/><V81/><F81/><AGARI ba="2,0" hai="72,77,81,93,94,96,98,99,125,126,127" m="31520,26730,31008,30752" machi="81" ten="40,12000,1" yaku="18,1,52,3" doraHai="33" who="0" fromWho="2" sc="276,124,712,0,62,-124,0,0" owari="400,0.0,712,66.0,-62,-66.0,0,0.0" /></mjloggm>