<mjloggm ver="2.3"><GO type="185" lobby="0"/><UN n0="%E3%81%BE%E3%81%98%E3%81%8D%E3%81%A1" n1="%E5%A4%9A%E6%9E%97%E6%99%8B" n2="%E6%B0%B7%E3%81%AE%4B" n3="" dan="17,16,16,0" rate="2200.61,2186.87,2110.85,1500.00" sx="M,M,M,C"/><TAIKYOKU oya="0"/><INIT seed="0,0,0,1,0,77" ten="350,350,350,0" oya="0" hai0="2,94,68,75,54,58,99,88,92,64,115,69,130" hai1="119,37,70,87,127,61,44,50,81,49,60,135,66" hai2="38,114,53,116,82,108,34,95,131,71,89,113,106" hai3=""/><T93/><D2/><U105/><E119/><V43/><F116/><T132/><D75/><U59/><E105/><V32/><F106/><T121/><N who="0" m="31008" /><T33/><D33/><U63/><E135/><V41/><F131/><T72/><D132/><U122/><N who="1" m="31264" /><U112/><E63/><V65/><F108/><T124/><D130/><U73/><E73/><V103/><F32/><T128/><D128/><U125/><E37/><V0/><F34/><T117/><D72/><U40/><E50/><V55/><F0/><T110/><D117/><U76/><REACH who="1" step="1"/><E112/><REACH who="1" ten="350,340,350,0" step="2"/><V86/><F38/><T96/><D115/><U35/><E35/><V101/><F114/><T91/><D110/><U111/><E111/><V80/><F113/><T134/><D134/><U67/><AGARI ba="0,1" hai="40,44,49,59,60,61,66,67,70,76,81,87,125,127" m="31264" machi="67" ten="30,6000,1" yaku="1,1,0,1,52,2,53,1" doraHai="77" doraHaiUra="36" who="1" fromWho="1" sc="350,-40,340,70,350,-20,0,0" /><INIT seed="1,0,0,3,3,58" ten="310,410,330,0" oya="1" hai0="127,82,103,60,112,80,101,70,33,2,108,66,32" hai1="50,73,134,111,78,57,129,96,39,109,44,115,71" hai2="40,84,41,76,118,47,126,104,130,1,59,121,114" hai3=""/><U87/><E71/><V133/><F1/><T85/><D2/><U46/><E115/><V67/><N who="2" m="31008" /><V131/><F114/><T122/><N who="0" m="31264" /><T120/><N who="0" m="30752" /><T99/><D112/><U98/><E73/><V63/><F118/><T37/><D37/><U68/><E68/><V93/><F133/><T128/><D128/><N who="2" m="49194" /><F126/><T61/><D127/><U79/><E129/><V91/><F104/><T135/><D135/><U74/><E74/><V88/><F76/><T45/><D108/><U116/><E116/><V89/><F40/><T54/><D103/><U62/><E134/><V77/><F77/><T69/><D85/><U125/><E125/><V56/><F59/><T100/><D100/><U55/><E79/><V72/><F72/><T110/><D110/><N who="1" m="41995" /><E87/><V97/><F84/><T36/><D32/><U102/><E78/><V52/><F67/><T51/><D36/><AGARI ba="0,0" hai="36,41,47,52,56,63,88,89,91,93,97" m="49194,31008" machi="36" ten="30,8000,1" yaku="19,1,52,2,54,2" doraHai="58" who="2" fromWho="0" sc="310,-80,410,0,330,80,0,0" /><INIT seed="2,0,0,4,0,58" ten="230,410,410,0" oya="2" hai0="65,89,63,106,52,131,90,56,43,36,42,54,112" hai1="55,69,120,80,68,104,74,81,59,32,97,100,78" hai2="91,130,85,116,39,53,125,73,70,71,83,132,124" hai3=""/><V77/><F116/><T113/><D106/><U60/><N who="1" m="30752" /><U34/><REACH who="1" step="1"/><E80/><REACH who="1" ten="230,400,410,0" step="2"/><V119/><F119/><T99/><D131/><U44/><E44/><V129/><F130/><T41/><D36/><U49/><E49/><V82/><F129/><T67/><D99/><U50/><E50/><V121/><F121/><T61/><D90/><U101/><E101/><V122/><F122/><T102/><D89/><U46/><E46/><V105/><F39/><T128/><D102/><U66/><E66/><V126/><F125/><T134/><D128/><U94/><E94/><V107/><F126/><T38/><D38/><U40/><E40/><V92/><F124/><T110/><D110/><U62/><E62/><V96/><F107/><T117/><D117/><U111/><E111/><V76/><F105/><T35/><D35/><AGARI ba="0,1" hai="32,34,35,55,59,60,68,69,74,78,81,97,100,104" m="30752" machi="35" ten="40,8000,1" yaku="1,1,52,2,53,1" doraHai="58" doraHaiUra="93" who="1" fromWho="0" sc="230,-80,400,90,410,0,0,0" /><INIT seed="4,0,0,1,0,84" ten="150,490,410,0" oya="0" hai0="112,82,77,93,102,114,86,100,71,44,33,41,35" hai1="105,81,54,68,89,60,40,39,57,70,32,134,131" hai2="45,80,129,51,42,2,58,64,116,135,123,115,76" hai3=""/><T121/><N who="0" m="31008" /><T109/><D71/><U128/><E32/><N who="0" m="12361" /><D93/><U63/><E105/><V127/><N who="2" m="31520" /><V69/><F2/><T37/><D109/><U117/><E117/><V83/><F116/><T108/><D108/><U122/><N who="1" m="31264" /><U87/><E134/><V1/><F135/><T73/><D73/><U88/><E89/><V78/><F1/><T120/><N who="0" m="30752" /><T96/><D96/><U46/><REACH who="1" step="1"/><E70/><REACH who="1" ten="150,480,410,0" step="2"/><V36/><F69/><T133/><D133/><U106/><E106/><V49/><F76/><T62/><D62/><U66/><AGARI ba="0,1" hai="39,40,46,54,57,60,63,66,68,81,87,88,128,131" m="31264" machi="66" ten="30,6000,1" yaku="1,1,0,1,52,2,54,1,53,0" doraHai="84" doraHaiUra="95" who="1" fromWho="1" sc="150,-40,480,70,410,-20,0,0" /><INIT seed="5,0,0,1,3,45" ten="110,550,390,0" oya="1" hai0="44,86,63,90,41,72,78,101,43,133,89,70,117" hai1="104,93,69,67,35,113,91,33,135,77,118,106,84" hai2="56,105,66,121,80,108,85,112,88,40,3,94,96" hai3=""/><U71/><E118/><V102/><N who="2" m="31008" /><V54/><F3/><T62/><D117/><U128/><E128/><V61/><F108/><T37/><D133/><U50/><E135/><V107/><F112/><T52/><D41/><U1/><E1/><V98/><F40/><T32/><D32/><U57/><E113/><V127/><F127/><T82/><D101/><U116/><E116/><V51/><REACH who="2" step="1"/><F98/><REACH who="2" ten="110,550,380,0" step="2"/><T2/><D2/><U38/><E33/><V134/><F134/><T125/><D125/><U42/><E35/><V55/><F55/><T36/><D36/><U87/><E38/><V48/><F48/><T59/><D70/><AGARI ba="0,1" hai="51,54,56,61,66,70,80,85,88,94,96,102,105,107" m="31008" machi="70" ten="30,8000,1" yaku="1,1,7,1,52,2,54,1,53,0" doraHai="45" doraHaiUra="68" who="2" fromWho="0" sc="110,-80,550,0,380,90,0,0" /><INIT seed="6,0,0,0,1,105" ten="30,550,470,0" oya="2" hai0="112,134,38,72,68,98,92,62,115,76,116,99,78" hai1="89,125,122,42,86,43,113,104,132,102,135,2,65" hai2="41,53,48,117,101,94,60,67,77,33,124,70,40" hai3=""/><V49/><F33/><T103/><D38/><U131/><N who="1" m="31264" /><U79/><E125/><V133/><F117/><T84/><D62/><U128/><E113/><V0/><F124/><T88/><D68/><U82/><E2/><V80/><F0/><T74/><D116/><U106/><E65/><V108/><F108/><T57/><D57/><U36/><E79/><V120/><N who="2" m="30752" /><V3/><F3/><T73/><D134/><N who="1" m="51243" /><E102/><V121/><N who="2" m="31008" /><V87/><F133/><T69/><D69/><U71/><E71/><V90/><F101/><T54/><D54/><U58/><E58/><V127/><F127/><T37/><D37/><U32/><E32/><V35/><F35/><T123/><N who="0" m="31520" /><T100/><D115/><U81/><E82/><V96/><REACH who="2" step="1"/><F49/><REACH who="2" ten="30,550,460,0" step="2"/><T39/><D39/><U55/><E36/><V111/><F111/><T107/><REACH who="0" step="1"/><D112/><REACH who="0" ten="20,550,460,0" step="2"/><U63/><E131/><V91/><F91/><T75/><N who="0" m="18432" /><DORA hai="130" /><T93/><AGARI ba="0,2" hai="76,78,84,88,92,93,98,99,100,103,107" m="18432,31520" machi="93" ten="60,24000,5" yaku="1,1,4,1,0,1,35,6,52,5,54,1,53,1" doraHai="105,130" doraHaiUra="59,118" who="0" fromWho="0" sc="20,260,550,-80,460,-160,0,0" owari="280,-32.0,470,42.0,300,-10.0,0,0.0" /></mjloggm>