<mjloggm ver="2.3"><GO type="185" lobby="0"/><UN n0="%E3%82%BF%E3%83%AD%E3%81%95" n1="%E5%A4%9A%E6%9E%97%E6%99%8B" n2="%E6%B0%B7%E3%81%AE%4B" n3="" dan="16,16,16,0" rate="2095.17,2192.77,2111.13,1500.00" sx="M,M,M,C"/><TAIKYOKU oya="0"/><INIT seed="0,0,0,1,4,123" ten="350,350,350,0" oya="0" hai0="36,118,122,55,111,64,38,89,61,32,114,66,79" hai1="75,128,67,63,121,104,130,1,40,41,105,113,33" hai2="87,83,127,109,44,81,131,116,115,98,54,76,78" hai3=""/><T71/><N who="0" m="31264" /><T3/><D118/><U80/><N who="1" m="31008" /><U92/><E1/><V125/><F116/><T35/><D114/><U126/><E33/><V46/><F115/><T86/><D3/><U53/><E113/><V68/><F131/><N who="1" m="50217" /><E53/><V108/><F98/><T52/><D79/><U37/><E75/><V133/><F133/><T117/><D117/><U124/><E92/><V51/><F68/><T57/><D111/><N who="2" m="42570" /><F44/><T90/><D71/><U84/><E126/><V43/><F43/><T34/><D55/><U135/><E124/><V93/><F93/><T120/><N who="0" m="30752" /><T95/><REACH who="0" step="1"/><D90/><REACH who="0" ten="340,350,350,0" step="2"/><U2/><E2/><V134/><F134/><T45/><D45/><U91/><E135/><V101/><F101/><T72/><D72/><AGARI ba="0,1" hai="46,51,54,72,76,78,81,83,87,125,127" m="42570" machi="72" ten="30,7700,0" yaku="14,1,52,3" doraHai="123" who="2" fromWho="0" sc="340,-77,350,0,350,87,0,0" /><INIT seed="1,0,0,1,2,132" ten="263,350,437,0" oya="1" hai0="124,43,93,131,118,94,47,123,133,105,38,52,84" hai1="0,42,89,109,74,73,85,125,34,78,60,98,122" hai2="107,104,103,75,59,126,79,87,2,99,48,113,129" hai3=""/><U50/><N who="1" m="31264" /><U56/><E0/><V108/><F2/><T83/><N who="0" m="31520" /><T40/><D133/><U76/><E34/><V45/><F113/><T57/><D118/><U53/><E109/><V68/><F108/><T102/><D131/><U127/><E98/><V70/><F129/><T112/><D112/><U54/><E42/><V135/><F135/><T67/><D67/><U114/><E114/><V58/><F107/><T3/><D43/><U119/><E119/><V44/><F75/><T120/><N who="0" m="30752" /><T62/><D3/><U33/><E33/><V35/><F35/><T81/><D81/><U80/><E73/><V117/><F117/><T49/><D38/><U66/><E54/><V110/><F110/><T88/><REACH who="0" step="1"/><D124/><REACH who="0" ten="253,350,437,0" step="2"/><N who="1" m="47691" /><E74/><V77/><F126/><T116/><D116/><U82/><E80/><V97/><F97/><AGARI ba="0,1" hai="40,47,49,52,57,62,83,84,88,93,94,97,102,105" m="30752,31520" machi="97" ten="40,8000,1" yaku="1,1,52,2,54,2,53,0" doraHai="132" doraHaiUra="61" who="0" fromWho="2" sc="253,90,350,0,437,-80,0,0" /><INIT seed="2,0,0,5,4,71" ten="343,350,357,0" oya="2" hai0="121,57,125,72,65,37,123,3,1,59,126,109,89" hai1="81,108,70,116,40,110,112,80,64,47,42,86,93" hai2="77,79,54,73,32,58,132,76,68,41,130,44,0" hai3=""/><V62/><F0/><T85/><N who="0" m="31008" /><T51/><N who="0" m="31520" /><T122/><N who="0" m="31264" /><T63/><D109/><U50/><E112/><V102/><F32/><T75/><D3/><U119/><E42/><V43/><F132/><T105/><D105/><U92/><E64/><V87/><F130/><T128/><D128/><U83/><E70/><V114/><F114/><T107/><D107/><U104/><E104/><V46/><F73/><T55/><D37/><U100/><E100/><V103/><F68/><T2/><D2/><U88/><E93/><V48/><REACH who="2" step="1"/><F87/><REACH who="2" ten="343,350,347,0" step="2"/><T131/><D131/><U117/><AGARI ba="0,1" hai="40,47,50,80,81,83,86,88,92,108,110,116,117,119" machi="117" ten="40,3900,0" yaku="0,1,12,1,54,1" doraHai="71" who="1" fromWho="1" sc="343,-13,350,49,347,-26,0,0" /><INIT seed="4,0,0,1,3,54" ten="330,399,321,0" oya="0" hai0="95,73,72,34,131,49,83,38,37,126,130,108,33" hai1="103,98,84,75,58,128,114,51,135,134,102,56,44" hai2="117,115,127,87,70,122,100,133,132,64,107,2,35" hai3=""/><T120/><N who="0" m="30752" /><T116/><D116/><U63/><E75/><N who="0" m="28745" /><D83/><U90/><E128/><N who="0" m="49193" /><D95/><U94/><E114/><V79/><F64/><T99/><D99/><U111/><E63/><V39/><F87/><T74/><N who="0" m="28753" /><T47/><DORA hai="65" /><D126/><U96/><E111/><V129/><F127/><T93/><D93/><U69/><E69/><V48/><F70/><T101/><D101/><U105/><E135/><V40/><F100/><T97/><D97/><U92/><REACH who="1" step="1"/><E134/><REACH who="1" ten="330,389,321,0" step="2"/><V53/><F133/><T62/><D108/><U82/><E82/><V119/><F132/><T121/><N who="0" m="31008" /><T66/><D34/><U88/><E88/><V68/><F35/><T78/><D33/><U124/><E124/><V86/><F129/><T112/><D112/><U109/><E109/><V59/><F115/><T118/><D78/><U41/><AGARI ba="0,1" hai="41,44,51,56,58,84,90,92,94,96,98,102,103,105" machi="41" ten="20,6000,1" yaku="1,1,0,1,7,1,52,2,53,0" doraHai="54,65" doraHaiUra="57,1" who="1" fromWho="1" sc="330,-40,389,70,321,-20,0,0" /><INIT seed="5,0,0,1,2,41" ten="290,459,301,0" oya="1" hai0="43,90,40,44,117,0,106,38,121,57,45,114,47" hai1="130,107,59,95,42,116,77,49,93,111,69,120,35" hai2="80,133,98,83,113,52,54,71,129,87,81,33,97" hai3=""/><U100/><N who="1" m="30752" /><U50/><E35/><V32/><F133/><T64/><N who="0" m="31008" /><T86/><D114/><U3/><E3/><V110/><F113/><T73/><D73/><U60/><E69/><V124/><F110/><T125/><D106/><U48/><E116/><V56/><F71/><T102/><D102/><U131/><E77/><V1/><F1/><T39/><D125/><U108/><E107/><V58/><F124/><T135/><D135/><U118/><E118/><V37/><F37/><T94/><D117/><U103/><E42/><V127/><F127/><T68/><D68/><U105/><E105/><V119/><F119/><T99/><D0/><U61/><E50/><V70/><F70/><T85/><D45/><U78/><E78/><V91/><F129/><T82/><D82/><U88/><E59/><V76/><F32/><T79/><D79/><U96/><E96/><N who="2" m="36971" /><F33/><T72/><D72/><U36/><E36/><V134/><F134/><T126/><D126/><U132/><E132/><V2/><F2/><T101/><D101/><U115/><E115/><V67/><F76/><T122/><N who="0" m="31264" /><T66/><D57/><N who="2" m="22122" /><F67/><AGARI ba="0,0" hai="38,39,40,43,44,47,64,66,67,85,86,90,94,99" m="31264,31008" machi="67" ten="40,8000,1" yaku="9,1,52,4" doraHai="41" who="0" fromWho="2" sc="290,80,459,0,301,-80,0,0" /><INIT seed="6,0,0,1,4,120" ten="370,459,221,0" oya="2" hai0="111,64,115,62,54,35,123,0,105,66,101,68,82" hai1="125,102,42,56,128,55,61,109,45,118,130,34,40" hai2="44,129,112,124,96,114,127,103,41,122,95,99,104" hai3=""/><V59/><N who="2" m="31264" /><V119/><F59/><T57/><N who="0" m="31520" /><T79/><D35/><U100/><E34/><V94/><F119/><T85/><D0/><U93/><E118/><V92/><F129/><N who="1" m="49769" /><E125/><N who="2" m="48203" /><F44/><T132/><D132/><U78/><E78/><V2/><F2/><T70/><D115/><N who="2" m="44074" /><F41/><T87/><D101/><AGARI ba="0,0" hai="92,94,95,96,99,101,103,104" m="44074,48203,31264" machi="101" ten="30,12000,1" yaku="18,1,15,1,34,2,52,1" doraHai="120" who="2" fromWho="0" sc="370,-120,459,0,221,120,0,0" /><INIT seed="6,1,0,3,0,124" ten="250,459,341,0" oya="2" hai0="57,47,110,50,65,130,75,36,80,62,98,94,38" hai1="69,39,102,123,74,49,63,112,91,3,32,106,100" hai2="58,121,96,42,68,72,55,71,85,104,76,84,116" hai3=""/><V34/><F116/><T90/><D110/><U93/><N who="1" m="31520" /><U89/><E74/><V73/><N who="2" m="31008" /><V87/><F34/><T45/><D45/><U134/><E39/><V66/><F42/><T120/><N who="0" m="30752" /><T61/><D61/><U56/><E106/><V131/><F131/><T92/><D130/><U135/><E91/><V118/><F118/><T67/><D67/><U97/><E3/><V86/><N who="2" m="21504" /><DORA hai="51" /><V79/><F73/><T99/><D80/><U133/><E32/><V117/><F117/><T81/><D81/><U35/><E112/><V64/><F64/><T103/><REACH who="0" step="1"/><D75/><REACH who="0" ten="240,459,341,0" step="2"/><U40/><E63/><V1/><F1/><T78/><D78/><U2/><E2/><V52/><F66/><T101/><D101/><U43/><E102/><V37/><F79/><T54/><AGARI ba="1,1" hai="36,38,47,50,54,57,62,65,90,92,94,98,99,103" m="30752" machi="54" ten="20,9000,2" yaku="1,1,0,1,7,1,52,2,53,1" doraHai="124,51" doraHaiUra="113,44" who="0" fromWho="0" sc="240,102,459,-31,341,-61,0,0" owari="342,-6.0,428,38.0,280,-32.0,0,0.0" /></mjloggm>