<mjloggm ver="2.3"><GO type="169" lobby="0"/><UN n0="%E3%82%BB%E3%83%B3%E3%83%88%E3%82%A2%E3%83%AA%E3%82%B7%E3%82%A2" n1="%73%69%6E%34%36" n2="%E6%88%91%E9%81%93" n3="%E3%83%89%E3%83%B3%E3%82%AB%E3%83%A9%E3%82%B9" dan="17,16,16,16" rate="2091.73,2168.68,2078.82,2077.78" sx="M,M,M,M"/><TAIKYOKU oya="0"/><INIT seed="0,0,0,1,1,20" ten="250,250,250,250" oya="0" hai0="88,50,129,135,108,58,109,117,130,112,87,82,65" hai1="77,70,14,72,53,5,17,31,49,124,35,93,9" hai2="126,2,105,4,89,51,122,12,48,7,46,111,67" hai3="79,54,74,113,6,43,69,97,23,36,115,24,47"/><T30/><D112/><U16/><E70/><V102/><F122/><W99/><G69/><T61/><D117/><U66/><E124/><V27/><F126/><W62/><G6/><T1/><D135/><U71/><E77/><V133/><F133/><W76/><G115/><T68/><D1/><U120/><E72/><V84/><F2/><W26/><G113/><T100/><D100/><U114/><E120/><V131/><F131/><N who="0" m="50186" /><D30/><U116/><E116/><V98/><F111/><N who="0" m="42570" /><D50/><U81/><E114/><V96/><F102/><W15/><G74/><T41/><D41/><U83/><E31/><V0/><F51/><N who="3" m="29055" /><G43/><T118/><D118/><U39/><E39/><V60/><F0/><W92/><G62/><T40/><D40/><U3/><E3/><V78/><F105/><W86/><G36/><T123/><D123/><U75/><E49/><V55/><F60/><W90/><G99/><T127/><D127/><U59/><E35/><V95/><F98/><W132/><G132/><T22/><D22/><U10/><E10/><V134/><F134/><W56/><G97/><T63/><D63/><U94/><E9/><V18/><F96/><W57/><G23/><T110/><N who="0" m="42578" /><T21/><DORA hai="80" /><D21/><U19/><E14/><V52/><F12/><W34/><G15/><T13/><D13/><U32/><E32/><V8/><F8/><W125/><G34/><T101/><D101/><U11/><E11/><V42/><F48/><W91/><G125/><T85/><D85/><U119/><E119/><V29/><F29/><W64/><G86/><T106/><D106/><U38/><E38/><RYUUKYOKU ba="0,0" sc="250,30,250,-10,250,-10,250,-10" hai0="58,61,65,68,82,87,88" /><INIT seed="0,1,0,3,5,33" ten="280,240,240,240" oya="0" hai0="12,34,125,9,42,26,63,40,110,32,39,127,104" hai1="7,19,95,43,130,86,53,97,115,89,119,68,13" hai2="45,78,21,56,50,75,38,71,44,47,18,93,103" hai3="121,124,122,101,84,69,102,22,106,85,27,76,14"/><T91/><D104/><U52/><E119/><V62/><F71/><W5/><G69/><T57/><D91/><U123/><E123/><N who="3" m="47114" /><G124/><N who="0" m="47691" /><D39/><U135/><E115/><V133/><F38/><W36/><G36/><T114/><D114/><U1/><E43/><N who="0" m="16425" /><D26/><U131/><E135/><V0/><F78/><W54/><G106/><T64/><D110/><U8/><E68/><V83/><F103/><W16/><G85/><T28/><D28/><U105/><E105/><V4/><F133/><W82/><G54/><T81/><D81/><U59/><E86/><V37/><F37/><W31/><G5/><AGARI ba="1,0" hai="5,9,12,32,34,57,63,64" m="16425,47691" machi="5" ten="30,1500,0" yaku="18,1" doraHai="33" who="0" fromWho="3" sc="280,18,240,0,240,0,240,-18" /><INIT seed="0,2,0,1,5,135" ten="298,240,240,222" oya="0" hai0="134,80,8,66,100,92,103,104,18,77,39,68,61" hai1="48,53,111,51,73,59,127,108,19,106,38,16,94" hai2="26,36,121,21,85,126,107,32,119,13,67,120,55" hai3="49,78,118,79,25,122,71,86,10,29,130,116,24"/><T30/><D134/><U99/><E106/><V75/><F75/><W132/><G132/><T41/><D104/><U0/><E38/><V117/><F36/><W52/><G130/><T128/><D128/><U123/><E0/><V84/><F107/><W124/><G71/><T87/><D30/><U20/><E73/><V97/><F67/><W113/><G113/><T76/><D76/><U15/><E123/><V125/><F97/><W37/><G37/><T31/><D31/><U64/><E64/><V105/><F55/><W69/><G69/><T44/><D92/><U4/><E4/><V46/><F46/><W54/><G10/><T74/><D87/><N who="2" m="33354" /><F13/><W110/><G86/><T131/><D131/><U60/><E19/><N who="2" m="12607" /><F32/><W27/><G29/><T114/><D114/><U22/><E22/><V63/><F63/><W89/><G27/><T65/><D65/><U98/><E98/><V70/><F70/><W93/><G122/><N who="2" m="47209" /><F105/><W28/><G28/><T90/><D8/><U133/><E133/><V91/><F91/><W11/><G11/><T50/><D44/><U17/><E17/><V5/><F5/><W96/><G89/><T45/><D18/><U56/><E48/><V62/><F62/><W101/><G96/><T9/><D9/><U82/><E60/><V129/><F129/><W95/><G49/><T6/><D6/><U112/><E112/><V109/><F109/><N who="1" m="42057" /><E59/><V72/><F72/><W83/><G110/><T33/><D33/><U2/><E2/><V35/><F35/><W42/><G42/><N who="0" m="24887" /><D90/><N who="1" m="55767" /><E82/><V12/><F12/><W115/><G115/><T7/><D7/><RYUUKYOKU ba="2,0" sc="298,10,240,10,240,10,222,-30" hai0="39,41,61,66,68,74,77,80,100,103" hai1="15,16,20,51,53,56,127" hai2="117,119,125,126" /><INIT seed="0,3,0,5,3,70" ten="308,250,250,192" oya="0" hai0="109,88,106,122,96,113,75,27,90,82,115,100,131" hai1="127,4,5,28,38,81,47,10,44,84,117,98,107" hai2="55,22,35,108,16,120,58,135,105,30,48,59,69" hai3="37,8,78,34,60,62,40,91,24,53,132,3,52"/><T80/><D27/><U119/><E28/><V1/><F69/><W18/><G132/><T73/><D122/><U13/><E4/><V104/><F120/><W111/><G111/><T7/><D7/><U29/><E29/><V36/><F108/><W99/><G78/><N who="0" m="44111" /><D109/><U6/><E6/><V2/><F135/><W19/><G3/><T0/><D0/><U86/><E86/><V97/><F30/><W71/><G34/><T9/><D9/><U83/><E83/><V129/><F35/><W125/><G8/><T112/><D131/><U43/><E47/><V63/><F129/><W45/><G24/><T92/><D92/><U126/><E117/><V93/><F1/><W130/><G130/><T49/><D49/><U66/><E66/><V23/><F2/><W14/><G14/><T21/><D21/><U57/><E57/><V61/><F36/><W50/><G53/><T101/><D101/><U123/><E119/><V12/><F23/><W64/><G62/><T85/><D75/><U110/><E123/><V46/><F59/><N who="3" m="33175" /><G125/><T134/><D134/><U95/><E110/><V20/><F20/><W39/><G39/><T79/><AGARI ba="3,0" hai="79,82,85,88,90,96,100,106,112,113,115" m="44111" machi="79" ten="30,6000,0" yaku="34,2,54,1" doraHai="70" who="0" fromWho="0" sc="308,69,250,-23,250,-23,192,-23" /><INIT seed="0,4,0,4,5,83" ten="377,227,227,169" oya="0" hai0="84,73,66,99,87,119,47,123,122,23,118,81,31" hai1="133,85,62,18,6,88,30,71,60,93,41,24,98" hai2="109,130,34,103,111,25,0,82,32,120,53,19,39" hai3="113,43,80,46,127,63,49,28,125,51,134,58,126"/><T20/><D66/><U48/><E133/><V114/><F120/><N who="0" m="46122" /><D47/><U112/><E112/><V57/><F114/><W108/><G113/><T5/><D5/><U12/><E6/><V7/><F130/><W36/><G134/><T15/><D15/><U45/><E71/><V69/><F69/><W97/><G28/><T90/><D31/><U10/><REACH who="1" step="1"/><E98/><REACH who="1" ten="377,217,227,169" step="2"/><V67/><F111/><W64/><G108/><T77/><D20/><AGARI ba="4,1" hai="10,12,18,20,24,30,41,45,48,60,62,85,88,93" machi="20" ten="30,12000,2" yaku="1,1,2,1,7,1,8,1,52,1,54,1,53,1" doraHai="83" doraHaiUra="17" who="1" fromWho="0" sc="377,-132,217,142,227,0,169,0" /><INIT seed="1,0,0,5,4,36" ten="245,359,227,169" oya="1" hai0="117,87,115,60,103,131,109,24,8,110,43,33,15" hai1="73,6,78,9,123,4,49,119,1,67,59,64,106" hai2="114,62,97,30,37,38,84,127,135,133,7,125,40" hai3="92,129,26,2,29,128,83,16,48,101,85,58,104"/><U0/><E106/><V66/><F7/><W18/><G2/><T96/><D115/><U61/><E123/><V126/><F30/><W95/><G104/><T34/><D117/><U27/><E119/><V86/><F97/><W99/><G129/><T63/><D87/><N who="2" m="33322" /><F114/><W74/><G74/><T132/><D131/><U56/><E27/><V10/><F10/><W68/><G68/><T118/><D118/><U112/><E112/><V39/><F40/><W31/><G95/><T72/><D72/><U21/><E21/><V32/><F32/><W65/><G31/><T19/><D132/><N who="2" m="50762" /><F37/><W3/><G3/><T120/><D43/><U28/><E28/><V70/><AGARI ba="0,0" hai="38,39,62,66,70,125,126,127" m="50762,33322" machi="70" ten="40,2700,0" yaku="18,1,20,1" doraHai="36" who="2" fromWho="2" sc="245,-7,359,-13,227,27,169,-7" /><INIT seed="2,0,0,1,0,6" ten="238,346,254,162" oya="2" hai0="44,87,85,118,0,125,37,93,10,34,45,78,41" hai1="68,110,129,104,30,101,128,103,26,57,90,25,134" hai2="58,9,18,117,114,46,52,73,38,19,39,5,7" hai3="42,119,112,1,113,3,15,83,79,92,21,32,64"/><V96/><F114/><N who="3" m="44139" /><G119/><T132/><D118/><U88/><E68/><V123/><F117/><W8/><G32/><T82/><D125/><U27/><E110/><V56/><F123/><W50/><G64/><T95/><D132/><U67/><E134/><V81/><F96/><W111/><G92/><T2/><D34/><U35/><E35/><V28/><F28/><W17/><G111/><T65/><D65/><U91/><E30/><V105/><F105/><W86/><G42/><T74/><D45/><U133/><E133/><V69/><F69/><W75/><G50/><T62/><D62/><U98/><E67/><V12/><F46/><W108/><G108/><T66/><D66/><U124/><E57/><V53/><F81/><N who="3" m="45311" /><G21/><T22/><D22/><U127/><REACH who="1" step="1"/><E103/><REACH who="1" ten="238,336,254,162" step="2"/><V24/><F58/><W43/><G43/><T102/><D102/><U54/><E54/><V60/><F53/><W29/><G29/><T100/><D100/><U116/><E116/><V31/><F31/><W70/><G70/><T106/><D41/><U94/><E94/><V20/><REACH who="2" step="1"/><F73/><REACH who="2" ten="238,336,244,162" step="2"/><W121/><G121/><T89/><D74/><U61/><E61/><V131/><F131/><AGARI ba="0,2" hai="25,26,27,88,90,91,98,101,104,124,127,128,129,131" machi="131" ten="50,6400,0" yaku="1,1,19,1,54,1,53,0" doraHai="6" doraHaiUra="107" who="1" fromWho="2" sc="238,0,336,84,244,-64,162,0" /><INIT seed="3,0,0,2,3,128" ten="238,420,180,162" oya="3" hai0="68,117,2,44,25,74,62,134,65,60,40,125,66" hai1="77,33,22,52,16,103,85,9,87,93,36,45,57" hai2="32,90,114,131,94,20,104,106,26,50,15,19,79" hai3="92,82,43,64,84,61,80,133,73,14,126,118,132"/><W135/><G118/><T17/><D117/><U98/><E33/><V110/><F131/><W69/><G126/><T58/><D125/><U0/><E77/><V42/><F110/><W37/><G73/><T100/><D74/><U10/><E36/><V120/><F114/><W39/><G14/><T129/><D129/><U78/><E45/><V121/><F79/><W29/><G29/><T51/><D2/><U46/><E46/><N who="2" m="25943" /><F32/><W91/><G43/><T96/><D25/><U102/><E102/><V76/><F76/><W5/><G5/><T122/><D17/><U108/><E108/><V70/><F70/><W35/><G35/><T123/><REACH who="0" step="1"/><D134/><REACH who="0" ten="228,420,180,162" step="2"/><U4/><E0/><V28/><F26/><W81/><AGARI ba="0,1" hai="37,39,61,64,69,80,81,82,84,91,92,132,133,135" machi="81" ten="40,12000,1" yaku="0,1,20,1,52,3" doraHai="128" who="3" fromWho="3" sc="228,-40,420,-40,180,-40,162,130" /><INIT seed="3,1,0,5,1,103" ten="188,380,140,292" oya="3" hai0="113,93,76,95,85,106,23,60,117,45,1,3,126" hai1="135,22,54,40,39,133,75,51,50,42,101,120,46" hai2="83,119,16,94,11,128,35,44,61,122,27,20,28" hai3="24,82,29,80,62,111,124,31,114,19,9,72,18"/><W109/><G114/><T74/><D117/><U56/><E75/><V52/><F119/><W17/><G72/><T21/><D113/><U69/><E22/><V87/><F128/><W107/><G124/><T73/><D85/><U6/><E6/><V121/><F94/><W88/><G107/><T14/><D60/><U15/><E15/><V48/><F61/><W118/><G118/><T77/><D45/><N who="1" m="23711" /><E101/><V49/><F48/><W134/><G134/><N who="1" m="51210" /><E69/><V112/><F112/><W71/><G9/><T57/><D14/><U115/><E115/><V92/><F92/><W98/><G82/><T89/><D89/><U36/><E120/><V43/><F43/><W91/><G80/><T58/><D126/><U96/><E96/><V84/><F11/><W30/><G24/><T110/><D110/><N who="3" m="41993" /><G98/><T79/><D79/><U108/><E108/><V5/><F5/><W47/><G47/><T12/><D12/><U127/><E127/><V125/><F125/><W37/><G37/><AGARI ba="1,0" hai="36,37,42,46,50,51,54,56" m="51210,23711" machi="37" ten="30,3900,0" yaku="20,1,34,2" doraHai="103" who="1" fromWho="3" sc="188,0,380,42,140,0,292,-42" /><INIT seed="4,0,0,3,5,19" ten="188,422,140,250" oya="0" hai0="111,21,68,43,88,29,40,97,78,118,25,24,134" hai1="5,66,77,79,85,131,26,95,33,49,76,67,20" hai2="114,108,36,32,116,1,91,115,23,71,94,93,6" hai3="96,0,113,11,105,124,51,121,37,103,98,112,22"/><T44/><D118/><U2/><E33/><V110/><F36/><W8/><G121/><T12/><D68/><U72/><E72/><V119/><F71/><W69/><G37/><T58/><D134/><U86/><E2/><V81/><F81/><W63/><G124/><T53/><D78/><U100/><E5/><V50/><F50/><W90/><G51/><T125/><D125/><U41/><E131/><V126/><F126/><W48/><G48/><N who="0" m="31015" /><D44/><N who="1" m="25743" /><E100/><V128/><F32/><W15/><G0/><T107/><D107/><U84/><E95/><N who="2" m="36363" /><F91/><W52/><G69/><T109/><D12/><U35/><E35/><V17/><F1/><W120/><G15/><T73/><D73/><U9/><E9/><V75/><F75/><W31/><G120/><T38/><D38/><U60/><E60/><V92/><N who="2" m="36371" /><V4/><DORA hai="122" /><F128/><W34/><G34/><N who="0" m="20775" /><D97/><U18/><AGARI ba="0,0" hai="18,20,26,66,67,76,77,79,84,85,86" m="25743" machi="18" ten="30,2000,0" yaku="8,1,52,1" doraHai="19,122" who="1" fromWho="1" sc="188,-10,422,20,140,-5,250,-5" /><INIT seed="5,0,0,3,4,37" ten="178,442,135,245" oya="1" hai0="14,20,78,121,43,60,9,59,101,75,129,26,70" hai1="80,10,107,116,110,91,86,133,74,13,44,3,15" hai2="102,36,22,82,120,69,115,33,53,124,125,88,113" hai3="12,73,17,52,85,114,61,16,7,87,54,131,4"/><U28/><E107/><V84/><F33/><W77/><G114/><N who="2" m="43529" /><F120/><W39/><G131/><T92/><D129/><U72/><E116/><V104/><F69/><W96/><G73/><T130/><D70/><U23/><E133/><V46/><F22/><W6/><G39/><T64/><D130/><U25/><E3/><V135/><F53/><W67/><G96/><N who="0" m="59527" /><D75/><U45/><E15/><V105/><F135/><W109/><G17/><N who="0" m="8399" /><D121/><U0/><E0/><V19/><F19/><W94/><G109/><T98/><D98/><U83/><E110/><V126/><F102/><W76/><G4/><T89/><D89/><U123/><E123/><V49/><F49/><W108/><G6/><T134/><D134/><U40/><E45/><V35/><F35/><W79/><G7/><T122/><D122/><U81/><E74/><V2/><F2/><W111/><G111/><T11/><D11/><U95/><E72/><V62/><F62/><W90/><G108/><T128/><D128/><U56/><E10/><V34/><F34/><W127/><G61/><T32/><D32/><U58/><REACH who="1" step="1"/><E13/><REACH who="1" ten="178,432,135,245" step="2"/><V31/><F31/><W50/><G12/><T27/><D27/><U5/><E5/><V1/><F1/><W42/><G67/><T29/><D64/><U106/><E106/><V93/><F105/><W117/><G117/><T63/><D29/><U51/><AGARI ba="0,1" hai="23,25,28,40,44,51,56,58,80,81,83,86,91,95" machi="51" ten="30,11700,0" yaku="1,1,0,1,8,1,52,1,53,0" doraHai="37" doraHaiUra="99" who="1" fromWho="1" sc="178,-39,432,127,135,-39,245,-39" /><INIT seed="5,1,0,3,5,19" ten="139,559,96,206" oya="1" hai0="18,32,130,95,75,25,93,70,100,7,123,1,89" hai1="60,5,98,81,124,52,135,57,0,105,24,88,64" hai2="61,23,11,119,112,84,94,69,99,17,122,55,14" hai3="72,110,43,108,40,68,31,53,3,49,39,21,80"/><U121/><E121/><V13/><F119/><W28/><G3/><T117/><D117/><U51/><E0/><V118/><F118/><W73/><G68/><T26/><D70/><U12/><E124/><V8/><F122/><W103/><G103/><T83/><D123/><U50/><E105/><V109/><F109/><W29/><G39/><T97/><D130/><U76/><E50/><V128/><F128/><W37/><G37/><T66/><D66/><U131/><E135/><V45/><F112/><W16/><G110/><T63/><D63/><U78/><E12/><V71/><F84/><W67/><G67/><T87/><D32/><U129/><E5/><V106/><F106/><W27/><G108/><T134/><D134/><U58/><E131/><V36/><F36/><W6/><G6/><T133/><D133/><U22/><E129/><V62/><F71/><W115/><G115/><T48/><D48/><U38/><E38/><V90/><F69/><W77/><REACH who="3" step="1"/><G73/><REACH who="3" ten="139,559,96,196" step="2"/><T116/><D116/><U41/><E64/><V35/><F35/><W120/><G120/><T85/><D75/><U107/><E107/><V92/><F94/><W65/><G65/><T59/><D1/><U127/><E127/><V102/><F102/><W91/><G91/><N who="0" m="51647" /><D7/><U74/><E74/><V56/><F45/><AGARI ba="1,1" hai="16,21,27,28,29,31,40,43,45,49,53,72,77,80" machi="45" ten="40,5200,0" yaku="1,1,52,1,54,1,53,0" doraHai="19" doraHaiUra="86" who="3" fromWho="2" sc="139,0,559,0,96,-55,196,65" /><INIT seed="6,0,0,5,2,38" ten="139,559,41,261" oya="2" hai0="120,50,21,106,95,27,36,18,121,66,116,8,67" hai1="112,108,134,122,101,25,73,60,90,86,115,20,17" hai2="63,125,53,23,114,56,16,65,129,1,128,46,28" hai3="32,24,118,9,4,71,81,41,47,72,62,26,37"/><V43/><F1/><N who="3" m="143" /><G32/><T135/><D106/><U61/><E73/><V59/><F28/><W69/><G118/><T97/><D36/><U74/><E74/><V35/><F35/><W103/><G103/><T51/><D116/><U68/><E122/><V14/><F125/><W42/><G42/><T5/><D135/><U119/><E134/><V131/><F114/><W19/><G19/><T57/><D121/><U48/><E101/><V30/><F30/><W6/><G6/><T70/><D70/><N who="3" m="26633" /><G62/><T15/><D120/><U84/><E60/><V49/><REACH who="2" step="1"/><F59/><REACH who="2" ten="139,559,31,261" step="2"/><W11/><G11/><T133/><D133/><U39/><E48/><N who="0" m="18473" /><D57/><U100/><E61/><V79/><F79/><AGARI ba="0,1" hai="24,26,37,41,47,72,79,81" m="26633,143" machi="79" ten="30,2000,0" yaku="25,1,52,1" doraHai="38" who="3" fromWho="2" sc="139,0,559,0,31,-20,261,30" /><INIT seed="7,0,0,5,4,83" ten="139,559,11,291" oya="3" hai0="104,35,111,94,17,101,118,59,132,5,6,29,55" hai1="102,16,48,2,114,63,119,122,99,117,81,106,1" hai2="38,36,109,44,96,80,130,31,19,69,25,124,51" hai3="131,30,41,110,88,53,56,58,133,18,91,75,123"/><W85/><G123/><T115/><D111/><U23/><E122/><V87/><F69/><W103/><G75/><T67/><D104/><U40/><E114/><V54/><F109/><W127/><G110/><T14/><D67/><U134/><E134/><V61/><F130/><W120/><G120/><T62/><D35/><U4/><E4/><V22/><F124/><W107/><G133/><T68/><D68/><U112/><E63/><V60/><F36/><W128/><G30/><T100/><D29/><U74/><E112/><V0/><F0/><W10/><G41/><T121/><D118/><N who="1" m="45067" /><E81/><V97/><F38/><W93/><G127/><T78/><D78/><U28/><E28/><V77/><F61/><W39/><G39/><T43/><D43/><U92/><E106/><V86/><F60/><W26/><G91/><T82/><D101/><U129/><E129/><N who="3" m="49738" /><G53/><T90/><D100/><U105/><E74/><V76/><REACH who="2" step="1"/><F31/><REACH who="2" ten="139,559,1,291" step="2"/><W34/><G34/><T24/><D121/><U8/><E102/><V11/><F11/><W113/><G113/><T9/><D9/><U47/><E8/><V49/><F49/><W89/><G10/><T3/><D3/><U20/><E1/><V70/><F70/><W108/><G108/><T27/><D115/><U32/><E40/><V135/><F135/><W79/><G103/><T126/><D132/><U52/><E105/><V33/><F33/><W21/><G107/><T65/><D126/><U46/><E32/><V73/><F73/><W15/><G15/><T37/><D14/><U98/><E52/><V64/><F64/><W84/><G79/><RYUUKYOKU ba="0,1" sc="139,-15,559,-15,1,15,291,15" hai2="19,22,25,44,51,54,76,77,80,86,87,96,97" hai3="18,21,26,56,58,84,85,88,89,93" /><INIT seed="7,1,1,5,3,75" ten="124,544,16,306" oya="3" hai0="99,10,89,45,4,16,43,41,27,95,65,129,98" hai1="63,117,110,93,74,37,31,39,120,14,13,109,29" hai2="68,30,0,57,123,106,108,50,105,55,23,54,122" hai3="90,19,11,49,67,121,111,86,47,91,18,131,115"/><W52/><G121/><T32/><D129/><U70/><E93/><V130/><F0/><W28/><G131/><T69/><D69/><U42/><E74/><V22/><F130/><W103/><G115/><T88/><D65/><U77/><E42/><V104/><F68/><W56/><G111/><T97/><D89/><U72/><E70/><V7/><F108/><W133/><G133/><T51/><D43/><U113/><E63/><V35/><F7/><W73/><G73/><T25/><D32/><U81/><E120/><V124/><F35/><W101/><G28/><T125/><D125/><U17/><E13/><V12/><F106/><W44/><G91/><T116/><D116/><U127/><E127/><V5/><F5/><W94/><G11/><T40/><D40/><U100/><E100/><V36/><F124/><W1/><G1/><T59/><D59/><U58/><E58/><V66/><F57/><W64/><G47/><T79/><D79/><U9/><E113/><V112/><F30/><W62/><G67/><T118/><D118/><U96/><E31/><V134/><F12/><W61/><G61/><T71/><D71/><U26/><E96/><N who="0" m="36969" /><D4/><U84/><E117/><V82/><F66/><W83/><G83/><T15/><AGARI ba="1,1" hai="10,15,16,25,27,41,45,51,88,95,99" m="36969" machi="15" ten="30,4000,0" yaku="8,1,54,2" doraHai="75" who="0" fromWho="0" sc="124,53,544,-11,16,-11,306,-21" owari="177,-22.0,533,62.0,5,-49.0,285,9.0" /></mjloggm>