<mjloggm ver="2.3"><GO type="169" lobby="0"/><UN n0="%E3%81%8B%E3%81%8B%E3%81%8B%E3%81%8B" n1="%E3%81%A9%E3%83%BC%E3%82%82%E5%83%95%E3%81%A7%E3%81%99" n2="%52%45%49%4E%E6%A3%AE%E4%B9%85%E4%BF%9D%50" n3="%E3%81%8B%E3%81%A4%E3%81%A9%E3%82%93" dan="16,16,16,17" rate="2122.10,2197.03,2155.14,2251.85" sx="M,F,M,F"/><TAIKYOKU oya="0"/><INIT seed="0,0,0,5,4,1" ten="250,250,250,250" oya="0" hai0="33,61,31,124,30,11,12,106,6,25,29,65,91" hai1="101,54,71,83,94,47,48,99,35,59,43,135,113" hai2="87,34,37,10,41,92,72,125,28,17,81,122,13" hai3="118,80,0,100,131,49,129,36,55,107,110,42,121"/><T27/><D124/><U21/><E35/><V7/><F122/><W79/><G118/><T97/><D27/><U73/><E71/><V24/><F125/><W53/><G121/><T70/><REACH who="0" step="1"/><D91/><REACH who="0" ten="240,250,250,250" step="2"/><U111/><E113/><V85/><F72/><W130/><G130/><T98/><D98/><U45/><E99/><V117/><F117/><W52/><G131/><T62/><D62/><U5/><E73/><V68/><F68/><W22/><G129/><T82/><D82/><U108/><E83/><V119/><F119/><W115/><G80/><T127/><D127/><U3/><E108/><V18/><F85/><W123/><G110/><T44/><D44/><U86/><E47/><V23/><F37/><W77/><G123/><T19/><D19/><U75/><E111/><V58/><F41/><W20/><G36/><T84/><D84/><U69/><E69/><V40/><F40/><W63/><G42/><T102/><AGARI ba="0,1" hai="6,11,12,25,29,30,31,33,61,65,70,97,102,106" machi="102" ten="30,12000,1" yaku="1,1,0,1,25,2,52,1,53,0" doraHai="1" doraHaiUra="132" who="0" fromWho="0" sc="240,130,250,-40,250,-40,250,-40" /><INIT seed="0,1,0,2,4,38" ten="370,210,210,210" oya="0" hai0="1,103,106,8,47,95,7,112,130,94,42,72,45" hai1="120,22,92,49,37,84,19,122,81,113,110,60,3" hai2="43,87,131,40,115,69,27,70,48,109,21,24,123" hai3="79,32,83,101,74,85,129,44,126,78,88,20,105"/><T133/><D112/><U89/><E37/><V54/><F115/><W0/><G32/><T62/><D47/><U108/><E113/><V116/><F123/><W134/><G0/><T29/><D29/><U15/><E3/><V118/><F109/><N who="1" m="42089" /><E60/><V80/><F131/><W96/><G129/><T104/><D130/><U35/><E35/><V33/><F33/><W41/><G134/><T9/><D133/><U63/><E63/><V132/><F132/><W66/><G126/><T18/><D72/><U67/><E67/><V16/><F27/><W97/><G66/><T30/><D30/><U114/><E114/><V128/><F70/><W117/><G117/><N who="2" m="45161" /><F69/><W4/><G4/><T76/><D62/><U124/><E124/><V46/><F128/><W14/><G74/><T71/><D7/><U56/><E81/><V53/><F53/><AGARI ba="1,0" hai="15,19,22,49,53,56,84,89,92,120,122" m="42089" machi="53" ten="30,2000,0" yaku="25,1,14,1" doraHai="38" who="1" fromWho="2" sc="370,0,210,23,210,-23,210,0" /><INIT seed="1,0,0,4,4,131" ten="370,233,187,210" oya="1" hai0="53,47,1,19,8,32,75,22,43,113,120,117,49" hai1="62,74,130,70,112,77,12,129,91,76,80,3,50" hai2="56,26,4,99,73,67,83,63,55,15,122,58,123" hai3="106,60,37,9,128,71,27,16,116,118,41,61,39"/><U110/><E112/><V25/><F99/><W51/><G128/><T96/><D32/><U104/><E76/><V6/><F73/><W103/><G51/><T90/><D75/><U132/><E3/><V64/><F83/><W134/><G134/><T21/><D117/><N who="3" m="45161" /><G41/><T24/><D113/><U97/><E50/><V89/><F89/><W48/><G48/><N who="0" m="26751" /><D1/><U72/><E12/><V108/><F15/><N who="3" m="7279" /><G27/><T33/><D120/><U115/><E74/><V0/><F0/><W11/><G11/><T42/><D8/><U5/><E5/><V82/><F82/><W23/><G23/><N who="0" m="13439" /><D42/><U81/><E115/><V17/><F17/><W54/><G71/><T44/><D33/><U111/><E132/><V68/><F68/><W93/><G106/><T119/><D119/><U57/><E70/><V84/><F63/><N who="3" m="24139" /><G54/><T107/><D107/><U78/><E129/><V14/><F14/><W86/><G86/><T114/><D114/><U59/><E130/><V124/><F84/><W29/><G29/><T65/><D65/><U38/><E62/><V109/><REACH who="2" step="1"/><F55/><REACH who="2" ten="370,233,177,210" step="2"/><W45/><G103/><T102/><D102/><N who="1" m="62543" /><E91/><V94/><F94/><AGARI ba="0,1" hai="21,22,44,49,53,90,94,96" m="13439,26751" machi="94" ten="30,1000,0" yaku="8,1" doraHai="131" who="0" fromWho="2" sc="370,20,233,0,177,-10,210,0" /><INIT seed="2,0,0,4,2,94" ten="390,233,167,210" oya="2" hai0="98,51,131,88,65,62,54,97,36,14,87,80,118" hai1="105,93,84,19,99,113,124,1,53,45,78,106,71" hai2="60,103,122,75,52,111,34,92,0,100,79,61,4" hai3="41,104,70,125,101,82,81,24,6,17,8,10,27"/><V135/><F122/><W50/><G125/><T40/><D131/><U129/><E113/><V72/><F34/><W108/><G70/><T109/><D109/><U43/><E124/><V9/><F135/><W16/><G108/><T25/><D118/><U130/><E1/><V55/><F111/><W30/><G104/><T107/><D107/><U120/><E71/><V26/><F26/><W44/><G101/><T3/><D3/><U132/><E53/><V77/><F92/><W86/><G81/><T7/><D40/><U56/><E56/><V63/><F0/><W110/><G110/><T21/><D36/><U121/><E19/><N who="3" m="7242" /><G30/><N who="0" m="17711" /><D62/><U133/><E105/><V31/><F9/><N who="3" m="3691" /><G6/><T102/><D65/><U95/><E106/><V127/><F127/><W116/><G116/><T85/><D102/><N who="2" m="38954" /><F31/><W48/><G48/><T22/><D22/><U42/><E121/><V13/><F13/><W73/><G73/><N who="2" m="28233" /><F4/><W134/><G134/><T37/><D37/><U96/><E120/><V33/><F33/><W2/><G2/><T64/><D64/><U11/><E11/><V28/><F28/><W59/><G59/><N who="0" m="33247" /><D7/><U126/><E126/><V69/><F69/><W29/><G29/><T20/><D20/><U46/><E132/><V119/><F119/><W83/><G83/><N who="0" m="49215" /><D14/><U47/><E133/><V114/><F114/><W76/><AGARI ba="0,0" hai="24,27,41,44,50,76,82,86" m="3691,7242" machi="76" ten="30,2000,0" yaku="8,1,54,1" doraHai="94" who="3" fromWho="3" sc="390,-5,233,-5,167,-10,210,20" /><INIT seed="3,0,0,4,0,30" ten="385,228,157,230" oya="3" hai0="64,80,106,101,91,103,129,81,77,65,37,49,56" hai1="58,112,69,85,16,29,22,55,134,71,66,18,96" hai2="119,34,84,92,35,82,13,117,111,132,107,125,131" hai3="52,116,105,130,123,126,73,76,110,45,88,68,27"/><W28/><G116/><T99/><D37/><U53/><E112/><V20/><F107/><W5/><G123/><T114/><D114/><U89/><E134/><V70/><F70/><W59/><G68/><T93/><D129/><U10/><E96/><V79/><F132/><W19/><G105/><T113/><D113/><U104/><E104/><V2/><F2/><W102/><G102/><N who="0" m="38923" /><D106/><U128/><E128/><V31/><F131/><W62/><G130/><T9/><D9/><U57/><E66/><N who="0" m="25705" /><D77/><U44/><E44/><V32/><F111/><W133/><G133/><T63/><D49/><U95/><E69/><V36/><F36/><W1/><G110/><T8/><D8/><U122/><E122/><V90/><F125/><W78/><G126/><T23/><D23/><U74/><E74/><V43/><F43/><W135/><G135/><T3/><D3/><U72/><E72/><V41/><F41/><W4/><G1/><T86/><D99/><U14/><E29/><V108/><F108/><W6/><G73/><T115/><D115/><U54/><REACH who="1" step="1"/><E71/><REACH who="1" ten="385,218,157,230" step="2"/><V50/><F31/><W100/><G28/><T33/><D56/><U39/><E39/><V48/><F119/><W118/><G118/><T0/><D86/><U12/><AGARI ba="0,1" hai="10,12,14,16,18,22,53,54,55,57,58,85,89,95" machi="12" ten="30,7900,0" yaku="1,1,0,1,8,1,54,1,53,0" doraHai="30" doraHaiUra="121" who="1" fromWho="1" sc="385,-20,218,89,157,-20,230,-39" /><INIT seed="4,0,0,5,1,19" ten="365,307,137,191" oya="0" hai0="24,6,100,79,117,17,67,130,113,55,95,68,44" hai1="52,115,8,106,21,43,30,34,54,135,122,5,99" hai2="103,129,124,82,105,96,125,93,29,74,84,13,26" hai3="63,39,77,38,61,128,119,85,102,111,7,123,116"/><T132/><D117/><U81/><E122/><V48/><F129/><W87/><G102/><T33/><D6/><U50/><E34/><V66/><F13/><W127/><G77/><T134/><D113/><U109/><E109/><V32/><F48/><W86/><G7/><T0/><D0/><U18/><E30/><V94/><F66/><W78/><G78/><T1/><D1/><U9/><E106/><V47/><F47/><W114/><G111/><T71/><D79/><U72/><E72/><V131/><F131/><W28/><G28/><T70/><D67/><U112/><E81/><V65/><F65/><W53/><G53/><N who="1" m="20586" /><E99/><V40/><F40/><W31/><G31/><T11/><D33/><U25/><E5/><V20/><F74/><W42/><G42/><T121/><D121/><U37/><E37/><N who="3" m="13834" /><G114/><N who="1" m="43562" /><E135/><V98/><F32/><W35/><G35/><T80/><D134/><U4/><E4/><V89/><REACH who="2" step="1"/><F105/><REACH who="2" ten="365,307,127,191" step="2"/><W15/><G128/><T56/><D130/><U75/><E75/><V126/><F126/><W83/><G127/><T90/><D132/><U88/><E88/><AGARI ba="0,1" hai="20,26,29,82,84,88,89,93,94,96,98,103,124,125" machi="88" ten="40,8000,1" yaku="1,1,52,1,54,1,53,1" doraHai="19" doraHaiUra="27" who="2" fromWho="1" sc="365,0,307,-80,127,90,191,0" /><INIT seed="5,0,0,4,2,34" ten="365,227,217,191" oya="1" hai0="12,27,89,25,19,95,111,49,108,91,72,37,102" hai1="94,79,64,15,32,7,30,115,86,59,24,55,5" hai2="40,58,117,44,84,92,61,134,23,26,130,112,54" hai3="113,73,52,119,78,36,98,39,21,28,50,56,135"/><U20/><E115/><V38/><F117/><W2/><G113/><T62/><D37/><U51/><E64/><V0/><F0/><W57/><G119/><T90/><D72/><U67/><E67/><V129/><F112/><W3/><G135/><T109/><D62/><U42/><E42/><V10/><F10/><W1/><G56/><T81/><D81/><U76/><E32/><V6/><F6/><N who="1" m="2057" /><E15/><V93/><F134/><W99/><G73/><T65/><D65/><U75/><E75/><V131/><REACH who="2" step="1"/><F84/><REACH who="2" ten="365,227,207,191" step="2"/><W133/><G133/><T103/><D111/><U97/><E86/><V77/><F77/><W47/><G78/><T123/><D109/><U45/><E45/><V43/><F43/><W87/><G87/><T68/><D108/><U101/><AGARI ba="0,1" hai="20,24,30,51,55,59,76,79,94,97,101" m="2057" machi="101" ten="30,1500,0" yaku="8,1" doraHai="34" who="1" fromWho="1" sc="365,-5,227,25,207,-5,191,-5" /><INIT seed="5,1,0,3,2,96" ten="360,252,202,186" oya="1" hai0="83,129,17,25,85,109,13,2,124,43,134,4,115" hai1="32,125,3,55,67,33,119,60,10,27,87,93,116" hai2="29,88,37,91,28,12,65,77,69,36,110,75,38" hai3="118,128,19,127,120,117,74,80,64,71,7,103,56"/><U78/><E125/><V40/><F110/><W53/><G120/><T82/><D109/><U20/><E55/><V72/><F40/><W6/><G128/><T1/><D83/><U11/><E33/><V39/><N who="2" m="9216" /><DORA hai="107" /><V52/><F77/><N who="3" m="44087" /><G127/><T44/><D134/><U135/><E135/><V62/><F12/><W21/><G64/><T42/><D42/><U9/><E32/><V63/><F28/><W51/><G71/><T61/><D61/><U106/><E106/><V131/><F29/><W5/><G103/><T70/><D70/><U100/><E3/><V22/><F22/><W47/><G47/><T31/><D44/><U68/><E78/><V58/><REACH who="2" step="1"/><F131/><REACH who="2" ten="360,252,192,186" step="2"/><W90/><G21/><T112/><D129/><U8/><E8/><V130/><F130/><W24/><G24/><T54/><D43/><U121/><E121/><V133/><F133/><W123/><G123/><T102/><D1/><U97/><REACH who="1" step="1"/><E87/><REACH who="1" ten="360,242,192,186" step="2"/><V45/><F45/><W113/><G118/><T114/><D2/><U81/><E81/><V34/><F34/><W46/><G117/><T86/><D86/><U98/><E98/><V0/><F0/><W94/><G46/><T105/><D82/><U15/><E15/><V111/><F111/><W26/><G26/><T49/><D124/><U48/><E48/><V84/><F84/><W92/><G51/><T57/><D85/><U122/><E122/><V99/><F99/><W126/><G126/><T59/><D49/><U108/><E108/><V30/><F30/><AGARI ba="1,2" hai="9,10,11,20,27,30,60,67,68,93,97,100,116,119" machi="30" ten="40,7700,0" yaku="1,1,52,1,53,1" doraHai="96,107" doraHaiUra="41,66" who="1" fromWho="2" sc="360,0,242,100,192,-80,186,0" /><INIT seed="5,2,0,2,1,94" ten="360,342,112,186" oya="1" hai0="115,32,43,106,50,53,82,114,51,128,49,17,3" hai1="108,104,55,132,98,44,48,29,72,4,112,65,28" hai2="118,34,103,45,77,9,31,64,91,134,5,23,69" hai3="81,57,117,41,8,25,75,52,86,63,36,84,46"/><U14/><E72/><V79/><F118/><W78/><G117/><T116/><D116/><U68/><E112/><N who="0" m="43049" /><D128/><U39/><E39/><V95/><F34/><W89/><G89/><T90/><D3/><U47/><E132/><V54/><F103/><W122/><G122/><T33/><D106/><U124/><E124/><V107/><F107/><W1/><REACH who="3" step="1"/><G25/><REACH who="3" ten="360,342,112,176" step="2"/><T121/><D90/><U59/><E108/><V7/><F134/><W93/><G93/><T96/><D121/><U80/><E104/><V102/><F91/><W37/><G37/><T24/><D24/><U127/><E127/><V15/><F95/><W101/><G101/><T111/><D111/><U26/><E26/><V38/><F102/><W74/><G74/><T20/><D33/><U6/><E80/><V13/><F38/><W105/><G105/><T92/><D32/><U11/><E29/><V22/><F31/><W125/><G125/><T2/><D82/><U120/><E28/><V109/><F109/><W18/><G18/><T58/><D17/><U56/><E120/><V40/><F5/><AGARI ba="2,1" hai="1,5,8,36,41,46,52,57,63,75,78,81,84,86" machi="5" ten="40,8000,1" yaku="1,1,25,2,54,1,53,0" doraHai="94" doraHaiUra="66" who="3" fromWho="2" sc="360,0,342,0,112,-86,176,96" /><INIT seed="6,0,0,4,3,63" ten="360,342,26,272" oya="2" hai0="114,8,23,38,116,34,0,51,43,85,47,26,78" hai1="61,131,106,126,67,103,15,101,122,42,46,92,57" hai2="12,133,66,50,80,129,94,64,27,104,132,25,40" hai3="70,24,65,127,28,100,68,99,36,11,14,45,18"/><V44/><F104/><W41/><G127/><T60/><D34/><U121/><E126/><V56/><F129/><W125/><G125/><T119/><D114/><U2/><E2/><V33/><F80/><W53/><G53/><T107/><D107/><U89/><E131/><V21/><F33/><W31/><G65/><N who="2" m="25193" /><F56/><W32/><G31/><T111/><D111/><U17/><E106/><AGARI ba="0,0" hai="11,14,18,24,28,32,36,41,45,68,70,99,100,106" machi="106" ten="30,1000,0" yaku="7,1" doraHai="63" who="3" fromWho="1" sc="360,0,342,-10,26,0,272,10" /><INIT seed="7,0,0,4,0,4" ten="360,332,26,282" oya="3" hai0="1,91,16,5,79,82,72,24,6,71,73,25,62" hai1="123,115,84,135,10,55,134,87,127,22,69,118,75" hai2="95,76,101,21,88,3,90,132,70,117,47,107,61" hai3="9,116,34,99,100,7,54,33,45,60,124,74,89"/><W48/><G116/><T36/><D36/><U53/><E123/><V121/><F21/><W35/><G124/><T49/><D73/><U97/><E75/><V38/><F47/><W42/><G74/><T30/><D25/><U119/><E69/><V11/><F61/><W120/><G120/><T40/><D91/><U78/><E127/><V92/><F121/><W0/><G89/><T58/><D71/><U98/><E22/><V110/><F70/><W114/><G114/><T23/><D1/><U57/><E10/><V122/><F38/><W81/><G81/><T125/><D125/><U20/><E20/><V68/><F68/><W67/><G67/><T109/><D30/><U94/><E78/><V111/><F122/><W80/><G80/><T103/><D103/><N who="1" m="60855" /><E98/><V51/><F3/><W86/><G86/><N who="1" m="32810" /><E115/><V63/><F51/><W126/><G126/><T44/><D109/><U37/><E37/><V56/><F63/><W17/><G17/><T27/><D27/><U66/><E66/><AGARI ba="0,0" hai="5,6,16,23,24,40,44,49,58,62,66,72,79,82" machi="66" ten="30,2000,0" yaku="7,1,54,1" doraHai="4" who="0" fromWho="1" sc="360,20,332,-20,26,0,282,0" owari="380,48.0,312,11.0,26,-47.0,282,-12.0" /></mjloggm>