<mjloggm ver="2.3"><GO type="169" lobby="0"/><UN n0="%E5%8D%83%E7%BE%BD%E9%B4%89" n1="%E3%81%88%E3%81%8C%E3%82%8F%E3%82%8A%E3%81%8A" n2="%75%34%6B%61%6D%6F%31%30" n3="%E5%8B%87%E4%BA%BA" dan="17,16,16,17" rate="2216.16,2069.18,2069.93,2114.78" sx="F,M,M,M"/><TAIKYOKU oya="0"/><INIT seed="0,0,0,3,5,16" ten="250,250,250,250" oya="0" hai0="46,9,108,50,18,29,56,125,32,107,127,102,104" hai1="128,80,25,66,117,15,8,5,121,134,94,129,59" hai2="26,77,90,1,78,112,57,122,113,91,19,116,103" hai3="70,31,89,93,110,106,115,35,22,69,68,82,34"/><T30/><D102/><U42/><E117/><V27/><F116/><W131/><G106/><T2/><D56/><U75/><E121/><V0/><F103/><W85/><G115/><T119/><D104/><U38/><E134/><V105/><F105/><W81/><G110/><T39/><D39/><U99/><E42/><V88/><F19/><W4/><G131/><T92/><D92/><U7/><E7/><V49/><F91/><W6/><G35/><T14/><D107/><U61/><E38/><V33/><F57/><W83/><REACH who="3" step="1"/><G34/><REACH who="3" ten="250,250,250,240" step="2"/><T123/><D119/><U126/><E128/><V97/><F33/><W67/><G67/><T3/><D108/><U51/><E129/><V98/><REACH who="2" step="1"/><F49/><REACH who="2" ten="250,250,240,240" step="2"/><W76/><G76/><T10/><D32/><U118/><E51/><V36/><F36/><W58/><G58/><T95/><D50/><U124/><E59/><V11/><F11/><W52/><G52/><T130/><D130/><U101/><E66/><V62/><F62/><W24/><AGARI ba="0,2" hai="4,6,22,24,31,68,69,70,81,82,83,85,89,93" machi="24" ten="40,12000,2" yaku="1,1,0,1,52,1,53,3" doraHai="16" doraHaiUra="79" who="3" fromWho="3" sc="250,-60,250,-30,240,-30,240,140" /><INIT seed="1,0,0,3,0,68" ten="190,220,210,380" oya="1" hai0="63,33,95,69,70,102,27,24,1,47,114,3,41" hai1="135,126,17,77,117,37,22,106,99,11,76,131,130" hai2="29,89,32,54,107,13,128,110,56,100,73,6,58" hai3="38,7,39,125,10,104,5,9,35,40,88,92,75"/><U20/><E117/><V61/><F73/><W64/><G104/><T25/><D114/><U90/><E135/><V36/><F110/><W121/><G35/><T19/><D33/><U42/><E126/><V49/><F128/><N who="1" m="49193" /><E11/><V127/><F127/><W12/><G75/><T123/><D123/><U14/><E22/><V59/><F32/><W132/><G125/><T119/><D119/><U108/><E108/><V81/><F29/><W115/><G115/><T109/><D109/><U48/><E48/><V51/><F6/><W16/><G132/><T15/><D102/><N who="1" m="62815" /><E90/><V4/><F4/><W101/><G101/><T60/><D95/><U84/><E84/><V80/><F100/><W79/><G79/><T65/><D60/><U71/><E71/><V87/><F107/><W23/><G121/><T94/><D70/><U2/><E2/><V85/><F61/><W83/><G83/><T82/><D82/><U103/><E103/><V112/><F51/><W133/><G133/><T105/><D105/><U74/><E74/><V45/><F112/><W134/><G134/><T62/><D62/><U53/><E53/><V52/><F13/><N who="3" m="5327" /><G64/><T43/><D94/><U50/><E50/><V120/><F120/><W122/><G122/><T26/><N who="0" m="6144" /><DORA hai="78" /><T118/><D118/><U31/><E31/><V66/><F66/><W124/><G124/><T129/><D129/><U18/><E18/><V21/><F21/><W57/><G23/><N who="0" m="11775" /><D43/><U46/><AGARI ba="0,0" hai="14,17,20,37,42,46,76,77" m="62815,49193" machi="46" ten="30,3000,0" yaku="19,1,52,1" doraHai="68,78" who="1" fromWho="1" sc="190,-10,220,30,210,-10,380,-10" /><INIT seed="1,1,0,1,4,79" ten="180,250,200,370" oya="1" hai0="82,133,26,1,131,58,100,106,114,123,12,77,38" hai1="36,4,47,81,37,68,49,39,40,88,116,84,15" hai2="24,132,134,118,66,76,98,115,70,80,13,8,127" hai3="46,17,97,69,108,113,110,34,117,71,130,104,42"/><U89/><E116/><V59/><F70/><W11/><G113/><T45/><D58/><U29/><E68/><V109/><F118/><W51/><G34/><T120/><D12/><U93/><E29/><V95/><F115/><W75/><G75/><T60/><D60/><U53/><E4/><V57/><F109/><N who="3" m="42091" /><G117/><T16/><D1/><U18/><E40/><V129/><F24/><W135/><G135/><N who="2" m="51753" /><F66/><W101/><G130/><T128/><D133/><U7/><E7/><N who="2" m="3231" /><F127/><W14/><AGARI ba="1,0" hai="11,14,17,42,46,51,69,71,97,101,104" m="42091" machi="14" ten="30,1100,0" yaku="14,1" doraHai="79" who="3" fromWho="3" sc="180,-4,250,-6,200,-4,370,14" /><INIT seed="2,0,0,2,3,75" ten="176,244,196,384" oya="2" hai0="33,101,8,6,106,40,53,97,124,73,129,29,62" hai1="56,63,28,107,36,46,80,65,19,91,113,22,89" hai2="67,133,2,111,4,115,79,47,11,95,9,26,15" hai3="93,10,51,100,23,128,119,30,27,70,121,20,109"/><V31/><F133/><W96/><G119/><T61/><D124/><U68/><E113/><V41/><F115/><W114/><G114/><T14/><D129/><U112/><E112/><V43/><F111/><W42/><G121/><T1/><D40/><U50/><E107/><V105/><F105/><W127/><G70/><T64/><D73/><U52/><E28/><V135/><F135/><W69/><G69/><T3/><D53/><U132/><E132/><V72/><F67/><W108/><G127/><T125/><D62/><U99/><E99/><V90/><F47/><N who="3" m="26103" /><G10/><T103/><D103/><U71/><E71/><V87/><F9/><W122/><G122/><T76/><D76/><U12/><E80/><V16/><F4/><W24/><G24/><T74/><D74/><U57/><E57/><V78/><F2/><W66/><G66/><T38/><D38/><U48/><E48/><V44/><F72/><W94/><G94/><T134/><D134/><U49/><E49/><N who="2" m="26767" /><F43/><AGARI ba="0,0" hai="12,19,22,36,43,46,50,52,56,63,65,68,89,91" machi="43" ten="40,5200,0" yaku="24,2,54,1" doraHai="75" who="1" fromWho="2" sc="176,0,244,52,196,-52,384,0" /><INIT seed="3,0,0,5,4,16" ten="176,296,144,384" oya="3" hai0="49,5,103,106,31,85,99,64,3,65,19,76,101" hai1="12,116,91,132,44,45,36,70,58,37,61,112,41" hai2="48,0,28,39,89,25,53,55,34,8,10,135,6" hai3="119,88,15,96,27,130,9,87,115,20,77,84,86"/><W67/><G119/><T51/><D3/><U118/><E112/><V33/><F39/><W113/><G130/><T81/><D5/><U126/><E91/><V72/><F72/><W73/><G73/><T109/><D109/><U47/><E12/><V104/><F104/><W14/><G14/><T42/><D31/><U125/><E70/><V17/><F135/><W23/><G67/><T129/><D129/><U122/><E132/><V30/><F89/><W83/><G115/><T79/><D79/><U24/><E24/><N who="2" m="18631" /><F48/><W95/><G113/><T13/><D103/><U69/><E69/><V93/><F93/><W46/><G46/><N who="1" m="18026" /><E122/><V102/><F55/><W78/><G27/><T38/><D38/><U108/><E108/><V111/><F53/><W54/><G54/><T35/><D35/><U59/><E36/><V114/><F102/><W52/><G52/><T18/><D42/><U22/><E22/><N who="3" m="8234" /><G78/><T120/><D65/><N who="1" m="39095" /><E59/><V11/><F114/><W80/><G77/><T74/><D64/><U1/><E1/><V21/><F111/><W97/><G97/><T131/><D74/><U127/><AGARI ba="0,0" hai="37,41,47,116,118,125,126,127" m="39095,18026" machi="127" ten="40,5200,0" yaku="18,1,34,2" doraHai="16" who="1" fromWho="1" sc="176,-13,296,52,144,-13,384,-26" /><INIT seed="4,0,0,1,3,47" ten="163,348,131,358" oya="0" hai0="71,19,125,88,114,94,37,10,83,44,62,35,107" hai1="76,127,8,25,135,66,84,130,9,49,93,15,17" hai2="13,42,100,133,121,54,57,113,50,110,41,104,7" hai3="89,129,14,61,30,55,99,92,109,63,115,5,105"/><T124/><D107/><U78/><E135/><V96/><F133/><W18/><G109/><T117/><D35/><U46/><E127/><V73/><F121/><W95/><G115/><T72/><D117/><U45/><E130/><V38/><F110/><W118/><G118/><T0/><D114/><U4/><E66/><V3/><F113/><W28/><G5/><T32/><D32/><U106/><E106/><V81/><F3/><W58/><G105/><T91/><D71/><U112/><E112/><V90/><F38/><W68/><G129/><T79/><D62/><U126/><E46/><V51/><F7/><W102/><G63/><T67/><D67/><U31/><E9/><V34/><F34/><W53/><G53/><T64/><D64/><U87/><E4/><V12/><F42/><W56/><G56/><T20/><D10/><U131/><E131/><V120/><F120/><W86/><G68/><T128/><D0/><U80/><E93/><V60/><F41/><W36/><G36/><T97/><D128/><U26/><E31/><V65/><F51/><W16/><G18/><T77/><D77/><U98/><E98/><V27/><F27/><W33/><G33/><T22/><D91/><U103/><E103/><V69/><REACH who="2" step="1"/><F90/><REACH who="2" ten="163,348,121,358" step="2"/><W52/><G55/><T123/><D123/><U11/><E25/><V85/><F85/><W82/><G86/><T2/><D2/><U75/><E26/><V43/><F43/><W6/><G6/><T108/><D108/><U40/><E126/><N who="0" m="48745" /><D19/><N who="1" m="8679" /><E76/><AGARI ba="0,1" hai="12,13,50,54,57,60,65,69,73,76,81,96,100,104" machi="76" ten="40,2600,0" yaku="1,1,52,1,53,0" doraHai="47" doraHaiUra="24" who="2" fromWho="1" sc="163,0,348,-26,121,36,358,0" /><INIT seed="5,0,0,1,0,9" ten="163,322,157,358" oya="1" hai0="115,79,96,34,16,95,38,107,70,19,14,127,43" hai1="102,18,106,6,75,4,105,80,124,87,103,24,12" hai2="113,60,78,65,122,33,129,118,74,69,23,17,29" hai3="126,41,108,66,44,49,36,101,47,20,72,92,109"/><U93/><E124/><V39/><F118/><W130/><G72/><T64/><D115/><U1/><E75/><V0/><F122/><W98/><G126/><T52/><D34/><U77/><E1/><V114/><F0/><W125/><G125/><T91/><D127/><U28/><E105/><V68/><F39/><W120/><G120/><T82/><D107/><U61/><E106/><V54/><F129/><W30/><G66/><T10/><D38/><U53/><E53/><V42/><F42/><W32/><G32/><T71/><D43/><U59/><E102/><V100/><F100/><W50/><G36/><T67/><D19/><U13/><E28/><V134/><F54/><W97/><G97/><T2/><D2/><U21/><E4/><V15/><F134/><W85/><G85/><N who="0" m="48351" /><D70/><U22/><E22/><V76/><F69/><W31/><G130/><T84/><D71/><U5/><E5/><V46/><F46/><W51/><G47/><T112/><D112/><N who="2" m="43114" /><F74/><W132/><G132/><T110/><D110/><U128/><E6/><V57/><F68/><W7/><G7/><T25/><D25/><AGARI ba="0,0" hai="15,17,23,25,29,33,57,60,65,76,78" m="43114" machi="25" ten="30,3900,0" yaku="15,1,11,1,52,1" doraHai="9" who="2" fromWho="0" sc="163,-39,322,0,157,39,358,0" /><INIT seed="6,0,0,2,3,65" ten="124,322,196,358" oya="2" hai0="46,21,99,109,127,7,114,111,32,0,27,53,116" hai1="4,128,81,119,123,70,23,48,57,76,125,8,87" hai2="19,129,79,40,26,77,60,50,118,54,71,31,1" hai3="134,73,10,43,16,92,61,51,68,63,30,103,101"/><V74/><F118/><W105/><G105/><T3/><D46/><U117/><E128/><V120/><F120/><W122/><G122/><T89/><D53/><U13/><E123/><V98/><F129/><W96/><G73/><T58/><D58/><U132/><E132/><V69/><F1/><N who="0" m="586" /><D89/><U64/><E125/><V75/><F40/><W102/><G30/><N who="0" m="19551" /><D99/><U88/><E23/><V5/><F98/><W59/><G68/><T124/><D116/><U104/><E104/><V126/><F126/><N who="0" m="48170" /><D114/><U93/><E70/><V52/><F60/><N who="3" m="23115" /><G134/><T85/><D85/><U94/><E64/><V100/><F100/><W47/><G59/><T41/><D41/><U29/><E94/><V84/><F84/><W80/><G80/><T90/><D90/><U38/><E38/><V44/><F54/><W45/><G45/><T56/><D56/><U37/><E37/><V72/><F50/><W66/><G66/><T135/><D135/><U78/><E117/><V83/><F79/><W2/><G2/><T20/><D7/><U17/><E119/><V9/><F83/><W133/><G133/><T14/><D14/><AGARI ba="0,0" hai="10,14,16,43,47,51,92,96,101,102,103" m="23115" machi="14" ten="30,2000,0" yaku="8,1,54,1" doraHai="65" who="3" fromWho="0" sc="124,-20,322,0,196,0,358,20" /><INIT seed="7,0,0,3,4,57" ten="104,322,196,378" oya="3" hai0="110,103,119,47,26,68,8,120,93,96,74,58,114" hai1="2,35,83,128,42,79,46,24,111,43,27,97,41" hai2="70,85,9,102,133,11,21,91,105,33,100,28,92" hai3="95,60,34,94,108,0,10,13,84,99,87,30,107"/><W48/><G0/><T88/><D120/><U124/><E111/><V123/><F70/><W32/><G107/><T61/><D110/><U64/><E128/><V72/><F72/><W135/><G108/><T3/><D68/><U65/><E124/><V56/><F33/><W18/><G135/><T7/><D119/><U125/><E125/><V112/><F112/><W132/><G132/><T45/><D74/><U131/><E131/><V16/><F133/><W66/><G48/><T129/><D129/><U116/><E2/><V6/><F28/><W22/><G10/><N who="2" m="3593" /><F6/><W69/><G95/><T53/><D114/><U25/><E35/><V113/><F105/><W54/><G54/><T80/><D80/><U89/><E46/><V51/><F113/><W98/><G98/><T104/><REACH who="0" step="1"/><D26/><REACH who="0" ten="94,322,196,378" step="2"/><U67/><E116/><V5/><F123/><W73/><G73/><T50/><D50/><U38/><E38/><V90/><F51/><W36/><G36/><T55/><D55/><U29/><E29/><V52/><F52/><W39/><G39/><T19/><D19/><U117/><E117/><V76/><F16/><W86/><G30/><T31/><D31/><U15/><E83/><V23/><F5/><W134/><G134/><T130/><D130/><U75/><E75/><V14/><F23/><W77/><G34/><T122/><D122/><U17/><E79/><V126/><F76/><W1/><G32/><T49/><D49/><U37/><E37/><V12/><F21/><W71/><G77/><T81/><D81/><U121/><E121/><V59/><F126/><W63/><G22/><RYUUKYOKU ba="0,1" sc="94,30,322,-10,196,-10,378,-10" hai0="3,7,8,45,47,53,58,61,88,93,96,103,104" owari="124,-38.0,312,11.0,186,-21.0,378,48.0" /></mjloggm>