<mjloggm ver="2.3"><GO type="185" lobby="0"/><UN n0="%E6%A2%B6%E9%9A%86%E8%87%A3" n1="%4E%65%6D%6F%6D%6F%6D%6F" n2="%E3%81%AE%E3%83%BC%E3%81%97" n3="" dan="17,16,17,0" rate="2280.59,2170.51,2288.77,1500.00" sx="M,M,M,C"/><TAIKYOKU oya="0"/><INIT seed="0,0,0,0,3,59" ten="350,350,350,0" oya="0" hai0="2,113,118,80,108,44,37,102,78,105,36,70,71" hai1="83,121,125,39,58,109,117,47,112,34,56,33,106" hai2="45,69,66,62,32,91,97,85,86,40,87,98,126" hai3=""/><T90/><D44/><U93/><N who="1" m="31008" /><U111/><E106/><V89/><F32/><N who="1" m="12393" /><E117/><V65/><F126/><T51/><D2/><U84/><E125/><V50/><F65/><T79/><D51/><U46/><E93/><V132/><F132/><T133/><D133/><U99/><E99/><V49/><F50/><T72/><D118/><U96/><E96/><V127/><F127/><T64/><D71/><U94/><E94/><V122/><N who="2" m="31264" /><V129/><F129/><T115/><D79/><U52/><E58/><V3/><F3/><T42/><D102/><U114/><E39/><V119/><F119/><T38/><D105/><U41/><E41/><V67/><F66/><T131/><D42/><U75/><E75/><V63/><F63/><T76/><D131/><U134/><E46/><V1/><F1/><T88/><D37/><U73/><E73/><V103/><REACH who="2" step="1"/><F97/><REACH who="2" ten="350,350,340,0" step="2"/><T77/><D36/><U82/><E134/><V57/><F57/><T110/><D38/><U55/><E47/><V35/><F35/><T53/><D72/><U0/><E0/><V107/><AGARI ba="0,1" hai="40,45,49,62,67,69,85,86,87,89,91,98,103,107" m="31264" machi="107" ten="30,5900,0" yaku="1,1,0,1,52,2,53,0" doraHai="59" doraHaiUra="128" who="2" fromWho="2" sc="350,-39,350,-20,340,69,0,0" /><INIT seed="1,0,0,5,4,69" ten="311,330,409,0" oya="1" hai0="127,103,89,68,71,132,65,119,35,120,39,66,82" hai1="2,51,129,76,108,72,64,79,58,37,0,54,94" hai2="92,67,123,110,93,1,3,99,135,95,87,62,74" hai3=""/><U32/><E32/><V38/><N who="2" m="31520" /><V47/><F74/><T49/><N who="0" m="30752" /><T52/><D35/><U34/><E34/><V126/><F135/><T121/><N who="0" m="31008" /><T90/><D132/><U57/><E129/><V88/><F126/><T59/><D127/><U50/><E37/><V77/><F110/><T114/><D114/><U91/><E108/><V55/><F77/><T118/><D103/><U61/><E51/><V75/><F75/><T97/><D39/><U84/><REACH who="1" step="1"/><E72/><REACH who="1" ten="311,320,409,0" step="2"/><V60/><F38/><T73/><D118/><U124/><E124/><V63/><F1/><AGARI ba="0,1" hai="0,1,2,50,54,57,58,61,64,76,79,84,91,94" machi="1" ten="40,3900,0" yaku="1,1,53,1" doraHai="69" doraHaiUra="80" who="1" fromWho="2" sc="311,0,320,49,409,-39,0,0" /><INIT seed="1,1,0,1,5,87" ten="311,369,370,0" oya="1" hai0="45,114,66,131,107,82,84,118,71,72,77,61,119" hai1="49,135,85,67,88,105,50,78,44,60,112,76,89" hai2="57,99,100,70,51,101,64,134,46,95,68,120,1" hai3=""/><U83/><E112/><V37/><N who="2" m="30752" /><V124/><F1/><T121/><N who="0" m="31008" /><T93/><D114/><U115/><E115/><V34/><F34/><T98/><D131/><U116/><E116/><V63/><F134/><T126/><D126/><U109/><E135/><V90/><F124/><T128/><D128/><U36/><E105/><V110/><F110/><T43/><D72/><U106/><E106/><V79/><F37/><T86/><D84/><U3/><E3/><V129/><F79/><T52/><D52/><U81/><E36/><V133/><F133/><T54/><D54/><U113/><E109/><V132/><F132/><T48/><REACH who="0" step="1"/><D107/><REACH who="0" ten="301,369,370,0" step="2"/><U59/><E113/><V69/><REACH who="2" step="1"/><F129/><REACH who="2" ten="301,369,360,0" step="2"/><T130/><D130/><U41/><REACH who="1" step="1"/><E49/><REACH who="1" ten="301,359,360,0" step="2"/><V33/><F33/><T127/><D127/><U0/><E0/><V62/><F62/><T58/><D58/><U75/><AGARI ba="1,3" hai="41,44,50,59,60,67,75,76,78,81,83,85,88,89" machi="75" ten="20,12000,2" yaku="1,1,0,1,7,1,52,2,54,1,53,0" doraHai="87" doraHaiUra="94" who="1" fromWho="1" sc="301,-61,359,152,360,-61,0,0" /><INIT seed="1,2,0,3,3,122" ten="240,511,299,0" oya="1" hai0="90,111,84,55,106,73,88,50,35,75,40,54,128" hai1="79,113,93,86,51,78,103,126,114,37,105,116,64" hai2="132,91,39,71,68,112,97,127,33,72,43,60,82" hai3=""/><U108/><E37/><V49/><F33/><T67/><D35/><U76/><E116/><V124/><F112/><T120/><N who="0" m="30752" /><T135/><D106/><U99/><E126/><V65/><F132/><T104/><D104/><U36/><E36/><V63/><F39/><T134/><D67/><U85/><E64/><V34/><F34/><T118/><D118/><U130/><E51/><V32/><F32/><T96/><D128/><U44/><E44/><V62/><F72/><T98/><D84/><N who="1" m="32363" /><E130/><V56/><F71/><T133/><D133/><U61/><E61/><V47/><F62/><T69/><D50/><U57/><E57/><V46/><F47/><T101/><D40/><U94/><E105/><V102/><F60/><T77/><D69/><U100/><E76/><V74/><F68/><T41/><D77/><U92/><E78/><V89/><F127/><T119/><D41/><U70/><E70/><V2/><F124/><T110/><D119/><U121/><N who="1" m="31008" /><U58/><E58/><V125/><F125/><T3/><D3/><U115/><E79/><V45/><F2/><T38/><D38/><U53/><E114/><V87/><F46/><T95/><REACH who="0" step="1"/><D95/><REACH who="0" ten="230,511,299,0" step="2"/><U1/><E93/><V107/><F65/><T83/><D83/><RYUUKYOKU ba="2,1" sc="230,20,511,-10,299,-10,0,0" hai0="54,55,73,75,88,90,96,98,101,110,111,134,135" /><INIT seed="2,3,1,5,5,0" ten="250,501,289,0" oya="2" hai0="64,123,88,129,98,3,71,34,60,114,120,58,66" hai1="49,44,55,96,133,32,40,109,47,84,1,61,39" hai2="81,82,57,54,95,63,113,67,36,74,125,2,126" hai3=""/><V46/><F2/><T51/><N who="0" m="30752" /><T102/><N who="0" m="31520" /><T87/><D3/><U41/><E1/><V132/><F113/><T100/><D129/><U104/><E32/><V94/><F132/><T75/><D75/><U115/><E115/><V131/><F131/><T37/><D37/><U97/><E133/><V92/><F74/><T73/><D73/><U128/><E128/><V83/><F36/><T72/><D72/><U62/><E109/><V89/><F89/><T134/><D134/><U105/><E84/><V116/><F116/><T112/><D34/><U77/><E77/><V59/><REACH who="2" step="1"/><F46/><REACH who="2" ten="250,501,279,0" step="2"/><T50/><D112/><U108/><E39/><V86/><F86/><T107/><D102/><U43/><E44/><V106/><F106/><T65/><D114/><U45/><E47/><V117/><F117/><T99/><D99/><U90/><E105/><V122/><N who="2" m="31264" /><V52/><F52/><T111/><D111/><U56/><E108/><V101/><F101/><T48/><REACH who="0" step="1"/><D58/><REACH who="0" ten="240,501,279,0" step="2"/><U76/><E96/><V103/><F103/><T127/><D127/><U68/><E56/><V130/><F130/><T53/><D53/><U78/><E97/><V121/><N who="2" m="31008" /><V35/><F35/><T42/><D42/><U135/><E55/><RYUUKYOKU ba="3,3" sc="240,10,501,-20,279,10,0,0" hai0="48,50,51,60,64,65,66,71,87,88,98,100,107" hai2="54,57,59,63,67,81,82,83,92,94,95,125,126" /><INIT seed="2,4,3,0,3,92" ten="250,481,289,0" oya="2" hai0="52,62,2,66,68,48,78,95,35,70,102,108,106" hai1="75,97,1,107,122,131,100,135,89,37,54,39,55" hai2="44,56,132,103,112,42,38,53,130,129,84,91,46" hai3=""/><V114/><F103/><T123/><N who="0" m="31520" /><T115/><D108/><U127/><N who="1" m="31264" /><U110/><E1/><V125/><F132/><T33/><D2/><U80/><E110/><V41/><F91/><T113/><D70/><U0/><E0/><V134/><F84/><T82/><D106/><U118/><E135/><V98/><F98/><T34/><D102/><U126/><E131/><N who="2" m="50187" /><F134/><T121/><N who="0" m="31008" /><T128/><D95/><U99/><E118/><V73/><F73/><T36/><D36/><N who="1" m="13899" /><E75/><V111/><F111/><T77/><D128/><U90/><E99/><V51/><F125/><N who="1" m="47625" /><E89/><V45/><F38/><T3/><D3/><U67/><E67/><V59/><F59/><T57/><REACH who="0" step="1"/><D77/><REACH who="0" ten="240,481,289,0" step="2"/><U117/><E117/><V93/><F93/><T61/><D61/><U119/><E119/><V87/><F87/><AGARI ba="4,4" hai="33,34,35,48,52,57,62,66,68,78,82,87,113,115" m="31008,31520" machi="87" ten="40,8000,1" yaku="1,1,52,2,54,1,53,1" doraHai="92" doraHaiUra="49" who="0" fromWho="2" sc="240,128,481,0,289,-88,0,0" /><AGARI ba="4,0" hai="54,55,80,87,90,97,100,107" m="47625,13899,31264" machi="87" ten="30,3900,0" yaku="18,1,52,2" doraHai="92" who="1" fromWho="2" sc="368,0,481,39,201,-39,0,0" /><INIT seed="4,0,0,4,5,97" ten="368,520,162,0" oya="0" hai0="100,43,132,107,44,118,111,85,39,128,129,99,54" hai1="106,38,51,110,53,50,82,78,80,1,41,112,64" hai2="70,45,109,47,135,71,60,126,68,122,0,84,48" hai3=""/><T103/><D118/><U119/><E119/><V77/><N who="2" m="31264" /><V114/><F0/><T108/><D132/><U65/><E1/><V57/><F135/><T123/><N who="0" m="31520" /><T2/><D2/><U34/><E34/><V49/><F84/><T87/><D54/><U102/><E110/><N who="0" m="42025" /><D100/><U3/><E53/><V55/><F77/><T101/><D101/><U83/><E102/><V86/><F86/><AGARI ba="0,0" hai="39,43,44,85,86,87,99,103,107,128,129" m="42025,31520" machi="86" ten="30,5800,0" yaku="10,1,52,2" doraHai="97" who="0" fromWho="2" sc="368,58,520,0,162,-58,0,0" /><INIT seed="4,1,0,2,3,88" ten="426,520,104,0" oya="0" hai0="67,116,64,120,128,96,84,107,72,85,86,130,76" hai1="65,92,89,108,114,45,121,127,124,117,100,60,99" hai2="90,38,1,132,53,106,91,32,54,56,77,112,135" hai3=""/><T93/><N who="0" m="30752" /><T62/><D116/><U0/><N who="1" m="31008" /><U49/><E117/><V97/><F32/><T131/><D107/><U46/><E0/><V40/><F1/><T44/><D44/><U47/><E108/><V68/><F68/><T74/><D76/><U69/><E114/><V36/><F112/><T52/><D52/><U70/><E70/><V105/><F77/><T104/><D104/><U109/><E109/><V2/><F2/><T80/><D80/><U39/><E39/><V50/><F97/><T59/><REACH who="0" step="1"/><D67/><REACH who="0" ten="416,520,104,0" step="2"/><U102/><E49/><V34/><F50/><T79/><D79/><U118/><E118/><V87/><F105/><T78/><D78/><U43/><E43/><V42/><F106/><T94/><D94/><U81/><E81/><V37/><F37/><T126/><D126/><AGARI ba="1,1" hai="45,46,47,60,65,69,89,92,99,100,102,124,126,127" m="31008" machi="126" ten="40,5200,0" yaku="18,1,52,2" doraHai="88" who="1" fromWho="0" sc="416,-54,520,64,104,0,0,0" /><INIT seed="5,0,0,5,0,128" ten="362,584,104,0" oya="1" hai0="39,67,105,109,43,79,110,87,69,83,35,41,40" hai1="51,119,116,113,73,89,111,93,76,100,85,130,134" hai2="107,95,59,121,42,88,71,133,129,3,77,117,33" hai3=""/><U64/><E130/><V97/><N who="2" m="31008" /><V122/><N who="2" m="31264" /><V55/><F129/><T63/><D105/><U38/><E38/><V84/><F33/><T132/><D39/><U75/><E64/><V101/><F71/><T104/><D104/><U106/><E51/><V90/><F3/><T65/><D35/><U123/><N who="1" m="31520" /><U45/><E45/><V80/><F117/><T120/><N who="0" m="30752" /><T53/><D67/><U36/><E36/><V112/><F42/><T126/><D126/><U1/><E1/><V114/><F90/><T54/><D54/><U124/><E124/><V94/><F94/><T2/><D2/><U115/><E111/><V78/><F78/><T125/><D125/><U99/><E116/><V37/><F37/><T108/><D53/><U98/><E89/><V70/><F70/><T46/><D46/><U32/><E93/><V48/><REACH who="2" step="1"/><F133/><REACH who="2" ten="362,584,94,0" step="2"/><T62/><D132/><U96/><E134/><V118/><F118/><T135/><D135/><U82/><E32/><V91/><F91/><T60/><AGARI ba="0,1" hai="40,41,43,60,62,63,65,69,79,83,87,108,109,110" m="30752" machi="60" ten="40,2000,0" yaku="0,1,52,1" doraHai="128" who="0" fromWho="0" sc="362,30,584,-13,94,-7,0,0" /><INIT seed="6,0,0,0,2,115" ten="392,571,87,0" oya="2" hai0="89,77,124,125,117,128,40,119,60,74,38,68,3" hai1="126,129,32,56,78,103,34,49,111,72,94,106,122" hai2="33,81,41,80,104,71,84,116,132,121,86,101,99" hai3=""/><V130/><N who="2" m="31008" /><V93/><F33/><T107/><D89/><U123/><N who="1" m="31264" /><U105/><N who="1" m="31520" /><U61/><E111/><V36/><F71/><T0/><D60/><U114/><E114/><V112/><F112/><T2/><D77/><U96/><E106/><V73/><F132/><T98/><D98/><U88/><E129/><V66/><F66/><T42/><D3/><U54/><E126/><V133/><F133/><T113/><D42/><U50/><E50/><V69/><F69/><T82/><D82/><U120/><N who="1" m="30752" /><U37/><E37/><V87/><F130/><T52/><D40/><U83/><E49/><V108/><F108/><T58/><D38/><U62/><E62/><V70/><F70/><T53/><D68/><U102/><E102/><V75/><F116/><T39/><D39/><U131/><E131/><V55/><F55/><T67/><D113/><U135/><E135/><V64/><F64/><T51/><D128/><U85/><AGARI ba="0,0" hai="32,34,54,56,61,72,78,83,85,88,94,96,103,105" m="30752,31520,31264" machi="85" ten="20,12000,3" yaku="0,1,7,1,24,2,52,3,54,1" doraHai="115" who="1" fromWho="1" sc="392,-40,571,120,87,-80,0,0" owari="352,-5.0,691,64.0,7,-59.0,0,0.0" /></mjloggm>