<mjloggm ver="2.3"><GO type="169" lobby="0"/><UN n0="%E4%B8%AD%E5%B7%9D%E5%86%85%E9%9B%AA%E9%9F%B3" n1="%E5%90%89%E6%BE%A4%E2%98%86%E7%91%A0%E5%81%89" n2="%41%4D%41%4C%49%41" n3="%E6%96%87%E8%B1%AA" dan="16,16,16,16" rate="2130.63,2124.18,2081.80,2041.30" sx="F,M,M,M"/><TAIKYOKU oya="0"/><INIT seed="0,0,0,1,3,6" ten="250,250,250,250" oya="0" hai0="47,102,62,85,95,12,96,135,58,103,25,91,39" hai1="28,32,69,98,116,129,90,31,122,67,82,133,27" hai2="17,20,15,24,8,87,108,79,33,104,111,101,42" hai3="51,38,115,5,81,110,109,88,10,64,54,53,44"/><T75/><D135/><U131/><E122/><V21/><F33/><W124/><G115/><T36/><D75/><U99/><E133/><V118/><F118/><W43/><G64/><T114/><D114/><U92/><E116/><V86/><F42/><W113/><G124/><T100/><D47/><U132/><E132/><V59/><F79/><W127/><G127/><T40/><D40/><U66/><E31/><V18/><F21/><W128/><G128/><T126/><D126/><U123/><E123/><V112/><F112/><W22/><G22/><T16/><D25/><U3/><E3/><V46/><F46/><W35/><G35/><T84/><D39/><U7/><E7/><V93/><F104/><W107/><G107/><T63/><D36/><U57/><E57/><V61/><F101/><W68/><G68/><T72/><D72/><U34/><E32/><V48/><F48/><W45/><G53/><N who="0" m="34127" /><D63/><N who="1" m="40159" /><E82/><V55/><REACH who="2" step="1"/><F93/><REACH who="2" ten="250,250,240,250" step="2"/><W94/><G113/><T105/><D105/><U49/><E49/><V14/><F14/><W52/><G81/><T50/><D50/><U11/><E129/><V9/><F9/><AGARI ba="0,1" hai="9,12,16,84,85,91,95,96,100,102,103" m="34127" machi="9" ten="30,5800,0" yaku="8,1,52,1,54,1" doraHai="6" who="0" fromWho="2" sc="250,68,250,0,240,-58,250,0" /><INIT seed="0,1,0,1,0,53" ten="318,250,182,250" oya="0" hai0="134,90,34,124,30,51,35,106,120,94,69,31,105" hai1="117,67,46,109,21,111,75,76,58,33,56,91,44" hai2="108,135,22,82,122,47,20,121,101,118,6,65,24" hai3="48,89,28,125,43,23,3,12,98,103,4,54,84"/><T2/><D120/><U110/><E33/><V55/><F65/><W37/><G125/><T78/><D2/><U74/><E117/><V61/><F118/><W126/><G43/><T5/><D5/><U45/><E67/><V92/><F108/><W97/><G37/><T36/><D36/><U114/><E114/><V15/><F135/><W95/><G126/><T9/><D9/><U70/><E70/><V116/><F116/><W80/><G3/><T14/><D14/><U1/><E1/><V133/><F133/><W27/><G98/><T8/><D8/><U49/><E49/><V85/><F6/><W57/><G12/><T29/><D69/><U104/><E104/><V131/><F92/><W59/><G4/><T123/><D78/><U79/><E91/><V86/><F101/><W73/><REACH who="3" step="1"/><G73/><REACH who="3" ten="318,250,182,240" step="2"/><N who="1" m="27658" /><E21/><V25/><F15/><W132/><G132/><T7/><D134/><U81/><E81/><V119/><F82/><W19/><G19/><T99/><D7/><U93/><E93/><V13/><F13/><W87/><G87/><T128/><D124/><U72/><E72/><V50/><F119/><W62/><G62/><T127/><D127/><U130/><E130/><V17/><F131/><W10/><G10/><T39/><D128/><U129/><E129/><V96/><F61/><W18/><G18/><T115/><D39/><U63/><E63/><V102/><F96/><W83/><G83/><T68/><D99/><U26/><E26/><V100/><F24/><W52/><G52/><T11/><D11/><U88/><E110/><V64/><F25/><W41/><G41/><RYUUKYOKU ba="1,1" sc="318,-10,250,-10,182,-10,240,30" hai3="23,27,28,48,54,57,59,80,84,89,95,97,103" /><INIT seed="1,2,1,3,4,92" ten="308,240,172,270" oya="1" hai0="9,34,6,32,73,36,48,83,111,96,20,18,119" hai1="104,29,72,50,130,26,60,3,17,45,123,42,44" hai2="121,107,105,103,65,134,70,101,1,41,16,100,46" hai3="128,108,88,11,58,133,132,75,35,131,99,93,23"/><U84/><E72/><V31/><F121/><W69/><G35/><T7/><D119/><U71/><E123/><V39/><F1/><W81/><G69/><T33/><D36/><U64/><E3/><V77/><F77/><N who="3" m="44223" /><G58/><T98/><D111/><U120/><E120/><V13/><F31/><W129/><G23/><T115/><D115/><U126/><E104/><V63/><REACH who="2" step="1"/><F134/><REACH who="2" ten="308,240,162,270" step="2"/><N who="3" m="51819" /><G11/><AGARI ba="2,2" hai="11,13,16,39,41,46,63,65,70,100,101,103,105,107" machi="11" ten="40,5200,0" yaku="1,1,54,1,53,1" doraHai="92" doraHaiUra="43" who="2" fromWho="3" sc="308,0,240,0,162,78,270,-58" /><INIT seed="2,0,0,4,3,106" ten="308,240,240,212" oya="2" hai0="107,125,15,61,31,72,17,111,96,56,88,108,36" hai1="82,7,118,33,117,73,59,128,135,50,94,26,43" hai2="54,40,129,16,99,27,22,104,103,62,2,119,116" hai3="77,58,38,47,39,70,76,53,120,5,131,8,95"/><V92/><F129/><W114/><G120/><T64/><D36/><U97/><E128/><V35/><F40/><W75/><G70/><T101/><D125/><U105/><E105/><V85/><F2/><W123/><G123/><T49/><D31/><U66/><E7/><V20/><F35/><W23/><G131/><T25/><D25/><U112/><E112/><V10/><F10/><W9/><G114/><T29/><D29/><U130/><E130/><V24/><F104/><W133/><G133/><T65/><D49/><U122/><E135/><V52/><F85/><W55/><G95/><T90/><D65/><U121/><E43/><V51/><F62/><W68/><G68/><T115/><D72/><U67/><E26/><V0/><F0/><W87/><G23/><N who="0" m="11711" /><D115/><U4/><E4/><V126/><F54/><W11/><G87/><T127/><D127/><U12/><E33/><V44/><REACH who="2" step="1"/><F126/><REACH who="2" ten="308,240,230,212" step="2"/><W46/><G8/><T69/><D69/><U34/><E121/><V13/><F13/><W45/><G5/><T63/><D61/><U100/><E12/><V6/><F6/><W74/><REACH who="3" step="1"/><G46/><REACH who="3" ten="308,240,230,202" step="2"/><T83/><D107/><U60/><E122/><V132/><F132/><W109/><G109/><T42/><D111/><U48/><E34/><V98/><F98/><W89/><G89/><T37/><D90/><U21/><E97/><V110/><F110/><W18/><G18/><AGARI ba="0,2" hai="16,18,20,22,24,27,44,51,52,92,99,103,116,119" machi="18" ten="30,18000,2" yaku="1,1,7,1,9,1,54,2,53,1" doraHai="106" doraHaiUra="91" who="2" fromWho="3" sc="308,0,240,0,230,200,202,-180" /><INIT seed="2,1,0,4,4,93" ten="308,240,430,22" oya="2" hai0="74,44,14,0,73,28,79,90,75,55,23,121,63" hai1="18,4,86,120,118,116,110,133,131,127,1,65,17" hai2="119,15,33,77,82,40,69,83,115,3,66,68,111" hai3="132,58,126,47,98,129,104,70,38,80,76,13,9"/><V117/><F115/><W72/><G70/><T48/><D121/><U87/><E65/><V32/><F3/><W37/><G126/><T49/><D0/><U2/><E120/><V67/><F15/><W30/><G132/><T97/><D63/><U103/><E103/><V100/><F100/><W11/><G129/><T112/><D112/><U71/><E133/><V29/><F40/><W35/><G58/><T42/><D90/><U50/><E50/><V5/><F29/><W19/><G47/><T81/><D97/><U20/><E71/><V56/><F56/><W61/><G61/><T25/><D14/><U53/><E20/><V130/><F77/><W45/><G45/><AGARI ba="1,0" hai="23,25,28,42,44,45,48,49,55,73,74,75,79,81" machi="45" ten="30,1000,0" yaku="7,1" doraHai="93" who="0" fromWho="3" sc="308,13,240,0,430,0,22,-13" /><INIT seed="3,0,0,2,0,101" ten="321,240,430,9" oya="3" hai0="90,17,120,45,18,97,121,113,10,49,21,86,9" hai1="34,40,13,106,14,115,44,85,65,56,88,128,83" hai2="51,64,93,109,134,114,77,79,12,76,81,127,118" hai3="84,119,112,75,35,96,5,59,117,125,87,16,98"/><W24/><G112/><T20/><D97/><N who="3" m="37481" /><G75/><T53/><D113/><U103/><E115/><V46/><F114/><W66/><G35/><T131/><D131/><U92/><E128/><V135/><F118/><W104/><G104/><T23/><D121/><U69/><E34/><V78/><F109/><W4/><G125/><T99/><D99/><U26/><E26/><V33/><F33/><W116/><G66/><T22/><D120/><U25/><E25/><V48/><F127/><W71/><G59/><T94/><REACH who="0" step="1"/><D17/><REACH who="0" ten="311,240,430,9" step="2"/><U30/><E103/><V95/><F135/><W55/><G71/><T60/><D60/><U133/><E69/><V42/><F134/><W80/><G55/><T39/><D39/><U61/><E133/><V52/><F52/><W124/><G124/><T54/><D54/><U3/><E106/><V47/><F64/><W130/><G130/><T63/><D63/><U91/><E3/><V8/><F42/><W2/><G2/><T43/><D43/><U132/><E132/><V68/><F68/><W27/><G16/><T11/><D11/><U37/><REACH who="1" step="1"/><E30/><REACH who="1" ten="311,230,430,9" step="2"/><V19/><F19/><W50/><G50/><T123/><D123/><U73/><E73/><V6/><F51/><W57/><G57/><T62/><D62/><U41/><E41/><V122/><F122/><W82/><G24/><AGARI ba="0,2" hai="9,10,18,20,21,22,23,24,45,49,53,86,90,94" machi="24" ten="40,2600,0" yaku="1,1,8,1,53,0" doraHai="101" doraHaiUra="0" who="0" fromWho="3" sc="311,46,230,0,430,0,9,-26" owari="357,16.0,230,-17.0,430,53.0,-17,-52.0" /></mjloggm>