<mjloggm ver="2.3"><GO type="169" lobby="0"/><UN n0="%E3%81%B5%E3%81%BF%4B%55%4E" n1="%28%3B%E3%83%BB%E2%88%80%E3%83%BB%29" n2="%E3%81%A4%E3%82%89%E3%81%84%E3%80%82" n3="%E6%B2%B3%E5%B6%8B%4B%4B" dan="16,16,16,19" rate="2092.63,2180.49,2109.09,2272.24" sx="M,M,M,M"/><TAIKYOKU oya="0"/><INIT seed="0,0,0,4,2,57" ten="250,250,250,250" oya="0" hai0="44,47,65,128,115,40,79,131,63,88,17,100,119" hai1="90,26,12,21,8,19,106,110,95,14,116,92,50" hai2="101,56,105,125,46,36,27,53,120,123,6,127,2" hai3="93,126,122,11,76,114,108,80,75,99,82,84,121"/><T42/><D115/><U7/><E106/><V61/><F2/><W37/><G37/><T109/><D119/><U71/><E116/><V31/><F6/><W77/><G11/><T18/><D100/><U51/><E110/><V69/><F101/><W91/><G114/><T132/><D79/><U62/><E26/><V25/><F105/><W111/><REACH who="3" step="1"/><G126/><REACH who="3" ten="250,250,250,240" step="2"/><T49/><D109/><AGARI ba="0,1" hai="75,76,77,80,82,84,91,93,99,108,109,111,121,122" machi="109" ten="40,12000,2" yaku="1,1,2,1,14,1,34,3,53,0" doraHai="57" doraHaiUra="16" who="3" fromWho="0" sc="250,-120,250,0,250,0,240,130" /><INIT seed="1,0,0,5,0,112" ten="130,250,250,370" oya="1" hai0="17,113,22,77,13,46,90,32,97,9,124,75,23" hai1="126,116,135,128,99,48,2,104,107,16,79,1,111" hai2="21,98,80,12,133,68,134,102,123,129,73,78,6" hai3="14,121,119,105,103,125,29,8,47,51,26,53,63"/><U24/><E126/><V110/><F123/><W28/><G121/><T11/><D113/><U5/><E116/><V76/><F68/><W4/><G125/><T30/><D124/><U84/><E128/><V57/><F129/><W115/><G115/><T132/><D132/><N who="2" m="50794" /><F78/><W35/><G29/><T39/><D32/><U64/><E135/><V85/><F57/><W72/><G72/><T95/><D30/><U18/><E64/><V71/><F71/><W42/><G103/><T89/><D89/><U94/><E48/><V58/><F58/><W60/><G105/><T31/><D31/><U88/><E111/><V33/><F33/><W55/><G119/><T50/><D39/><U61/><E61/><V36/><F36/><W0/><G55/><T10/><D75/><U92/><E79/><V54/><F54/><W56/><REACH who="3" step="1"/><G0/><REACH who="3" ten="130,250,250,360" step="2"/><T45/><D77/><U74/><E74/><V59/><F73/><W27/><G27/><T62/><D62/><AGARI ba="0,1" hai="4,8,14,26,28,35,42,47,51,53,56,60,62,63" machi="62" ten="30,2000,0" yaku="1,1,7,1,53,0" doraHai="112" doraHaiUra="91" who="3" fromWho="0" sc="130,-20,250,0,250,0,360,30" /><INIT seed="2,0,0,0,5,108" ten="110,250,250,390" oya="2" hai0="3,107,52,46,129,120,16,49,123,96,121,67,66" hai1="110,76,111,38,99,109,82,39,61,48,112,93,100" hai2="92,103,71,37,63,58,105,98,6,81,8,86,88" hai3="85,89,124,15,90,41,62,115,0,21,119,74,17"/><V113/><F37/><W83/><G119/><T72/><D129/><U69/><E48/><V55/><F71/><W36/><G124/><T102/><D3/><U94/><E112/><V44/><F44/><W134/><G134/><T12/><REACH who="0" step="1"/><D72/><REACH who="0" ten="100,250,250,390" step="2"/><N who="1" m="43271" /><E93/><V31/><F31/><W91/><G74/><T97/><D97/><U18/><E94/><V1/><REACH who="2" step="1"/><F113/><REACH who="2" ten="100,250,240,390" step="2"/><W2/><G115/><T40/><D40/><U57/><E109/><V54/><F54/><W75/><G41/><T59/><D59/><U79/><E57/><V80/><AGARI ba="0,2" hai="1,6,8,55,58,63,80,81,86,88,92,98,103,105" machi="80" ten="30,11700,0" yaku="1,1,0,1,54,1,53,1" doraHai="108" doraHaiUra="50" who="2" fromWho="2" sc="100,-39,250,-39,240,137,390,-39" /><INIT seed="2,1,0,3,1,41" ten="61,211,377,351" oya="2" hai0="127,72,31,97,130,110,6,106,131,117,76,55,101" hai1="66,12,65,115,54,71,8,90,25,121,48,63,38" hai2="74,100,32,28,58,83,87,133,84,42,118,124,119" hai3="104,86,51,67,93,29,102,45,20,70,37,88,113"/><V81/><F124/><W78/><G113/><T0/><D127/><U92/><E38/><V19/><F74/><W120/><G120/><T22/><D110/><U21/><E115/><V43/><F100/><W26/><G37/><T73/><D117/><U7/><E121/><V2/><F2/><W4/><G4/><T79/><D55/><U108/><E108/><V15/><F32/><W60/><G104/><T3/><D22/><U85/><E63/><V103/><F103/><W59/><G102/><T23/><D23/><U17/><REACH who="1" step="1"/><E71/><REACH who="1" ten="61,201,377,351" step="2"/><V134/><F119/><W57/><REACH who="3" step="1"/><G78/><REACH who="3" ten="61,201,377,341" step="2"/><T107/><D79/><U123/><E123/><V47/><F118/><W105/><G105/><T128/><D76/><U95/><E95/><V122/><F122/><W114/><G114/><T98/><D106/><U46/><AGARI ba="1,2" hai="7,8,12,17,21,25,46,48,54,65,66,85,90,92" machi="46" ten="20,12000,2" yaku="1,1,0,1,7,1,8,1,52,1,53,1" doraHai="41" doraHaiUra="49" who="1" fromWho="1" sc="61,-31,201,143,377,-61,341,-31" /><INIT seed="3,0,0,5,5,9" ten="30,344,316,310" oya="3" hai0="135,36,85,61,115,41,31,30,0,87,79,18,76" hai1="77,48,8,22,24,78,23,7,99,64,58,63,54" hai2="121,131,14,12,104,132,44,129,97,37,127,73,95" hai3="1,26,96,10,110,134,17,59,21,65,62,84,42"/><W2/><G134/><T6/><D135/><U107/><E107/><V114/><F132/><W125/><G125/><T118/><D118/><U66/><E99/><V133/><F133/><W74/><G74/><T4/><D115/><U81/><E64/><V45/><F114/><W29/><G110/><T39/><D61/><U20/><E24/><V112/><F112/><W68/><G42/><T69/><D69/><U82/><E78/><V25/><F127/><W46/><G46/><N who="2" m="18025" /><F37/><W94/><G68/><T72/><D72/><U27/><E27/><V3/><F3/><W120/><G84/><T103/><D103/><U19/><E19/><V75/><F104/><W11/><G120/><T33/><D33/><U88/><E77/><V93/><F93/><W49/><G49/><T71/><D71/><U101/><E101/><N who="2" m="60607" /><F75/><W43/><G43/><T53/><D41/><U109/><E109/><V128/><F73/><W106/><G106/><T55/><REACH who="0" step="1"/><D18/><REACH who="0" ten="20,344,316,310" step="2"/><U34/><E34/><V98/><F121/><W70/><G70/><T13/><D13/><N who="2" m="5226" /><F98/><W90/><G2/><AGARI ba="0,1" hai="0,2,4,6,30,31,36,39,53,55,76,79,85,87" machi="2" ten="25,3200,0" yaku="1,1,22,2,53,0" doraHai="9" doraHaiUra="130" who="0" fromWho="3" sc="20,42,344,0,316,0,310,-32" /><INIT seed="4,0,0,0,0,7" ten="62,344,316,278" oya="0" hai0="117,25,95,81,106,93,115,85,74,23,38,91,66" hai1="63,75,54,58,90,135,17,116,21,57,36,37,28" hai2="44,87,92,67,3,113,77,131,132,35,33,89,62" hai3="94,15,22,112,68,104,0,114,14,60,99,83,76"/><T126/><D115/><U1/><E116/><V122/><F113/><N who="3" m="43627" /><G104/><T49/><D117/><U9/><E28/><V107/><F122/><W47/><G0/><T105/><D38/><U109/><E109/><V50/><F131/><W26/><G47/><T34/><D34/><U84/><E75/><V88/><F107/><W40/><G40/><T29/><D126/><U128/><E135/><V102/><F3/><W46/><G46/><T119/><D119/><U55/><E128/><V61/><F132/><W65/><G26/><T130/><D130/><U5/><E17/><V101/><F77/><W6/><G22/><T124/><D124/><U64/><E21/><V71/><F62/><W31/><G6/><T51/><D66/><U97/><E97/><V121/><F121/><W123/><G31/><T118/><D118/><U108/><E108/><V56/><F71/><W129/><G123/><T73/><D106/><U39/><REACH who="1" step="1"/><E58/><REACH who="1" ten="62,334,316,278" step="2"/><V86/><F33/><W20/><G20/><T72/><D105/><U53/><E53/><N who="2" m="29895" /><F35/><W110/><G110/><T24/><D24/><U52/><E52/><V12/><F12/><W98/><G129/><T111/><D111/><U11/><E11/><V13/><F13/><W125/><G125/><T42/><D42/><U59/><E59/><V100/><F87/><N who="3" m="48615" /><G98/><T18/><D29/><U82/><AGARI ba="0,1" hai="1,5,9,36,37,39,54,55,57,63,64,82,84,90" machi="82" ten="30,4000,0" yaku="1,1,0,1,52,1,53,0" doraHai="7" doraHaiUra="41" who="1" fromWho="1" sc="62,-20,334,50,316,-10,278,-10" /><INIT seed="5,0,0,3,3,74" ten="42,384,306,268" oya="1" hai0="19,54,124,71,68,29,128,65,3,100,2,115,59" hai1="44,130,94,116,22,123,93,113,38,15,30,102,134" hai2="119,96,9,126,47,131,72,98,34,61,89,12,81" hai3="41,43,51,39,40,37,67,8,83,86,104,45,80"/><U127/><E44/><V125/><F119/><W24/><G104/><T90/><D115/><U105/><E30/><V6/><F34/><W106/><G106/><T110/><D110/><U107/><E22/><V121/><F121/><W70/><G83/><T58/><D124/><N who="2" m="47722" /><F131/><W118/><G118/><T87/><D128/><U78/><E15/><V92/><F61/><W4/><G67/><T57/><D100/><U60/><E60/><V1/><F47/><W108/><G70/><T97/><D97/><U109/><E102/><V17/><F98/><W35/><G108/><T42/><D42/><U79/><E127/><V95/><F95/><W31/><G39/><T66/><D54/><U16/><E38/><V64/><F64/><W5/><G37/><T20/><D29/><U122/><E109/><V0/><F17/><W21/><G35/><T84/><D19/><U36/><E36/><V63/><F63/><W132/><G132/><T111/><D111/><U88/><E116/><V49/><F49/><W76/><REACH who="3" step="1"/><G5/><REACH who="3" ten="42,384,306,258" step="2"/><T99/><D66/><U53/><E134/><V13/><F81/><W133/><G133/><T75/><D65/><U33/><E33/><V112/><F6/><W69/><G69/><T103/><D68/><U28/><E107/><V55/><F92/><W25/><G25/><T10/><D71/><U23/><E105/><V32/><F32/><W27/><G27/><T62/><D62/><U46/><E94/><V52/><F112/><W117/><G117/><T120/><D120/><U26/><E113/><V73/><F55/><W91/><G91/><T50/><D90/><RYUUKYOKU ba="0,1" sc="42,-10,384,-10,306,-10,258,30" hai3="4,8,21,24,31,40,41,43,45,51,76,80,86" /><INIT seed="6,1,1,4,3,20" ten="32,374,296,288" oya="2" hai0="121,82,79,87,67,93,68,124,51,39,22,66,106" hai1="60,58,45,129,6,30,4,62,19,17,72,77,134" hai2="61,34,7,94,113,118,90,73,127,99,128,42,46" hai3="32,49,55,85,80,123,75,54,1,91,53,101,26"/><V69/><F118/><W120/><G1/><T95/><D121/><U38/><E129/><V88/><F128/><W10/><G10/><T112/><D39/><U12/><E134/><V105/><F113/><W132/><G132/><T16/><D112/><U48/><E38/><V63/><F105/><W122/><G75/><T11/><D124/><U102/><E102/><V9/><F127/><W41/><G101/><T0/><D106/><U116/><E116/><V64/><F73/><W56/><REACH who="3" step="1"/><G41/><REACH who="3" ten="32,374,296,278" step="2"/><T89/><D51/><U100/><E100/><V14/><F63/><W131/><G131/><T57/><D68/><U81/><E62/><V13/><F90/><W103/><G103/><T133/><D133/><U110/><E60/><V86/><F61/><W43/><G43/><T97/><D0/><U119/><E48/><V109/><F69/><W84/><G84/><T130/><D130/><U47/><E72/><V135/><F135/><W35/><G35/><T37/><D37/><U3/><E3/><N who="2" m="255" /><F34/><W74/><G74/><T117/><D117/><U23/><E119/><V104/><F104/><W29/><AGARI ba="1,2" hai="26,29,32,49,53,54,55,56,80,85,91,120,122,123" machi="29" ten="40,5200,0" yaku="1,1,0,1,52,1,53,0" doraHai="20" doraHaiUra="2" who="3" fromWho="3" sc="32,-14,374,-14,296,-27,278,75" /><INIT seed="7,0,0,4,0,98" ten="18,360,269,353" oya="3" hai0="22,15,44,32,47,21,49,105,72,3,96,30,77" hai1="97,93,100,41,62,14,113,24,66,35,104,60,6" hai2="126,101,86,87,58,52,130,28,103,51,85,29,117" hai3="90,36,73,71,122,107,67,133,94,123,46,20,9"/><W26/><G107/><T116/><D116/><U5/><E113/><V50/><F117/><W125/><G73/><T80/><D3/><U61/><E41/><V11/><F130/><W42/><G125/><T68/><D68/><U23/><E35/><V112/><F112/><W7/><G133/><T45/><D49/><U69/><E104/><V40/><F126/><W128/><G128/><T118/><D118/><U43/><E43/><V129/><F129/><W111/><G111/><T75/><D75/><U55/><E55/><V1/><F1/><W109/><G67/><T91/><D91/><U12/><E12/><V81/><F81/><W76/><G71/><T54/><D54/><U2/><E2/><V83/><F83/><W120/><G76/><T110/><D110/><U84/><E84/><V57/><F11/><W8/><G109/><T4/><D4/><U56/><E69/><V64/><F64/><W0/><G9/><T88/><D15/><U74/><E74/><V102/><F58/><W114/><G114/><T48/><D48/><U34/><E34/><V38/><F38/><W13/><G0/><T39/><D39/><U132/><E132/><V119/><F119/><W63/><G63/><N who="1" m="24138" /><E14/><V31/><F86/><W121/><G121/><T127/><D127/><U19/><AGARI ba="0,0" hai="5,6,19,23,24,56,62,66,93,97,100" m="24138" machi="19" ten="30,2000,0" yaku="8,1,52,1" doraHai="98" who="1" fromWho="1" sc="18,-5,360,20,269,-5,353,-10" owari="13,-49.0,380,49.0,264,-14.0,343,14.0" /></mjloggm>