<mjloggm ver="2.3"><GO type="225" lobby="0"/><UN n0="%E2%96%BD%E4%B8%8E%E4%BD%9C%28%E3%81%8A%E3%81%AB%E3%81%8E%E3%82%8A" n1="%E3%83%8B%E3%83%A3%E3%83%83%E3%83%94%E3%83%BC%E5%A4%8F%E7%9B%AE" n2="%28%C2%B4%E3%81%B8%CE%B5%E3%81%B8%60%29" n3="%E8%A8%88%E7%AE%97%E6%A9%9F%E8%87%AA%E7%84%B6" dan="17,18,16,17" rate="2172.16,2289.29,2089.87,2245.94" sx="M,M,M,M"/><TAIKYOKU oya="0"/><INIT seed="0,0,0,3,2,87" ten="250,250,250,250" oya="0" hai0="59,43,41,85,70,45,2,120,55,124,131,77,68" hai1="135,73,17,10,111,97,13,19,102,61,88,115,79" hai2="24,94,100,48,23,98,21,108,49,28,101,132,60" hai3="90,125,86,4,116,118,78,130,119,121,80,123,56"/><T72/><D2/><U14/><E111/><V50/><F108/><W39/><G39/><T71/><D120/><N who="3" m="46153" /><G4/><T27/><D124/><U30/><E135/><V20/><F132/><W42/><G42/><T113/><D113/><U37/><E37/><V107/><F107/><W69/><G69/><T54/><D72/><U1/><E1/><V40/><F40/><W36/><G36/><T51/><D27/><U92/><E115/><V44/><F44/><W134/><G134/><T129/><D77/><U46/><E30/><V53/><F100/><W47/><G47/><T83/><D83/><U11/><E46/><V65/><REACH who="2" step="1"/><F53/><REACH who="2" ten="250,250,240,250" step="2"/><W29/><G125/><T32/><D43/><U38/><E38/><V6/><F6/><W103/><G103/><T112/><D41/><U75/><E79/><V3/><F3/><W0/><G0/><T117/><D55/><U57/><E102/><V16/><F16/><W127/><G127/><T126/><D126/><U99/><E99/><V81/><F81/><N who="3" m="49487" /><G29/><T128/><D45/><U110/><E110/><V89/><F89/><W76/><G130/><T34/><D112/><U7/><E7/><V96/><F96/><W52/><G80/><T35/><REACH who="0" step="1"/><D85/><REACH who="0" ten="240,250,240,250" step="2"/><U15/><E15/><V8/><F8/><W104/><G104/><T105/><D105/><U82/><E82/><V26/><F26/><W91/><G91/><T66/><D66/><AGARI ba="0,2" hai="10,11,13,14,17,19,57,61,66,73,75,88,92,97" machi="66" ten="30,7700,0" yaku="7,1,9,1,52,1,54,1" doraHai="87" who="1" fromWho="0" sc="240,-77,250,97,240,0,250,0" /><INIT seed="1,0,0,1,1,86" ten="163,347,240,250" oya="1" hai0="24,129,10,117,109,67,28,108,21,124,91,62,121" hai1="7,101,36,97,100,18,106,111,133,30,135,94,59" hai2="64,23,63,60,93,50,96,17,44,19,76,70,58" hai3="120,105,116,88,77,27,34,49,72,48,115,40,35"/><U128/><E36/><V130/><F130/><W82/><G120/><T74/><D117/><U42/><E42/><V39/><F39/><W69/><G115/><T55/><D129/><U32/><E7/><V16/><F76/><W61/><G105/><T25/><D121/><U20/><E32/><V11/><F11/><W134/><G116/><T53/><D74/><U22/><E30/><V37/><F37/><W0/><G0/><T9/><D124/><U71/><E71/><V98/><F23/><W107/><G107/><T112/><D112/><U14/><E128/><V12/><F12/><W15/><G134/><T122/><D122/><U33/><E33/><V119/><F119/><W118/><G118/><T80/><D25/><U54/><E111/><N who="0" m="42569" /><D67/><U114/><E114/><V4/><F4/><W95/><G15/><T110/><N who="0" m="42577" /><T26/><DORA hai="46" /><D26/><U102/><E22/><V47/><F50/><W104/><G104/><T79/><D79/><U73/><E73/><V99/><REACH who="2" step="1"/><F93/><REACH who="2" ten="163,347,230,250" step="2"/><W92/><G92/><T51/><D62/><N who="1" m="36215" /><E106/><V75/><F75/><W2/><G34/><T6/><D6/><U56/><E135/><V3/><F3/><W81/><G2/><T83/><D83/><U78/><E78/><V103/><F103/><W123/><G82/><T57/><D55/><AGARI ba="0,1" hai="16,17,19,44,47,55,58,60,63,64,70,96,98,99" machi="55" ten="40,5200,0" yaku="1,1,54,1,53,1" doraHai="86,46" doraHaiUra="85,52" who="2" fromWho="0" sc="163,-52,347,0,230,62,250,0" /><INIT seed="2,0,0,0,0,29" ten="111,347,292,250" oya="2" hai0="45,89,1,83,125,69,26,94,129,127,119,122,12" hai1="112,116,51,32,104,130,90,107,117,10,31,87,82" hai2="75,58,30,47,81,67,16,59,35,37,73,8,97" hai3="17,134,44,84,71,114,18,62,101,43,78,34,126"/><V135/><F135/><W42/><G134/><T121/><D69/><U99/><E10/><V106/><F106/><W124/><G114/><T6/><D83/><U103/><E51/><V66/><F97/><W92/><G34/><T64/><D64/><U56/><E56/><V86/><F58/><W65/><G78/><T22/><D45/><U52/><E52/><V105/><F105/><W7/><G7/><T24/><D94/><U77/><E31/><V63/><F66/><W128/><G128/><T109/><D89/><U93/><E32/><V100/><F100/><W3/><G3/><T40/><D40/><U74/><E112/><V95/><F95/><W96/><G84/><T38/><D38/><U132/><E132/><V57/><F57/><W14/><G42/><T55/><D55/><U123/><E107/><V48/><F37/><W72/><G72/><T120/><D129/><U49/><E49/><V15/><F30/><W41/><G41/><T20/><D109/><U27/><E27/><N who="0" m="10281" /><D119/><N who="1" m="45643" /><E130/><V25/><F47/><W115/><G115/><T118/><D118/><U91/><E91/><N who="2" m="51663" /><F48/><W131/><G131/><T60/><D60/><U113/><E113/><V88/><F88/><W0/><G44/><T2/><D2/><U110/><E110/><V19/><F73/><W21/><G0/><T36/><D36/><U23/><E74/><V61/><F75/><W76/><G43/><T111/><D111/><U85/><E104/><V9/><F61/><W33/><G62/><T5/><D1/><U4/><E85/><V28/><F59/><W133/><G65/><T50/><D50/><RYUUKYOKU ba="0,0" sc="111,0,347,0,292,0,250,0" /><INIT seed="3,1,0,3,0,30" ten="111,347,292,250" oya="3" hai0="110,50,1,46,97,42,72,64,118,100,48,63,111" hai1="53,11,85,105,131,67,73,124,101,66,65,56,35" hai2="88,37,13,109,62,18,10,135,90,103,93,45,40" hai3="70,86,34,134,98,6,78,92,81,127,51,12,41"/><W57/><G70/><T120/><D1/><U36/><E35/><V114/><F114/><W84/><G134/><T115/><D72/><U49/><E73/><V119/><F119/><W95/><G127/><T104/><D118/><U126/><E36/><V15/><F109/><W2/><G2/><T54/><D115/><U0/><E131/><V94/><F135/><W5/><G34/><T76/><D76/><U128/><E128/><V20/><F62/><W7/><G86/><T130/><D130/><U21/><E21/><V23/><F103/><W117/><G117/><T75/><D75/><U9/><E85/><V61/><F61/><W133/><G133/><T113/><D113/><U47/><E47/><V71/><F71/><W83/><G83/><T82/><D82/><U80/><E80/><V39/><F39/><W102/><G95/><T52/><D120/><U28/><E28/><V121/><F121/><W112/><G112/><T69/><D104/><U59/><E59/><V79/><F79/><W22/><G57/><T38/><D100/><U17/><E17/><V8/><F93/><W14/><REACH who="3" step="1"/><G22/><REACH who="3" ten="111,347,292,240" step="2"/><T132/><D97/><N who="1" m="61615" /><E0/><V77/><F77/><W4/><N who="3" m="1024" /><DORA hai="107" /><W123/><G123/><T32/><D32/><U106/><E106/><V60/><F94/><W43/><G43/><T125/><D125/><AGARI ba="1,1" hai="9,11,49,53,56,65,66,67,124,125,126" m="61615" machi="125" ten="30,1000,0" yaku="18,1" doraHai="30,107" who="1" fromWho="0" sc="111,-13,347,23,292,0,240,0" owari="98,-40.0,370,47.0,292,9.0,240,-16.0" /></mjloggm>