<mjloggm ver="2.3"><GO type="169" lobby="0"/><UN n0="%72%61%62%69%65%6C" n1="%E3%81%B2%E3%81%90%E3%81%A1" n2="%73%65%61%73%74%6F%72%79" n3="%E3%81%96%E3%82%8A%E3%81%8C%E3%81%AB%E3%81%8F%E3%82%93" dan="17,17,16,17" rate="2246.80,2212.44,2103.85,2225.04" sx="M,M,M,M"/><TAIKYOKU oya="0"/><INIT seed="0,0,0,3,3,4" ten="250,250,250,250" oya="0" hai0="60,17,28,5,89,120,43,125,24,46,40,69,76" hai1="49,67,77,86,1,8,91,79,33,92,117,30,48" hai2="109,18,6,98,61,27,70,115,58,129,103,19,64" hai3="83,41,111,107,56,51,0,16,102,87,55,62,134"/><T53/><D120/><U36/><E36/><V101/><F115/><W42/><G111/><T122/><D122/><U75/><E117/><V94/><F109/><W110/><G110/><T34/><D125/><U9/><E67/><V11/><F129/><W26/><G0/><T100/><D76/><U78/><E75/><V124/><F124/><W130/><G134/><T135/><D135/><U14/><E1/><V12/><F70/><W59/><G102/><T39/><D5/><U68/><E68/><V66/><F66/><N who="3" m="39239" /><G107/><T35/><D43/><U106/><E106/><V65/><F65/><W128/><G128/><T88/><D34/><U112/><E112/><V15/><F103/><W63/><G63/><T80/><D100/><U105/><E105/><V85/><F85/><W95/><G95/><T123/><D123/><U133/><E133/><V82/><F82/><W22/><G130/><T114/><D114/><U38/><E38/><V52/><F64/><W93/><G93/><T57/><D69/><U90/><E90/><AGARI ba="0,0" hai="16,22,26,41,42,51,55,59,83,87,90" m="39239" machi="90" ten="30,2000,0" yaku="8,1,54,1" doraHai="4" who="3" fromWho="1" sc="250,0,250,-20,250,0,250,20" /><INIT seed="1,0,0,3,3,105" ten="250,230,250,270" oya="1" hai0="115,21,64,39,13,42,67,73,6,62,46,109,58" hai1="2,121,33,97,61,81,116,90,133,53,23,59,123" hai2="27,120,113,43,117,8,112,126,36,66,56,3,99" hai3="106,70,40,51,96,22,1,57,35,89,4,77,100"/><U15/><E33/><V44/><F120/><W119/><G70/><T103/><D115/><U98/><E116/><V28/><F117/><W26/><G119/><T101/><D109/><U85/><E133/><V32/><F126/><W80/><G35/><T75/><D64/><U17/><REACH who="1" step="1"/><E2/><REACH who="1" ten="250,220,250,270" step="2"/><V54/><F113/><W19/><G1/><T12/><D12/><U134/><E134/><V68/><F112/><W95/><G4/><T132/><D132/><U25/><E25/><V65/><F3/><W41/><G106/><T114/><D114/><U135/><E135/><V110/><F110/><W122/><G122/><AGARI ba="0,1" hai="15,17,23,53,59,61,81,85,90,97,98,121,122,123" machi="122" ten="40,3900,0" yaku="1,1,53,1" doraHai="105" doraHaiUra="82" who="1" fromWho="3" sc="250,0,220,49,250,0,270,-39" /><INIT seed="1,1,0,3,5,92" ten="250,269,250,231" oya="1" hai0="133,125,108,116,120,18,86,8,49,4,24,19,71" hai1="114,99,106,132,83,52,90,129,28,21,40,38,122" hai2="55,103,94,43,77,13,57,98,33,56,16,119,17" hai3="115,107,6,31,66,91,93,97,45,23,36,87,102"/><U27/><E122/><V65/><F119/><W5/><G115/><T123/><D71/><U58/><E114/><V121/><F121/><N who="0" m="46666" /><D116/><U135/><E129/><V9/><F33/><W111/><G111/><T32/><D108/><U134/><E83/><V101/><F77/><W84/><G66/><T22/><D86/><U26/><E26/><V75/><F75/><W30/><G84/><T73/><D49/><U70/><E70/><V117/><F117/><W12/><G6/><T29/><D73/><U25/><E25/><V118/><F118/><W79/><G79/><T67/><D67/><U76/><E76/><V46/><F65/><W14/><G5/><T88/><D88/><U47/><E90/><V81/><F81/><W41/><REACH who="3" step="1"/><G23/><REACH who="3" ten="250,269,250,221" step="2"/><T11/><D22/><U62/><REACH who="1" step="1"/><E134/><REACH who="1" ten="250,259,250,221" step="2"/><V100/><F17/><W1/><G1/><N who="0" m="15" /><D133/><U78/><E78/><V60/><REACH who="2" step="1"/><F57/><REACH who="2" ten="250,259,240,221" step="2"/><W34/><G34/><T2/><D19/><U85/><E85/><V131/><F131/><W89/><G89/><T20/><D18/><U128/><E128/><V109/><F109/><W3/><G3/><T61/><D32/><U69/><E69/><V113/><F113/><W42/><G42/><T48/><D2/><U105/><E105/><V50/><AGARI ba="1,3" hai="9,13,16,43,46,50,55,56,60,94,98,100,101,103" machi="50" ten="20,12000,2" yaku="1,1,0,1,7,1,8,1,52,1,54,1,53,1" doraHai="92" doraHaiUra="51" who="2" fromWho="2" sc="250,-31,259,-61,240,153,221,-31" /><INIT seed="2,0,0,5,2,27" ten="219,198,393,190" oya="2" hai0="60,2,86,11,46,20,135,7,129,74,65,16,87" hai1="106,3,30,14,98,54,134,72,41,26,13,9,82" hai2="96,51,99,93,102,101,35,97,66,6,119,55,39" hai3="5,122,91,24,84,63,107,117,95,34,57,23,108"/><V112/><F119/><W85/><G108/><T123/><D123/><U76/><E134/><V62/><F39/><W103/><G117/><T67/><D135/><U124/><E124/><V114/><F6/><W88/><G122/><T50/><D74/><U22/><E41/><V133/><F133/><W94/><G34/><T64/><D60/><U104/><E3/><V116/><F35/><W81/><G5/><T42/><REACH who="0" step="1"/><D129/><REACH who="0" ten="209,198,393,190" step="2"/><U52/><E14/><AGARI ba="0,1" hai="2,7,11,14,16,20,42,46,50,64,65,67,86,87" machi="14" ten="40,5200,0" yaku="1,1,2,1,54,1,53,0" doraHai="27" doraHaiUra="127" who="0" fromWho="1" sc="209,62,198,-52,393,0,190,0" /><INIT seed="3,0,0,4,5,109" ten="271,146,393,190" oya="3" hai0="129,39,50,83,7,82,114,126,97,51,118,12,70" hai1="124,128,40,19,14,100,0,91,94,72,24,10,106" hai2="37,57,26,104,48,21,23,79,133,116,56,99,59" hai3="25,110,36,41,73,58,108,1,77,71,8,102,84"/><W120/><G120/><T80/><D118/><U86/><E128/><V17/><F116/><W53/><G71/><T15/><D129/><U123/><E123/><V62/><F37/><W16/><G73/><T47/><D70/><U93/><E124/><V101/><F133/><W22/><G102/><T135/><D126/><U54/><E72/><V125/><F125/><W103/><G103/><T69/><D69/><U5/><E106/><V64/><F79/><W46/><G77/><T34/><D34/><U127/><E127/><V65/><F65/><W131/><G84/><T35/><D35/><U96/><E40/><V18/><F48/><W107/><G107/><T117/><D117/><U105/><E24/><AGARI ba="0,0" hai="17,18,21,23,24,26,56,57,59,62,64,99,101,104" machi="24" ten="30,2000,0" yaku="7,1,9,1" doraHai="109" who="2" fromWho="1" sc="271,0,146,-20,393,20,190,0" /><INIT seed="4,0,0,0,0,8" ten="271,126,413,190" oya="0" hai0="125,67,53,81,128,27,47,41,0,1,55,69,4" hai1="83,71,121,57,64,107,48,98,116,111,92,88,16" hai2="104,62,118,77,133,96,120,76,84,50,36,103,52" hai3="78,130,61,30,60,94,24,101,85,117,13,132,123"/><T43/><D128/><U32/><E111/><V109/><F109/><W97/><G117/><T110/><D110/><U42/><E116/><V45/><F120/><W105/><G132/><T59/><D125/><U34/><E121/><V75/><F133/><W63/><G123/><T119/><D119/><U58/><E107/><V22/><F75/><W74/><G130/><T11/><D41/><U126/><E126/><V115/><F115/><W87/><G105/><T21/><D81/><U15/><E71/><V40/><F118/><W131/><G131/><T10/><D69/><U113/><E113/><V14/><F62/><W135/><G135/><T99/><D99/><U122/><E122/><V93/><F104/><W9/><G74/><T127/><D127/><U124/><E124/><V46/><F84/><W3/><G3/><T100/><D100/><U39/><E39/><V7/><REACH who="2" step="1"/><F22/><REACH who="2" ten="271,126,403,190" step="2"/><N who="3" m="15639" /><G78/><T68/><D21/><N who="1" m="11423" /><E32/><V102/><F102/><W66/><G66/><T73/><D67/><U129/><E34/><V19/><F19/><AGARI ba="0,1" hai="9,13,19,60,61,63,85,87,94,97,101" m="15639" machi="19" ten="30,2000,0" yaku="8,1,52,1" doraHai="8" who="3" fromWho="2" sc="271,0,126,0,403,-20,190,30" /><INIT seed="5,0,0,0,5,94" ten="271,126,383,220" oya="1" hai0="9,43,4,53,107,87,49,14,54,120,48,97,90" hai1="129,37,0,118,123,117,135,132,128,15,70,16,88" hai2="67,31,29,1,84,92,13,134,75,46,2,17,89" hai3="110,22,51,33,66,133,80,35,55,71,20,23,45"/><U7/><E37/><V102/><F75/><W18/><G110/><T63/><D120/><U85/><E70/><V121/><F121/><W19/><G133/><N who="1" m="51274" /><E123/><V127/><F134/><W126/><G126/><T24/><D24/><U83/><E7/><V47/><F127/><W81/><G66/><T114/><D114/><U6/><E6/><V93/><F67/><W42/><G71/><T3/><D3/><U108/><E108/><V131/><F131/><N who="1" m="50249" /><E0/><V8/><F1/><W116/><G116/><T28/><D28/><N who="2" m="10826" /><F2/><W27/><G22/><AGARI ba="0,0" hai="15,16,22,83,85,88,117,118" m="50249,51274" machi="22" ten="30,11600,0" yaku="20,1,19,1,54,2" doraHai="94" who="1" fromWho="3" sc="271,0,126,116,383,0,220,-116" /><INIT seed="5,1,0,3,0,89" ten="271,242,383,104" oya="1" hai0="2,80,101,67,70,6,37,23,4,126,68,85,83" hai1="43,132,32,110,39,72,61,31,129,116,112,65,94" hai2="21,59,113,106,62,81,64,54,69,9,76,25,74" hai3="125,87,52,73,130,90,40,42,133,108,27,29,77"/><U79/><E116/><V95/><F106/><W19/><G108/><T114/><D114/><U78/><E112/><V105/><F105/><W103/><G133/><T98/><D126/><U36/><E132/><V75/><F113/><W127/><G130/><T57/><D37/><U58/><E129/><V55/><F9/><W135/><G135/><T124/><D124/><U92/><E110/><V84/><F75/><W0/><G0/><T134/><D134/><U3/><E3/><V82/><F69/><W13/><G103/><T93/><D80/><U63/><E32/><V17/><F95/><W14/><G77/><AGARI ba="1,0" hai="17,21,25,54,55,59,62,64,74,76,77,81,82,84" machi="77" ten="30,1000,0" yaku="7,1" doraHai="89" who="2" fromWho="3" sc="271,0,242,0,383,13,104,-13" /><INIT seed="6,0,0,1,2,97" ten="271,242,396,91" oya="2" hai0="9,6,0,87,99,34,114,126,55,92,120,10,134" hai1="54,16,131,65,33,48,37,75,59,132,84,90,108" hai2="104,91,25,46,73,113,123,89,63,107,26,83,23" hai3="20,50,15,64,58,7,62,125,80,109,103,130,117"/><V40/><F123/><W47/><G117/><T57/><D120/><U112/><E108/><V74/><F113/><W42/><G130/><T5/><D114/><U100/><E75/><V2/><F2/><W102/><G125/><T53/><D134/><U19/><E112/><V56/><F107/><W68/><G109/><T13/><D34/><U85/><E37/><V78/><F104/><W105/><G105/><T111/><D111/><U1/><E1/><V35/><F35/><W29/><G68/><T17/><D87/><U70/><E33/><V88/><F74/><W38/><G38/><T49/><D126/><U82/><E131/><V51/><REACH who="2" step="1"/><F23/><REACH who="2" ten="271,242,386,91" step="2"/><W36/><G36/><T30/><D0/><U52/><E132/><V124/><F124/><W21/><G21/><T28/><D6/><U22/><E22/><V128/><F128/><W118/><G118/><T121/><D5/><U12/><E19/><V61/><F61/><W110/><G110/><T76/><D121/><U14/><E16/><V122/><F122/><W98/><G29/><T106/><D106/><U39/><E39/><V79/><F79/><W27/><G27/><T96/><D76/><U66/><E12/><V45/><F45/><W44/><G44/><N who="0" m="27815" /><D17/><U77/><E14/><V43/><F43/><W116/><G116/><T3/><D13/><U133/><E133/><V11/><F11/><N who="0" m="4106" /><D3/><U129/><E129/><V135/><F135/><W115/><G7/><T81/><D28/><U71/><E77/><V32/><F32/><W72/><G15/><T8/><N who="0" m="4114" /><T24/><DORA hai="4" /><D30/><U119/><E119/><RYUUKYOKU ba="0,1" sc="271,-10,242,-10,386,30,91,-10" hai2="25,26,40,46,51,56,63,73,78,83,88,89,91" /><INIT seed="6,1,1,0,2,7" ten="261,232,416,81" oya="2" hai0="36,89,61,95,24,63,69,38,2,43,15,8,0" hai1="113,78,83,40,49,37,115,62,47,112,91,99,77" hai2="14,105,23,96,31,13,128,18,52,121,5,28,135" hai3="107,48,90,65,74,100,64,21,3,123,34,82,22"/><V111/><F121/><W25/><G123/><T27/><D0/><U54/><E62/><V129/><F135/><W109/><G109/><T11/><D2/><U12/><E12/><V10/><F111/><W97/><G3/><T73/><D73/><U29/><E29/><V41/><F41/><W39/><G39/><T126/><D126/><U108/><E108/><V76/><F76/><W101/><G101/><T114/><D114/><U92/><REACH who="1" step="1"/><E83/><REACH who="1" ten="261,222,416,81" step="2"/><V134/><F134/><W56/><G82/><T46/><D63/><U86/><E86/><V50/><F31/><W58/><G74/><T80/><D80/><U130/><E130/><V70/><F28/><W103/><G34/><T120/><D15/><U94/><E94/><V1/><F14/><W131/><G131/><T16/><D61/><U84/><E84/><V119/><F70/><W9/><G107/><T32/><D69/><U81/><E81/><V51/><F105/><W93/><G93/><T66/><D95/><U55/><E55/><V122/><F129/><W26/><G97/><T98/><D98/><U133/><E133/><V17/><F128/><W116/><G116/><T45/><D120/><U6/><E6/><V30/><F119/><W44/><G90/><T33/><D89/><U42/><E42/><V71/><F71/><W20/><G65/><T35/><D66/><U87/><E87/><V88/><F122/><W59/><G64/><T117/><D117/><U60/><E60/><V132/><F132/><W102/><REACH who="3" step="1"/><G9/><REACH who="3" ten="261,222,416,71" step="2"/><T79/><D11/><U106/><E106/><V124/><F10/><W125/><G125/><RYUUKYOKU ba="1,3" sc="261,-15,222,15,416,-15,71,15" hai1="37,40,47,49,54,77,78,91,92,99,112,113,115" hai3="20,21,22,25,26,44,48,56,58,59,100,102,103" /><INIT seed="7,2,3,5,0,2" ten="246,237,401,86" oya="3" hai0="0,103,21,107,64,109,86,54,95,39,113,40,75" hai1="111,17,6,69,104,99,42,41,101,71,81,32,115" hai2="35,27,94,18,93,15,46,9,90,100,23,126,31" hai3="33,11,85,37,133,50,129,134,102,72,59,82,74"/><W16/><G37/><T7/><D109/><U97/><E111/><V127/><F46/><W19/><G102/><T34/><D34/><U87/><E32/><V119/><F119/><W125/><G33/><T135/><D64/><U52/><E6/><V28/><F100/><W78/><G129/><T61/><D135/><N who="3" m="51721" /><G125/><N who="2" m="47625" /><F94/><W106/><G106/><T128/><D128/><U62/><E115/><V1/><F1/><W20/><G11/><N who="0" m="2535" /><D107/><U118/><E118/><V25/><F93/><W56/><G19/><T83/><D21/><U123/><E123/><V114/><F90/><W68/><G68/><T45/><D54/><U38/><E99/><V8/><F114/><W96/><G96/><N who="0" m="59807" /><D61/><U30/><E30/><V29/><F9/><W24/><G50/><T84/><D113/><U77/><E17/><AGARI ba="2,3" hai="8,15,17,18,23,25,27,28,29,31,35" m="47625" machi="17" ten="30,3900,0" yaku="18,1,34,2" doraHai="2" who="2" fromWho="1" sc="246,0,237,-45,401,75,86,0" owari="246,5.0,192,-21.0,476,57.0,86,-41.0" /></mjloggm>