<mjloggm ver="2.3"><GO type="185" lobby="0"/><UN n0="%E3%83%9D%E3%82%B1%E3%83%83%E3%83%88" n1="%E3%83%9A%E3%83%9A%E3%83%AD%E3%83%B3%E3%83%81%E3%83%BC%E3%83%8E%37" n2="%E5%A4%9A%E6%9E%97%E6%99%8B" n3="" dan="16,16,16,0" rate="2200.24,2146.30,2192.80,1500.00" sx="M,M,M,C"/><TAIKYOKU oya="0"/><INIT seed="0,0,0,2,4,135" ten="350,350,350,0" oya="0" hai0="40,55,108,51,72,97,83,78,65,49,84,106,114" hai1="58,109,41,0,1,91,54,44,116,123,119,99,56" hai2="47,43,62,37,48,121,100,2,73,102,33,63,75" hai3=""/><T130/><D114/><U3/><N who="1" m="31520" /><U133/><E133/><V68/><N who="2" m="31008" /><V52/><F2/><T42/><D130/><U89/><E109/><V45/><F33/><T92/><D108/><U32/><E32/><V105/><F105/><T125/><D65/><U127/><E127/><V69/><F62/><T96/><D125/><U57/><E54/><V101/><REACH who="2" step="1"/><F63/><REACH who="2" ten="350,350,340,0" step="2"/><T46/><D106/><U66/><E66/><V117/><F117/><T126/><D126/><U81/><E116/><V39/><F39/><T98/><D51/><U67/><E67/><V90/><F90/><T111/><D111/><U93/><E119/><V94/><F94/><T112/><D112/><U95/><E81/><V61/><F61/><T129/><D129/><U76/><E76/><V118/><F118/><T70/><D92/><U85/><REACH who="1" step="1"/><E0/><REACH who="1" ten="350,340,340,0" step="2"/><V59/><F59/><T134/><D78/><U124/><E124/><V110/><F110/><T86/><D83/><U50/><AGARI ba="0,2" hai="1,3,41,44,50,56,57,58,85,89,91,93,95,99" m="31520" machi="50" ten="30,3000,0" yaku="1,1,0,1,52,1,53,0" doraHai="135" doraHaiUra="103" who="1" fromWho="1" sc="350,-20,340,50,340,-10,0,0" /><INIT seed="1,0,0,0,5,116" ten="330,390,330,0" oya="1" hai0="134,47,46,58,99,0,53,90,85,33,123,83,57" hai1="72,118,89,1,135,129,68,43,76,97,54,48,39" hai2="121,133,80,107,112,49,73,61,131,79,120,109,63" hai3=""/><U130/><E1/><V50/><N who="2" m="30752" /><V126/><N who="2" m="31008" /><V111/><F112/><T34/><N who="0" m="31520" /><T66/><D0/><U128/><E68/><V94/><F107/><T71/><D134/><U2/><E135/><V101/><F133/><T117/><D117/><U41/><E2/><V44/><F131/><T119/><D119/><U74/><E118/><V51/><F126/><T35/><D71/><U65/><E65/><V125/><F125/><T69/><D69/><U42/><E76/><V38/><F101/><T105/><D66/><U77/><E77/><V84/><F94/><T62/><REACH who="0" step="1"/><D58/><REACH who="0" ten="320,390,330,0" step="2"/><U104/><E128/><V106/><F106/><T87/><D87/><U75/><E104/><V91/><F73/><T60/><D60/><U86/><E86/><V127/><F127/><T95/><D95/><U52/><E129/><V37/><F61/><T40/><D40/><U108/><E130/><V67/><F63/><T102/><AGARI ba="0,1" hai="33,34,35,46,47,53,57,62,83,85,90,99,102,105" m="31520" machi="102" ten="40,6000,1" yaku="1,1,0,1,52,2,53,0" doraHai="116" doraHaiUra="88" who="0" fromWho="0" sc="320,70,390,-40,330,-20,0,0" /><INIT seed="2,0,0,0,3,78" ten="390,350,310,0" oya="2" hai0="41,125,92,68,33,57,82,32,51,97,131,91,84" hai1="60,117,88,93,45,124,108,126,128,96,132,39,133" hai2="49,94,121,112,90,52,87,67,107,43,99,115,42" hai3=""/><V69/><N who="2" m="31008" /><V76/><F69/><T75/><D68/><U46/><E117/><V66/><F42/><T118/><D118/><U37/><E108/><V110/><F110/><T36/><D131/><U73/><E73/><V58/><F43/><T101/><D125/><N who="1" m="48235" /><E60/><V63/><F67/><T100/><D100/><U127/><E127/><V104/><F76/><T62/><D75/><U71/><E71/><V135/><F135/><N who="1" m="51785" /><E128/><V1/><F1/><T122/><N who="0" m="31264" /><T48/><D32/><U85/><E96/><V35/><F35/><T116/><D116/><U123/><N who="1" m="31520" /><U64/><E64/><V129/><F129/><T47/><REACH who="0" step="1"/><D33/><REACH who="0" ten="380,350,310,0" step="2"/><U134/><E134/><V105/><REACH who="2" step="1"/><F99/><REACH who="2" ten="380,350,300,0" step="2"/><T89/><D89/><U2/><E2/><V55/><F55/><AGARI ba="0,2" hai="36,41,47,48,51,55,57,62,82,84,91,92,97,101" m="31264" machi="55" ten="30,8000,1" yaku="1,1,7,1,52,2,53,1" doraHai="78" doraHaiUra="81" who="0" fromWho="2" sc="380,100,350,0,300,-80,0,0" /><INIT seed="4,0,0,2,3,90" ten="480,350,220,0" oya="0" hai0="3,117,84,77,36,135,45,78,62,106,82,58,125" hai1="131,44,104,39,111,105,99,74,128,85,132,47,67" hai2="73,60,75,46,121,126,103,94,79,61,134,93,92" hai3=""/><T40/><D117/><U123/><N who="1" m="31520" /><U102/><E111/><V59/><N who="2" m="31008" /><V114/><F114/><T127/><D3/><U119/><E119/><V43/><F134/><T110/><D106/><U33/><E74/><V107/><F126/><N who="0" m="48138" /><D135/><U124/><E33/><V70/><F70/><T129/><D129/><U81/><E132/><V71/><F71/><T115/><D115/><U101/><E39/><V51/><F79/><T95/><D110/><U53/><E105/><V72/><REACH who="2" step="1"/><F59/><REACH who="2" ten="480,350,210,0" step="2"/><T91/><D77/><U66/><E124/><V97/><AGARI ba="0,1" hai="43,46,51,60,61,72,73,75,92,93,94,97,103,107" m="31008" machi="97" ten="40,12000,3" yaku="1,1,2,1,0,1,52,4,53,1" doraHai="90" doraHaiUra="96" who="2" fromWho="2" sc="480,-80,350,-40,210,130,0,0" /><INIT seed="5,0,0,4,4,110" ten="400,310,340,0" oya="1" hai0="49,41,38,0,62,50,1,92,47,34,88,68,93" hai1="61,76,102,39,130,44,60,42,107,111,133,37,3" hai2="65,116,57,78,2,89,85,45,59,112,58,71,36" hai3=""/><U134/><E111/><V125/><F2/><T40/><D34/><U119/><E3/><V106/><F116/><T124/><D124/><U115/><E119/><V120/><N who="2" m="30752" /><V132/><F106/><T64/><D93/><U103/><E76/><V95/><F125/><T67/><D38/><U104/><E44/><V135/><F36/><T121/><N who="0" m="31008" /><T73/><D73/><U96/><E130/><V52/><F78/><T79/><D79/><U69/><E96/><V108/><F108/><T109/><D67/><U33/><E33/><V131/><F131/><T117/><D109/><U56/><E56/><V100/><F100/><T91/><D91/><U66/><E66/><V126/><F126/><T97/><D117/><U127/><E127/><V128/><F128/><T99/><D97/><U101/><E101/><V118/><F118/><T82/><D0/><U123/><N who="1" m="31520" /><U51/><E69/><V70/><F65/><T32/><D1/><U87/><E87/><V113/><F70/><T81/><D32/><U46/><E46/><AGARI ba="0,0" hai="40,41,46,47,49,50,62,64,68,81,82,88,92,99" m="31008" machi="46" ten="40,5200,0" yaku="9,1,52,1,54,1" doraHai="110" who="0" fromWho="1" sc="400,52,310,-52,340,0,0,0" /><INIT seed="6,0,0,1,5,67" ten="452,258,340,0" oya="2" hai0="102,114,42,73,0,70,96,85,66,133,98,35,72" hai1="61,78,60,81,89,123,76,50,126,2,112,43,3" hai2="59,135,44,113,100,92,103,88,39,86,95,115,64" hai3=""/><V37/><F135/><T34/><D0/><U63/><N who="1" m="31520" /><U124/><E112/><N who="2" m="43083" /><F44/><T33/><D114/><U71/><E89/><V111/><F111/><T129/><D133/><U40/><E50/><V46/><F46/><T107/><D129/><U118/><E81/><V48/><F48/><T119/><D119/><U130/><E130/><V99/><F103/><T97/><D85/><U38/><E38/><V108/><F108/><T58/><D42/><N who="1" m="15915" /><E118/><V68/><F59/><T105/><D58/><U47/><E47/><V84/><F86/><T56/><D56/><U106/><E106/><V80/><F80/><T82/><D82/><U36/><E36/><V32/><F32/><T134/><D134/><U116/><E116/><V77/><F77/><N who="1" m="29801" /><E71/><V101/><F100/><T128/><D128/><U57/><E57/><V54/><BYE who="1" /><F54/><T132/><D132/><U69/><E69/><V41/><F41/><T74/><D102/><U49/><E49/><V117/><F117/><UN n1="%E3%83%9A%E3%83%9A%E3%83%AD%E3%83%B3%E3%83%81%E3%83%BC%E3%83%8E%37" /><T104/><D70/><U79/><N who="1" m="29809" /><U83/><DORA hai="90" /><E83/><V94/><F95/><T65/><AGARI ba="0,0" hai="33,34,35,65,66,72,73,74,96,97,98,104,105,107" machi="65" ten="60,24000,5" yakuman="41" doraHai="67,90" who="0" fromWho="0" sc="452,240,258,-80,340,-160,0,0" owari="692,64.0,178,-42.0,180,-22.0,0,0.0" /></mjloggm>