<mjloggm ver="2.3"><GO type="169" lobby="0"/><UN n0="%6D%69%6B%65%69%6E%75" n1="%E3%83%95%E3%82%A9%E3%82%B9%E3%82%BF%E3%83%BC" n2="%E3%81%8D%E3%81%BF%E3%81%A9%E3%82%8A%E3%82%93" n3="%E9%81%8A%E8%B5%B0" dan="16,16,17,17" rate="2180.88,2073.81,2168.62,2192.58" sx="M,M,F,M"/><TAIKYOKU oya="0"/><INIT seed="0,0,0,0,2,33" ten="250,250,250,250" oya="0" hai0="12,93,48,41,133,111,70,107,23,103,112,42,11" hai1="66,119,88,15,128,59,5,16,116,110,14,74,34" hai2="65,126,91,18,45,19,101,6,79,90,130,25,24" hai3="89,71,56,114,84,17,38,26,83,78,0,60,29"/><T115/><D70/><U21/><E74/><V69/><F126/><W68/><G38/><T54/><D107/><U44/><E34/><V108/><F108/><W95/><G114/><T36/><D133/><U31/><E110/><V67/><F6/><W100/><G100/><T53/><D53/><U131/><E31/><V22/><F79/><W20/><G29/><T7/><D111/><U99/><E44/><V4/><F4/><W28/><G28/><T51/><D51/><U52/><E66/><V87/><F101/><W73/><REACH who="3" step="1"/><G0/><REACH who="3" ten="250,250,250,240" step="2"/><T117/><D36/><U135/><E135/><V35/><F35/><W124/><G124/><T8/><D115/><U1/><E1/><V9/><F130/><N who="1" m="49705" /><E5/><V96/><F69/><W32/><G32/><T92/><D112/><U80/><E119/><V125/><F125/><W58/><G58/><N who="0" m="33095" /><D103/><U122/><E116/><V10/><F45/><W94/><G94/><N who="0" m="36459" /><D117/><U37/><E37/><V82/><F82/><W64/><AGARI ba="0,1" hai="17,20,26,56,60,64,68,71,73,78,83,84,89,95" machi="64" ten="20,2700,0" yaku="1,1,0,1,7,1,53,0" doraHai="33" doraHaiUra="134" who="3" fromWho="3" sc="250,-13,250,-7,250,-7,240,37" /><INIT seed="1,0,0,0,5,114" ten="237,243,243,277" oya="1" hai0="67,54,73,84,110,75,123,16,85,124,92,11,17" hai1="4,43,86,14,57,104,99,87,45,24,19,65,95" hai2="93,126,10,106,72,125,23,18,20,80,76,68,100" hai3="59,0,9,58,83,26,101,62,108,89,118,71,32"/><U132/><E104/><V98/><F68/><W30/><G118/><T90/><D123/><U105/><E105/><V13/><REACH who="2" step="1"/><F106/><REACH who="2" ten="237,243,233,277" step="2"/><W46/><G71/><T1/><D110/><U5/><E132/><V77/><F77/><W102/><G108/><T48/><D124/><AGARI ba="0,1" hai="10,13,18,20,23,72,76,80,93,98,100,124,125,126" machi="124" ten="40,2600,0" yaku="1,1,18,1,53,0" doraHai="114" doraHaiUra="56" who="2" fromWho="0" sc="237,-26,243,0,233,36,277,0" /><INIT seed="2,0,0,0,2,102" ten="211,243,269,277" oya="2" hai0="1,69,42,126,79,105,109,93,9,23,46,59,92" hai1="5,96,4,33,28,91,68,8,123,116,75,44,132" hai2="62,67,107,50,77,100,115,94,35,80,48,70,71" hai3="37,121,14,32,104,53,20,72,47,11,57,118,110"/><V7/><F115/><W58/><G118/><T98/><D69/><U114/><E116/><V111/><F71/><W10/><G121/><T117/><D117/><U51/><E114/><V54/><F111/><W39/><G72/><T17/><D109/><U16/><E75/><V24/><F7/><W86/><G110/><T113/><D79/><U74/><E74/><V134/><F94/><W128/><G128/><T31/><D113/><U133/><E68/><V36/><F36/><W0/><G32/><T19/><D31/><U25/><E91/><V84/><F54/><W21/><G104/><T108/><D59/><U40/><E96/><N who="2" m="61831" /><F134/><N who="1" m="51817" /><E123/><V83/><F80/><W135/><G135/><T124/><D108/><U95/><E95/><V52/><F52/><W29/><G53/><T103/><D93/><U122/><E122/><V6/><F6/><W45/><G0/><T2/><D92/><U12/><AGARI ba="0,0" hai="4,5,8,12,16,25,28,33,40,44,51" m="51817" machi="12" ten="30,2000,0" yaku="20,1,54,1" doraHai="102" who="1" fromWho="1" sc="211,-5,243,20,269,-10,277,-5" /><INIT seed="3,0,0,2,2,105" ten="206,263,259,272" oya="3" hai0="75,99,116,67,112,16,34,70,84,39,1,113,49" hai1="100,131,48,89,128,121,106,32,130,2,10,93,134" hai2="102,14,43,68,71,86,107,111,72,92,52,79,36" hai3="97,35,5,47,33,76,101,94,73,114,98,117,17"/><W60/><G117/><T127/><D39/><U12/><E121/><V24/><F111/><W78/><G114/><T6/><D34/><U104/><E32/><V124/><F124/><W57/><G5/><T83/><D116/><U109/><E109/><V82/><F14/><W122/><G122/><T66/><D99/><N who="1" m="59503" /><E134/><V87/><F24/><W96/><G47/><T8/><D127/><U103/><E103/><V40/><F36/><W120/><G120/><T85/><D85/><U133/><E2/><V59/><F71/><W91/><G17/><T26/><D49/><U20/><E20/><V129/><F87/><W51/><G51/><T64/><D70/><U132/><E89/><N who="2" m="53303" /><F68/><W18/><G18/><T13/><D26/><U108/><E108/><V25/><F25/><W80/><G76/><T50/><D50/><U95/><E95/><V54/><F54/><W81/><G81/><T61/><D61/><U23/><E23/><V110/><F129/><W19/><G19/><T42/><D42/><U4/><E133/><V21/><F21/><W9/><G9/><T56/><D1/><U27/><E132/><V53/><F53/><W118/><G118/><T126/><D126/><U11/><E27/><V38/><F38/><W62/><G62/><N who="0" m="37959" /><D6/><N who="1" m="3159" /><E48/><N who="2" m="31111" /><F110/><W63/><G63/><T65/><D75/><U28/><E28/><V29/><F29/><W44/><G44/><T0/><D0/><U74/><E74/><V22/><F22/><W123/><G123/><T115/><D115/><U135/><E135/><V69/><F69/><W46/><G46/><T41/><D41/><U77/><E77/><AGARI ba="0,0" hai="8,13,16,65,66,67,77,83,84,112,113" m="37959" machi="77" ten="30,2000,0" yaku="6,1,54,1" doraHai="105" who="0" fromWho="1" sc="206,20,263,-20,259,0,272,0" /><INIT seed="4,0,0,5,0,10" ten="226,243,259,272" oya="0" hai0="38,120,30,61,66,133,100,98,113,103,110,121,37" hai1="79,41,11,62,67,43,18,31,48,26,55,82,47" hai2="70,45,107,51,54,86,25,56,7,40,0,131,19" hai3="92,84,44,90,108,34,36,116,75,49,27,132,68"/><T35/><D103/><U93/><E93/><V112/><F112/><W64/><G116/><T85/><D85/><U125/><E125/><V102/><F70/><W29/><G108/><T32/><D110/><U88/><E31/><V12/><F25/><W135/><G36/><T13/><D13/><N who="1" m="7487" /><E79/><V5/><F131/><W14/><G75/><T77/><D77/><U20/><E62/><V24/><F24/><W59/><G59/><T73/><D73/><U83/><E67/><V58/><F0/><W69/><G14/><T8/><D8/><U42/><E88/><V118/><F118/><W130/><G130/><T119/><D119/><U123/><E123/><V89/><F58/><W124/><G124/><T28/><D113/><U95/><E95/><V57/><F107/><W117/><G117/><T122/><D30/><U63/><E63/><N who="2" m="36247" /><F57/><W17/><G17/><T96/><D96/><U4/><E4/><V60/><F60/><W78/><G78/><T115/><D115/><U39/><E39/><N who="0" m="14857" /><D28/><U53/><E53/><V91/><F102/><W114/><G64/><T72/><D72/><U33/><E33/><V76/><F76/><W87/><G114/><T1/><D1/><U6/><E6/><N who="2" m="2059" /><F86/><W21/><G84/><T129/><D129/><U111/><E111/><V97/><F97/><W128/><G128/><T22/><D61/><U16/><AGARI ba="0,0" hai="16,20,26,41,42,43,47,48,55,82,83" m="7487" machi="16" ten="30,4000,0" yaku="8,1,52,1,54,1" doraHai="10" who="1" fromWho="1" sc="226,-20,243,40,259,-10,272,-10" /><INIT seed="5,0,0,2,3,83" ten="206,283,249,262" oya="1" hai0="93,72,45,44,76,88,34,32,1,134,127,124,9" hai1="48,108,63,41,28,82,29,35,10,66,62,26,126" hai2="65,92,112,91,115,52,77,20,4,121,128,102,67" hai3="68,2,118,27,109,84,99,47,74,8,25,6,107"/><U122/><E122/><V120/><F128/><W131/><G109/><T123/><D123/><U55/><E126/><N who="0" m="48169" /><D76/><U3/><E41/><V79/><F4/><W116/><G131/><T70/><D70/><U104/><E104/><V117/><F117/><N who="3" m="45163" /><G74/><T75/><D134/><U101/><E101/><V36/><F36/><W21/><G68/><T56/><D56/><U94/><E29/><V5/><F102/><N who="3" m="62943" /><G21/><T103/><D103/><U24/><E66/><N who="2" m="25099" /><F20/><W11/><G11/><T60/><D60/><U110/><E10/><V53/><F5/><W135/><G135/><T69/><D69/><U46/><E108/><V111/><F111/><W125/><G125/><T114/><D114/><N who="2" m="43562" /><F121/><W0/><G0/><T86/><D1/><U106/><E3/><V78/><F120/><W22/><G22/><T95/><D9/><U51/><E110/><V129/><F129/><W12/><G2/><T80/><D34/><U19/><E35/><V14/><F14/><W37/><G37/><T54/><D32/><U16/><E26/><V15/><F15/><W7/><G7/><T39/><D39/><U49/><E24/><V31/><F31/><W132/><G132/><T33/><D33/><U18/><E28/><V130/><F130/><W73/><G73/><N who="0" m="28235" /><D54/><U97/><E55/><V50/><F50/><W119/><G119/><T90/><D90/><U133/><E49/><V81/><F92/><AGARI ba="0,0" hai="44,45,80,86,88,92,93,95" m="28235,48169" machi="92" ten="30,3900,0" yaku="18,1,52,1,54,1" doraHai="83" who="0" fromWho="2" sc="206,39,283,0,249,-39,262,0" /><INIT seed="6,0,0,3,2,117" ten="245,283,210,262" oya="2" hai0="55,28,24,53,39,77,63,41,25,105,82,44,7" hai1="73,91,61,96,83,26,33,133,135,74,109,128,90" hai2="127,52,31,23,5,103,98,13,46,92,111,35,131" hai3="85,62,20,32,115,67,49,69,80,3,1,18,125"/><V110/><F127/><W54/><G125/><T97/><D7/><U102/><E33/><V78/><F131/><W65/><G32/><T76/><D76/><U99/><E26/><V70/><F70/><W60/><G115/><T113/><D113/><U22/><E22/><V66/><F66/><W48/><G65/><T37/><D37/><U30/><E30/><V95/><F78/><W4/><G60/><T36/><D36/><U132/><E128/><V71/><F71/><W0/><G4/><T64/><D24/><U21/><E109/><N who="2" m="41483" /><F35/><W8/><G8/><T16/><D28/><U50/><E21/><V124/><F124/><W101/><G101/><T27/><D27/><U15/><E61/><V43/><F31/><W72/><G72/><N who="1" m="27754" /><E15/><V11/><F95/><W68/><G68/><T88/><D63/><U42/><E83/><V134/><F134/><W40/><G40/><T114/><D64/><U6/><E42/><V38/><F23/><W45/><G48/><T120/><D114/><U79/><E50/><V106/><F92/><W130/><G130/><T93/><D105/><N who="1" m="63687" /><E79/><V2/><F2/><W14/><G0/><T86/><D53/><AGARI ba="0,0" hai="5,11,13,38,43,46,52,53,98,103,106" m="41483" machi="53" ten="30,2900,0" yaku="10,1,54,1" doraHai="117" who="2" fromWho="0" sc="245,-29,283,0,210,29,262,0" /><INIT seed="6,1,0,5,1,59" ten="216,283,239,262" oya="2" hai0="14,23,41,63,0,108,72,16,65,62,37,134,46" hai1="53,11,2,47,5,58,1,111,69,79,97,116,94" hai2="33,31,120,96,81,95,25,8,86,76,87,119,35" hai3="50,64,126,22,103,56,84,61,34,113,85,68,107"/><V19/><F119/><W55/><G126/><T129/><D72/><U67/><E116/><V112/><F112/><W27/><G113/><T36/><D108/><U73/><E111/><V75/><F120/><W122/><G122/><T117/><D117/><U77/><E47/><V24/><F8/><W38/><G38/><T131/><D37/><U57/><E69/><V130/><F130/><N who="0" m="49674" /><D65/><U80/><E77/><V124/><F124/><W91/><G91/><T3/><D134/><U7/><E58/><V44/><F44/><W12/><G12/><T43/><D41/><U104/><E104/><V10/><F10/><W40/><G40/><T9/><D9/><U4/><E67/><V48/><F48/><W54/><G54/><T30/><D30/><U106/><E106/><V115/><F115/><W127/><G127/><T74/><D74/><U132/><E1/><AGARI ba="1,0" hai="0,1,3,14,16,23,36,43,46,62,63" m="49674" machi="1" ten="30,7700,0" yaku="19,1,52,2,54,1" doraHai="59" who="0" fromWho="1" sc="216,80,283,-80,239,0,262,0" /><INIT seed="7,0,0,3,5,102" ten="296,203,239,262" oya="3" hai0="94,57,47,19,59,119,128,100,112,9,126,76,45" hai1="28,113,50,82,18,40,121,61,71,32,114,23,33" hai2="130,31,87,103,67,90,91,73,133,54,132,5,80" hai3="60,81,34,10,56,14,41,62,48,68,77,42,52"/><W37/><G34/><N who="1" m="13418" /><E121/><V78/><F31/><W79/><G68/><T83/><D119/><U109/><E28/><V16/><F130/><W86/><G77/><T72/><D126/><U1/><E109/><V53/><F5/><N who="3" m="3407" /><G37/><T26/><D112/><N who="1" m="43115" /><E1/><V131/><F131/><W69/><G69/><T30/><D128/><U97/><E82/><V123/><F67/><W2/><G2/><T118/><D118/><U70/><E61/><AGARI ba="0,0" hai="41,42,48,52,56,60,61,62,79,81,86" m="3407" machi="61" ten="30,2900,0" yaku="8,1,54,1" doraHai="102" who="3" fromWho="1" sc="296,0,203,-29,239,0,262,29" /><INIT seed="7,1,0,4,1,61" ten="296,174,239,291" oya="3" hai0="134,39,9,95,6,113,68,66,122,5,90,10,83" hai1="55,35,91,25,0,44,1,31,81,97,98,37,20" hai2="94,8,16,50,125,22,30,15,11,24,133,18,109" hai3="80,118,29,62,73,129,92,43,69,56,76,27,48"/><W42/><G118/><T3/><D122/><U132/><E132/><V63/><F109/><W57/><G129/><T116/><D134/><U45/><E35/><V67/><F133/><W19/><G69/><T64/><D68/><U77/><E44/><V7/><F50/><W103/><G19/><T52/><D39/><U121/><E121/><V82/><F82/><W124/><G124/><T112/><D83/><U111/><E111/><V51/><F51/><W86/><G73/><T36/><D52/><U106/><E55/><V74/><F74/><W84/><G48/><T117/><D36/><U59/><E59/><N who="3" m="22602" /><G62/><T119/><D90/><U93/><E98/><V87/><F125/><W58/><G58/><T130/><D95/><U135/><E106/><V105/><F105/><W65/><G65/><N who="0" m="25195" /><D130/><U88/><E91/><V34/><F67/><W41/><G86/><T102/><D102/><U60/><E60/><V49/><F87/><W28/><G27/><T70/><D70/><U100/><E100/><V89/><F49/><W96/><AGARI ba="1,0" hai="28,29,41,42,43,76,80,84,92,96,103" m="22602" machi="96" ten="30,1500,0" yaku="8,1" doraHai="61" who="3" fromWho="3" sc="296,-6,174,-6,239,-6,291,18" owari="290,9.0,168,-33.0,233,-17.0,309,41.0" /></mjloggm>