<mjloggm ver="2.3"><GO type="169" lobby="0"/><UN n0="%E6%AD%8C%E8%88%9E%E4%BC%8E%E5%90%9B" n1="%E3%82%82%E3%83%BC%E3%82%8A%E3%83%BC" n2="%E5%AE%89%E8%89%AF%E5%B2%A1%E8%8A%B1%E7%81%AB" n3="%E3%81%8B%E3%81%A4%E3%81%A9%E3%82%93" dan="16,16,16,17" rate="2086.11,2188.68,2085.87,2252.45" sx="M,M,M,F"/><TAIKYOKU oya="0"/><INIT seed="0,0,0,0,2,112" ten="250,250,250,250" oya="0" hai0="51,128,1,59,89,84,64,42,98,4,103,58,86" hai1="32,57,22,83,48,30,24,135,55,39,133,60,108" hai2="76,66,111,43,27,75,90,28,134,130,70,121,79" hai3="53,73,9,119,104,117,49,26,18,116,67,122,94"/><T15/><D1/><U93/><E39/><V72/><F121/><W131/><G104/><T56/><D128/><U44/><E108/><V68/><F130/><W19/><G131/><T106/><D64/><U23/><E83/><V54/><F111/><W91/><G73/><T34/><D34/><U61/><E61/><V123/><F123/><W107/><G107/><T95/><D84/><U97/><E32/><V129/><F129/><W14/><G67/><T12/><REACH who="0" step="1"/><D4/><REACH who="0" ten="240,250,250,250" step="2"/><U10/><E135/><V99/><F66/><W71/><G122/><T36/><D36/><U45/><E133/><V81/><F134/><W132/><G132/><T96/><D96/><U77/><E77/><V47/><F99/><W63/><G71/><T102/><D102/><U35/><E10/><V8/><F8/><W88/><G9/><T13/><D13/><U87/><E87/><V29/><F79/><W40/><G14/><T16/><D16/><U113/><E113/><V80/><F76/><W109/><G109/><T110/><D110/><U0/><E0/><V3/><F3/><W92/><G18/><T11/><D11/><U115/><E115/><V6/><F70/><W105/><G19/><T20/><D20/><U62/><E22/><V65/><F68/><W101/><G101/><T120/><D120/><U7/><E7/><V127/><F6/><W118/><G118/><T52/><D52/><U114/><E114/><V78/><F54/><W46/><G119/><T21/><D21/><U69/><E35/><V50/><F78/><W85/><G117/><T5/><D5/><U125/><E69/><RYUUKYOKU ba="0,1" sc="240,30,250,-10,250,-10,250,-10" hai0="12,15,42,51,56,58,59,86,89,95,98,103,106" /><INIT seed="0,1,1,4,5,60" ten="270,240,240,240" oya="0" hai0="93,3,14,31,121,79,15,71,68,21,28,132,105" hai1="78,59,19,94,107,74,18,11,17,13,75,72,114" hai2="95,22,39,45,10,30,100,6,41,70,129,124,29" hai3="50,24,4,37,27,66,23,44,126,16,8,82,48"/><T120/><D105/><U119/><E107/><V84/><F129/><W77/><G126/><T38/><D79/><U88/><E119/><V36/><F124/><W2/><G27/><T106/><D106/><U52/><E78/><V104/><F104/><W32/><G32/><T102/><D38/><U34/><E34/><V76/><F70/><W115/><G115/><T125/><D93/><U47/><E47/><V99/><F36/><W49/><G66/><T118/><D102/><U89/><E114/><V109/><F109/><W133/><G133/><T91/><D91/><U103/><E103/><V131/><F131/><W122/><G122/><T53/><D53/><U97/><REACH who="1" step="1"/><E89/><REACH who="1" ten="270,230,240,240" step="2"/><V40/><F76/><W61/><G37/><T0/><D125/><U130/><E130/><V42/><F45/><W110/><G110/><T98/><D118/><U55/><E55/><V112/><F39/><W111/><G111/><T51/><D121/><U57/><E57/><V108/><F112/><W117/><G117/><T69/><D120/><U62/><AGARI ba="1,2" hai="11,13,17,18,19,52,59,62,72,74,75,88,94,97" machi="62" ten="30,8000,1" yaku="1,1,0,1,54,2,53,1" doraHai="60" doraHaiUra="54" who="1" fromWho="1" sc="270,-41,230,103,240,-21,240,-21" /><INIT seed="1,0,0,5,4,15" ten="229,333,219,219" oya="1" hai0="115,102,44,60,17,22,85,46,7,104,78,126,86" hai1="87,101,120,132,59,125,23,84,21,48,49,27,111" hai2="128,106,95,12,11,4,63,77,75,96,73,28,50" hai3="51,34,2,71,68,55,109,42,107,114,16,124,127"/><U97/><E120/><V0/><F128/><W29/><G114/><T110/><D115/><U54/><E132/><V123/><F123/><W93/><G107/><T6/><D126/><N who="3" m="48169" /><G2/><T47/><D110/><U91/><E125/><V98/><F28/><W108/><G42/><T39/><D39/><U31/><E111/><N who="3" m="42570" /><G93/><T121/><D121/><U37/><E37/><V26/><F106/><W118/><G29/><T8/><D104/><U116/><E116/><V99/><F95/><W74/><G74/><T117/><D117/><U105/><E48/><V9/><F77/><W43/><G34/><T67/><D102/><U81/><REACH who="1" step="1"/><E87/><REACH who="1" ten="229,323,219,219" step="2"/><V58/><F50/><W130/><G118/><T113/><D85/><U89/><E89/><V18/><REACH who="2" step="1"/><F26/><REACH who="2" ten="229,323,209,219" step="2"/><W52/><G130/><T94/><D113/><U45/><E45/><V56/><F56/><W103/><G51/><T1/><D46/><U122/><E122/><V14/><F14/><W32/><G71/><T35/><D47/><U131/><E131/><V82/><F82/><W10/><G68/><T135/><D44/><U70/><E70/><V65/><AGARI ba="0,2" hai="0,4,9,11,12,18,58,63,65,73,75,96,98,99" machi="65" ten="30,4000,0" yaku="1,1,0,1,52,1,53,0" doraHai="15" doraHaiUra="41" who="2" fromWho="2" sc="229,-10,323,-20,209,60,219,-10" /><INIT seed="2,0,0,3,4,31" ten="219,303,269,209" oya="2" hai0="32,20,15,105,47,25,89,56,71,84,3,42,57" hai1="37,108,128,95,94,77,126,67,66,130,64,39,96" hai2="110,9,61,13,60,6,120,2,101,28,7,53,90" hai3="80,87,104,100,99,12,107,124,134,29,34,117,122"/><V50/><F120/><W74/><G117/><T30/><D71/><U10/><E77/><V133/><F101/><W65/><G122/><T26/><D3/><U92/><E10/><V97/><F133/><W8/><G134/><T72/><D105/><U79/><E79/><V73/><F73/><W106/><G124/><T14/><D72/><U85/><E85/><V115/><F115/><W135/><G135/><T0/><D0/><U103/><E126/><V118/><F118/><W11/><G74/><T70/><D70/><U129/><E108/><V125/><F125/><W22/><G65/><T17/><D14/><U40/><E40/><V63/><F28/><W112/><G112/><T24/><D32/><U19/><E19/><N who="2" m="8623" /><F2/><W35/><G22/><T82/><REACH who="0" step="1"/><D30/><REACH who="0" ten="209,303,269,209" step="2"/><U49/><E49/><AGARI ba="0,1" hai="15,17,20,24,25,26,42,47,49,56,57,82,84,89" machi="49" ten="40,5200,0" yaku="1,1,2,1,8,1,53,0" doraHai="31" doraHaiUra="113" who="0" fromWho="1" sc="209,62,303,-52,269,0,209,0" /><INIT seed="3,0,0,2,0,5" ten="271,251,269,209" oya="3" hai0="7,76,16,105,71,99,77,82,115,18,118,17,59" hai1="79,114,32,93,51,61,14,4,70,129,8,94,78" hai2="67,3,128,98,112,39,135,13,41,15,100,68,84" hai3="34,134,64,53,117,50,113,60,2,124,47,28,20"/><W96/><G113/><T132/><D71/><U31/><E114/><V106/><F3/><W121/><G117/><T122/><D122/><U62/><E129/><V127/><F112/><W42/><G121/><T86/><D118/><U36/><E36/><V43/><F128/><W46/><G134/><T116/><D116/><U125/><E125/><V57/><F135/><W92/><G124/><T85/><D132/><U58/><E70/><V38/><F68/><W23/><G2/><T19/><D115/><U90/><E94/><V45/><F127/><W81/><G81/><T120/><D7/><U83/><E31/><V91/><F67/><W95/><G34/><T104/><D120/><U6/><E6/><V126/><F57/><W107/><G107/><T109/><D109/><U10/><E10/><V33/><F33/><W54/><G92/><T133/><D133/><U27/><E27/><V40/><F40/><W37/><G53/><T102/><D59/><U103/><E103/><V0/><F0/><W22/><G28/><T55/><D55/><N who="1" m="32127" /><E83/><V29/><F29/><W74/><G74/><T9/><D105/><U89/><E89/><V88/><F91/><W35/><G35/><T72/><REACH who="0" step="1"/><D77/><REACH who="0" ten="261,251,269,209" step="2"/><N who="1" m="29195" /><E32/><V75/><F126/><W65/><REACH who="3" step="1"/><G60/><REACH who="3" ten="261,251,269,199" step="2"/><T26/><D26/><U21/><E62/><V130/><F130/><W1/><G1/><T63/><D63/><U56/><E61/><V111/><F106/><W69/><G69/><T52/><D52/><U25/><E56/><V49/><F75/><W73/><G73/><T87/><D87/><U119/><E119/><V48/><F84/><RYUUKYOKU ba="0,2" sc="261,15,251,-15,269,-15,199,15" hai0="9,16,17,18,19,72,76,82,85,86,99,102,104" hai3="20,22,23,37,42,46,47,50,54,64,65,95,96" /><INIT seed="3,1,2,5,0,68" ten="276,236,254,214" oya="3" hai0="131,10,14,6,61,55,69,76,11,92,91,129,128" hai1="58,50,133,48,44,120,39,5,33,43,34,64,72" hai2="52,127,37,99,87,119,86,121,132,101,78,80,114" hai3="98,42,111,12,106,105,47,27,93,79,26,104,117"/><W95/><G117/><T66/><D76/><U40/><E120/><V88/><F114/><W123/><G123/><T102/><D55/><U15/><E72/><V83/><F121/><W18/><G79/><T8/><REACH who="0" step="1"/><D102/><REACH who="0" ten="266,236,254,214" step="2"/><U130/><E133/><V57/><F132/><W9/><G111/><T84/><AGARI ba="1,3" hai="6,8,10,11,14,61,66,69,84,91,92,128,129,131" machi="84" ten="30,7900,0" yaku="1,1,2,1,0,1,19,1,53,0" doraHai="68" doraHaiUra="13" who="0" fromWho="0" sc="266,112,236,-21,254,-21,214,-40" /><INIT seed="4,0,0,0,1,70" ten="378,215,233,174" oya="0" hai0="28,64,73,109,11,117,60,25,14,82,126,52,90" hai1="9,22,67,130,51,118,78,43,54,125,20,17,105" hai2="29,97,39,88,32,102,91,101,44,108,61,24,62" hai3="93,47,42,77,21,83,55,110,3,56,16,107,80"/><T58/><D117/><U71/><E118/><V48/><F108/><W4/><G110/><T23/><D109/><U114/><E105/><V75/><F75/><W131/><G131/><T122/><D122/><U35/><E35/><V96/><F39/><W86/><G107/><T2/><D126/><U120/><E120/><V49/><F24/><W115/><G115/><T7/><D90/><U40/><E20/><V13/><F13/><W37/><G93/><T113/><D113/><U50/><E50/><V66/><F66/><W69/><G69/><T124/><D124/><U6/><E78/><V68/><F68/><W134/><G134/><T15/><REACH who="0" step="1"/><D64/><REACH who="0" ten="368,215,233,174" step="2"/><U112/><E125/><V81/><F91/><W127/><G127/><T1/><D1/><U89/><E89/><V103/><F88/><W26/><G3/><T79/><AGARI ba="0,1" hai="2,7,11,14,15,23,25,28,52,58,60,73,79,82" machi="79" ten="30,11700,0" yaku="1,1,0,1,54,1,53,1" doraHai="70" doraHaiUra="106" who="0" fromWho="0" sc="368,127,215,-39,233,-39,174,-39" /><INIT seed="4,1,0,3,0,72" ten="495,176,194,135" oya="0" hai0="94,22,85,86,23,2,21,81,45,15,109,37,0" hai1="56,83,73,113,98,121,1,74,39,97,62,105,126" hai2="99,116,4,28,65,114,9,71,77,40,67,49,13" hai3="11,58,102,107,70,55,44,30,53,106,112,29,18"/><T52/><D109/><U19/><E39/><V91/><F114/><W59/><G70/><T41/><D15/><U124/><E1/><V131/><F131/><W122/><G112/><T54/><D94/><U92/><E56/><V17/><F28/><W66/><G122/><T12/><D86/><U57/><E57/><V7/><F116/><W46/><G66/><N who="2" m="25097" /><F77/><W123/><G11/><T33/><D33/><U35/><E62/><V132/><F71/><W6/><G18/><T10/><D0/><U96/><E35/><V76/><F76/><W101/><REACH who="3" step="1"/><G123/><REACH who="3" ten="495,176,194,125" step="2"/><T64/><D64/><U119/><E121/><V47/><F132/><W50/><G50/><N who="0" m="26927" /><D2/><U75/><E113/><V31/><F31/><W129/><G129/><T42/><D37/><U16/><E119/><V24/><F17/><N who="1" m="6729" /><E105/><V120/><F120/><W20/><G20/><T87/><D10/><U14/><E14/><V95/><F13/><W133/><G133/><T5/><D12/><U3/><E3/><V130/><F9/><W25/><G25/><T93/><D21/><U82/><E92/><V38/><F24/><W127/><G127/><AGARI ba="1,1" hai="73,74,75,82,83,96,97,98,124,126,127" m="6729" machi="127" ten="40,8000,1" yaku="28,2,18,1,54,1" doraHai="72" who="1" fromWho="3" sc="495,0,176,93,194,0,125,-83" /><INIT seed="5,0,0,0,2,75" ten="495,269,194,42" oya="1" hai0="74,127,86,8,7,121,96,2,47,56,18,9,113" hai1="103,25,36,17,83,15,22,93,73,55,132,32,49" hai2="30,95,122,116,101,67,68,71,43,97,105,94,112" hai3="109,31,129,46,125,48,40,34,12,52,107,65,27"/><U104/><E104/><V89/><F116/><W5/><G109/><T124/><D74/><U102/><E36/><V128/><F122/><W4/><G129/><T35/><D113/><U57/><E132/><V20/><F112/><W134/><G134/><T92/><D35/><U69/><E69/><V108/><F108/><W39/><G125/><T84/><D121/><U1/><E1/><V133/><F128/><W77/><G107/><T6/><D18/><U60/><E93/><V21/><F105/><W88/><G65/><T98/><D56/><U61/><E32/><V91/><F101/><W106/><G106/><T16/><D16/><U81/><E25/><V44/><F133/><W135/><G135/><T54/><D54/><U120/><E120/><V87/><F30/><W19/><G77/><T38/><D47/><U111/><E111/><V115/><F115/><W70/><G70/><T79/><D79/><U82/><E73/><V78/><F78/><W85/><G39/><T131/><D38/><U3/><E3/><V28/><F28/><W76/><G76/><T123/><D131/><U33/><E33/><V13/><F67/><W126/><G40/><T80/><D80/><U130/><E130/><V62/><F62/><AGARI ba="0,0" hai="15,17,22,49,55,57,60,61,62,81,82,83,102,103" machi="62" ten="40,2000,0" yaku="8,1" doraHai="75" who="1" fromWho="2" sc="495,0,269,20,194,-20,42,0" /><INIT seed="5,1,0,4,1,129" ten="495,289,174,42" oya="1" hai0="49,86,74,9,121,25,59,81,35,95,82,73,37" hai1="114,6,27,109,7,75,56,71,45,15,58,26,36" hai2="103,17,131,50,29,22,47,10,72,99,126,94,76" hai3="13,16,78,104,28,119,44,118,79,69,33,34,19"/><U110/><E71/><V67/><F131/><W4/><G104/><T122/><D37/><U21/><E75/><V12/><F126/><W111/><G111/><N who="1" m="42506" /><E114/><V91/><F72/><W31/><G69/><T112/><D74/><U113/><E113/><V55/><F76/><W11/><G44/><T8/><D73/><U53/><E26/><V87/><F67/><W97/><G97/><T88/><D112/><U14/><E15/><V92/><REACH who="2" step="1"/><F29/><REACH who="2" ten="495,289,164,42" step="2"/><N who="3" m="11339" /><G79/><T54/><D122/><U77/><E77/><V83/><F83/><W80/><G80/><T134/><D121/><U85/><E58/><V133/><F133/><W66/><G66/><T52/><D134/><U108/><E56/><V125/><F125/><W18/><G78/><T51/><D59/><U38/><E108/><V120/><F120/><W5/><G5/><T46/><D81/><U93/><E6/><V30/><F30/><W48/><G48/><T102/><D35/><AGARI ba="1,1" hai="4,11,13,16,18,19,33,34,35,118,119" m="11339" machi="35" ten="40,5200,0" yaku="34,2,54,1" doraHai="129" who="3" fromWho="0" sc="495,-55,289,0,164,0,42,65" /><INIT seed="6,0,0,2,5,99" ten="440,289,164,107" oya="2" hai0="83,20,97,70,59,42,25,98,29,8,69,52,41" hai1="6,18,10,131,114,115,77,92,12,22,108,71,104" hai2="26,60,79,91,73,53,56,94,112,14,133,109,16" hai3="7,88,23,111,31,39,65,89,100,43,132,80,45"/><V11/><F112/><N who="1" m="43049" /><E104/><V120/><F120/><W129/><G111/><T101/><D97/><U46/><E71/><V57/><F133/><W64/><G132/><T51/><D69/><U5/><E77/><V134/><F134/><W110/><G110/><T128/><D70/><U68/><E68/><V30/><F109/><W93/><G129/><T34/><D128/><U17/><E108/><V127/><F127/><W90/><G7/><T66/><D34/><U36/><E131/><V78/><F57/><W130/><G130/><T135/><D135/><U74/><E74/><V61/><F61/><W1/><G1/><T9/><D83/><U4/><E92/><V21/><REACH who="2" step="1"/><F73/><REACH who="2" ten="440,289,154,107" step="2"/><W0/><G0/><T96/><D59/><U107/><E46/><V48/><F48/><W81/><G65/><T49/><D51/><U55/><E36/><V28/><F28/><W119/><G64/><T122/><D29/><U72/><E72/><V85/><AGARI ba="0,1" hai="11,14,16,21,26,30,53,56,60,78,79,85,91,94" machi="85" ten="20,12000,1" yaku="1,1,0,1,7,1,8,1,54,1,53,0" doraHai="99" doraHaiUra="123" who="2" fromWho="2" sc="440,-40,289,-40,154,130,107,-40" /><INIT seed="6,1,0,1,1,94" ten="400,249,284,67" oya="2" hai0="69,92,1,108,49,101,17,120,115,35,105,110,26" hai1="111,103,66,131,64,10,50,21,60,24,126,122,78" hai2="90,47,119,13,87,121,41,52,8,82,20,59,53" hai3="42,12,32,14,34,83,58,104,113,51,28,63,84"/><V125/><F119/><W76/><G104/><T16/><D69/><U107/><E111/><V67/><F121/><W61/><G32/><T89/><D1/><U127/><E122/><V70/><F70/><W18/><G34/><T39/><D39/><U15/><E78/><V45/><F125/><N who="1" m="47625" /><E50/><V11/><F67/><W38/><G38/><T109/><D115/><U124/><E131/><V81/><F81/><W23/><G113/><T102/><D120/><U73/><E73/><V5/><F53/><W0/><G0/><T55/><D35/><U98/><N who="1" m="47633" /><U65/><DORA hai="134" /><E15/><N who="2" m="5519" /><F20/><W37/><G37/><T88/><D49/><U72/><E72/><V4/><F41/><W130/><G28/><T54/><D110/><U99/><E10/><V33/><F33/><W123/><G123/><T44/><D109/><U2/><E2/><V80/><F80/><W3/><G3/><T112/><D112/><U30/><E99/><V68/><F68/><AGARI ba="1,0" hai="21,24,30,60,64,65,66,68,98,103,107" m="47633" machi="68" ten="40,12000,2" yaku="18,1,52,5" doraHai="94,134" who="1" fromWho="2" sc="400,0,249,123,284,-123,67,0" /><INIT seed="7,0,0,4,3,44" ten="400,372,161,67" oya="3" hai0="87,8,111,16,40,107,41,38,72,6,131,60,115" hai1="101,65,3,120,124,106,30,43,119,58,66,5,29" hai2="118,100,84,129,132,33,45,88,68,23,19,54,77" hai3="108,7,97,122,59,90,20,74,50,26,103,79,39"/><W70/><G122/><T46/><D72/><U128/><E120/><V57/><F118/><W2/><G39/><T37/><D107/><U21/><E119/><V94/><F68/><W48/><G70/><T93/><D111/><U127/><E5/><V14/><F33/><W31/><G108/><T15/><D41/><U135/><E3/><V85/><F132/><W99/><G59/><T10/><D115/><U17/><E101/><V123/><F129/><W109/><G109/><T95/><D131/><U62/><E106/><V82/><F123/><W126/><G126/><T121/><D121/><U114/><E128/><V63/><F100/><W112/><G112/><T86/><D60/><U67/><E114/><V0/><F0/><W25/><G25/><T13/><D38/><U53/><E43/><V89/><F45/><W76/><G90/><AGARI ba="0,0" hai="14,19,23,54,57,63,77,82,84,85,88,89,90,94" machi="90" ten="40,2600,0" yaku="8,1,54,1" doraHai="44" who="2" fromWho="3" sc="400,0,372,0,161,26,67,-26" owari="400,50.0,372,17.0,187,-21.0,41,-46.0" /></mjloggm>