<mjloggm ver="2.3"><GO type="169" lobby="0"/><UN n0="%7A%6F%6F%31%39%36%34" n1="%E8%A5%BF%E6%9D%91%E9%9B%84%E4%B8%80%E9%83%8E" n2="%E5%AE%9F%E5%AD%98" n3="%E9%89%84%E7%A8%9A%E9%AD%9A%E3%82%AB%E3%83%A2%E9%A4%8A%E5%88%86" dan="18,18,17,18" rate="2223.75,2339.96,2147.67,2198.31" sx="M,M,M,F"/><TAIKYOKU oya="0"/><INIT seed="0,0,0,2,2,0" ten="250,250,250,250" oya="0" hai0="74,123,82,120,113,117,6,80,75,30,65,110,95" hai1="26,73,8,127,92,50,100,83,89,104,23,2,88" hai2="16,102,51,91,12,112,34,79,58,84,72,98,39" hai3="128,7,4,27,5,122,126,3,60,121,53,111,87"/><T25/><D113/><U17/><E127/><V18/><F112/><W76/><G126/><T44/><D117/><U21/><E104/><V86/><F39/><W109/><G128/><T118/><D118/><U24/><E50/><V45/><F34/><W108/><G3/><T54/><D65/><U49/><E49/><V13/><F72/><W134/><G134/><T97/><D75/><U48/><E48/><V96/><F58/><N who="3" m="34895" /><G27/><T28/><D54/><U101/><E73/><V85/><F79/><W33/><G33/><T57/><D57/><U63/><E63/><V56/><F56/><W68/><G68/><T94/><D44/><U19/><E83/><AGARI ba="0,0" hai="4,5,7,76,83,87,108,109,111,121,122" m="34895" machi="83" ten="40,8000,1" yaku="14,1,52,3" doraHai="0" who="3" fromWho="1" sc="250,0,250,-80,250,0,250,80" /><INIT seed="1,0,0,4,4,58" ten="250,170,250,330" oya="1" hai0="31,47,16,83,117,106,10,130,122,41,74,34,55" hai1="118,38,86,54,129,133,23,78,120,19,97,99,103" hai2="0,131,35,84,98,107,12,90,49,13,110,76,121" hai3="71,77,75,62,53,72,4,94,63,43,128,80,109"/><U79/><E118/><V17/><F121/><W6/><G75/><T111/><D117/><U22/><E120/><V28/><F0/><W127/><G109/><T42/><D122/><U11/><E38/><V70/><F110/><W89/><G128/><T29/><D106/><U36/><E36/><V14/><F70/><W59/><G43/><T88/><D130/><U56/><E129/><V64/><F131/><W92/><G127/><T3/><D3/><U45/><E45/><V69/><F76/><N who="1" m="29225" /><E86/><V119/><F119/><W39/><G39/><T101/><D101/><U27/><E11/><V44/><F98/><W95/><REACH who="3" step="1"/><G89/><REACH who="3" ten="250,170,250,320" step="2"/><T37/><D42/><U123/><E123/><V21/><F90/><W8/><G8/><T108/><D108/><U102/><E133/><V114/><F114/><W57/><G57/><T60/><D111/><U96/><E22/><V115/><F21/><W82/><G82/><T113/><D74/><U52/><E54/><V7/><F115/><W135/><G135/><T25/><D113/><U40/><E40/><V100/><F44/><W26/><G26/><T105/><D25/><U73/><E73/><V85/><F69/><W87/><G87/><T18/><D55/><U104/><E104/><V124/><F84/><W93/><N who="3" m="24064" /><DORA hai="132" /><W50/><G50/><AGARI ba="0,1" hai="19,23,27,50,52,56,96,97,99,102,103" m="29225" machi="50" ten="30,2900,0" yaku="8,1,54,1" doraHai="58,132" who="1" fromWho="3" sc="250,0,170,39,250,0,320,-29" /><INIT seed="1,1,0,3,4,112" ten="250,209,250,291" oya="1" hai0="46,0,101,5,81,54,106,69,134,126,59,36,77" hai1="13,107,89,96,53,71,51,14,116,133,32,50,1" hai2="121,44,73,17,102,68,76,65,123,8,19,60,88" hai3="91,64,135,99,84,23,49,104,110,6,22,114,43"/><U29/><E1/><V9/><F102/><W30/><G114/><T111/><D69/><U79/><E79/><V75/><F44/><W58/><G110/><T45/><D111/><U105/><E71/><V132/><F132/><W78/><G135/><T103/><D134/><U26/><E133/><V95/><F76/><W33/><G33/><T63/><D126/><U92/><E50/><V47/><F47/><W80/><G6/><T67/><D106/><U115/><E115/><V18/><F9/><W62/><G30/><T90/><D90/><U41/><E41/><V2/><F8/><W61/><G49/><T39/><D46/><U98/><E116/><V86/><REACH who="2" step="1"/><F2/><REACH who="2" ten="250,209,240,291" step="2"/><W3/><G3/><T131/><D45/><U125/><E125/><V37/><F37/><W120/><G78/><T28/><D39/><U31/><E89/><V118/><F118/><W119/><G119/><T7/><D36/><U16/><E107/><V40/><F40/><W129/><G43/><T38/><D38/><U72/><E105/><V74/><AGARI ba="1,1" hai="17,18,19,60,65,68,73,74,75,86,88,95,121,123" machi="74" ten="40,12000,2" yaku="1,1,0,1,54,1,53,3" doraHai="112" doraHaiUra="15" who="2" fromWho="2" sc="250,-31,209,-61,240,133,291,-31" /><INIT seed="2,0,0,3,5,106" ten="219,148,373,260" oya="2" hai0="13,63,89,108,20,41,64,82,60,122,123,6,131" hai1="59,55,76,70,87,5,66,28,22,81,62,71,54" hai2="113,107,83,43,116,52,125,19,105,102,96,34,98" hai3="117,73,88,93,79,4,129,97,23,78,25,53,132"/><V1/><F116/><W27/><G117/><T109/><D41/><U135/><E135/><V80/><F34/><W92/><G132/><T57/><D131/><U130/><E130/><V133/><F133/><W44/><G129/><T134/><D134/><U7/><E71/><V30/><F1/><W17/><G4/><N who="1" m="1610" /><E70/><V128/><F128/><W39/><G27/><AGARI ba="0,0" hai="22,27,28,54,55,59,62,66,76,81,87" m="1610" machi="27" ten="30,1000,0" yaku="8,1" doraHai="106" who="1" fromWho="3" sc="219,0,148,10,373,0,260,-10" /><INIT seed="3,0,0,4,0,105" ten="219,158,373,250" oya="3" hai0="132,25,20,128,79,100,86,35,37,15,112,26,59" hai1="13,95,2,93,45,108,127,90,129,98,124,97,38" hai2="55,73,36,64,120,88,11,80,63,92,5,81,56" hai3="21,110,67,122,52,96,12,119,53,78,9,6,83"/><W69/><G119/><T77/><D37/><U33/><E2/><V54/><F36/><W91/><G122/><T30/><D132/><U32/><E108/><V101/><F101/><W24/><G110/><T70/><D70/><U57/><E129/><V49/><F120/><W118/><G118/><T17/><D128/><U102/><E57/><V27/><F27/><W111/><G111/><T106/><D112/><U87/><E13/><N who="2" m="5359" /><F73/><W99/><G67/><T85/><D100/><U114/><E114/><V75/><F75/><W23/><G69/><T135/><D106/><U133/><E133/><V58/><F55/><W71/><G23/><T29/><D59/><U0/><E0/><V44/><F56/><W62/><G71/><T84/><REACH who="0" step="1"/><D135/><REACH who="0" ten="209,158,373,250" step="2"/><U130/><E130/><V16/><F58/><W104/><G104/><T74/><D74/><U50/><E38/><V8/><F64/><W89/><G62/><T48/><D48/><U134/><E134/><V123/><F63/><W117/><G117/><T4/><D4/><U103/><E127/><V31/><F123/><W51/><G51/><T115/><D115/><U125/><E124/><V46/><F49/><W116/><G116/><T3/><D3/><U47/><E125/><V40/><F46/><W14/><G6/><T10/><AGARI ba="0,1" hai="10,15,17,20,25,26,29,30,35,77,79,84,85,86" machi="10" ten="30,2000,0" yaku="1,1,0,1,53,0" doraHai="105" doraHaiUra="41" who="0" fromWho="0" sc="209,30,158,-5,373,-5,250,-10" /><INIT seed="4,0,0,3,4,95" ten="239,153,368,240" oya="0" hai0="85,1,41,3,14,114,50,33,20,71,45,54,133" hai1="25,125,10,120,79,106,87,89,93,37,46,75,18" hai2="35,100,68,110,115,34,59,118,108,12,58,73,62" hai3="131,29,39,8,5,42,38,76,129,103,56,74,77"/><T119/><D119/><U84/><E120/><V81/><F68/><W101/><G29/><T13/><D33/><U57/><E125/><V44/><F118/><W86/><G86/><T117/><D71/><U51/><E106/><V88/><F100/><N who="3" m="38475" /><G56/><T19/><D117/><U64/><E37/><N who="3" m="13834" /><G74/><T80/><D114/><U96/><E75/><V28/><F115/><W15/><G42/><T99/><D133/><U60/><E79/><V16/><F58/><W126/><G126/><T65/><D65/><U43/><REACH who="1" step="1"/><E10/><REACH who="1" ten="239,143,368,240" step="2"/><V112/><F73/><W83/><G77/><T128/><D128/><U23/><AGARI ba="0,1" hai="18,23,25,43,46,51,57,60,64,84,87,89,93,96" machi="23" ten="30,12000,2" yaku="1,1,2,1,0,1,8,1,52,1,53,1" doraHai="95" doraHaiUra="53" who="1" fromWho="1" sc="239,-60,143,130,368,-30,240,-30" /><INIT seed="5,0,0,1,2,117" ten="179,273,338,210" oya="1" hai0="33,55,57,42,129,64,123,97,70,35,40,29,5" hai1="130,9,120,74,7,20,126,131,133,87,105,24,83" hai2="48,32,121,73,67,49,135,38,106,61,69,128,113" hai3="84,77,23,3,125,16,36,88,79,6,51,46,10"/><U78/><E105/><V8/><RYUUKYOKU type="yao9" ba="0,0" sc="179,0,273,0,338,0,210,0" hai2="8,32,38,48,49,61,67,69,73,106,113,121,128,135" /><INIT seed="5,1,0,0,5,75" ten="179,273,338,210" oya="1" hai0="134,59,117,125,23,114,46,3,55,37,115,32,18" hai1="28,69,62,83,101,126,84,67,96,5,14,56,123" hai2="105,93,7,135,22,91,80,68,51,19,112,70,66" hai3="50,92,108,132,11,100,127,94,36,27,54,25,45"/><U111/><E123/><V42/><F105/><W116/><G108/><T90/><D32/><U58/><E126/><V2/><F66/><W130/><G127/><T15/><D125/><U87/><E111/><V82/><F2/><W0/><G132/><T74/><D3/><U38/><E38/><V4/><F70/><W121/><G121/><T71/><D134/><U129/><E129/><V39/><F68/><W29/><G130/><T72/><D71/><U88/><E28/><V65/><F65/><W60/><G116/><T52/><D117/><U104/><REACH who="1" step="1"/><E87/><REACH who="1" ten="179,263,338,210" step="2"/><N who="2" m="52479" /><F39/><W81/><G29/><T102/><D37/><U106/><E106/><V64/><F112/><W35/><G36/><T6/><D74/><U109/><E109/><V119/><F119/><W95/><G35/><T8/><D72/><U21/><E21/><V13/><F135/><W43/><G100/><T12/><D115/><U20/><E20/><V31/><F31/><W24/><G24/><T133/><D102/><U73/><E73/><V41/><F22/><W61/><G27/><T30/><D133/><U107/><E107/><V110/><F110/><W40/><G25/><T57/><D114/><U33/><E33/><V99/><F4/><W48/><G11/><AGARI ba="1,1" hai="5,11,14,56,58,62,67,69,83,84,88,96,101,104" machi="11" ten="40,3900,0" yaku="1,1,54,1,53,0" doraHai="75" doraHaiUra="128" who="1" fromWho="3" sc="179,0,263,52,338,0,210,-42" /><INIT seed="5,2,0,5,5,71" ten="179,315,338,168" oya="1" hai0="107,103,49,66,123,64,89,94,117,119,62,56,48" hai1="135,111,43,52,32,18,26,23,40,42,82,41,96" hai2="121,1,35,74,16,108,44,72,4,30,46,55,120" hai3="0,77,95,2,91,20,31,73,6,128,70,47,131"/><U36/><E135/><V45/><F108/><W7/><G70/><T134/><D134/><U27/><E111/><V81/><F30/><W116/><G116/><T102/><D123/><U125/><E125/><V57/><F35/><W126/><G126/><T114/><D107/><U88/><E32/><V97/><F4/><W34/><G34/><T3/><D3/><U63/><E40/><V75/><F1/><W93/><G77/><T22/><D114/><U115/><E115/><V85/><F97/><W58/><G73/><T12/><D66/><U21/><E36/><V90/><REACH who="2" step="1"/><F16/><REACH who="2" ten="179,315,328,168" step="2"/><W37/><G31/><T53/><D119/><U132/><E132/><V101/><F101/><W106/><G7/><T29/><D117/><U50/><E96/><V86/><F86/><W130/><G6/><T14/><D103/><U39/><E39/><V124/><F124/><W25/><G0/><T87/><D102/><U51/><E23/><V112/><F112/><W5/><G5/><T67/><D29/><U83/><E27/><V61/><AGARI ba="2,1" hai="44,45,46,55,57,61,72,74,75,81,85,90,120,121" machi="61" ten="40,8000,1" yaku="1,1,0,1,53,2" doraHai="71" doraHaiUra="118" who="2" fromWho="2" sc="179,-22,315,-42,328,96,168,-22" /><INIT seed="6,0,0,4,3,107" ten="157,273,424,146" oya="2" hai0="58,53,96,74,92,125,75,98,84,48,7,70,2" hai1="18,25,124,32,114,122,61,119,27,97,121,95,115" hai2="26,72,131,89,129,79,19,16,90,44,99,10,15" hai3="78,60,73,102,105,45,38,112,81,100,46,1,94"/><V52/><F99/><W108/><G108/><T101/><D70/><U109/><E61/><V55/><F79/><W126/><G126/><T82/><D125/><U50/><E124/><V83/><F72/><W4/><G60/><T87/><D87/><U17/><E50/><N who="2" m="28743" /><F55/><W128/><G128/><N who="2" m="49225" /><F83/><W77/><G77/><T31/><D98/><U111/><E97/><V47/><F47/><W64/><G46/><T39/><D39/><U51/><E51/><V29/><F19/><W23/><G45/><T134/><D84/><U41/><E95/><V69/><F69/><W11/><G94/><T30/><D82/><U65/><E65/><V40/><F40/><W54/><G64/><T57/><D57/><U104/><E104/><V66/><F66/><W71/><G71/><T33/><D92/><U49/><E49/><V0/><F0/><W118/><G54/><T93/><D75/><U120/><E41/><V127/><F127/><W103/><G105/><T133/><D74/><U80/><E80/><V3/><F3/><W132/><G73/><T8/><REACH who="0" step="1"/><D33/><AGARI ba="0,0" hai="10,15,16,26,29,33,89,90" m="49225,28743" machi="33" ten="30,5800,0" yaku="19,1,54,2" doraHai="107" who="2" fromWho="0" sc="157,-58,273,0,424,58,146,0" /><INIT seed="6,1,0,5,2,77" ten="99,273,482,146" oya="2" hai0="66,103,102,7,57,109,42,86,117,34,30,62,93" hai1="2,92,106,104,55,131,107,96,31,6,13,112,40" hai2="91,18,83,8,110,81,52,111,56,84,17,123,128" hai3="29,37,59,72,4,39,101,22,60,94,20,63,48"/><V126/><F123/><W87/><G72/><T36/><D109/><N who="2" m="41482" /><F126/><W133/><G4/><T79/><D117/><U65/><E2/><V125/><F125/><W19/><G29/><T95/><D7/><U75/><E75/><V73/><F128/><W43/><G133/><T3/><D3/><U70/><E40/><V69/><F69/><W35/><G35/><T130/><D130/><U44/><E31/><V71/><F71/><W15/><G22/><T90/><D79/><U33/><E55/><V50/><F8/><W89/><G101/><T121/><D121/><U38/><E44/><V116/><F116/><W14/><G14/><T49/><D36/><N who="3" m="13897" /><G43/><T23/><D34/><U127/><E38/><V5/><F5/><W12/><G12/><T119/><D119/><U9/><E13/><V85/><F73/><W26/><G26/><N who="0" m="16735" /><D95/><U118/><E92/><V78/><AGARI ba="1,0" hai="17,18,50,52,56,78,81,83,84,85,91" m="41482" machi="78" ten="30,11700,0" yaku="10,1,52,2,54,1" doraHai="77" who="2" fromWho="2" sc="99,-40,273,-40,482,120,146,-40" /><INIT seed="6,2,0,4,0,18" ten="59,233,602,106" oya="2" hai0="91,109,36,71,82,50,128,121,74,57,25,70,101" hai1="135,104,93,124,29,84,86,38,48,77,123,61,89" hai2="11,56,47,108,106,72,13,119,5,131,1,126,67" hai3="46,43,30,22,40,132,114,2,58,63,90,62,23"/><V83/><F56/><W41/><G2/><T105/><D109/><U111/><E38/><V3/><F67/><W134/><G30/><T79/><D36/><U103/><E111/><V51/><F51/><W99/><G46/><T16/><D121/><U34/><E135/><N who="3" m="51754" /><G114/><T125/><D125/><U9/><E124/><V118/><F83/><W42/><N who="3" m="10752" /><DORA hai="19" /><W75/><G75/><T107/><D128/><U110/><E29/><V52/><F72/><W69/><G69/><T73/><D73/><U113/><E34/><V54/><F47/><W20/><G58/><T21/><D91/><U31/><E89/><V53/><F1/><W60/><G90/><T33/><D33/><U8/><E31/><V6/><F3/><W130/><G99/><T4/><D4/><U96/><E96/><V24/><F6/><W0/><G0/><T95/><D95/><U66/><E93/><V117/><F108/><W14/><G130/><T116/><D116/><U92/><E113/><V26/><F131/><W120/><G120/><T28/><D28/><U49/><E123/><V68/><F68/><W32/><G32/><T64/><D101/><U127/><E103/><V10/><F119/><W97/><G97/><T39/><D39/><U129/><E129/><V98/><F98/><W12/><AGARI ba="2,0" hai="12,14,20,22,23,60,62,63" m="10752,51754" machi="12" ten="60,24000,4" yaku="29,2,28,2,20,1,52,6" doraHai="18,19" who="3" fromWho="3" sc="59,-62,233,-62,602,-122,106,246" owari="-3,-50.0,171,-23.0,480,58.0,352,15.0" /></mjloggm>