<mjloggm ver="2.3"><GO type="169" lobby="0"/><UN n0="%62%6F%79%61%74%65%74%75" n1="%E3%83%95%E3%82%B5%E3%82%A6%E3%83%9F%E3%82%B3%E3%83%83%E3%83%97" n2="%6B%75%72%69%6D%75" n3="%54%69%65%66%61" dan="16,17,18,16" rate="2111.27,2245.89,2250.73,2085.64" sx="M,M,M,M"/><TAIKYOKU oya="0"/><INIT seed="0,0,0,0,5,64" ten="250,250,250,250" oya="0" hai0="6,32,105,108,73,13,128,54,4,133,92,96,39" hai1="35,29,43,86,66,37,125,106,98,115,76,28,117" hai2="16,45,65,2,21,81,87,84,62,71,94,20,51" hai3="40,112,116,134,131,123,68,18,72,111,69,127,31"/><T38/><D105/><U110/><E117/><V113/><F2/><W34/><G40/><T1/><D128/><U33/><E110/><V85/><F21/><W132/><G18/><T101/><D133/><N who="3" m="51305" /><G131/><T102/><D108/><U49/><E43/><V11/><F94/><W121/><G111/><T3/><D32/><U100/><E35/><V23/><F113/><W36/><G116/><T99/><D13/><U8/><E115/><V15/><REACH who="2" step="1"/><F81/><REACH who="2" ten="250,250,240,250" step="2"/><W61/><G112/><T114/><D114/><U103/><E33/><V14/><F14/><W70/><G34/><T75/><REACH who="0" step="1"/><D92/><REACH who="0" ten="240,250,240,250" step="2"/><U46/><E106/><V17/><F17/><W44/><G121/><T19/><D19/><U9/><E29/><V122/><F122/><W57/><G31/><T58/><D58/><U5/><E28/><V82/><F82/><W74/><G123/><T42/><D42/><AGARI ba="0,2" hai="11,15,16,20,23,42,45,51,62,65,71,84,85,87" machi="42" ten="40,5200,0" yaku="1,1,52,1,54,1,53,0" doraHai="64" doraHaiUra="52" who="2" fromWho="0" sc="240,-52,250,0,240,72,250,0" /><INIT seed="1,0,0,1,1,44" ten="188,250,312,250" oya="1" hai0="93,5,33,53,54,115,41,121,79,47,75,28,2" hai1="123,77,130,31,35,23,99,83,91,109,7,8,69" hai2="18,85,15,38,81,72,37,129,62,45,126,105,127" hai3="42,46,0,65,57,66,104,3,134,68,100,96,118"/><U87/><E123/><V88/><F105/><W135/><G118/><T111/><D121/><U113/><E113/><V114/><F129/><W76/><G76/><T124/><D115/><U98/><E130/><V86/><F72/><W40/><G57/><T71/><D111/><U26/><E109/><V78/><F62/><N who="3" m="39991" /><G66/><T107/><D71/><U63/><E69/><V14/><F114/><W110/><G110/><T59/><D107/><U61/><E35/><V103/><F103/><W95/><G95/><T67/><D93/><U94/><REACH who="1" step="1"/><E99/><REACH who="1" ten="188,240,312,250" step="2"/><V89/><F126/><W74/><G96/><T120/><D124/><U20/><E20/><V48/><F127/><W82/><G134/><T55/><D120/><U4/><E4/><V10/><F78/><W64/><G135/><T11/><D79/><U60/><E60/><V122/><F122/><W21/><G21/><T108/><D108/><U43/><E43/><V6/><F6/><W73/><G40/><T50/><D75/><U132/><E132/><V117/><F117/><W49/><G73/><T101/><D33/><U9/><E9/><V84/><F85/><W112/><G112/><T34/><D34/><U52/><E52/><V39/><F86/><W90/><G90/><BYE who="3" /><T116/><D116/><U16/><E16/><V25/><F89/><W128/><G128/><T29/><D101/><U56/><E56/><V102/><F102/><W80/><G80/><T133/><D133/><U106/><E106/><V19/><F18/><W119/><G119/><T30/><D55/><U1/><AGARI ba="0,1" hai="1,7,8,23,26,31,61,63,77,83,87,91,94,98" machi="1" ten="20,3900,0" yaku="1,1,0,1,7,1,53,0" doraHai="44" doraHaiUra="125" who="1" fromWho="1" sc="188,-13,240,49,312,-13,250,-13" /><INIT seed="1,1,0,4,0,73" ten="175,289,299,237" oya="1" hai0="121,11,10,120,70,129,64,25,102,46,15,29,27" hai1="95,9,113,115,61,6,38,12,87,101,4,85,41" hai2="1,83,103,90,42,118,130,99,89,88,68,106,17" hai3="108,114,135,48,107,81,7,18,28,124,92,122,100"/><U109/><E109/><V19/><F68/><W39/><G39/><T97/><D129/><U104/><E104/><V35/><F1/><W62/><G62/><N who="0" m="40215" /><D46/><U127/><E127/><V14/><F118/><W34/><G34/><N who="0" m="20783" /><D27/><U134/><E134/><V54/><F130/><W80/><G80/><T31/><D31/><U93/><E38/><V24/><F42/><W58/><G58/><T123/><D15/><U60/><E41/><V133/><F133/><W86/><G86/><T36/><D36/><U32/><E32/><V53/><F35/><W105/><G105/><AGARI ba="1,0" hai="10,11,97,102,105,120,121,123" m="20783,40215" machi="105" ten="30,2000,0" yaku="25,1,13,1" doraHai="73" who="0" fromWho="3" sc="175,23,289,0,299,0,237,-23" /><INIT seed="2,0,0,1,1,68" ten="198,289,299,214" oya="2" hai0="2,18,75,8,0,122,34,120,33,10,104,89,87" hai1="74,130,39,76,46,112,113,102,40,133,55,94,97" hai2="11,62,88,90,32,73,119,124,67,38,82,114,48" hai3="98,117,43,47,61,71,6,91,72,135,9,64,57"/><V107/><F32/><W65/><G65/><T111/><D104/><U5/><E133/><V52/><F107/><W83/><G83/><T17/><D87/><U31/><E130/><V123/><F123/><W12/><G12/><T36/><D89/><U128/><E128/><V41/><F114/><W30/><G30/><T115/><D75/><U3/><E31/><V121/><F121/><W69/><G69/><T126/><D115/><U99/><E55/><V59/><F124/><W19/><G19/><T50/><D50/><U118/><E97/><V110/><F110/><W66/><G66/><T93/><D93/><U81/><REACH who="1" step="1"/><E118/><REACH who="1" ten="198,279,299,214" step="2"/><V95/><F119/><W28/><G28/><T4/><D111/><U84/><E84/><V44/><F73/><W85/><G85/><T13/><D126/><U49/><E49/><V125/><F125/><W53/><G53/><T54/><D54/><U20/><E20/><V63/><F11/><AGARI ba="0,1" hai="3,5,11,39,40,46,74,76,81,94,99,102,112,113" machi="11" ten="40,8000,1" yaku="1,1,25,2,52,1,53,0" doraHai="68" doraHaiUra="22" who="1" fromWho="2" sc="198,0,279,90,299,-80,214,0" /><INIT seed="3,0,0,5,2,26" ten="198,369,219,214" oya="3" hai0="36,77,55,68,109,43,64,31,107,56,79,89,32" hai1="48,2,124,87,112,120,38,40,57,135,7,29,23" hai2="95,54,104,90,42,47,105,84,88,99,10,12,59" hai3="118,33,117,6,101,123,11,103,52,114,66,134,25"/><W14/><G14/><T111/><D107/><U102/><E112/><V1/><F1/><W50/><G50/><T41/><D89/><U125/><E120/><V51/><F90/><W18/><G18/><T5/><D5/><U85/><E102/><V86/><F104/><W131/><G131/><T128/><D79/><U46/><E135/><V94/><F105/><W3/><G3/><T22/><D77/><U115/><E115/><V122/><F95/><W80/><G80/><T17/><D128/><U0/><E0/><V82/><F82/><UN n3="%54%69%65%66%61" /><W132/><G123/><T34/><D68/><U9/><E57/><V27/><F27/><W62/><G114/><T75/><D64/><U121/><E38/><V83/><F83/><W4/><G52/><T108/><D75/><U13/><E121/><V19/><REACH who="2" step="1"/><F122/><REACH who="2" ten="198,369,209,214" step="2"/><W35/><G103/><T70/><D109/><U133/><E2/><V69/><F69/><W113/><G101/><T93/><D70/><U91/><E91/><V110/><F110/><W15/><G113/><T30/><D93/><U76/><E76/><V78/><F78/><W130/><G25/><T129/><D111/><U92/><E92/><V37/><AGARI ba="0,1" hai="10,12,19,37,42,47,51,54,59,84,86,88,94,99" machi="37" ten="20,8000,1" yaku="1,1,0,1,7,1,54,1,53,1" doraHai="26" doraHaiUra="49" who="2" fromWho="2" sc="198,-20,369,-20,209,90,214,-40" /><INIT seed="4,0,0,1,1,43" ten="178,349,299,174" oya="0" hai0="99,113,22,2,122,67,59,77,117,127,91,48,100" hai1="1,105,21,33,54,20,39,110,72,135,25,97,70" hai2="66,86,26,108,84,118,49,23,14,17,90,35,111" hai3="62,53,56,65,123,55,78,128,60,42,5,58,13"/><T6/><D122/><U73/><E110/><V9/><F118/><W3/><G3/><T79/><D117/><U29/><E1/><V112/><F66/><N who="3" m="39175" /><G78/><T64/><D113/><U92/><E135/><V126/><F126/><W109/><G123/><T11/><D127/><U98/><E70/><V103/><F112/><W104/><G104/><T76/><D91/><U44/><E105/><V107/><F103/><W101/><G101/><T50/><D22/><U57/><E98/><V15/><F86/><W116/><G116/><T69/><D69/><U12/><E12/><V120/><F15/><W38/><G109/><T34/><D34/><U68/><E68/><V119/><F107/><W94/><G94/><T81/><D81/><U131/><E131/><V46/><F35/><W85/><G85/><T132/><D132/><U95/><E95/><V10/><F10/><W24/><G24/><T114/><D114/><U121/><E121/><V124/><F124/><W28/><G28/><T88/><D100/><U7/><E21/><V30/><F120/><W19/><G5/><T133/><D133/><U75/><E7/><V102/><F102/><W82/><G82/><T130/><D130/><U27/><E27/><V74/><F74/><W41/><G128/><T51/><REACH who="0" step="1"/><D59/><REACH who="0" ten="168,349,299,174" step="2"/><U37/><E33/><V31/><F119/><W129/><G129/><T134/><D134/><U115/><E115/><V0/><F111/><W8/><G38/><T36/><D36/><U83/><E83/><N who="2" m="49439" /><F108/><W89/><G89/><T93/><AGARI ba="0,1" hai="2,6,11,48,50,51,64,67,76,77,79,88,93,99" machi="93" ten="40,7800,0" yaku="1,1,0,1,54,1,53,0" doraHai="43" doraHaiUra="106" who="0" fromWho="0" sc="168,88,349,-26,299,-26,174,-26" /><INIT seed="4,1,0,0,0,28" ten="256,323,273,148" oya="0" hai0="4,16,48,106,109,23,108,17,45,97,119,35,112" hai1="115,74,37,52,31,110,19,64,46,34,133,13,118" hai2="134,2,73,77,78,20,135,36,47,92,116,132,30" hai3="12,88,113,128,72,123,76,130,95,96,80,103,7"/><T27/><D119/><U69/><E110/><N who="0" m="42601" /><D112/><U40/><E118/><V6/><F116/><W61/><G113/><T85/><D85/><U84/><E74/><V83/><F77/><N who="3" m="44071" /><G61/><T9/><D97/><U86/><E133/><V51/><F92/><N who="3" m="58759" /><G7/><T5/><D106/><U56/><E115/><V93/><F93/><W57/><G57/><T26/><D48/><U105/><E105/><V81/><F83/><W100/><G12/><N who="0" m="7311" /><D45/><U89/><E64/><V70/><F70/><W38/><G38/><T120/><D120/><U59/><E69/><V32/><F51/><W90/><G123/><T79/><D79/><U39/><E39/><V91/><F47/><W43/><G43/><T44/><D44/><U71/><E71/><V124/><F36/><W101/><G76/><T33/><D27/><U131/><E59/><V21/><F91/><N who="3" m="34859" /><G95/><T129/><D129/><AGARI ba="1,0" hai="100,101,128,129,130" m="34859,58759,44071" machi="129" ten="30,7700,0" yaku="19,1,34,2,54,1" doraHai="28" who="3" fromWho="0" sc="256,-80,323,0,273,0,148,80" /><INIT seed="5,0,0,1,0,113" ten="176,323,273,228" oya="1" hai0="125,56,66,48,27,126,28,26,7,116,65,16,77" hai1="12,127,105,128,45,22,1,94,11,117,88,79,108" hai2="135,15,47,100,134,112,106,82,92,31,25,64,58" hai3="70,18,69,40,29,53,107,10,96,71,133,123,21"/><U5/><E105/><V73/><F106/><W109/><G123/><T87/><D7/><U9/><E128/><V39/><F112/><W111/><G133/><T20/><D116/><U38/><E127/><N who="0" m="48649" /><D77/><U44/><E117/><V13/><F82/><W37/><G29/><T55/><D87/><U49/><E108/><V102/><F73/><W0/><G0/><T104/><D104/><U89/><E79/><V130/><F130/><W4/><G107/><T52/><D55/><U103/><E22/><AGARI ba="0,0" hai="16,20,22,26,27,28,48,52,56,65,66" m="48649" machi="22" ten="30,3900,0" yaku="18,1,54,2" doraHai="113" who="0" fromWho="1" sc="176,39,323,-39,273,0,228,0" /><INIT seed="6,0,0,3,3,30" ten="215,284,273,228" oya="2" hai0="72,31,41,118,103,25,69,9,81,80,5,74,58" hai1="90,114,2,128,108,104,73,39,24,14,132,60,42" hai2="84,89,95,85,7,65,127,120,96,22,48,15,135" hai3="12,83,61,16,34,109,112,0,63,1,87,134,130"/><V94/><F127/><W23/><G109/><T68/><D118/><U110/><E90/><V125/><F125/><W32/><G130/><T43/><D103/><U4/><E14/><V78/><F135/><W59/><G134/><T70/><D58/><U50/><E50/><V37/><F37/><W66/><G112/><T56/><D56/><U102/><E132/><V115/><F115/><W45/><G45/><T38/><D38/><U126/><E126/><V40/><F65/><W53/><G0/><T54/><D54/><U35/><E60/><V28/><F120/><W121/><G1/><T18/><D18/><U8/><E73/><V55/><F40/><W97/><G97/><T100/><D100/><U49/><E49/><V119/><F119/><W117/><G117/><T29/><D5/><U13/><E13/><V86/><F28/><N who="0" m="10826" /><D25/><U67/><E24/><V19/><F7/><W62/><G121/><T88/><D88/><U91/><E91/><N who="2" m="55423" /><F78/><W105/><G105/><T10/><D43/><U93/><E42/><V6/><F6/><W131/><G131/><T36/><D41/><U116/><E39/><V107/><F107/><W75/><G75/><N who="0" m="28715" /><D36/><U92/><E104/><V113/><F113/><W27/><G27/><T52/><D52/><U47/><E114/><V79/><F79/><N who="3" m="46591" /><G66/><T51/><D51/><U26/><E67/><V82/><F82/><AGARI ba="0,0" hai="9,10,68,69,70,80,81,82" m="28715,10826" machi="82" ten="40,2600,0" yaku="28,2" doraHai="30" who="0" fromWho="2" sc="215,26,284,0,273,-26,228,0" /><INIT seed="7,0,0,3,5,62" ten="241,284,247,228" oya="3" hai0="87,1,56,84,90,131,112,29,22,101,21,50,43" hai1="38,129,44,98,114,18,58,20,53,81,95,126,97" hai2="71,55,107,47,89,41,82,70,23,106,134,33,115" hai3="86,111,51,46,120,3,79,4,80,135,132,128,68"/><W127/><G120/><T103/><D1/><U113/><E129/><V88/><F33/><W105/><G128/><T32/><D32/><U34/><E34/><V7/><F7/><W96/><G127/><T60/><D131/><U15/><E126/><V35/><F35/><W110/><G68/><T52/><D112/><N who="1" m="43115" /><E81/><V11/><F115/><W118/><G118/><T9/><D9/><U31/><E31/><V12/><F23/><N who="0" m="8714" /><D29/><U16/><E18/><V39/><F71/><W19/><G19/><T122/><D122/><U108/><E108/><N who="3" m="41514" /><G3/><T57/><D43/><N who="1" m="22647" /><E95/><V17/><F106/><W74/><G4/><T24/><D24/><U123/><E123/><V6/><F6/><W66/><G74/><T130/><D130/><U73/><E73/><V78/><F107/><W100/><G66/><N who="0" m="39183" /><D87/><U104/><E104/><V64/><F55/><AGARI ba="0,0" hai="46,51,55,79,80,86,96,100,105,132,135" m="41514" machi="55" ten="30,1500,0" yaku="10,1" doraHai="62" who="3" fromWho="2" sc="241,0,284,0,247,-15,228,15" /><INIT seed="7,1,0,0,4,70" ten="241,284,232,243" oya="3" hai0="112,49,36,19,99,59,37,96,31,62,68,117,124" hai1="61,97,120,55,91,123,79,3,10,88,121,116,41" hai2="95,58,53,108,129,101,103,8,45,82,133,42,47" hai3="118,128,5,46,76,40,7,71,73,111,32,6,77"/><W78/><G118/><T107/><D117/><U113/><E116/><V90/><F108/><W94/><G128/><T87/><D112/><U84/><E113/><V106/><F129/><W51/><G111/><T125/><D31/><U98/><E41/><V13/><F133/><W17/><G71/><T39/><D19/><U14/><E3/><V72/><F106/><W11/><G32/><T64/><D87/><U63/><E79/><V2/><F2/><W80/><G11/><T81/><D81/><U22/><E22/><V105/><F105/><W109/><G109/><T135/><D135/><U69/><E63/><V110/><F82/><W4/><G4/><T57/><D107/><U30/><E30/><V38/><F47/><W83/><G73/><T34/><D34/><U50/><E61/><V43/><F43/><W21/><REACH who="3" step="1"/><G94/><REACH who="3" ten="241,284,232,233" step="2"/><T134/><D134/><U28/><E69/><V89/><F72/><W75/><G75/><T65/><D68/><U44/><E10/><V1/><F110/><W26/><AGARI ba="1,1" hai="5,6,7,17,21,26,40,46,51,76,77,78,80,83" machi="26" ten="30,11700,0" yaku="1,1,0,1,8,1,53,1" doraHai="70" doraHaiUra="23" who="3" fromWho="3" sc="241,-40,284,-40,232,-40,233,130" owari="201,-20.0,244,4.0,192,-31.0,363,47.0" /></mjloggm>