<mjloggm ver="2.3"><GO type="185" lobby="0"/><UN n0="%E5%A4%9A%E6%9E%97%E6%99%8B" n1="%E3%81%BE%E3%81%A3%E3%81%97%E3%83%BC" n2="%E3%81%B5%E3%81%96%E3%81%91%E3%82%8B%E3%83%9F%EF%BC%81" n3="" dan="16,17,17,0" rate="2204.92,2255.34,2220.68,1500.00" sx="M,F,M,C"/><TAIKYOKU oya="0"/><INIT seed="0,0,0,3,2,69" ten="350,350,350,0" oya="0" hai0="70,125,112,45,90,2,132,38,74,77,123,101,92" hai1="98,108,34,61,3,118,94,120,81,57,56,80,63" hai2="87,33,119,66,39,53,134,135,72,105,1,71,55" hai3=""/><T64/><N who="0" m="31520" /><T131/><D2/><U62/><N who="1" m="30752" /><U60/><E3/><V49/><F87/><T75/><D112/><U52/><E34/><V79/><F79/><T113/><D113/><U43/><E118/><V0/><F49/><T84/><D131/><U67/><E108/><V36/><F66/><T86/><D132/><U130/><E130/><V85/><F85/><T78/><D125/><U107/><E107/><V129/><F55/><T88/><D101/><U40/><E57/><V37/><F53/><T133/><D133/><U83/><E67/><V122/><F39/><T93/><D70/><U41/><E41/><V32/><F32/><T91/><D64/><U65/><E65/><V124/><F134/><T54/><D91/><AGARI ba="0,0" hai="40,43,52,56,60,61,62,63,80,81,83,91,94,98" m="30752" machi="91" ten="40,5200,0" yaku="8,1,52,1,54,1" doraHai="69" who="1" fromWho="0" sc="350,-52,350,52,350,0,0,0" /><INIT seed="1,0,0,4,2,49" ten="298,402,350,0" oya="1" hai0="95,96,128,112,115,106,55,87,129,52,78,60,50" hai1="91,81,42,51,114,120,54,70,105,40,127,62,135" hai2="116,123,63,102,58,45,43,1,38,76,89,90,66" hai3=""/><U122/><N who="1" m="30752" /><U33/><N who="1" m="31264" /><U68/><E33/><V74/><N who="2" m="31520" /><V82/><F116/><T35/><D35/><U79/><E105/><V34/><F1/><T77/><D106/><U44/><E114/><V104/><F34/><T88/><D115/><U41/><E135/><V85/><F104/><T48/><D60/><U67/><E127/><V118/><F118/><T93/><D112/><U3/><E3/><V109/><F102/><T69/><D69/><U97/><E68/><V86/><F109/><T92/><D95/><U108/><E108/><V84/><AGARI ba="0,0" hai="38,43,45,58,63,66,74,76,82,84,85,86,89,90" m="31520" machi="84" ten="30,1500,0" yaku="0,1,52,1" doraHai="49" who="2" fromWho="2" sc="298,-5,402,-10,350,15,0,0" /><INIT seed="2,0,0,3,5,42" ten="293,392,365,0" oya="2" hai0="131,69,122,115,88,43,60,78,101,100,91,48,85" hai1="130,2,119,105,45,59,71,75,58,116,111,134,113" hai2="120,127,56,114,1,54,124,108,128,104,32,89,51" hai3=""/><V99/><F1/><T61/><N who="0" m="31264" /><T55/><D131/><U94/><E75/><V102/><N who="2" m="30752" /><V90/><F32/><T81/><D115/><U106/><E71/><V72/><F114/><T3/><D3/><U63/><E113/><V79/><F128/><T57/><D69/><U67/><E130/><V92/><F108/><T46/><D60/><U135/><E2/><V121/><N who="2" m="31008" /><V133/><F133/><N who="1" m="50697" /><E111/><V83/><REACH who="2" step="1"/><F89/><AGARI ba="0,0" hai="43,46,48,55,57,61,78,81,85,88,89,91,100,101" m="31264" machi="89" ten="40,8000,1" yaku="8,1,52,2,54,1" doraHai="42" who="0" fromWho="2" sc="293,80,392,0,365,-80,0,0" /><INIT seed="4,0,0,3,0,60" ten="373,392,285,0" oya="0" hai0="119,83,50,39,41,80,85,53,124,63,62,127,52" hai1="47,59,109,67,3,64,102,116,61,97,130,78,36" hai2="117,35,115,106,34,51,46,0,101,94,100,110,73" hai3=""/><T74/><D119/><U105/><E3/><V129/><F110/><T131/><D131/><U112/><E116/><V58/><F0/><T92/><D92/><U2/><E2/><V54/><F117/><T44/><D74/><U93/><E109/><V125/><F106/><T79/><D83/><U45/><E130/><V77/><F129/><T107/><D107/><U111/><E111/><V128/><F128/><T90/><D79/><U68/><E112/><V103/><F125/><N who="0" m="48202" /><D53/><U71/><E78/><V82/><F115/><T135/><D135/><U49/><E105/><V96/><F34/><T42/><D41/><U113/><E113/><V98/><F35/><T70/><D70/><U108/><E108/><V133/><F98/><T55/><D55/><U66/><E71/><V56/><F133/><T87/><D87/><U123/><N who="1" m="31520" /><U126/><E68/><V104/><F104/><T1/><D1/><U134/><E134/><V99/><F99/><T95/><D95/><U89/><E126/><V33/><F33/><T57/><AGARI ba="0,0" hai="39,42,44,50,52,57,62,63,80,85,90" m="48202" machi="57" ten="30,2000,0" yaku="18,1,54,1" doraHai="60" who="0" fromWho="0" sc="373,20,392,-10,285,-10,0,0" /><INIT seed="4,1,0,0,1,33" ten="393,382,275,0" oya="0" hai0="112,128,110,45,46,35,51,53,56,106,73,41,111" hai1="83,129,88,95,55,74,84,109,1,100,61,49,87" hai2="101,39,3,48,72,126,59,70,125,58,65,91,94" hai3=""/><T92/><D35/><U108/><E129/><V133/><F72/><T77/><D106/><U67/><E74/><V123/><N who="2" m="31520" /><V102/><F39/><T75/><D128/><U78/><E100/><V113/><F113/><T2/><D112/><U99/><E1/><V103/><F133/><T69/><D69/><U38/><E38/><V82/><F82/><T115/><D115/><U60/><E99/><V96/><F3/><T43/><D92/><U64/><E61/><V40/><F70/><T71/><D71/><U104/><E104/><V85/><F96/><T42/><D2/><U54/><E54/><V122/><N who="2" m="31264" /><V135/><F135/><T121/><N who="0" m="31008" /><T97/><D97/><U32/><E32/><V93/><F93/><T130/><D130/><U116/><E116/><V132/><F132/><T117/><D117/><U57/><REACH who="1" step="1"/><E67/><REACH who="1" ten="393,372,275,0" step="2"/><V90/><F65/><T36/><D36/><U114/><E114/><V134/><F134/><T120/><N who="0" m="30752" /><T127/><D75/><U44/><AGARI ba="1,1" hai="44,49,55,57,60,64,78,83,84,87,88,95,108,109" machi="44" ten="20,3900,0" yaku="1,1,0,1,7,1,54,1,53,0" doraHai="33" doraHaiUra="34" who="1" fromWho="1" sc="393,-27,372,51,275,-14,0,0" /><INIT seed="5,0,0,0,5,105" ten="366,423,261,0" oya="1" hai0="57,3,97,36,51,111,65,117,47,86,130,70,42" hai1="92,80,84,40,75,90,109,68,135,60,120,56,83" hai2="64,82,87,45,38,74,49,88,46,77,95,123,110" hai3=""/><U48/><N who="1" m="30752" /><U0/><E0/><V99/><N who="2" m="31520" /><V39/><F110/><T104/><D111/><U103/><E109/><V119/><F119/><T78/><D3/><U1/><E1/><V129/><F129/><T76/><D130/><U41/><E68/><V106/><F64/><T43/><D117/><U91/><E135/><V107/><F46/><T116/><D43/><U125/><E125/><V58/><F58/><T100/><D116/><U98/><E48/><V108/><F108/><T59/><D86/><U115/><E115/><V101/><REACH who="2" step="1"/><F107/><REACH who="2" ten="366,423,251,0" step="2"/><T34/><D59/><U37/><E37/><V102/><F102/><T44/><D47/><U89/><E103/><V66/><F66/><T134/><D70/><U93/><E56/><V131/><F131/><T122/><N who="0" m="31264" /><T50/><D65/><U32/><E93/><V94/><F94/><T124/><D57/><U54/><E92/><V121/><N who="2" m="31008" /><V114/><F114/><T85/><D36/><U71/><E71/><V62/><F62/><T67/><D67/><U127/><E60/><V35/><F35/><T118/><D34/><U126/><E32/><V133/><F133/><T73/><D134/><U61/><E61/><V53/><AGARI ba="0,1" hai="38,39,45,49,53,74,77,82,87,88,95,99,101,106" m="31008,31520" machi="53" ten="20,12000,3" yaku="1,1,0,1,7,1,24,2,52,3,54,1,53,0" doraHai="105" doraHaiUra="2" who="2" fromWho="2" sc="366,-40,423,-80,251,130,0,0" /><INIT seed="6,0,0,4,2,48" ten="326,343,381,0" oya="2" hai0="124,133,64,129,81,47,89,123,108,32,114,100,66" hai1="72,62,134,109,58,85,45,42,106,43,117,98,59" hai2="122,107,130,93,102,34,3,113,35,46,63,74,82" hai3=""/><V112/><N who="2" m="31264" /><V121/><N who="2" m="31008" /><V90/><F130/><T67/><N who="0" m="31520" /><T118/><D32/><U51/><E72/><V70/><F3/><T83/><D129/><U33/><E109/><V101/><F46/><T75/><D108/><U116/><E33/><V94/><F94/><T57/><D118/><U128/><E128/><V96/><F102/><T78/><D124/><U88/><E134/><V71/><F34/><T41/><D133/><U119/><E42/><V120/><N who="2" m="30752" /><V44/><F44/><T115/><D100/><U39/><E98/><V60/><F60/><T53/><D89/><U61/><E106/><V111/><F35/><T99/><D83/><U87/><E39/><V110/><F110/><T103/><D99/><U95/><E87/><V132/><F132/><T36/><REACH who="0" step="1"/><D103/><REACH who="0" ten="316,343,381,0" step="2"/><U80/><E80/><V54/><F111/><T79/><D79/><U65/><REACH who="1" step="1"/><E117/><REACH who="1" ten="316,333,381,0" step="2"/><V50/><F82/><T2/><D2/><U52/><AGARI ba="0,2" hai="43,45,51,52,58,59,61,62,65,85,88,95,116,119" machi="52" ten="30,9000,2" yaku="1,1,2,1,0,1,52,1,54,2,53,0" doraHai="48" doraHaiUra="97" who="1" fromWho="1" sc="316,-30,333,110,381,-60,0,0" owari="286,-31.0,443,39.0,321,-8.0,0,0.0" /></mjloggm>