<mjloggm ver="2.3"><GO type="185" lobby="0"/><UN n0="%E3%81%AE%E3%83%BC%E3%81%97" n1="%E4%BD%90%E8%97%A4%E7%BE%8E%E5%92%8C%E5%AD%90" n2="%E3%82%8A%E3%82%80%E3%82%8B" n3="" dan="18,16,16,0" rate="2288.60,2144.07,2154.27,1500.00" sx="M,M,M,C"/><TAIKYOKU oya="0"/><INIT seed="0,0,0,0,5,78" ten="350,350,350,0" oya="0" hai0="129,51,55,86,103,33,84,122,57,54,64,114,110" hai1="61,109,102,112,133,93,97,32,75,134,67,52,35" hai2="44,104,3,83,42,90,63,72,120,66,128,45,65" hai3=""/><T37/><N who="0" m="31264" /><T95/><D33/><U80/><E109/><V126/><N who="2" m="30752" /><V36/><F3/><T94/><D37/><U106/><E112/><V47/><F126/><T34/><D34/><U48/><E93/><V121/><N who="2" m="31008" /><V96/><F128/><T125/><D114/><U69/><E75/><V111/><F111/><T0/><D0/><U53/><E53/><V119/><F119/><T82/><D125/><U1/><E1/><V131/><F131/><T71/><D129/><U46/><REACH who="1" step="1"/><E80/><REACH who="1" ten="350,340,350,0" step="2"/><V113/><F113/><T101/><D110/><U49/><E49/><V91/><F104/><T108/><D108/><U40/><E40/><V38/><F42/><T41/><D41/><U116/><E116/><V76/><F66/><T74/><D74/><U59/><E59/><V130/><F130/><T60/><D54/><U39/><E39/><V107/><F36/><T92/><REACH who="0" step="1"/><D82/><REACH who="0" ten="340,340,350,0" step="2"/><U43/><E43/><V115/><F38/><T118/><D118/><U73/><E73/><V127/><F115/><T79/><D79/><U85/><E85/><AGARI ba="0,2" hai="51,55,57,60,64,71,84,85,86,92,94,95,101,103" m="31264" machi="85" ten="40,12000,1" yaku="1,1,52,1,53,3" doraHai="78" doraHaiUra="81" who="0" fromWho="1" sc="340,140,340,-120,350,0,0,0" /><INIT seed="0,1,0,5,2,81" ten="480,220,350,0" oya="0" hai0="63,62,105,79,70,118,133,124,119,35,94,98,91" hai1="78,90,83,36,1,3,32,108,57,131,97,134,61" hai2="71,59,0,126,100,116,89,68,123,93,87,74,56" hai3=""/><T48/><D35/><U51/><E36/><V47/><N who="2" m="31520" /><V66/><F0/><T114/><D114/><U53/><E32/><V135/><F135/><T67/><D133/><U106/><E134/><V102/><F126/><T34/><D34/><U64/><E108/><V115/><F115/><T112/><D112/><U54/><E54/><V107/><F74/><T77/><D124/><U111/><E111/><V122/><N who="2" m="31264" /><V55/><F116/><T2/><D2/><U109/><E109/><V73/><F73/><T72/><D105/><U33/><E33/><V101/><F107/><T40/><D63/><U41/><E41/><V132/><F132/><T130/><D130/><U42/><E42/><V49/><REACH who="2" step="1"/><F66/><REACH who="2" ten="480,220,340,0" step="2"/><T121/><N who="0" m="31008" /><T58/><D72/><U95/><E106/><V125/><F125/><T84/><D118/><U75/><REACH who="1" step="1"/><E131/><REACH who="1" ten="480,210,340,0" step="2"/><V37/><F37/><T80/><D119/><U120/><N who="1" m="30752" /><U60/><E60/><V96/><F96/><T86/><D98/><U52/><E52/><V44/><F44/><AGARI ba="1,2" hai="1,3,44,51,53,57,61,64,75,78,83,90,95,97" m="30752" machi="44" ten="30,7700,0" yaku="1,1,7,1,52,1,53,1" doraHai="81" doraHaiUra="46" who="1" fromWho="2" sc="480,0,210,99,340,-79,0,0" /><INIT seed="1,0,0,4,1,54" ten="480,309,261,0" oya="1" hai0="38,34,128,45,43,132,57,104,114,127,81,135,121" hai1="70,41,77,117,60,68,130,90,98,32,115,36,108" hai2="71,78,120,84,69,95,79,75,1,85,53,62,58" hai3=""/><U102/><E115/><V50/><N who="2" m="30752" /><V88/><F1/><T133/><N who="0" m="31008" /><T59/><D104/><U35/><E117/><V52/><F84/><T47/><D34/><U124/><E77/><V86/><F86/><T116/><D116/><U72/><E72/><V100/><F100/><T94/><D114/><U64/><E70/><V113/><F113/><T48/><D128/><U110/><E130/><V33/><F33/><N who="1" m="12873" /><E90/><V89/><F89/><T101/><D81/><U46/><E124/><V42/><F42/><T82/><D82/><U112/><E112/><V97/><F75/><T96/><D127/><U93/><E93/><V2/><F2/><T0/><D0/><U49/><E49/><V65/><F71/><T134/><N who="0" m="33792" /><DORA hai="131" /><T118/><D118/><U106/><AGARI ba="0,0" hai="36,41,46,60,64,68,98,102,106,108,110" m="12873" machi="106" ten="30,1000,0" yaku="23,1" doraHai="54,131" who="1" fromWho="1" sc="480,-5,309,10,261,-5,0,0" /><INIT seed="1,1,0,2,1,67" ten="475,319,256,0" oya="1" hai0="121,63,96,94,105,76,91,41,125,0,118,40,60" hai1="37,80,119,47,50,115,32,88,83,58,130,123,134" hai2="90,99,59,97,116,126,98,124,117,56,57,61,52" hai3=""/><U114/><N who="1" m="31520" /><U36/><E119/><V103/><F103/><T71/><N who="0" m="31008" /><T77/><D0/><U55/><E32/><V93/><F116/><T101/><D118/><U108/><E130/><V89/><F117/><T65/><D125/><N who="2" m="48234" /><F90/><T62/><D62/><U110/><E134/><V87/><AGARI ba="1,0" hai="52,56,57,59,61,87,89,93,97,98,99" m="48234" machi="87" ten="30,1500,0" yaku="18,1,54,1" doraHai="67" who="2" fromWho="2" sc="475,-6,319,-11,256,17,0,0" /><INIT seed="2,0,0,4,2,60" ten="469,308,273,0" oya="2" hai0="105,123,135,93,92,91,84,57,89,33,51,68,75" hai1="117,71,104,119,39,95,46,65,58,131,126,37,111" hai2="1,113,79,133,116,2,101,59,61,3,56,134,107" hai3=""/><V0/><N who="2" m="0" /><DORA hai="32" /><V34/><F34/><T120/><N who="0" m="30752" /><T80/><N who="0" m="31520" /><T72/><D33/><U41/><E104/><V108/><F113/><T64/><D105/><U48/><E111/><V38/><F116/><N who="1" m="44617" /><E131/><V103/><F108/><T90/><D68/><U97/><E71/><V130/><F130/><T110/><D135/><N who="2" m="51722" /><F38/><T63/><D51/><U74/><E74/><V35/><F35/><T78/><D110/><U52/><E126/><V40/><F40/><T127/><D127/><U129/><E129/><V83/><F107/><T125/><D125/><U76/><E76/><V122/><N who="2" m="31264" /><V94/><F94/><T118/><D118/><U128/><E128/><V109/><F109/><T86/><D75/><U106/><E106/><V69/><F69/><T45/><D45/><U98/><E95/><V66/><F56/><T43/><D43/><U77/><E41/><V49/><F49/><T81/><D93/><U50/><E50/><V99/><F99/><T36/><D36/><U121/><E39/><V85/><AGARI ba="0,0" hai="59,61,66,79,83,85,101,103" m="31264,51722,0" machi="85" ten="60,12000,2" yaku="20,1,52,6" doraHai="60,32" who="2" fromWho="2" sc="469,-60,308,-60,273,120,0,0" /><INIT seed="2,1,0,1,0,114" ten="409,248,393,0" oya="2" hai0="42,122,112,66,81,109,84,106,48,123,73,49,98" hai1="40,92,43,78,85,94,0,86,103,62,59,38,60" hai2="68,117,118,45,90,54,125,104,95,108,35,93,124" hai3=""/><V58/><F35/><T88/><N who="0" m="31264" /><T128/><N who="0" m="31520" /><T47/><D112/><U79/><E38/><V67/><F104/><T121/><N who="0" m="31008" /><T105/><D128/><U74/><E74/><V87/><F108/><T126/><D109/><U133/><E59/><V102/><F45/><T119/><D119/><U80/><E80/><V64/><F117/><T110/><D110/><U65/><E65/><V77/><F77/><T41/><D66/><U97/><E97/><V129/><F129/><T55/><D73/><U52/><E103/><V76/><F76/><T132/><D132/><U75/><E75/><V39/><F39/><T56/><D126/><N who="2" m="48746" /><F118/><T101/><REACH who="0" step="1"/><D105/><REACH who="0" ten="399,248,393,0" step="2"/><U130/><E133/><V2/><F2/><T116/><D116/><U37/><E130/><V44/><F67/><T100/><D100/><U53/><E37/><V72/><F72/><T51/><D51/><U83/><E0/><V107/><F107/><T50/><D50/><U120/><N who="1" m="30752" /><U134/><E134/><V46/><F64/><T3/><D3/><U82/><AGARI ba="1,1" hai="40,43,52,53,60,62,78,79,82,83,85,86,92,94" m="30752" machi="82" ten="25,9000,2" yaku="0,1,22,2,8,1,52,1,54,1" doraHai="114" who="1" fromWho="1" sc="399,-31,248,102,393,-61,0,0" /><INIT seed="4,0,0,1,3,37" ten="368,350,332,0" oya="0" hai0="45,110,84,109,54,82,106,105,47,115,66,131,114" hai1="80,75,57,98,101,93,40,65,59,72,117,129,50" hai2="128,71,52,102,86,49,73,130,3,70,63,104,58" hai3=""/><T36/><D66/><U68/><E117/><V111/><F111/><N who="0" m="42506" /><D54/><U96/><E129/><N who="2" m="49771" /><F73/><T107/><D131/><U123/><N who="1" m="31520" /><U119/><E119/><V60/><F3/><T103/><D103/><U85/><E68/><N who="2" m="26155" /><F86/><T94/><D94/><U118/><E118/><V135/><F135/><T90/><D36/><U97/><E93/><V92/><F92/><T76/><D76/><U0/><E101/><V83/><F83/><T55/><D55/><U88/><E0/><V79/><F79/><T35/><D35/><U126/><E80/><V41/><F102/><T113/><AGARI ba="0,0" hai="45,47,82,84,90,105,106,107,113,114,115" m="42506" machi="113" ten="50,3200,0" yaku="15,1,10,1" doraHai="37" who="0" fromWho="0" sc="368,32,350,-16,332,-16,0,0" /><INIT seed="4,1,0,3,1,39" ten="400,334,316,0" oya="0" hai0="75,107,124,111,133,57,103,68,47,127,81,97,129" hai1="41,98,3,116,37,73,85,115,76,64,42,86,114" hai2="125,92,74,58,38,54,90,53,91,66,89,83,50" hai3=""/><T87/><D68/><U120/><N who="1" m="30752" /><U43/><E116/><V122/><N who="2" m="31264" /><V67/><F125/><N who="0" m="48202" /><D57/><U130/><E3/><V105/><F105/><T62/><D62/><U49/><E37/><V88/><F38/><T61/><D61/><U82/><E130/><V1/><F1/><T135/><D47/><U52/><E98/><V112/><F112/><N who="1" m="43049" /><E64/><V119/><F119/><T106/><D129/><U118/><E118/><V109/><F109/><T78/><D107/><U72/><E72/><V99/><REACH who="2" step="1"/><F54/><REACH who="2" ten="400,334,306,0" step="2"/><T44/><D111/><U117/><E117/><V84/><F84/><T102/><D75/><U101/><E101/><V40/><F40/><T69/><D103/><U128/><E128/><V93/><F93/><T108/><D108/><U80/><E80/><V45/><F45/><AGARI ba="1,1" hai="41,42,43,45,49,52,73,76,82,85,86" m="43049,30752" machi="45" ten="30,12000,2" yaku="15,1,11,1,52,4,54,1" doraHai="39" who="1" fromWho="2" sc="400,0,334,132,306,-122,0,0" /><INIT seed="5,0,0,5,4,36" ten="400,466,184,0" oya="1" hai0="74,47,101,79,135,84,91,67,2,129,113,98,73" hai1="99,117,122,90,63,0,61,111,43,105,83,3,127" hai2="49,65,32,110,134,133,124,100,54,46,76,89,33" hai3=""/><U50/><N who="1" m="31264" /><U121/><N who="1" m="31008" /><U112/><E117/><V48/><F110/><T120/><N who="0" m="30752" /><T86/><D2/><U88/><E111/><V125/><F100/><T62/><D47/><U1/><E112/><V60/><F76/><T37/><D37/><U64/><E127/><N who="2" m="48715" /><F89/><T118/><D113/><U72/><E63/><V119/><F119/><T71/><D118/><U70/><E72/><V96/><F96/><T41/><D74/><U53/><E43/><V107/><F107/><T35/><D41/><U116/><E116/><V108/><F108/><T56/><D35/><N who="2" m="13386" /><F49/><T126/><D126/><U128/><E83/><V68/><AGARI ba="0,0" hai="46,48,54,60,65,68,133,134" m="13386,48715" machi="68" ten="40,1100,0" yaku="18,1" doraHai="36" who="2" fromWho="2" sc="400,-4,466,-7,184,11,0,0" /><INIT seed="6,0,0,5,5,96" ten="396,459,195,0" oya="2" hai0="59,65,130,134,40,124,110,70,102,54,48,108,32" hai1="123,127,41,115,135,119,94,122,47,129,57,36,126" hai2="120,44,107,112,103,0,72,1,34,105,106,77,66" hai3=""/><V99/><N who="2" m="30752" /><V68/><F34/><T121/><N who="0" m="31008" /><T98/><D32/><U75/><N who="1" m="31264" /><U55/><N who="1" m="31520" /><U91/><E75/><V33/><F33/><T116/><D116/><U85/><E119/><V84/><F112/><T67/><D134/><U56/><E115/><V62/><F84/><T42/><D130/><U89/><E129/><V79/><F44/><T37/><D124/><N who="1" m="47659" /><E135/><V43/><F43/><T95/><D42/><U51/><E91/><V100/><F79/><T87/><D87/><U118/><E118/><V125/><F125/><T93/><D93/><U49/><E57/><V81/><REACH who="2" step="1"/><F103/><REACH who="2" ten="396,459,185,0" step="2"/><T86/><D86/><U61/><AGARI ba="0,1" hai="36,41,47,49,51,55,56,61,85,89,94" m="47659,31520,31264" machi="61" ten="30,3000,0" yaku="18,1,52,2" doraHai="96" who="1" fromWho="1" sc="396,-10,459,40,185,-20,0,0" owari="386,-1.0,499,44.0,165,-43.0,0,0.0" /></mjloggm>