<mjloggm ver="2.3"><GO type="169" lobby="0"/><UN n0="%6B%75%72%6F%35%35%36%36" n1="%E7%89%8C%E6%B5%81%E5%AE%9A%E7%9F%B3%E6%9C%80%E9%AB%98" n2="%E5%8F%A4%E6%9C%AC" n3="%41%4D%41%4C%49%41" dan="16,16,16,16" rate="2099.91,2128.09,2060.31,2093.11" sx="M,M,M,M"/><TAIKYOKU oya="0"/><INIT seed="0,0,0,1,1,125" ten="250,250,250,250" oya="0" hai0="103,58,135,24,134,109,114,86,122,16,19,91,90" hai1="18,104,123,100,108,75,83,107,5,44,23,132,65" hai2="7,113,6,81,40,2,73,124,43,37,76,13,106" hai3="88,93,72,121,8,30,133,128,129,3,46,120,42"/><T25/><D103/><U126/><E123/><N who="3" m="47178" /><G133/><N who="0" m="50699" /><D122/><U102/><E65/><V59/><F106/><W28/><G72/><T80/><D114/><U51/><E5/><V63/><F113/><W101/><G101/><T62/><D91/><U49/><E126/><V50/><F124/><W115/><G115/><T66/><D109/><U96/><E108/><V20/><F37/><N who="3" m="21839" /><G3/><T11/><D19/><U32/><E32/><V47/><F2/><W22/><G8/><T39/><D39/><U52/><E132/><V33/><F33/><W95/><G95/><T77/><D90/><U27/><E49/><V15/><F43/><W45/><G45/><T9/><D9/><U131/><E83/><V57/><F73/><W98/><G30/><T99/><D99/><U79/><E75/><V55/><F81/><W54/><G54/><T74/><D74/><U112/><E112/><V130/><F55/><W116/><G116/><T56/><D56/><U117/><E117/><V35/><F57/><W97/><G97/><T53/><D53/><U87/><E102/><V94/><F59/><W41/><G41/><T61/><D61/><U14/><E107/><V21/><F63/><W10/><G10/><T31/><D31/><U48/><E100/><V29/><F40/><W1/><G1/><T36/><D36/><U0/><E0/><V69/><F29/><W89/><G89/><T71/><D58/><N who="1" m="33031" /><E96/><V34/><F47/><W17/><G28/><T127/><D127/><U118/><E104/><V110/><F110/><W67/><G67/><T92/><D92/><U82/><E118/><V38/><F94/><RYUUKYOKU ba="0,0" sc="250,15,250,-15,250,-15,250,15" hai0="11,16,24,25,62,66,71,77,80,86" hai3="17,22,88,93,98,128,129" /><INIT seed="0,1,0,4,1,81" ten="265,235,235,265" oya="0" hai0="131,71,83,104,112,91,26,44,53,126,58,70,31" hai1="29,76,54,102,98,39,23,65,75,38,132,68,87" hai2="78,120,14,124,69,121,60,40,133,113,46,55,10" hai3="119,19,1,128,74,103,16,20,111,6,100,12,37"/><T15/><D112/><U36/><E132/><V59/><F113/><W99/><G119/><T114/><D114/><U122/><E122/><V13/><F133/><W85/><G74/><T109/><D104/><U123/><E123/><V66/><F124/><W90/><G37/><T43/><D126/><U47/><E75/><V21/><F21/><W63/><G1/><T96/><D131/><U105/><E65/><V73/><F73/><W84/><G111/><T2/><D2/><U82/><E68/><V56/><F56/><W97/><G6/><T107/><D15/><U7/><E7/><V34/><F34/><W49/><G63/><T89/><D109/><U77/><E29/><V67/><F67/><W50/><G128/><T130/><D130/><U117/><E23/><V35/><F35/><W127/><G90/><T115/><D115/><U106/><E117/><V101/><F101/><N who="3" m="38987" /><G19/><T41/><D107/><U24/><E24/><V135/><F78/><W52/><G127/><T118/><D118/><U62/><E106/><V28/><F28/><W30/><G30/><T25/><D71/><U64/><E76/><V42/><F135/><W92/><G50/><N who="0" m="31031" /><D70/><N who="1" m="42263" /><E39/><V95/><F121/><W129/><G129/><T4/><D4/><U0/><E0/><V11/><F120/><W32/><G32/><T33/><D26/><U22/><E22/><V86/><F69/><W108/><G108/><T116/><D116/><U48/><E38/><V57/><F10/><W93/><G93/><N who="0" m="56367" /><D44/><N who="1" m="27911" /><E36/><V88/><F11/><W5/><G5/><T134/><D134/><U72/><E47/><V80/><F46/><RYUUKYOKU ba="1,0" sc="265,15,235,15,235,-15,265,-15" hai0="25,31,33,41,43,83,91" hai1="72,77,82,87,98,102,105" /><INIT seed="0,2,0,0,3,65" ten="280,250,220,250" oya="0" hai0="63,96,12,83,102,1,21,49,103,53,55,4,111" hai1="51,119,9,97,28,56,32,129,133,26,43,98,132" hai2="68,106,27,54,90,25,2,70,39,69,33,126,44" hai3="99,117,75,59,105,100,35,74,78,85,94,14,80"/><T61/><D1/><U118/><E9/><V86/><F2/><W84/><G35/><T13/><D111/><U110/><E110/><V11/><F106/><W120/><G117/><T45/><D83/><U42/><E56/><V82/><F126/><W30/><G30/><T38/><D38/><U91/><E129/><V62/><F33/><W92/><G59/><T3/><D3/><U19/><E19/><V37/><F11/><W36/><G14/><T87/><D87/><U104/><E91/><V66/><F54/><W64/><G64/><T77/><D77/><U22/><E22/><V5/><F5/><W50/><G50/><N who="0" m="28879" /><D4/><U29/><E29/><V46/><F39/><W95/><G36/><T115/><D115/><U93/><E104/><V121/><F121/><W48/><G48/><T47/><D12/><U71/><E51/><V76/><F76/><W113/><G113/><T67/><D96/><U57/><E57/><V58/><REACH who="2" step="1"/><F46/><REACH who="2" ten="280,250,210,250" step="2"/><W88/><G120/><T41/><D55/><U23/><E32/><V114/><F114/><W130/><G130/><T6/><D6/><U24/><E119/><V107/><F107/><W122/><G122/><T79/><D79/><U81/><E118/><V40/><AGARI ba="2,1" hai="25,27,37,40,44,58,62,66,68,69,70,82,86,90" machi="40" ten="40,8000,1" yaku="1,1,0,1,52,3,53,0" doraHai="65" doraHaiUra="72" who="2" fromWho="2" sc="280,-42,250,-22,210,96,250,-22" /><INIT seed="1,0,0,4,3,54" ten="238,228,306,228" oya="1" hai0="82,103,68,37,98,79,89,19,115,85,111,131,117" hai1="42,130,84,2,41,104,88,51,64,58,8,102,3" hai2="87,118,108,60,52,24,62,121,23,114,38,5,21" hai3="132,93,22,123,59,56,36,109,116,75,15,16,39"/><U28/><E130/><V112/><F118/><W119/><G123/><T26/><D37/><U14/><E28/><V69/><F121/><W96/><G75/><T48/><D68/><U92/><E104/><V49/><F38/><N who="3" m="14379" /><G109/><T43/><D117/><N who="3" m="45129" /><G132/><T55/><D115/><N who="2" m="44074" /><F108/><W29/><G29/><T33/><D111/><U86/><E102/><AGARI ba="0,0" hai="15,16,22,56,59,93,96,102" m="45129,14379" machi="102" ten="30,7700,0" yaku="12,1,52,2,54,1" doraHai="54" who="3" fromWho="1" sc="238,0,228,-77,306,0,228,77" /><INIT seed="2,0,0,5,0,21" ten="238,151,306,305" oya="2" hai0="128,6,130,4,107,110,81,47,94,117,13,31,14" hai1="29,96,86,33,45,17,124,63,93,59,88,55,75" hai2="49,85,32,90,26,132,113,73,23,35,118,2,109" hai3="92,7,54,53,108,56,60,89,50,44,8,120,77"/><V80/><F118/><W84/><G108/><T69/><D107/><U102/><E124/><V5/><F113/><W82/><G120/><T57/><D69/><U79/><E17/><V51/><F109/><W27/><G27/><T28/><D110/><U111/><E111/><V72/><F132/><W46/><G46/><T101/><D47/><U16/><E16/><V134/><F134/><W103/><G103/><T122/><D81/><U127/><E127/><V76/><F73/><W11/><REACH who="3" step="1"/><G7/><REACH who="3" ten="238,151,306,295" step="2"/><T43/><D122/><U100/><E45/><V61/><F5/><W30/><G30/><T123/><D123/><U68/><E102/><V12/><F2/><W1/><G1/><T98/><D117/><U19/><E19/><V58/><F12/><W41/><G41/><T36/><D28/><U34/><E29/><V126/><F26/><W95/><G95/><T9/><D31/><U114/><E114/><V39/><F126/><W125/><G125/><T74/><D4/><U83/><REACH who="1" step="1"/><E68/><REACH who="1" ten="238,141,306,295" step="2"/><V22/><F35/><W20/><G20/><T38/><D101/><U129/><E129/><V64/><F32/><W99/><AGARI ba="0,2" hai="8,11,44,50,53,54,56,60,77,82,84,89,92,99" machi="99" ten="20,8000,1" yaku="1,1,0,1,7,1,8,1,53,1" doraHai="21" doraHaiUra="40" who="3" fromWho="3" sc="238,-20,141,-20,306,-40,295,100" /><INIT seed="3,0,0,5,3,106" ten="218,121,266,395" oya="3" hai0="59,33,55,119,63,3,0,4,68,29,49,60,70" hai1="69,81,93,92,127,118,111,91,103,77,80,133,31" hai2="113,78,100,64,110,87,37,50,96,130,109,8,9" hai3="23,5,1,42,114,90,52,22,98,76,105,21,56"/><W46/><G114/><T128/><D119/><U12/><E69/><V25/><F113/><W104/><G76/><T15/><D128/><U83/><E31/><V19/><F130/><W94/><G5/><T82/><D0/><U125/><E12/><V6/><F37/><W102/><G1/><T51/><D3/><U48/><E48/><V27/><F64/><W54/><G56/><T121/><D121/><U43/><E43/><V17/><F50/><W135/><G135/><T72/><D33/><U58/><E58/><V101/><F78/><W38/><REACH who="3" step="1"/><G105/><REACH who="3" ten="218,121,266,385" step="2"/><T84/><D4/><U95/><E133/><V35/><F6/><W40/><G40/><T115/><D115/><U86/><E118/><V88/><F109/><W34/><G34/><T13/><D59/><U61/><E111/><V124/><F110/><W41/><G41/><T32/><D32/><U24/><E77/><V16/><F35/><W18/><G18/><T75/><D68/><U74/><E127/><V122/><F124/><W108/><G108/><T107/><D70/><U99/><E125/><V112/><F112/><W10/><G10/><T62/><D107/><U89/><E61/><V2/><F2/><W28/><G28/><T66/><D29/><U117/><E117/><V97/><F122/><W71/><G71/><T134/><D134/><U39/><E39/><V132/><F132/><W126/><G126/><T57/><D66/><U7/><E7/><V11/><F11/><W73/><G73/><N who="0" m="28235" /><D49/><U129/><E74/><V47/><F8/><W30/><G30/><T131/><D131/><U116/><E129/><RYUUKYOKU ba="0,1" sc="218,15,121,-15,266,-15,385,15" hai0="13,15,51,55,57,60,62,63,82,84" hai3="21,22,23,38,42,46,52,54,90,94,98,102,104" /><INIT seed="3,1,1,5,0,126" ten="233,106,251,400" oya="3" hai0="20,130,104,67,100,88,101,96,135,57,91,114,77" hai1="42,102,89,83,131,71,13,23,124,116,35,51,26" hai2="73,72,39,22,8,7,31,117,107,12,0,75,108" hai3="120,60,58,122,64,3,74,113,134,37,27,125,9"/><W87/><G113/><T19/><D114/><U34/><E124/><V106/><F117/><W41/><G74/><T24/><D135/><U99/><E116/><V78/><F78/><W43/><G125/><T62/><D100/><U115/><E71/><V94/><F108/><W80/><G27/><T92/><D77/><U132/><E132/><V36/><F94/><W1/><G134/><T90/><REACH who="0" step="1"/><D130/><REACH who="0" ten="223,106,251,400" step="2"/><U103/><E115/><V109/><F109/><W84/><G122/><T29/><D29/><U48/><E131/><V40/><F31/><W54/><G120/><T82/><D82/><U85/><E103/><V11/><F107/><AGARI ba="1,2" hai="19,20,24,57,62,67,88,90,91,92,96,101,104,107" machi="107" ten="40,2600,0" yaku="1,1,54,1,53,0" doraHai="126" doraHaiUra="128" who="0" fromWho="2" sc="223,49,106,0,251,-29,400,0" /><INIT seed="4,0,0,3,1,75" ten="272,106,222,400" oya="0" hai0="111,131,84,108,46,130,64,121,45,28,67,125,56" hai1="53,68,92,97,4,112,21,94,5,52,51,117,42" hai2="58,10,109,11,113,39,103,59,101,129,8,3,40" hai3="6,110,60,25,116,17,78,102,70,18,38,69,63"/><T27/><D27/><U82/><E117/><V119/><F109/><N who="0" m="42058" /><D28/><U135/><E135/><V24/><F3/><W122/><G116/><T22/><D22/><U104/><E112/><V120/><F119/><W30/><G122/><T54/><D84/><U79/><E68/><V35/><F120/><W9/><G38/><T31/><D31/><U98/><E104/><V83/><F83/><W57/><G70/><T19/><D19/><U118/><E118/><V133/><F35/><W15/><G110/><T7/><D7/><N who="1" m="2635" /><E21/><V37/><F24/><W77/><G69/><T16/><D16/><N who="3" m="6249" /><G102/><T123/><D123/><U1/><E42/><V107/><F103/><W88/><G88/><T44/><D121/><U91/><E51/><V34/><F101/><W95/><G95/><T71/><D125/><U33/><E1/><V115/><F107/><W0/><G0/><T106/><D106/><U72/><E72/><V100/><F113/><W127/><G127/><T47/><N who="0" m="11776" /><DORA hai="74" /><T93/><D93/><U114/><E33/><V89/><F34/><W128/><G30/><T85/><D85/><N who="1" m="48351" /><E114/><V134/><F115/><W96/><G9/><T13/><D13/><U36/><E36/><V65/><F11/><W50/><G15/><T62/><D71/><U86/><E98/><V87/><F10/><W32/><G96/><T41/><D41/><U124/><E124/><V26/><F8/><W43/><G32/><T49/><D49/><U73/><E73/><V14/><F40/><W80/><G50/><T90/><D90/><AGARI ba="0,0" hai="52,53,86,90,91,92,94,97" m="48351,2635" machi="90" ten="30,7700,0" yaku="8,1,52,2,54,1" doraHai="75,74" who="1" fromWho="0" sc="272,-77,106,77,222,0,400,0" /><INIT seed="5,0,0,0,0,24" ten="195,183,222,400" oya="1" hai0="67,90,30,43,26,33,31,34,103,83,53,91,123" hai1="73,5,18,104,89,115,88,14,124,95,78,71,1" hai2="102,96,58,111,106,4,127,81,22,7,121,37,12" hai3="54,25,118,97,108,35,55,61,77,36,21,126,57"/><U56/><E115/><V15/><F121/><W17/><G108/><T99/><D123/><U110/><E110/><V63/><F111/><W117/><G126/><T85/><D43/><U3/><E124/><V50/><F37/><W40/><G35/><T49/><D67/><U9/><E104/><V135/><F127/><W119/><G77/><T62/><D62/><U114/><E114/><V128/><F135/><W0/><G0/><T2/><D2/><U29/><E71/><V76/><F128/><W28/><G17/><T80/><D103/><U6/><E29/><V23/><F50/><W79/><G79/><T84/><D99/><U46/><E56/><V60/><F63/><W16/><G16/><T48/><REACH who="0" step="1"/><D26/><REACH who="0" ten="185,183,222,400" step="2"/><U47/><E1/><V93/><F96/><W130/><G97/><T70/><D70/><U45/><E3/><V82/><F102/><W129/><G55/><AGARI ba="0,1" hai="30,31,33,34,48,49,53,55,80,83,84,85,90,91" machi="55" ten="25,8000,1" yaku="1,1,22,2,52,2,53,0" doraHai="24" doraHaiUra="98" who="0" fromWho="3" sc="185,90,183,0,222,0,400,-80" /><INIT seed="6,0,0,5,5,78" ten="275,183,222,320" oya="2" hai0="121,91,73,35,38,19,110,90,3,1,134,108,97" hai1="77,75,81,43,45,106,50,87,5,13,101,10,64" hai2="9,89,46,31,116,7,34,131,105,126,127,62,76" hai3="85,71,98,40,125,22,51,107,4,33,104,112,120"/><V93/><F116/><W88/><G120/><T102/><D38/><U119/><E75/><V47/><F105/><W6/><G33/><T17/><D35/><U25/><E64/><V30/><F76/><W2/><G71/><T80/><D19/><U67/><E67/><V28/><F34/><W82/><G22/><T117/><D17/><U57/><E57/><V39/><F62/><W37/><G37/><T15/><D15/><U32/><E119/><V60/><F60/><W21/><G21/><T26/><D26/><U55/><E55/><V0/><F131/><W66/><G66/><T115/><D117/><U24/><E32/><V74/><F74/><W23/><G23/><T96/><D1/><U41/><E41/><V49/><F39/><W86/><G2/><T16/><D16/><U18/><E18/><V36/><F36/><W14/><G14/><T113/><D3/><U118/><E118/><V94/><F93/><W132/><G4/><T111/><D121/><U63/><E63/><V54/><REACH who="2" step="1"/><F47/><REACH who="2" ten="275,183,212,320" step="2"/><W8/><G107/><T29/><D73/><U69/><E69/><V58/><F58/><W70/><G104/><T59/><D59/><U11/><E11/><V95/><F95/><W114/><G70/><T68/><D68/><U129/><E129/><V52/><F52/><W122/><G122/><T109/><D109/><U135/><E135/><V27/><F27/><W103/><G132/><T42/><D134/><U12/><E12/><V61/><F61/><W48/><G8/><T83/><D108/><U92/><E106/><V65/><F65/><W84/><G40/><RYUUKYOKU ba="0,1" sc="275,-15,183,15,212,15,320,-15" hai1="5,10,13,24,25,43,45,50,77,81,87,92,101" hai2="0,7,9,28,30,31,46,49,54,89,94,126,127" /><INIT seed="6,1,1,2,4,123" ten="260,198,227,305" oya="2" hai0="130,93,77,47,110,50,103,4,100,39,78,95,109" hai1="99,15,102,43,84,86,114,48,52,116,65,0,127" hai2="69,13,3,61,40,32,101,12,44,96,90,35,11" hai3="74,60,134,41,51,27,63,56,83,64,1,94,75"/><V36/><F3/><W70/><G1/><T124/><D39/><U20/><E116/><V121/><F121/><W18/><G83/><T91/><D4/><U49/><E0/><V28/><F90/><W8/><G134/><T30/><D30/><U107/><E114/><V66/><F28/><W62/><G62/><T31/><D31/><U14/><E127/><V88/><F88/><W25/><G94/><T2/><D2/><U59/><E65/><V117/><F117/><W82/><G82/><T131/><D50/><U67/><E67/><V119/><F119/><W26/><G75/><T6/><D47/><U22/><E43/><V85/><F85/><W80/><G80/><T89/><D6/><U24/><E49/><V106/><REACH who="2" step="1"/><F13/><REACH who="2" ten="260,198,217,305" step="2"/><W108/><G70/><T97/><D97/><U129/><E15/><V105/><F105/><W104/><G104/><T9/><D9/><U79/><E79/><V68/><F68/><W72/><G8/><T5/><D5/><AGARI ba="1,2" hai="5,11,12,32,35,36,40,44,61,66,69,96,101,106" machi="5" ten="30,2900,0" yaku="1,1,7,1,53,0" doraHai="123" doraHaiUra="55" who="2" fromWho="0" sc="260,-32,198,0,217,52,305,0" /><INIT seed="6,2,0,3,2,102" ten="228,198,269,305" oya="2" hai0="120,92,74,5,83,129,44,12,67,69,20,34,15" hai1="50,58,96,16,123,98,75,114,31,115,88,85,49" hai2="100,65,1,11,82,79,2,51,131,48,46,18,6" hai3="41,95,112,111,10,52,105,3,121,87,27,118,25"/><V24/><F131/><W47/><G111/><T76/><D34/><U72/><E31/><V127/><F127/><W94/><G118/><T117/><D120/><U104/><E123/><V7/><F65/><W40/><G105/><T8/><D129/><U80/><E58/><V21/><F100/><W30/><G121/><T108/><D108/><U61/><E61/><V56/><F56/><W26/><G3/><T91/><D117/><U93/><E16/><V128/><F128/><W43/><G10/><T39/><D69/><U125/><E125/><V70/><F70/><W86/><G30/><T109/><D67/><U101/><E50/><V38/><F38/><W66/><G66/><T14/><D109/><U22/><E22/><V17/><F18/><W107/><G107/><T89/><D20/><U62/><E49/><V84/><REACH who="2" step="1"/><F46/><REACH who="2" ten="228,198,259,305" step="2"/><W29/><G47/><T78/><D39/><U135/><E62/><V54/><F54/><W77/><G52/><T116/><D44/><U35/><E135/><V9/><AGARI ba="2,1" hai="1,2,6,7,9,11,17,21,24,48,51,79,82,84" machi="9" ten="30,11700,0" yaku="1,1,0,1,9,1,53,1" doraHai="102" doraHaiUra="73" who="2" fromWho="2" sc="228,-41,198,-41,259,133,305,-41" /><INIT seed="6,3,0,5,3,126" ten="187,157,392,264" oya="2" hai0="51,53,118,25,73,122,2,47,64,12,40,60,71" hai1="94,37,26,83,42,63,121,81,128,105,93,46,109" hai2="129,59,57,115,91,28,15,95,44,77,96,68,50" hai3="123,133,58,131,102,112,127,86,8,88,35,4,67"/><V97/><F68/><W99/><G123/><T13/><D2/><U116/><E116/><V55/><F115/><W32/><G127/><T31/><D122/><U69/><E121/><V38/><F38/><W74/><G74/><T82/><D118/><U39/><E109/><V135/><F135/><W34/><G133/><T66/><D66/><U45/><E105/><V19/><F77/><W87/><G112/><T101/><D101/><U98/><E26/><V75/><F75/><W79/><G79/><T70/><D70/><U49/><E128/><V17/><F129/><W52/><G67/><T27/><D27/><U5/><E5/><V6/><F28/><W119/><G119/><T0/><D0/><U29/><E29/><V62/><F97/><W9/><G9/><T130/><D130/><U43/><E49/><V113/><F113/><W100/><G87/><T76/><REACH who="0" step="1"/><D40/><REACH who="0" ten="177,157,392,264" step="2"/><U132/><E132/><V20/><F15/><W114/><G131/><T111/><D111/><U11/><E11/><V92/><F55/><W106/><G102/><T23/><AGARI ba="3,1" hai="12,13,23,25,31,47,51,53,60,64,71,73,76,82" machi="23" ten="20,2700,0" yaku="1,1,0,1,7,1,53,0" doraHai="126" doraHaiUra="54" who="0" fromWho="0" sc="177,46,157,-10,392,-16,264,-10" /><INIT seed="7,0,0,5,5,115" ten="223,147,376,254" oya="3" hai0="5,100,113,30,64,122,1,58,88,8,135,50,73" hai1="62,108,52,95,84,107,112,36,28,77,24,57,68" hai2="21,91,131,81,0,117,32,2,130,125,82,3,71" hai3="105,123,19,46,26,44,102,34,75,93,111,35,87"/><W85/><G123/><T47/><D122/><U16/><E112/><V96/><F117/><W61/><G75/><T45/><D113/><U38/><E107/><V67/><F125/><W59/><G105/><T83/><D135/><U118/><E108/><V103/><F32/><W129/><G129/><N who="2" m="49161" /><F91/><W6/><G6/><T15/><D100/><U31/><E68/><V97/><F97/><N who="3" m="59695" /><G35/><T56/><D1/><U74/><E74/><V12/><F71/><W101/><G34/><T14/><D73/><U60/><E118/><V29/><F67/><N who="3" m="39359" /><G101/><T98/><D30/><U22/><E62/><V10/><F29/><W89/><G87/><T54/><D15/><U49/><E38/><V127/><F21/><N who="3" m="13631" /><G111/><T99/><D99/><U94/><E36/><V48/><F127/><W70/><G70/><T133/><D133/><U65/><E77/><V27/><F27/><W76/><G76/><T43/><D64/><U11/><E84/><V92/><F48/><W53/><G53/><T120/><D120/><U126/><E126/><V78/><F78/><W9/><G9/><T23/><D23/><U17/><E11/><V114/><F114/><W124/><G124/><T72/><D72/><U121/><E121/><V37/><F37/><W132/><G132/><T39/><D98/><U104/><E104/><V40/><F40/><W4/><G4/><AGARI ba="0,0" hai="0,2,3,4,10,12,81,82,92,96,103" m="49161" machi="4" ten="40,1300,0" yaku="19,1" doraHai="115" who="2" fromWho="3" sc="223,0,147,0,376,13,254,-13" owari="223,-18.0,147,-35.0,389,49.0,241,4.0" /></mjloggm>