<mjloggm ver="2.3"><GO type="169" lobby="0"/><UN n0="%E4%B8%BB%E5%B8%AD" n1="%69%70%73%E6%88%A6%E5%A3%AB" n2="%E3%82%A2%E3%83%A1%E3%83%B3%E3%83%9D%E3%81%A6%E3%81%B5" n3="%E5%8D%83%E7%BE%BD%E9%B4%89" dan="16,16,17,17" rate="2157.65,2020.25,2210.34,2238.16" sx="M,M,M,F"/><TAIKYOKU oya="0"/><INIT seed="0,0,0,4,5,135" ten="250,250,250,250" oya="0" hai0="89,46,10,69,88,134,102,71,48,111,87,27,113" hai1="33,82,118,60,76,32,42,8,109,16,126,108,34" hai2="20,51,25,14,110,98,2,54,115,97,105,67,15" hai3="57,73,65,121,114,86,66,21,23,17,122,68,40"/><T77/><D113/><U79/><E118/><V38/><F115/><W90/><G73/><T119/><D119/><U1/><E42/><V133/><F38/><W43/><G114/><T22/><D134/><U26/><E60/><V125/><F2/><W81/><G68/><T117/><D117/><U53/><E53/><V80/><F67/><N who="3" m="25611" /><G57/><T52/><D111/><N who="1" m="42571" /><E79/><V44/><F133/><W120/><G23/><T28/><D102/><U4/><E82/><V18/><F110/><W11/><G11/><T130/><D130/><U24/><E76/><V101/><F97/><W104/><G104/><T83/><REACH who="0" step="1"/><D10/><REACH who="0" ten="240,250,250,250" step="2"/><N who="1" m="2319" /><E126/><V56/><F125/><W13/><AGARI ba="0,1" hai="13,17,21,40,43,81,86,90,120,121,122" m="25611" machi="13" ten="40,1500,0" yaku="13,1" doraHai="135" who="3" fromWho="3" sc="240,-7,250,-4,250,-4,250,25" /><INIT seed="1,0,0,2,0,96" ten="233,246,246,275" oya="1" hai0="10,105,84,4,33,1,97,113,30,8,45,57,24" hai1="46,128,121,101,129,48,82,43,52,69,20,93,58" hai2="71,38,126,79,68,35,61,21,108,102,112,94,39" hai3="91,65,80,130,114,98,95,123,19,13,44,124,111"/><U100/><E69/><V15/><F35/><W106/><G123/><T2/><D113/><U92/><E121/><V5/><F79/><W47/><G114/><T26/><D57/><U16/><E82/><V22/><F112/><W125/><G111/><T85/><D45/><U73/><E73/><V50/><F108/><W88/><G65/><T36/><D36/><U76/><E76/><V14/><F50/><W66/><G66/><T42/><D42/><U31/><E31/><V62/><F94/><N who="1" m="36457" /><E129/><V59/><F59/><W49/><G130/><T23/><D105/><U135/><E135/><V117/><F5/><W72/><G106/><T40/><D40/><U81/><E81/><V17/><F17/><W90/><G72/><T28/><D97/><U77/><E77/><V131/><F131/><W83/><G83/><T29/><D29/><U64/><E64/><V110/><F110/><W12/><G47/><T63/><D63/><N who="1" m="36295" /><E128/><V0/><F0/><W7/><G80/><T122/><D122/><U70/><E70/><V104/><F104/><W54/><G91/><T109/><D109/><U127/><E127/><V78/><F126/><W55/><G90/><T74/><D74/><U53/><E43/><V6/><F78/><W34/><G34/><T116/><D116/><U37/><E37/><V11/><F117/><W87/><G98/><T56/><D56/><U107/><E107/><V60/><F71/><W103/><G124/><T119/><D119/><U32/><E32/><V86/><F68/><W132/><G125/><T89/><D89/><U99/><E99/><V118/><F118/><RYUUKYOKU ba="0,0" sc="233,15,246,15,246,-15,275,-15" hai0="1,2,4,8,10,23,24,26,28,30,33,84,85" hai1="16,20,46,48,53,100,101" /><INIT seed="1,1,0,2,3,5" ten="248,261,231,260" oya="1" hai0="128,23,13,84,104,103,95,15,115,14,60,70,106" hai1="42,12,27,44,49,105,100,43,92,87,28,98,20" hai2="16,111,2,90,122,127,63,83,67,119,39,31,86" hai3="62,52,61,57,113,124,78,37,22,74,40,48,134"/><U126/><E126/><V76/><F122/><W56/><G78/><T53/><D115/><U17/><E105/><V34/><F119/><W132/><G74/><T72/><D128/><U35/><REACH who="1" step="1"/><E87/><REACH who="1" ten="248,251,231,260" step="2"/><V51/><F127/><W108/><G124/><T94/><D106/><U75/><E75/><V19/><F86/><W117/><G113/><T118/><D72/><U130/><E130/><V59/><F111/><W96/><G117/><T82/><D104/><U107/><E107/><V66/><F39/><W68/><G108/><T97/><D118/><U41/><AGARI ba="1,1" hai="12,17,20,27,28,35,41,42,43,44,49,92,98,100" machi="41" ten="20,3900,0" yaku="1,1,0,1,7,1,53,0" doraHai="5" doraHaiUra="3" who="1" fromWho="1" sc="248,-14,251,52,231,-14,260,-14" /><INIT seed="1,2,0,5,5,62" ten="234,303,217,246" oya="1" hai0="50,79,114,68,86,7,23,48,34,130,102,109,20" hai1="42,41,65,119,91,39,112,101,87,27,8,121,100" hai2="19,10,80,123,128,118,72,44,55,53,120,31,124" hai3="1,9,51,77,2,63,96,93,3,135,21,61,125"/><U84/><E121/><V64/><F118/><W25/><G135/><T70/><D114/><U60/><E119/><V83/><F31/><W134/><G134/><T85/><D34/><U95/><E112/><V46/><F72/><W98/><G125/><T94/><D7/><U66/><E39/><V76/><F10/><W111/><G111/><T37/><D37/><U5/><E27/><V71/><F71/><W13/><G51/><T133/><D133/><U24/><E24/><V110/><F76/><W75/><G77/><T99/><D130/><U0/><E66/><V4/><F4/><W40/><G40/><T11/><D11/><U33/><E33/><V106/><F106/><W54/><G75/><T74/><D74/><U30/><E30/><V17/><F124/><W36/><G54/><T15/><D109/><U12/><E0/><V113/><F110/><W35/><G35/><T28/><D79/><U73/><E73/><V78/><F78/><W104/><G104/><T38/><D38/><U43/><REACH who="1" step="1"/><E84/><REACH who="1" ten="234,293,217,246" step="2"/><V81/><F113/><W117/><G36/><T127/><D127/><U92/><E92/><V90/><F64/><W69/><G93/><T58/><D28/><U97/><E97/><N who="3" m="37482" /><G117/><T59/><D94/><U132/><E132/><V52/><F128/><W105/><G105/><T47/><D99/><U16/><E16/><N who="2" m="6219" /><F90/><W88/><G88/><T56/><D102/><U126/><E126/><V89/><F89/><W131/><G131/><T49/><D86/><U26/><E26/><V14/><F14/><W6/><G69/><AGARI ba="2,1" hai="5,8,12,41,42,43,60,65,69,87,91,95,100,101" machi="69" ten="40,3900,0" yaku="1,1,52,1,53,0" doraHai="62" doraHaiUra="115" who="1" fromWho="3" sc="234,0,293,55,217,0,246,-45" /><INIT seed="1,3,0,1,5,71" ten="234,348,217,201" oya="1" hai0="66,51,55,135,0,65,69,117,76,106,128,45,32" hai1="49,25,46,89,48,22,92,114,102,72,41,130,98" hai2="64,40,84,28,21,18,16,63,122,86,23,105,116" hai3="78,109,33,29,61,4,44,85,120,79,107,87,50"/><U68/><E114/><V2/><F122/><W67/><G107/><T123/><D117/><U113/><E72/><V75/><F116/><W42/><G120/><T39/><D0/><U59/><E68/><V15/><F75/><W7/><G109/><T125/><D32/><U132/><E113/><V88/><F2/><W58/><G33/><T38/><D106/><U37/><E132/><V62/><F105/><W110/><G29/><T54/><D76/><N who="3" m="29225" /><G110/><T103/><D103/><U31/><E130/><V27/><F40/><W6/><AGARI ba="3,0" hai="4,6,7,42,44,50,58,61,67,85,87" m="29225" machi="6" ten="30,1100,0" yaku="8,1" doraHai="71" who="3" fromWho="3" sc="234,-6,348,-8,217,-6,201,20" /><INIT seed="2,0,0,5,1,85" ten="228,340,211,221" oya="2" hai0="111,26,18,38,80,112,73,31,97,56,24,1,9" hai1="104,109,57,19,132,124,81,83,8,131,135,92,54" hai2="53,33,10,88,65,28,90,37,42,78,99,74,41" hai3="79,17,87,66,55,20,121,68,127,67,59,16,75"/><V114/><F114/><W47/><G75/><T23/><D112/><U50/><E104/><V15/><F74/><W71/><G121/><T39/><D111/><U119/><E119/><V123/><F123/><W61/><G127/><T129/><D129/><U13/><E109/><V27/><F78/><W77/><G47/><T118/><D118/><U70/><E70/><V29/><F65/><W117/><G117/><T12/><D1/><U60/><E124/><V30/><F33/><W21/><G87/><T126/><D126/><U6/><E131/><V76/><F27/><W108/><G55/><T102/><D56/><U34/><E34/><V43/><F76/><W48/><G48/><T100/><D73/><U32/><E32/><V4/><F37/><W63/><G59/><T3/><D80/><U89/><E60/><V69/><F69/><W95/><G95/><T0/><D102/><U116/><E116/><V113/><F113/><W105/><REACH who="3" step="1"/><G108/><REACH who="3" ten="228,340,211,211" step="2"/><T5/><D39/><U22/><E132/><V103/><REACH who="2" step="1"/><F53/><REACH who="2" ten="228,340,201,211" step="2"/><W107/><AGARI ba="0,2" hai="16,17,20,21,61,63,66,67,68,71,77,79,105,107" machi="107" ten="25,12000,2" yaku="1,1,2,1,0,1,22,2,54,1,53,0" doraHai="85" doraHaiUra="133" who="3" fromWho="3" sc="228,-30,340,-30,201,-60,211,140" /><INIT seed="3,0,0,1,5,81" ten="198,310,141,351" oya="3" hai0="55,76,42,92,73,108,118,16,54,120,99,132,97" hai1="133,69,20,30,53,43,117,105,39,59,127,37,5" hai2="63,78,115,123,40,67,2,65,19,49,61,51,103" hai3="84,68,131,48,88,36,89,3,33,112,32,8,93"/><W124/><G36/><N who="1" m="13898" /><E5/><V83/><F2/><W106/><G131/><T74/><D118/><U26/><E105/><V64/><F103/><W113/><G124/><T86/><D120/><U126/><E69/><V38/><F115/><W129/><G129/><T134/><D108/><U125/><E43/><V66/><F19/><W7/><G68/><T1/><D1/><U60/><E133/><N who="0" m="51305" /><D42/><U22/><E117/><V17/><F17/><W14/><G106/><T6/><D6/><U58/><E58/><N who="2" m="36919" /><F83/><W96/><G48/><N who="2" m="18505" /><F78/><W35/><REACH who="3" step="1"/><G3/><REACH who="3" ten="198,310,141,341" step="2"/><T41/><D74/><U31/><E31/><V90/><F123/><W12/><G12/><T111/><D73/><U24/><E24/><V27/><F27/><W47/><G47/><T121/><D121/><U50/><E30/><V98/><F38/><W71/><G71/><T110/><D110/><U57/><E26/><V130/><F130/><W107/><G107/><T100/><D111/><U128/><E128/><V104/><F104/><W116/><G116/><T77/><D77/><U25/><E25/><V94/><F40/><W45/><G45/><T135/><D76/><U23/><E59/><AGARI ba="0,1" hai="59,63,65,66,67,90,94,98" m="18505,36919" machi="59" ten="30,1000,0" yaku="8,1" doraHai="81" who="2" fromWho="1" sc="198,0,310,-10,141,20,341,0" /><INIT seed="4,0,0,4,2,119" ten="198,300,161,341" oya="0" hai0="49,98,6,51,65,109,64,107,70,90,83,108,25" hai1="44,95,71,24,33,47,74,103,48,14,100,43,76" hai2="45,78,94,97,35,129,22,41,79,118,133,16,102" hai3="3,128,7,29,36,13,130,61,39,75,20,5,21"/><T12/><D25/><U69/><E69/><V72/><F129/><N who="3" m="49771" /><G75/><T112/><D112/><U120/><E71/><V66/><F133/><W84/><G3/><T55/><D70/><U122/><E14/><V37/><F118/><W67/><G84/><N who="0" m="50463" /><D51/><U38/><E76/><V1/><F66/><W0/><G0/><T18/><D6/><N who="3" m="2057" /><G13/><T52/><D98/><U42/><E74/><V27/><F1/><W101/><G101/><T126/><D107/><U82/><E82/><V87/><F72/><W19/><G19/><T17/><D126/><U93/><E100/><V54/><F35/><W53/><G53/><N who="0" m="20555" /><D49/><U30/><REACH who="1" step="1"/><E103/><REACH who="1" ten="198,290,161,341" step="2"/><V63/><REACH who="2" step="1"/><F87/><REACH who="2" ten="198,290,151,341" step="2"/><W32/><G32/><T134/><D134/><U23/><E23/><V80/><F80/><W88/><G21/><N who="0" m="11431" /><D109/><U86/><E86/><V28/><F28/><W2/><G29/><T73/><D108/><U68/><E68/><V121/><F121/><AGARI ba="0,2" hai="24,30,33,38,42,43,44,47,48,93,95,120,121,122" machi="121" ten="40,12000,2" yaku="1,1,52,3,53,2" doraHai="119" doraHaiUra="40" who="1" fromWho="2" sc="198,0,290,140,151,-120,341,0" /><INIT seed="5,0,0,0,5,118" ten="198,430,31,341" oya="1" hai0="0,93,1,62,24,42,86,22,102,59,2,134,52" hai1="115,35,106,15,97,72,27,12,110,53,21,130,20" hai2="124,76,81,123,43,90,69,23,129,44,45,54,6" hai3="105,18,25,9,47,98,77,80,7,113,11,64,89"/><U108/><E72/><V85/><F69/><W39/><G113/><T13/><D134/><U117/><E117/><V14/><F129/><W65/><G25/><T122/><D42/><U34/><E115/><V75/><F124/><W38/><G18/><T116/><D116/><U58/><E106/><V61/><F23/><N who="1" m="8777" /><E130/><V32/><F32/><N who="1" m="12329" /><E97/><V120/><F14/><N who="1" m="5161" /><E58/><V99/><F6/><W57/><G7/><T94/><D13/><U60/><E60/><V79/><F99/><W95/><G105/><T133/><D133/><U126/><E53/><V112/><F112/><W36/><G47/><T70/><D70/><U107/><E107/><V55/><F79/><W41/><G41/><T17/><D102/><U74/><E74/><V125/><F125/><W30/><G30/><T101/><D101/><U33/><E126/><V37/><F55/><W119/><G119/><T132/><D132/><U96/><E96/><V131/><F131/><W114/><G114/><T121/><REACH who="0" step="1"/><D86/><REACH who="0" ten="188,430,31,341" step="2"/><U84/><E84/><V26/><F26/><W87/><REACH who="3" step="1"/><G57/><REACH who="3" ten="188,430,31,331" step="2"/><T67/><D67/><AGARI ba="0,2" hai="9,11,36,38,39,64,65,67,77,80,87,89,95,98" machi="67" ten="40,2600,0" yaku="1,1,2,1,53,0" doraHai="118" doraHaiUra="103" who="3" fromWho="0" sc="188,-26,430,0,31,0,331,46" /><INIT seed="6,0,0,5,4,49" ten="162,430,31,377" oya="2" hai0="113,9,108,65,46,126,19,40,60,10,29,88,82" hai1="38,86,15,66,22,2,42,111,83,52,14,104,63" hai2="106,0,77,44,89,95,27,119,72,56,79,96,26" hai3="7,118,8,35,134,103,125,67,133,28,85,123,80"/><V24/><F119/><W48/><G123/><T30/><D108/><U54/><E2/><V76/><F0/><W78/><G118/><T73/><D126/><U53/><E104/><V130/><F130/><W121/><G121/><T135/><D135/><U69/><E111/><V127/><F127/><W62/><G125/><T116/><D116/><U75/><E75/><V129/><F129/><W122/><G122/><T41/><D113/><U128/><E128/><V71/><F71/><W92/><G28/><N who="0" m="10859" /><D73/><U112/><E112/><V101/><F44/><W131/><G35/><T68/><D68/><U87/><E87/><V98/><F56/><W58/><G131/><T43/><D46/><U117/><E117/><V70/><F70/><W110/><G110/><T3/><D3/><U33/><E33/><V94/><F106/><W102/><G92/><T59/><D19/><U21/><E42/><N who="0" m="10753" /><T64/><DORA hai="25" /><D64/><U91/><E38/><V11/><REACH who="2" step="1"/><F11/><REACH who="2" ten="162,430,21,377" step="2"/><W18/><G133/><T114/><D114/><U4/><E69/><V115/><F115/><W50/><G134/><T39/><D39/><U17/><E66/><V93/><F93/><W45/><G45/><T100/><D9/><N who="1" m="4391" /><E22/><V37/><F37/><W90/><G8/><T34/><D10/><U107/><E107/><V12/><F12/><W36/><G36/><T132/><D132/><U31/><E15/><V74/><AGARI ba="0,1" hai="24,26,27,72,74,76,77,79,89,94,95,96,98,101" machi="74" ten="40,3900,0" yaku="1,1,0,1,53,0" doraHai="49,25" doraHaiUra="55,5" who="2" fromWho="2" sc="162,-13,430,-13,21,49,377,-13" /><INIT seed="6,1,0,1,3,105" ten="149,417,70,364" oya="2" hai0="19,47,12,16,84,123,34,58,54,89,70,60,55" hai1="43,121,109,32,51,39,114,49,131,88,36,41,72" hai2="37,25,66,76,94,127,63,104,91,14,73,46,106" hai3="113,115,42,79,15,90,9,112,129,40,53,27,122"/><V111/><F127/><W50/><G122/><T20/><D34/><U61/><E109/><V64/><F111/><W110/><G110/><T124/><D123/><U96/><E32/><V92/><F64/><W67/><G129/><T93/><D124/><U86/><E72/><V22/><F92/><W74/><G90/><T125/><D125/><U57/><E121/><V65/><F65/><W83/><G27/><T45/><D70/><U103/><E131/><V56/><F14/><W26/><G26/><T6/><D6/><U134/><E134/><V21/><F46/><W107/><G107/><T24/><REACH who="0" step="1"/><D55/><REACH who="0" ten="139,417,70,364" step="2"/><U5/><E5/><V31/><F37/><W119/><G119/><T30/><D30/><U130/><E39/><V108/><F108/><W101/><G67/><T44/><D44/><U35/><E36/><V68/><F68/><W120/><G120/><T10/><AGARI ba="1,1" hai="10,12,16,19,20,24,45,47,54,58,60,84,89,93" machi="10" ten="20,8000,1" yaku="1,1,0,1,7,1,8,1,54,1,53,0" doraHai="105" doraHaiUra="28" who="0" fromWho="0" sc="139,93,417,-21,70,-41,364,-21" /><INIT seed="7,0,0,5,5,39" ten="232,396,29,343" oya="3" hai0="27,20,1,9,18,99,79,114,44,11,80,68,112" hai1="104,78,60,92,128,62,5,35,66,132,33,25,93" hai2="130,85,131,123,76,103,28,91,120,111,73,117,24" hai3="125,46,90,53,86,21,84,38,115,32,3,69,55"/><W87/><G32/><T37/><D68/><U96/><E104/><V43/><F24/><W70/><G3/><T26/><D99/><U113/><E113/><N who="0" m="43625" /><D80/><U83/><E132/><V71/><F28/><W77/><G115/><T42/><D79/><U110/><E110/><V133/><F71/><W106/><G106/><T63/><D63/><U65/><E5/><V102/><F43/><W36/><G77/><T64/><D64/><U61/><E128/><V67/><F67/><W23/><G87/><T8/><D44/><U7/><E35/><V0/><F0/><W129/><G46/><T89/><D89/><U127/><E65/><V88/><F111/><W30/><G90/><T118/><D37/><U108/><E108/><V56/><F56/><W10/><G129/><T101/><D101/><N who="1" m="60551" /><E93/><V29/><F29/><W75/><G75/><T109/><D109/><U126/><E7/><V97/><F76/><W116/><G38/><T134/><D42/><U17/><E66/><V57/><F57/><W122/><G36/><T58/><D58/><U81/><E78/><V94/><F73/><W4/><G69/><T72/><D72/><U50/><E83/><N who="2" m="49215" /><F133/><W124/><G70/><T2/><D134/><U19/><E81/><V6/><F6/><W135/><G135/><T52/><D118/><U31/><E50/><V14/><F117/><W74/><G116/><T41/><D41/><U59/><E59/><V15/><F131/><W34/><G74/><T54/><D27/><U82/><E82/><V105/><F130/><W22/><G84/><T107/><D107/><U95/><E95/><RYUUKYOKU ba="0,0" sc="232,15,396,15,29,-15,343,-15" hai0="1,2,8,9,11,18,20,26,52,54" hai1="17,19,25,31,33,60,61,62,126,127" owari="247,-15.0,411,51.0,14,-49.0,328,13.0" /></mjloggm>