<mjloggm ver="2.3"><GO type="185" lobby="0"/><UN n0="%6D%28%E3%81%AE%5F%E3%81%AE%29%6D%E2%99%AA" n1="%E3%81%B5%E3%81%96%E3%81%91%E3%82%8B%E3%83%9F%EF%BC%81" n2="%E3%83%9D%E3%82%B1%E3%83%83%E3%83%88" n3="" dan="16,17,16,0" rate="2150.98,2214.76,2206.14,1500.00" sx="M,M,M,C"/><TAIKYOKU oya="0"/><INIT seed="0,0,0,1,5,131" ten="350,350,350,0" oya="0" hai0="117,112,58,119,126,115,78,114,118,110,35,133,60" hai1="32,79,70,76,98,85,111,77,59,37,102,65,71" hai2="46,0,40,135,84,124,96,62,63,106,51,33,108" hai3=""/><T52/><BYE who="2" /><D35/><UN n2="%E3%83%9D%E3%82%B1%E3%83%83%E3%83%88" /><U75/><E32/><V61/><F33/><T34/><D34/><U3/><E3/><V104/><F0/><T38/><D126/><U42/><E75/><V123/><N who="2" m="31520" /><V89/><F124/><T105/><D78/><U87/><E111/><V97/><F108/><T122/><N who="0" m="31264" /><T94/><D94/><U48/><E37/><V45/><F135/><T103/><D38/><U88/><E85/><V134/><F134/><T56/><D110/><U132/><E65/><V36/><F106/><T69/><D69/><U107/><E132/><V57/><F104/><T113/><N who="0" m="28672" /><DORA hai="72" /><T2/><D2/><U109/><E109/><V64/><F97/><T47/><D47/><U43/><E43/><V53/><REACH who="2" step="1"/><F96/><REACH who="2" ten="350,350,340,0" step="2"/><T91/><D133/><U81/><REACH who="1" step="1"/><E42/><REACH who="1" ten="350,340,340,0" step="2"/><V99/><F99/><T54/><D117/><U121/><N who="1" m="31008" /><U90/><E90/><V80/><AGARI ba="0,2" hai="36,40,45,46,51,53,57,61,62,63,64,80,84,89" m="31520" machi="80" ten="20,3900,0" yaku="1,1,0,1,7,1,52,1,53,0" doraHai="131,72" doraHaiUra="101,100" who="2" fromWho="2" sc="350,-26,340,-13,340,59,0,0" /><INIT seed="1,0,0,0,0,63" ten="324,327,399,0" oya="1" hai0="109,112,91,37,127,134,89,135,51,64,90,77,87" hai1="50,41,74,83,126,56,36,62,84,95,99,80,85" hai2="48,111,68,121,43,88,46,75,128,52,42,53,66" hai3=""/><U129/><E126/><V107/><N who="2" m="31008" /><V115/><F107/><T94/><D37/><U130/><E36/><V82/><F111/><T123/><N who="0" m="31520" /><T58/><D112/><U104/><E104/><V132/><F115/><T55/><D109/><U54/><E74/><V122/><N who="2" m="31264" /><V100/><F100/><T78/><D127/><U79/><E41/><V57/><F132/><N who="0" m="50730" /><D64/><U40/><E40/><V105/><F105/><T110/><D110/><U86/><E50/><V103/><F103/><T2/><D2/><U67/><E67/><V59/><F128/><N who="1" m="49257" /><E79/><AGARI ba="0,0" hai="51,55,58,77,78,79,87,89,90,91,94" m="50730,31520" machi="79" ten="30,2000,0" yaku="20,1,52,1" doraHai="63" who="0" fromWho="1" sc="324,20,327,-20,399,0,0,0" /><INIT seed="2,0,0,1,3,71" ten="344,307,399,0" oya="2" hai0="47,128,42,135,104,115,32,61,120,39,35,2,114" hai1="59,62,36,57,100,66,45,87,49,91,105,129,116" hai2="134,68,56,1,81,52,125,54,111,73,109,95,67" hai3=""/><V108/><F1/><T107/><N who="0" m="30752" /><T72/><D2/><U98/><E129/><V97/><F134/><T99/><D135/><U82/><E116/><V92/><F125/><T51/><D128/><U124/><E124/><V122/><N who="2" m="31264" /><V112/><F112/><N who="0" m="43050" /><D72/><U60/><E36/><V102/><F68/><T123/><N who="0" m="31520" /><T103/><D61/><U132/><E132/><V63/><REACH who="2" step="1"/><F92/><REACH who="2" ten="344,307,389,0" step="2"/><T75/><D107/><U76/><E105/><V34/><F34/><N who="0" m="12842" /><D75/><U117/><E117/><V33/><F33/><T48/><AGARI ba="0,1" hai="39,42,47,48,51,99,103,104" m="12842,31520,43050,30752" machi="48" ten="40,6000,1" yaku="11,1,52,3" doraHai="71" who="0" fromWho="0" sc="344,70,307,-20,389,-40,0,0" /><INIT seed="4,0,0,2,0,44" ten="414,287,349,0" oya="0" hai0="48,90,79,111,83,52,49,124,32,106,1,40,100" hai1="35,47,107,70,112,41,58,102,62,33,95,131,69" hai2="82,81,57,126,36,71,93,42,129,125,122,97,3" hai3=""/><T130/><D1/><U96/><E131/><V74/><N who="2" m="31264" /><V123/><N who="2" m="31520" /><V72/><F71/><T135/><D32/><U45/><E45/><V121/><N who="2" m="31008" /><V68/><F68/><T38/><D130/><U103/><E69/><V77/><F42/><T46/><D111/><U128/><E70/><V118/><F36/><T61/><D135/><U0/><E0/><V51/><F3/><T65/><D124/><N who="2" m="47722" /><F129/><T98/><D90/><U101/><E112/><V99/><F118/><T66/><D49/><U43/><E43/><V37/><F37/><T80/><D79/><U53/><E128/><V110/><F110/><T75/><D75/><N who="2" m="28714" /><F77/><T88/><D38/><U60/><E33/><V120/><N who="2" m="30752" /><V104/><F104/><T91/><D40/><U67/><E107/><V85/><F85/><T59/><REACH who="0" step="1"/><D65/><REACH who="0" ten="404,287,349,0" step="2"/><U87/><E35/><V134/><F134/><T63/><D63/><U127/><E62/><V115/><F51/><T133/><D133/><U116/><E127/><V92/><F81/><T108/><D108/><U56/><E41/><V39/><F82/><T78/><D78/><U114/><E60/><V113/><F39/><T34/><D34/><U50/><E50/><V105/><F115/><T73/><D73/><RYUUKYOKU ba="0,1" sc="404,20,287,-10,349,-10,0,0" hai0="46,48,52,59,61,66,80,83,88,91,98,100,106" /><INIT seed="4,1,1,1,0,105" ten="424,277,339,0" oya="0" hai0="123,66,93,0,1,73,126,110,91,81,50,60,100" hai1="94,2,82,87,49,131,122,127,53,55,96,32,112" hai2="74,129,38,44,64,68,76,124,77,56,42,84,97" hai3=""/><T106/><N who="0" m="31520" /><T48/><D110/><U33/><N who="1" m="31264" /><U128/><E2/><V45/><F129/><N who="1" m="49737" /><E127/><V40/><F124/><T43/><D126/><U103/><E112/><V119/><F119/><T88/><D100/><U102/><E102/><V58/><F84/><T63/><D106/><U79/><E55/><V109/><F97/><T133/><D133/><U86/><E87/><V70/><F64/><T71/><D63/><U107/><E107/><V61/><F61/><T39/><D39/><U3/><E3/><V80/><F109/><T104/><D104/><U62/><E62/><V54/><F54/><T113/><D113/><U75/><E86/><V36/><REACH who="2" step="1"/><F77/><REACH who="2" ten="424,277,329,0" step="2"/><T132/><D0/><U52/><E53/><V46/><F46/><AGARI ba="1,2" hai="32,33,46,49,52,75,79,82,94,96,103" m="49737,31264" machi="46" ten="30,7700,0" yaku="19,1,52,2,54,1" doraHai="105" who="1" fromWho="2" sc="424,0,277,99,329,-79,0,0" /><INIT seed="5,0,0,1,4,134" ten="424,376,250,0" oya="1" hai0="124,53,119,111,85,132,72,56,65,107,3,110,70" hai1="43,84,92,120,75,74,40,46,86,112,121,128,41" hai2="96,45,32,67,0,116,55,101,81,44,87,131,71" hai3=""/><U58/><N who="1" m="30752" /><U108/><N who="1" m="31008" /><U78/><E112/><V118/><F0/><T80/><D3/><U94/><E46/><V105/><F32/><T63/><D72/><U123/><N who="1" m="31520" /><U69/><E69/><V126/><F131/><T97/><D132/><U66/><E128/><V51/><F44/><T35/><D35/><U135/><E135/><V100/><F100/><T98/><D119/><U64/><E108/><V127/><F67/><N who="1" m="25641" /><E78/><V130/><F71/><T77/><D107/><U89/><E74/><V54/><F54/><T114/><D114/><U99/><E75/><V95/><F105/><T57/><D70/><U91/><E58/><V90/><REACH who="2" step="1"/><F130/><REACH who="2" ten="424,376,240,0" step="2"/><T83/><D111/><U104/><E104/><V2/><F2/><T48/><D110/><U33/><E33/><V49/><F49/><T68/><D68/><U103/><E103/><V133/><F133/><T109/><D109/><U50/><E50/><V76/><F76/><T79/><D48/><U1/><E1/><V34/><F34/><T59/><D53/><U125/><E40/><V129/><F129/><T39/><D79/><U37/><E41/><V73/><F73/><T115/><D77/><U102/><E43/><V61/><F61/><T122/><D63/><RYUUKYOKU ba="0,1" sc="424,-10,376,-10,240,20,0,0" hai2="45,51,55,81,87,90,95,96,101,116,118,126,127" /><INIT seed="6,1,1,3,3,117" ten="414,366,260,0" oya="2" hai0="78,68,130,33,86,40,114,116,89,46,83,80,113" hai1="111,64,94,44,99,57,115,54,53,135,85,132,122" hai2="32,91,72,105,1,34,60,133,124,56,42,0,65" hai3=""/><V35/><F133/><N who="1" m="51273" /><E111/><V92/><F105/><T70/><D33/><U134/><N who="1" m="31264" /><U50/><N who="1" m="51281" /><U43/><DORA hai="108" /><E115/><N who="0" m="44041" /><D116/><U73/><E73/><V82/><F124/><T102/><D102/><U69/><E85/><V109/><F109/><T127/><D127/><U128/><E69/><N who="0" m="26729" /><D130/><U106/><E106/><V76/><REACH who="2" step="1"/><F42/><REACH who="2" ten="414,366,250,0" step="2"/><T2/><D2/><U63/><E128/><V45/><F45/><T88/><D83/><U77/><E77/><V98/><AGARI ba="1,2" hai="0,1,32,34,35,56,60,65,72,76,82,91,92,98" machi="98" ten="30,2000,0" yaku="1,1,0,1,53,0" doraHai="117,108" doraHaiUra="110,121" who="2" fromWho="2" sc="414,-11,366,-11,250,42,0,0" /><INIT seed="6,2,0,4,0,84" ten="403,355,292,0" oya="2" hai0="77,82,34,64,67,98,95,36,59,133,115,91,52" hai1="62,78,89,130,134,124,54,101,68,123,113,100,81" hai2="120,40,80,1,53,49,46,90,51,55,116,85,44" hai3=""/><V87/><N who="2" m="30752" /><V69/><F116/><T118/><D118/><U0/><N who="1" m="31520" /><U56/><E0/><V129/><F129/><T121/><N who="0" m="31008" /><T83/><D34/><U97/><E130/><V33/><F33/><T106/><D36/><U70/><E113/><V104/><F104/><T79/><D115/><U71/><E134/><V110/><F110/><T127/><D106/><U109/><E109/><V32/><F32/><T131/><D133/><U47/><E124/><V61/><F1/><T76/><D127/><U43/><E78/><V66/><REACH who="2" step="1"/><F87/><REACH who="2" ten="403,355,282,0" step="2"/><T128/><D131/><U88/><E81/><N who="0" m="30729" /><D128/><U105/><REACH who="1" step="1"/><E101/><REACH who="1" ten="403,345,282,0" step="2"/><V2/><F2/><T39/><D39/><AGARI ba="2,2" hai="39,43,47,54,56,62,68,70,71,88,89,97,100,105" m="31520" machi="39" ten="40,12000,2" yaku="1,1,2,1,52,3,54,1,53,1" doraHai="84" doraHaiUra="117" who="1" fromWho="0" sc="403,-124,345,144,282,0,0,0" owari="279,-32.0,489,44.0,282,-12.0,0,0.0" /></mjloggm>