<mjloggm ver="2.3"><GO type="185" lobby="0"/><UN n0="%E8%99%B9%E9%87%8E%E3%82%86%E3%82%81" n1="%E3%81%AE%E3%83%BC%E3%81%97" n2="%E4%BD%90%E8%97%A4%E7%BE%8E%E5%92%8C%E5%AD%90" n3="" dan="16,18,16,0" rate="2138.96,2288.14,2150.33,1500.00" sx="F,M,M,C"/><TAIKYOKU oya="0"/><INIT seed="0,0,0,3,4,88" ten="350,350,350,0" oya="0" hai0="95,41,101,72,75,94,43,60,71,91,78,84,129" hai1="65,52,83,109,2,59,36,119,89,103,112,54,32" hai2="38,40,113,128,66,42,73,55,127,108,85,62,44" hai3=""/><T67/><D129/><U123/><N who="1" m="31520" /><U63/><E2/><V69/><F73/><T100/><D100/><U93/><E32/><V34/><F34/><T92/><D101/><U120/><N who="1" m="30752" /><U134/><E36/><V96/><F113/><T39/><D78/><U114/><E119/><V82/><F128/><T87/><D87/><U98/><E134/><V50/><F108/><T99/><D99/><U79/><E109/><V51/><F127/><T122/><N who="0" m="31264" /><T0/><D0/><U48/><E54/><V117/><F117/><T121/><N who="0" m="31008" /><T125/><D125/><U46/><REACH who="1" step="1"/><E103/><REACH who="1" ten="350,340,350,0" step="2"/><V57/><F38/><T135/><D135/><U86/><AGARI ba="0,1" hai="46,48,52,59,63,65,79,83,86,89,93,98,112,114" m="30752,31520" machi="86" ten="30,9000,2" yaku="1,1,2,1,0,1,52,3,54,1,53,0" doraHai="88" doraHaiUra="64" who="1" fromWho="1" sc="350,-60,340,100,350,-30,0,0" /><INIT seed="1,0,0,5,4,64" ten="290,440,320,0" oya="1" hai0="54,40,66,79,100,83,133,113,75,71,58,92,130" hai1="69,127,104,50,35,68,132,134,86,44,115,80,33" hai2="38,2,45,0,129,76,42,47,59,73,101,72,63" hai3=""/><U95/><E104/><V122/><N who="2" m="31264" /><V107/><F129/><T97/><D113/><U90/><E115/><V32/><F32/><N who="1" m="12361" /><E95/><V108/><F47/><T91/><D130/><U103/><E103/><V41/><F41/><T60/><D40/><U56/><E56/><V78/><F78/><T70/><D133/><N who="1" m="51307" /><E127/><V88/><F101/><T36/><D36/><U3/><E3/><V114/><F107/><T52/><REACH who="0" step="1"/><D100/><REACH who="0" ten="280,440,320,0" step="2"/><U109/><E109/><V126/><F114/><T57/><D57/><U46/><E46/><V55/><F108/><T110/><D110/><U89/><E89/><V77/><F88/><T117/><D117/><U93/><E80/><V135/><F135/><T102/><D102/><U131/><E131/><V39/><F45/><T120/><N who="0" m="30752" /><T84/><D84/><U53/><AGARI ba="0,1" hai="44,50,53,68,69,86,90,93" m="51307,12361" machi="53" ten="30,4000,0" yaku="20,1,52,2" doraHai="64" who="1" fromWho="1" sc="280,-20,440,50,320,-20,0,0" /><INIT seed="1,1,0,4,5,44" ten="260,490,300,0" oya="1" hai0="129,74,60,83,113,107,131,55,79,33,1,99,93" hai1="80,103,50,32,2,69,38,65,100,106,128,87,88" hai2="96,45,41,63,68,116,77,118,110,34,102,59,47" hai3=""/><U82/><E2/><V43/><F34/><T46/><D113/><U71/><E38/><V56/><F77/><T130/><D33/><U73/><E32/><V98/><F68/><T114/><D114/><U75/><E128/><V112/><F112/><T85/><D1/><U0/><E0/><V101/><REACH who="2" step="1"/><F63/><REACH who="2" ten="260,490,290,0" step="2"/><T135/><D135/><U49/><E69/><V53/><F53/><T108/><D108/><AGARI ba="1,1" hai="41,43,45,47,56,59,96,98,101,102,108,110,116,118" machi="108" ten="25,8000,1" yaku="1,1,22,2,53,2" doraHai="44" doraHaiUra="97" who="2" fromWho="0" sc="260,-82,490,0,290,92,0,0" /><INIT seed="2,0,0,3,4,64" ten="178,490,382,0" oya="2" hai0="67,128,135,81,102,101,132,40,65,50,124,100,41" hai1="71,45,68,113,121,93,46,109,96,74,35,125,82" hai2="36,129,62,111,48,91,57,75,77,52,70,108,33" hai3=""/><V112/><F112/><T73/><D128/><U123/><N who="1" m="31008" /><U126/><N who="1" m="31520" /><U2/><E35/><V44/><F33/><T32/><D32/><U119/><E2/><V134/><F129/><T78/><D124/><N who="1" m="47723" /><E113/><V84/><F134/><N who="0" m="51242" /><D40/><U0/><E0/><V106/><F106/><T76/><D76/><U116/><E82/><V94/><F70/><N who="1" m="26665" /><E74/><V92/><F75/><T56/><D41/><U37/><E109/><V51/><F108/><T43/><D43/><U38/><E46/><V83/><F111/><T98/><D73/><U86/><E86/><V118/><F44/><T103/><D81/><U85/><E85/><V117/><F84/><T72/><D72/><U1/><E1/><V80/><F80/><T47/><D78/><U60/><E60/><V89/><F83/><T59/><D59/><U95/><E45/><V114/><F114/><T34/><D34/><U42/><E42/><V99/><F62/><T69/><D69/><U49/><E37/><V130/><F36/><T90/><D47/><U39/><E39/><V53/><F130/><T79/><D79/><U115/><E38/><V110/><F110/><T54/><N who="0" m="25600" /><DORA hai="55" /><T3/><D3/><U66/><E115/><V88/><F77/><T61/><D61/><RYUUKYOKU ba="0,0" sc="178,20,490,-10,382,-10,0,0" hai0="50,54,56,65,67,90,98" /><INIT seed="4,1,0,5,2,35" ten="198,480,372,0" oya="0" hai0="126,108,98,43,87,44,134,103,90,120,104,68,91" hai1="49,46,132,131,55,128,69,118,70,123,3,85,39" hai2="33,121,89,129,125,60,62,106,100,109,112,99,67" hai3=""/><T105/><N who="0" m="30752" /><T133/><D68/><U107/><N who="1" m="31520" /><U57/><E107/><V0/><N who="2" m="31008" /><V92/><F109/><T97/><D108/><U79/><E3/><V53/><F33/><T72/><D72/><U96/><E96/><V116/><F112/><T32/><D32/><U110/><E110/><V1/><F129/><T111/><D111/><U34/><E118/><V84/><F125/><T83/><D126/><U114/><E114/><V78/><F116/><T82/><D44/><U93/><E34/><V40/><F40/><T124/><D43/><U64/><E79/><V130/><F130/><N who="1" m="49705" /><E132/><N who="0" m="50793" /><D124/><U47/><E47/><V42/><F42/><T56/><D56/><U80/><E70/><V50/><F1/><T117/><D117/><U119/><E119/><V115/><F0/><T94/><D82/><U113/><E80/><V41/><F41/><T135/><N who="0" m="50801" /><T77/><DORA hai="48" /><D105/><U122/><N who="1" m="31264" /><U37/><E69/><V51/><F115/><T54/><D54/><U58/><E113/><V38/><F106/><T63/><D63/><U88/><E57/><V2/><F2/><T76/><AGARI ba="1,0" hai="76,77,83,87,90,91,94,97,98,103,104" m="50801,30752" machi="76" ten="40,8000,1" yaku="20,1,34,2,52,1" doraHai="35,48" who="0" fromWho="0" sc="198,82,480,-41,372,-41,0,0" /><INIT seed="4,2,0,3,1,104" ten="280,439,331,0" oya="0" hai0="74,103,40,114,3,131,52,83,64,128,102,120,130" hai1="77,105,53,109,123,129,113,108,45,49,85,47,126" hai2="60,110,33,73,69,94,56,82,38,55,61,101,119" hai3=""/><T127/><N who="0" m="30752" /><T91/><D3/><U135/><N who="1" m="31520" /><U0/><E105/><V67/><F110/><T86/><D114/><U54/><E0/><V121/><N who="2" m="31008" /><V63/><F38/><T95/><D127/><U80/><E113/><V58/><F33/><T100/><D64/><U92/><E126/><V116/><F101/><T37/><D52/><U115/><E115/><V71/><F94/><T81/><REACH who="0" step="1"/><D74/><REACH who="0" ten="270,439,331,0" step="2"/><U122/><N who="1" m="31264" /><U66/><E66/><V98/><F67/><T35/><D35/><U90/><E108/><V32/><F55/><T68/><D68/><U41/><E109/><V46/><F32/><T42/><D42/><U43/><E54/><V70/><F70/><T106/><D106/><U111/><E111/><V134/><F69/><T2/><D2/><U79/><E53/><V34/><F71/><T133/><D133/><U75/><E135/><V112/><F134/><T76/><D76/><U57/><E41/><V36/><F112/><T99/><D99/><U89/><E43/><V1/><F34/><T59/><D59/><U118/><E75/><V97/><F1/><T78/><D78/><U39/><E77/><V48/><F73/><T51/><D51/><U44/><E79/><V62/><F48/><RYUUKYOKU ba="2,1" sc="270,20,439,-10,331,-10,0,0" hai0="37,40,81,83,86,91,95,100,102,103,128,130,131" /><INIT seed="4,3,1,1,0,57" ten="290,429,321,0" oya="0" hai0="42,60,93,40,112,123,98,87,43,48,71,115,80" hai1="79,85,63,45,118,124,122,58,44,62,2,90,82" hai2="100,1,53,69,33,102,119,130,74,106,68,116,86" hai3=""/><T94/><N who="0" m="31520" /><T114/><D48/><U61/><N who="1" m="31264" /><U75/><E2/><V113/><F74/><T128/><D128/><U111/><E118/><N who="2" m="45099" /><F106/><T99/><D99/><U59/><E111/><V131/><F33/><T41/><N who="0" m="10240" /><DORA hai="107" /><T66/><REACH who="0" step="1"/><D98/><REACH who="0" ten="280,429,321,0" step="2"/><U83/><REACH who="1" step="1"/><E124/><REACH who="1" ten="280,419,321,0" step="2"/><V50/><F130/><T101/><D101/><U84/><E84/><V88/><F131/><T73/><D73/><U132/><E132/><V108/><F102/><T0/><D0/><U72/><E72/><V76/><F1/><T103/><D103/><U134/><E134/><V67/><F100/><T54/><D54/><U39/><E39/><V125/><F125/><T56/><D56/><AGARI ba="3,3" hai="44,45,56,58,59,61,62,63,75,79,82,83,85,90" m="31264" machi="56" ten="40,12000,2" yaku="1,1,52,5,53,1" doraHai="57,107" doraHaiUra="126,104" who="1" fromWho="0" sc="280,-126,419,156,321,0,0,0" /><INIT seed="5,0,0,4,2,72" ten="154,575,321,0" oya="1" hai0="0,82,111,123,103,107,66,34,70,46,89,53,60" hai1="87,64,38,76,99,92,50,119,37,80,105,2,75" hai2="93,83,116,94,1,86,96,40,127,88,117,61,73" hai3=""/><U35/><E35/><V106/><F1/><T121/><N who="0" m="31008" /><T68/><N who="0" m="31520" /><T102/><D111/><U63/><E2/><V45/><F127/><T71/><D0/><U56/><E119/><V57/><F106/><T32/><D32/><U3/><E3/><V49/><F73/><T62/><D34/><U110/><E110/><V85/><F85/><T55/><D107/><U51/><E105/><V104/><F94/><T126/><D126/><U129/><E75/><V48/><F49/><T108/><D108/><U33/><E33/><V47/><F47/><T112/><D112/><U43/><E129/><V42/><F42/><T44/><D70/><U115/><E115/><V59/><F59/><T118/><D118/><U134/><E134/><V135/><F135/><T58/><D71/><U67/><E67/><V69/><F69/><T77/><D89/><U125/><E125/><V65/><F104/><T131/><D131/><U91/><REACH who="1" step="1"/><E43/><REACH who="1" ten="154,565,321,0" step="2"/><V79/><AGARI ba="0,1" hai="40,45,48,57,61,65,79,83,86,88,93,96,116,117" machi="79" ten="20,3900,0" yaku="0,1,7,1,52,1,54,1" doraHai="72" who="2" fromWho="2" sc="154,-13,565,-26,321,49,0,0" /><INIT seed="6,0,0,2,5,50" ten="141,539,370,0" oya="2" hai0="102,86,128,117,118,87,60,85,37,78,53,98,46" hai1="34,100,79,115,89,88,96,36,39,77,81,48,80" hai2="91,106,68,135,119,33,94,55,63,67,101,71,107" hai3=""/><V111/><F119/><T116/><D37/><U73/><E115/><V47/><F33/><T121/><N who="0" m="31008" /><T114/><D114/><U132/><E132/><V76/><F135/><T105/><D78/><U109/><E109/><V123/><N who="2" m="31520" /><V52/><F111/><T3/><D60/><U51/><E34/><V99/><F71/><T57/><D46/><U56/><E56/><V43/><F76/><T133/><D133/><U120/><N who="1" m="30752" /><U84/><E36/><V65/><F65/><T40/><D57/><U103/><E39/><V83/><F83/><T126/><D3/><U32/><E32/><V1/><F1/><T129/><D40/><U49/><E100/><V58/><F58/><T0/><D0/><U95/><AGARI ba="0,0" hai="48,49,51,73,77,79,80,81,84,88,89,95,96,103" m="30752" machi="95" ten="30,3000,0" yaku="0,1,52,1,54,1" doraHai="50" who="1" fromWho="1" sc="141,-10,539,30,370,-20,0,0" owari="131,-47.0,569,52.0,350,-5.0,0,0.0" /></mjloggm>