<mjloggm ver="2.3"><GO type="185" lobby="0"/><UN n0="%E3%81%BE%E3%81%A3%E3%81%97%E3%83%BC" n1="%E5%A4%9A%E6%9E%97%E6%99%8B" n2="%E3%81%B5%E3%81%96%E3%81%91%E3%82%8B%E3%83%9F%EF%BC%81" n3="" dan="17,16,17,0" rate="2261.51,2198.77,2220.64,1500.00" sx="F,M,M,C"/><TAIKYOKU oya="0"/><INIT seed="0,0,0,0,3,70" ten="350,350,350,0" oya="0" hai0="58,110,91,109,77,129,40,88,78,44,67,101,94" hai1="37,52,56,54,61,84,55,1,60,117,102,122,63" hai2="38,120,68,62,115,96,99,85,46,32,76,132,75" hai3=""/><T97/><D129/><U104/><N who="1" m="31264" /><U126/><E1/><V124/><N who="2" m="30752" /><V57/><F115/><T86/><D67/><U59/><E117/><V65/><F75/><T69/><D69/><U119/><E119/><V112/><F112/><T108/><D58/><U41/><E102/><V111/><F32/><T121/><N who="0" m="31008" /><T107/><D91/><U3/><E104/><V130/><F130/><T35/><D35/><U53/><E84/><V43/><F85/><T82/><D107/><U51/><E3/><V66/><F57/><T105/><D105/><U79/><E79/><V114/><F66/><T81/><D81/><U90/><E90/><V131/><F65/><T127/><D127/><U71/><E71/><V39/><F68/><T64/><D64/><U47/><E126/><V89/><F131/><T45/><D45/><AGARI ba="0,0" hai="37,41,45,47,51,52,53,54,55,56,59,60,61,63" m="31264" machi="45" ten="40,16000,3" yaku="35,6,52,2,54,1" doraHai="70" who="1" fromWho="0" sc="350,-160,350,160,350,0,0,0" /><INIT seed="1,0,0,3,0,79" ten="190,510,350,0" oya="1" hai0="62,123,127,54,114,69,112,81,41,84,126,117,109" hai1="39,86,92,72,51,98,47,52,97,0,133,94,65" hai2="38,33,110,83,80,129,118,91,116,134,99,58,36" hai3=""/><U46/><E0/><V85/><F33/><T48/><N who="0" m="31520" /><T87/><D84/><U43/><E72/><V45/><F110/><T120/><N who="0" m="30752" /><T107/><D107/><U132/><E65/><V93/><F134/><T104/><D104/><U103/><REACH who="1" step="1"/><E86/><REACH who="1" ten="190,500,350,0" step="2"/><V131/><F85/><T67/><D109/><U63/><E63/><V128/><F118/><T56/><D117/><U49/><E49/><V53/><F116/><T1/><D1/><U76/><E76/><V3/><F3/><T68/><D68/><U44/><E44/><V60/><F45/><T135/><D135/><U95/><E95/><V42/><F36/><T32/><D32/><U130/><E130/><V57/><F57/><T2/><D2/><U50/><E50/><V35/><F35/><T125/><D41/><U55/><E55/><V37/><F38/><T64/><D64/><U74/><E74/><V77/><F37/><T105/><D105/><U90/><AGARI ba="0,1" hai="39,43,46,47,51,52,90,92,94,97,98,103,132,133" machi="90" ten="30,4000,0" yaku="1,1,0,1,54,1,53,0" doraHai="79" doraHaiUra="101" who="1" fromWho="1" sc="190,-20,500,50,350,-20,0,0" /><INIT seed="1,1,0,2,0,103" ten="170,550,330,0" oya="1" hai0="74,46,115,77,132,96,48,83,2,50,52,121,36" hai1="129,89,120,90,128,55,116,1,43,108,61,93,47" hai2="34,65,82,76,72,56,117,69,87,80,38,126,42" hai3=""/><U91/><N who="1" m="30752" /><U131/><E1/><V51/><F34/><T79/><N who="0" m="31008" /><T60/><D115/><U127/><E116/><V64/><F117/><T125/><D2/><U84/><E127/><V111/><F111/><T119/><D119/><U102/><E108/><V99/><F38/><T81/><D125/><U104/><E61/><V107/><F69/><T78/><D132/><U118/><E55/><V41/><F41/><T109/><D109/><U45/><E45/><V124/><F124/><T92/><D36/><U70/><E70/><V123/><N who="2" m="31520" /><V39/><F39/><T3/><D3/><U97/><REACH who="1" step="1"/><E118/><REACH who="1" ten="170,540,330,0" step="2"/><V40/><F126/><T44/><D60/><U54/><E54/><V71/><F71/><T114/><D114/><U86/><E86/><V37/><F87/><T122/><N who="0" m="31264" /><T35/><D35/><U95/><E95/><V105/><F42/><T73/><D44/><U0/><E0/><V62/><F62/><T58/><D46/><U112/><E112/><V49/><F40/><T75/><REACH who="0" step="1"/><D50/><AGARI ba="1,1" hai="43,47,50,84,89,90,91,93,97,102,104,128,129,131" m="30752" machi="50" ten="40,12000,1" yaku="1,1,19,1,52,2,53,0" doraHai="103" doraHaiUra="63" who="1" fromWho="0" sc="170,-122,540,132,330,0,0,0" /><INIT seed="1,2,0,0,5,100" ten="48,672,330,0" oya="1" hai0="106,55,111,109,42,50,49,0,96,62,56,46,45" hai1="114,78,82,74,77,134,41,1,34,67,119,59,75" hai2="124,123,131,102,44,73,107,36,99,54,125,47,108" hai3=""/><U58/><E1/><V130/><N who="2" m="31520" /><V72/><F108/><N who="0" m="41546" /><D0/><U3/><E3/><V90/><F90/><T88/><D88/><U84/><E34/><V37/><F54/><T79/><D79/><U61/><E119/><V52/><F52/><T101/><D46/><N who="2" m="17450" /><F36/><AGARI ba="2,0" hai="36,42,45,49,50,55,56,62,96,101,106" m="41546" machi="36" ten="30,2000,0" yaku="14,1,52,1" doraHai="100" who="0" fromWho="2" sc="48,24,672,0,330,-24,0,0" /><INIT seed="2,0,0,1,4,106" ten="72,672,306,0" oya="2" hai0="120,36,76,74,135,65,84,38,1,56,103,81,41" hai1="127,48,97,77,63,110,131,55,88,95,102,67,50" hai2="125,98,64,123,44,73,96,111,59,60,107,45,116" hai3=""/><V42/><N who="2" m="31520" /><V112/><F116/><T126/><N who="0" m="30752" /><T90/><D1/><U105/><E127/><V80/><F112/><T118/><D118/><U79/><E131/><V104/><F125/><T54/><D126/><U100/><E110/><V99/><F45/><T92/><D135/><U128/><E128/><V32/><F32/><T43/><D65/><U68/><E48/><V72/><F111/><T53/><D53/><U129/><E129/><V114/><F114/><T34/><D34/><U58/><E102/><V40/><F40/><T66/><D66/><U69/><E68/><V52/><F64/><T0/><D0/><U119/><E119/><V124/><F124/><T115/><D115/><U46/><E69/><V117/><F117/><T39/><REACH who="0" step="1"/><D103/><REACH who="0" ten="62,672,306,0" step="2"/><U83/><E67/><V75/><REACH who="2" step="1"/><F80/><REACH who="2" ten="62,672,296,0" step="2"/><T62/><AGARI ba="0,2" hai="36,38,39,41,43,54,56,62,74,76,81,84,90,92" m="30752" machi="62" ten="30,9000,2" yaku="1,1,2,1,0,1,52,2,53,1" doraHai="106" doraHaiUra="51" who="0" fromWho="0" sc="62,110,672,-30,296,-60,0,0" /><INIT seed="4,0,0,2,3,3" ten="172,642,236,0" oya="0" hai0="116,102,76,53,50,93,64,49,43,97,122,2,79" hai1="51,87,120,45,68,35,32,99,129,1,80,96,105" hai2="60,55,134,100,57,71,52,110,47,37,132,39,59" hai3=""/><T63/><N who="0" m="31264" /><T126/><D2/><U56/><N who="1" m="30752" /><U133/><E1/><V77/><F77/><T107/><D116/><U81/><E68/><V36/><F100/><T69/><D126/><U0/><E0/><V130/><F110/><T109/><D109/><U42/><E133/><N who="2" m="51307" /><F71/><T54/><D43/><U115/><E129/><V58/><F130/><T98/><D50/><AGARI ba="0,0" hai="36,37,39,47,50,52,55,57,58,59,60" m="51307" machi="50" ten="40,8000,1" yaku="20,1,34,2,54,1" doraHai="3" who="2" fromWho="0" sc="172,-80,642,0,236,80,0,0" /><INIT seed="5,0,0,3,2,119" ten="92,642,316,0" oya="1" hai0="70,63,134,74,98,56,3,55,59,57,2,91,103" hai1="52,113,54,1,71,105,35,67,114,135,126,84,89" hai2="44,104,86,40,94,72,112,66,82,133,109,39,41" hai3=""/><U90/><E1/><V125/><F104/><T32/><D74/><U107/><E35/><V42/><F109/><T87/><D32/><U46/><E135/><V53/><F133/><T36/><D134/><U124/><E71/><V100/><F125/><N who="1" m="48233" /><E67/><V99/><F112/><N who="1" m="43113" /><E89/><V120/><N who="2" m="30752" /><V65/><F72/><T50/><D70/><U81/><E46/><V122/><N who="2" m="31264" /><V76/><F39/><T111/><D36/><U34/><E34/><V0/><F0/><T131/><D111/><U101/><E101/><V118/><F118/><T108/><D108/><U128/><E128/><V123/><N who="2" m="31520" /><V49/><AGARI ba="0,0" hai="40,41,42,44,49,53,65,66,76,82,86,94,99,100" m="31520,31264,30752" machi="49" ten="30,12000,3" yaku="4,1,0,1,8,1,52,6" doraHai="119" who="2" fromWho="2" sc="92,-40,642,-80,316,120,0,0" /><INIT seed="6,0,0,5,5,98" ten="52,562,436,0" oya="2" hai0="97,1,118,123,39,125,119,57,73,41,102,113,111" hai1="75,65,56,50,127,52,74,120,37,2,46,93,38" hai2="130,94,40,51,85,108,122,36,90,48,78,58,117" hai3=""/><V129/><N who="2" m="31264" /><V84/><F117/><T64/><D97/><U114/><N who="1" m="30752" /><U70/><E2/><V86/><F108/><T131/><D102/><U105/><E105/><V103/><F103/><T101/><D57/><U35/><E35/><V104/><F104/><T91/><D41/><U134/><E134/><V43/><F36/><T106/><D64/><U67/><E127/><V42/><F78/><T99/><D99/><U109/><E109/><V96/><F58/><T115/><D91/><U128/><E128/><AGARI ba="0,0" hai="40,42,43,48,51,84,85,86,90,94,96,128,129,130" m="31264" machi="128" ten="50,4800,0" yaku="19,1,52,1" doraHai="98" who="2" fromWho="1" sc="52,0,562,-48,436,48,0,0" /><INIT seed="6,1,0,5,2,58" ten="52,514,484,0" oya="2" hai0="63,72,2,129,51,113,91,131,100,119,114,112,82" hai1="0,105,118,87,122,102,99,107,132,34,84,44,61" hai2="47,67,116,69,54,35,121,52,46,76,110,73,56" hai3=""/><V98/><N who="2" m="31008" /><V64/><F35/><T109/><D51/><U77/><N who="1" m="31264" /><U43/><E0/><V96/><F116/><T78/><D63/><U125/><E34/><V45/><F110/><T48/><D48/><U80/><E118/><V59/><F73/><T92/><D2/><U33/><E33/><V62/><F76/><T3/><D3/><U128/><E128/><V135/><F135/><T60/><D60/><U115/><E132/><V39/><F39/><T79/><D119/><U66/><E125/><V103/><F69/><T126/><D109/><U124/><E124/><V49/><F103/><T50/><D50/><U70/><E115/><V89/><F89/><T133/><D133/><U74/><E107/><V104/><F104/><T36/><D36/><AGARI ba="1,0" hai="36,43,44,61,66,70,74,77,80,84,87,99,102,105" m="31264" machi="36" ten="30,3900,0" yaku="7,1,52,2" doraHai="58" who="1" fromWho="0" sc="52,-41,514,41,484,0,0,0" owari="11,-59.0,555,51.0,484,8.0,0,0.0" /></mjloggm>