<mjloggm ver="2.3"><GO type="185" lobby="0"/><UN n0="%E3%82%8A%E3%82%80%E3%82%8B" n1="%E4%BD%90%E8%97%A4%E7%BE%8E%E5%92%8C%E5%AD%90" n2="%68%69%72%6F%6E%6E%32%30" n3="" dan="16,16,17,0" rate="2160.26,2137.95,2183.58,1500.00" sx="M,M,M,C"/><TAIKYOKU oya="0"/><INIT seed="0,0,0,1,0,107" ten="350,350,350,0" oya="0" hai0="115,112,58,105,55,47,87,134,96,71,75,130,84" hai1="131,133,38,52,88,120,80,1,127,81,43,37,77" hai2="51,95,33,101,100,67,126,99,73,64,72,44,70" hai3=""/><T132/><D75/><U125/><N who="1" m="30752" /><U0/><E131/><V90/><F33/><T98/><D71/><U59/><E133/><N who="0" m="51305" /><D47/><U128/><E128/><V48/><F126/><N who="1" m="48137" /><E81/><V116/><F116/><T50/><D130/><U109/><E109/><V114/><F114/><N who="0" m="43562" /><D105/><U118/><E118/><V61/><F67/><T46/><D46/><U113/><E113/><V92/><F51/><T36/><D36/><U65/><E65/><V54/><REACH who="2" step="1"/><F101/><REACH who="2" ten="350,350,340,0" step="2"/><T82/><D87/><AGARI ba="0,1" hai="44,48,54,61,64,70,72,73,87,90,92,95,99,100" machi="87" ten="30,8000,1" yaku="1,1,2,1,7,1,52,2,53,0" doraHai="107" doraHaiUra="117" who="2" fromWho="0" sc="350,-80,350,0,340,90,0,0" /><INIT seed="1,0,0,5,5,92" ten="270,350,430,0" oya="1" hai0="72,49,126,55,52,89,88,62,65,131,102,111,81" hai1="78,44,53,41,101,105,70,99,98,86,123,36,96" hai2="0,93,34,106,122,54,109,108,112,33,120,71,50" hai3=""/><U74/><N who="1" m="31520" /><U97/><E70/><V127/><N who="2" m="30752" /><V110/><N who="2" m="31264" /><V90/><F0/><T42/><D111/><U32/><E32/><V130/><F71/><T57/><D131/><U128/><E128/><V51/><F130/><T113/><D113/><U67/><E67/><V133/><F112/><T95/><D126/><U94/><E53/><V75/><F127/><T73/><D102/><U56/><E56/><V80/><F106/><T47/><D89/><U39/><E39/><V2/><F2/><T115/><D115/><U59/><E59/><V135/><F33/><T3/><D3/><U46/><E46/><V114/><F114/><T79/><REACH who="0" step="1"/><D73/><REACH who="0" ten="260,350,430,0" step="2"/><U48/><E74/><V60/><F34/><T117/><D117/><U125/><E125/><V121/><N who="2" m="31008" /><V132/><F75/><T64/><D64/><U43/><E36/><V91/><F135/><T85/><AGARI ba="0,1" hai="42,47,49,52,55,57,62,65,72,79,81,85,88,95" machi="85" ten="20,6000,1" yaku="1,1,0,1,7,1,54,2,53,0" doraHai="92" doraHaiUra="129" who="0" fromWho="0" sc="260,70,350,-40,430,-20,0,0" /><INIT seed="2,0,0,4,0,91" ten="330,310,410,0" oya="2" hai0="92,100,80,116,97,130,59,63,52,41,37,112,120" hai1="53,51,119,40,62,3,86,54,79,113,103,133,132" hai2="45,131,71,85,108,102,75,35,83,82,55,73,84" hai3=""/><V60/><F131/><T127/><N who="0" m="30752" /><T48/><D116/><U67/><E3/><V104/><F108/><T90/><D130/><U1/><E1/><V129/><F129/><T125/><D112/><U87/><E113/><V57/><F71/><T101/><D37/><U38/><E119/><V50/><F104/><T65/><D41/><U68/><E103/><V88/><F102/><T39/><D39/><U110/><E110/><V33/><F33/><T93/><D80/><U95/><E38/><V36/><F36/><T64/><D64/><U111/><E111/><V118/><F35/><T46/><REACH who="0" step="1"/><D101/><REACH who="0" ten="320,310,410,0" step="2"/><U115/><E115/><V69/><F118/><T126/><D126/><U105/><E40/><V66/><F69/><T58/><D58/><U99/><E68/><V106/><F106/><T124/><D124/><U61/><E105/><V2/><F2/><T109/><D109/><U44/><E132/><V107/><F107/><T70/><D70/><U128/><E133/><V34/><F34/><T123/><N who="0" m="31520" /><T78/><D78/><AGARI ba="0,1" hai="45,50,55,57,60,66,73,75,78,82,83,84,85,88" machi="78" ten="30,2900,0" yaku="7,1,54,1" doraHai="91" who="2" fromWho="0" sc="320,-29,310,0,410,39,0,0" /><INIT seed="2,1,0,2,4,129" ten="291,310,449,0" oya="2" hai0="34,106,105,123,37,56,97,112,0,119,52,41,89" hai1="102,87,101,111,51,64,47,84,62,117,79,121,63" hai2="36,95,122,69,50,124,77,2,61,65,39,55,48" hai3=""/><V130/><N who="2" m="31264" /><V94/><F2/><T98/><N who="0" m="31520" /><T75/><D119/><U88/><N who="1" m="31008" /><U134/><E117/><V120/><N who="2" m="30752" /><V73/><F130/><T85/><D0/><U107/><E111/><V104/><F104/><T74/><D34/><U115/><E115/><V108/><F108/><T45/><D112/><U67/><E79/><V53/><F124/><T43/><D43/><U126/><E126/><V128/><F128/><T1/><D1/><U135/><E107/><V92/><F73/><T57/><D57/><U113/><E113/><V110/><F77/><T54/><D54/><U59/><E51/><V116/><F110/><T80/><D105/><U42/><E47/><V86/><F86/><T72/><REACH who="0" step="1"/><D106/><REACH who="0" ten="281,310,449,0" step="2"/><U91/><E59/><V82/><F116/><T114/><D114/><U32/><E42/><V96/><F55/><T100/><D100/><U103/><E102/><V49/><F53/><T68/><D68/><U35/><AGARI ba="1,1" hai="32,35,62,63,64,67,84,87,88,91,101,103,134,135" m="31008" machi="35" ten="25,9000,2" yaku="0,1,22,2,52,3,54,1" doraHai="129" who="1" fromWho="1" sc="281,-31,310,102,449,-61,0,0" /><INIT seed="4,0,0,0,4,125" ten="250,412,388,0" oya="0" hai0="122,32,88,3,37,0,95,39,33,87,54,53,116" hai1="123,86,108,80,75,40,61,103,129,70,49,50,38" hai2="130,41,71,72,115,58,85,51,96,124,98,91,89" hai3=""/><T132/><N who="0" m="31264" /><T94/><D87/><U120/><N who="1" m="30752" /><U109/><N who="1" m="31520" /><U106/><E75/><V93/><F124/><T92/><D88/><U82/><E38/><N who="0" m="14345" /><D116/><U134/><E103/><V64/><F72/><T56/><D56/><U60/><E86/><V111/><F85/><T59/><D59/><U57/><E57/><V110/><F58/><T112/><D112/><U62/><E82/><V131/><F115/><T117/><D132/><U42/><E80/><V105/><F105/><T78/><D78/><U43/><E106/><V101/><F101/><T48/><D48/><U1/><E50/><V81/><F81/><T36/><N who="0" m="14353" /><T97/><DORA hai="114" /><D97/><U74/><E49/><V99/><F99/><T133/><D133/><U126/><E134/><V104/><F104/><T102/><D117/><U79/><E79/><V69/><F51/><T44/><D44/><U65/><E74/><V121/><N who="2" m="31008" /><V67/><F93/><T83/><D83/><U66/><E126/><V52/><F41/><T46/><D46/><U118/><E42/><V73/><F73/><T2/><D102/><U55/><E43/><V127/><F127/><T84/><D84/><U113/><E40/><V63/><F63/><T35/><AGARI ba="0,0" hai="0,2,3,32,33,35,53,54,92,94,95" m="14353,31264" machi="35" ten="60,12000,2" yaku="5,1,29,2,28,2,52,1" doraHai="125,114" who="0" fromWho="0" sc="250,120,412,-60,388,-60,0,0" /><INIT seed="4,1,0,2,1,97" ten="370,352,328,0" oya="0" hai0="41,95,102,60,108,104,112,121,89,130,114,59,56" hai1="82,63,125,127,77,42,71,65,106,79,94,91,85" hai2="87,88,122,34,2,3,35,62,33,119,66,105,123" hai3=""/><T76/><N who="0" m="31008" /><T37/><D130/><U58/><E106/><V116/><N who="2" m="31264" /><V93/><N who="2" m="31520" /><V52/><F105/><T78/><D108/><U131/><E131/><V96/><F66/><T92/><D104/><U48/><E42/><V75/><F75/><T115/><D37/><U0/><E0/><V134/><F134/><T38/><D38/><U81/><E48/><V40/><F40/><T1/><D1/><U99/><REACH who="1" step="1"/><E71/><REACH who="1" ten="370,342,328,0" step="2"/><V46/><F2/><T110/><D41/><U120/><N who="1" m="30752" /><U68/><E68/><V83/><F3/><T86/><D110/><U101/><E101/><V98/><F33/><T133/><D133/><U100/><E100/><V39/><F34/><T47/><D102/><U135/><E135/><V45/><F35/><T50/><D50/><U70/><E70/><V72/><F39/><T90/><D47/><U111/><E111/><V64/><F45/><T54/><REACH who="0" step="1"/><D59/><REACH who="0" ten="360,342,328,0" step="2"/><U36/><E36/><V43/><F43/><T118/><D118/><U117/><E117/><V73/><F119/><T57/><D57/><U80/><E80/><V51/><F116/><T49/><D49/><U126/><E126/><V113/><F83/><T53/><D53/><U84/><AGARI ba="1,2" hai="58,63,65,77,79,81,82,84,85,91,94,99,125,127" m="30752" machi="84" ten="30,5900,0" yaku="1,1,0,1,9,1,52,1,53,0" doraHai="97" doraHaiUra="107" who="1" fromWho="1" sc="360,-40,342,81,328,-21,0,0" /><INIT seed="5,0,0,3,4,84" ten="320,423,307,0" oya="1" hai0="73,49,83,46,88,67,125,96,51,121,63,82,95" hai1="91,87,52,75,114,59,133,62,122,2,104,116,74" hai2="99,105,93,109,127,70,48,79,43,101,111,56,81" hai3=""/><U94/><N who="1" m="31264" /><U65/><E116/><V102/><F70/><T34/><N who="0" m="31008" /><T113/><D34/><U61/><E2/><V128/><F127/><T41/><D125/><U120/><N who="1" m="30752" /><U135/><E104/><V0/><F0/><T47/><D113/><U100/><E100/><V89/><F128/><T86/><D73/><U68/><REACH who="1" step="1"/><E114/><REACH who="1" ten="320,413,307,0" step="2"/><V55/><F102/><T72/><D72/><AGARI ba="0,1" hai="52,59,61,62,65,68,72,74,75,87,91,94,133,135" m="30752,31264" machi="72" ten="40,24000,3" yaku="1,1,2,1,52,3,54,1,53,2" doraHai="84" doraHaiUra="131" who="1" fromWho="0" sc="320,-240,413,250,307,0,0,0" /><INIT seed="5,1,0,4,4,41" ten="80,663,307,0" oya="1" hai0="105,83,79,2,38,97,80,55,65,134,103,132,108" hai1="129,61,73,118,47,71,90,76,107,93,84,37,39" hai2="102,1,77,119,0,52,45,88,63,81,86,72,91" hai3=""/><U120/><N who="1" m="30752" /><U33/><E33/><V67/><F119/><T123/><N who="0" m="31520" /><T44/><D108/><U50/><E118/><V104/><F91/><T60/><D2/><U54/><E107/><V130/><F102/><T57/><D79/><U135/><E135/><V74/><F74/><T59/><D59/><U56/><E71/><V43/><F104/><T64/><D64/><U113/><E113/><V121/><N who="2" m="31008" /><V40/><F130/><T112/><D112/><U96/><E73/><V35/><F35/><T94/><D105/><U89/><E76/><V100/><F100/><T66/><D66/><U98/><E129/><V114/><F114/><T62/><D62/><U87/><E98/><V75/><F75/><T127/><D127/><U42/><E96/><V70/><F0/><T128/><D128/><U53/><E42/><V85/><F72/><T82/><REACH who="0" step="1"/><D38/><REACH who="0" ten="70,663,307,0" step="2"/><U124/><E124/><V133/><F1/><T110/><D110/><U68/><E68/><V78/><F78/><T3/><D3/><U126/><E126/><V106/><F106/><T109/><D109/><U36/><E37/><V92/><F133/><T95/><D95/><AGARI ba="1,1" hai="36,39,47,50,53,54,56,61,84,87,89,90,93,95" m="30752" machi="95" ten="30,11600,0" yaku="7,1,9,1,52,2" doraHai="41" who="1" fromWho="0" sc="70,-118,663,128,307,0,0,0" owari="-48,-65.0,791,74.0,307,-9.0,0,0.0" /></mjloggm>