<mjloggm ver="2.3"><GO type="169" lobby="0"/><UN n0="%E3%81%B5%E3%81%98%E3%81%8B%E3%81%A4" n1="%E5%90%8D%E5%89%8D%E6%9C%AA%E5%AE%9A" n2="%E4%B8%BB%E5%B8%AD" n3="%E3%81%A6%E3%82%93%E3%81%A6%E3%81%93%E7%8B%90" dan="16,17,16,16" rate="2153.35,2134.56,2155.65,2165.74" sx="M,M,M,M"/><TAIKYOKU oya="0"/><INIT seed="0,0,0,1,4,94" ten="250,250,250,250" oya="0" hai0="88,106,60,79,97,40,46,7,128,103,132,80,53" hai1="49,51,3,67,101,37,52,0,118,133,14,20,76" hai2="90,32,84,36,54,83,124,55,69,44,34,21,112" hai3="102,58,113,70,98,29,48,25,78,122,63,72,92"/><T81/><D132/><U65/><E118/><V61/><F112/><W66/><G113/><T33/><D33/><U93/><E37/><V38/><F124/><W123/><G72/><T23/><D128/><U62/><E76/><V119/><F119/><W87/><G70/><T59/><D7/><U134/><E93/><V85/><F69/><W2/><G2/><T108/><D108/><U41/><E101/><V121/><F21/><W105/><G48/><T1/><D1/><U77/><E77/><V95/><F121/><W43/><G43/><T17/><D79/><U18/><E41/><V126/><F126/><W107/><G78/><T64/><D64/><U89/><E89/><V28/><F95/><W4/><G4/><T35/><D35/><U111/><E51/><V22/><F22/><N who="3" m="15543" /><G87/><T135/><D135/><N who="1" m="51723" /><E67/><V5/><F5/><W11/><G11/><T15/><REACH who="0" step="1"/><D88/><REACH who="0" ten="240,250,250,250" step="2"/><U45/><E111/><V9/><F90/><W96/><G96/><T115/><D115/><U26/><E0/><V6/><F84/><W109/><G109/><T73/><D73/><U47/><E3/><V86/><F85/><W82/><G82/><T104/><D104/><AGARI ba="0,1" hai="58,63,66,92,98,102,104,105,107,122,123" m="15543" machi="104" ten="30,2000,0" yaku="25,1,52,1" doraHai="94" who="3" fromWho="0" sc="240,-20,250,0,250,0,250,30" /><INIT seed="1,0,0,5,1,87" ten="220,250,250,280" oya="1" hai0="27,31,30,48,75,13,9,5,95,133,84,28,96" hai1="97,0,44,116,90,121,62,125,81,33,108,38,14" hai2="64,117,79,45,128,76,78,103,66,1,85,91,16" hai3="32,35,82,15,60,124,113,55,99,93,7,18,80"/><U94/><E116/><V72/><F117/><W114/><G124/><T111/><D75/><U41/><E121/><V58/><F72/><W63/><G7/><T104/><D104/><U29/><E0/><V127/><F1/><W77/><G35/><T67/><D133/><U135/><E135/><V68/><F68/><W19/><G32/><T25/><D111/><U54/><E125/><V40/><F127/><W39/><G39/><T130/><D130/><U34/><E29/><V83/><F128/><W49/><G114/><T12/><D67/><U51/><E108/><V11/><F103/><W52/><G113/><T37/><D37/><U102/><E14/><N who="2" m="7263" /><F58/><N who="3" m="34887" /><G63/><T118/><D118/><U59/><E81/><N who="3" m="31338" /><G15/><T109/><D109/><U115/><E115/><V17/><F17/><W70/><G77/><T24/><D84/><U132/><E132/><V53/><F40/><W73/><G70/><T131/><D131/><U126/><E126/><V69/><F69/><W4/><G4/><T46/><D5/><U110/><E110/><V47/><F47/><N who="3" m="28095" /><G73/><T10/><D13/><U98/><REACH who="1" step="1"/><E38/><REACH who="1" ten="220,240,250,280" step="2"/><V123/><F123/><W120/><G120/><T107/><D12/><U36/><E36/><V8/><F8/><W22/><G22/><T50/><D9/><U122/><E122/><V61/><F61/><W21/><G21/><T6/><D10/><U74/><E74/><V56/><F78/><W92/><G18/><T112/><D112/><U71/><E71/><V119/><F119/><W106/><G19/><T86/><D6/><U105/><AGARI ba="0,1" hai="33,34,41,44,51,54,59,62,90,94,97,98,102,105" machi="105" ten="20,7800,0" yaku="1,1,0,1,7,1,52,1,53,0" doraHai="87" doraHaiUra="20" who="1" fromWho="1" sc="220,-26,240,88,250,-26,280,-26" /><INIT seed="1,1,0,5,4,26" ten="194,328,224,254" oya="1" hai0="5,1,126,35,33,134,86,74,133,109,32,120,84" hai1="42,9,82,51,87,108,119,17,7,124,48,117,91" hai2="95,52,81,131,54,100,12,25,114,41,60,94,76" hai3="75,77,79,73,49,53,65,125,59,68,21,99,98"/><U34/><E124/><V19/><F131/><W20/><G125/><T64/><D74/><U113/><E113/><V132/><F114/><W45/><G68/><T15/><D64/><U66/><E108/><V8/><F132/><N who="0" m="50794" /><D86/><U92/><E34/><V80/><F41/><W135/><G135/><T39/><D39/><U22/><E66/><V57/><F100/><W63/><G73/><T102/><D84/><U69/><E69/><V101/><F101/><W96/><REACH who="3" step="1"/><G75/><REACH who="3" ten="194,328,224,244" step="2"/><T55/><D126/><U23/><E117/><V70/><F70/><W40/><G40/><T85/><D120/><U2/><E119/><V71/><F71/><W36/><G36/><T16/><D109/><U62/><E42/><V123/><F123/><W38/><G38/><T104/><D55/><U3/><E3/><V13/><F54/><W121/><G121/><T115/><D115/><U50/><E62/><V97/><F60/><W30/><G30/><T14/><D1/><U78/><E50/><V118/><F118/><W61/><G61/><T29/><D29/><U90/><E51/><V56/><F52/><W103/><G103/><T122/><D102/><U112/><E48/><V10/><F76/><AGARI ba="1,1" hai="20,21,45,49,53,59,63,65,76,77,79,96,98,99" machi="76" ten="40,2600,0" yaku="1,1,8,1,53,0" doraHai="26" doraHaiUra="31" who="3" fromWho="2" sc="194,0,328,0,224,-29,244,39" /><INIT seed="2,0,0,5,0,18" ten="194,328,195,283" oya="2" hai0="129,14,85,80,37,78,89,15,20,32,45,101,48" hai1="2,76,39,64,4,60,79,44,49,93,99,26,53" hai2="69,90,5,42,8,30,111,51,47,38,119,54,70" hai3="108,3,40,132,109,55,21,118,56,128,17,102,23"/><V130/><F119/><W96/><G3/><T13/><D129/><U103/><E39/><V134/><F130/><W107/><G128/><T95/><D37/><U72/><E72/><V131/><F131/><W59/><G118/><T71/><D32/><U11/><REACH who="1" step="1"/><E26/><REACH who="1" ten="194,318,195,283" step="2"/><V87/><F134/><W0/><G132/><T104/><D71/><AGARI ba="0,1" hai="2,4,11,44,49,53,60,64,71,76,79,93,99,103" machi="71" ten="30,7700,0" yaku="1,1,2,1,7,1,53,1" doraHai="18" doraHaiUra="65" who="1" fromWho="0" sc="194,-77,318,87,195,0,283,0" /><INIT seed="3,0,0,0,4,119" ten="117,405,195,283" oya="3" hai0="111,82,77,64,6,104,102,76,43,19,99,8,94" hai1="127,81,85,21,51,97,96,57,107,101,46,13,63" hai2="3,24,91,103,27,78,117,70,22,61,12,118,131" hai3="47,114,18,66,126,67,16,45,84,113,11,35,120"/><W129/><G35/><T10/><D111/><U105/><E127/><V36/><F3/><W4/><G126/><T116/><D116/><U110/><E110/><V1/><F1/><W80/><G129/><T124/><D124/><U29/><E105/><V74/><F131/><W93/><G93/><T100/><D64/><U49/><E97/><V7/><F36/><W125/><G125/><T86/><D43/><U106/><E106/><V44/><F103/><W73/><G73/><T5/><D19/><U71/><E71/><V17/><F74/><W109/><G109/><T28/><D28/><U58/><E58/><V40/><F78/><W98/><G84/><T54/><D77/><U132/><E132/><V79/><F79/><W50/><G50/><T26/><D26/><U90/><E29/><V135/><F135/><W56/><G56/><T33/><D33/><U128/><E128/><V37/><F91/><W134/><G134/><T112/><D112/><U121/><E121/><V133/><F133/><W87/><G87/><T108/><D108/><U14/><E21/><V32/><F27/><W20/><G20/><T48/><D104/><U59/><E59/><V9/><F32/><W123/><G98/><T89/><D10/><U60/><E60/><V62/><F62/><W65/><G80/><T23/><D23/><U30/><E30/><V41/><F41/><W52/><G114/><T88/><D89/><U0/><E63/><V83/><F83/><W75/><G113/><T122/><D122/><U34/><E34/><V31/><F31/><W68/><G123/><T15/><D5/><RYUUKYOKU ba="0,0" sc="117,15,405,-15,195,15,283,-15" hai0="6,8,15,48,54,76,82,86,88,94,99,100,102" hai2="7,9,12,17,22,24,37,40,44,61,70,117,118" /><INIT seed="4,1,0,0,5,68" ten="132,390,210,268" oya="0" hai0="47,11,96,49,89,20,46,102,43,5,15,74,56" hai1="80,27,57,17,81,28,61,63,53,2,50,133,121" hai2="125,67,51,110,62,65,58,44,88,8,106,86,13" hai3="76,48,35,94,124,109,36,99,100,69,22,122,97"/><T54/><D74/><U73/><E121/><V31/><F125/><W10/><G69/><T14/><D89/><U129/><E133/><V7/><F110/><W41/><G35/><T83/><D83/><U77/><E129/><V30/><F67/><W112/><G109/><T126/><D126/><U87/><E2/><V66/><F66/><W40/><G112/><T119/><D119/><U59/><E17/><V18/><F106/><W98/><G124/><T117/><D117/><U116/><E116/><V84/><F7/><W93/><G76/><T0/><D20/><U105/><E105/><V72/><F72/><W111/><G111/><T3/><D3/><U6/><E6/><V26/><F26/><W107/><G10/><T104/><REACH who="0" step="1"/><D47/><REACH who="0" ten="122,390,210,268" step="2"/><U24/><E73/><V52/><F86/><W21/><G22/><T42/><D42/><U120/><E81/><AGARI ba="1,1" hai="8,13,18,30,31,44,51,52,58,62,65,81,84,88" machi="81" ten="30,12000,2" yaku="7,1,25,2,8,1,54,2" doraHai="68" who="2" fromWho="1" sc="122,0,390,-123,210,133,268,0" /><INIT seed="5,0,0,0,0,100" ten="122,267,343,268" oya="1" hai0="29,77,36,25,13,113,18,133,10,99,103,72,90" hai1="60,23,129,1,39,134,42,122,74,130,124,6,9" hai2="40,21,87,20,58,59,52,68,110,126,41,101,15" hai3="3,97,86,8,33,32,66,47,43,93,115,109,111"/><U0/><E122/><V104/><F68/><W64/><G115/><T135/><D36/><U83/><E134/><V79/><F110/><W105/><G32/><T22/><D113/><U123/><E123/><V51/><F126/><W84/><G33/><T81/><REACH who="0" step="1"/><D90/><REACH who="0" ten="112,267,343,268" step="2"/><U112/><E112/><V78/><F78/><W38/><G38/><T34/><D34/><U24/><E39/><V46/><F79/><W27/><G111/><T73/><D73/><U49/><E74/><V116/><F116/><W94/><G109/><T67/><D67/><U127/><E127/><V95/><F101/><W75/><G64/><T30/><D30/><U80/><E124/><V17/><F40/><W128/><G66/><T132/><D132/><U69/><E42/><V44/><F41/><W106/><G43/><T57/><D57/><U14/><E49/><V7/><F59/><W92/><G75/><T11/><D11/><U65/><E0/><V63/><F58/><W102/><G8/><T2/><D2/><U50/><E50/><V107/><F51/><W54/><G3/><T91/><D91/><U53/><E1/><V120/><F120/><W26/><G47/><T108/><D108/><U35/><E35/><V85/><F46/><W119/><G119/><T56/><D56/><U70/><E70/><V125/><F44/><W19/><G54/><T48/><D48/><U114/><E53/><V62/><F52/><W117/><G117/><T61/><D61/><U45/><E45/><V82/><F125/><W96/><G102/><T88/><D88/><U12/><E114/><V121/><F121/><RYUUKYOKU ba="0,1" sc="112,30,267,-10,343,-10,268,-10" hai0="10,13,18,22,25,29,72,77,81,99,103,133,135" /><INIT seed="6,1,1,1,4,82" ten="142,257,333,258" oya="2" hai0="14,10,17,106,12,9,92,63,119,70,29,112,48" hai1="5,61,65,59,77,40,1,108,103,52,72,97,110" hai2="13,118,56,66,32,91,67,115,122,11,62,16,60" hai3="100,3,85,19,26,50,27,75,31,64,35,87,80"/><V49/><F122/><W124/><G3/><T126/><D106/><U81/><E40/><V37/><F118/><W55/><G124/><T23/><D112/><U98/><E98/><V74/><F37/><W96/><G64/><T135/><D119/><U58/><E5/><V38/><F38/><W0/><G0/><T107/><D126/><U83/><E83/><V28/><F74/><W68/><G68/><T71/><D107/><U113/><E1/><V117/><F117/><W109/><G109/><T46/><D135/><U102/><E113/><V42/><F115/><W125/><G125/><T99/><D29/><U21/><E21/><V45/><F32/><W134/><G134/><T90/><D63/><N who="2" m="24106" /><F28/><W111/><G111/><T105/><D105/><U130/><E102/><V86/><F56/><W127/><G127/><T123/><D123/><U43/><E43/><V101/><F101/><W47/><G26/><T24/><D24/><U76/><E76/><V104/><F104/><W36/><G19/><T132/><D132/><U6/><E6/><V18/><F18/><W79/><REACH who="3" step="1"/><G36/><REACH who="3" ten="142,257,333,248" step="2"/><T129/><D71/><U94/><E110/><V2/><F2/><W7/><G7/><N who="0" m="3135" /><D70/><U69/><E108/><V88/><F67/><W128/><G128/><T41/><D129/><U53/><E130/><V114/><F114/><W15/><G15/><T120/><D120/><U57/><AGARI ba="1,2" hai="52,53,57,58,59,61,65,69,72,77,81,94,97,103" machi="57" ten="30,2000,0" yaku="0,1,54,1" doraHai="82" who="1" fromWho="1" sc="142,-6,257,43,333,-11,248,-6" /><INIT seed="7,0,0,4,1,55" ten="136,300,322,242" oya="3" hai0="28,133,56,58,135,108,47,46,132,126,38,35,14" hai1="75,26,107,120,100,131,122,68,80,34,127,86,27" hai2="74,109,15,104,81,1,8,60,20,78,23,45,113" hai3="90,13,87,18,116,91,119,70,32,11,99,84,97"/><W4/><G32/><T12/><D35/><U43/><E27/><V85/><F109/><W105/><G70/><T102/><D102/><U57/><E75/><V114/><F104/><W3/><G119/><T110/><D28/><U40/><E68/><V77/><F1/><W118/><G118/><T21/><D21/><U94/><E107/><V17/><F77/><W121/><G121/><T41/><D12/><U31/><E131/><V33/><F33/><W52/><G116/><T117/><D117/><U66/><E127/><V48/><F60/><W29/><G29/><T9/><D126/><U95/><E120/><V16/><F74/><W42/><G105/><T71/><D71/><U123/><E123/><V65/><F65/><W129/><G129/><T82/><D82/><U6/><E6/><V93/><F93/><W125/><G125/><T50/><D9/><U59/><E66/><V112/><F17/><W69/><G69/><T61/><D14/><U106/><E106/><V2/><F2/><W19/><G3/><T30/><D30/><U101/><E95/><V24/><F24/><W115/><G13/><T96/><D96/><U39/><E101/><V53/><AGARI ba="0,0" hai="8,15,16,20,23,45,48,53,78,81,85,112,113,114" machi="53" ten="30,4000,0" yaku="0,1,15,1,54,1" doraHai="55" who="2" fromWho="2" sc="136,-10,300,-10,322,40,242,-20" owari="126,-37.0,290,9.0,362,46.0,222,-18.0" /></mjloggm>