<mjloggm ver="2.3"><GO type="169" lobby="0"/><UN n0="%E3%81%B4%E3%82%8C" n1="%E3%82%84%E3%81%8F%E3%81%97%E3%81%BE%E3%82%8B%E3%81%88%E3%81%A4%E3%81%93" n2="%CE%BC%E3%81%97%E3%82%82%E3%81%A7" n3="%E3%81%A9%E3%81%84%E3%83%BC%E3%82%93" dan="16,16,17,16" rate="2075.11,2058.46,2156.41,2072.96" sx="M,F,M,M"/><TAIKYOKU oya="0"/><INIT seed="0,0,0,4,0,15" ten="250,250,250,250" oya="0" hai0="135,92,23,104,42,88,110,87,84,25,31,133,6" hai1="64,46,106,75,108,98,19,63,41,30,28,56,90" hai2="26,96,101,123,71,12,105,33,49,114,39,57,54" hai3="7,82,9,81,128,102,68,62,29,61,120,86,132"/><T5/><D104/><U13/><E108/><V100/><F123/><W77/><G120/><T115/><D115/><U94/><E75/><V121/><F121/><W99/><G128/><T127/><D127/><U53/><E64/><V36/><F114/><W126/><G126/><T67/><D110/><U17/><E106/><V34/><F101/><W24/><G81/><T59/><D42/><U103/><E103/><V47/><F71/><W109/><G68/><T70/><D70/><U16/><REACH who="1" step="1"/><E13/><REACH who="1" ten="250,240,250,250" step="2"/><V32/><F12/><W74/><G109/><T14/><D14/><U93/><E93/><V2/><F2/><W48/><G7/><T45/><D133/><U27/><E27/><V10/><F10/><W117/><G9/><T72/><D135/><U51/><AGARI ba="0,1" hai="16,17,19,28,30,41,46,51,53,56,63,90,94,98" machi="51" ten="30,16000,3" yaku="1,1,0,1,8,1,52,3,54,1,53,1" doraHai="15" doraHaiUra="85" who="1" fromWho="1" sc="250,-80,240,170,250,-40,250,-40" /><INIT seed="1,0,0,4,1,108" ten="170,410,210,210" oya="1" hai0="6,26,44,31,46,67,113,27,64,125,4,11,55" hai1="122,101,107,127,91,29,20,39,65,83,86,22,104" hai2="90,117,25,59,85,38,43,1,19,129,24,116,70" hai3="100,3,60,77,61,33,32,82,81,84,54,75,123"/><U16/><E122/><V12/><F70/><W52/><G3/><T40/><D125/><U47/><E127/><V97/><F1/><W66/><G123/><T34/><D55/><U135/><E135/><V57/><F129/><W103/><G84/><T50/><D27/><U133/><E133/><V17/><F97/><W89/><G77/><T88/><D46/><U124/><E29/><V51/><F38/><W106/><G106/><T69/><D69/><U45/><E22/><V37/><F37/><W48/><G48/><T14/><D6/><U28/><E28/><V80/><F43/><W71/><G71/><T111/><D111/><U21/><E21/><V118/><F17/><W5/><G89/><T132/><D132/><U115/><E65/><V76/><F76/><W96/><G96/><T121/><D121/><U7/><E7/><V13/><F13/><W30/><G30/><T98/><REACH who="0" step="1"/><D113/><REACH who="0" ten="160,410,210,210" step="2"/><U63/><E115/><V74/><F118/><W109/><G5/><T49/><D49/><U41/><E47/><V79/><F117/><W62/><G109/><T120/><D120/><U8/><E45/><V126/><F116/><W2/><G2/><T18/><D18/><U73/><E16/><V68/><F68/><W35/><G66/><T36/><D36/><U95/><E39/><V93/><F126/><W87/><G54/><T112/><D112/><U53/><E53/><N who="2" m="31935" /><F59/><W99/><G52/><T9/><D9/><U134/><E8/><N who="2" m="6535" /><F24/><W130/><G60/><T110/><D110/><U56/><E124/><V78/><F25/><W72/><G62/><T102/><D102/><RYUUKYOKU ba="0,1" sc="160,15,410,-15,210,15,210,-15" hai0="4,11,14,26,31,34,40,44,50,64,67,88,98" hai2="74,78,79,80,85,90,93" /><INIT seed="2,1,1,3,5,81" ten="175,395,225,195" oya="2" hai0="38,50,27,73,84,61,55,31,15,105,134,5,54" hai1="6,125,114,85,129,112,89,80,53,40,113,135,37" hai2="90,128,35,76,111,96,100,59,19,7,51,65,93" hai3="43,75,46,28,116,36,120,39,60,115,9,133,34"/><V110/><F35/><W14/><G116/><T69/><D73/><U101/><E125/><V48/><F128/><W32/><G120/><T11/><D105/><U107/><E6/><V87/><F7/><W30/><G133/><T42/><D134/><U33/><E33/><V82/><F19/><W18/><G75/><T108/><D108/><N who="2" m="41514" /><F65/><W102/><G102/><T1/><D1/><U121/><E121/><V79/><F59/><W99/><G99/><T13/><D13/><U104/><E135/><V45/><F48/><W21/><G39/><T72/><D72/><U132/><E132/><V71/><F71/><W94/><G115/><T97/><D97/><U127/><E129/><V22/><F22/><W118/><G118/><T16/><D5/><U86/><E127/><V91/><F100/><W25/><G30/><T10/><D10/><U12/><E101/><V3/><F3/><W8/><G8/><T63/><D69/><U70/><E70/><V117/><F117/><W122/><G122/><T44/><D55/><AGARI ba="1,1" hai="45,51,55,76,79,82,87,90,91,93,96" m="41514" machi="55" ten="30,5800,0" yaku="14,1,10,1,52,1" doraHai="81" who="2" fromWho="0" sc="175,-61,395,0,225,71,195,0" /><INIT seed="2,2,0,5,5,114" ten="114,395,296,195" oya="2" hai0="65,33,60,51,9,112,63,38,105,50,10,34,85" hai1="107,40,87,55,123,101,8,31,57,19,11,108,97" hai2="132,25,53,102,118,130,117,32,54,30,86,48,96" hai3="16,68,99,111,67,90,80,23,28,94,56,127,103"/><V83/><F132/><W52/><G127/><T26/><D85/><U135/><E108/><V49/><F130/><W106/><G111/><T134/><D26/><U75/><E75/><V17/><F17/><W88/><G28/><T24/><D24/><U46/><E135/><V42/><F42/><W109/><G109/><T47/><D47/><U6/><E31/><V1/><F1/><W21/><G21/><T76/><D76/><U4/><E123/><V15/><F15/><W81/><G67/><T128/><D128/><U43/><E87/><V73/><F73/><W125/><G68/><T22/><D22/><U59/><E19/><V69/><F69/><W126/><G125/><T18/><D18/><U70/><E70/><V133/><F133/><W0/><G0/><T82/><D82/><N who="3" m="31849" /><G106/><T35/><D38/><U66/><E66/><V72/><F72/><W113/><G113/><T74/><D74/><U44/><E55/><V100/><F53/><W71/><G71/><T121/><D121/><U110/><E110/><V12/><F12/><N who="3" m="9607" /><G126/><T104/><D35/><U20/><E20/><V93/><F102/><W37/><G37/><T64/><D134/><U92/><E101/><V98/><F98/><W84/><G84/><T91/><REACH who="0" step="1"/><D112/><REACH who="0" ten="104,395,296,195" step="2"/><U3/><E97/><V119/><REACH who="2" step="1"/><F54/><REACH who="2" ten="104,395,286,195" step="2"/><W79/><G79/><AGARI ba="2,2" hai="25,30,32,48,49,79,83,86,93,96,100,117,118,119" machi="79" ten="40,12000,1" yaku="1,1,2,1,52,3,53,0" doraHai="114" doraHaiUra="2" who="2" fromWho="3" sc="104,0,395,0,286,146,195,-126" /><INIT seed="2,3,0,3,3,110" ten="104,395,432,69" oya="2" hai0="38,67,135,60,24,23,116,83,47,106,31,18,52" hai1="121,4,120,75,105,36,34,19,76,10,80,35,86" hai2="134,71,69,107,133,96,98,70,100,117,42,77,9" hai3="27,61,50,63,13,102,39,2,45,54,43,8,88"/><V49/><F117/><W21/><G2/><T132/><D106/><U97/><E19/><V79/><F9/><W29/><G102/><T28/><D116/><U5/><E5/><V114/><F42/><W30/><G30/><T6/><D6/><U1/><E86/><V108/><F49/><W128/><G128/><T64/><D83/><U126/><E126/><V89/><F108/><W101/><G101/><T78/><D78/><U124/><E36/><V51/><F51/><W118/><G118/><T22/><D38/><U48/><E48/><V20/><F20/><W16/><REACH who="3" step="1"/><G88/><REACH who="3" ten="104,395,432,59" step="2"/><T68/><D31/><U85/><E124/><V14/><F89/><W123/><G123/><T59/><D47/><AGARI ba="3,1" hai="8,13,16,21,27,29,39,43,45,47,50,54,61,63" machi="47" ten="30,3900,0" yaku="1,1,7,1,54,1,53,0" doraHai="110" doraHaiUra="130" who="3" fromWho="0" sc="104,-48,395,0,432,0,59,58" /><INIT seed="3,0,0,3,4,34" ten="56,395,432,117" oya="3" hai0="104,65,58,111,9,72,105,102,48,0,29,39,95" hai1="107,30,113,20,115,15,78,121,19,88,79,100,101" hai2="51,85,129,69,7,53,17,119,71,56,128,3,67" hai3="110,81,2,22,74,25,28,57,37,99,21,135,18"/><W14/><G37/><T131/><D111/><U87/><E121/><V123/><F119/><W97/><G135/><T6/><D131/><U109/><E109/><V76/><F123/><W86/><G74/><T70/><D39/><U8/><E115/><V1/><F17/><W52/><G2/><N who="2" m="521" /><F7/><W66/><G66/><T49/><D72/><U89/><E107/><V61/><F85/><W64/><G64/><T132/><D29/><U127/><E113/><V98/><F98/><W24/><G14/><T43/><D132/><U46/><E46/><V73/><F76/><N who="1" m="29225" /><E89/><V94/><F94/><W106/><G106/><T23/><D23/><U118/><E118/><V50/><F73/><W134/><G134/><T42/><D70/><N who="2" m="26634" /><F67/><W125/><G125/><T80/><D104/><U47/><E47/><V27/><F27/><W77/><G110/><T44/><D105/><U133/><E127/><V124/><F124/><W91/><G77/><T16/><D80/><N who="1" m="49255" /><E133/><V10/><F10/><W13/><G13/><T59/><D65/><U55/><E55/><V108/><F108/><W12/><G12/><T92/><D92/><U4/><E4/><V93/><F93/><W11/><G11/><T82/><D82/><U84/><E84/><V112/><F112/><W26/><G26/><AGARI ba="0,0" hai="8,15,19,20,26,30,100,101" m="49255,29225" machi="26" ten="30,2000,0" yaku="8,1,54,1" doraHai="34" who="1" fromWho="3" sc="56,0,395,20,432,0,117,-20" /><INIT seed="4,0,0,2,0,102" ten="56,415,432,97" oya="0" hai0="91,71,134,92,5,128,94,119,35,104,0,40,28" hai1="132,10,95,114,51,47,11,86,33,97,89,116,8" hai2="29,13,15,109,56,3,63,21,100,110,54,113,14" hai3="126,57,34,90,61,83,82,127,1,121,31,80,105"/><T75/><D119/><U70/><E116/><V98/><F3/><W133/><G133/><T74/><D134/><U135/><E70/><V24/><REACH who="2" step="1"/><F113/><REACH who="2" ten="56,415,422,97" step="2"/><W23/><G121/><T111/><D111/><U18/><E114/><V120/><F120/><W22/><G1/><T76/><D0/><U129/><E129/><V107/><AGARI ba="0,1" hai="13,14,15,21,24,29,54,56,63,98,100,107,109,110" machi="107" ten="30,4000,0" yaku="1,1,0,1,52,1,53,0" doraHai="102" doraHaiUra="65" who="2" fromWho="2" sc="56,-20,415,-10,422,50,97,-10" /><INIT seed="5,0,0,1,2,6" ten="36,405,472,87" oya="1" hai0="72,84,11,90,15,98,89,61,85,103,130,75,93" hai1="68,106,114,111,50,47,14,77,19,105,63,64,12" hai2="24,27,20,18,2,125,65,40,1,83,80,100,3" hai3="69,23,122,112,42,99,128,102,37,48,133,81,26"/><U7/><E114/><V28/><F40/><W132/><G112/><T115/><D115/><U35/><E35/><V58/><F100/><W21/><G69/><T4/><D130/><U70/><E70/><V118/><F118/><W88/><G37/><T57/><D85/><U109/><E77/><V31/><F65/><W54/><G42/><T43/><D43/><N who="1" m="24959" /><E7/><V82/><F58/><W71/><G71/><T101/><D101/><U131/><E14/><V124/><F18/><W30/><G128/><T96/><D96/><U92/><E92/><V108/><F108/><N who="1" m="41545" /><E131/><V16/><REACH who="2" step="1"/><F28/><REACH who="2" ten="36,405,462,87" step="2"/><W49/><G30/><T9/><D90/><U67/><E67/><V56/><F56/><W36/><G88/><T76/><D76/><U39/><E39/><V38/><F38/><W5/><G36/><T119/><D119/><U74/><E74/><V91/><F91/><W129/><G129/><T13/><D75/><U22/><AGARI ba="0,1" hai="12,19,22,63,64,68,105,106" m="41545,24959" machi="22" ten="30,1500,0" yaku="10,1" doraHai="6" who="1" fromWho="1" sc="36,-5,405,25,462,-5,87,-5" /><INIT seed="5,1,0,5,0,106" ten="31,430,457,82" oya="1" hai0="6,79,17,98,14,120,135,104,68,127,73,29,131" hai1="114,78,13,101,11,77,59,39,115,71,56,2,19" hai2="67,55,95,46,75,85,92,76,125,129,80,69,112" hai3="113,36,124,16,111,72,33,28,43,44,25,102,109"/><U126/><E71/><V119/><F69/><W100/><G100/><T60/><D127/><U64/><E126/><V10/><F67/><W30/><G124/><T32/><D131/><U9/><E39/><V20/><F125/><W40/><G30/><T134/><D120/><U7/><E101/><V23/><F119/><W5/><G43/><T110/><D6/><U99/><E99/><V22/><F129/><W54/><G54/><T116/><D110/><U49/><E59/><V94/><F112/><N who="1" m="43049" /><E49/><N who="2" m="29111" /><F75/><W96/><G113/><T0/><D116/><U42/><E42/><V50/><F10/><W62/><G62/><AGARI ba="1,0" hai="2,7,9,11,13,19,56,62,64,77,78" m="43049" machi="62" ten="30,1500,0" yaku="15,1" doraHai="106" who="1" fromWho="3" sc="31,0,430,18,457,0,82,-18" /><INIT seed="5,2,0,2,1,6" ten="31,448,457,64" oya="1" hai0="97,108,72,88,26,56,133,49,58,106,47,60,105" hai1="101,80,21,69,78,134,54,1,0,40,96,135,13" hai2="39,112,59,27,41,2,122,130,32,48,14,46,119" hai3="84,70,83,91,98,17,104,126,113,124,20,7,109"/><U57/><E69/><V43/><F2/><W37/><G70/><T29/><D108/><U116/><E40/><V127/><F122/><W93/><G37/><T73/><D133/><U8/><E21/><V36/><F119/><W95/><G7/><T16/><D58/><U77/><E116/><V62/><F130/><W120/><G109/><T33/><D105/><U121/><E121/><V115/><F127/><N who="3" m="48683" /><G120/><T45/><D45/><U82/><E1/><V89/><F89/><W87/><G87/><T99/><D99/><U85/><E0/><V55/><F32/><W123/><G123/><T64/><D16/><N who="1" m="8231" /><E57/><V131/><F14/><N who="3" m="9271" /><G113/><N who="2" m="43593" /><F27/><W38/><G38/><N who="2" m="14377" /><F131/><W22/><G22/><T132/><D132/><N who="1" m="50731" /><E54/><AGARI ba="2,0" hai="41,43,46,48,54,55,59,62" m="14377,43593" machi="54" ten="30,7700,0" yaku="15,1,11,1,34,2" doraHai="6" who="2" fromWho="1" sc="31,0,448,-83,457,83,64,0" /><INIT seed="6,0,0,1,5,114" ten="31,365,540,64" oya="2" hai0="91,71,12,118,74,72,95,85,37,119,89,82,98" hai1="129,99,8,50,25,26,38,84,66,80,61,64,101" hai2="2,41,44,16,28,115,35,123,134,133,57,1,100" hai3="113,120,63,15,107,62,29,106,22,10,20,67,127"/><V54/><F100/><W110/><G120/><T125/><D71/><U77/><E38/><V108/><F123/><W23/><G110/><T6/><D37/><U97/><E129/><V55/><F108/><W102/><G113/><T117/><D125/><U73/><E73/><N who="0" m="28265" /><D12/><U126/><E126/><V33/><F28/><W75/><G75/><T131/><D6/><U45/><E8/><V40/><F115/><W65/><G127/><T103/><D131/><U14/><E14/><V0/><F16/><W78/><G78/><AGARI ba="0,0" hai="78,82,85,89,91,95,98,103,117,118,119" m="28265" machi="78" ten="40,12000,2" yaku="12,1,34,2,52,3" doraHai="114" who="0" fromWho="3" sc="31,120,365,0,540,0,64,-120" owari="151,-25.0,365,17.0,540,64.0,-56,-56.0" /></mjloggm>