<mjloggm ver="2.3"><GO type="225" lobby="0"/><UN n0="%28%C2%B4%E3%81%B8%CE%B5%E3%81%B8%60%29" n1="%E5%BE%80%E5%B9%B4%E3%81%AE%E3%82%B4%E3%83%AA%E3%83%A9" n2="%E3%81%95%E3%81%8D%E3%81%9F%E3%81%BE%E6%9E%97%E6%AA%8E" n3="%E2%96%BD%E4%B8%8E%E4%BD%9C%28%E3%81%8A%E3%81%AB%E3%81%8E%E3%82%8A" dan="16,16,16,17" rate="2081.31,2076.31,2128.24,2176.54" sx="M,M,M,M"/><TAIKYOKU oya="0"/><INIT seed="0,0,0,5,1,5" ten="250,250,250,250" oya="0" hai0="35,73,82,24,132,64,16,113,57,106,128,42,12" hai1="38,78,88,60,123,65,120,102,80,21,108,61,8" hai2="100,70,103,69,135,2,94,45,112,11,97,95,81" hai3="20,17,124,92,87,44,72,56,43,52,37,22,9"/><T84/><D113/><U98/><E38/><V41/><F135/><W34/><G34/><T48/><D132/><U99/><E108/><V15/><F112/><W129/><G72/><T4/><D106/><U59/><E21/><V27/><F2/><W46/><G124/><T19/><D73/><U68/><E99/><V47/><F81/><W121/><G129/><T32/><D128/><U79/><E79/><V58/><F58/><W74/><G74/><T18/><D24/><U83/><E83/><V7/><F27/><W23/><G121/><T10/><D64/><U29/><E29/><V26/><F26/><W109/><G109/><T110/><D110/><U89/><E78/><V101/><F47/><W119/><G119/><T105/><D105/><U1/><E80/><V134/><F134/><W130/><G130/><T104/><D104/><U71/><E71/><V125/><F125/><W66/><G66/><T28/><D28/><U117/><E117/><V13/><F13/><N who="3" m="7343" /><G43/><T53/><REACH who="0" step="1"/><D42/><REACH who="0" ten="240,250,250,250" step="2"/><U96/><E123/><V115/><F115/><W62/><G37/><T77/><AGARI ba="0,1" hai="4,10,12,16,18,19,32,35,48,53,57,77,82,84" machi="77" ten="30,12000,1" yaku="1,1,2,1,0,1,52,1,54,1,53,0" doraHai="5" doraHaiUra="126" who="0" fromWho="0" sc="240,130,250,-40,250,-40,250,-40" /><INIT seed="0,1,0,0,0,80" ten="370,210,210,210" oya="0" hai0="122,17,81,129,12,84,110,94,86,43,67,108,76" hai1="70,58,14,132,98,40,78,49,114,71,68,112,128" hai2="28,16,8,72,32,54,36,46,65,105,7,106,100" hai3="123,11,77,92,125,50,15,88,79,21,117,53,82"/><T75/><D122/><U74/><E74/><V22/><F72/><W62/><G117/><T31/><D129/><U59/><E78/><V45/><F65/><W52/><G125/><T116/><D116/><U107/><E107/><V87/><F36/><W61/><G123/><T118/><D118/><U111/><E98/><V47/><F32/><W134/><G134/><T131/><D131/><U19/><E128/><V4/><F28/><W26/><G82/><T41/><D31/><U119/><E119/><V33/><F33/><W57/><G21/><N who="0" m="11431" /><D94/><U101/><E101/><V89/><F100/><W27/><G77/><T126/><D67/><U18/><E132/><V55/><F106/><W130/><G79/><T30/><D30/><U124/><E124/><V60/><F105/><W121/><G121/><T1/><D1/><U73/><E73/><V0/><F4/><N who="3" m="3559" /><G130/><T9/><D9/><U109/><E19/><V56/><F0/><W66/><G66/><T38/><D126/><U25/><E25/><N who="3" m="9226" /><G53/><T103/><D103/><U2/><E2/><V34/><F34/><W37/><G37/><T99/><D38/><U113/><E18/><V115/><F7/><W93/><G93/><T133/><D133/><U85/><E14/><N who="2" m="9495" /><F8/><W44/><G57/><N who="1" m="21514" /><E85/><AGARI ba="1,0" hai="44,50,52,61,62,85,88,92" m="9226,3559" machi="85" ten="30,7700,0" yaku="8,1,52,1,54,2" doraHai="80" who="3" fromWho="1" sc="370,0,210,-80,210,0,210,80" /><INIT seed="1,0,0,4,0,39" ten="370,130,210,290" oya="1" hai0="71,114,2,25,73,33,104,12,66,27,120,101,116" hai1="5,65,14,50,8,0,90,130,40,41,10,81,62" hai2="45,58,26,7,105,109,32,80,88,43,127,134,124" hai3="38,23,29,96,79,9,46,91,93,55,37,28,84"/><U100/><E130/><V47/><F105/><W132/><G132/><T1/><D116/><U129/><E100/><V48/><F134/><W89/><G38/><T72/><D27/><U31/><E31/><V83/><F7/><W108/><G108/><T44/><D12/><U69/><E50/><N who="2" m="26943" /><F109/><W67/><G67/><T82/><D44/><U60/><E60/><V75/><F58/><W112/><G112/><T34/><D114/><U111/><E129/><V49/><F49/><N who="3" m="29111" /><G37/><T18/><D18/><U126/><E126/><N who="2" m="48171" /><F75/><W113/><G113/><T94/><D73/><U11/><E111/><V99/><F32/><W128/><G128/><T20/><D33/><U87/><REACH who="1" step="1"/><E11/><REACH who="1" ten="370,120,210,290" step="2"/><V21/><F48/><W30/><G9/><T22/><D101/><U122/><E122/><V121/><F121/><W16/><G30/><T118/><D120/><U3/><E3/><V24/><F47/><W68/><G29/><T97/><D1/><U77/><E77/><V76/><F76/><W63/><G28/><T110/><D2/><U106/><E106/><V117/><F117/><W86/><G79/><T4/><D104/><U17/><AGARI ba="0,1" hai="0,5,8,10,14,17,40,41,62,65,69,81,87,90" machi="17" ten="20,18000,2" yaku="1,1,0,1,7,1,52,2,53,1" doraHai="39" doraHaiUra="35" who="1" fromWho="1" sc="370,-60,120,190,210,-60,290,-60" /><INIT seed="1,1,0,4,3,121" ten="310,310,150,230" oya="1" hai0="31,23,68,43,102,82,111,30,132,97,16,71,74" hai1="64,84,73,22,39,133,20,45,0,56,69,50,11" hai2="26,114,13,2,78,65,66,6,91,34,5,115,10" hai3="110,90,25,106,47,18,17,32,103,14,83,38,107"/><U55/><E73/><V96/><F78/><W1/><G1/><T86/><D132/><U92/><E133/><V63/><F66/><W93/><G83/><T85/><D74/><U125/><E125/><V40/><F40/><W108/><G38/><T134/><D134/><U116/><E116/><V3/><F91/><W62/><G47/><T37/><D37/><U130/><E130/><V126/><F96/><N who="3" m="57399" /><G103/><T19/><D43/><N who="1" m="22783" /><E84/><V128/><F128/><W77/><G77/><T60/><D85/><U120/><E92/><V46/><F46/><W48/><G48/><T124/><D124/><U29/><E29/><N who="2" m="19767" /><F126/><W72/><G72/><T49/><D31/><U89/><E89/><V95/><F95/><W7/><G7/><N who="2" m="2569" /><F63/><W123/><G123/><T109/><D86/><U28/><E28/><V135/><F135/><W59/><G32/><T105/><D82/><U127/><E120/><V117/><F65/><N who="3" m="39135" /><G25/><N who="0" m="16703" /><D49/><U81/><E81/><V8/><F117/><W9/><G18/><N who="0" m="6699" /><D60/><N who="1" m="40071" /><E127/><V27/><F27/><W42/><G42/><T21/><D68/><U118/><E118/><V101/><F101/><W129/><G129/><T53/><D71/><U104/><E104/><V12/><F115/><W61/><G61/><T100/><D100/><U70/><E70/><V98/><F114/><W119/><G119/><T24/><D53/><U112/><E112/><V94/><F94/><W75/><G75/><T54/><D54/><U44/><E44/><V15/><F98/><W131/><G131/><T36/><D36/><U113/><E113/><V79/><F79/><W80/><G80/><T4/><D4/><AGARI ba="1,0" hai="0,4,11,20,22,50,55,56" m="40071,22783" machi="4" ten="30,2900,0" yaku="6,1,24,1" doraHai="121" who="1" fromWho="0" sc="310,-32,310,32,150,0,230,0" /><INIT seed="1,2,0,5,5,92" ten="278,342,150,230" oya="1" hai0="90,63,85,71,97,51,26,109,47,58,73,76,99" hai1="4,81,31,127,0,123,100,35,46,61,1,106,115" hai2="9,95,39,64,104,20,66,126,128,23,29,82,45" hai3="13,44,133,118,10,8,74,49,22,19,68,50,24"/><U60/><E115/><V7/><F104/><W107/><G74/><T12/><D71/><U6/><E123/><V16/><F126/><W80/><G68/><T5/><D109/><U21/><E35/><V116/><F116/><W2/><G118/><T62/><D73/><U119/><E127/><V88/><F82/><W72/><G107/><T57/><D26/><U130/><E130/><V25/><F128/><W96/><G133/><T3/><D3/><U103/><E81/><V111/><F111/><W78/><G96/><N who="0" m="36939" /><D76/><U98/><E1/><V28/><F39/><W41/><G2/><T131/><D131/><U14/><E0/><V40/><F40/><W134/><G134/><T11/><D62/><U101/><E61/><V94/><F94/><W70/><G70/><T15/><D15/><U114/><E60/><V112/><F112/><W77/><G78/><T32/><D32/><U18/><E114/><V56/><F7/><W110/><G110/><T69/><D63/><U129/><E129/><V87/><F45/><W108/><G108/><T67/><D67/><U117/><E46/><V59/><F66/><W30/><G72/><T135/><D135/><U38/><E38/><V105/><F105/><W91/><G77/><T113/><D113/><U122/><E119/><V132/><F132/><W120/><G44/><T121/><D121/><U79/><E122/><V27/><REACH who="2" step="1"/><F64/><REACH who="2" ten="278,342,140,230" step="2"/><W52/><G120/><T75/><D69/><U53/><E117/><V33/><F33/><W48/><G41/><N who="0" m="25071" /><D75/><U86/><E106/><V42/><F42/><W55/><G55/><T65/><D65/><RYUUKYOKU ba="2,1" sc="278,15,342,-15,140,15,230,-15" hai0="5,11,12,57,58,85,90" hai2="9,16,20,23,25,27,28,29,56,59,87,88,95" /><INIT seed="2,3,1,3,5,41" ten="293,327,155,215" oya="2" hai0="69,78,73,115,0,53,125,120,111,80,4,1,71" hai1="109,24,12,35,11,81,135,57,133,116,134,47,9" hai2="27,126,54,23,107,82,38,43,62,25,123,13,40" hai3="39,113,118,44,72,18,26,5,67,7,48,92,55"/><V83/><F123/><W61/><G118/><T64/><D120/><U84/><E116/><V99/><F126/><W74/><G39/><T130/><D115/><U76/><E109/><V89/><F107/><W3/><G113/><T31/><D111/><U8/><E57/><N who="2" m="35127" /><F38/><W127/><G127/><T10/><D125/><U36/><E36/><V128/><F128/><W102/><G3/><T121/><D121/><U66/><E66/><V65/><F65/><W85/><G74/><T93/><D130/><U87/><E87/><N who="2" m="50423" /><F99/><N who="3" m="59751" /><G72/><T21/><D0/><U30/><E47/><V108/><F108/><W106/><G106/><T104/><D104/><U46/><E46/><V52/><F52/><N who="3" m="29703" /><G85/><T19/><D64/><U37/><E37/><V94/><F43/><W122/><G67/><T51/><D71/><U101/><E101/><V70/><F40/><W129/><G129/><T16/><D69/><U14/><AGARI ba="3,1" hai="8,9,11,12,14,24,30,35,76,81,84,133,134,135" machi="14" ten="40,2700,0" yaku="0,1,20,1" doraHai="41" who="1" fromWho="1" sc="293,-10,327,46,155,-16,215,-10" /><INIT seed="3,0,0,3,4,47" ten="283,373,139,205" oya="3" hai0="4,97,112,61,45,46,72,7,69,135,90,41,87" hai1="15,21,11,62,23,68,28,94,0,129,83,84,105" hai2="32,85,60,65,16,118,3,98,25,66,57,122,52" hai3="131,96,49,134,35,71,82,88,31,59,120,30,24"/><W40/><G120/><T92/><D72/><U58/><E105/><V1/><F118/><W19/><G71/><T10/><D135/><U106/><E106/><V111/><F122/><W125/><G134/><T128/><D128/><U75/><E0/><V99/><F32/><W73/><G131/><T74/><D74/><U86/><E75/><V115/><F115/><W53/><G125/><T18/><D112/><U42/><E68/><V100/><F111/><W36/><G35/><T102/><D46/><U38/><E42/><V27/><F1/><W132/><G132/><T44/><D44/><U48/><E38/><V26/><F3/><W110/><G36/><T54/><D69/><U124/><E28/><V133/><F133/><W70/><G70/><T117/><D117/><U77/><E129/><V63/><F85/><N who="3" m="50231" /><G73/><T13/><D61/><N who="2" m="23626" /><F16/><W93/><G40/><T2/><D2/><U108/><E108/><V80/><F80/><W56/><G110/><T37/><D54/><U33/><E33/><V109/><F109/><W81/><G81/><AGARI ba="0,0" hai="4,7,10,13,18,37,41,45,81,87,90,92,97,102" machi="81" ten="30,1000,0" yaku="7,1" doraHai="47" who="0" fromWho="3" sc="283,10,373,0,139,0,205,-10" owari="293,9.0,373,47.0,139,-36.0,195,-20.0" /></mjloggm>