<mjloggm ver="2.3"><GO type="169" lobby="0"/><UN n0="%EF%BC%BC%28%EF%BC%BE%6F%EF%BC%BE%29%EF%BC%8F%E2%98%85" n1="%EF%BC%A9%EF%BC%A3%EF%BC%A8%EF%BC%A9" n2="%E3%81%B4%E3%82%8C" n3="%E3%81%A9%E3%81%84%E3%83%BC%E3%82%93" dan="17,17,16,16" rate="2232.28,2094.76,2073.19,2067.05" sx="M,M,M,M"/><TAIKYOKU oya="0"/><INIT seed="0,0,0,2,2,28" ten="250,250,250,250" oya="0" hai0="96,46,93,62,42,15,40,77,44,103,89,110,134" hai1="63,31,9,60,17,61,115,53,10,79,32,114,23" hai2="7,133,122,50,49,74,19,120,57,18,24,83,71" hai3="105,70,75,111,21,54,73,55,51,43,59,81,1"/><T78/><D134/><U85/><E53/><V25/><F71/><W30/><G105/><T3/><D3/><U5/><E79/><V94/><F94/><W6/><G70/><T84/><D110/><U97/><E85/><V64/><F7/><W12/><G111/><T26/><D62/><U86/><E86/><V82/><F57/><W126/><G126/><T22/><D15/><N who="1" m="9663" /><E97/><V76/><F76/><W29/><G1/><T27/><D46/><U131/><E131/><V100/><F64/><W109/><G109/><T41/><D44/><U11/><E63/><V72/><REACH who="2" step="1"/><F133/><REACH who="2" ten="250,250,240,250" step="2"/><W45/><G75/><T99/><D99/><U13/><E5/><V39/><F39/><W127/><G127/><T98/><D98/><U52/><E115/><V128/><F128/><W20/><G73/><T68/><D68/><U0/><E114/><V124/><F124/><W130/><G130/><T123/><D123/><U48/><E0/><V107/><F107/><W117/><G117/><T104/><REACH who="0" step="1"/><D27/><REACH who="0" ten="240,250,240,250" step="2"/><U69/><E69/><V67/><F67/><W118/><G118/><T2/><D2/><U37/><E13/><V113/><F113/><W119/><G119/><T106/><D106/><U116/><E116/><V112/><F112/><W16/><G6/><T38/><D38/><U47/><E37/><V129/><F129/><W36/><G36/><T88/><D88/><U80/><E61/><V135/><F135/><W33/><G12/><T132/><D132/><U92/><E60/><V87/><F87/><W121/><G45/><T95/><D95/><U35/><E92/><V102/><AGARI ba="0,2" hai="18,19,24,25,49,50,72,74,82,83,100,102,120,122" machi="102" ten="25,8000,1" yaku="1,1,5,1,0,1,22,2,53,0" doraHai="28" doraHaiUra="125" who="2" fromWho="2" sc="240,-40,250,-20,240,100,250,-20" /><INIT seed="1,0,0,4,4,96" ten="200,230,340,230" oya="1" hai0="5,4,63,108,95,60,124,18,100,45,9,82,93" hai1="112,107,19,94,118,29,123,41,106,134,74,23,75" hai2="91,56,48,65,129,131,102,103,67,34,64,71,104" hai3="90,121,1,128,111,116,46,77,31,133,40,8,55"/><U43/><E112/><V61/><F104/><W80/><G116/><T86/><D108/><U54/><E29/><V101/><F34/><W11/><G121/><T126/><D45/><U35/><E35/><V109/><F109/><W132/><G111/><T39/><D39/><U78/><E78/><V14/><F14/><W20/><G128/><N who="2" m="49225" /><F91/><W28/><G90/><T117/><D117/><U16/><E118/><V89/><F89/><W119/><G55/><AGARI ba="0,0" hai="48,55,56,61,64,65,67,71,101,102,103" m="49225" machi="55" ten="30,7700,0" yaku="19,1,52,3" doraHai="96" who="2" fromWho="3" sc="200,0,230,0,340,77,230,-77" /><INIT seed="2,0,0,2,2,1" ten="200,230,417,153" oya="2" hai0="134,103,34,70,133,85,109,69,55,50,113,64,4" hai1="120,59,32,54,38,102,48,122,12,29,57,117,75" hai2="115,46,45,3,91,124,68,119,19,25,40,22,31" hai3="71,78,100,92,37,111,125,58,51,30,73,63,116"/><V13/><F115/><W97/><G116/><T123/><D34/><U33/><E117/><V83/><F119/><W7/><G111/><T49/><D103/><U23/><E75/><V76/><F124/><W39/><G125/><T11/><D123/><U21/><E38/><V27/><F68/><W42/><G30/><T82/><D109/><U67/><E33/><V6/><F91/><W65/><G73/><T88/><D113/><U129/><E129/><V52/><F40/><W121/><G78/><T28/><D28/><U118/><E118/><V8/><F27/><W132/><G121/><T79/><D79/><U107/><E32/><N who="2" m="20591" /><F52/><W95/><G132/><N who="0" m="50795" /><D64/><U36/><E67/><V24/><F24/><W112/><G112/><T80/><D80/><U106/><E122/><V2/><F2/><W60/><G60/><T16/><D16/><U53/><E29/><V96/><F96/><W94/><G39/><T81/><D82/><U110/><E120/><V135/><F135/><W127/><G127/><T26/><D26/><U105/><E36/><V74/><AGARI ba="0,0" hai="3,6,8,13,19,22,45,46,74,76,83" m="20591" machi="74" ten="30,3000,0" yaku="24,1,52,1" doraHai="1" who="2" fromWho="2" sc="200,-10,230,-10,417,30,153,-10" /><INIT seed="2,1,0,4,0,75" ten="190,220,447,143" oya="2" hai0="61,67,69,133,63,41,13,22,44,131,109,89,56" hai1="62,99,43,16,59,72,48,64,47,55,49,80,135" hai2="24,122,4,2,23,25,38,127,52,8,98,27,29" hai3="39,121,94,34,42,58,124,74,116,3,82,17,90"/><V87/><F122/><W71/><G121/><T40/><D109/><U111/><E111/><V33/><F38/><W118/><G71/><T114/><D114/><U76/><E135/><V97/><F127/><W1/><G124/><T11/><D133/><U20/><E99/><V93/><F25/><W70/><G70/><T12/><D131/><U14/><REACH who="1" step="1"/><E64/><REACH who="1" ten="190,210,447,143" step="2"/><V9/><F97/><W106/><G106/><T110/><D67/><U83/><E83/><V123/><F123/><W130/><G130/><T30/><D110/><U85/><E85/><V120/><F87/><W81/><G118/><T36/><D41/><U102/><E102/><V21/><F120/><W31/><G116/><T54/><D40/><U5/><E5/><V53/><F53/><W10/><G82/><T32/><D54/><U46/><E46/><V68/><F52/><W37/><G81/><T119/><D44/><U117/><E117/><V19/><F4/><W104/><G74/><T84/><D84/><U26/><E26/><V77/><F27/><W107/><G107/><T65/><D119/><U105/><E105/><V96/><F96/><W50/><G104/><T79/><D65/><U113/><E113/><V112/><F112/><W86/><G34/><T103/><D32/><U66/><E66/><V73/><F33/><W57/><G58/><T134/><D103/><U6/><E6/><V100/><F68/><W95/><G57/><T108/><D56/><U128/><E128/><V15/><F2/><W88/><G1/><T28/><D69/><U51/><AGARI ba="1,1" hai="14,16,20,43,47,48,49,51,55,59,62,72,76,80" machi="51" ten="20,8000,1" yaku="1,1,0,1,7,1,52,1,54,1,53,0" doraHai="75" doraHaiUra="35" who="1" fromWho="1" sc="190,-21,210,93,447,-41,143,-21" /><INIT seed="3,0,0,4,5,70" ten="169,303,406,122" oya="3" hai0="96,129,89,42,111,62,78,64,94,95,117,125,23" hai1="133,123,91,27,58,90,52,55,0,48,46,98,116" hai2="71,134,7,101,56,105,2,37,57,100,11,128,26" hai3="30,6,12,130,28,107,61,31,81,102,69,85,33"/><W76/><G130/><T9/><D111/><U135/><E123/><V59/><F71/><W13/><G33/><T99/><D117/><U106/><E0/><V15/><F134/><N who="1" m="51209" /><E116/><V86/><F128/><W109/><G109/><T131/><D125/><U24/><E106/><V77/><F105/><W113/><G113/><T79/><D131/><U39/><E98/><V44/><F26/><N who="1" m="9769" /><E55/><V40/><REACH who="2" step="1"/><F2/><REACH who="2" ten="169,303,396,122" step="2"/><W16/><G107/><T4/><D129/><U45/><E58/><V29/><F29/><W53/><G102/><T82/><D99/><U119/><E119/><V68/><F68/><W35/><G35/><T8/><D96/><U124/><E124/><V36/><F36/><W110/><G110/><T97/><D97/><U115/><E115/><V19/><F19/><W32/><G32/><T10/><D4/><U87/><E87/><V122/><F122/><W54/><G69/><T88/><D95/><U118/><E118/><V1/><F1/><W14/><G6/><T21/><D94/><U114/><E114/><V22/><F22/><W38/><G38/><T51/><D23/><U132/><E132/><V75/><F75/><W41/><G41/><AGARI ba="0,1" hai="39,41,45,46,48,52,90,91" m="9769,51209" machi="41" ten="30,3900,0" yaku="20,1,52,1,54,1" doraHai="70" who="1" fromWho="3" sc="169,0,303,49,396,0,122,-39" /><INIT seed="4,0,0,4,2,55" ten="169,352,396,83" oya="0" hai0="42,0,117,11,109,128,121,71,100,78,25,92,84" hai1="36,103,68,108,69,131,60,50,54,41,16,133,13" hai2="91,45,119,118,98,12,58,17,85,27,30,35,130" hai3="29,18,86,112,26,4,28,83,101,120,21,7,129"/><T46/><D117/><N who="2" m="44554" /><F130/><W33/><G129/><T34/><D128/><U20/><E131/><V87/><F45/><W15/><G101/><T49/><D121/><U2/><E108/><V53/><F98/><W3/><G83/><T107/><D71/><U38/><E2/><V81/><F87/><W116/><G86/><T88/><D109/><U64/><E133/><V72/><F72/><W70/><G70/><T59/><D78/><U80/><E41/><V5/><F5/><N who="3" m="2123" /><G116/><T37/><D11/><U135/><E135/><V106/><F106/><W115/><G120/><T31/><D0/><U14/><E69/><V65/><F65/><W93/><G93/><T99/><REACH who="0" step="1"/><D59/><REACH who="0" ten="159,352,396,83" step="2"/><U43/><E68/><V97/><F58/><W56/><G56/><T74/><D74/><U8/><E8/><V1/><F1/><W114/><G3/><T75/><D75/><U10/><E10/><V122/><F122/><W90/><G90/><T24/><D24/><U51/><E103/><V19/><F91/><W95/><G95/><T77/><D77/><U76/><E76/><V94/><F27/><N who="3" m="18623" /><G15/><T52/><D52/><U62/><E54/><V96/><F53/><W73/><G73/><T105/><D105/><U125/><E14/><V102/><F12/><W61/><G61/><T6/><D6/><U110/><E62/><V124/><F94/><W40/><G40/><T32/><D32/><U127/><E60/><V123/><F35/><W134/><G134/><T111/><D111/><U89/><E110/><V48/><F123/><W79/><G79/><T22/><D22/><U44/><E13/><RYUUKYOKU ba="0,1" sc="159,15,352,-15,396,-15,83,15" hai0="25,31,34,37,42,46,49,84,88,92,99,100,107" hai3="18,21,26,28,112,114,115" /><INIT seed="4,1,1,3,4,8" ten="174,337,381,98" oya="0" hai0="47,92,85,110,56,40,125,130,108,63,54,5,48" hai1="19,100,11,86,90,23,115,120,94,99,89,128,13" hai2="67,51,80,39,124,36,134,64,31,102,37,78,46" hai3="58,18,118,135,22,24,1,97,88,106,0,72,96"/><T61/><D5/><U60/><E128/><V52/><F134/><W74/><G135/><T121/><D121/><U76/><E120/><V59/><F124/><W66/><G118/><T28/><D28/><U68/><E115/><V15/><F31/><W104/><G66/><T105/><D105/><U131/><E131/><V79/><F102/><W113/><G113/><T53/><D130/><U112/><E112/><V73/><F79/><W87/><G58/><T95/><D125/><U116/><E116/><V103/><F103/><W55/><G55/><T30/><D30/><U33/><E33/><V111/><F111/><N who="0" m="42538" /><D85/><U43/><E43/><V49/><REACH who="2" step="1"/><F15/><REACH who="2" ten="174,337,371,98" step="2"/><W126/><G126/><T32/><D32/><U75/><E13/><V123/><F123/><W82/><G106/><T12/><D12/><U127/><E127/><V70/><F70/><W9/><G104/><T7/><D7/><U27/><E68/><V84/><F84/><W29/><G29/><T20/><D20/><U91/><E23/><V41/><AGARI ba="1,2" hai="36,37,39,41,46,49,51,52,59,64,67,73,78,80" machi="41" ten="30,4000,0" yaku="1,1,0,1,54,1,53,0" doraHai="8" doraHaiUra="133" who="2" fromWho="2" sc="174,-21,337,-11,371,63,98,-11" /><INIT seed="5,0,0,0,3,0" ten="153,326,434,87" oya="1" hai0="8,126,111,95,75,12,58,24,49,52,130,115,81" hai1="32,68,133,74,110,92,48,85,121,118,18,101,128" hai2="39,1,72,102,134,76,26,107,36,14,16,29,97" hai3="47,4,28,19,11,50,82,5,78,40,57,112,44"/><U131/><E68/><V71/><F134/><W56/><G112/><T33/><D111/><U105/><E32/><V114/><F71/><W20/><G28/><T77/><D115/><U62/><E62/><V10/><F114/><W88/><G47/><T67/><D126/><U132/><E74/><V2/><F2/><W6/><G11/><T124/><D124/><U60/><E60/><V119/><F119/><W90/><G57/><T127/><D127/><U84/><E18/><V22/><REACH who="2" step="1"/><F1/><REACH who="2" ten="153,326,424,87" step="2"/><W38/><G38/><T54/><D130/><U98/><E118/><V43/><F43/><W46/><G46/><T45/><D45/><U17/><E131/><V108/><F108/><W120/><G120/><T116/><D116/><U103/><E128/><V61/><F61/><W94/><G56/><T64/><D54/><U83/><E110/><V7/><F7/><W125/><G125/><T15/><D67/><U13/><E121/><V31/><F31/><W35/><G35/><T66/><D64/><U122/><E122/><V86/><F86/><N who="3" m="48471" /><G94/><T25/><D66/><U37/><E37/><V93/><F93/><W69/><G69/><T117/><D117/><U87/><E133/><V96/><F96/><W51/><G51/><T30/><D95/><U106/><E132/><V80/><AGARI ba="0,1" hai="10,14,16,22,26,29,36,39,72,76,80,97,102,107" machi="80" ten="30,7900,0" yaku="1,1,0,1,54,1,53,1" doraHai="0" doraHaiUra="27" who="2" fromWho="2" sc="153,-20,326,-39,424,89,87,-20" /><INIT seed="6,0,0,0,1,96" ten="133,287,513,67" oya="2" hai0="8,11,2,89,73,33,91,54,101,12,74,100,106" hai1="131,16,122,36,30,102,28,44,123,120,29,111,79" hai2="48,127,80,86,10,109,121,126,84,41,31,95,98" hai3="1,60,115,82,128,105,18,20,114,35,133,61,23"/><V64/><F31/><W34/><G105/><T55/><D106/><U7/><E131/><V52/><F41/><W37/><G37/><T113/><D12/><U63/><E111/><V40/><F40/><W62/><G128/><T94/><D94/><U97/><E7/><V50/><F109/><W9/><G133/><T99/><D99/><U90/><E79/><V76/><F121/><W118/><G82/><T85/><D85/><U78/><E78/><V13/><F64/><W26/><G118/><T43/><D43/><N who="1" m="22631" /><E63/><V49/><F86/><W45/><G45/><T24/><D24/><U19/><E90/><V21/><F21/><W14/><G1/><T93/><D93/><AGARI ba="0,0" hai="16,19,28,29,30,93,97,102,120,122,123" m="22631" machi="93" ten="40,5200,0" yaku="13,1,52,1,54,1" doraHai="96" who="1" fromWho="0" sc="133,-52,287,52,513,0,67,0" /><INIT seed="7,0,0,4,5,100" ten="81,339,513,67" oya="3" hai0="40,70,24,11,132,35,54,97,125,87,66,74,43" hai1="86,22,93,36,37,122,62,85,15,133,4,55,41" hai2="42,83,51,9,94,33,21,113,123,69,131,88,13" hai3="63,31,30,58,75,68,135,118,126,92,105,61,127"/><W134/><G75/><T110/><D87/><U89/><E122/><V95/><F69/><W117/><G92/><T5/><D54/><U49/><E37/><V124/><F33/><W90/><G90/><T119/><D24/><U56/><E36/><V8/><F113/><W2/><G2/><T98/><D35/><U64/><E133/><N who="3" m="50698" /><G105/><T44/><D74/><U81/><E41/><V77/><F124/><N who="3" m="47659" /><G58/><T79/><D125/><U121/><E93/><V104/><F88/><W16/><G16/><T18/><D18/><U3/><E3/><V112/><F94/><W82/><G82/><T84/><D132/><U29/><E81/><V130/><F95/><W19/><G19/><T111/><D84/><U38/><E86/><V53/><F104/><W27/><G27/><T17/><D17/><U25/><E85/><V23/><F83/><W102/><G102/><T57/><D57/><U10/><E89/><V59/><F59/><W120/><G68/><T12/><D70/><U128/><E56/><V101/><F101/><W106/><G106/><T107/><D107/><U76/><E25/><V91/><F91/><W114/><G114/><T48/><D98/><U52/><E76/><V46/><F112/><W28/><G120/><T50/><D97/><U99/><E121/><V26/><F123/><W1/><G1/><T7/><D79/><U47/><E99/><V80/><F80/><W96/><G96/><T45/><D12/><U115/><E15/><V34/><F77/><W60/><AGARI ba="0,0" hai="28,30,31,60,61,63,117,118" m="47659,50698" machi="60" ten="40,12000,1" yaku="28,2,20,1,18,1" doraHai="100" who="3" fromWho="3" sc="81,-40,339,-40,513,-40,67,120" /><INIT seed="7,1,0,3,5,118" ten="41,299,473,187" oya="3" hai0="43,113,116,125,92,44,72,99,94,128,103,84,46" hai1="26,86,134,117,90,11,2,106,15,18,5,123,42" hai2="102,107,47,67,91,53,75,78,57,39,133,34,54" hai3="88,17,87,61,24,1,63,22,89,126,58,85,124"/><W3/><G3/><T35/><D35/><U108/><E106/><V49/><F34/><W65/><G65/><T105/><D116/><U100/><E100/><V111/><F111/><W48/><G1/><T40/><D72/><U97/><E97/><V71/><F91/><W31/><G48/><T98/><D125/><N who="3" m="48233" /><G89/><T120/><D103/><U122/><E108/><V80/><F133/><W68/><G68/><T33/><D33/><U16/><E134/><V50/><F107/><W60/><G85/><T51/><D105/><U93/><E117/><V19/><F102/><W64/><G31/><T69/><D84/><U6/><E42/><V82/><F82/><AGARI ba="1,0" hai="17,22,24,58,60,61,63,64,82,87,88" m="48233" machi="82" ten="30,2900,0" yaku="18,1,54,1" doraHai="118" who="3" fromWho="2" sc="41,0,299,0,473,-32,187,32" /><INIT seed="7,2,0,2,0,12" ten="41,299,441,219" oya="3" hai0="95,43,78,68,96,62,46,34,16,26,2,108,109" hai1="5,123,18,36,66,114,132,45,3,50,133,13,76" hai2="56,51,15,99,129,113,126,42,127,39,100,20,117" hai3="58,60,24,103,72,4,67,23,32,135,14,89,90"/><W69/><G135/><T52/><D2/><U75/><E123/><V94/><F113/><W97/><G72/><T107/><D78/><U40/><E114/><V63/><F117/><W57/><G57/><T6/><D6/><U101/><E101/><V91/><F129/><W21/><G69/><T19/><D109/><U27/><E27/><V38/><F20/><W10/><G23/><T7/><D108/><U47/><E66/><V77/><F77/><W41/><G41/><T70/><D7/><U93/><E93/><V25/><F25/><W35/><G35/><T88/><D107/><U53/><E13/><V84/><F15/><W48/><G48/><T105/><D105/><U28/><E28/><V112/><F51/><W17/><REACH who="3" step="1"/><G32/><REACH who="3" ten="41,299,441,209" step="2"/><T31/><D70/><U1/><E133/><V55/><F112/><W54/><G54/><T49/><REACH who="0" step="1"/><D52/><REACH who="0" ten="31,299,441,209" step="2"/><U131/><E53/><V82/><F42/><W37/><G37/><T64/><AGARI ba="2,2" hai="16,19,26,31,34,43,46,49,62,64,68,88,95,96" machi="64" ten="30,12000,2" yaku="1,1,2,1,0,1,52,2,54,2,53,0" doraHai="12" doraHaiUra="106" who="0" fromWho="0" sc="31,146,299,-32,441,-32,209,-62" owari="177,-22.0,267,7.0,409,50.0,147,-35.0" /></mjloggm>