<mjloggm ver="2.3"><GO type="225" lobby="0"/><UN n0="%28%C2%B4%E3%81%B8%CE%B5%E3%81%B8%60%29" n1="%E8%A8%88%E7%AE%97%E6%A9%9F%E8%87%AA%E7%84%B6" n2="%E2%96%BD%E4%B8%8E%E4%BD%9C%28%E3%81%8A%E3%81%AB%E3%81%8E%E3%82%8A" n3="%E3%81%95%E3%81%8D%E3%81%9F%E3%81%BE%E6%9E%97%E6%AA%8E" dan="16,17,17,16" rate="2083.49,2252.41,2174.24,2122.18" sx="M,M,M,M"/><TAIKYOKU oya="0"/><INIT seed="0,0,0,1,5,129" ten="250,250,250,250" oya="0" hai0="97,85,9,83,52,100,127,44,112,78,2,81,13" hai1="42,53,73,115,10,24,98,92,82,40,84,74,126" hai2="132,28,54,108,62,45,107,91,95,50,8,116,29" hai3="21,109,38,35,94,88,133,67,5,58,1,103,114"/><T72/><D127/><U66/><E126/><V19/><F107/><W49/><G114/><T118/><D112/><U135/><E115/><V101/><F108/><W105/><G109/><T120/><D120/><U16/><E66/><V96/><F116/><W64/><G38/><T86/><D118/><U119/><E119/><V110/><F110/><W4/><G35/><T121/><D2/><U90/><E135/><V33/><F33/><W36/><G36/><T31/><D121/><U99/><E73/><V61/><F101/><W106/><G21/><T34/><D34/><U80/><E99/><V55/><F132/><W7/><G133/><T6/><D31/><N who="2" m="11850" /><F55/><W131/><G131/><T46/><D52/><U111/><E111/><V0/><F0/><W117/><G117/><T69/><D69/><U15/><E24/><V60/><F60/><W14/><G1/><T89/><REACH who="0" step="1"/><D72/><REACH who="0" ten="240,250,250,250" step="2"/><U18/><E74/><V68/><F68/><W25/><G67/><T87/><D87/><N who="1" m="50535" /><E53/><V22/><F8/><W27/><G64/><T93/><AGARI ba="0,1" hai="6,9,13,44,46,78,81,83,85,86,89,93,97,100" machi="93" ten="20,7800,0" yaku="1,1,0,1,7,1,8,1,53,0" doraHai="129" doraHaiUra="122" who="0" fromWho="0" sc="240,88,250,-26,250,-26,250,-26" /><INIT seed="0,1,0,1,4,114" ten="328,224,224,224" oya="0" hai0="94,115,38,40,29,82,21,42,41,39,106,132,19" hai1="76,14,37,127,91,59,126,86,101,83,67,128,110" hai2="32,2,13,17,68,12,26,79,6,43,134,30,45" hai3="8,9,50,51,15,122,100,98,104,116,77,95,28"/><T35/><D106/><U103/><E37/><V18/><F68/><W78/><G122/><T87/><D115/><U64/><E110/><V1/><F79/><N who="3" m="30219" /><G104/><T123/><D123/><U36/><E36/><V62/><F62/><W47/><G116/><T117/><D117/><U70/><E70/><V71/><F71/><W121/><G121/><T56/><D132/><U75/><E128/><V84/><F84/><W27/><G15/><N who="2" m="5705" /><F45/><W97/><G97/><T55/><D35/><U108/><E108/><V4/><F43/><N who="3" m="24959" /><G51/><T34/><D34/><U93/><E14/><V46/><F46/><W99/><G98/><T130/><D130/><U133/><E133/><V111/><F111/><W69/><G69/><T61/><D39/><U125/><REACH who="1" step="1"/><E59/><REACH who="1" ten="328,214,224,224" step="2"/><V31/><F134/><W23/><AGARI ba="1,1" hai="8,9,23,27,28,95,99,100" m="24959,30219" machi="23" ten="30,1100,0" yaku="8,1" doraHai="114" who="3" fromWho="3" sc="328,-6,214,-4,224,-4,224,24" /><INIT seed="1,0,0,3,4,37" ten="322,210,220,248" oya="1" hai0="104,92,1,40,81,95,97,50,15,48,76,119,117" hai1="130,55,98,4,43,128,120,18,14,22,102,42,10" hai2="51,46,47,107,90,16,23,99,68,65,24,87,82" hai3="108,72,85,52,93,133,100,105,125,94,9,91,113"/><U57/><E120/><V2/><F2/><W67/><G67/><T8/><D104/><U84/><E84/><V77/><F107/><W6/><G113/><T134/><D1/><U29/><E29/><V101/><F101/><W109/><G72/><T110/><D110/><N who="3" m="42601" /><G133/><T35/><D35/><U56/><E56/><V17/><F68/><W0/><G125/><T38/><D38/><U21/><E21/><N who="2" m="13359" /><F65/><W75/><G75/><T30/><D30/><U116/><E116/><V132/><F132/><W28/><G28/><T11/><D11/><U13/><E130/><V73/><F73/><W103/><G105/><T71/><D71/><U135/><E128/><V59/><F59/><W86/><G52/><T44/><D48/><U123/><E123/><V7/><F51/><W12/><G0/><T45/><D45/><U19/><E19/><V127/><F7/><W26/><G26/><T114/><D134/><U126/><E126/><V118/><F118/><W88/><AGARI ba="0,0" hai="6,9,12,85,86,88,91,93,94,100,103" m="42601" machi="88" ten="30,2000,0" yaku="14,1,54,1" doraHai="37" who="3" fromWho="3" sc="322,-5,210,-10,220,-5,248,20" /><INIT seed="2,0,0,4,2,37" ten="317,200,215,268" oya="2" hai0="0,132,12,133,134,40,21,46,82,23,70,75,32" hai1="39,11,96,94,59,73,33,72,71,128,7,58,62" hai2="102,36,95,99,63,118,114,43,49,68,77,61,17" hai3="124,98,66,15,56,111,38,130,9,3,28,113,110"/><V5/><F114/><W27/><G98/><T117/><D0/><U125/><E33/><V120/><F118/><W29/><G38/><T74/><D32/><U35/><E35/><V65/><F120/><W101/><G101/><T91/><D70/><U80/><E39/><V84/><F36/><W85/><G113/><T13/><D117/><U57/><E125/><V112/><F112/><W18/><G3/><T135/><D135/><U119/><E119/><V86/><F5/><W45/><G124/><T20/><D91/><U22/><E128/><V6/><F6/><W1/><G1/><T93/><D93/><U104/><E104/><V115/><F115/><W129/><G45/><T88/><D88/><U16/><E80/><N who="2" m="47119" /><F68/><W131/><G85/><T55/><D55/><U108/><E108/><N who="3" m="41514" /><G27/><T25/><D25/><U67/><E11/><V97/><F97/><W47/><G47/><T48/><D82/><U64/><E7/><V116/><F116/><W2/><G2/><T81/><D81/><U8/><E8/><V14/><F86/><W103/><G103/><T126/><D126/><U83/><E83/><V90/><F102/><W78/><G78/><T123/><D123/><U109/><E109/><V4/><F4/><W10/><G10/><T106/><D106/><U30/><E96/><V69/><F69/><W53/><G29/><T87/><D87/><U100/><E30/><V19/><F65/><W31/><G66/><T41/><D75/><N who="1" m="28747" /><E64/><V52/><F19/><W79/><G79/><T44/><D74/><U26/><E100/><V92/><F17/><W54/><G131/><RYUUKYOKU ba="0,0" sc="317,15,200,15,215,-15,268,-15" hai0="12,13,20,21,23,40,41,44,46,48,132,133,134" hai1="16,22,26,57,58,59,62,67,71,94" /><INIT seed="3,1,0,0,5,70" ten="332,215,200,253" oya="3" hai0="122,84,58,44,49,114,97,21,129,5,110,66,86" hai1="126,91,6,27,12,112,74,63,9,111,117,45,93" hai2="118,73,19,98,38,90,125,28,16,87,127,2,24" hai3="106,30,68,109,14,101,52,55,3,124,22,41,25"/><W105/><G68/><T47/><D122/><U89/><E112/><V71/><F118/><W10/><G3/><T82/><D114/><U83/><E117/><V60/><F73/><W95/><G124/><N who="2" m="47689" /><F2/><W115/><G115/><T94/><D110/><U32/><E126/><V17/><F98/><N who="3" m="59615" /><G106/><T72/><D72/><U107/><E107/><V15/><F38/><W121/><G105/><T119/><D119/><U131/><E111/><V62/><F71/><W43/><G121/><T33/><D33/><U20/><E131/><V34/><F15/><W80/><G80/><AGARI ba="1,0" hai="16,17,19,24,28,34,60,62,80,87,90" m="47689" machi="80" ten="30,2000,0" yaku="18,1,54,1" doraHai="70" who="2" fromWho="3" sc="332,0,215,0,200,23,253,-23" owari="332,43.0,215,-28.0,223,-18.0,230,3.0" /></mjloggm>