<mjloggm ver="2.3"><GO type="185" lobby="0"/><UN n0="%6A%68%6B%6C%3B%2E%3A%2F" n1="%E9%95%B7%E5%85%89%E9%BA%BB%E5%A4%9C" n2="%E7%89%8C%E6%B5%81%E5%AE%9A%E7%9F%B3%E6%9C%80%E9%AB%98" n3="" dan="16,16,16,0" rate="2143.14,2234.13,2149.28,1500.00" sx="F,M,M,C"/><TAIKYOKU oya="0"/><INIT seed="0,0,0,5,3,97" ten="350,350,350,0" oya="0" hai0="131,56,69,72,128,114,74,75,99,111,41,33,107" hai1="91,92,110,39,81,118,100,38,112,104,126,116,35" hai2="79,43,47,49,122,71,119,117,1,54,53,77,133" hai3=""/><T106/><D33/><U134/><E134/><V125/><BYE who="1" /><N who="2" m="31264" /><V120/><N who="2" m="30752" /><V129/><F1/><T32/><D32/><U103/><E103/><V36/><F133/><T88/><D69/><U86/><E86/><V73/><F125/><T51/><D114/><U40/><E40/><V105/><F129/><N who="0" m="49738" /><D111/><U59/><E59/><V70/><F105/><N who="0" m="39946" /><D41/><U60/><E60/><V0/><F0/><T123/><N who="0" m="31520" /><T135/><D135/><U127/><E127/><V94/><F94/><T42/><D42/><U90/><E90/><V76/><F73/><UN n1="%E9%95%B7%E5%85%89%E9%BA%BB%E5%A4%9C" /><T67/><D67/><U3/><E3/><V55/><REACH who="2" step="1"/><F36/><REACH who="2" ten="350,350,340,0" step="2"/><T115/><D115/><U58/><E112/><V46/><F46/><T93/><D75/><U85/><E38/><V44/><F44/><T63/><D74/><U2/><E39/><V96/><F96/><T98/><D72/><U132/><E2/><V102/><F102/><T34/><D99/><U84/><E35/><V65/><F65/><T62/><D34/><U83/><E104/><V124/><F124/><T95/><D95/><U87/><E126/><V50/><F50/><T37/><D37/><U101/><E132/><V89/><F89/><T52/><AGARI ba="0,1" hai="51,52,56,62,63,88,93,98" m="31520,39946,49738" machi="52" ten="40,8000,1" yaku="19,1,52,1,54,2" doraHai="97" who="0" fromWho="0" sc="350,90,350,-40,340,-40,0,0" /><INIT seed="0,1,0,0,3,95" ten="440,310,300,0" oya="0" hai0="58,45,84,130,133,103,79,99,101,90,66,74,50" hai1="126,59,2,68,88,98,115,55,107,85,73,131,120" hai2="111,109,118,41,117,77,48,135,123,63,3,112,38" hai3=""/><T51/><D133/><U121/><N who="1" m="30752" /><U91/><N who="1" m="31008" /><U52/><E2/><V87/><N who="2" m="31520" /><V67/><F3/><T134/><D134/><U129/><E73/><V124/><F112/><T46/><D130/><N who="1" m="49675" /><E126/><V122/><N who="2" m="31264" /><V80/><F124/><T83/><D101/><U69/><E115/><V57/><F38/><T113/><D113/><U108/><E108/><N who="2" m="41547" /><F135/><T43/><D66/><U71/><E55/><V53/><F41/><T60/><D60/><U70/><N who="1" m="17408" /><DORA hai="93" /><U127/><E127/><V128/><F128/><T110/><D58/><AGARI ba="1,0" hai="48,53,57,58,63,67,77,80,87,117,118" m="41547,31264,31520" machi="58" ten="30,3900,0" yaku="14,1,52,2" doraHai="95,93" who="2" fromWho="0" sc="440,-41,310,0,300,41,0,0" /><INIT seed="1,0,0,0,2,72" ten="399,310,341,0" oya="1" hai0="68,98,61,126,115,40,131,122,51,50,42,64,135" hai1="59,77,78,132,87,123,1,129,81,128,52,57,44" hai2="109,93,91,41,134,45,125,119,2,127,108,38,133" hai3=""/><U36/><N who="1" m="31520" /><U79/><E1/><V48/><F119/><T54/><N who="0" m="31264" /><T43/><D98/><U110/><E132/><N who="2" m="50795" /><F38/><T46/><D135/><U101/><E101/><V3/><F3/><T102/><D102/><U55/><E110/><N who="2" m="42603" /><F2/><T62/><D126/><U103/><E103/><V34/><F34/><T67/><D131/><N who="1" m="50251" /><E36/><V83/><F83/><T73/><D73/><U84/><E44/><V112/><F112/><T124/><D124/><U100/><E100/><V75/><F75/><T113/><D113/><U86/><E81/><V66/><F66/><T95/><D95/><U63/><E87/><AGARI ba="0,0" hai="41,45,48,87,91,93,125,127" m="42603,50795" machi="87" ten="30,2000,0" yaku="20,1,14,1" doraHai="72" who="2" fromWho="1" sc="399,0,310,-20,341,20,0,0" /><INIT seed="2,0,0,5,2,93" ten="399,290,361,0" oya="2" hai0="97,47,32,42,63,99,76,67,86,74,55,59,69" hai1="50,100,92,85,129,83,66,2,131,114,111,91,90" hai2="120,117,116,0,84,112,104,73,40,113,45,132,38" hai3=""/><V37/><N who="2" m="30752" /><V94/><F0/><T96/><D32/><U81/><E2/><V89/><F73/><T79/><D74/><U103/><E66/><V36/><F132/><T130/><D130/><N who="1" m="49675" /><E50/><V43/><F104/><T102/><D102/><N who="1" m="38955" /><E114/><V123/><N who="2" m="31520" /><V35/><F35/><T57/><D86/><U68/><E68/><V105/><F105/><T65/><D65/><U101/><N who="1" m="38963" /><U70/><DORA hai="49" /><E70/><V41/><REACH who="2" step="1"/><F45/><REACH who="2" ten="399,290,351,0" step="2"/><T80/><D47/><U44/><E44/><V72/><F72/><T110/><D69/><U46/><E46/><V33/><F33/><T58/><D42/><U52/><E52/><V88/><F88/><T133/><D55/><U39/><E111/><V109/><F109/><T121/><N who="0" m="31008" /><T98/><D110/><U128/><N who="1" m="49683" /><U118/><DORA hai="48" /><E39/><V54/><F54/><T107/><D107/><U77/><E91/><V71/><F71/><T1/><D1/><U95/><E118/><AGARI ba="0,1" hai="36,37,38,40,41,43,84,89,94,112,113,116,117,118" m="31520,30752" machi="118" ten="50,9600,0" yaku="1,1,52,2,53,0" doraHai="93,49,48" doraHaiUra="135,60,61" who="2" fromWho="1" sc="399,0,290,-96,351,106,0,0" /><INIT seed="2,1,0,1,4,115" ten="399,194,457,0" oya="2" hai0="103,76,49,44,1,71,60,119,82,68,130,80,0" hai1="133,53,63,108,117,114,62,56,94,128,52,125,73" hai2="126,85,120,131,39,54,86,47,35,59,69,121,37" hai3=""/><V101/><N who="2" m="30752" /><V118/><N who="2" m="31008" /><V51/><F35/><T34/><D34/><U38/><E73/><V42/><F118/><T43/><D130/><U40/><E114/><V106/><F131/><T122/><N who="0" m="31264" /><T98/><D119/><U127/><E128/><V48/><F126/><N who="1" m="48137" /><E94/><V110/><F69/><T81/><D76/><U50/><E133/><V104/><F110/><T99/><D99/><U79/><E79/><V93/><F93/><T74/><D74/><U112/><E108/><V58/><F58/><T91/><D91/><U45/><E112/><V111/><F111/><T46/><D46/><U66/><E117/><V2/><F2/><T134/><D134/><U41/><E38/><V124/><F124/><T64/><REACH who="0" step="1"/><D68/><AGARI ba="1,0" hai="40,41,45,50,52,53,56,62,63,66,68" m="48137" machi="68" ten="30,7700,0" yaku="18,1,34,2,54,1" doraHai="115" who="1" fromWho="0" sc="399,-79,194,79,457,0,0,0" /><INIT seed="4,0,0,1,2,116" ten="320,273,457,0" oya="0" hai0="72,58,106,122,84,129,47,80,68,39,85,100,59" hai1="43,98,134,51,65,81,97,99,104,86,103,66,62" hai2="0,135,54,45,60,93,49,88,34,53,113,3,36" hai3=""/><T130/><N who="0" m="31264" /><T61/><D72/><U46/><E134/><V73/><F135/><T123/><N who="0" m="31520" /><T94/><D68/><U102/><E102/><V126/><F73/><T74/><D106/><U92/><E104/><V87/><F34/><T108/><D108/><U101/><E101/><V76/><F113/><T63/><D74/><U115/><E115/><V41/><F76/><T69/><D69/><U127/><E127/><V112/><F126/><T121/><N who="0" m="31008" /><T91/><D100/><U133/><E133/><V52/><F112/><T55/><D47/><U35/><E35/><V42/><F60/><T89/><REACH who="0" step="1"/><D39/><REACH who="0" ten="310,273,457,0" step="2"/><U118/><E118/><V44/><AGARI ba="0,1" hai="0,3,36,41,42,44,45,49,52,53,54,87,88,93" machi="44" ten="30,3000,0" yaku="0,1,54,2" doraHai="116" who="2" fromWho="2" sc="310,-20,273,-10,457,40,0,0" /><INIT seed="5,0,0,5,2,33" ten="290,263,497,0" oya="1" hai0="51,58,64,75,59,129,70,2,118,80,67,82,41" hai1="119,3,94,72,128,120,45,122,56,90,99,47,116" hai2="134,53,83,91,32,38,39,103,93,68,104,132,108" hai3=""/><U127/><N who="1" m="30752" /><U113/><N who="1" m="31264" /><U97/><E127/><V111/><F68/><T71/><D129/><U130/><E72/><V114/><F32/><T54/><D75/><U87/><E113/><V76/><F114/><T52/><D118/><N who="1" m="45099" /><E56/><V121/><N who="2" m="31008" /><V0/><F53/><T102/><D102/><U66/><E66/><V43/><F103/><T65/><D41/><U40/><E3/><V117/><F104/><T95/><D95/><U55/><E55/><V96/><F0/><T34/><D34/><U1/><E1/><V101/><F101/><T86/><D65/><U106/><E45/><V46/><F39/><T109/><D51/><U112/><E112/><V100/><F100/><T126/><D126/><U44/><E44/><V35/><F117/><T89/><D2/><U81/><E106/><V73/><F35/><T131/><D52/><U69/><E69/><V48/><F38/><T88/><D54/><U60/><E60/><V84/><F73/><T85/><D70/><U42/><E42/><V57/><F57/><T135/><D71/><U79/><E99/><V123/><N who="2" m="31520" /><V125/><F125/><T115/><D115/><U49/><E40/><V105/><F105/><T37/><D37/><U133/><E133/><AGARI ba="0,0" hai="43,46,48,76,83,84,91,93,96,108,111,132,133,134" m="31520,31008" machi="133" ten="40,8000,1" yaku="6,1,20,1,52,2" doraHai="33" who="2" fromWho="1" sc="290,0,263,-80,497,80,0,0" /><INIT seed="6,0,0,2,2,109" ten="290,183,577,0" oya="2" hai0="95,116,66,41,87,96,106,68,0,78,46,44,105" hai1="1,126,69,53,117,42,56,129,3,82,52,84,72" hai2="35,57,80,34,88,102,130,120,99,40,63,85,114" hai3=""/><V75/><N who="2" m="30752" /><V83/><F130/><T70/><D0/><U43/><E126/><V111/><F40/><T37/><D116/><U90/><E117/><V127/><F127/><T77/><D46/><U108/><E108/><V133/><F133/><T93/><D66/><U81/><E69/><V36/><F36/><T100/><D70/><U113/><E129/><V32/><F80/><T124/><D68/><U65/><E65/><V45/><F45/><T33/><D33/><U97/><E97/><V122/><F75/><T91/><D124/><U67/><E67/><V48/><F48/><T134/><D134/><U104/><E104/><V101/><F111/><T103/><D105/><U71/><E71/><V38/><F38/><T128/><D128/><U76/><E113/><V94/><F114/><T123/><N who="0" m="31520" /><T58/><D58/><U98/><E98/><V89/><N who="2" m="31264" /><V62/><F62/><T74/><D74/><U107/><E107/><V49/><F49/><T86/><D106/><U47/><E53/><V60/><F60/><T132/><D132/><U119/><E119/><V50/><F63/><T64/><BYE who="1" /><D37/><UN n1="%E9%95%B7%E5%85%89%E9%BA%BB%E5%A4%9C" /><U121/><N who="1" m="31008" /><U131/><E131/><V39/><F34/><T118/><D118/><U51/><E42/><RYUUKYOKU ba="0,0" sc="290,-10,183,20,577,-10,0,0" hai1="1,3,43,47,51,52,56,72,76,81,82,84,90" owari="280,-12.0,203,-40.0,567,52.0,0,0.0" /></mjloggm>