<mjloggm ver="2.3"><GO type="225" lobby="0"/><UN n0="%E6%9D%A5%E9%80%B1%E3%81%AE%E7%B3%B8%E4%BA%95" n1="%EF%BC%AE%EF%BC%AF%EF%BD%90%EF%BD%90%EF%BC%AF" n2="%E8%91%B5%E3%81%A1%E3%82%83%E3%82%93" n3="%48%4F%4D%4F%E5%A5%B3" dan="16,16,16,16" rate="2146.55,2091.21,2143.20,2111.45" sx="M,M,F,M"/><TAIKYOKU oya="0"/><INIT seed="0,0,0,3,2,59" ten="250,250,250,250" oya="0" hai0="73,48,2,23,84,83,41,105,107,8,93,35,119" hai1="125,111,133,26,82,132,38,117,98,100,16,21,32" hai2="49,90,47,118,103,95,27,33,56,1,17,91,113" hai3="10,61,110,69,75,42,29,0,120,13,11,78,57"/><T134/><D35/><U108/><E117/><V60/><F113/><W15/><G120/><T53/><D119/><U135/><E38/><V109/><F109/><N who="1" m="42057" /><E125/><V5/><F118/><W37/><G69/><T22/><D134/><U123/><E123/><V3/><F103/><W96/><G29/><T7/><D73/><U39/><E39/><V99/><F91/><W114/><G96/><T130/><D130/><U67/><E82/><V106/><F106/><W51/><G37/><T79/><D41/><U58/><E32/><V28/><F17/><W77/><G114/><T124/><D124/><U76/><E76/><V65/><REACH who="2" step="1"/><F5/><REACH who="2" ten="250,250,240,250" step="2"/><W74/><G110/><T116/><D116/><U6/><E6/><V68/><F68/><W45/><G78/><T14/><D107/><N who="1" m="63895" /><E135/><V19/><F19/><W63/><G77/><T87/><D105/><U94/><E94/><V36/><F36/><W81/><G81/><T31/><D31/><U86/><E86/><V62/><F62/><AGARI ba="0,1" hai="16,21,26,58,62,67,132,133" m="63895,42057" machi="62" ten="30,3900,0" yaku="14,1,52,1,54,1" doraHai="59" who="1" fromWho="2" sc="250,0,250,49,240,-39,250,0" /><INIT seed="1,0,0,1,3,69" ten="250,299,201,250" oya="1" hai0="41,47,122,114,9,127,27,103,24,112,66,37,87" hai1="42,22,44,125,95,19,25,1,28,90,3,10,130" hai2="101,48,84,91,23,85,133,18,72,135,29,30,74" hai3="118,105,32,96,76,129,110,92,113,58,61,100,64"/><U31/><E125/><V80/><F101/><W102/><G113/><T71/><D127/><U59/><E130/><V49/><F91/><W128/><G110/><T88/><D122/><U13/><E59/><V104/><F104/><W17/><G76/><T120/><D120/><U21/><E21/><V93/><F93/><W121/><G118/><T99/><D9/><U89/><E31/><V131/><F23/><W39/><G39/><T60/><D114/><U94/><E94/><V53/><F18/><W98/><G121/><T77/><D77/><U81/><E81/><V0/><F0/><W79/><G79/><T123/><D112/><U73/><E73/><V63/><F63/><W115/><G115/><T40/><D40/><U38/><REACH who="1" step="1"/><E90/><REACH who="1" ten="250,289,201,250" step="2"/><V55/><REACH who="2" step="1"/><F131/><REACH who="2" ten="250,289,191,250" step="2"/><W5/><G128/><T97/><D123/><U78/><E78/><V12/><F12/><W109/><G129/><T75/><D103/><U46/><E46/><V2/><F2/><W50/><G102/><T126/><D126/><U35/><E35/><V62/><F62/><W36/><G61/><T119/><D75/><U107/><E107/><V4/><F4/><W56/><G100/><T67/><D60/><U51/><E51/><V68/><F68/><W116/><G105/><T43/><D71/><U14/><E14/><V134/><F134/><W57/><G32/><T52/><D47/><U8/><E8/><V34/><F34/><W45/><G45/><T117/><D88/><U26/><E26/><V20/><F20/><W108/><G109/><T16/><D27/><U11/><E11/><V33/><F33/><RYUUKYOKU ba="0,2" sc="250,-15,289,15,191,15,250,-15" hai1="1,3,10,13,19,22,25,28,38,42,44,89,95" hai2="29,30,48,49,53,55,72,74,80,84,85,133,135" /><INIT seed="1,1,2,1,4,11" ten="235,304,206,235" oya="1" hai0="38,45,77,24,60,59,55,119,33,85,52,104,1" hai1="96,94,88,7,14,93,0,100,76,124,78,15,2" hai2="67,36,16,22,46,57,3,40,131,73,44,120,64" hai3="13,47,6,53,74,49,111,63,113,83,37,110,84"/><U109/><E124/><V133/><F73/><W116/><G113/><T51/><D119/><U42/><E109/><N who="3" m="41482" /><G74/><T69/><D104/><U99/><E42/><V75/><F120/><W80/><G116/><T34/><D1/><U112/><E112/><V87/><F75/><W12/><G6/><T62/><D38/><U4/><E88/><V35/><F35/><W127/><G127/><T20/><D69/><U95/><E94/><V114/><F131/><W125/><G125/><T89/><D77/><U65/><E65/><V97/><F114/><W122/><G122/><T71/><D71/><U126/><E126/><V48/><F3/><W134/><G134/><T28/><REACH who="0" step="1"/><D60/><REACH who="0" ten="225,304,206,235" step="2"/><U132/><REACH who="1" step="1"/><E100/><REACH who="1" ten="225,294,206,235" step="2"/><V25/><F36/><W79/><G37/><T129/><D129/><U50/><E50/><V72/><F48/><W115/><G115/><T56/><D56/><U68/><E68/><V102/><F57/><W23/><G49/><T123/><D123/><U32/><E32/><V10/><F102/><W128/><G128/><T130/><D130/><U107/><E107/><V106/><F106/><W91/><G79/><T61/><D61/><U5/><E5/><V19/><F133/><AGARI ba="1,4" hai="0,2,4,7,14,15,76,78,93,95,96,99,132,133" machi="133" ten="25,18000,2" yaku="1,1,22,2,52,2,53,2" doraHai="11" doraHaiUra="9" who="1" fromWho="2" sc="225,0,294,223,206,-183,235,0" /><INIT seed="1,2,0,4,5,134" ten="225,517,23,235" oya="1" hai0="120,65,36,5,43,33,7,59,57,132,22,54,93" hai1="37,107,102,39,47,3,25,131,1,68,61,81,27" hai2="122,128,130,121,74,126,69,56,71,35,77,62,135" hai3="17,89,79,109,45,11,118,95,42,12,82,99,127"/><U123/><E123/><N who="2" m="47115" /><F35/><W14/><G109/><T38/><D33/><U4/><E131/><N who="2" m="50219" /><F74/><W20/><G118/><T48/><D120/><U70/><E27/><V66/><F77/><W55/><G55/><T67/><D132/><U129/><E81/><V105/><F105/><W63/><G63/><T73/><D73/><U115/><E25/><V64/><F135/><W104/><G104/><T98/><D43/><U101/><E101/><V50/><F50/><W32/><G32/><T124/><D124/><U106/><E129/><V88/><F88/><W60/><G60/><T10/><D36/><U110/><E107/><V119/><F119/><W23/><G127/><T90/><D38/><U34/><E39/><V46/><F46/><W49/><G14/><T78/><D78/><U97/><E34/><V94/><F94/><W2/><G2/><T91/><D91/><U0/><E110/><V26/><F26/><W85/><AGARI ba="2,0" hai="11,12,17,20,23,42,45,49,79,82,85,89,95,99" machi="85" ten="20,2700,0" yaku="0,1,7,1,8,1" doraHai="134" who="3" fromWho="3" sc="225,-9,517,-15,23,-9,235,33" /><INIT seed="2,0,0,1,0,84" ten="216,502,14,268" oya="2" hai0="2,24,117,73,125,43,102,48,97,94,95,30,88" hai1="78,132,67,27,57,113,115,35,9,98,133,61,7" hai2="42,114,128,63,77,96,26,1,62,59,38,51,5" hai3="110,111,4,13,71,8,37,23,90,121,32,68,127"/><V39/><F114/><W135/><G37/><T50/><D125/><U82/><E98/><V86/><F128/><W40/><G40/><T66/><D117/><U17/><E35/><V106/><F1/><W100/><G100/><T36/><D73/><U55/><E27/><V69/><F5/><W87/><G127/><T28/><D2/><U10/><E17/><V15/><F15/><W20/><G32/><T83/><D66/><U75/><E67/><V103/><F69/><W49/><G49/><T19/><D83/><U81/><E81/><V105/><F105/><W52/><G52/><T124/><D124/><U116/><E116/><V107/><F107/><W123/><G135/><N who="1" m="51786" /><E9/><V31/><F77/><W134/><G134/><T76/><D76/><U0/><AGARI ba="0,0" hai="0,7,10,55,57,61,75,78,82,113,115" m="51786" machi="0" ten="30,1100,0" yaku="20,1" doraHai="84" who="1" fromWho="1" sc="216,-3,502,11,14,-5,268,-3" /><INIT seed="3,0,0,2,2,27" ten="213,513,9,265" oya="3" hai0="44,115,5,62,16,37,131,134,45,39,70,35,107" hai1="15,80,31,0,38,104,121,85,73,86,60,76,23" hai2="96,50,67,101,69,98,34,87,79,43,88,81,75" hai3="78,84,68,110,123,26,126,33,129,95,19,99,13"/><W1/><G123/><T91/><D5/><U55/><E0/><V30/><F50/><W25/><G126/><T64/><D91/><U106/><E121/><V51/><F43/><W82/><G129/><T94/><D107/><U114/><E114/><V135/><F51/><W97/><G68/><T41/><D94/><U2/><E2/><V71/><F135/><W63/><G1/><T52/><D35/><U57/><E38/><N who="0" m="14345" /><D16/><U12/><E106/><V74/><F30/><W90/><G33/><T118/><D118/><U54/><E104/><V100/><F34/><W11/><G99/><T20/><D20/><U72/><E72/><V116/><F116/><W18/><G18/><T102/><D102/><U58/><E73/><N who="2" m="27659" /><F67/><W130/><G19/><T128/><D115/><U8/><E86/><N who="2" m="48447" /><F69/><W83/><G13/><T14/><D14/><U22/><E31/><V4/><F4/><W66/><G11/><T77/><D77/><U111/><E111/><V48/><F48/><W61/><G78/><T42/><D134/><U132/><E132/><V6/><F6/><W47/><G26/><T17/><D17/><N who="1" m="8327" /><E15/><V103/><F71/><W105/><G25/><T9/><D9/><U46/><E46/><N who="0" m="18025" /><D52/><U29/><E29/><V112/><F112/><W120/><G120/><T125/><D125/><U10/><E10/><V109/><F109/><W92/><G105/><T113/><D113/><U122/><E122/><V32/><F32/><W3/><G3/><T124/><D124/><U89/><E76/><V40/><F40/><W65/><G90/><T108/><D108/><U49/><AGARI ba="0,0" hai="22,23,49,54,55,57,58,60,80,85,89" m="8327" machi="49" ten="30,2000,0" yaku="5,1,8,1" doraHai="27" who="1" fromWho="1" sc="213,-5,513,20,9,-5,265,-10" owari="208,-19.0,533,63.0,4,-50.0,255,6.0" /></mjloggm>