<mjloggm ver="2.3"><GO type="185" lobby="0"/><UN n0="%E3%81%BF%E3%83%BC%E3%82%8F" n1="%E3%83%9A%E3%83%9A%E3%83%AD%E3%83%B3%E3%83%81%E3%83%BC%E3%83%8E%37" n2="%E7%B6%BE%E7%80%AC%E7%BE%8E%E5%A4%9C" n3="" dan="17,16,16,0" rate="2250.60,2123.35,2133.78,1500.00" sx="M,M,F,C"/><TAIKYOKU oya="0"/><INIT seed="0,0,0,0,4,80" ten="350,350,350,0" oya="0" hai0="131,41,36,32,61,46,35,106,64,83,76,97,113" hai1="71,110,128,96,1,133,117,49,104,89,130,69,56" hai2="91,105,2,34,107,116,51,48,84,90,39,98,94" hai3=""/><T127/><D113/><U0/><E117/><V53/><F39/><T135/><D127/><U58/><E89/><V102/><F34/><T55/><D135/><U99/><E49/><V126/><F2/><T121/><N who="0" m="31008" /><T44/><D131/><U42/><E42/><V68/><F68/><T37/><D97/><U77/><E77/><V3/><F3/><T66/><D106/><U75/><E75/><V33/><F33/><T125/><D125/><U87/><E104/><V112/><F112/><T73/><D66/><U108/><E133/><V134/><F116/><T81/><D83/><U86/><AGARI ba="0,0" hai="0,1,56,58,69,71,86,87,96,99,108,110,128,130" machi="86" ten="25,6000,1" yaku="0,1,22,2,52,2" doraHai="80" who="1" fromWho="1" sc="350,-40,350,60,350,-20,0,0" /><INIT seed="1,0,0,5,0,41" ten="310,410,330,0" oya="1" hai0="35,86,60,40,101,51,92,0,75,94,42,63,134" hai1="96,80,2,130,109,78,46,43,115,111,56,93,131" hai2="37,66,112,62,52,103,100,70,1,132,117,68,95" hai3=""/><U71/><E2/><V106/><F1/><T84/><D0/><U122/><N who="1" m="31264" /><U61/><E71/><V119/><F112/><T114/><D114/><U129/><E115/><V81/><F132/><T74/><D51/><U50/><E93/><V48/><F106/><T133/><REACH who="0" step="1"/><D101/><REACH who="0" ten="300,410,330,0" step="2"/><U34/><E34/><AGARI ba="0,1" hai="34,35,40,42,60,63,74,75,84,86,92,94,133,134" machi="34" ten="25,12000,2" yaku="1,1,2,1,22,2,53,2" doraHai="41" doraHaiUra="128" who="0" fromWho="1" sc="300,130,410,-120,330,0,0,0" /><INIT seed="2,0,0,4,4,127" ten="430,290,330,0" oya="2" hai0="50,38,79,45,82,118,53,131,60,54,105,97,85" hai1="46,63,80,40,33,37,32,132,62,101,35,102,104" hai2="109,1,52,89,44,121,43,57,59,55,84,133,128" hai3=""/><V70/><N who="2" m="31008" /><V58/><F1/><T93/><D118/><U39/><E132/><V3/><F3/><T99/><D131/><U74/><E104/><V122/><N who="2" m="31264" /><V92/><F70/><T135/><D135/><U90/><E90/><V91/><F133/><T69/><D38/><U42/><E80/><V120/><N who="2" m="30752" /><V48/><F109/><T65/><D105/><U66/><E74/><V78/><F128/><T117/><D117/><U87/><E87/><V77/><F91/><T76/><D79/><AGARI ba="0,0" hai="43,44,48,52,55,57,58,59,77,78,79,84,89,92" m="30752,31264,31008" machi="79" ten="40,12000,1" yaku="8,1,52,3,54,1" doraHai="127" who="2" fromWho="0" sc="430,-120,290,0,330,120,0,0" /><INIT seed="2,1,0,4,1,63" ten="310,290,450,0" oya="2" hai0="42,34,83,106,112,125,66,38,90,55,123,93,1" hai1="65,131,50,40,86,128,109,0,95,126,54,108,77" hai2="44,122,59,118,79,39,57,82,46,47,78,101,36" hai3=""/><V127/><N who="2" m="31264" /><V104/><F118/><T76/><N who="0" m="31520" /><T60/><D1/><U75/><E0/><V37/><F127/><T62/><D34/><U91/><E126/><V41/><F104/><T88/><D125/><U74/><E40/><V97/><F97/><T107/><D112/><U99/><E65/><V67/><F101/><T48/><D38/><U115/><E115/><V133/><F133/><T92/><D42/><U111/><E54/><V89/><F41/><T2/><D2/><U58/><E58/><V116/><F116/><T85/><D90/><U110/><N who="1" m="27648" /><DORA hai="73" /><U96/><E50/><V80/><F89/><T61/><D93/><U114/><E114/><V43/><F43/><T103/><D103/><U94/><E86/><V33/><F33/><T100/><D100/><U102/><E75/><V32/><F32/><T98/><REACH who="0" step="1"/><D66/><REACH who="0" ten="300,290,450,0" step="2"/><U68/><REACH who="1" step="1"/><E68/><REACH who="1" ten="300,280,450,0" step="2"/><V135/><F67/><T72/><D72/><U69/><E69/><V130/><F36/><T51/><D51/><U71/><E71/><V64/><F37/><T119/><D119/><U132/><E132/><V124/><F39/><T35/><D35/><U56/><E56/><AGARI ba="1,2" hai="48,55,56,60,61,62,76,83,85,88,92,98,106,107" m="31520" machi="56" ten="40,8000,1" yaku="1,1,52,2,54,1,53,0" doraHai="63,73" doraHaiUra="120,113" who="0" fromWho="1" sc="300,102,280,-82,450,0,0,0" /><INIT seed="4,0,0,5,0,105" ten="402,198,450,0" oya="0" hai0="73,48,46,74,118,65,71,69,117,82,88,36,62" hai1="134,111,130,125,104,63,76,123,120,94,102,32,67" hai2="75,116,89,103,58,115,49,98,47,55,92,95,86" hai3=""/><T84/><D36/><U38/><N who="1" m="30752" /><U83/><N who="1" m="31520" /><U43/><E111/><V77/><F116/><T59/><D71/><U93/><E32/><V40/><F115/><T113/><D113/><U97/><E130/><V107/><F75/><T135/><D135/><U121/><N who="1" m="31008" /><U41/><E134/><V60/><REACH who="2" step="1"/><F77/><REACH who="2" ten="402,198,440,0" step="2"/><T114/><D114/><U100/><E125/><V133/><F133/><T52/><D117/><U53/><E53/><V80/><AGARI ba="0,1" hai="40,47,49,55,58,60,80,86,89,92,95,98,103,107" machi="80" ten="20,3900,0" yaku="1,1,0,1,7,1,53,1" doraHai="105" doraHaiUra="96" who="2" fromWho="2" sc="402,-26,198,-13,440,49,0,0" /><INIT seed="5,0,0,5,0,2" ten="376,185,489,0" oya="1" hai0="64,98,80,73,106,77,94,112,100,70,125,88,47" hai1="45,44,87,68,62,115,86,105,65,85,69,52,82" hai2="128,55,96,59,38,135,37,92,129,74,57,50,51" hai3=""/><U116/><E105/><V102/><F135/><T32/><D32/><U33/><E116/><V89/><F74/><T126/><D112/><U49/><E115/><V46/><F102/><T84/><D47/><U56/><E33/><V0/><F0/><T123/><N who="0" m="31520" /><T35/><D35/><U90/><E69/><V108/><F108/><T117/><D117/><U118/><E118/><V114/><F114/><T75/><D64/><U43/><REACH who="1" step="1"/><E45/><REACH who="1" ten="376,175,489,0" step="2"/><V78/><F46/><T42/><D70/><U71/><E71/><V104/><F104/><T41/><D73/><U66/><E66/><V79/><F129/><T120/><N who="0" m="30752" /><T95/><D106/><U48/><AGARI ba="0,1" hai="43,44,48,49,52,56,62,65,68,82,85,86,87,90" machi="48" ten="20,5200,0" yaku="1,1,0,1,7,1,54,1,53,0" doraHai="2" doraHaiUra="91" who="1" fromWho="1" sc="376,-26,175,62,489,-26,0,0" /><INIT seed="5,1,0,5,0,94" ten="350,237,463,0" oya="1" hai0="41,121,62,2,95,111,39,59,131,86,100,57,34" hai1="103,90,126,123,64,117,67,84,61,78,116,50,76" hai2="104,115,107,51,124,91,125,49,113,42,108,72,83" hai3=""/><U47/><N who="1" m="31520" /><U127/><E103/><V44/><F108/><T65/><N who="0" m="31008" /><T81/><D111/><U82/><E116/><V36/><F91/><T133/><D2/><U48/><E117/><V101/><F83/><T40/><D34/><U98/><E67/><V1/><F1/><T35/><D35/><U73/><E98/><V122/><N who="2" m="31264" /><V68/><F68/><T37/><D133/><U63/><E63/><V74/><F74/><T52/><D131/><U92/><E78/><V105/><F72/><T97/><D37/><U3/><E3/><V75/><F75/><T110/><D39/><U71/><REACH who="1" step="1"/><E50/><REACH who="1" ten="350,227,463,0" step="2"/><N who="2" m="18955" /><F101/><T135/><D110/><U87/><E87/><V66/><F66/><T0/><D0/><U38/><E38/><V109/><F109/><T120/><N who="0" m="30752" /><T54/><D65/><U134/><E134/><V128/><F128/><T60/><D135/><U129/><E129/><V56/><F36/><T88/><AGARI ba="1,1" hai="40,41,52,54,57,59,60,62,81,86,88,95,97,100" m="30752,31008" machi="88" ten="20,12000,3" yaku="0,1,7,1,9,1,8,1,52,3,54,2" doraHai="94" who="0" fromWho="0" sc="350,132,227,-81,463,-41,0,0" /><INIT seed="6,0,0,0,5,96" ten="482,146,422,0" oya="2" hai0="100,3,63,120,65,114,102,52,41,119,134,38,1" hai1="127,34,103,45,106,124,117,104,95,78,110,92,101" hai2="83,60,121,97,44,64,99,43,59,36,91,54,49" hai3=""/><V82/><N who="2" m="31008" /><V108/><F108/><T37/><N who="0" m="30752" /><T46/><D119/><U62/><E45/><V55/><F55/><T68/><D134/><U47/><E47/><V84/><REACH who="2" step="1"/><F83/><REACH who="2" ten="482,146,412,0" step="2"/><T71/><D1/><U122/><N who="1" m="31264" /><U115/><E62/><V86/><F86/><T69/><D3/><U58/><E58/><AGARI ba="0,1" hai="36,43,44,49,54,58,59,60,64,82,84,91,97,99" m="31008" machi="58" ten="30,5800,0" yaku="1,1,7,1,52,1,53,0" doraHai="96" doraHaiUra="90" who="2" fromWho="1" sc="482,0,146,-58,412,68,0,0" /><INIT seed="6,1,0,5,1,70" ten="482,88,480,0" oya="2" hai0="94,116,61,79,88,63,43,131,45,97,32,104,56" hai1="64,106,128,84,120,110,48,82,80,50,34,86,93" hai2="125,44,105,101,33,112,62,77,100,67,107,98,49" hai3=""/><V75/><F33/><T91/><D116/><U52/><E93/><V69/><F125/><T99/><D32/><U85/><E64/><V132/><F132/><T72/><D131/><U103/><E34/><V71/><F71/><T109/><D109/><U83/><E52/><V2/><F2/><T53/><D72/><U74/><E128/><V76/><F75/><T111/><D111/><U73/><E110/><V108/><F108/><T39/><D79/><U65/><E65/><V102/><F112/><T126/><D126/><U121/><E73/><V89/><F89/><T59/><D104/><U129/><E74/><V133/><F133/><T95/><D59/><U134/><E129/><V119/><F119/><T0/><D0/><U114/><E114/><V41/><F102/><T113/><D113/><U68/><E68/><V96/><AGARI ba="1,0" hai="41,44,49,62,67,69,76,77,96,98,100,101,105,107" machi="96" ten="30,2000,0" yaku="0,1,9,1" doraHai="70" who="2" fromWho="2" sc="482,-11,88,-11,480,22,0,0" owari="471,7.0,77,-52.0,502,45.0,0,0.0" /></mjloggm>