<mjloggm ver="2.3"><GO type="225" lobby="0"/><UN n0="%E6%9D%A5%E9%80%B1%E3%81%AE%E7%B3%B8%E4%BA%95" n1="%E8%91%B5%E3%81%A1%E3%82%83%E3%82%93" n2="%E4%B9%9D%E4%B8%88%E8%8A%B1%E9%9F%B3" n3="%E8%A8%88%E7%AE%97%E6%A9%9F%E8%87%AA%E7%84%B6" dan="16,16,16,17" rate="2140.35,2149.04,2180.06,2250.76" sx="M,F,F,M"/><TAIKYOKU oya="0"/><INIT seed="0,0,0,0,4,102" ten="250,250,250,250" oya="0" hai0="119,67,47,118,111,5,80,133,13,110,52,117,96" hai1="11,29,127,7,18,26,89,38,60,125,135,62,112" hai2="97,44,87,82,86,63,123,90,31,83,28,37,57" hai3="115,43,42,121,78,51,2,122,88,85,91,49,98"/><T66/><D133/><U12/><E135/><V107/><F123/><N who="3" m="47115" /><G115/><T6/><D80/><U134/><E134/><V68/><F68/><W106/><G2/><T69/><D96/><U56/><E112/><V99/><F37/><W71/><G71/><T105/><D105/><U58/><E38/><V104/><F44/><N who="3" m="25751" /><G78/><T59/><D47/><U77/><E77/><V25/><F99/><W95/><G51/><N who="0" m="31135" /><D13/><U32/><E89/><V74/><F97/><W103/><G91/><T19/><D19/><U1/><E1/><V48/><BYE who="1" /><F48/><UN n1="%E8%91%B5%E3%81%A1%E3%82%83%E3%82%93" /><W15/><G15/><T65/><D69/><U61/><REACH who="1" step="1"/><E18/><REACH who="1" ten="250,240,250,250" step="2"/><V131/><F74/><W0/><G0/><T9/><D9/><U76/><E76/><V113/><F113/><W33/><G33/><T45/><D45/><U21/><E21/><V3/><F3/><W54/><G54/><T53/><D53/><U93/><E93/><V109/><F104/><W41/><AGARI ba="0,1" hai="41,43,85,88,95,98,103,106" m="25751,47115" machi="41" ten="30,4000,0" yaku="13,1,52,1,54,1" doraHai="102" who="3" fromWho="3" sc="250,-20,240,-10,250,-10,250,50" /><INIT seed="1,0,0,3,5,124" ten="230,230,240,300" oya="1" hai0="57,28,120,53,122,48,102,36,29,15,31,127,85" hai1="123,26,33,133,16,110,112,59,104,135,7,60,42" hai2="65,18,62,25,47,95,38,8,82,106,103,10,32" hai3="73,21,50,113,84,30,69,97,5,111,132,76,1"/><U99/><E112/><V0/><F95/><W118/><G113/><T98/><D127/><U56/><E123/><N who="0" m="47145" /><D36/><U46/><E7/><V9/><F18/><W41/><G69/><T19/><D85/><U78/><E78/><V39/><F82/><N who="3" m="47175" /><G1/><T11/><D31/><U119/><E119/><V66/><F66/><W44/><G73/><T117/><D117/><U35/><E110/><V54/><F54/><W72/><G72/><T52/><D53/><U27/><E99/><N who="2" m="61823" /><F47/><W108/><G97/><T63/><D63/><U92/><E104/><AGARI ba="0,0" hai="11,15,19,28,29,48,52,57,98,102,104" m="47145" machi="104" ten="30,2000,0" yaku="13,1,54,1" doraHai="124" who="0" fromWho="1" sc="230,20,230,-20,240,0,300,0" /><INIT seed="2,0,0,2,3,81" ten="250,210,240,300" oya="2" hai0="46,13,85,123,17,87,84,66,30,108,117,80,102" hai1="37,132,103,25,60,56,96,22,111,99,12,107,69" hai2="0,126,88,118,82,112,38,74,94,130,27,1,47" hai3="104,48,33,110,119,62,92,65,24,10,106,29,72"/><V7/><F112/><W114/><G119/><T59/><D123/><U8/><E111/><V75/><F118/><W128/><G72/><T135/><D117/><U49/><E132/><V19/><F130/><W76/><G76/><T127/><D127/><U26/><E37/><V2/><F7/><W50/><G110/><T45/><D108/><U51/><E69/><V105/><F105/><W5/><G128/><T93/><D30/><U83/><E99/><V58/><F58/><W67/><G67/><T61/><D135/><U41/><E41/><V43/><F82/><W6/><G6/><T77/><D102/><U86/><E12/><V64/><F64/><W40/><G92/><T91/><D85/><U57/><E8/><AGARI ba="0,0" hai="8,13,17,45,46,59,61,66,77,80,84,87,91,93" machi="8" ten="30,7700,0" yaku="7,1,8,1,52,2" doraHai="81" who="0" fromWho="1" sc="250,77,210,-77,240,0,300,0" /><INIT seed="3,0,0,2,0,107" ten="327,133,240,300" oya="3" hai0="1,0,122,63,75,23,4,66,54,135,116,27,74" hai1="59,58,104,43,117,10,56,131,91,53,33,72,26" hai2="57,29,85,115,92,123,5,132,106,88,86,121,82" hai3="101,45,50,22,30,7,80,97,127,52,73,120,36"/><W105/><G120/><N who="2" m="46153" /><F57/><W99/><G127/><T40/><D122/><U64/><E117/><V111/><F29/><W69/><G69/><T2/><D116/><U17/><E131/><V18/><F18/><W65/><G65/><T110/><D40/><U95/><E104/><V70/><F5/><W93/><G7/><T46/><D4/><U61/><E43/><V49/><F49/><W81/><G73/><T114/><D114/><U39/><E39/><V100/><F70/><W62/><G36/><T31/><D135/><U102/><E102/><V84/><F132/><W47/><G47/><T71/><REACH who="0" step="1"/><D110/><REACH who="0" ten="317,133,240,300" step="2"/><U20/><E72/><V3/><F111/><W89/><REACH who="3" step="1"/><G62/><REACH who="3" ten="317,133,240,290" step="2"/><T134/><D134/><U128/><E128/><V15/><F3/><W133/><G133/><T11/><D11/><U32/><E10/><V19/><F115/><W60/><G60/><T76/><D76/><U78/><E78/><V51/><F51/><AGARI ba="0,2" hai="0,1,2,23,27,31,46,51,54,63,66,71,74,75" machi="51" ten="40,8000,1" yaku="1,1,52,2,53,1" doraHai="107" doraHaiUra="48" who="0" fromWho="2" sc="317,100,133,0,240,-80,290,0" owari="417,52.0,133,-37.0,160,-24.0,290,9.0" /></mjloggm>