<mjloggm ver="2.3"><GO type="169" lobby="0"/><UN n0="%64%75%72%72%72%72%72" n1="%E3%83%8E%E3%82%AA%E3%83%81%E3%83%A3%E3%83%99%E3%82%B9" n2="%E6%B3%A2%E7%91%A0" n3="%E9%87%8E%E8%89%AF%E7%8C%AB%E3%83%AD%E3%83%83%E3%82%AF" dan="18,16,16,16" rate="2261.64,2109.63,2149.97,2220.36" sx="M,M,F,M"/><TAIKYOKU oya="0"/><BYE who="0" /><INIT seed="0,0,0,2,0,112" ten="250,250,250,250" oya="0" hai0="81,133,73,5,37,48,51,122,124,41,2,62,24" hai1="6,91,36,93,19,28,13,31,7,121,114,42,3" hai2="50,29,92,18,46,103,12,96,49,109,74,83,14" hai3="53,59,100,76,11,108,10,115,102,135,64,78,84"/><T33/><D33/><U130/><E130/><V17/><BYE who="1" /><F29/><UN n0="%64%75%72%72%72%72%72" /><UN n1="%E3%83%8E%E3%82%AA%E3%83%81%E3%83%A3%E3%83%99%E3%82%B9" /><W67/><G115/><T127/><D24/><U20/><E114/><V45/><F109/><W66/><G108/><T119/><D122/><U104/><E104/><V125/><F125/><N who="0" m="48202" /><D62/><U16/><E121/><V99/><F74/><W57/><G135/><T56/><D56/><N who="3" m="21577" /><G84/><T44/><D133/><U52/><E42/><V105/><F83/><W70/><G53/><T8/><D119/><U132/><E36/><V61/><F61/><W101/><G70/><T71/><D71/><U65/><E132/><V131/><F131/><W94/><G94/><T0/><D0/><U129/><E3/><V9/><F105/><W117/><G117/><T35/><D35/><U58/><E65/><V97/><F92/><W23/><G23/><T113/><D113/><U32/><E19/><V106/><F106/><W88/><G88/><T47/><D47/><N who="2" m="17930" /><F103/><W79/><AGARI ba="0,0" hai="10,11,64,66,67,76,78,79,100,101,102" m="21577" machi="79" ten="40,8000,1" yaku="29,2,28,2,8,1" doraHai="112" who="3" fromWho="3" sc="250,-40,250,-20,250,-20,250,80" /><INIT seed="1,0,0,5,2,16" ten="210,230,230,330" oya="1" hai0="102,97,44,55,106,104,132,64,71,122,70,63,18" hai1="76,8,84,12,108,87,26,79,92,2,103,134,61" hai2="23,21,22,13,0,28,69,51,72,36,68,58,31" hai3="45,73,3,15,123,43,14,117,47,99,25,131,9"/><U115/><E2/><V24/><F0/><W107/><G123/><T119/><D119/><U19/><E115/><V133/><F36/><W39/><G131/><T88/><D122/><U91/><E134/><V66/><F72/><W48/><G117/><T37/><D132/><U4/><E108/><V90/><F133/><W96/><G15/><T38/><D71/><U118/><E118/><V80/><F13/><W17/><G73/><T77/><D106/><U120/><E120/><V83/><F83/><W35/><G107/><T11/><D77/><U40/><E103/><V1/><F1/><W128/><G3/><T124/><D11/><U111/><E111/><V100/><F100/><W125/><G125/><T6/><D6/><U129/><E129/><V109/><F109/><W5/><G128/><T130/><D18/><U89/><E61/><V135/><F135/><W74/><G74/><T41/><D124/><U7/><E40/><V52/><F66/><W85/><G85/><T114/><D114/><U67/><E67/><V59/><F59/><W116/><G116/><T101/><D101/><U105/><E105/><V113/><F113/><W34/><G34/><T94/><D55/><U121/><E121/><V10/><F10/><W82/><G82/><T56/><D130/><U93/><E7/><V32/><REACH who="2" step="1"/><F31/><REACH who="2" ten="210,230,220,330" step="2"/><N who="3" m="19951" /><G5/><T65/><D65/><U46/><E46/><V78/><F78/><W110/><G110/><T62/><D37/><U20/><AGARI ba="0,1" hai="4,8,12,19,20,26,76,79,84,87,89,91,92,93" machi="20" ten="30,11700,0" yaku="0,1,9,1,8,1,52,1" doraHai="16" who="1" fromWho="1" sc="210,-39,230,127,220,-39,330,-39" /><INIT seed="1,1,0,2,3,103" ten="171,357,181,291" oya="1" hai0="27,130,128,24,129,118,14,48,25,82,54,80,23" hai1="30,35,59,3,120,84,102,85,116,12,29,21,73" hai2="92,90,10,34,115,22,83,127,132,4,112,40,0" hai3="60,95,50,56,15,96,88,37,89,2,39,43,87"/><U108/><E73/><V64/><F34/><W52/><G2/><T20/><D118/><U134/><E116/><V97/><F132/><W6/><G6/><T53/><D48/><U113/><E3/><V41/><F127/><W13/><G39/><T133/><D14/><U77/><E113/><N who="2" m="43595" /><F64/><W75/><G75/><T66/><D66/><U38/><E38/><V104/><F104/><W101/><G37/><T44/><D44/><U76/><E120/><V47/><F47/><N who="3" m="25983" /><G101/><T65/><D65/><U49/><E35/><V26/><F83/><AGARI ba="1,0" hai="13,15,52,56,60,83,87,88,89,95,96" m="25983" machi="83" ten="30,3900,0" yaku="8,1,54,2" doraHai="103" who="3" fromWho="2" sc="171,0,357,0,181,-42,291,42" /><INIT seed="2,0,0,5,1,126" ten="171,357,139,333" oya="2" hai0="2,135,91,17,7,82,50,14,97,8,67,16,30" hai1="69,98,113,48,92,24,131,111,0,22,12,83,59" hai2="96,72,117,21,88,130,77,35,60,20,78,76,13" hai3="51,56,5,100,11,33,94,39,84,121,128,25,23"/><V93/><F35/><W114/><G39/><T101/><D135/><U34/><E69/><V123/><F117/><W19/><G121/><T124/><D124/><U116/><E113/><V15/><F123/><W120/><G120/><T29/><D67/><U86/><E0/><V58/><F72/><W122/><G122/><T108/><D108/><U133/><E133/><V102/><F102/><W10/><G33/><T26/><D50/><U45/><E111/><V95/><F95/><W87/><G10/><T99/><D2/><U70/><E70/><V110/><F110/><W37/><G37/><T42/><D42/><U49/><E34/><V89/><F89/><W65/><G114/><T134/><D134/><U66/><E12/><N who="2" m="4683" /><F130/><W125/><G128/><T119/><D119/><U31/><E131/><V55/><AGARI ba="0,0" hai="20,21,55,58,60,76,77,78,88,93,96" m="4683" machi="55" ten="30,3000,0" yaku="8,1,54,1" doraHai="126" who="2" fromWho="2" sc="171,-10,357,-10,139,30,333,-10" /><INIT seed="2,1,0,2,2,11" ten="161,347,169,323" oya="2" hai0="63,134,94,91,103,14,85,106,20,116,53,1,100" hai1="22,126,26,104,133,74,51,5,27,31,88,28,127" hai2="67,92,64,122,73,135,18,12,44,34,24,117,95" hai3="23,3,50,41,112,13,77,21,130,65,121,90,49"/><V79/><F117/><W54/><G3/><T47/><D1/><U35/><E104/><V6/><F122/><W132/><G121/><T52/><D116/><U0/><E74/><V125/><F135/><W99/><G132/><T69/><D134/><U129/><E133/><V45/><F125/><N who="1" m="47625" /><E51/><V83/><F6/><W97/><G77/><T98/><D100/><U123/><E88/><V8/><F24/><W93/><G65/><T105/><D69/><U37/><E37/><V30/><F30/><W114/><G130/><T58/><D47/><U43/><E43/><V4/><F4/><W81/><G81/><T124/><D124/><U39/><E39/><V118/><F34/><W55/><G41/><T101/><D53/><U76/><E76/><V72/><F72/><W109/><G90/><N who="0" m="55639" /><D106/><U25/><E25/><V80/><F80/><W66/><G66/><T68/><D68/><U15/><E0/><V56/><F118/><W128/><G93/><N who="0" m="54511" /><D105/><U40/><E40/><V57/><F67/><W113/><G128/><T9/><D101/><U86/><E86/><V107/><F107/><W120/><G120/><T7/><D103/><U115/><E123/><V10/><F64/><W59/><G113/><T131/><D131/><U75/><E75/><V19/><F95/><W29/><G114/><T42/><D42/><U62/><E129/><V36/><F92/><W61/><G112/><T33/><D33/><N who="1" m="20631" /><E115/><V84/><F73/><W108/><G99/><T17/><D7/><U82/><E5/><V60/><F36/><W102/><G97/><T48/><D48/><U119/><E119/><RYUUKYOKU ba="1,0" sc="161,30,347,-10,169,-10,323,-10" hai0="9,14,17,20,52,58,63" /><INIT seed="3,2,0,0,5,60" ten="191,337,159,313" oya="3" hai0="56,46,37,5,122,78,61,50,68,135,89,4,90" hai1="126,120,54,48,123,130,84,55,2,88,103,44,94" hai2="92,82,79,67,93,106,115,109,43,21,9,107,104" hai3="18,40,19,11,10,30,131,133,14,25,97,112,52"/><W98/><G112/><T12/><D122/><U59/><E2/><V91/><F43/><W124/><G131/><T102/><D68/><U66/><E130/><V24/><F9/><W132/><G40/><T17/><D37/><U72/><E126/><V75/><F115/><W57/><G124/><T41/><D102/><U110/><E110/><V65/><F109/><W77/><G77/><T63/><D78/><U69/><E72/><V117/><F117/><W51/><G18/><T70/><D63/><U129/><E129/><V32/><F32/><W35/><REACH who="3" step="1"/><G10/><REACH who="3" ten="191,337,159,303" step="2"/><N who="0" m="6295" /><D135/><AGARI ba="2,1" hai="11,14,19,25,30,35,51,52,57,97,98,132,133,135" machi="135" ten="40,7700,0" yaku="1,1,20,1,54,1,53,0" doraHai="60" doraHaiUra="81" who="3" fromWho="0" sc="191,-83,337,0,159,0,303,93" /><INIT seed="3,3,0,4,3,122" ten="108,337,159,396" oya="3" hai0="26,53,95,74,46,129,9,38,36,112,34,85,11" hai1="77,50,66,65,89,97,14,132,61,2,55,99,27" hai2="64,13,43,45,120,63,58,116,52,35,121,123,54" hai3="102,7,91,49,6,110,1,127,33,16,5,83,15"/><W100/><G127/><T88/><D74/><U17/><E2/><V20/><F35/><W118/><G118/><T51/><D129/><U19/><E77/><V39/><F116/><W106/><G33/><T37/><REACH who="0" step="1"/><D112/><REACH who="0" ten="98,337,159,396" step="2"/><U107/><E132/><V104/><F104/><W109/><G106/><T128/><D128/><U119/><E107/><V32/><F32/><W71/><G1/><T93/><D93/><U131/><E131/><V44/><F20/><N who="3" m="11295" /><G71/><T21/><D21/><U113/><E113/><V92/><F92/><W76/><G91/><T84/><D84/><U78/><E89/><V67/><F13/><W57/><G83/><T62/><D62/><U126/><E61/><V28/><F28/><AGARI ba="3,1" hai="9,11,26,28,34,36,37,38,46,51,53,85,88,95" machi="28" ten="40,2600,0" yaku="1,1,54,1,53,0" doraHai="122" doraHaiUra="56" who="0" fromWho="2" sc="98,45,337,0,159,-35,396,0" /><INIT seed="4,0,0,1,4,30" ten="143,337,124,396" oya="0" hai0="71,2,3,109,95,4,25,135,130,88,118,43,110" hai1="65,93,132,44,5,99,6,124,20,92,125,112,27" hai2="35,85,120,107,58,100,15,131,129,134,14,103,42" hai3="64,11,96,91,102,106,16,97,123,63,18,45,61"/><T72/><D72/><U34/><E132/><V60/><F120/><W86/><G123/><T32/><D71/><U59/><E44/><V28/><F42/><W70/><G96/><T75/><D75/><U46/><E46/><V94/><F85/><W66/><G45/><T22/><D118/><U121/><E112/><V7/><F94/><W1/><G1/><T55/><D43/><U54/><E65/><V57/><F134/><W23/><G11/><T13/><D135/><U19/><E92/><V62/><F7/><W29/><G29/><N who="0" m="19503" /><D55/><U111/><E111/><N who="0" m="42505" /><D130/><U39/><E39/><V41/><F41/><W105/><G105/><T33/><D33/><U38/><E34/><V116/><F28/><W37/><G37/><T104/><D104/><U9/><E38/><V77/><F35/><W50/><G50/><T115/><D115/><U84/><E84/><V127/><F116/><W117/><G117/><T81/><D81/><U73/><E73/><V68/><F68/><W126/><G66/><T122/><D122/><U76/><E121/><V133/><F133/><W31/><G63/><T90/><D4/><U83/><E6/><V128/><F128/><W98/><G61/><T21/><D90/><N who="1" m="55735" /><E83/><V108/><F108/><W49/><G64/><T52/><D52/><U0/><E76/><V74/><F74/><W78/><G78/><T101/><D101/><U26/><E54/><V36/><F36/><W89/><G70/><T8/><D2/><U10/><E0/><V12/><F77/><W114/><G114/><T51/><D3/><U79/><E79/><V82/><F107/><RYUUKYOKU ba="0,0" sc="143,0,337,0,124,0,396,0" /><INIT seed="5,1,0,4,3,113" ten="143,337,124,396" oya="1" hai0="32,71,81,38,89,39,48,44,15,53,61,27,90" hai1="22,107,73,6,109,36,18,67,14,5,26,114,62" hai2="55,33,130,12,17,94,3,93,49,47,34,98,104" hai3="52,77,35,23,83,45,24,76,46,106,97,0,19"/><U105/><E114/><V112/><F3/><W29/><G76/><T51/><D32/><U128/><E73/><V7/><F7/><W37/><G0/><T25/><D15/><U116/><E36/><V134/><F112/><W103/><G37/><T74/><D74/><U119/><E128/><V66/><F130/><W43/><G43/><T1/><D1/><U50/><E50/><V69/><F104/><W129/><G129/><T126/><D81/><U41/><E41/><V20/><F94/><W127/><G127/><T2/><D2/><U102/><E109/><V82/><F82/><W16/><G52/><T64/><D126/><U59/><E6/><V65/><F134/><W99/><G99/><T79/><D79/><U60/><E62/><V96/><F96/><W8/><G8/><T101/><D101/><U10/><REACH who="1" step="1"/><E102/><REACH who="1" ten="143,327,124,396" step="2"/><V100/><F69/><W84/><G19/><T28/><D48/><U121/><E121/><V78/><F49/><W123/><G123/><T9/><D39/><U122/><E122/><V42/><F17/><W58/><G58/><T92/><D38/><U11/><E11/><V91/><F42/><W68/><G68/><T120/><D120/><U125/><E125/><V56/><F56/><W4/><G4/><T72/><D9/><U13/><E13/><AGARI ba="1,1" hai="13,16,23,24,29,35,45,46,77,83,84,97,103,106" machi="13" ten="30,2000,0" yaku="7,1,54,1" doraHai="113" who="3" fromWho="1" sc="143,0,327,-23,124,0,396,33" /><INIT seed="6,0,0,2,0,49" ten="143,304,124,429" oya="2" hai0="85,123,4,53,59,16,129,33,34,99,79,92,21" hai1="106,70,73,50,88,35,122,114,22,13,119,0,72" hai2="110,48,75,104,108,97,84,98,121,126,67,28,57" hai3="51,10,1,127,94,62,2,61,66,5,80,7,45"/><V44/><F75/><W60/><G127/><T15/><D123/><U17/><E106/><V38/><F121/><W36/><G36/><T81/><D4/><U133/><E70/><V9/><F126/><W101/><G80/><T96/><D129/><U8/><E122/><V111/><F28/><W30/><G30/><T125/><D125/><U120/><E119/><V63/><F38/><W105/><G105/><T117/><D117/><U109/><E109/><V54/><F104/><W102/><G94/><T71/><D71/><U56/><E35/><V118/><F118/><W91/><G91/><T95/><D95/><U74/><E114/><V58/><F58/><W103/><G66/><T23/><D23/><U116/><E116/><V37/><F37/><W87/><G87/><T100/><REACH who="0" step="1"/><D99/><REACH who="0" ten="133,304,124,429" step="2"/><U20/><E120/><V134/><F134/><W76/><G7/><T29/><D29/><U82/><E133/><V12/><REACH who="2" step="1"/><F84/><REACH who="2" ten="133,304,114,429" step="2"/><W31/><G31/><T93/><D93/><U64/><E74/><V52/><F52/><W128/><G128/><T32/><D32/><U40/><E72/><V86/><F86/><W83/><G2/><T132/><D132/><U77/><E73/><V69/><F69/><W124/><G124/><T6/><D6/><AGARI ba="0,2" hai="6,9,12,44,48,54,57,63,67,97,98,108,110,111" machi="6" ten="40,7700,0" yaku="1,1,10,1,52,1,53,0" doraHai="49" doraHaiUra="90" who="2" fromWho="0" sc="133,-77,304,0,114,97,429,0" /><INIT seed="6,1,0,5,5,0" ten="56,304,211,429" oya="2" hai0="53,96,68,46,113,35,132,106,14,103,117,37,32" hai1="73,50,120,27,9,118,51,92,126,82,47,97,48" hai2="45,42,115,87,89,71,134,41,133,86,24,26,39" hai3="38,44,6,129,52,93,54,63,108,111,81,98,100"/><V55/><F71/><W74/><G129/><T31/><D113/><U84/><E73/><V19/><F115/><W121/><G121/><T64/><D132/><N who="2" m="50794" /><F42/><W18/><G74/><T119/><D14/><U116/><E126/><V4/><F86/><W131/><G131/><T59/><D59/><U124/><E124/><V80/><F19/><W105/><G18/><T11/><D11/><U123/><E27/><V36/><F36/><W49/><G38/><T127/><D127/><U1/><E47/><V70/><F70/><W57/><G105/><T102/><D102/><U13/><E1/><V66/><F66/><W110/><G81/><T62/><D53/><U77/><E118/><V88/><F89/><W135/><G135/><T94/><D94/><U60/><E60/><V22/><F22/><W2/><G2/><T43/><D35/><U76/><E76/><V112/><F112/><W75/><G75/><T16/><D16/><N who="1" m="8239" /><E116/><V23/><F23/><W69/><G69/><T34/><D34/><U65/><E65/><V72/><F72/><W40/><G40/><T79/><D79/><U10/><E10/><V7/><F55/><W128/><G128/><T125/><D125/><U15/><E15/><V30/><F30/><W21/><G21/><T20/><D20/><U101/><E123/><V130/><F130/><W58/><G57/><T99/><D99/><U28/><E120/><V17/><F17/><W114/><G114/><T90/><D90/><U29/><AGARI ba="1,0" hai="28,29,48,50,51,77,82,84,92,97,101" m="8239" machi="29" ten="30,2000,0" yaku="8,1,54,1" doraHai="0" who="1" fromWho="1" sc="56,-6,304,23,211,-11,429,-6" /><INIT seed="7,0,0,3,3,68" ten="50,327,200,423" oya="3" hai0="98,29,125,4,60,92,89,131,76,117,75,99,37" hai1="129,96,84,31,42,119,9,70,38,118,108,15,114" hai2="69,58,90,39,14,16,130,116,74,10,112,6,22" hai3="122,49,34,134,133,88,47,128,93,113,79,87,110"/><W52/><G122/><T45/><D29/><U19/><E70/><V63/><F69/><W44/><G34/><T127/><D60/><U91/><E96/><V111/><F74/><W57/><G113/><T50/><D50/><U48/><E108/><V115/><F111/><W67/><G128/><T105/><D4/><U132/><E114/><N who="2" m="43563" /><F130/><W25/><G110/><T3/><D3/><U46/><E129/><V97/><F116/><W82/><G67/><T20/><D20/><U64/><E64/><V103/><F90/><W107/><G107/><T0/><D131/><U120/><E120/><V35/><F35/><W41/><G25/><T21/><D21/><U72/><E72/><V7/><F22/><W11/><G11/><T77/><D0/><U135/><E31/><V81/><F81/><W56/><G133/><T65/><D65/><U73/><E73/><V123/><F123/><W94/><G134/><N who="1" m="51242" /><E84/><V55/><F39/><W33/><G33/><T23/><D23/><U85/><E85/><V8/><F8/><W12/><G12/><T102/><D117/><N who="1" m="44555" /><E91/><V30/><F30/><W101/><G88/><T32/><D32/><U26/><E26/><V78/><F7/><W126/><G87/><T59/><D59/><U27/><E27/><V28/><F6/><W62/><G56/><T71/><D71/><U104/><E104/><V24/><F58/><W53/><G57/><T17/><D17/><U86/><E86/><V5/><F5/><W18/><G18/><T61/><D61/><U40/><BYE who="0" /><E19/><N who="2" m="8663" /><F28/><W121/><G62/><T95/><D95/><N who="3" m="36361" /><G121/><T106/><D106/><RYUUKYOKU ba="0,0" sc="50,0,327,0,200,0,423,0" owari="50,-45.0,327,13.0,200,-20.0,423,52.0" /></mjloggm>