<mjloggm ver="2.3"><GO type="169" lobby="0"/><UN n0="%E5%BD%A9%E4%BA%AC" n1="%EF%BC%A9%EF%BC%A3%EF%BC%A8%EF%BC%A9" n2="%E5%A4%A7%E8%B3%A2%E8%89%AF%E5%B8%AB" n3="%E9%88%B4%E4%BE%8D" dan="17,17,16,18" rate="2202.40,2096.45,2062.79,2267.00" sx="M,M,M,M"/><TAIKYOKU oya="0"/><INIT seed="0,0,0,4,4,52" ten="250,250,250,250" oya="0" hai0="129,26,17,83,10,34,4,135,11,51,60,106,102" hai1="122,76,109,116,121,1,111,93,90,29,18,131,62" hai2="35,98,48,89,101,27,108,28,132,85,96,6,119" hai3="97,14,31,19,100,66,125,88,9,25,2,59,79"/><T22/><D135/><U71/><E1/><V99/><F119/><W45/><G125/><T44/><D129/><U77/><E29/><V54/><F132/><W69/><G79/><N who="1" m="30282" /><E18/><V30/><F30/><W126/><G126/><T72/><D34/><U32/><E32/><V128/><F6/><W81/><G2/><T56/><D72/><U67/><E116/><V114/><F128/><W134/><G134/><T13/><D83/><U63/><E63/><V118/><F118/><W84/><G69/><T58/><D11/><U112/><E131/><V49/><F114/><W47/><G59/><T82/><D82/><U37/><E37/><V113/><F113/><W42/><G66/><T50/><D50/><U110/><E112/><V104/><F108/><W120/><G120/><T33/><D33/><U105/><E105/><V103/><F103/><W80/><G80/><T16/><D17/><U92/><E92/><V12/><F12/><W70/><G70/><T8/><D8/><U115/><E115/><V73/><F73/><W87/><G42/><T41/><REACH who="0" step="1"/><D60/><REACH who="0" ten="240,250,250,250" step="2"/><U21/><E21/><V130/><F130/><W124/><G124/><T39/><D39/><U95/><E122/><V55/><F49/><W68/><G81/><T61/><D61/><U15/><E121/><V74/><F74/><W20/><G9/><T65/><D65/><U133/><E133/><V43/><F43/><W127/><G127/><T36/><D36/><U0/><E111/><V53/><F48/><W40/><G19/><T78/><D78/><U86/><E110/><V75/><F75/><W5/><G31/><RYUUKYOKU ba="0,1" sc="240,15,250,-15,250,15,250,-15" hai0="4,10,13,16,22,26,41,44,51,56,58,102,106" hai2="27,28,35,53,54,55,85,89,96,98,99,101,104" /><INIT seed="0,1,1,1,0,50" ten="255,235,265,235" oya="0" hai0="100,131,77,119,4,11,114,79,87,101,56,14,107" hai1="134,45,82,35,16,37,1,38,39,42,80,85,81" hai2="34,5,89,18,84,102,97,7,15,28,103,125,20" hai3="2,129,76,23,61,43,117,93,6,10,46,132,22"/><T120/><D120/><U49/><E134/><V113/><F113/><W68/><G117/><T24/><D119/><U116/><E116/><V121/><F121/><W33/><G33/><T21/><D114/><U60/><E1/><V44/><F125/><W98/><G132/><T74/><D131/><U94/><E35/><V96/><F34/><W99/><G129/><T63/><D74/><U51/><E60/><V133/><F28/><W3/><G3/><T55/><D107/><U30/><E30/><V124/><F124/><W69/><G99/><N who="2" m="37961" /><F44/><W111/><G111/><T130/><D130/><U105/><E105/><V135/><F135/><W73/><G68/><T88/><D101/><N who="2" m="38410" /><F133/><W0/><G0/><T8/><D8/><U57/><E94/><AGARI ba="1,1" hai="5,7,15,18,20,84,89,94" m="38410,37961" machi="94" ten="30,1000,0" yaku="8,1" doraHai="50" who="2" fromWho="1" sc="255,0,235,-13,265,23,235,0" /><INIT seed="1,0,0,0,5,50" ten="255,222,288,235" oya="1" hai0="16,53,73,120,36,56,63,43,102,114,106,132,40" hai1="122,65,129,11,115,23,95,77,94,39,118,37,55" hai2="57,101,131,127,64,17,41,87,90,25,69,71,112" hai3="60,8,51,7,89,14,83,52,96,15,113,35,82"/><U72/><E115/><V54/><F112/><W74/><G35/><T32/><D114/><U80/><E118/><V19/><F131/><W98/><G113/><T125/><D73/><U123/><E129/><V34/><F127/><W61/><G74/><T1/><D125/><U24/><E65/><V21/><F34/><W30/><G30/><T29/><D1/><U130/><E130/><V88/><F101/><W119/><G119/><T4/><D4/><U48/><E11/><V5/><F5/><W104/><G15/><T3/><D3/><U81/><E81/><N who="3" m="30730" /><G104/><T38/><D132/><U49/><E49/><V58/><F41/><W108/><G108/><T85/><D102/><U26/><E26/><V13/><F64/><W107/><G107/><T126/><D106/><U134/><E134/><V46/><F46/><N who="3" m="27767" /><G98/><T67/><D126/><U59/><E37/><V128/><F128/><W100/><G100/><T133/><D133/><U68/><E39/><V86/><F13/><W10/><G10/><T135/><D135/><U70/><E70/><V124/><F124/><W97/><G97/><T2/><D2/><U75/><E68/><V47/><F71/><W62/><G62/><N who="0" m="36111" /><D120/><U28/><REACH who="1" step="1"/><E75/><REACH who="1" ten="255,212,288,235" step="2"/><V91/><F69/><W79/><G79/><T110/><D38/><U117/><E117/><V6/><F25/><W111/><G111/><T20/><D110/><U76/><E76/><V99/><F99/><W121/><G121/><AGARI ba="0,1" hai="23,24,28,48,55,59,72,77,80,94,95,121,122,123" machi="121" ten="40,3900,0" yaku="1,1,52,1,53,0" doraHai="50" doraHaiUra="9" who="1" fromWho="3" sc="255,0,212,49,288,0,235,-39" /><INIT seed="1,1,0,4,1,25" ten="255,261,288,196" oya="1" hai0="111,29,46,122,64,26,98,126,41,16,27,32,117" hai1="0,115,20,112,14,92,95,90,12,109,118,42,104" hai2="119,36,44,73,86,53,124,97,60,48,67,19,91" hai3="84,108,43,123,68,93,83,35,40,70,72,129,127"/><U131/><E0/><V24/><F119/><W87/><G123/><T7/><D117/><U1/><E1/><V102/><F73/><W120/><G120/><T128/><D122/><U103/><E118/><V79/><F79/><W135/><G93/><T61/><D126/><U99/><E104/><V94/><F36/><W63/><G63/><T77/><D128/><U78/><E131/><V71/><F124/><W105/><G127/><T88/><D7/><U125/><E125/><V133/><F133/><W15/><G15/><T96/><D77/><U47/><E78/><V66/><F66/><W81/><G108/><T45/><D111/><U31/><E109/><V65/><F65/><W107/><G35/><T10/><D98/><U57/><E57/><V50/><F24/><W2/><G2/><T8/><D46/><U114/><E20/><V54/><F19/><W49/><G49/><T52/><D26/><U69/><E31/><V59/><REACH who="2" step="1"/><F86/><REACH who="2" ten="255,261,278,196" step="2"/><W62/><G129/><T51/><D16/><U28/><E28/><V37/><F37/><W38/><G38/><T3/><D64/><U4/><E4/><V39/><F39/><W58/><G135/><T132/><D132/><U106/><E115/><V56/><F56/><W33/><G58/><T130/><D130/><U100/><E114/><V55/><F55/><W75/><G33/><T11/><D52/><U13/><E112/><V89/><AGARI ba="1,1" hai="44,48,50,53,54,59,60,67,71,89,91,94,97,102" machi="89" ten="30,2000,0" yaku="1,1,0,1,53,0" doraHai="25" doraHaiUra="5" who="2" fromWho="2" sc="255,-6,261,-11,278,33,196,-6" /><INIT seed="2,0,0,5,5,127" ten="249,250,311,190" oya="2" hai0="120,41,100,16,114,56,27,48,135,1,12,90,54" hai1="71,131,107,77,93,15,3,123,108,7,33,63,124" hai2="79,128,88,126,36,44,2,19,6,111,132,57,49" hai3="67,76,14,99,87,97,133,50,91,83,94,103,8"/><V86/><F126/><W4/><G133/><T78/><D120/><U17/><E107/><V39/><F132/><W22/><G67/><T75/><D114/><U30/><E77/><V11/><F111/><W51/><REACH who="3" step="1"/><G22/><REACH who="3" ten="249,250,311,180" step="2"/><T62/><D135/><U96/><E124/><V10/><F10/><W102/><G102/><T109/><D100/><U46/><E108/><V59/><F11/><W66/><G66/><T68/><D109/><U118/><E123/><V20/><F20/><W47/><G47/><T72/><D68/><U18/><E46/><V82/><F44/><W31/><G31/><T21/><D21/><U40/><E30/><V35/><F35/><W61/><G61/><T43/><D62/><U64/><E63/><V9/><F9/><W73/><G73/><T0/><D75/><U55/><E64/><V74/><F74/><W70/><G70/><T23/><D72/><U42/><E71/><V129/><F6/><W25/><G25/><T125/><D27/><U121/><E33/><V45/><F45/><W34/><G34/><T32/><D125/><U24/><E24/><V104/><F59/><W115/><G115/><T95/><D32/><U119/><E121/><V98/><F57/><W52/><G52/><T37/><D43/><U92/><E42/><V112/><F112/><W29/><G29/><T89/><D41/><U113/><E40/><V28/><F28/><W85/><G85/><T81/><D54/><U116/><E113/><V117/><F86/><W69/><G69/><T38/><D56/><U80/><E7/><V65/><F65/><W101/><G101/><RYUUKYOKU ba="0,1" sc="249,-10,250,-10,311,-10,180,30" hai3="4,8,14,50,51,76,83,87,91,94,97,99,103" /><INIT seed="3,1,1,2,2,47" ten="239,240,301,210" oya="3" hai0="22,2,37,128,135,36,49,80,40,99,106,84,90" hai1="77,110,103,102,87,82,72,85,38,118,112,124,120" hai2="98,58,91,51,121,13,70,59,43,39,129,115,122" hai3="33,119,86,83,88,15,78,123,96,48,27,55,100"/><W16/><G119/><T133/><D2/><U29/><E29/><V111/><F70/><W53/><G123/><N who="2" m="47113" /><F115/><W109/><G109/><T113/><D128/><U23/><E23/><V104/><F111/><W94/><G33/><T130/><D130/><U75/><E38/><V11/><F129/><W89/><G27/><T62/><D113/><U117/><E120/><V97/><F39/><W0/><G0/><T32/><D32/><U93/><E110/><V81/><F104/><W65/><G65/><T74/><D62/><U34/><E34/><V42/><F81/><W68/><G68/><T63/><D63/><U60/><E60/><V6/><F91/><N who="3" m="34891" /><G48/><T66/><D66/><U125/><E112/><V50/><F43/><W5/><G5/><T8/><D37/><U1/><E1/><V131/><F131/><W12/><G12/><T31/><D36/><U18/><E18/><V71/><F71/><W126/><G126/><T41/><D40/><U30/><E30/><V61/><F42/><W45/><G45/><T132/><D41/><U134/><E82/><V54/><F59/><W35/><G35/><T79/><D80/><U3/><E3/><V95/><F95/><W108/><G108/><T19/><D133/><U44/><E44/><V20/><F20/><AGARI ba="1,1" hai="15,16,20,53,55,78,83,86,94,96,100" m="34891" machi="20" ten="30,5800,0" yaku="8,1,54,2" doraHai="47" who="3" fromWho="2" sc="239,0,240,0,301,-61,210,71" /><INIT seed="3,2,0,1,3,25" ten="239,240,240,281" oya="3" hai0="94,62,85,117,120,104,49,125,124,113,110,15,8" hai1="64,38,2,72,73,4,98,108,109,57,30,0,26" hai2="101,16,119,126,67,106,22,61,50,79,45,99,21" hai3="31,91,112,97,129,132,43,24,87,28,7,131,93"/><W81/><G112/><T33/><D104/><U58/><E38/><V53/><F119/><W34/><G132/><T5/><D120/><U36/><E36/><V52/><F126/><N who="0" m="48746" /><D117/><U55/><E64/><V39/><F39/><W103/><G43/><T88/><D33/><U115/><E98/><V116/><F79/><W37/><G37/><T71/><D110/><N who="1" m="42603" /><E4/><V17/><F116/><W51/><G51/><T19/><D49/><N who="1" m="30959" /><E58/><V6/><F6/><W95/><G7/><T60/><D113/><U84/><E84/><V68/><REACH who="2" step="1"/><F53/><REACH who="2" ten="239,240,230,281" step="2"/><W32/><G129/><T76/><D76/><U47/><E115/><V86/><F86/><W11/><G131/><T14/><D71/><U70/><E70/><V46/><F46/><W133/><G133/><T80/><D80/><U123/><E47/><V27/><F27/><W128/><G128/><T9/><AGARI ba="2,1" hai="5,8,9,14,15,19,60,62,85,88,94" m="48746" machi="9" ten="30,2000,0" yaku="18,1,54,1" doraHai="25" who="0" fromWho="0" sc="239,36,240,-7,230,-7,281,-12" /><INIT seed="4,0,0,3,0,110" ten="275,233,223,269" oya="0" hai0="93,90,87,4,33,71,11,55,124,5,40,91,106" hai1="61,107,73,79,96,69,119,94,46,54,104,9,97" hai2="59,135,66,7,98,102,114,132,45,56,18,72,84" hai3="108,121,116,37,122,118,129,75,57,111,127,62,12"/><T22/><D71/><U70/><E119/><N who="3" m="45610" /><G75/><T30/><D106/><U21/><E73/><V99/><F72/><W67/><G12/><T24/><D124/><U89/><E79/><V38/><F7/><W128/><G37/><T131/><D131/><N who="3" m="50249" /><G127/><T125/><D125/><U27/><E9/><V0/><F0/><W123/><AGARI ba="0,0" hai="57,62,67,108,111,121,122,123" m="50249,45610" machi="123" ten="40,8000,1" yaku="13,1,19,1,34,2" doraHai="110" who="3" fromWho="3" sc="275,-40,233,-20,223,-20,269,80" /><INIT seed="5,0,0,5,3,53" ten="235,213,203,349" oya="1" hai0="31,61,23,89,132,68,121,112,111,33,127,91,76" hai1="92,115,67,11,122,8,6,78,12,5,16,85,104" hai2="60,26,93,0,51,52,15,99,55,57,113,65,56" hai3="79,90,41,117,123,86,40,97,69,64,34,106,133"/><U98/><E122/><V105/><F105/><W2/><G123/><T22/><D111/><U71/><E115/><V124/><F0/><W129/><G2/><T120/><D112/><U7/><E104/><V96/><F113/><W109/><G109/><T36/><D36/><U1/><E71/><V4/><F124/><W29/><G79/><T3/><D3/><U63/><E78/><V19/><F4/><W88/><G129/><T118/><D118/><U35/><E85/><V102/><F26/><W32/><G32/><T103/><D103/><U128/><E35/><V50/><F99/><W54/><G54/><T101/><D101/><U9/><E128/><V62/><F65/><W47/><G133/><T58/><D68/><U37/><E37/><V39/><F39/><W130/><G130/><T80/><D127/><U72/><E72/><V25/><F25/><N who="3" m="18735" /><G47/><T70/><D70/><U13/><E1/><V77/><F77/><W75/><G75/><N who="0" m="43039" /><D132/><U10/><E5/><V17/><F17/><W24/><G24/><N who="0" m="18663" /><D120/><U43/><E6/><V44/><F44/><W114/><G117/><T20/><D121/><U84/><E7/><V46/><F46/><W110/><G110/><T81/><D81/><U134/><E134/><V66/><F66/><W82/><G114/><T73/><D73/><U49/><E67/><V30/><F30/><W59/><G69/><T119/><D119/><U18/><E18/><V87/><F87/><N who="3" m="50295" /><G97/><T74/><D74/><U28/><E98/><V27/><F27/><W42/><G106/><T116/><D116/><U83/><E28/><V38/><F38/><RYUUKYOKU ba="0,0" sc="235,15,213,-15,203,15,349,-15" hai0="20,22,23,58,61,89,91" hai2="15,19,50,51,52,55,56,57,60,62,93,96,102" /><INIT seed="6,1,0,5,4,24" ten="250,198,218,334" oya="2" hai0="107,104,106,39,80,72,53,112,56,116,93,79,90" hai1="117,123,82,129,26,48,23,78,101,98,63,18,97" hai2="4,42,68,47,118,7,111,99,115,127,19,105,121" hai3="120,134,83,32,84,41,65,5,64,122,59,124,27"/><V77/><F121/><W6/><G32/><T36/><D112/><U128/><E117/><V55/><F118/><W25/><G41/><T88/><D116/><U69/><E123/><V0/><F115/><W35/><G35/><T17/><D17/><U1/><E1/><V2/><F111/><W34/><G34/><T103/><D103/><U52/><E63/><V81/><F68/><W40/><G40/><T74/><D74/><U14/><E69/><V91/><F127/><W51/><G134/><T60/><REACH who="0" step="1"/><D90/><REACH who="0" ten="240,198,218,334" step="2"/><U95/><E129/><V114/><F114/><W46/><G120/><T86/><AGARI ba="1,1" hai="36,39,53,56,60,72,79,80,86,88,93,104,106,107" machi="86" ten="30,7900,0" yaku="1,1,2,1,0,1,54,1,53,0" doraHai="24" doraHaiUra="37" who="0" fromWho="0" sc="240,92,198,-21,218,-40,334,-21" /><INIT seed="7,0,0,3,5,34" ten="332,177,178,313" oya="3" hai0="2,0,3,104,67,66,86,135,95,101,109,100,112" hai1="35,78,60,81,54,39,87,82,126,15,123,125,32" hai2="69,134,58,129,56,102,41,88,76,72,50,116,33" hai3="99,37,107,63,65,115,93,49,59,51,97,47,43"/><W42/><G115/><T92/><D109/><U10/><E123/><V16/><F69/><W91/><REACH who="3" step="1"/><G43/><REACH who="3" ten="332,177,178,303" step="2"/><T124/><D112/><U19/><E39/><V20/><F41/><W13/><G13/><T26/><D3/><U114/><E114/><V105/><F116/><W70/><G70/><T44/><D2/><U22/><E60/><V94/><F134/><W53/><G53/><T98/><D0/><U77/><E54/><V73/><F129/><W38/><G38/><T23/><D135/><U75/><REACH who="1" step="1"/><E10/><REACH who="1" ten="332,167,178,303" step="2"/><V89/><F50/><W121/><G121/><T48/><D48/><U14/><E14/><V8/><F8/><W83/><G83/><T122/><D122/><U113/><E113/><V25/><F25/><W85/><G85/><T127/><D86/><U40/><E40/><V27/><F27/><W29/><G29/><T21/><D26/><U30/><E30/><V31/><F31/><W64/><G64/><T6/><D67/><U117/><E117/><V108/><F73/><W132/><G132/><T131/><D66/><U7/><E7/><V46/><F72/><W96/><G96/><N who="0" m="61479" /><D131/><U120/><E120/><V80/><F80/><W52/><G52/><T62/><D6/><U74/><E74/><V61/><F61/><W57/><G57/><T118/><D62/><U71/><E71/><V11/><F58/><W79/><G79/><T90/><D118/><U18/><E18/><V28/><F56/><W128/><G128/><T110/><D110/><U130/><E130/><V103/><F108/><W9/><G9/><T1/><D1/><U5/><E5/><RYUUKYOKU ba="0,2" sc="332,-15,167,15,178,-15,303,15" hai1="15,19,22,32,35,75,77,78,81,82,87,125,126" hai3="37,42,47,49,51,59,63,65,91,93,97,99,107" owari="317,12.0,182,-22.0,163,-34.0,338,44.0" /></mjloggm>