<mjloggm ver="2.3"><GO type="169" lobby="0"/><UN n0="%E3%82%AD%E3%83%AC%E3%81%9D%E3%81%86" n1="%E7%A5%9E%E9%A2%A8%E3%81%A6%E3%81%83%E3%81%A3%E3%81%97%E3%82%85" n2="%E4%BD%8E%E3%82%81%E3%82%B9%E3%83%A9%E3%82%A4%E3%83%80%E3%83%BC" n3="%E3%82%BB%E3%83%B3%E3%82%B4%E3%82%AF" dan="16,16,16,16" rate="2083.09,2136.46,2149.71,2089.81" sx="M,M,F,M"/><TAIKYOKU oya="0"/><INIT seed="0,0,0,1,1,23" ten="250,250,250,250" oya="0" hai0="134,52,86,124,113,3,4,20,7,32,108,106,50" hai1="46,125,34,30,57,100,75,84,102,111,42,76,21" hai2="122,74,103,36,11,8,104,18,93,59,105,62,66" hai3="31,71,92,1,129,48,44,41,77,117,132,80,118"/><T13/><D113/><U119/><E119/><V37/><F74/><W0/><G71/><T85/><D32/><U123/><E123/><V40/><F122/><W88/><G129/><T107/><D124/><U116/><E116/><V5/><F104/><W56/><G132/><T15/><D3/><U98/><E111/><V26/><F105/><W60/><G0/><T94/><D107/><U110/><E110/><V70/><F70/><W55/><G1/><T128/><D106/><U45/><E75/><V14/><F40/><W63/><G63/><T91/><D108/><U131/><E98/><BYE who="0" /><UN n0="%E3%82%AD%E3%83%AC%E3%81%9D%E3%81%86" /><V53/><F66/><W73/><REACH who="3" step="1"/><G31/><REACH who="3" ten="250,250,250,240" step="2"/><T2/><D2/><U39/><E30/><V54/><F37/><W133/><G133/><T27/><D134/><U87/><E39/><V72/><F36/><W9/><G9/><T78/><D128/><U68/><E68/><V38/><F38/><W135/><G135/><T28/><D4/><U61/><E61/><V10/><F10/><W120/><G120/><T17/><D7/><U97/><E131/><V22/><F11/><W126/><G126/><T112/><D28/><U81/><E125/><V19/><F5/><W127/><G127/><T69/><D69/><U99/><E99/><AGARI ba="0,1" hai="41,44,48,55,56,60,73,77,80,88,92,99,117,118" machi="99" ten="30,7700,0" yaku="1,1,7,1,54,1,53,1" doraHai="23" doraHaiUra="58" who="3" fromWho="1" sc="250,0,250,-77,250,0,240,87" /><INIT seed="1,0,0,5,2,103" ten="250,173,250,327" oya="1" hai0="92,72,50,110,52,28,105,37,93,25,36,88,130" hai1="121,101,0,48,81,118,21,53,67,56,19,20,34" hai2="45,17,129,133,38,6,15,102,127,131,14,90,24" hai3="82,132,100,13,60,4,29,124,9,68,128,23,32"/><U10/><E118/><V107/><F133/><W96/><G132/><T123/><D72/><U122/><E34/><V40/><F127/><W43/><G124/><T3/><D3/><U117/><E117/><V112/><F112/><W42/><G82/><T11/><D110/><U115/><E115/><V116/><F90/><W41/><G128/><N who="2" m="49225" /><F6/><W7/><G7/><T94/><D130/><U104/><E21/><N who="2" m="13359" /><F116/><W57/><G68/><T12/><D123/><U71/><E81/><V27/><F27/><W66/><G32/><T22/><D37/><U113/><E113/><V75/><F75/><W135/><G135/><T30/><D36/><U97/><E10/><V126/><F126/><W134/><G134/><T85/><D30/><U47/><E0/><V16/><F16/><W5/><G5/><N who="0" m="3183" /><D105/><U55/><E71/><V119/><F119/><W91/><G91/><T76/><D76/><U106/><E67/><V120/><F120/><W80/><G23/><T125/><D125/><U63/><REACH who="1" step="1"/><E104/><REACH who="1" ten="250,163,250,327" step="2"/><V86/><F86/><W58/><G80/><T74/><D74/><U79/><E79/><V83/><F83/><W78/><G78/><T33/><D33/><U87/><E87/><V46/><F107/><W18/><G66/><T84/><D84/><U49/><E49/><N who="2" m="26791" /><F102/><W77/><G100/><T31/><D85/><U73/><E73/><V35/><F35/><W2/><G77/><T59/><D88/><U108/><E108/><V54/><F38/><W64/><G64/><T62/><D50/><AGARI ba="0,1" hai="14,15,46,50,54" m="26791,13359,49225" machi="50" ten="30,1000,0" yaku="19,1" doraHai="103" who="2" fromWho="0" sc="250,-10,163,0,250,20,327,0" /><INIT seed="2,0,0,5,1,100" ten="240,163,270,327" oya="2" hai0="58,65,47,38,64,8,109,62,20,60,85,87,115" hai1="77,69,74,79,54,29,84,3,30,52,93,2,111" hai2="122,94,14,21,35,36,26,12,88,11,97,125,128" hai3="113,130,103,104,126,46,117,4,99,28,68,0,114"/><V5/><F125/><W86/><G126/><T41/><D115/><N who="3" m="44041" /><G117/><T51/><D109/><U48/><E69/><V19/><F128/><W107/><G68/><T72/><D72/><U124/><E124/><V18/><F122/><W10/><G130/><T92/><D38/><U83/><E111/><V6/><F36/><W67/><G67/><T15/><D20/><U13/><E2/><V16/><F35/><W31/><G46/><T106/><D106/><N who="3" m="40489" /><G86/><T119/><D119/><U71/><E3/><V32/><F32/><W95/><AGARI ba="0,0" hai="0,4,10,28,31,95,99,103" m="40489,44041" machi="95" ten="30,7900,0" yaku="11,1,52,3" doraHai="100" who="3" fromWho="3" sc="240,-20,163,-20,270,-39,327,79" /><INIT seed="3,0,0,0,2,50" ten="220,143,231,406" oya="3" hai0="42,116,133,102,127,66,99,115,33,118,110,91,49" hai1="18,29,6,95,8,107,21,19,36,128,60,72,65" hai2="85,41,79,62,20,82,35,37,40,27,135,111,88" hai3="48,38,123,56,105,12,44,55,70,3,39,16,5"/><W53/><G105/><T84/><D33/><U104/><E128/><V103/><F35/><W13/><G70/><T28/><D28/><U73/><E36/><V90/><F111/><W67/><G3/><T106/><D66/><U69/><E104/><V87/><F135/><W76/><G123/><T25/><D25/><U23/><E107/><V34/><F34/><W1/><G1/><T9/><D9/><U0/><E29/><V83/><F37/><W94/><G76/><T122/><D49/><U113/><E113/><V81/><F103/><W120/><G120/><T93/><D42/><U14/><REACH who="1" step="1"/><E95/><REACH who="1" ten="220,133,231,406" step="2"/><V2/><F2/><W114/><G38/><T119/><D122/><U17/><E17/><V80/><F79/><W108/><G39/><T98/><D115/><U109/><E109/><V74/><F74/><W71/><G114/><T125/><D110/><U31/><E31/><N who="2" m="17895" /><F62/><N who="3" m="38343" /><G108/><T92/><REACH who="0" step="1"/><D133/><REACH who="0" ten="210,133,231,406" step="2"/><U68/><E68/><V112/><F112/><W30/><G71/><T117/><N who="0" m="29696" /><DORA hai="126" /><T43/><D43/><AGARI ba="0,2" hai="40,41,43,80,81,82,83,85,87,88,90" m="17895" machi="43" ten="30,2000,0" yaku="8,1,54,1" doraHai="50,126" who="2" fromWho="0" sc="210,-20,133,0,231,40,406,0" /><INIT seed="4,0,0,2,0,116" ten="190,133,271,406" oya="0" hai0="29,80,78,45,6,81,47,117,58,17,114,93,22" hai1="59,70,86,84,73,132,31,96,7,19,12,89,44" hai2="87,76,36,71,49,72,127,51,65,43,52,13,18" hai3="67,2,130,11,9,38,131,46,34,125,95,100,85"/><T133/><D117/><U15/><E70/><V115/><F72/><W118/><G118/><T108/><D114/><U119/><E119/><V64/><F115/><W74/><G74/><T33/><D133/><U5/><E73/><V134/><F134/><W105/><G105/><T39/><D6/><U30/><E132/><V0/><F0/><W77/><G34/><T102/><D33/><U107/><E44/><V8/><F127/><W40/><G125/><T27/><D108/><U112/><E112/><V90/><F76/><W75/><G75/><T98/><D39/><U104/><E59/><N who="2" m="33183" /><F71/><W129/><G67/><T14/><D58/><U56/><E56/><V66/><F36/><W101/><G2/><T94/><D94/><U135/><E135/><V68/><F68/><W21/><G21/><T62/><D62/><U55/><E55/><V28/><F28/><W111/><G111/><T91/><D102/><N who="3" m="39529" /><G95/><T32/><REACH who="0" step="1"/><D78/><REACH who="0" ten="180,133,271,406" step="2"/><U1/><E1/><V103/><F103/><W3/><G3/><T4/><D4/><U126/><E126/><V57/><F57/><W48/><G38/><T16/><D16/><U20/><E107/><V60/><F60/><W79/><G79/><T122/><D122/><U99/><E104/><V92/><F66/><W121/><G121/><T113/><D113/><U123/><E123/><V42/><F49/><W69/><G69/><T128/><D128/><U61/><E61/><V83/><F92/><W97/><G131/><T88/><D88/><U109/><E89/><V25/><F65/><W35/><G130/><T120/><D120/><U37/><E109/><RYUUKYOKU ba="0,1" sc="180,30,133,-10,271,-10,406,-10" hai0="14,17,22,27,29,32,45,47,80,81,91,93,98" /><INIT seed="4,1,1,1,5,55" ten="210,123,261,396" oya="0" hai0="27,31,124,122,24,71,23,131,101,63,28,29,2" hai1="67,82,94,81,68,17,21,129,114,37,33,86,22" hai2="46,76,106,66,89,80,110,48,45,93,84,123,127" hai3="125,133,111,4,108,7,1,126,70,120,92,42,77"/><T56/><D122/><U96/><E33/><V90/><F110/><W9/><G70/><T99/><D2/><U26/><E37/><V113/><F123/><W97/><G120/><T65/><D124/><N who="3" m="47721" /><G133/><T107/><D131/><U14/><E129/><V13/><F106/><W87/><G42/><T19/><REACH who="0" step="1"/><D27/><REACH who="0" ten="200,123,261,396" step="2"/><U91/><E114/><V36/><F127/><W18/><G1/><T115/><D115/><U44/><E44/><V57/><F113/><W116/><G116/><T5/><D5/><U85/><E68/><AGARI ba="1,2" hai="19,23,24,28,29,31,56,63,65,68,71,99,101,107" machi="68" ten="40,3900,0" yaku="1,1,52,1,53,0" doraHai="55" doraHaiUra="130" who="0" fromWho="1" sc="200,62,123,-42,261,0,396,0" /><INIT seed="4,2,0,2,4,73" ten="262,81,261,396" oya="0" hai0="64,86,106,54,42,68,123,133,126,15,134,63,95" hai1="13,91,5,75,44,8,29,114,11,96,83,100,132" hai2="82,55,104,59,103,27,112,46,36,69,51,98,14" hai3="31,2,77,43,52,66,60,49,113,20,4,94,78"/><T76/><D106/><U72/><E132/><N who="0" m="50793" /><D123/><U67/><E114/><V65/><F112/><W22/><G113/><T74/><D126/><U3/><E29/><V120/><F120/><W101/><G43/><T108/><D108/><U89/><E67/><V48/><F14/><W127/><G2/><T115/><D42/><U102/><E44/><V124/><F124/><W70/><G4/><T58/><D15/><U84/><E91/><V50/><F27/><W1/><G1/><T38/><D38/><U40/><E40/><N who="2" m="22791" /><F82/><W37/><G37/><T26/><D26/><U30/><E30/><V71/><F71/><W53/><G127/><T10/><D10/><U45/><E45/><V99/><F99/><W93/><G31/><T121/><D121/><U17/><REACH who="1" step="1"/><E100/><REACH who="1" ten="262,71,261,396" step="2"/><V21/><F69/><W90/><G70/><T62/><D115/><U56/><E56/><V87/><F65/><W105/><G66/><T111/><D68/><U41/><E41/><V47/><F59/><N who="3" m="34927" /><G101/><T35/><D64/><U7/><E7/><V0/><F47/><W130/><G90/><N who="0" m="53719" /><D58/><U81/><E81/><V119/><F103/><W129/><G105/><AGARI ba="2,1" hai="3,5,8,11,13,17,72,75,83,84,89,96,102,105" machi="105" ten="30,2000,0" yaku="1,1,7,1,53,0" doraHai="73" doraHaiUra="128" who="1" fromWho="3" sc="262,0,71,36,261,0,396,-26" /><INIT seed="5,0,0,4,2,21" ten="262,107,261,370" oya="1" hai0="11,14,92,94,58,51,43,38,118,119,131,37,26" hai1="96,41,42,101,74,1,89,127,17,99,53,33,84" hai2="36,68,93,48,91,116,66,107,105,28,7,24,18" hai3="50,4,13,0,69,81,54,72,129,111,16,22,59"/><U114/><E74/><V32/><F116/><W108/><G69/><T134/><D38/><U39/><E39/><V90/><F36/><W9/><G129/><T45/><D131/><U110/><E1/><V117/><F117/><W49/><G49/><T34/><D134/><U133/><E133/><V65/><F7/><W71/><G71/><T77/><D77/><U44/><E114/><V123/><F123/><W95/><G95/><T87/><D118/><U73/><E73/><V2/><F2/><W20/><G22/><T63/><D87/><U61/><E110/><V70/><F48/><W52/><G54/><T113/><D113/><U10/><E33/><V100/><F18/><W85/><G72/><T8/><D37/><U56/><E127/><V102/><F24/><W57/><G57/><T88/><D88/><AGARI ba="0,0" hai="0,4,9,13,16,20,50,52,59,81,85,88,108,111" machi="88" ten="30,7700,0" yaku="7,1,54,3" doraHai="21" who="3" fromWho="0" sc="262,-77,107,0,261,0,370,77" /><INIT seed="6,0,0,5,2,79" ten="185,107,261,447" oya="2" hai0="61,47,97,101,84,48,33,44,73,57,125,120,46" hai1="49,52,65,131,75,99,132,42,7,78,4,92,32" hai2="45,40,133,41,2,8,53,0,17,67,21,12,10" hai3="64,123,113,109,119,111,55,118,6,76,68,85,39"/><V83/><F133/><W110/><G76/><T71/><D73/><U62/><E131/><V105/><F105/><W30/><G85/><T90/><D120/><U1/><E32/><V72/><F53/><W29/><G123/><T36/><D36/><U54/><E42/><V124/><F67/><W43/><G6/><T50/><D71/><U38/><E38/><V106/><F106/><W108/><G29/><T13/><D33/><U22/><E132/><V130/><F130/><W122/><G30/><T27/><D27/><U104/><E104/><V20/><F2/><W89/><G89/><T5/><D125/><U98/><E22/><V93/><F93/><W121/><G108/><T127/><D127/><U3/><E78/><N who="2" m="44487" /><F41/><W82/><G55/><N who="0" m="33983" /><D97/><U74/><E65/><V24/><F24/><W37/><G37/><T69/><D101/><U91/><E91/><V51/><F124/><W116/><G64/><T58/><D58/><U103/><E49/><V77/><F77/><W112/><G68/><T25/><D25/><U102/><REACH who="1" step="1"/><E92/><REACH who="1" ten="185,97,261,447" step="2"/><V114/><F51/><W100/><G100/><T60/><D60/><AGARI ba="0,1" hai="1,3,4,7,52,54,60,62,74,75,98,99,102,103" machi="60" ten="25,8000,1" yaku="1,1,2,1,22,2,54,1,53,0" doraHai="79" doraHaiUra="16" who="1" fromWho="0" sc="185,-80,97,90,261,0,447,0" /><INIT seed="7,0,0,0,2,18" ten="105,187,261,447" oya="3" hai0="59,84,129,62,96,67,44,119,100,40,21,25,86" hai1="128,7,20,32,37,88,111,16,89,77,110,102,134" hai2="61,53,24,42,135,71,38,1,79,45,41,36,106" hai3="132,12,31,104,52,78,118,49,80,19,98,29,103"/><W10/><G118/><T27/><D129/><U65/><E37/><V116/><F106/><W83/><G132/><T131/><D131/><U54/><E128/><V101/><F101/><W117/><G117/><T63/><D119/><U97/><E134/><V123/><F1/><W5/><G5/><T91/><D63/><U34/><E77/><V14/><F135/><W94/><G104/><T90/><D86/><U81/><E65/><V120/><F24/><W13/><G13/><T15/><D15/><U107/><E7/><V17/><F79/><W112/><G112/><T43/><D44/><U11/><E11/><V115/><F115/><W109/><G109/><T23/><D27/><U56/><E32/><V0/><F0/><W3/><G3/><T108/><D108/><U58/><E34/><V47/><F116/><W9/><G9/><T70/><D70/><U105/><E105/><V85/><F85/><N who="3" m="48279" /><G83/><T75/><D75/><U133/><E133/><V35/><F35/><W82/><G82/><T69/><D69/><U50/><E58/><AGARI ba="0,0" hai="10,12,19,29,31,49,52,58,94,98,103" m="48279" machi="58" ten="30,2900,0" yaku="8,1,54,1" doraHai="18" who="3" fromWho="1" sc="105,0,187,-29,261,0,447,29" owari="105,-39.0,158,-24.0,261,6.0,476,57.0" /></mjloggm>