<mjloggm ver="2.3"><GO type="225" lobby="0"/><UN n0="%E8%88%B9%E8%A6%8B%E7%B5%90%E8%A1%A3%E3%81%A1%E3%82%83%E3%82%93" n1="%E5%A4%A7%E5%AE%AE%E5%BF%8D%76" n2="%E9%81%85%E5%88%BB%E3%81%AE%E3%83%97%E3%83%AA%E3%83%B3%E3%82%B9%E2%99%AA" n3="%E3%82%A4%E3%83%8A%E3%82%BA%E3%83%9E%E8%91%AC%E5%84%80" dan="16,17,16,17" rate="2143.69,2207.70,2162.57,2212.55" sx="F,M,F,F"/><TAIKYOKU oya="0"/><INIT seed="0,0,0,2,5,83" ten="250,250,250,250" oya="0" hai0="24,37,121,55,27,106,120,59,130,53,63,117,123" hai1="134,0,104,133,93,71,80,129,3,28,97,67,74" hai2="70,105,34,107,17,29,39,101,6,64,66,84,22" hai3="65,119,23,20,46,54,44,85,98,109,112,49,15"/><T47/><D106/><U128/><E28/><V125/><F39/><W69/><G109/><T56/><D24/><U87/><E67/><V4/><F125/><W96/><G112/><T118/><D27/><U30/><E30/><V5/><F29/><W102/><G119/><T10/><D10/><U88/><E71/><V60/><F34/><W68/><G65/><T45/><D130/><N who="1" m="50283" /><E74/><V79/><F66/><W116/><G116/><N who="0" m="44651" /><D37/><U131/><N who="1" m="50291" /><U8/><DORA hai="58" /><E104/><V115/><F101/><W111/><G102/><T7/><D7/><N who="1" m="1127" /><E3/><V2/><F2/><W13/><G111/><T16/><D16/><U108/><E108/><V86/><F115/><W42/><G20/><T82/><D82/><U95/><E95/><V124/><F124/><W21/><G23/><T61/><AGARI ba="0,0" hai="45,47,53,55,56,59,61,63,120,121,123" m="44651" machi="61" ten="40,12000,1" yaku="34,2,52,2" doraHai="83,58" who="0" fromWho="0" sc="250,120,250,-40,250,-40,250,-40" /><INIT seed="0,1,0,0,2,66" ten="370,210,210,210" oya="0" hai0="55,65,122,47,2,67,128,57,37,94,61,76,28" hai1="26,82,59,20,60,135,87,129,63,97,86,53,77" hai2="16,17,89,107,51,124,121,50,102,109,71,72,119" hai3="29,111,23,13,6,104,44,134,91,48,3,43,9"/><T25/><D122/><U112/><E112/><V118/><F121/><W103/><G111/><T84/><D2/><U36/><E129/><V30/><F109/><W15/><G134/><T110/><D110/><U115/><E115/><V38/><F38/><W0/><G104/><T133/><D133/><U96/><E135/><V5/><F124/><W85/><G103/><T33/><D128/><U52/><E36/><V24/><F5/><W68/><G68/><T98/><D37/><U78/><E60/><V64/><F72/><W41/><G41/><T70/><D47/><U19/><E53/><V7/><F7/><W69/><G69/><T8/><D8/><U40/><E40/><V131/><F131/><W45/><G45/><T46/><D46/><U113/><E113/><V12/><F102/><W83/><G15/><T62/><D84/><U95/><E95/><V92/><F107/><W108/><G108/><T58/><D76/><U34/><E34/><V75/><F75/><W21/><G21/><T18/><D18/><U73/><E73/><V125/><F125/><W10/><REACH who="3" step="1"/><G9/><REACH who="3" ten="370,210,210,200" step="2"/><T90/><REACH who="0" step="1"/><D70/><REACH who="0" ten="360,210,210,200" step="2"/><U105/><E105/><V93/><F71/><W35/><G35/><T101/><D101/><U114/><E114/><V56/><F119/><W79/><G79/><T127/><D127/><U22/><E22/><V116/><F118/><W39/><G39/><T49/><D49/><U14/><E78/><V123/><F116/><W4/><G4/><T106/><D106/><U130/><E130/><V81/><F123/><W100/><G100/><T117/><D117/><U74/><E77/><RYUUKYOKU ba="1,2" sc="360,15,210,-15,210,-15,200,15" hai0="25,28,33,55,57,58,61,62,65,67,90,94,98" hai3="0,3,6,10,13,23,29,43,44,48,83,85,91" /><INIT seed="0,2,2,3,4,62" ten="375,195,195,215" oya="0" hai0="132,73,2,84,91,53,58,33,28,36,117,8,111" hai1="57,115,16,75,94,40,26,135,50,130,21,7,110" hai2="76,22,88,113,81,12,134,108,63,126,13,104,78" hai3="99,54,15,133,14,103,23,65,127,82,42,79,32"/><T35/><D117/><U95/><E110/><V52/><F113/><W122/><G32/><T118/><D118/><U97/><E135/><V48/><F104/><W27/><G127/><T0/><D132/><U77/><E130/><V121/><F121/><W39/><G133/><T128/><D36/><U6/><E115/><V24/><F134/><W44/><G54/><T85/><D73/><U3/><E3/><V61/><F108/><W5/><G5/><T55/><D128/><U116/><E116/><V10/><F126/><W129/><G129/><T114/><D114/><U102/><E77/><N who="2" m="29803" /><F63/><W96/><G65/><T67/><D111/><U11/><E75/><V30/><F61/><W80/><G99/><T89/><D8/><U47/><E94/><V120/><F120/><W86/><G82/><T106/><D28/><U60/><REACH who="1" step="1"/><E11/><REACH who="1" ten="375,185,195,215" step="2"/><V34/><F10/><W49/><G122/><T46/><D106/><U98/><E98/><V124/><F124/><W70/><G96/><T1/><D1/><U69/><E69/><V101/><F101/><W38/><G103/><T93/><D93/><U109/><E109/><V25/><F88/><W66/><G70/><T123/><D123/><U43/><E43/><V64/><F81/><W51/><G80/><T9/><D9/><U17/><E17/><N who="2" m="12367" /><F64/><AGARI ba="2,3" hai="6,7,16,21,26,40,47,50,57,60,64,95,97,102" machi="64" ten="30,12000,2" yaku="1,1,7,1,8,1,52,1,54,1,53,1" doraHai="62" doraHaiUra="18" who="1" fromWho="2" sc="375,0,185,156,195,-126,215,0" /><INIT seed="1,0,0,0,5,13" ten="375,341,69,215" oya="1" hai0="8,10,91,2,67,56,96,41,87,78,109,89,114" hai1="55,30,58,77,25,38,12,79,24,5,26,125,3" hai2="37,111,73,17,4,28,110,128,95,14,53,134,9" hai3="21,42,68,0,115,46,118,105,97,66,102,117,32"/><U69/><E69/><V45/><F128/><W99/><G32/><T80/><D114/><U123/><E38/><V90/><F134/><W119/><G115/><T48/><D2/><U33/><E123/><V76/><F28/><W93/><G0/><T126/><D126/><U54/><E125/><V70/><F70/><W64/><G68/><T15/><D109/><N who="2" m="41482" /><F76/><W65/><G21/><T63/><D96/><U29/><E3/><V85/><F73/><W27/><G27/><T92/><D92/><U11/><E55/><V94/><F94/><W40/><REACH who="3" step="1"/><G46/><REACH who="3" ten="375,341,69,205" step="2"/><N who="0" m="25679" /><D10/><U75/><E75/><V116/><F116/><W50/><G50/><T120/><D120/><U104/><E104/><V71/><F71/><W60/><G60/><T84/><D8/><U82/><E33/><V100/><F37/><W131/><G131/><T6/><D63/><N who="1" m="36311" /><E29/><V39/><F39/><W43/><G43/><T103/><D15/><U130/><E30/><V61/><F61/><W127/><G127/><T129/><D129/><U121/><E121/><V122/><F122/><W108/><G108/><T18/><D67/><U52/><E130/><V31/><F45/><W107/><G107/><T20/><D20/><U98/><E11/><V51/><F51/><W86/><G86/><T88/><D87/><U35/><E35/><V7/><F53/><W47/><G47/><T49/><D49/><U22/><E52/><V19/><F31/><W101/><AGARI ba="0,1" hai="40,42,64,65,66,93,97,99,101,102,105,117,118,119" machi="101" ten="40,5200,0" yaku="1,1,0,1,12,1,53,0" doraHai="13" doraHaiUra="83" who="3" fromWho="3" sc="375,-13,341,-26,69,-13,205,62" /><INIT seed="2,0,0,4,3,110" ten="362,315,56,267" oya="2" hai0="56,115,124,105,108,133,87,75,1,17,126,131,0" hai1="82,66,80,68,77,117,46,94,5,34,73,19,97" hai2="47,93,51,41,91,85,112,10,18,103,21,90,52" hai3="92,27,43,74,12,60,8,70,4,123,6,104,81"/><V53/><F103/><W20/><G104/><T26/><D75/><U122/><E117/><V62/><F112/><W48/><G123/><T9/><D115/><U25/><E5/><V22/><F62/><W30/><G6/><T134/><D105/><U64/><E68/><V109/><F109/><W42/><G48/><T78/><D108/><U72/><E46/><V130/><F130/><W32/><G92/><T118/><D118/><U50/><E50/><V59/><F90/><W100/><G100/><T102/><D102/><U23/><E34/><V99/><F85/><W31/><G81/><N who="0" m="47543" /><D131/><U76/><E122/><V106/><F106/><W67/><G74/><T61/><D26/><U36/><E36/><V129/><F129/><W45/><G45/><T71/><D17/><U54/><E54/><N who="2" m="21099" /><F59/><W84/><G84/><T16/><D71/><U57/><E57/><V135/><F135/><N who="0" m="51722" /><D0/><U120/><E120/><V89/><F89/><AGARI ba="0,0" hai="19,23,25,64,66,72,73,76,77,80,82,89,94,97" machi="89" ten="30,2000,0" yaku="7,1,9,1" doraHai="110" who="1" fromWho="2" sc="362,0,315,20,56,-20,267,0" /><INIT seed="3,0,0,0,4,28" ten="362,335,36,267" oya="3" hai0="14,12,47,78,61,111,41,33,65,99,133,82,2" hai1="23,56,86,18,22,58,21,96,74,94,3,115,100" hai2="59,20,119,122,50,60,126,101,55,130,106,34,131" hai3="27,79,107,62,114,25,36,110,123,7,95,77,129"/><W132/><G114/><T105/><D2/><U118/><E115/><V32/><F101/><W80/><G123/><T67/><D111/><U40/><E74/><V103/><F103/><W19/><G107/><T29/><D65/><U9/><E118/><V24/><F106/><W124/><G129/><T70/><D133/><U0/><E40/><V52/><F119/><W51/><G36/><T38/><D99/><U88/><E0/><V10/><F122/><W85/><G124/><T4/><D105/><U121/><E121/><V112/><F112/><W127/><G127/><T6/><D33/><U37/><E37/><V73/><F73/><W89/><G132/><T1/><D29/><U69/><E69/><V72/><F72/><W30/><G110/><T76/><D76/><N who="3" m="29257" /><G7/><T135/><D135/><U66/><E66/><V104/><F104/><W15/><G62/><T102/><D102/><U113/><E113/><V44/><F126/><W16/><G30/><T46/><D4/><U43/><E43/><V35/><REACH who="2" step="1"/><F10/><REACH who="2" ten="362,335,26,267" step="2"/><N who="3" m="6263" /><G19/><AGARI ba="0,1" hai="19,20,24,32,34,35,44,50,52,55,59,60,130,131" machi="19" ten="40,12000,2" yaku="1,1,52,3,54,1,53,1" doraHai="28" doraHaiUra="54" who="2" fromWho="3" sc="362,0,335,0,26,130,267,-120" owari="362,45.0,335,14.0,156,-24.0,147,-35.0" /></mjloggm>