<mjloggm ver="2.3"><GO type="185" lobby="0"/><UN n0="%4B%69%64%6F%37%35%30%30" n1="%E3%82%B3%E3%82%B3%E3%82%A2%E3%81%AF%E4%BF%BA%E3%81%AE%E5%AB%81" n2="%63%61%6C%63%2E" n3="" dan="16,17,19,0" rate="2125.79,2202.51,2363.26,1500.00" sx="M,F,M,C"/><TAIKYOKU oya="0"/><INIT seed="0,0,0,5,4,68" ten="350,350,350,0" oya="0" hai0="108,117,56,2,46,61,97,52,107,42,58,73,86" hai1="104,113,111,100,59,125,129,32,115,70,112,65,114" hai2="53,127,101,81,44,3,63,103,132,93,110,84,64" hai3=""/><T106/><D2/><U1/><N who="1" m="28672" /><DORA hai="118" /><U123/><N who="1" m="31520" /><U75/><E1/><V76/><F3/><T134/><D117/><U102/><E32/><V66/><F110/><T71/><D71/><U43/><E111/><V55/><F127/><T62/><D73/><U77/><E125/><V33/><F33/><T85/><D108/><U67/><E129/><V131/><F132/><T47/><D134/><U54/><E43/><V69/><F131/><T91/><D97/><U99/><E70/><V124/><F66/><T38/><D47/><U79/><E100/><V0/><F124/><T122/><N who="0" m="31264" /><T49/><D86/><U40/><E40/><V121/><N who="2" m="31008" /><V133/><F133/><T95/><D49/><U89/><E89/><V60/><F0/><T105/><D105/><U92/><E104/><V116/><F116/><T87/><D87/><U135/><E135/><V72/><F44/><T78/><D78/><N who="1" m="29707" /><E75/><V37/><F72/><T109/><REACH who="0" step="1"/><D109/><REACH who="0" ten="340,350,350,0" step="2"/><U120/><N who="1" m="30752" /><U45/><E45/><V126/><F126/><T88/><D88/><U74/><E74/><V98/><F69/><T51/><D51/><AGARI ba="0,1" hai="51,54,59,65,67,92,99,102" m="30752,29707,31520,28672" machi="51" ten="60,8000,1" yaku="11,1,52,4" doraHai="68,118" who="1" fromWho="0" sc="340,-80,350,90,350,0,0,0" /><INIT seed="1,0,0,1,0,65" ten="260,440,350,0" oya="1" hai0="87,2,101,104,56,0,127,58,82,130,117,92,62" hai1="36,1,57,52,129,46,69,51,63,110,44,125,111" hai2="70,108,77,81,54,60,47,91,90,72,55,112,86" hai3=""/><U109/><E1/><V42/><F108/><T68/><D117/><U124/><E129/><V88/><F112/><T132/><D132/><U39/><E69/><V43/><F42/><T105/><D130/><U48/><E48/><V64/><REACH who="2" step="1"/><F72/><REACH who="2" ten="260,440,340,0" step="2"/><T49/><D2/><U45/><REACH who="1" step="1"/><E51/><AGARI ba="0,1" hai="43,47,51,54,55,60,64,70,77,81,86,88,90,91" machi="51" ten="40,8000,1" yaku="1,1,2,1,52,1,54,1,53,1" doraHai="65" doraHaiUra="79" who="2" fromWho="1" sc="260,0,440,-80,340,90,0,0" /><INIT seed="2,0,0,1,3,98" ten="260,360,430,0" oya="2" hai0="55,96,102,49,46,105,84,52,67,59,131,94,97" hai1="99,104,112,87,47,72,82,60,129,121,109,91,124" hai2="122,88,56,45,64,3,50,111,79,130,38,132,134" hai3=""/><V123/><N who="2" m="31264" /><V113/><N who="2" m="31520" /><V32/><F3/><T57/><D131/><U101/><N who="1" m="31008" /><U2/><E112/><V86/><F113/><T118/><D118/><U53/><E2/><V128/><F79/><T43/><D67/><U76/><E109/><V34/><F38/><T135/><D84/><U39/><E129/><N who="2" m="49771" /><F111/><T54/><REACH who="0" step="1"/><D135/><REACH who="0" ten="250,360,430,0" step="2"/><N who="2" m="51754" /><F64/><T48/><D48/><U126/><E39/><V106/><F56/><T110/><D110/><U117/><E117/><V71/><F71/><T70/><D70/><U66/><E66/><V44/><F44/><T120/><N who="0" m="30752" /><T1/><D1/><U100/><E47/><V58/><F58/><T41/><D41/><U65/><E65/><V114/><F114/><T74/><D74/><U93/><E53/><V89/><F86/><T0/><D0/><U80/><E60/><V127/><F50/><T119/><D119/><U77/><REACH who="1" step="1"/><E101/><AGARI ba="0,1" hai="43,46,49,52,54,55,57,59,94,96,97,101,102,105" m="30752" machi="101" ten="40,8000,1" yaku="1,1,52,3,54,1,53,0" doraHai="98" doraHaiUra="78" who="0" fromWho="1" sc="250,90,360,-80,430,0,0,0" /><INIT seed="4,0,0,1,4,72" ten="340,280,430,0" oya="0" hai0="59,82,122,41,112,69,42,125,55,108,104,79,135" hai1="47,103,134,50,81,39,94,126,70,51,133,33,37" hai2="43,107,60,101,96,66,76,68,85,46,86,78,91" hai3=""/><T129/><N who="0" m="31264" /><T45/><D108/><U3/><E33/><V53/><F53/><T48/><D104/><U123/><N who="1" m="31520" /><U128/><E3/><V92/><REACH who="2" step="1"/><F86/><REACH who="2" ten="340,280,420,0" step="2"/><T113/><D135/><U114/><E133/><V99/><F99/><T97/><D97/><U120/><E134/><V100/><F100/><T62/><D129/><U34/><E103/><V130/><F130/><T95/><D125/><U118/><E126/><V87/><F87/><T40/><D69/><U54/><E128/><V0/><F0/><T65/><REACH who="0" step="1"/><D95/><REACH who="0" ten="330,280,420,0" step="2"/><U71/><E94/><V116/><F116/><T49/><D49/><AGARI ba="0,2" hai="43,46,49,60,66,68,76,78,85,91,92,96,101,107" machi="49" ten="30,8000,1" yaku="1,1,7,1,52,2,53,1" doraHai="72" doraHaiUra="57" who="2" fromWho="0" sc="330,-80,280,0,420,100,0,0" /><INIT seed="5,0,0,1,2,134" ten="250,280,520,0" oya="1" hai0="132,35,85,56,91,45,109,78,77,97,42,59,71" hai1="131,39,75,115,87,51,96,57,110,79,119,114,130" hai2="116,118,112,106,69,80,1,127,54,38,34,65,129" hai3=""/><U128/><E39/><V120/><RYUUKYOKU type="yao9" ba="0,0" sc="250,0,280,0,520,0,0,0" hai2="1,34,38,54,65,69,80,106,112,116,118,120,127,129" /><INIT seed="5,1,0,4,3,77" ten="250,280,520,0" oya="1" hai0="78,96,66,120,115,80,67,93,105,48,74,122,50" hai1="63,69,133,35,103,126,97,37,128,34,65,114,101" hai2="49,40,104,84,94,111,71,91,51,131,46,59,87" hai3=""/><U55/><E114/><V79/><F111/><T41/><N who="0" m="30752" /><T118/><N who="0" m="31264" /><T61/><D118/><U123/><N who="1" m="31520" /><U110/><E110/><V85/><F71/><T127/><D115/><U134/><E126/><V32/><F32/><T56/><D105/><U39/><E128/><V62/><F104/><T70/><D127/><U83/><E55/><V124/><F124/><T47/><D67/><U135/><E83/><V121/><N who="2" m="31008" /><V116/><F116/><T108/><D108/><U112/><E112/><V45/><F79/><T113/><D113/><U117/><E117/><V92/><F94/><T64/><D64/><U106/><REACH who="1" step="1"/><E103/><REACH who="1" ten="250,270,520,0" step="2"/><V3/><F131/><T44/><D70/><U129/><E129/><V73/><F3/><T125/><D125/><U109/><E109/><V132/><F132/><T2/><D2/><U119/><E119/><V76/><F76/><T53/><D93/><U90/><E90/><V72/><F91/><T36/><D96/><U81/><E81/><V95/><F92/><T130/><REACH who="0" step="1"/><D130/><REACH who="0" ten="240,270,520,0" step="2"/><U68/><E68/><V75/><F95/><T88/><D88/><U86/><E86/><V100/><F85/><T102/><D102/><U1/><E1/><V54/><F100/><T89/><D89/><RYUUKYOKU ba="1,2" sc="240,0,270,0,520,0,0,0" hai0="36,41,44,47,48,50,53,56,61,66,74,78,80" hai1="34,35,37,39,63,65,69,97,101,106,133,134,135" hai2="40,45,46,49,51,54,59,62,72,73,75,84,87" /><INIT seed="5,2,2,5,4,42" ten="240,270,520,0" oya="1" hai0="127,39,104,76,78,75,45,74,128,132,72,40,115" hai1="123,37,133,81,102,118,69,103,116,84,90,98,59" hai2="62,100,131,119,125,95,53,1,65,134,44,41,77" hai3=""/><U68/><N who="1" m="31520" /><U64/><E133/><V82/><F119/><T113/><D132/><U121/><N who="1" m="31008" /><U87/><E37/><V79/><F134/><T108/><D108/><U52/><E116/><V135/><F135/><T88/><D104/><U48/><E118/><V61/><F1/><T85/><D128/><U60/><E87/><V63/><F125/><T38/><D38/><U97/><E98/><V106/><F106/><T117/><D127/><U109/><E109/><V110/><F65/><T83/><REACH who="0" step="1"/><D117/><REACH who="0" ten="230,270,520,0" step="2"/><U35/><E35/><V51/><F131/><T129/><D129/><U49/><E69/><V3/><F3/><T101/><D101/><U96/><E102/><V126/><F126/><T80/><D80/><U91/><E103/><V43/><F110/><T32/><D32/><U73/><E73/><V86/><F79/><AGARI ba="2,3" hai="39,40,45,72,74,75,76,78,79,83,85,88,113,115" machi="79" ten="50,6400,0" yaku="1,1,52,1,54,1,53,0" doraHai="42" doraHaiUra="122" who="0" fromWho="2" sc="230,98,270,0,520,-68,0,0" /><INIT seed="6,0,0,1,2,82" ten="328,270,452,0" oya="2" hai0="75,124,38,106,60,59,117,54,97,126,107,47,123" hai1="132,83,87,1,88,3,46,99,113,78,76,37,73" hai2="91,102,62,96,77,45,103,127,57,131,89,105,42" hai3=""/><V79/><F131/><T70/><N who="0" m="31520" /><T71/><D75/><U101/><E113/><V34/><F34/><T122/><N who="0" m="31264" /><T61/><D117/><U35/><E35/><V95/><F127/><N who="0" m="48682" /><D107/><U51/><E132/><V128/><F103/><T86/><D86/><U108/><E108/><V134/><F134/><T125/><D97/><U85/><E37/><V129/><F128/><T2/><D106/><U72/><E1/><V80/><F105/><T120/><N who="0" m="30752" /><T100/><D100/><U63/><E3/><V84/><F77/><T98/><D98/><U52/><E63/><V40/><F129/><T67/><N who="0" m="48690" /><T81/><DORA hai="119" /><D81/><U65/><E65/><V48/><F40/><T66/><D2/><U109/><E109/><V39/><F39/><T74/><D74/><U44/><E44/><V114/><F114/><T133/><D133/><U49/><E49/><V104/><F104/><T36/><D47/><U115/><E115/><V41/><F41/><T93/><D93/><U118/><E118/><V32/><F32/><T90/><D90/><U68/><E68/><V50/><F89/><T116/><D116/><U43/><E43/><V110/><F110/><T69/><D69/><U121/><N who="1" m="31008" /><U111/><E111/><RYUUKYOKU ba="0,0" sc="328,20,270,-10,452,-10,0,0" hai0="36,38,54,59,60,61,66,67,70,71" owari="348,-5.0,260,-34.0,442,39.0,0,0.0" /></mjloggm>