<mjloggm ver="2.3"><GO type="185" lobby="0"/><UN n0="%E3%81%AE%E3%83%BC%E3%81%97" n1="%E3%83%AA%E3%82%B3%E3%83%BB%E3%83%90%E3%83%B3%E3%83%87%E3%83%A9%E3%82%B9" n2="%E9%9D%92%E6%A3%AE%E3%81%AE%E3%81%B2%E3%82%88%E3%81%93" n3="" dan="18,17,17,0" rate="2267.09,2199.28,2242.08,1500.00" sx="M,M,M,C"/><TAIKYOKU oya="0"/><INIT seed="0,0,0,2,2,135" ten="350,350,350,0" oya="0" hai0="109,103,58,104,114,38,87,126,101,121,59,61,97" hai1="47,123,99,32,0,112,77,56,105,131,78,84,124" hai2="75,67,46,115,128,55,52,79,1,37,132,36,100" hai3=""/><T125/><N who="0" m="31008" /><T39/><D114/><U65/><N who="1" m="31520" /><U48/><E32/><V44/><F115/><T50/><D103/><U86/><E112/><V70/><F1/><T127/><D109/><U108/><E108/><V66/><F132/><T116/><D116/><U90/><E0/><V40/><F100/><T51/><D87/><U74/><E74/><V96/><F96/><T76/><D76/><U71/><E71/><V119/><F79/><T62/><D51/><U82/><E105/><V133/><F75/><T60/><D50/><U43/><E99/><V129/><F133/><T117/><D117/><U107/><E107/><V68/><F119/><T57/><AGARI ba="0,0" hai="38,39,57,58,59,60,61,62,97,101,104,125,126,127" m="31008" machi="57" ten="40,16000,3" yaku="0,1,29,2,18,1,52,4" doraHai="135" who="0" fromWho="0" sc="350,160,350,-80,350,-80,0,0" /><INIT seed="0,1,0,1,0,77" ten="510,270,270,0" oya="0" hai0="81,111,82,132,53,59,55,117,92,108,135,124,46" hai1="122,65,88,76,103,101,54,114,33,0,127,93,95" hai2="61,42,116,1,49,62,40,3,38,36,128,51,71" hai3=""/><T69/><D69/><U32/><N who="1" m="31264" /><U2/><E127/><V58/><F1/><T113/><D113/><U86/><E114/><V48/><F3/><T87/><D124/><U75/><E2/><V118/><F128/><T37/><D117/><N who="2" m="45162" /><F71/><T119/><D119/><U68/><E0/><V121/><N who="2" m="31008" /><V104/><F104/><T47/><D92/><U133/><E101/><V94/><F94/><T125/><D125/><U34/><E103/><V79/><F79/><T56/><D87/><U60/><E95/><V96/><F96/><T90/><D37/><N who="2" m="14442" /><F62/><T63/><D63/><U100/><E34/><V98/><F98/><T83/><D83/><U107/><E33/><V41/><F61/><T97/><D97/><U43/><E32/><V99/><F99/><T84/><D90/><U35/><E35/><V110/><F110/><T45/><D84/><U52/><E88/><V78/><F78/><T72/><D45/><U134/><E86/><V129/><F129/><T130/><D130/><U67/><E76/><V106/><F106/><T115/><D115/><U73/><E107/><V66/><F66/><T85/><D85/><U112/><E67/><V89/><F89/><T50/><D50/><U91/><E93/><V126/><F126/><RYUUKYOKU ba="1,0" sc="510,10,270,-20,270,10,0,0" hai0="46,47,53,55,56,59,72,81,82,108,111,132,135" hai2="40,41,42,48,49,51,58" /><INIT seed="0,2,0,2,3,39" ten="520,250,280,0" oya="0" hai0="130,116,120,87,51,55,48,132,76,118,135,127,131" hai1="82,97,113,45,79,89,43,134,38,35,124,125,86" hai2="80,57,78,36,99,90,73,46,117,100,47,50,103" hai3=""/><T121/><N who="0" m="30752" /><T60/><N who="0" m="31008" /><T83/><D60/><U104/><E35/><V74/><F117/><N who="0" m="45162" /><D55/><U92/><E113/><V129/><F73/><T0/><D0/><U112/><E112/><V119/><F119/><T111/><D127/><N who="1" m="48715" /><E104/><V56/><F90/><T37/><D37/><U109/><E134/><N who="0" m="51241" /><D111/><AGARI ba="2,0" hai="38,43,45,79,82,86,89,92,97,109,111" m="48715" machi="111" ten="30,2000,0" yaku="18,1,52,1" doraHai="39" who="1" fromWho="0" sc="520,-24,250,24,280,0,0,0" /><INIT seed="1,0,0,0,5,123" ten="496,274,280,0" oya="1" hai0="94,36,127,132,134,66,130,46,104,45,80,124,93" hai1="53,98,61,100,128,63,76,112,113,48,65,34,88" hai2="0,96,84,72,37,75,38,49,69,92,86,67,97" hai3=""/><U105/><E34/><V51/><F67/><T59/><D104/><U117/><E117/><V118/><F92/><N who="0" m="35434" /><D80/><U99/><E128/><V82/><F82/><T133/><D130/><U135/><E76/><V106/><F106/><T60/><D36/><U2/><E2/><V43/><F43/><T125/><AGARI ba="0,0" hai="45,46,59,60,66,124,125,127,132,133,134" m="35434" machi="125" ten="40,2000,0" yaku="18,1,20,1" doraHai="123" who="0" fromWho="0" sc="496,20,274,-13,280,-7,0,0" /><INIT seed="2,0,0,5,2,73" ten="516,261,273,0" oya="2" hai0="86,77,119,129,55,132,71,50,111,51,41,108,58" hai1="81,32,65,70,83,66,100,116,127,62,79,82,2" hai2="87,35,42,89,91,36,53,114,104,45,40,69,84" hai3=""/><V121/><N who="2" m="31008" /><V128/><F114/><T124/><D119/><U93/><E32/><V130/><F35/><T44/><D71/><U34/><E34/><V90/><F104/><T109/><D132/><U106/><E2/><V98/><F98/><T103/><D129/><N who="2" m="49770" /><F69/><T117/><D117/><U102/><E106/><V38/><F53/><T125/><D103/><U101/><E116/><V131/><N who="2" m="49778" /><V120/><N who="2" m="30752" /><DORA hai="110" /><V49/><F42/><T122/><N who="0" m="31264" /><T105/><D105/><U107/><E107/><V64/><F64/><T115/><D115/><U46/><E66/><V56/><F56/><T54/><D41/><U48/><E127/><V60/><F60/><T96/><D96/><U68/><E68/><V61/><F61/><T39/><D39/><AGARI ba="0,0" hai="36,38,39,40,45,49,84,87,89,90,91" m="30752,49778,31008" machi="39" ten="50,9600,0" yaku="19,1,52,2" doraHai="73,110" who="2" fromWho="0" sc="516,-96,261,0,273,96,0,0" /><INIT seed="2,1,0,3,0,117" ten="420,261,369,0" oya="2" hai0="55,92,115,45,53,48,40,105,86,58,85,133,38" hai1="72,135,89,131,74,116,83,90,59,119,70,78,84" hai2="39,134,34,67,2,65,76,54,126,87,130,62,61" hai3=""/><V98/><F2/><T57/><D105/><U114/><E70/><V91/><F34/><T123/><N who="0" m="31520" /><T1/><D1/><U82/><E114/><V113/><F113/><T121/><N who="0" m="31008" /><T81/><D115/><U60/><E135/><V44/><F134/><T97/><D133/><U50/><E50/><V79/><F126/><T33/><D33/><U46/><E46/><V63/><F98/><T3/><D81/><U101/><E101/><V80/><F130/><T95/><D95/><U122/><N who="1" m="31264" /><U106/><E106/><V132/><F132/><T68/><D68/><U47/><E47/><V66/><F39/><T100/><D3/><U88/><E131/><V93/><F80/><T71/><D71/><U129/><E129/><V118/><F118/><N who="1" m="45097" /><E83/><V77/><F44/><T36/><D36/><U69/><E69/><V94/><F93/><T37/><D37/><U107/><E107/><V103/><F103/><T96/><D97/><U35/><E35/><V56/><AGARI ba="1,0" hai="54,56,61,62,63,65,66,67,76,77,79,87,91,94" machi="56" ten="40,2600,0" yaku="0,1,8,1" doraHai="117" who="2" fromWho="2" sc="420,-14,261,-14,369,28,0,0" /><INIT seed="2,2,0,3,1,92" ten="406,247,397,0" oya="2" hai0="73,103,0,116,32,94,101,119,108,105,96,100,34" hai1="37,60,130,87,72,89,110,134,121,109,132,57,97" hai2="128,79,115,39,107,38,84,63,56,69,104,133,71" hai3=""/><V74/><F115/><T118/><D0/><U80/><N who="1" m="31008" /><U55/><E37/><V126/><F74/><T50/><D73/><U2/><E2/><V106/><F126/><T54/><D108/><N who="1" m="41579" /><E130/><V114/><F114/><T35/><REACH who="0" step="1"/><D105/><REACH who="0" ten="396,247,397,0" step="2"/><U102/><E72/><V123/><N who="2" m="31520" /><V90/><F106/><AGARI ba="2,1" hai="55,57,60,80,87,89,97,102,106,132,134" m="41579,31008" machi="106" ten="30,3900,0" yaku="14,1,52,2" doraHai="92" who="1" fromWho="2" sc="396,0,247,53,397,-43,0,0" /><INIT seed="4,0,0,2,3,32" ten="396,300,354,0" oya="0" hai0="95,105,40,93,69,103,101,85,128,33,90,74,117" hai1="70,118,115,53,67,129,63,1,121,109,35,94,110" hai2="113,122,45,58,111,116,65,81,72,38,106,68,2" hai3=""/><T36/><D33/><U125/><RYUUKYOKU type="yao9" ba="0,0" sc="396,0,300,0,354,0,0,0" hai1="1,35,53,63,67,70,94,109,110,115,118,121,125,129" /><INIT seed="4,1,0,0,5,100" ten="396,300,354,0" oya="0" hai0="107,98,2,51,65,111,135,55,76,58,73,133,129" hai1="82,48,122,89,94,60,75,105,54,57,61,45,67" hai2="62,41,34,79,130,132,53,42,120,102,93,131,115" hai3=""/><T66/><D2/><U35/><N who="1" m="31264" /><U49/><E35/><V112/><N who="2" m="30752" /><V90/><F34/><T33/><D33/><U47/><E105/><V69/><F132/><N who="0" m="50762" /><D111/><U59/><E82/><V88/><F102/><T127/><D127/><U110/><E75/><V96/><F79/><T80/><D129/><N who="2" m="49162" /><F90/><T38/><D38/><U32/><E110/><V92/><F92/><T3/><D3/><U40/><E32/><V108/><F108/><T121/><N who="0" m="31008" /><T81/><D80/><U117/><E117/><V109/><F109/><T128/><D128/><U95/><REACH who="1" step="1"/><E89/><REACH who="1" ten="396,290,354,0" step="2"/><V74/><F74/><T103/><AGARI ba="1,1" hai="51,55,58,65,66,73,76,81,98,103,107" m="31008,50762" machi="103" ten="30,4000,0" yaku="20,1,52,2" doraHai="100" who="0" fromWho="0" sc="396,52,290,-21,354,-21,0,0" /><INIT seed="4,2,0,4,5,92" ten="448,269,333,0" oya="0" hai0="126,118,54,130,77,76,122,74,47,110,131,100,64" hai1="38,132,87,112,78,35,113,90,63,55,91,70,88" hai2="59,57,124,75,135,114,101,106,58,3,94,71,116" hai3=""/><T83/><N who="0" m="31264" /><T72/><D118/><U68/><E35/><V127/><F3/><T82/><D126/><N who="2" m="48170" /><F116/><T62/><D100/><U109/><E38/><V73/><F114/><N who="1" m="44137" /><E109/><V0/><F0/><T97/><D97/><U44/><E132/><V42/><F135/><T67/><D110/><U33/><E33/><V96/><F71/><N who="1" m="27177" /><E78/><V1/><F1/><T120/><N who="0" m="30752" /><T85/><D85/><U53/><E53/><V93/><F42/><T134/><D134/><U95/><E63/><V89/><F106/><T123/><N who="0" m="31520" /><T46/><REACH who="0" step="1"/><D54/><REACH who="0" ten="438,269,333,0" step="2"/><U117/><E117/><V49/><F75/><T36/><D36/><U102/><E102/><V45/><F73/><T111/><D111/><U56/><E56/><V52/><F59/><T84/><D84/><AGARI ba="2,1" hai="45,49,52,57,58,84,89,93,94,96,101" m="48170" machi="84" ten="30,3900,0" yaku="18,1,52,1,54,1" doraHai="92" who="2" fromWho="0" sc="438,-43,269,0,333,53,0,0" /><INIT seed="5,0,0,0,2,37" ten="395,269,386,0" oya="1" hai0="60,74,47,1,126,79,42,63,49,78,105,89,46" hai1="111,61,70,40,82,44,127,73,39,92,38,107,99" hai2="80,86,75,56,124,100,94,55,33,125,88,118,115" hai3=""/><U2/><E2/><V52/><F33/><T81/><D1/><U34/><E34/><V119/><F115/><T58/><D105/><U71/><E107/><V53/><F56/><T65/><D126/><N who="2" m="48746" /><F75/><T120/><N who="0" m="30752" /><T123/><N who="0" m="31520" /><T67/><D47/><U130/><E127/><V90/><F100/><T50/><D50/><U51/><E130/><V43/><F43/><T98/><D78/><U135/><E135/><V113/><F113/><T57/><D89/><U114/><E114/><V110/><F110/><T132/><REACH who="0" step="1"/><D98/><AGARI ba="0,0" hai="52,53,55,80,86,88,90,94,98,118,119" m="48746" machi="98" ten="30,3900,0" yaku="18,1,54,2" doraHai="37" who="2" fromWho="0" sc="395,-39,269,0,386,39,0,0" /><INIT seed="6,0,0,4,0,119" ten="356,269,425,0" oya="2" hai0="117,60,55,121,80,64,129,75,58,116,43,107,114" hai1="86,108,0,32,103,94,104,76,72,97,45,105,47" hai2="33,83,127,126,44,134,65,110,135,100,68,41,71" hai3=""/><V66/><F33/><T109/><N who="0" m="31008" /><T123/><N who="0" m="31520" /><T132/><D109/><U99/><E32/><V122/><N who="2" m="31264" /><V40/><F100/><T52/><D114/><U112/><E0/><V89/><F89/><T61/><D107/><U3/><E3/><V81/><REACH who="2" step="1"/><F44/><REACH who="2" ten="356,269,415,0" step="2"/><T1/><D1/><U118/><E118/><V54/><F54/><T78/><D43/><U34/><E34/><V91/><F91/><T93/><D117/><U36/><E112/><V53/><F53/><T2/><D116/><U48/><E108/><AGARI ba="0,1" hai="40,41,65,66,68,71,81,83,108,110,126,127,134,135" m="31264" machi="108" ten="25,12000,1" yaku="1,1,22,2,52,2,53,0" doraHai="119" doraHaiUra="42" who="2" fromWho="1" sc="356,0,269,-120,415,130,0,0" owari="356,-4.0,149,-45.0,545,49.0,0,0.0" /></mjloggm>