<mjloggm ver="2.3"><GO type="185" lobby="0"/><UN n0="%4B%69%64%6F%37%35%30%30" n1="%41%2E%4B%39%6D%65%63" n2="%67%6C%61%6E%7A%39%30" n3="" dan="16,18,18,0" rate="2124.98,2367.66,2365.49,1500.00" sx="M,M,M,C"/><TAIKYOKU oya="0"/><INIT seed="0,0,0,3,5,2" ten="350,350,350,0" oya="0" hai0="36,3,118,51,63,112,53,0,74,122,32,103,94" hai1="110,99,52,120,67,78,72,117,71,106,87,132,41" hai2="62,124,68,135,123,121,33,97,48,55,37,59,115" hai3=""/><T127/><N who="0" m="31264" /><T133/><D118/><U100/><N who="1" m="30752" /><U85/><E117/><V93/><N who="2" m="31008" /><V83/><N who="2" m="31520" /><V50/><F37/><T76/><D36/><U101/><E110/><V49/><F115/><T58/><D112/><U46/><E132/><V105/><F135/><T128/><D133/><U38/><E101/><V98/><F124/><T60/><D127/><U107/><E107/><V34/><F68/><T82/><D32/><U61/><E72/><V111/><F111/><T88/><D103/><U66/><E78/><V1/><F1/><T43/><D128/><U119/><E67/><V47/><F47/><T90/><D90/><U130/><E130/><V125/><F125/><T69/><D43/><U114/><E114/><V77/><F105/><T116/><D116/><U45/><REACH who="1" step="1"/><E119/><REACH who="1" ten="350,340,350,0" step="2"/><V113/><F113/><T84/><REACH who="0" step="1"/><D63/><REACH who="0" ten="340,340,350,0" step="2"/><U104/><E104/><V40/><F62/><T80/><D80/><U95/><E95/><V102/><F93/><T39/><D39/><U89/><E89/><V129/><F129/><T92/><D92/><U64/><E64/><AGARI ba="0,2" hai="0,3,51,53,58,60,64,69,74,76,82,84,88,94" m="31264" machi="64" ten="40,12000,1" yaku="1,1,52,1,54,1,53,1" doraHai="2" doraHaiUra="81" who="0" fromWho="1" sc="340,140,340,-120,350,0,0,0" /><INIT seed="0,1,0,4,4,127" ten="480,220,350,0" oya="0" hai0="96,55,119,41,102,47,99,2,83,33,54,134,58" hai1="126,90,121,115,85,50,81,132,64,84,38,114,112" hai2="63,51,79,40,97,57,113,78,32,124,77,75,66" hai3=""/><T39/><D33/><U46/><N who="1" m="31008" /><U68/><E126/><V43/><F124/><T91/><D134/><U56/><E132/><V130/><F113/><T72/><D119/><U135/><E135/><V60/><F75/><T70/><D70/><U103/><E68/><V45/><F32/><T100/><D2/><U125/><E125/><V116/><F116/><T98/><D55/><U105/><E38/><V122/><N who="2" m="31264" /><V36/><F130/><T0/><D0/><U34/><E34/><V92/><F63/><T131/><D131/><U110/><E110/><V82/><F40/><T104/><D102/><U133/><E133/><V48/><REACH who="2" step="1"/><F82/><REACH who="2" ten="480,220,340,0" step="2"/><T71/><D72/><U3/><E3/><V86/><F86/><T93/><D83/><U89/><E85/><V106/><F106/><T123/><N who="0" m="31520" /><T128/><D128/><U69/><E105/><V53/><F53/><T42/><D42/><U117/><E117/><V52/><F52/><T76/><D98/><U1/><E1/><V107/><F107/><T111/><D111/><U94/><E81/><V129/><F129/><T108/><D108/><U80/><E114/><V101/><AGARI ba="1,1" hai="36,43,45,48,51,57,60,66,77,78,79,92,97,101" m="31264" machi="101" ten="30,5900,0" yaku="1,1,0,1,52,1,53,1" doraHai="127" doraHaiUra="61" who="2" fromWho="2" sc="480,-40,220,-21,340,71,0,0" /><INIT seed="1,0,0,2,3,40" ten="440,199,411,0" oya="1" hai0="124,110,74,68,70,47,69,90,94,53,127,80,82" hai1="43,121,77,122,109,126,131,120,37,98,36,41,0" hai2="57,92,96,66,65,106,76,108,85,135,119,116,128" hai3=""/><U134/><N who="1" m="30752" /><U99/><N who="1" m="31008" /><U112/><N who="1" m="31264" /><U52/><E112/><V35/><F108/><T118/><D110/><U130/><E109/><V67/><F35/><T101/><D101/><U91/><E0/><V32/><F32/><T97/><D118/><U81/><E126/><N who="0" m="48169" /><D74/><U113/><E113/><V100/><F128/><N who="1" m="49193" /><E134/><V103/><F135/><T133/><D133/><U79/><E43/><V83/><F57/><T104/><D104/><U123/><N who="1" m="31520" /><U62/><E79/><V55/><F55/><T39/><D39/><N who="1" m="14923" /><E41/><V3/><F3/><T60/><D60/><U50/><E91/><V48/><F116/><T51/><AGARI ba="0,0" hai="47,51,53,68,69,70,80,82,90,94,97" m="48169" machi="51" ten="40,2000,0" yaku="18,1,52,1" doraHai="40" who="0" fromWho="0" sc="440,20,199,-13,411,-7,0,0" /><INIT seed="2,0,0,5,4,98" ten="460,186,404,0" oya="2" hai0="33,72,42,105,39,3,86,49,68,69,1,54,111" hai1="134,61,124,81,65,82,40,109,41,75,74,94,63" hai2="118,130,89,117,77,125,88,60,97,121,90,120,45" hai3=""/><V123/><N who="2" m="30752" /><V76/><N who="2" m="31008" /><V122/><N who="2" m="31264" /><V108/><N who="2" m="31520" /><V51/><F130/><T103/><D33/><U59/><E109/><V36/><F108/><T53/><D72/><U48/><E94/><V106/><F125/><T101/><D105/><U85/><E134/><V57/><F36/><T127/><D39/><U78/><E124/><V66/><F106/><T135/><D127/><U133/><E133/><V2/><F2/><T115/><D135/><U119/><E119/><V107/><F107/><T46/><D111/><U102/><E102/><V92/><F118/><T58/><D115/><U37/><E37/><V87/><F117/><T62/><D3/><U93/><E93/><V80/><F77/><T100/><D1/><U56/><E48/><V95/><F95/><T112/><D112/><U73/><REACH who="1" step="1"/><E82/><REACH who="1" ten="460,176,404,0" step="2"/><V114/><F114/><T70/><REACH who="0" step="1"/><D86/><REACH who="0" ten="450,176,404,0" step="2"/><U128/><E128/><V38/><F38/><T0/><D0/><U84/><E84/><V50/><F50/><T110/><D110/><U129/><E129/><V116/><F116/><T104/><D104/><U35/><E35/><V47/><F51/><T126/><D126/><U91/><E91/><AGARI ba="0,2" hai="45,47,57,60,66,76,80,87,88,89,90,91,92,97" m="31520,31264,31008,30752" machi="91" ten="40,18000,2" yaku="8,1,52,4,54,1" doraHai="98" who="2" fromWho="1" sc="450,0,176,-180,404,200,0,0" owari="450,5.0,-4,-60.0,604,55.0,0,0.0" /></mjloggm>