<mjloggm ver="2.3"><GO type="169" lobby="0"/><UN n0="%67%75%73%68" n1="%E3%81%8B%E3%81%8D%E9%86%A4%E6%B2%B9" n2="%E3%81%9F%E3%81%A1%E3%83%90%E3%83%8A%E3%83%8A%40" n3="%E3%81%AE%E3%81%93%E3%81%8D%E3%81%AE%E3%81%93" dan="16,16,17,16" rate="2119.22,2084.89,2171.84,2133.15" sx="M,M,M,M"/><TAIKYOKU oya="0"/><INIT seed="0,0,0,5,2,125" ten="250,250,250,250" oya="0" hai0="43,106,58,130,23,96,111,60,66,93,65,121,29" hai1="34,113,127,56,92,110,86,116,73,89,79,12,4" hai2="25,44,118,117,47,72,100,99,77,119,104,64,24" hai3="15,133,61,45,50,8,134,52,22,102,16,38,78"/><T122/><D106/><U41/><E116/><V132/><F64/><W69/><G102/><T33/><D33/><U88/><E34/><V1/><F1/><W37/><G78/><T20/><D111/><U120/><E120/><V75/><F132/><N who="3" m="50795" /><G69/><T10/><D43/><U13/><E110/><V28/><F24/><N who="3" m="14407" /><G61/><T70/><D10/><U30/><E30/><V129/><F129/><W3/><G3/><T2/><D2/><U80/><E127/><V21/><REACH who="2" step="1"/><F77/><REACH who="2" ten="250,250,240,250" step="2"/><W105/><G105/><T36/><D130/><U7/><E79/><V135/><F135/><W5/><AGARI ba="0,1" hai="5,8,15,37,38,45,50,52" m="14407,50795" machi="5" ten="30,4000,0" yaku="20,1,54,2" doraHai="125" who="3" fromWho="3" sc="250,-20,250,-10,240,-10,250,50" /><INIT seed="1,0,0,0,2,6" ten="230,240,230,300" oya="1" hai0="98,134,89,75,85,52,33,54,87,16,67,125,115" hai1="42,107,22,103,45,49,114,29,95,121,66,108,46" hai2="92,41,10,12,34,64,3,126,79,119,70,122,71" hai3="132,60,13,76,65,88,117,131,78,73,28,80,55"/><U109/><E121/><V57/><F34/><W83/><G131/><T63/><D115/><U31/><E114/><V23/><F119/><W112/><G132/><T61/><D75/><U26/><E107/><V56/><F122/><W106/><G106/><T99/><D33/><U51/><E66/><V116/><F116/><W84/><G28/><T135/><D67/><U82/><E82/><V130/><F3/><W91/><G55/><T59/><D125/><U17/><E103/><V44/><F70/><W97/><G97/><T20/><D135/><U0/><E95/><V25/><F92/><W96/><G96/><T133/><D133/><U24/><E0/><V118/><F79/><W14/><G112/><T105/><D134/><U72/><E72/><V36/><F126/><W18/><G14/><N who="0" m="9239" /><D105/><U123/><E123/><V101/><F130/><W111/><G111/><N who="1" m="42570" /><E26/><V30/><F118/><W4/><G4/><T15/><D15/><U38/><E38/><V50/><F36/><W9/><REACH who="3" step="1"/><G117/><REACH who="3" ten="230,240,230,290" step="2"/><T7/><D7/><U53/><AGARI ba="0,1" hai="17,22,24,29,31,42,45,46,49,51,53" m="42570" machi="53" ten="30,3000,0" yaku="14,1,10,1" doraHai="6" who="1" fromWho="1" sc="230,-10,240,40,230,-10,290,-10" /><INIT seed="1,1,0,4,4,92" ten="220,280,220,280" oya="1" hai0="75,22,77,103,111,48,117,8,62,51,115,47,9" hai1="107,121,63,85,64,52,108,32,11,58,122,135,4" hai2="101,43,65,82,114,10,130,54,50,26,123,59,78" hai3="37,40,84,110,88,57,14,39,36,104,80,61,67"/><U86/><E32/><V72/><F130/><W35/><G110/><T74/><D111/><U12/><E108/><V5/><F114/><W105/><G35/><T23/><D62/><U45/><E107/><V49/><F123/><W60/><G40/><T7/><D103/><U106/><E106/><V89/><F65/><W38/><N who="3" m="9216" /><DORA hai="128" /><W81/><G81/><T0/><D115/><U112/><E112/><V94/><F101/><W87/><G87/><T71/><D71/><U3/><E3/><V13/><F26/><W98/><G14/><T100/><D100/><U95/><E135/><V18/><F43/><W91/><REACH who="3" step="1"/><G60/><REACH who="3" ten="220,280,220,270" step="2"/><T133/><D77/><U102/><E122/><V44/><F49/><W93/><AGARI ba="1,1" hai="57,61,67,80,84,88,91,93,98,104,105" m="9216" machi="93" ten="60,8000,1" yaku="1,1,2,1,0,1,52,1,54,1,53,0" doraHai="92,128" doraHaiUra="42,119" who="3" fromWho="3" sc="220,-21,280,-41,220,-21,270,93" /><INIT seed="2,0,0,5,2,101" ten="199,239,199,363" oya="2" hai0="135,134,42,21,64,19,115,95,133,32,51,68,128" hai1="16,88,96,65,17,66,49,45,35,73,121,69,34" hai2="108,57,112,89,14,30,29,91,61,9,37,80,11" hai3="20,83,77,72,122,127,103,104,28,76,124,55,111"/><V63/><F37/><W131/><G122/><T62/><D115/><U100/><E73/><V67/><F112/><W109/><G55/><T86/><D32/><U70/><E121/><V82/><F108/><N who="3" m="41547" /><G20/><T26/><D128/><U125/><E125/><N who="3" m="48202" /><G28/><T117/><D117/><U110/><E110/><V113/><F113/><W10/><G10/><T94/><D86/><U44/><E100/><V102/><F102/><W59/><G59/><T74/><D74/><U107/><E96/><V130/><F130/><W87/><G131/><T31/><D31/><U81/><E49/><V118/><F118/><W13/><G13/><T2/><D2/><U52/><E81/><V119/><F119/><W98/><G77/><T97/><D42/><U24/><E24/><V47/><F47/><W1/><G1/><T48/><REACH who="0" step="1"/><D94/><REACH who="0" ten="189,239,199,363" step="2"/><U8/><E35/><V75/><F29/><W56/><G72/><T93/><D93/><U60/><E34/><V54/><F75/><W84/><G87/><T39/><D39/><U43/><E43/><V79/><F30/><W25/><G84/><T5/><D5/><U46/><E17/><V38/><F38/><W12/><G83/><T105/><D105/><U78/><E107/><V116/><F116/><W41/><G41/><T92/><D92/><U4/><E16/><N who="2" m="8271" /><F82/><W33/><G33/><T129/><D129/><U120/><E120/><V132/><F80/><W6/><G6/><T114/><D114/><U58/><E4/><V23/><F79/><W123/><G76/><T106/><D106/><U53/><E78/><V85/><F85/><W3/><G123/><RYUUKYOKU ba="0,1" sc="189,30,239,-10,199,-10,363,-10" hai0="19,21,26,48,51,62,64,68,95,97,133,134,135" /><INIT seed="3,1,1,0,2,32" ten="219,229,189,353" oya="3" hai0="119,117,25,46,104,27,98,45,106,79,17,109,125" hai1="21,20,74,81,83,118,58,22,14,71,41,93,112" hai2="11,99,108,38,6,92,76,72,2,116,84,113,16" hai3="68,73,65,24,23,13,91,53,4,26,40,57,66"/><W122/><G73/><T37/><D79/><U8/><E71/><V96/><F108/><W50/><G122/><T94/><D109/><U114/><E118/><V29/><F113/><W67/><G68/><T3/><D94/><U101/><E74/><V95/><F116/><W107/><G107/><T48/><D48/><U120/><E120/><V100/><F29/><W88/><G40/><T97/><D17/><U36/><E36/><V49/><F72/><W59/><G26/><T34/><D34/><U7/><E41/><V47/><F84/><W75/><G75/><T33/><D33/><U52/><E114/><V39/><F76/><W133/><G133/><T12/><D12/><U42/><E42/><V0/><F16/><N who="3" m="12391" /><G57/><T124/><REACH who="0" step="1"/><D37/><REACH who="0" ten="209,229,189,353" step="2"/><U85/><E112/><V105/><F105/><W70/><G70/><T9/><D9/><AGARI ba="1,2" hai="4,9,13,50,53,59,65,66,67,88,91" m="12391" machi="9" ten="30,5800,0" yaku="8,1,54,2" doraHai="32" who="3" fromWho="0" sc="209,-61,229,0,189,0,353,81" /><INIT seed="3,2,0,5,4,78" ten="148,229,189,434" oya="3" hai0="57,73,20,29,103,125,18,76,26,38,115,91,7" hai1="119,128,52,72,96,14,92,48,27,30,106,5,134" hai2="112,75,1,25,32,36,60,34,130,132,28,33,95" hai3="51,105,77,123,110,87,58,61,127,108,39,8,84"/><W67/><G39/><T124/><D115/><U17/><E128/><V93/><F93/><W80/><G127/><N who="0" m="48715" /><D103/><U94/><E134/><V133/><F95/><W13/><G105/><T15/><D38/><U118/><E5/><V97/><F97/><W85/><G51/><T113/><D113/><U31/><E72/><V23/><F60/><W41/><G41/><T2/><D91/><U12/><E106/><V0/><F75/><W4/><REACH who="3" step="1"/><G123/><REACH who="3" ten="148,229,189,424" step="2"/><T19/><D57/><U49/><E49/><V65/><F36/><W63/><G63/><T69/><D69/><U68/><E48/><V135/><F112/><W82/><G82/><N who="0" m="45327" /><D2/><U21/><E68/><V111/><F0/><W64/><G64/><T45/><D45/><U37/><E37/><V22/><F65/><W121/><G121/><T79/><D79/><U11/><E52/><V62/><F62/><W131/><G131/><T71/><D71/><U70/><E70/><V47/><F47/><W116/><G116/><T83/><D83/><U98/><E119/><V59/><F130/><W66/><G66/><T35/><D7/><U81/><E81/><V104/><F1/><W100/><G100/><T117/><D117/><U42/><E118/><V101/><F101/><W10/><G10/><T50/><D50/><U44/><E11/><V120/><F120/><W129/><G129/><T90/><D90/><N who="1" m="55319" /><E44/><V109/><F104/><W40/><G40/><T55/><D55/><U86/><E42/><V89/><F89/><W102/><G102/><T24/><D18/><U53/><E53/><V122/><F122/><W9/><G9/><RYUUKYOKU ba="2,1" sc="148,15,229,-15,189,-15,424,15" hai0="15,19,20,24,26,29,35" hai3="4,8,13,58,61,67,77,80,84,85,87,108,110" /><INIT seed="3,3,1,5,4,92" ten="163,214,174,439" oya="3" hai0="88,114,65,131,101,52,91,73,68,43,83,96,48" hai1="123,116,64,5,76,51,105,86,29,20,31,107,104" hai2="47,19,125,117,94,100,4,23,40,67,82,127,130" hai3="28,0,85,42,15,74,41,77,135,33,93,70,57"/><W25/><G70/><T6/><D43/><U8/><E123/><V81/><F67/><W44/><G0/><T98/><D6/><U39/><E39/><V35/><F4/><W59/><G42/><T133/><D131/><U122/><E122/><V27/><F117/><W24/><G74/><T75/><D133/><U118/><E64/><V12/><F130/><W55/><G135/><T1/><D1/><U61/><E61/><V129/><F129/><W90/><G77/><T103/><D65/><U18/><E51/><N who="2" m="27111" /><F100/><W72/><G72/><T89/><D68/><U17/><E76/><V126/><F94/><W36/><G15/><T119/><D119/><N who="1" m="45611" /><E86/><V106/><F106/><W10/><G10/><T99/><D114/><U34/><E34/><V30/><AGARI ba="3,1" hai="12,19,23,27,30,35,81,82,125,126,127" m="27111" machi="30" ten="40,1500,0" yaku="18,1" doraHai="92" who="2" fromWho="2" sc="163,-7,214,-7,174,34,439,-10" /><INIT seed="4,0,0,1,5,78" ten="156,207,208,429" oya="0" hai0="82,69,56,73,35,109,110,49,70,31,29,17,118" hai1="65,44,128,86,133,58,5,80,46,95,10,0,21" hai2="53,99,27,23,96,43,57,91,119,1,54,61,74" hai3="104,20,6,39,59,32,105,64,24,55,84,16,77"/><T13/><D118/><U25/><E128/><V72/><F1/><W103/><G39/><T123/><D123/><U3/><E3/><V108/><F108/><N who="0" m="41578" /><D35/><U51/><E95/><V4/><F4/><W75/><G75/><BYE who="3" /><T81/><D73/><U37/><E37/><V76/><F119/><W135/><G135/><T100/><D100/><U66/><E133/><V60/><F43/><W113/><G113/><T48/><D29/><U121/><E121/><V9/><F9/><W19/><G19/><T88/><D31/><U47/><E51/><N who="0" m="19529" /><D56/><U2/><E2/><V94/><F96/><W71/><G71/><N who="0" m="27147" /><D88/><U115/><E58/><N who="2" m="34895" /><F76/><W107/><G107/><T106/><D106/><U87/><E47/><UN n3="%E3%81%AE%E3%81%93%E3%81%8D%E3%81%AE%E3%81%93" /><V127/><F72/><W124/><G104/><T26/><D26/><U85/><E46/><V67/><F74/><W14/><G32/><T111/><N who="0" m="41586" /><T50/><N who="0" m="19537" /><DORA hai="98" /><T7/><DORA hai="120" /><D7/><U114/><E44/><V83/><F27/><W134/><G6/><T130/><D130/><U41/><E5/><V63/><F57/><W18/><G105/><T28/><D28/><U15/><E0/><V132/><F132/><W112/><G59/><T22/><AGARI ba="0,0" hai="13,17,22,81,82" m="27147,19537,41586" machi="22" ten="50,18000,2" yaku="10,1,52,6" doraHai="78,98,120" who="0" fromWho="0" sc="156,180,207,-60,208,-60,429,-60" /><INIT seed="4,1,0,0,5,72" ten="336,147,148,369" oya="0" hai0="90,86,125,132,93,124,109,110,55,84,130,24,7" hai1="114,88,94,15,103,8,6,123,27,87,56,38,117" hai2="50,119,63,0,59,47,23,128,105,4,108,30,98" hai3="126,43,37,40,5,25,41,71,69,19,64,129,2"/><T121/><D7/><U66/><E123/><V65/><F128/><W1/><G129/><T120/><D24/><U127/><E117/><V21/><F108/><N who="0" m="41578" /><D55/><U18/><E38/><V112/><F112/><W16/><G37/><T81/><D130/><U13/><E127/><N who="0" m="48713" /><D132/><U131/><E131/><V101/><F119/><W44/><G126/><T34/><D34/><U28/><E114/><V35/><F0/><N who="3" m="107" /><G25/><T52/><D52/><U85/><E66/><V135/><F4/><W76/><G5/><T100/><D100/><U116/><E116/><V104/><F135/><W68/><G44/><T111/><N who="0" m="41586" /><T10/><DORA hai="42" /><D10/><U96/><E103/><V60/><F60/><W106/><G106/><T95/><D95/><U49/><E49/><V48/><F48/><W74/><G64/><T58/><D58/><U134/><E56/><V99/><F35/><W33/><G33/><T91/><AGARI ba="1,0" hai="81,84,86,90,91,93,120,121" m="48713,41586" machi="91" ten="50,12000,1" yaku="10,1,18,1,34,2" doraHai="72,42" who="0" fromWho="0" sc="336,123,147,-41,148,-41,369,-41" /><INIT seed="4,2,0,0,2,63" ten="459,106,107,328" oya="0" hai0="28,84,55,0,108,14,105,79,71,15,126,119,6" hai1="60,3,121,125,20,27,97,130,23,135,75,10,85" hai2="42,56,32,19,73,18,16,127,113,13,124,82,62" hai3="111,4,107,112,116,81,98,95,120,47,103,11,2"/><T38/><D119/><U80/><E121/><V99/><F32/><W46/><G116/><T40/><D105/><U132/><E75/><V133/><F42/><W102/><G111/><T17/><D108/><U90/><E125/><N who="2" m="48203" /><F99/><W50/><G120/><T87/><D126/><U29/><E130/><V53/><F113/><W104/><G47/><T54/><D71/><U25/><E97/><V117/><F133/><N who="1" m="51273" /><E60/><V48/><F117/><W26/><G102/><T33/><D14/><U68/><E68/><V91/><F48/><W86/><G26/><T37/><D40/><U61/><E61/><V59/><F59/><W88/><REACH who="3" step="1"/><G112/><REACH who="3" ten="459,106,107,318" step="2"/><T12/><D37/><U70/><E27/><V122/><F122/><W78/><G78/><T115/><D38/><U69/><E25/><V1/><F91/><W101/><G101/><T92/><D79/><U52/><E90/><V109/><F109/><W49/><G49/><T8/><D115/><U57/><E70/><V58/><F58/><W7/><G7/><T22/><D6/><U24/><E69/><V34/><F34/><W96/><G96/><T77/><D77/><U39/><E39/><V72/><F72/><W41/><AGARI ba="2,1" hai="2,4,11,41,46,50,81,86,88,95,98,103,104,107" machi="41" ten="20,8000,1" yaku="1,1,0,1,7,1,54,1,53,1" doraHai="63" doraHaiUra="83" who="3" fromWho="3" sc="459,-42,106,-22,107,-22,318,96" /><INIT seed="5,0,0,4,1,129" ten="417,84,85,414" oya="1" hai0="114,131,18,87,3,75,45,63,7,94,30,52,55" hai1="15,99,69,47,10,98,22,20,76,11,36,44,91" hai2="101,66,102,28,74,32,116,34,90,109,19,124,59" hai3="88,72,135,24,92,82,123,51,113,111,115,107,37"/><U84/><E69/><V95/><F90/><W132/><G37/><T54/><D75/><U86/><E36/><V119/><F59/><W104/><G123/><T8/><D131/><U125/><E125/><V81/><F95/><W21/><G111/><T33/><D114/><N who="3" m="43529" /><G51/><T5/><D5/><U133/><E91/><V41/><F19/><N who="3" m="12351" /><G82/><T112/><D112/><U65/><E65/><V31/><F66/><W12/><G12/><T126/><D126/><U35/><E15/><V40/><F81/><W6/><G6/><T14/><D94/><U16/><E35/><V134/><F74/><W79/><G79/><T127/><D127/><U39/><E39/><V121/><F124/><W100/><G100/><T71/><D87/><U13/><E13/><V108/><F121/><W93/><G93/><T53/><D45/><U58/><E76/><V62/><F62/><W122/><G72/><T77/><D77/><U110/><E110/><V118/><F118/><W67/><G67/><T56/><D71/><U89/><E89/><V106/><F106/><N who="3" m="40491" /><G122/><T117/><D117/><U57/><E16/><V61/><F61/><W38/><G38/><T42/><D42/><U46/><E47/><V60/><F60/><W50/><G50/><T48/><D48/><U130/><E130/><V2/><F2/><W26/><G26/><T120/><D120/><U85/><E85/><AGARI ba="0,0" hai="85,88,92,132,135" m="40491,12351,43529" machi="85" ten="30,7700,0" yaku="15,1,52,2,54,1" doraHai="129" who="3" fromWho="1" sc="417,0,84,-77,85,0,414,77" /><INIT seed="6,0,0,1,3,73" ten="417,7,85,491" oya="2" hai0="33,130,78,109,2,0,112,55,88,34,5,69,110" hai1="12,42,28,122,27,14,134,95,64,91,56,70,125" hai2="132,3,7,75,98,121,74,60,39,48,83,23,135" hai3="124,108,100,6,1,8,10,80,41,63,20,133,96"/><V35/><F23/><W101/><G108/><T81/><D69/><U128/><E70/><V24/><F48/><W16/><G133/><T13/><D112/><U90/><E134/><V76/><F74/><W18/><G124/><T49/><D13/><U79/><E125/><V37/><F60/><W127/><G41/><T126/><D126/><U61/><E128/><V87/><F87/><W40/><G40/><T93/><D130/><U97/><E122/><V85/><F85/><W25/><G101/><T46/><D110/><U53/><E42/><V116/><F98/><W51/><G51/><T21/><D21/><U118/><E118/><V43/><F116/><W11/><G80/><T19/><D19/><U17/><E79/><V32/><F121/><W26/><G63/><T104/><D104/><U57/><E90/><V89/><F89/><W44/><G44/><T99/><D109/><U84/><E84/><V72/><F72/><W66/><G66/><T94/><D94/><U107/><E107/><V106/><F106/><W111/><G111/><T50/><D50/><U113/><E113/><V129/><F129/><W82/><G82/><T123/><D123/><U47/><E47/><N who="2" m="24047" /><F39/><W31/><G127/><T67/><D67/><U102/><E91/><V9/><F32/><W4/><G1/><T92/><D92/><U77/><E17/><V68/><F68/><W45/><G45/><T114/><D114/><U65/><E77/><V36/><F36/><W105/><G18/><T62/><D62/><N who="1" m="36111" /><E65/><V71/><F71/><W52/><G16/><T131/><D131/><U38/><E38/><RYUUKYOKU ba="0,0" sc="417,-15,7,15,85,15,491,-15" hai1="12,14,27,28,57,61,64,95,97,102" hai2="3,7,9,24,35,75,76,83,132,135" /><INIT seed="6,1,0,0,4,56" ten="402,22,100,476" oya="2" hai0="38,122,85,55,87,71,103,46,127,78,1,113,22" hai1="2,16,13,108,24,79,65,44,20,63,61,112,129" hai2="128,36,135,23,100,119,39,42,75,5,118,110,18" hai3="81,116,114,134,97,8,59,7,28,35,120,86,83"/><V4/><F100/><W70/><G70/><T76/><D122/><U69/><E2/><V95/><F95/><W62/><G116/><T84/><D1/><U104/><E108/><V19/><F23/><W106/><G120/><T66/><D103/><U58/><E104/><V3/><F75/><W72/><G134/><T125/><D113/><U130/><E112/><V68/><F42/><W49/><G106/><T96/><D96/><U41/><E79/><V89/><F89/><W93/><G72/><T45/><D38/><U32/><E32/><V111/><F68/><W77/><G83/><T101/><D101/><U15/><E44/><V12/><F3/><W25/><G49/><T107/><D107/><U26/><E41/><V82/><F82/><W30/><G30/><T21/><D66/><U117/><E117/><V53/><F53/><W43/><G43/><T33/><D71/><U0/><E0/><V67/><F67/><W6/><G8/><T51/><D33/><U115/><E115/><V52/><F52/><W91/><G114/><T105/><D105/><U94/><E94/><V123/><F110/><W11/><G11/><T34/><D34/><U131/><E26/><V132/><F111/><W99/><G97/><T50/><D85/><U88/><E88/><V102/><F102/><W92/><G93/><T40/><D40/><U133/><E133/><V29/><F123/><W17/><G17/><T126/><D125/><U37/><E37/><V48/><F119/><W64/><AGARI ba="1,0" hai="6,7,25,28,35,59,62,64,77,81,86,91,92,99" machi="64" ten="20,2700,0" yaku="0,1,7,1,52,1" doraHai="56" who="3" fromWho="3" sc="402,-8,22,-8,100,-14,476,30" /><INIT seed="7,0,0,3,1,61" ten="394,14,86,506" oya="3" hai0="42,54,62,107,7,25,124,132,29,131,100,43,55" hai1="38,92,18,65,56,23,108,2,83,8,125,76,94" hai2="77,35,118,96,67,5,41,64,123,28,113,103,126" hai3="104,15,4,79,13,36,105,99,47,31,26,95,16"/><W34/><G79/><T82/><D124/><U128/><E38/><V71/><F71/><W78/><G78/><T39/><D131/><U101/><E108/><V115/><F77/><W11/><G47/><T75/><D132/><U37/><E37/><V127/><F41/><W6/><G36/><T73/><D39/><U68/><E68/><V24/><F5/><W1/><G13/><T59/><D7/><U48/><E125/><N who="2" m="47627" /><F118/><W80/><G80/><T98/><D82/><U69/><E128/><V30/><F30/><W134/><G6/><T27/><D27/><U44/><E69/><V89/><F89/><W129/><G134/><T10/><D10/><U66/><E56/><V19/><F19/><W91/><G129/><T85/><D85/><U72/><E8/><AGARI ba="0,0" hai="1,4,8,11,15,16,26,31,34,91,95,99,104,105" machi="8" ten="30,2900,0" yaku="7,1,54,1" doraHai="61" who="3" fromWho="1" sc="394,0,14,-29,86,0,506,29" owari="394,19.0,-15,-52.0,86,-31.0,535,64.0" /></mjloggm>