<mjloggm ver="2.3"><GO type="169" lobby="0"/><UN n0="%E5%A4%95%E5%87%AA" n1="%73%68%6F%35%35%35%35%35" n2="%E3%82%B4%E3%83%83%E3%82%B5%E3%83%A0" n3="%52%45%49%4E%E6%A3%AE%E4%B9%85%E4%BF%9D%50" dan="18,16,16,16" rate="2208.60,2114.48,2059.38,2150.03" sx="M,M,M,M"/><TAIKYOKU oya="0"/><INIT seed="0,0,0,1,1,95" ten="250,250,250,250" oya="0" hai0="130,117,26,70,58,118,55,101,64,59,109,24,83" hai1="19,110,84,76,132,89,62,15,92,16,107,31,52" hai2="77,119,71,21,49,80,1,111,106,125,61,37,27" hai3="25,135,72,23,66,113,81,123,50,93,94,131,40"/><T8/><D70/><U127/><E132/><V121/><F37/><W22/><G135/><T82/><D8/><U100/><E127/><V133/><F121/><W122/><G113/><T87/><D130/><U43/><E43/><V9/><F133/><W90/><G131/><T20/><D109/><U75/><E31/><V96/><F49/><W124/><G124/><T34/><D34/><U98/><E110/><V99/><F106/><W65/><G50/><T13/><D13/><U56/><E15/><V73/><F119/><W120/><G40/><T88/><D101/><U0/><E0/><V17/><F125/><W29/><G94/><N who="0" m="54559" /><D26/><U11/><REACH who="1" step="1"/><E11/><REACH who="1" ten="250,240,250,250" step="2"/><V30/><F111/><W91/><G23/><T32/><D32/><U126/><E126/><V14/><REACH who="2" step="1"/><F1/><REACH who="2" ten="250,240,240,250" step="2"/><W104/><G104/><T10/><D118/><U114/><E114/><V57/><F57/><W39/><G39/><T7/><D59/><U116/><E116/><V54/><F54/><W128/><G128/><T68/><D58/><U28/><E28/><V6/><F6/><W86/><REACH who="3" step="1"/><G72/><REACH who="3" ten="250,240,240,240" step="2"/><T38/><D38/><U51/><E51/><V112/><F112/><W63/><G63/><T97/><D117/><U103/><E103/><V48/><F48/><W5/><G5/><T3/><D7/><U33/><E33/><V105/><F105/><W41/><G41/><T79/><D3/><U46/><E46/><V42/><F42/><W134/><G134/><T74/><D74/><U69/><E69/><V35/><F35/><W67/><G67/><AGARI ba="0,3" hai="9,14,17,21,27,30,61,67,71,73,77,80,96,99" machi="67" ten="40,5200,0" yaku="1,1,52,2,53,0" doraHai="95" doraHaiUra="115" who="2" fromWho="3" sc="250,0,240,0,240,82,240,-52" /><INIT seed="1,0,0,3,3,84" ten="250,240,322,188" oya="1" hai0="2,21,75,50,13,128,59,56,98,69,135,37,18" hai1="93,58,64,52,43,10,76,106,71,73,60,77,85" hai2="120,46,108,33,12,89,127,63,107,57,86,82,124" hai3="126,70,62,27,6,121,94,125,122,100,81,90,45"/><U115/><E115/><V132/><F120/><N who="3" m="46187" /><G6/><T19/><D37/><U74/><E106/><V67/><F108/><W101/><G27/><T91/><D69/><U32/><E32/><V51/><F132/><W83/><G45/><T123/><D75/><U40/><E74/><V133/><F133/><W109/><G62/><T0/><D135/><U130/><E73/><V54/><F107/><W117/><G70/><T87/><D98/><U7/><E130/><V22/><F33/><W110/><G117/><T23/><D128/><U129/><E129/><V131/><F131/><W72/><G100/><T61/><D123/><U35/><E35/><V5/><REACH who="2" step="1"/><F22/><REACH who="2" ten="250,240,312,188" step="2"/><W38/><G101/><T113/><D113/><U102/><E102/><V112/><F112/><W31/><G31/><T9/><D23/><U44/><E40/><V16/><F16/><W41/><G41/><T65/><D19/><U103/><E103/><V88/><F88/><W114/><G114/><T78/><D91/><N who="1" m="53487" /><E43/><V119/><F119/><W116/><G38/><T99/><D21/><U111/><E111/><N who="3" m="42506" /><G116/><T95/><D18/><U8/><E7/><V118/><F118/><W29/><G29/><T14/><D0/><U96/><E76/><V39/><F39/><W24/><G24/><T34/><D78/><U55/><E77/><V15/><F15/><W26/><G26/><T53/><D34/><U20/><E20/><V36/><F36/><W92/><G72/><T79/><D2/><U1/><E1/><V4/><F4/><W3/><G3/><T11/><D14/><U134/><E134/><V105/><F105/><RYUUKYOKU ba="0,1" sc="250,-10,240,-10,312,30,188,-10" hai2="5,12,46,51,54,57,63,67,82,86,89,124,127" /><INIT seed="2,1,1,2,4,37" ten="240,230,342,178" oya="2" hai0="77,18,118,107,101,27,83,43,39,31,20,9,135" hai1="61,45,40,30,46,119,80,99,63,55,132,59,125" hai2="126,35,36,32,12,47,109,131,75,128,74,57,4" hai3="103,24,130,28,73,108,111,54,116,21,11,3,102"/><V91/><F126/><W25/><G116/><T41/><D118/><U14/><E119/><V93/><F4/><N who="3" m="1439" /><G73/><N who="2" m="27657" /><F12/><W117/><G117/><T16/><D39/><U95/><E125/><V89/><F57/><W34/><G54/><T10/><D135/><U104/><E104/><V64/><F64/><W49/><G49/><T56/><D101/><U113/><E132/><V8/><F8/><N who="0" m="3178" /><D107/><U85/><E14/><V15/><F15/><W70/><G70/><T124/><D124/><U86/><E30/><V22/><F22/><W38/><G38/><T78/><D56/><U87/><E46/><V33/><F93/><W120/><G130/><N who="2" m="49705" /><F109/><N who="3" m="42059" /><G120/><T121/><D121/><U17/><E63/><V72/><N who="2" m="27665" /><V94/><DORA hai="81" /><F94/><W123/><G123/><T114/><D114/><U53/><E113/><V84/><F84/><W98/><G98/><T92/><D92/><U66/><E17/><AGARI ba="1,1" hai="17,21,24,25,28,34,102,103" m="42059,1439" machi="17" ten="30,1000,0" yaku="14,1" doraHai="37,81" who="3" fromWho="1" sc="240,0,230,-13,342,0,178,23" /><INIT seed="3,0,0,4,5,94" ten="240,217,342,201" oya="3" hai0="81,114,124,128,109,59,129,95,91,10,18,22,37" hai1="123,70,103,80,39,97,20,68,12,102,99,17,60" hai2="110,58,48,34,135,67,7,134,75,66,53,0,44" hai3="32,130,72,62,93,23,83,26,4,90,30,6,111"/><W126/><G130/><T5/><D37/><U133/><E39/><V106/><F75/><W24/><G126/><T122/><D122/><U40/><E40/><V120/><F34/><W74/><G111/><T42/><D42/><U38/><E38/><V112/><F112/><W88/><G62/><T41/><D41/><U1/><E123/><V82/><F120/><W132/><G132/><N who="2" m="50729" /><F106/><W19/><G90/><T73/><D114/><U116/><E133/><V89/><F44/><W16/><G19/><T52/><D73/><U31/><E1/><V29/><F29/><W84/><REACH who="3" step="1"/><G74/><REACH who="3" ten="240,217,342,191" step="2"/><T9/><D124/><U63/><E70/><V2/><F110/><W54/><G54/><T76/><D52/><U113/><E68/><V43/><F43/><W121/><G121/><T98/><D109/><U100/><E113/><V107/><F89/><W14/><G14/><T101/><D91/><U27/><E116/><V13/><F13/><W35/><G35/><T69/><D69/><U118/><E118/><V71/><F0/><W51/><G51/><T96/><D129/><U8/><E80/><V47/><F82/><W85/><G85/><T33/><D33/><U25/><E27/><V108/><F108/><W56/><G56/><T87/><D59/><U3/><E3/><V55/><F71/><W105/><G105/><T61/><D128/><U86/><E86/><V49/><F107/><W92/><G92/><N who="0" m="58503" /><D87/><U57/><E63/><V104/><F104/><W131/><G131/><T46/><D61/><U11/><E60/><V119/><F119/><W45/><G45/><T64/><D46/><RYUUKYOKU ba="0,1" sc="240,-15,217,-15,342,15,191,15" hai2="2,7,47,48,49,53,55,58,66,67" hai3="4,6,16,23,24,26,30,32,72,83,84,88,93" /><INIT seed="3,1,1,4,3,0" ten="225,202,357,206" oya="3" hai0="99,1,73,61,133,46,101,55,65,124,119,92,74" hai1="84,39,4,118,111,121,79,33,35,29,132,98,100" hai2="117,105,57,31,13,37,85,10,64,48,114,62,51" hai3="88,113,8,44,32,131,70,107,49,30,81,47,126"/><W52/><G70/><T80/><D119/><U63/><E121/><V59/><F117/><W106/><G113/><T128/><D128/><U130/><E39/><V103/><F37/><W82/><G126/><T66/><D1/><U2/><E118/><V110/><F114/><W129/><G30/><T122/><BYE who="3" /><D122/><UN n3="%52%45%49%4E%E6%A3%AE%E4%B9%85%E4%BF%9D%50" /><U36/><E36/><V86/><F110/><W97/><G32/><T72/><D133/><U38/><E38/><V5/><F31/><W56/><G107/><T15/><D124/><U67/><E29/><V20/><F20/><W123/><G123/><T27/><D27/><U45/><E45/><N who="3" m="17482" /><G106/><T14/><D80/><U12/><E2/><V41/><F103/><W60/><G60/><T75/><D75/><U91/><E79/><V21/><F105/><W50/><G50/><N who="2" m="18985" /><F41/><W6/><G131/><T71/><D66/><U96/><E130/><V58/><F21/><W115/><G115/><T16/><D46/><U68/><E35/><V25/><F25/><W17/><G6/><T94/><D74/><U23/><E33/><V112/><F112/><W116/><G116/><T22/><D73/><U40/><E40/><V76/><F76/><W53/><G53/><T54/><D72/><U90/><E68/><V102/><F62/><W69/><G69/><T26/><D55/><U127/><E63/><V125/><F125/><W109/><G109/><T28/><D54/><U11/><E111/><V104/><F64/><W134/><G134/><T93/><D28/><U7/><E132/><V3/><F3/><W9/><G129/><T87/><D87/><U18/><E127/><RYUUKYOKU ba="1,1" sc="225,15,202,-15,357,15,206,-15" hai0="14,15,16,22,26,61,65,71,92,93,94,99,101" hai2="5,10,13,57,58,59,85,86,102,104" /><INIT seed="4,2,1,5,1,133" ten="240,187,372,191" oya="0" hai0="68,19,84,55,135,40,111,62,13,8,118,14,49" hai1="95,31,11,22,9,74,92,4,72,25,5,102,38" hai2="21,2,117,20,0,58,80,28,67,45,81,104,39" hai3="88,73,76,105,101,42,3,6,108,91,94,23,115"/><T82/><D118/><U56/><E38/><V63/><F104/><W16/><G108/><T75/><D135/><U119/><E119/><V123/><F123/><W97/><G115/><T32/><D32/><U43/><E43/><V15/><F21/><W116/><G116/><T77/><D111/><U50/><E102/><V112/><F117/><W122/><G122/><T59/><D75/><U131/><E131/><V127/><F80/><W53/><G42/><T78/><D68/><U85/><E74/><V37/><F45/><W100/><G53/><T7/><D77/><U79/><E72/><V64/><F81/><W93/><G76/><T24/><D24/><U125/><E79/><V134/><F20/><W60/><G105/><T61/><D40/><U128/><E85/><V46/><F46/><W96/><G73/><T106/><D106/><U27/><E22/><AGARI ba="2,1" hai="7,8,13,14,19,22,49,55,59,61,62,78,82,84" machi="22" ten="30,2900,0" yaku="7,1,8,1" doraHai="133" who="0" fromWho="1" sc="240,45,187,-35,372,0,191,0" /><INIT seed="4,3,0,4,1,21" ten="285,152,372,191" oya="0" hai0="22,18,0,4,39,25,2,94,55,124,19,75,111" hai1="76,114,15,115,102,106,123,121,87,70,8,6,26" hai2="52,113,1,38,126,3,116,90,9,119,86,112,10" hai3="128,48,73,130,92,20,45,37,91,36,5,53,89"/><T96/><D75/><U118/><E70/><V30/><F38/><W41/><G73/><T120/><D120/><U132/><E106/><V31/><F86/><W117/><G5/><T16/><D39/><U78/><E102/><V129/><F90/><W29/><G117/><N who="2" m="45129" /><F52/><W93/><G29/><N who="2" m="10761" /><F126/><W59/><G20/><T58/><D111/><U103/><E103/><V88/><F88/><W28/><G28/><N who="0" m="17463" /><D0/><N who="2" m="74" /><F129/><W108/><G108/><T57/><D2/><U71/><E118/><V12/><F9/><W125/><G125/><T27/><D124/><U51/><E71/><V69/><F69/><W77/><G77/><T85/><D85/><U23/><E51/><V46/><F46/><W61/><G37/><T74/><D58/><U135/><E87/><V40/><F40/><W110/><G110/><T7/><D94/><U104/><E104/><V68/><F68/><W35/><G36/><T67/><D67/><U17/><E78/><V84/><F84/><W107/><G107/><T105/><D96/><U44/><E44/><V127/><F127/><W101/><G91/><T42/><D42/><U134/><E76/><V14/><F14/><W13/><G93/><T34/><D74/><U54/><E54/><V50/><F50/><W95/><G13/><T79/><D79/><U83/><E83/><V131/><F131/><N who="3" m="50219" /><G101/><T56/><D105/><U82/><E82/><V81/><F81/><W33/><G95/><T60/><D57/><U32/><E32/><V72/><F72/><W66/><G41/><T80/><D80/><U133/><N who="1" m="33792" /><DORA hai="24" /><U64/><E64/><V98/><F98/><AGARI ba="3,0" hai="33,35,45,48,53,59,61,66,89,92,98" m="50219" machi="98" ten="30,2000,0" yaku="6,1,19,1" doraHai="21,24" who="3" fromWho="2" sc="285,0,152,0,372,-29,191,29" /><INIT seed="5,0,0,3,5,5" ten="285,152,343,220" oya="1" hai0="48,67,14,68,133,54,3,55,16,115,102,41,131" hai1="81,111,39,95,118,21,135,34,22,116,61,91,121" hai2="59,98,40,94,110,113,69,9,86,4,29,73,101" hai3="79,90,10,83,122,37,13,100,87,53,60,52,19"/><U43/><E121/><V78/><F69/><W124/><G37/><T106/><D3/><U27/><E34/><V42/><F110/><W70/><G122/><T38/><D131/><U36/><E111/><V96/><F29/><W89/><G124/><T104/><D55/><U132/><E81/><N who="2" m="47415" /><F73/><W65/><G100/><T28/><D28/><U99/><E61/><V109/><F109/><W18/><G18/><T129/><D133/><N who="1" m="51275" /><E21/><V1/><F1/><W107/><G107/><T15/><D115/><U50/><E50/><V44/><F44/><W62/><G62/><T125/><D48/><U119/><E43/><V51/><F98/><W126/><G126/><T8/><D38/><U31/><AGARI ba="0,0" hai="22,27,31,36,39,91,95,99,116,118,119" m="51275" machi="31" ten="40,2100,0" yaku="20,1" doraHai="5" who="1" fromWho="1" sc="285,-7,152,21,343,-7,220,-7" /><INIT seed="5,1,0,3,1,128" ten="278,173,336,213" oya="1" hai0="34,69,6,63,51,109,83,115,131,3,21,111,71" hai1="135,93,24,118,101,20,5,75,58,112,123,66,2" hai2="54,82,60,89,28,64,43,78,14,106,98,23,40" hai3="96,22,81,74,33,116,85,103,35,8,38,77,104"/><U18/><E123/><V61/><F61/><W45/><G116/><T97/><D131/><U88/><E118/><V65/><F65/><W9/><G22/><T41/><D115/><U73/><E112/><V39/><F39/><W15/><G9/><T25/><D83/><U91/><E101/><V36/><F36/><W86/><G86/><T130/><D97/><U46/><E91/><V105/><F105/><W100/><G100/><T94/><D63/><U53/><E66/><V31/><F54/><W29/><G29/><T80/><D80/><U52/><E5/><V124/><F31/><W49/><G38/><T13/><D94/><U59/><E2/><V50/><F50/><W47/><G74/><T129/><D51/><N who="1" m="31007" /><E46/><V44/><F44/><W120/><G47/><T1/><D1/><U10/><E10/><V4/><F4/><W12/><G12/><T133/><D3/><U67/><E67/><V114/><F14/><W122/><G122/><T37/><D6/><U72/><E59/><V110/><F89/><W30/><G30/><T0/><D0/><U92/><E53/><V127/><F28/><W87/><G87/><T70/><D130/><U68/><E68/><V57/><F114/><W117/><G117/><T27/><D70/><U108/><E108/><V126/><F110/><W84/><G84/><T17/><D71/><U125/><E125/><V99/><F106/><W134/><G120/><T48/><D129/><U11/><E11/><V56/><F127/><W132/><G35/><T119/><D111/><U7/><E7/><V95/><F126/><W32/><G33/><RYUUKYOKU ba="1,0" sc="278,0,173,0,336,0,213,0" /><INIT seed="6,2,0,5,3,116" ten="278,173,336,213" oya="2" hai0="19,34,23,26,61,48,90,38,20,22,37,101,130" hai1="93,100,70,40,42,60,52,72,67,95,75,104,119" hai2="80,81,46,117,9,131,96,105,54,78,1,62,121" hai3="66,18,133,32,132,87,65,76,14,15,122,6,27"/><V135/><F117/><W110/><G110/><T123/><D101/><U13/><E119/><V124/><F121/><W112/><G122/><T36/><D61/><U109/><E109/><V94/><F105/><W33/><G87/><T58/><D130/><U71/><E104/><V115/><F124/><W7/><G76/><T53/><D123/><U59/><E13/><N who="3" m="4618" /><G65/><T79/><D34/><N who="3" m="13417" /><G66/><T10/><D79/><U49/><E71/><V134/><F62/><W128/><G128/><T29/><D90/><U108/><E108/><V25/><F46/><W35/><N who="3" m="13425" /><W118/><DORA hai="41" /><G112/><T3/><D19/><U99/><E40/><V98/><F115/><W0/><G118/><T89/><D89/><U82/><E82/><V83/><F80/><W114/><G114/><T86/><D86/><U12/><E12/><V24/><F81/><W126/><G126/><T97/><D97/><U43/><E43/><V113/><F83/><W125/><G125/><T51/><D51/><U111/><E111/><V50/><F98/><W92/><G92/><T84/><D84/><U102/><E42/><V127/><F94/><W63/><G63/><T31/><D31/><U56/><E70/><V8/><F127/><W74/><G74/><T69/><D69/><U85/><E85/><V2/><F96/><AGARI ba="2,0" hai="49,52,56,59,60,67,72,75,93,95,96,99,100,102" machi="96" ten="40,2600,0" yaku="9,1,54,1" doraHai="116,41" who="1" fromWho="2" sc="278,0,173,32,336,-32,213,0" /><INIT seed="7,0,0,0,4,54" ten="278,205,304,213" oya="3" hai0="45,57,75,118,114,6,2,13,84,126,51,23,29" hai1="133,71,62,129,66,37,106,19,59,18,92,116,135" hai2="47,73,16,33,65,67,0,125,44,60,56,70,3" hai3="134,131,128,14,48,107,30,11,82,98,26,46,69"/><W78/><G69/><T123/><D123/><U76/><E106/><V21/><F33/><W105/><G98/><T32/><D75/><U80/><E37/><V40/><F47/><W130/><G134/><N who="1" m="51210" /><E116/><V24/><F73/><N who="3" m="43343" /><G26/><N who="0" m="16607" /><D2/><U77/><E77/><V42/><F42/><N who="3" m="24663" /><G30/><T111/><D32/><U43/><E43/><V90/><F90/><W35/><G35/><T86/><D86/><N who="1" m="48391" /><E129/><N who="3" m="33026" /><W127/><DORA hai="79" /><G127/><T89/><D84/><U104/><E104/><V49/><F125/><W120/><G120/><T97/><D97/><U85/><E71/><V72/><F72/><W31/><G31/><T96/><D96/><U109/><E109/><V95/><F95/><W15/><G15/><T63/><D13/><U103/><E103/><V117/><F117/><W68/><G68/><T94/><D94/><U100/><E100/><V36/><F0/><W99/><G99/><T7/><D118/><U110/><E110/><V25/><F25/><W119/><G119/><T1/><D1/><U124/><E124/><V28/><F3/><W34/><G34/><T132/><D111/><U50/><E92/><V93/><F93/><W53/><G53/><N who="0" m="34223" /><D132/><U122/><E122/><V5/><F5/><BYE who="2" /><AGARI ba="0,0" hai="5,11,14,105,107" m="33026,24663,43343" machi="5" ten="40,3900,0" yaku="19,1,52,1" doraHai="54,79" who="3" fromWho="2" sc="278,0,205,0,304,-39,213,39" /><UN n2="%E3%82%B4%E3%83%83%E3%82%B5%E3%83%A0" /><INIT seed="7,1,0,0,1,89" ten="278,205,265,252" oya="3" hai0="128,4,94,75,50,53,103,111,113,24,118,104,95" hai1="8,120,134,123,78,85,105,19,99,107,87,124,129" hai2="2,9,15,59,16,31,132,84,115,65,122,73,97" hai3="37,117,60,108,34,133,47,14,125,21,114,40,96"/><W45/><G117/><T44/><D118/><U72/><E8/><V56/><F73/><W93/><G114/><T71/><D111/><U51/><E19/><V69/><F115/><W5/><G108/><T43/><D71/><U49/><E129/><V70/><F70/><W30/><G133/><T92/><D75/><U109/><E109/><V48/><F132/><W42/><G125/><T116/><D116/><U64/><E134/><V66/><F69/><W90/><G60/><T101/><D104/><U25/><E72/><V67/><F2/><W11/><G34/><T62/><D4/><U86/><E25/><V13/><F31/><W58/><G58/><N who="2" m="22057" /><F122/><W82/><G82/><T22/><D128/><U80/><E64/><V121/><F121/><N who="1" m="46665" /><E51/><V29/><F29/><W27/><G37/><T46/><D113/><U79/><E49/><V39/><F39/><W127/><G127/><T35/><D35/><U57/><E57/><V7/><F48/><W17/><G5/><T10/><D10/><U23/><E23/><N who="2" m="11663" /><F84/><N who="1" m="32361" /><E124/><V55/><F97/><W126/><G126/><T20/><D62/><U6/><E78/><V110/><F110/><W38/><G38/><N who="0" m="21623" /><D20/><U54/><E99/><V28/><F28/><W36/><G36/><T41/><D53/><AGARI ba="1,0" hai="7,9,15,53,55,65,66,67" m="11663,22057" machi="53" ten="30,2000,0" yaku="8,1,54,1" doraHai="89" who="2" fromWho="0" sc="278,-23,205,0,265,23,252,0" /><INIT seed="8,0,0,1,3,133" ten="255,205,288,252" oya="0" hai0="121,83,47,89,73,3,11,82,49,9,94,110,64" hai1="45,22,42,92,18,24,113,116,52,31,126,112,0" hai2="32,107,54,28,115,105,69,78,68,74,5,106,50" hai3="33,37,30,34,122,120,128,129,8,17,118,100,117"/><T131/><D121/><N who="3" m="46697" /><G100/><T135/><D135/><U56/><E0/><V95/><F115/><N who="1" m="44105" /><E116/><N who="3" m="44650" /><G37/><T91/><D110/><U111/><E111/><V98/><F5/><W130/><G30/><T36/><D36/><N who="1" m="21703" /><E92/><V80/><F28/><W63/><G63/><T29/><D29/><U85/><E85/><V86/><F32/><W70/><G70/><T79/><D94/><U16/><E126/><V88/><REACH who="2" step="1"/><F74/><REACH who="2" ten="255,205,278,252" step="2"/><W59/><G59/><AGARI ba="0,1" hai="50,54,59,68,69,78,80,86,88,95,98,105,106,107" machi="59" ten="40,5200,0" yaku="1,1,2,1,54,1,53,0" doraHai="133" doraHaiUra="124" who="2" fromWho="3" sc="255,0,205,0,278,62,252,-52" owari="255,6.0,205,-19.0,340,43.0,200,-30.0" /></mjloggm>