<mjloggm ver="2.3"><GO type="225" lobby="0"/><UN n0="%E5%B7%A5%E8%97%A4%E6%96%B0%E4%B8%80" n1="%E3%81%BF%E3%81%BF%E3%81%9A" n2="%E3%82%AB%E3%83%9C%E3%83%81%E3%83%A3%E3%82%BF%E3%83%8D" n3="%E3%82%A4%E3%83%8A%E3%82%BA%E3%83%9E%E8%91%AC%E5%84%80" dan="16,16,16,17" rate="2109.49,2172.86,2068.34,2205.01" sx="M,M,M,F"/><TAIKYOKU oya="0"/><INIT seed="0,0,0,3,2,48" ten="250,250,250,250" oya="0" hai0="45,121,54,28,59,51,126,27,17,47,92,79,6" hai1="87,82,91,89,129,31,90,34,4,71,39,8,78" hai2="30,24,40,128,61,122,76,64,74,46,29,32,85" hai3="97,38,50,69,53,93,102,81,22,70,60,107,44"/><T57/><D121/><U5/><E129/><V65/><F122/><W104/><G38/><T133/><D126/><U37/><E71/><V98/><F128/><W124/><G124/><T67/><D133/><U7/><REACH who="1" step="1"/><E8/><REACH who="1" ten="250,240,250,250" step="2"/><V11/><F11/><W94/><G70/><T111/><D111/><U20/><E20/><V26/><F32/><W96/><G22/><T132/><D132/><U110/><E110/><V10/><F10/><W1/><G1/><T84/><D6/><U41/><E41/><V105/><F40/><W95/><G69/><T130/><D130/><U52/><E52/><V13/><F64/><W125/><G125/><T72/><D67/><U119/><E119/><V88/><F65/><W63/><REACH who="3" step="1"/><G81/><REACH who="3" ten="250,240,250,240" step="2"/><T19/><D19/><U75/><E75/><V58/><F74/><W120/><G120/><T83/><D17/><U135/><E135/><V113/><F30/><W15/><G15/><T103/><D72/><U114/><E114/><V116/><F13/><W16/><G16/><T134/><D134/><U86/><E86/><V77/><F113/><W131/><G131/><T18/><D18/><U73/><E73/><V66/><F29/><W108/><G108/><T99/><D28/><U25/><AGARI ba="0,2" hai="4,5,7,25,31,34,37,39,78,82,87,89,90,91" machi="25" ten="40,2700,0" yaku="1,1,0,1,53,0" doraHai="48" doraHaiUra="43" who="1" fromWho="1" sc="250,-13,240,47,250,-7,240,-7" /><INIT seed="1,0,0,3,2,24" ten="237,287,243,233" oya="1" hai0="104,124,108,41,102,106,6,22,31,64,4,7,3" hai1="71,77,27,45,10,43,92,129,79,15,11,1,80" hai2="103,125,110,105,114,116,89,14,44,65,28,95,5" hai3="17,99,26,117,62,111,115,61,2,118,97,112,68"/><U75/><E129/><V101/><F116/><N who="3" m="44651" /><G2/><T36/><D108/><U29/><E71/><V127/><F110/><W39/><G111/><T85/><D124/><N who="2" m="47690" /><F105/><W42/><G26/><T19/><D31/><U53/><E53/><V32/><F65/><W58/><G17/><T38/><D3/><U23/><E79/><V74/><F74/><W20/><G20/><T16/><D64/><U25/><E1/><V55/><F114/><W56/><G99/><T69/><D69/><U121/><E121/><V131/><F131/><W30/><G30/><T113/><D113/><N who="3" m="43593" /><G97/><T86/><D19/><U100/><E25/><N who="2" m="18447" /><F14/><W73/><G73/><T135/><D135/><U33/><E33/><V18/><F18/><W88/><G88/><T57/><D102/><U126/><E126/><V98/><F5/><W46/><G68/><T119/><D119/><U87/><E15/><V9/><F9/><W130/><G130/><T70/><D70/><U123/><E123/><V109/><F109/><W122/><G122/><T93/><D6/><U63/><E100/><V49/><AGARI ba="0,0" hai="44,49,55,89,95,98,101,103" m="18447,47690" machi="49" ten="30,2000,0" yaku="18,1,52,1" doraHai="24" who="2" fromWho="2" sc="237,-5,287,-10,243,20,233,-5" /><INIT seed="2,0,0,5,4,135" ten="232,277,263,228" oya="2" hai0="110,91,97,96,55,71,67,72,4,36,93,121,9" hai1="65,20,70,79,45,37,21,132,76,73,107,49,124" hai2="89,83,130,92,32,120,16,105,11,128,33,95,15" hai3="31,103,108,23,56,117,48,19,59,90,88,14,51"/><V112/><F112/><W125/><G125/><T68/><D110/><U54/><E107/><V46/><F105/><W39/><G39/><T106/><D121/><U84/><E132/><V24/><F120/><W6/><G117/><T127/><D127/><U26/><E124/><V64/><F64/><W77/><G108/><T74/><D36/><U13/><E73/><V126/><F126/><W104/><G104/><T0/><D55/><U63/><E13/><V3/><F3/><W75/><G75/><T87/><D67/><U28/><E20/><V69/><F69/><W47/><G77/><T22/><D22/><U25/><E25/><V2/><F2/><W119/><G103/><T8/><D8/><U134/><E134/><V10/><F46/><W17/><G31/><T12/><D0/><U40/><REACH who="1" step="1"/><E84/><REACH who="1" ten="232,267,263,228" step="2"/><N who="2" m="50335" /><F10/><W129/><G119/><T109/><D109/><U38/><E38/><V34/><F24/><W99/><G23/><T94/><D72/><U114/><E114/><V111/><F111/><W35/><G14/><T30/><D74/><U102/><E102/><V29/><F29/><W80/><G35/><T82/><D106/><U131/><E131/><AGARI ba="0,1" hai="11,15,16,32,33,34,92,95,128,130,131" m="50335" machi="131" ten="40,3900,0" yaku="19,1,54,1" doraHai="135" who="2" fromWho="1" sc="232,0,267,-39,263,49,228,0" /><INIT seed="2,1,0,4,0,128" ten="232,228,312,228" oya="2" hai0="74,126,32,52,65,77,72,29,130,3,73,23,95" hai1="17,88,104,129,103,110,37,87,131,123,75,44,109" hai2="70,51,19,14,135,28,118,79,121,96,85,81,47" hai3="92,59,49,40,4,122,18,41,111,45,53,117,8"/><V15/><F118/><W42/><G122/><T30/><D130/><N who="1" m="49675" /><E17/><V120/><F70/><W61/><G111/><N who="1" m="42506" /><E123/><V98/><F28/><W119/><G18/><T34/><D126/><U127/><E127/><V48/><F135/><W67/><REACH who="3" step="1"/><G92/><REACH who="3" ten="232,228,312,218" step="2"/><T12/><D95/><N who="1" m="54687" /><E75/><V133/><F121/><W132/><G132/><T97/><D72/><U11/><E11/><V115/><F133/><W106/><G106/><T60/><D73/><U64/><E64/><V86/><F120/><W62/><G62/><T9/><D60/><U69/><E69/><V2/><F19/><W25/><G25/><T63/><D63/><U101/><E104/><V35/><F2/><AGARI ba="1,1" hai="2,4,8,40,41,42,45,49,53,59,61,67,117,119" machi="2" ten="40,1300,0" yaku="1,1,53,0" doraHai="128" doraHaiUra="66" who="3" fromWho="2" sc="232,0,228,0,312,-16,218,26" /><INIT seed="3,0,0,0,4,55" ten="232,228,296,244" oya="3" hai0="28,20,34,26,78,124,60,64,90,61,85,98,70" hai1="109,133,5,92,42,57,2,44,21,12,68,41,117" hai2="50,77,123,91,10,132,71,40,93,36,82,84,4" hai3="73,17,37,127,135,94,134,19,15,115,53,1,39"/><W131/><G115/><T97/><D124/><U86/><E68/><V114/><F132/><N who="3" m="50731" /><G131/><T66/><D78/><U110/><E133/><V126/><F126/><W113/><G113/><T25/><D25/><U0/><E117/><V29/><F114/><W46/><G1/><T106/><D106/><U30/><E30/><V105/><F105/><W83/><G127/><T81/><REACH who="0" step="1"/><D34/><REACH who="0" ten="222,228,296,244" step="2"/><U24/><E24/><V129/><F129/><W58/><G73/><T45/><D45/><U69/><E44/><V49/><F29/><W122/><G46/><T22/><D22/><U121/><E21/><V67/><F123/><W112/><G122/><T76/><D76/><U87/><E121/><V104/><F104/><W74/><G112/><T3/><D3/><U59/><E12/><V125/><F125/><W14/><G14/><T101/><D101/><U16/><E5/><V102/><F102/><W47/><G47/><T130/><D130/><U65/><E16/><N who="3" m="6218" /><G15/><T62/><D62/><U88/><E88/><V23/><F23/><W72/><G72/><T128/><D128/><U35/><E35/><V63/><F36/><W103/><G103/><T51/><D51/><U48/><E48/><V75/><F40/><W43/><G43/><T80/><D80/><U9/><E9/><V95/><F95/><W38/><G94/><T108/><D108/><U27/><E27/><V6/><F6/><W7/><G7/><T13/><D13/><AGARI ba="0,1" hai="4,10,13,49,50,63,67,71,75,77,82,84,91,93" machi="13" ten="30,1000,0" yaku="7,1" doraHai="55" who="2" fromWho="0" sc="222,-10,228,0,296,20,244,0" owari="212,-29.0,228,-17.0,316,42.0,244,4.0" /></mjloggm>