<mjloggm ver="2.3"><GO type="169" lobby="0"/><UN n0="%64%61%6E%6E%63%68%69" n1="%E3%83%95%E3%83%84%E3%82%A6%E3%81%AE%E6%81%8B%E3%81%AE%E7%B5%90%E6%9C%AB" n2="%E3%81%A6%E3%82%93%E3%81%A6%E3%81%93%E7%8B%90" n3="%6B%61%74%65%72%69%6E%61" dan="17,17,16,17" rate="2169.52,2194.50,2165.87,2149.33" sx="M,M,M,M"/><TAIKYOKU oya="0"/><INIT seed="0,0,0,3,0,18" ten="250,250,250,250" oya="0" hai0="28,44,121,123,82,113,97,74,55,61,122,90,93" hai1="131,37,98,81,100,24,59,48,103,42,132,77,86" hai2="26,56,71,120,51,29,62,38,125,89,83,104,76" hai3="36,91,49,10,33,53,41,46,73,14,112,27,102"/><T115/><D28/><U2/><E2/><V96/><F120/><W70/><G112/><T22/><D44/><U116/><E116/><V124/><F38/><W130/><G130/><T3/><D3/><U101/><E131/><V94/><F104/><W64/><G73/><T57/><D74/><U31/><E132/><V106/><F106/><W79/><G79/><T43/><D43/><U20/><E37/><V109/><F109/><W72/><G72/><T134/><D134/><U30/><E30/><V6/><F6/><W135/><G135/><T5/><D5/><U85/><E85/><V39/><F39/><W78/><G78/><T118/><D118/><U9/><E9/><V40/><F76/><W7/><G102/><T87/><REACH who="0" step="1"/><D22/><REACH who="0" ten="240,250,250,250" step="2"/><U58/><E42/><V11/><F11/><W34/><G34/><T108/><D108/><U19/><E31/><V67/><F40/><W8/><G8/><T111/><D111/><U107/><E107/><V127/><F127/><W4/><G33/><T12/><D12/><U63/><E20/><N who="2" m="15559" /><F125/><W21/><G36/><T32/><D32/><U133/><E133/><V16/><F124/><W99/><G41/><T54/><D54/><U15/><E15/><V105/><F16/><N who="3" m="12711" /><G14/><T66/><D66/><U13/><E13/><V80/><F105/><W0/><G10/><T47/><D47/><U117/><E117/><V75/><F75/><W45/><G45/><T126/><D126/><U35/><E35/><V23/><F23/><W95/><G0/><T114/><D114/><U65/><E24/><V68/><F68/><W110/><G110/><RYUUKYOKU ba="0,1" sc="240,10,250,-30,250,10,250,10" hai0="55,57,61,82,87,90,93,97,113,115,121,122,123" hai2="51,56,62,67,71,80,83,89,94,96" hai3="4,7,46,49,53,64,70,91,95,99" /><INIT seed="0,1,1,2,4,37" ten="250,220,260,260" oya="0" hai0="0,97,80,79,77,102,78,101,15,106,17,51,40" hai1="128,54,30,56,2,10,32,85,96,130,92,4,120" hai2="84,123,14,69,125,9,60,71,88,8,34,121,132" hai3="122,35,36,99,133,73,50,12,108,87,55,72,45"/><T21/><D0/><U7/><E120/><V82/><F34/><W53/><G122/><T127/><D127/><U46/><E85/><V24/><F125/><W117/><G117/><T112/><D112/><U91/><E7/><V90/><F132/><W124/><G133/><T111/><D111/><U27/><REACH who="1" step="1"/><E46/><REACH who="1" ten="250,210,260,260" step="2"/><V107/><F123/><W57/><G124/><T41/><D102/><U31/><E31/><V83/><F121/><W3/><G108/><T68/><D68/><U18/><E18/><V134/><F134/><W105/><G73/><T65/><D65/><U116/><E116/><V89/><F71/><W20/><G3/><T100/><D100/><U6/><E6/><V29/><F84/><W118/><G72/><T61/><D61/><AGARI ba="1,2" hai="2,4,10,27,30,32,54,56,61,91,92,96,128,130" machi="61" ten="40,2600,0" yaku="1,1,53,1" doraHai="37" doraHaiUra="22" who="1" fromWho="0" sc="250,-29,210,49,260,0,260,0" /><INIT seed="1,0,0,5,4,8" ten="221,259,260,260" oya="1" hai0="129,22,31,63,87,118,117,72,103,121,111,50,44" hai1="65,93,52,73,41,21,96,33,92,128,126,7,57" hai2="39,122,9,113,70,86,56,88,106,78,14,125,83" hai3="114,47,12,34,79,17,99,1,11,30,53,19,107"/><U5/><E33/><V24/><F70/><W49/><G114/><T75/><D72/><U48/><E73/><V54/><F122/><W69/><G69/><T100/><D121/><U27/><E126/><V80/><F125/><W55/><G79/><T58/><D75/><U51/><E65/><V66/><F113/><W74/><G74/><T130/><D31/><N who="1" m="17903" /><E128/><N who="0" m="49257" /><D87/><U18/><E18/><V135/><F135/><W112/><G112/><T46/><D22/><U40/><E93/><V13/><F39/><W71/><G71/><T60/><D111/><U102/><E48/><V4/><F106/><W82/><G1/><T81/><D81/><U28/><E28/><V91/><F66/><W84/><G30/><T134/><D134/><U68/><E68/><V59/><F24/><W98/><G34/><T110/><D110/><U77/><E77/><V36/><F36/><W101/><G99/><T10/><D10/><U20/><E20/><V127/><F127/><W38/><G38/><T109/><D109/><U119/><E119/><N who="0" m="45577" /><D50/><U23/><E23/><V43/><F9/><W95/><G107/><T61/><D58/><U32/><E32/><V6/><F78/><N who="3" m="46167" /><G19/><T89/><D89/><U26/><E26/><V76/><F76/><W42/><AGARI ba="0,0" hai="11,12,17,42,47,49,53,55,95,98,101" m="46167" machi="42" ten="30,2000,0" yaku="8,1,52,1" doraHai="8" who="3" fromWho="3" sc="221,-5,259,-10,260,-5,260,20" /><INIT seed="2,0,0,3,5,51" ten="216,249,255,280" oya="2" hai0="20,125,69,33,2,127,22,77,62,102,59,117,56" hai1="113,47,41,124,19,93,92,43,21,88,36,133,3" hai2="52,100,85,71,131,121,1,24,57,130,31,6,16" hai3="114,128,78,38,75,7,61,103,135,87,81,18,108"/><V39/><F71/><W46/><G114/><T8/><D33/><U116/><E113/><V0/><F121/><W112/><G112/><T12/><D117/><U73/><E116/><V122/><F122/><W50/><G135/><T44/><D102/><U79/><E133/><V37/><F100/><W4/><G128/><N who="2" m="49193" /><F85/><W26/><G108/><T13/><D77/><U109/><E109/><V120/><F120/><W86/><G38/><N who="2" m="14345" /><F6/><W70/><G103/><T68/><D2/><U126/><E3/><V30/><F30/><W60/><G70/><T80/><D80/><U76/><E73/><V96/><F96/><W132/><G132/><T64/><D68/><U90/><E36/><V28/><F28/><W83/><G75/><T115/><D115/><U48/><E126/><V134/><F134/><W111/><G111/><T84/><D84/><U34/><E124/><V82/><F82/><W58/><G4/><T94/><D94/><U101/><E101/><V17/><F0/><W105/><G7/><T99/><D99/><U66/><E93/><V11/><F11/><W32/><G105/><T29/><D29/><U23/><E92/><V27/><F1/><W65/><G83/><T63/><D69/><U67/><E19/><N who="2" m="7243" /><F31/><N who="3" m="19575" /><G18/><T95/><D95/><U129/><E129/><V74/><F74/><W5/><G5/><T110/><D110/><U45/><E34/><V107/><F107/><W53/><G87/><T14/><D8/><U123/><E123/><V10/><F10/><W35/><G35/><T25/><D125/><U118/><E118/><V72/><F72/><W54/><G81/><RYUUKYOKU ba="0,0" sc="216,-15,249,15,255,15,280,-15" hai1="21,23,41,43,45,47,48,66,67,76,79,88,90" hai2="24,27,52,57" /><INIT seed="2,1,0,2,1,67" ten="201,264,270,265" oya="2" hai0="133,109,60,81,48,52,99,42,82,129,19,1,79" hai1="51,75,35,69,115,83,113,10,103,105,4,13,124" hai2="91,31,77,30,111,25,92,11,84,43,65,127,64" hai3="53,102,57,126,0,128,120,63,98,104,14,45,93"/><V20/><F127/><W76/><G126/><T54/><D1/><U90/><E124/><V9/><F111/><W2/><G120/><T97/><D109/><U112/><E35/><V23/><F43/><W119/><G119/><T37/><D129/><U96/><E51/><V27/><F77/><W58/><G128/><T117/><D133/><U16/><E4/><V125/><F125/><W72/><G45/><T24/><D117/><U68/><REACH who="1" step="1"/><E90/><REACH who="1" ten="201,254,270,265" step="2"/><V5/><REACH who="2" step="1"/><F9/><REACH who="2" ten="201,254,260,265" step="2"/><W22/><G76/><AGARI ba="1,2" hai="10,13,16,68,69,75,76,83,96,103,105,112,113,115" machi="76" ten="40,8000,1" yaku="1,1,2,1,52,2,54,1,53,0" doraHai="67" doraHaiUra="3" who="1" fromWho="3" sc="201,0,254,103,260,0,265,-83" /><INIT seed="3,0,0,3,5,78" ten="201,357,260,182" oya="3" hai0="109,111,64,134,108,114,14,13,62,4,98,34,66" hai1="106,47,104,37,73,26,50,40,133,99,16,100,86" hai2="83,63,46,107,19,58,90,121,103,95,7,22,127" hai3="84,122,93,76,39,21,12,80,82,38,72,85,27"/><W70/><G70/><T81/><D34/><U123/><E73/><V77/><F127/><W69/><G69/><T61/><D134/><U129/><E123/><V128/><F128/><W89/><G122/><T45/><D45/><U55/><E133/><V8/><F121/><W6/><G6/><T135/><D135/><U125/><E125/><V43/><F103/><W51/><G51/><T35/><D35/><U1/><E1/><V101/><F101/><W41/><G12/><N who="0" m="4715" /><D98/><U52/><E129/><V54/><F107/><W57/><G57/><T31/><D31/><U126/><E126/><V113/><F113/><W0/><G0/><T23/><D23/><U36/><E106/><V18/><F8/><W10/><G10/><T130/><D4/><U11/><E11/><V53/><F53/><W119/><G41/><T48/><D48/><U25/><E55/><V5/><F5/><W28/><REACH who="3" step="1"/><G119/><REACH who="3" ten="201,357,260,172" step="2"/><T68/><D130/><U49/><E49/><V3/><F7/><W59/><G59/><N who="0" m="36927" /><D114/><U42/><E50/><V118/><F118/><W120/><G120/><T44/><D44/><U60/><E47/><V29/><F3/><W88/><AGARI ba="0,1" hai="21,27,28,38,39,72,76,80,82,84,85,88,89,93" machi="88" ten="20,18000,2" yaku="1,1,0,1,7,1,52,2,54,1,53,0" doraHai="78" doraHaiUra="117" who="3" fromWho="3" sc="201,-60,357,-60,260,-60,172,190" /><INIT seed="3,1,0,2,1,48" ten="141,297,200,362" oya="3" hai0="50,25,95,110,23,133,47,36,89,2,46,84,63" hai1="93,9,94,58,28,97,73,129,16,130,8,113,71" hai2="17,64,12,18,125,67,108,70,132,99,115,41,118" hai3="92,104,131,5,39,121,66,86,11,24,37,116,57"/><W135/><G121/><T45/><D110/><U49/><E71/><V43/><F118/><W81/><G116/><T117/><D117/><U68/><E68/><V100/><F115/><W77/><G104/><T83/><D2/><U20/><E73/><V119/><F119/><W106/><G106/><T10/><D133/><U29/><E113/><V32/><F32/><W114/><G114/><T7/><D36/><U122/><E122/><V78/><F78/><W96/><G135/><T52/><D63/><U124/><E124/><V22/><F132/><W13/><G131/><N who="1" m="50186" /><E9/><V103/><F108/><W53/><G66/><T111/><D111/><U87/><E87/><V19/><F125/><W6/><G24/><T123/><D123/><U107/><E8/><V75/><F75/><W3/><G3/><T31/><D7/><U4/><E4/><V51/><F22/><W88/><REACH who="3" step="1"/><G5/><REACH who="3" ten="141,297,200,352" step="2"/><T74/><REACH who="0" step="1"/><D10/><REACH who="0" ten="131,297,200,352" step="2"/><U60/><E107/><N who="2" m="63903" /><F64/><W26/><G26/><T127/><D127/><U56/><E94/><V42/><F67/><W0/><G0/><T1/><D1/><U109/><E93/><V34/><F12/><W69/><G69/><T30/><D30/><U72/><E28/><V38/><F70/><W98/><G98/><T61/><D61/><AGARI ba="1,2" hai="6,11,13,37,39,53,57,61,77,81,86,88,92,96" machi="61" ten="30,12000,1" yaku="1,1,7,1,52,1,54,1,53,1" doraHai="48" doraHaiUra="55" who="3" fromWho="0" sc="131,-123,297,0,200,0,352,143" /><INIT seed="3,2,0,5,3,71" ten="8,297,200,495" oya="3" hai0="102,116,24,15,0,56,18,114,91,128,6,13,35" hai1="113,45,135,38,105,77,96,88,7,23,32,48,68" hai2="84,20,101,83,62,17,89,25,133,52,26,125,2" hai3="27,122,58,11,10,97,85,59,53,124,82,80,73"/><W107/><G122/><T93/><D116/><U57/><E113/><V110/><F2/><W16/><G124/><T94/><D114/><U127/><E32/><V19/><F110/><W63/><G73/><T103/><D0/><U111/><E68/><V123/><F125/><W69/><G69/><T43/><D128/><U129/><E127/><V22/><F133/><W30/><G82/><T79/><D79/><U109/><E135/><V86/><F123/><W40/><G40/><T115/><D115/><U37/><E129/><V131/><F131/><W33/><G16/><T42/><D35/><U49/><E77/><V119/><F119/><W64/><G97/><N who="0" m="59703" /><D103/><U28/><E7/><V36/><F101/><W54/><G107/><T5/><D24/><N who="1" m="16415" /><E105/><V121/><F36/><N who="1" m="13929" /><E57/><V75/><F121/><W1/><G1/><T31/><D31/><U92/><E45/><V78/><F89/><W61/><G64/><T106/><D56/><AGARI ba="2,0" hai="17,19,20,22,25,26,52,56,62,75,78,83,84,86" machi="56" ten="40,2600,0" yaku="9,1,54,1" doraHai="71" who="2" fromWho="0" sc="8,-32,297,0,200,32,495,0" owari="-24,-52.0,297,10.0,232,-17.0,495,59.0" /></mjloggm>