<mjloggm ver="2.3"><GO type="169" lobby="0"/><UN n0="%E3%83%81%E3%83%83%E3%83%97%E3%82%B3%E3%83%AC%E3%82%AF%E3%82%BF%E3%83%BC" n1="%E8%A5%BF%E5%B2%A1%E8%82%B2%E6%9C%AA%E2%99%AA" n2="%CE%BC%E3%81%97%E3%82%82%E3%81%A7" n3="%E3%81%86%E3%81%95%E3%81%8E%E3%83%95%E3%82%A1%E3%83%B3%E3%82%B7%E3%83%BC" dan="16,16,17,17" rate="2126.92,2132.31,2152.46,2133.20" sx="M,F,M,F"/><TAIKYOKU oya="0"/><INIT seed="0,0,0,2,1,37" ten="250,250,250,250" oya="0" hai0="42,94,88,79,30,25,55,63,22,87,11,28,23" hai1="86,135,116,109,41,104,4,33,111,38,132,110,36" hai2="78,10,124,34,48,107,106,21,121,72,100,46,17" hai3="123,85,117,134,90,51,114,16,102,5,73,99,89"/><T69/><D11/><U122/><E104/><V115/><F121/><W71/><G71/><T26/><D79/><U19/><E122/><V70/><F70/><W75/><G123/><T32/><D32/><U80/><E33/><V52/><F34/><W96/><G5/><T60/><D69/><U67/><E116/><V84/><F72/><W50/><G117/><T44/><D55/><U83/><E4/><V131/><F115/><W118/><G118/><T8/><D8/><U27/><E67/><V68/><F68/><W62/><G62/><T103/><D103/><U15/><E27/><V91/><F78/><W14/><G114/><T92/><D92/><U43/><E36/><AGARI ba="0,0" hai="22,23,25,26,28,30,36,42,44,60,63,87,88,94" machi="36" ten="30,11600,0" yaku="7,1,9,1,52,1,54,1" doraHai="37" who="0" fromWho="1" sc="250,116,250,-116,250,0,250,0" /><INIT seed="0,1,0,2,4,83" ten="366,134,250,250" oya="0" hai0="124,78,100,75,35,74,31,55,82,39,87,104,81" hai1="96,40,33,7,105,125,27,85,4,130,107,8,57" hai2="9,103,119,114,93,117,72,2,71,79,131,26,73" hai3="84,66,54,17,106,98,62,76,99,94,77,56,65"/><T14/><D39/><U116/><E116/><N who="2" m="44619" /><F71/><W134/><G134/><T111/><D35/><U23/><E33/><V21/><F114/><W22/><G106/><T48/><D31/><U46/><E130/><V1/><F131/><W41/><G41/><T61/><D61/><U101/><E107/><V18/><F79/><W6/><G6/><T29/><D29/><U95/><E125/><V128/><F128/><W110/><G110/><T44/><D124/><U34/><E34/><V102/><F9/><W129/><G129/><T45/><D111/><U3/><E4/><V32/><F32/><W25/><G99/><T64/><D64/><U88/><E57/><V12/><F12/><W24/><G24/><T126/><D14/><U0/><E0/><N who="2" m="107" /><F103/><W89/><G77/><T5/><D5/><U108/><E108/><V37/><F37/><W59/><G59/><T68/><D68/><U53/><E53/><V42/><F42/><W20/><G20/><T112/><D112/><U123/><E123/><V15/><F15/><W52/><G54/><T49/><D126/><U51/><E23/><V30/><F30/><W135/><G135/><T92/><D104/><U63/><REACH who="1" step="1"/><E27/><REACH who="1" ten="366,124,250,250" step="2"/><V38/><F26/><W115/><G115/><T60/><D55/><U86/><E86/><V97/><F21/><W11/><G11/><T43/><D87/><U109/><E109/><V13/><F73/><W69/><G69/><T120/><D74/><U47/><E47/><V36/><F72/><W91/><G76/><T127/><D75/><U58/><E58/><V16/><F18/><W133/><G133/><RYUUKYOKU ba="1,1" sc="366,-30,124,10,250,10,250,10" hai1="3,7,8,40,46,51,63,85,88,95,96,101,105" hai2="13,16,36,38,93,97,102" hai3="17,22,25,52,56,62,65,66,84,89,91,94,98" /><INIT seed="1,2,1,1,4,4" ten="336,134,260,260" oya="1" hai0="9,103,72,114,40,130,24,27,22,68,56,31,44" hai1="66,101,119,96,47,70,111,39,16,115,88,89,45" hai2="87,33,71,54,124,32,58,79,57,109,120,19,82" hai3="30,67,118,90,93,100,15,20,69,92,125,133,55"/><U102/><E115/><V134/><F71/><W60/><G125/><T128/><D114/><U1/><E119/><V64/><F120/><W81/><G118/><T104/><D68/><U25/><E1/><V38/><F38/><W99/><G133/><T117/><D117/><U131/><E131/><N who="0" m="50217" /><D72/><U10/><E111/><V91/><F109/><W6/><G81/><T112/><D112/><U113/><E113/><V5/><F134/><W132/><G132/><T85/><D56/><U83/><E39/><V74/><F124/><W7/><G55/><T97/><D85/><N who="1" m="50239" /><E66/><V28/><F5/><W51/><G51/><N who="0" m="27015" /><D24/><U63/><E63/><V52/><F64/><W34/><G34/><T37/><D37/><U36/><E36/><V53/><F33/><W73/><G73/><T123/><D123/><U80/><E25/><V41/><F41/><W121/><G121/><T46/><D46/><N who="1" m="17419" /><E70/><V78/><F74/><W75/><G75/><T0/><D0/><U2/><E2/><V43/><F43/><W98/><REACH who="3" step="1"/><G15/><REACH who="3" ten="336,134,260,250" step="2"/><T59/><D59/><U48/><E80/><V49/><F54/><W42/><G42/><T8/><AGARI ba="2,2" hai="8,9,22,27,31,97,103,104" m="27015,50217" machi="8" ten="30,4000,0" yaku="19,1,52,2" doraHai="4" who="0" fromWho="0" sc="336,66,134,-22,260,-12,250,-12" /><INIT seed="2,0,0,4,4,111" ten="402,112,248,238" oya="2" hai0="68,126,80,12,39,19,41,13,30,32,27,116,15" hai1="92,84,73,115,123,1,37,45,120,24,103,85,124" hai2="35,78,74,16,64,128,86,0,66,21,79,44,62" hai3="107,104,106,112,51,77,40,76,59,121,4,113,81"/><V29/><F128/><W135/><G121/><N who="1" m="46666" /><E1/><V82/><F0/><W110/><G110/><T38/><D68/><U46/><E73/><V94/><F35/><W72/><G135/><T93/><D126/><U36/><E24/><V88/><F29/><W100/><G4/><T8/><D116/><U20/><E20/><V3/><F3/><W28/><G28/><T42/><D39/><N who="1" m="14923" /><E124/><V132/><F132/><W131/><G131/><T63/><D38/><U102/><E92/><V117/><F117/><W14/><G14/><T90/><D80/><U89/><E89/><V133/><F133/><W109/><G109/><T70/><D13/><U108/><E108/><V54/><F79/><W57/><G100/><N who="1" m="38442" /><E115/><N who="3" m="44106" /><G77/><T67/><REACH who="0" step="1"/><D15/><REACH who="0" ten="392,112,248,238" step="2"/><U50/><E45/><AGARI ba="0,1" hai="40,45,51,57,59,72,76,81,104,106,107" m="44106" machi="45" ten="40,8000,1" yaku="11,1,52,3" doraHai="111" who="3" fromWho="1" sc="392,0,112,-80,248,0,238,90" /><INIT seed="3,0,0,4,2,121" ten="392,32,248,328" oya="3" hai0="87,61,105,124,59,100,22,58,108,44,24,89,125" hai1="76,32,30,80,134,106,52,104,123,15,116,28,90" hai2="93,2,99,98,126,23,20,42,1,35,14,26,88" hai3="132,102,78,128,41,107,16,56,27,109,46,37,69"/><W117/><G117/><T97/><D44/><U62/><E123/><V47/><F126/><N who="0" m="48746" /><D108/><U86/><E116/><V113/><F113/><W71/><G128/><T103/><D103/><U29/><E32/><V34/><F14/><W79/><G132/><T83/><D61/><U18/><E134/><V130/><F130/><W92/><G107/><T43/><D43/><U94/><E104/><V17/><F23/><W68/><G56/><T11/><D11/><U40/><E40/><V21/><F21/><W57/><G109/><T5/><D5/><U96/><E106/><V119/><F119/><W45/><G45/><T101/><D101/><U64/><E64/><V122/><F99/><W74/><G74/><T111/><D111/><U75/><E75/><V112/><F112/><W114/><G114/><T73/><D73/><U65/><E65/><V50/><REACH who="2" step="1"/><F122/><REACH who="2" ten="392,32,238,328" step="2"/><W4/><G4/><T38/><D22/><U36/><E36/><V82/><F82/><W7/><G7/><T39/><D24/><U54/><E62/><V13/><F13/><W9/><G27/><T51/><D51/><U0/><E0/><AGARI ba="0,1" hai="0,1,2,17,20,26,34,35,42,47,50,88,93,98" machi="0" ten="40,2600,0" yaku="1,1,54,1,53,0" doraHai="121" doraHaiUra="110" who="2" fromWho="1" sc="392,0,32,-26,238,36,328,0" /><INIT seed="4,0,0,3,2,105" ten="392,6,274,328" oya="0" hai0="14,41,53,35,48,76,100,50,121,88,131,47,16" hai1="71,134,130,113,31,69,107,118,68,36,58,123,115" hai2="99,135,79,122,12,114,64,45,51,60,124,38,30" hai3="81,95,110,6,126,78,133,101,17,94,86,102,24"/><T128/><D121/><U23/><E31/><V112/><F122/><W43/><G6/><T97/><D35/><U74/><E23/><V87/><F38/><W46/><G110/><T57/><D76/><U27/><E27/><V109/><F109/><W21/><G126/><T62/><D62/><U83/><E58/><V82/><F124/><W129/><G129/><T63/><D63/><U104/><E123/><V93/><F135/><W54/><G133/><T108/><D108/><U70/><N who="1" m="17408" /><DORA hai="89" /><U120/><E120/><V75/><F30/><W18/><G54/><T117/><D117/><U11/><E134/><V26/><F26/><W96/><G18/><T90/><D100/><U10/><E130/><N who="0" m="49705" /><D97/><U66/><E66/><V125/><F125/><W1/><G1/><T116/><D116/><U7/><E118/><V56/><F12/><W3/><G3/><T32/><D32/><U52/><E52/><V92/><F87/><W5/><G5/><T49/><D49/><U84/><E36/><V22/><F22/><AGARI ba="0,0" hai="14,16,22,41,47,48,50,53,57,88,90" m="49705" machi="22" ten="30,5800,0" yaku="19,1,54,2" doraHai="105,89" who="0" fromWho="2" sc="392,58,6,0,274,-58,328,0" /><INIT seed="4,1,0,2,2,125" ten="450,6,216,328" oya="0" hai0="78,39,76,62,115,98,13,55,51,65,0,16,106" hai1="85,22,46,124,113,110,6,15,89,12,73,27,130" hai2="91,34,24,32,43,129,45,44,121,94,40,95,26" hai3="93,105,71,90,4,7,132,25,116,33,112,35,72"/><T41/><D0/><U104/><E110/><V20/><F20/><W123/><G116/><T38/><D115/><U60/><E124/><V127/><F127/><W128/><G71/><T61/><D61/><U131/><E73/><V118/><F91/><W103/><G72/><T101/><D38/><U52/><E104/><V66/><F66/><W59/><G112/><T83/><D41/><U36/><E113/><V86/><F86/><W81/><G132/><T57/><D83/><U68/><E68/><V126/><F126/><W21/><G123/><T11/><REACH who="0" step="1"/><D39/><REACH who="0" ten="440,6,216,328" step="2"/><U2/><E36/><V8/><F121/><W9/><G81/><T133/><D133/><U82/><E2/><V1/><F1/><W100/><G105/><T120/><D120/><U77/><E77/><V54/><F118/><W50/><G50/><T75/><D75/><U56/><E46/><AGARI ba="1,1" hai="11,13,16,46,51,55,57,62,65,76,78,98,101,106" machi="46" ten="30,5800,0" yaku="1,1,7,1,54,1,53,0" doraHai="125" doraHaiUra="67" who="0" fromWho="1" sc="440,71,6,-61,216,0,328,0" owari="511,61.0,-55,-56.0,216,-18.0,328,13.0" /></mjloggm>