<mjloggm ver="2.3"><GO type="225" lobby="0"/><UN n0="%31%73%E3%81%A7%E3%81%84%E3%81%84%E3%81%9D%E3%81%86" n1="%E3%81%BF%E3%81%BF%E3%81%9A" n2="%E3%81%82%E3%81%A3%E3%81%8D%E3%83%BC%E2%99%AA" n3="%E9%B3%B3%E6%9D%B1%E3%81%AE%E3%81%86%E3%81%95%E3%81%8E%E3%81%95%E3%82%93" dan="16,16,16,18" rate="2120.92,2170.70,2087.02,2118.68" sx="M,M,M,F"/><TAIKYOKU oya="0"/><INIT seed="0,0,0,1,5,111" ten="250,250,250,250" oya="0" hai0="19,37,12,97,24,125,56,104,128,59,75,7,122" hai1="72,45,107,5,92,35,85,102,124,22,38,10,58" hai2="132,23,119,48,49,57,114,99,109,89,2,135,47" hai3="115,28,70,98,93,101,65,60,129,39,32,91,62"/><T36/><D122/><U27/><E72/><V50/><F2/><W61/><G129/><T76/><D128/><U55/><E35/><V78/><F78/><W113/><G39/><T8/><D125/><U105/><E124/><V46/><F109/><W66/><G91/><T95/><D104/><U11/><E38/><V127/><F127/><W112/><REACH who="3" step="1"/><G70/><REACH who="3" ten="250,250,250,240" step="2"/><T96/><D37/><U13/><E102/><V51/><F89/><W3/><G3/><T83/><D36/><U34/><E34/><V15/><F132/><W79/><G79/><T63/><D97/><U64/><E107/><V110/><F99/><W69/><G69/><T73/><D73/><U25/><E105/><V52/><F135/><W84/><G84/><T77/><D77/><U42/><E85/><V130/><F110/><W41/><G41/><T4/><D59/><U100/><E100/><V131/><F130/><W30/><G30/><T134/><D134/><U21/><E42/><V26/><F131/><W121/><G121/><T31/><D96/><U40/><E40/><V71/><F71/><W43/><G43/><T90/><D90/><U1/><E45/><V16/><F119/><W118/><G118/><T54/><REACH who="0" step="1"/><D95/><REACH who="0" ten="240,250,250,240" step="2"/><U18/><E92/><V67/><F67/><W14/><G14/><T87/><D87/><U133/><E64/><V120/><F120/><W94/><G94/><T0/><D0/><U33/><E133/><V106/><F106/><W44/><G44/><N who="2" m="16937" /><F15/><W17/><G17/><T74/><D74/><U53/><E58/><V9/><F16/><W82/><G82/><T126/><D126/><RYUUKYOKU ba="0,2" sc="240,15,250,-15,250,-15,240,15" hai0="4,7,8,12,19,24,31,54,56,63,75,76,83" hai3="28,32,60,61,62,65,66,93,98,101,112,113,115" /><INIT seed="0,1,2,4,5,73" ten="255,235,235,255" oya="0" hai0="86,10,116,94,91,56,28,57,34,112,122,55,39" hai1="8,105,29,130,84,67,101,119,61,40,126,103,45" hai2="109,26,98,66,14,96,110,70,76,83,46,4,107" hai3="80,104,100,85,79,11,3,118,17,13,35,92,77"/><T7/><D112/><U60/><E119/><V88/><F26/><W87/><G118/><T33/><D116/><U47/><E130/><V52/><F70/><W75/><G35/><T106/><D122/><U125/><E29/><V16/><F66/><W63/><G104/><T90/><D106/><U123/><E123/><V74/><F4/><W134/><G134/><T27/><D39/><U81/><E8/><N who="2" m="6215" /><F88/><N who="3" m="51239" /><G75/><T64/><D33/><U82/><E105/><V135/><F107/><W21/><G3/><T117/><D117/><U48/><E47/><V30/><F30/><W69/><G69/><T9/><D7/><U5/><E5/><V65/><F65/><W68/><G68/><T42/><D42/><U23/><E23/><V44/><F135/><W31/><G63/><N who="1" m="24138" /><E67/><V36/><F36/><W78/><G31/><T62/><D90/><N who="1" m="51471" /><E82/><V89/><F89/><N who="3" m="53311" /><G100/><T115/><D115/><U97/><E97/><V22/><F22/><AGARI ba="1,2" hai="11,13,17,21,22,77,78,79" m="53311,51239" machi="22" ten="30,8000,1" yaku="8,1,52,3,54,1" doraHai="73" who="3" fromWho="2" sc="255,0,235,0,235,-83,255,103" /><INIT seed="1,0,0,3,3,51" ten="255,235,152,358" oya="1" hai0="54,5,0,131,96,91,19,40,3,114,34,118,4" hai1="126,12,67,116,9,79,14,72,85,101,134,38,121" hai2="92,28,103,132,7,86,100,120,65,49,71,78,111" hai3="60,93,127,66,61,29,24,25,58,112,95,16,47"/><U73/><E116/><V2/><F120/><W69/><G112/><T83/><D118/><U123/><E38/><V110/><F132/><W48/><G127/><T11/><D114/><U6/><E101/><V30/><F71/><W94/><G16/><T74/><D34/><U50/><E126/><V21/><F65/><W82/><G82/><T122/><D122/><U17/><E67/><V32/><F32/><W133/><G133/><T46/><D131/><U18/><E134/><V130/><F130/><W87/><G69/><T109/><D19/><U35/><E35/><V88/><F78/><W39/><G39/><T57/><D109/><N who="2" m="41482" /><F21/><N who="3" m="15503" /><G25/><T102/><D5/><U117/><E117/><V42/><F7/><W113/><G61/><T75/><D0/><U64/><E64/><V45/><F2/><W108/><G113/><T62/><D91/><U37/><E37/><V53/><F42/><N who="3" m="24695" /><G108/><T89/><D83/><N who="1" m="47359" /><E123/><V76/><F76/><W119/><G119/><T59/><D89/><AGARI ba="0,0" hai="58,60,66,87,89,93,94,95" m="24695,15503" machi="89" ten="30,1000,0" yaku="8,1" doraHai="51" who="3" fromWho="0" sc="255,-10,235,0,152,0,358,10" /><INIT seed="2,0,0,0,0,111" ten="245,235,152,368" oya="2" hai0="88,122,60,37,27,35,28,15,80,84,14,94,49" hai1="91,128,124,114,54,46,106,90,39,125,51,1,115" hai2="58,108,18,72,98,41,75,36,9,65,67,92,96" hai3="118,13,68,79,11,12,21,135,38,45,64,57,121"/><V105/><F108/><W4/><G121/><T43/><D37/><U48/><E1/><V5/><F105/><W126/><G68/><T52/><D122/><U61/><E128/><V8/><F18/><W70/><G70/><T23/><D35/><U112/><E39/><V74/><F58/><W100/><G118/><T131/><D131/><U40/><E61/><V76/><F76/><W130/><G130/><T26/><D26/><U2/><E2/><V59/><F59/><W116/><G116/><T33/><D33/><U29/><E106/><V95/><F36/><W53/><G135/><T97/><D43/><U85/><E29/><V69/><F41/><W110/><G110/><T107/><D60/><U123/><E123/><V103/><F69/><W20/><G126/><N who="1" m="48746" /><E85/><V42/><F42/><W0/><G100/><N who="0" m="60471" /><D107/><U3/><E3/><V81/><F81/><W25/><G79/><T127/><D127/><U55/><E40/><V129/><F129/><W71/><G20/><T19/><D28/><U56/><AGARI ba="0,0" hai="46,48,51,54,55,56,90,91,112,114,115" m="48746" machi="56" ten="40,8000,1" yaku="18,1,52,3" doraHai="111" who="1" fromWho="1" sc="245,-20,235,80,152,-40,368,-20" /><INIT seed="3,0,0,0,2,128" ten="225,315,112,348" oya="3" hai0="45,83,70,23,72,135,85,4,67,25,91,88,99" hai1="120,57,86,104,56,44,87,15,22,93,10,119,30" hai2="134,61,58,62,69,26,1,96,71,53,54,117,50" hai3="68,129,42,124,51,102,41,0,17,118,63,48,34"/><W46/><G118/><T81/><D70/><N who="2" m="26634" /><F1/><W111/><G129/><T31/><D67/><U36/><E104/><V47/><F26/><W6/><G124/><T29/><D29/><U13/><E120/><V115/><F96/><W8/><G111/><T84/><D72/><U24/><E119/><V76/><F76/><W37/><G34/><T131/><D131/><U2/><E2/><V59/><F117/><W3/><G3/><T107/><D45/><U89/><E36/><V32/><F32/><W73/><G102/><T19/><D4/><U79/><E44/><V113/><F113/><W9/><G42/><T40/><D40/><U64/><E64/><N who="2" m="38967" /><F115/><W78/><G63/><T33/><D99/><U101/><E101/><V27/><F27/><W77/><G68/><T123/><D107/><U114/><E114/><V106/><F106/><W20/><G9/><T5/><D123/><U122/><E122/><V92/><F92/><W82/><G77/><T39/><D5/><U43/><E43/><N who="2" m="24959" /><F134/><W90/><G90/><T116/><D116/><U80/><REACH who="1" step="1"/><E15/><AGARI ba="0,0" hai="0,6,8,15,17,20,37,41,46,48,51,73,78,82" machi="15" ten="30,5800,0" yaku="7,1,25,2" doraHai="128" who="3" fromWho="1" sc="225,0,315,-58,112,0,348,58" owari="225,-17.0,257,6.0,112,-39.0,406,50.0" /></mjloggm>