<mjloggm ver="2.3"><GO type="185" lobby="0"/><UN n0="%E9%96%A2%E8%A5%BF%E9%9B%80%E5%A3%AB%E4%BC%9A" n1="%EF%BC%AA%EF%BD%95%EF%BD%87%EF%BD%8F" n2="%E9%9D%92%E6%A3%AE%E3%81%AE%E3%81%B2%E3%82%88%E3%81%93" n3="" dan="16,16,17,0" rate="2115.15,2205.13,2248.37,1500.00" sx="M,M,M,C"/><TAIKYOKU oya="0"/><INIT seed="0,0,0,0,1,92" ten="350,350,350,0" oya="0" hai0="105,77,129,88,122,60,110,84,81,58,119,87,0" hai1="113,51,112,116,111,93,55,102,42,82,33,35,75" hai2="95,96,76,41,125,61,123,47,83,49,97,79,107" hai3=""/><T78/><N who="0" m="31264" /><T89/><D0/><U38/><E116/><V73/><N who="2" m="31520" /><V100/><F125/><T121/><N who="0" m="31008" /><T68/><D119/><U44/><E111/><V53/><F76/><T69/><D105/><U64/><E64/><V118/><F118/><T34/><D34/><U128/><E128/><V59/><F96/><T115/><D115/><N who="1" m="44107" /><E82/><V134/><F134/><T126/><D129/><U71/><E75/><V133/><F133/><T99/><D126/><U3/><E71/><V37/><REACH who="2" step="1"/><F107/><REACH who="2" ten="350,350,340,0" step="2"/><T85/><D110/><U130/><E3/><V39/><AGARI ba="0,1" hai="37,39,41,47,49,53,59,61,73,79,83,95,97,100" m="31520" machi="39" ten="30,6000,1" yaku="1,1,2,1,0,1,52,2,53,0" doraHai="92" doraHaiUra="1" who="2" fromWho="2" sc="350,-40,350,-20,340,70,0,0" /><INIT seed="1,0,0,3,1,115" ten="310,330,410,0" oya="1" hai0="132,70,54,105,95,45,104,66,67,3,123,94,87" hai1="68,133,128,92,62,113,86,114,77,126,79,96,100" hai2="93,121,125,80,41,56,112,117,72,110,88,122,108" hai3=""/><U0/><E0/><V36/><N who="2" m="31008" /><V107/><N who="2" m="31264" /><V73/><F112/><T120/><N who="0" m="30752" /><T43/><N who="0" m="31520" /><T71/><D3/><U64/><E128/><V111/><F125/><T74/><D74/><U131/><E126/><V34/><F34/><T106/><D132/><U40/><E133/><V48/><F107/><T99/><D54/><U37/><E131/><V129/><F129/><T82/><D67/><U65/><E65/><V78/><F36/><T58/><D58/><U89/><E114/><V32/><F32/><T1/><D1/><U85/><E113/><V130/><F130/><T46/><D66/><U83/><REACH who="1" step="1"/><E86/><REACH who="1" ten="310,320,410,0" step="2"/><V51/><F73/><T60/><D71/><U98/><E98/><V124/><F124/><T109/><D70/><U69/><E69/><V63/><F110/><T97/><D109/><U55/><E55/><V103/><F108/><T53/><D53/><U38/><E38/><V135/><F135/><T101/><D43/><U118/><E118/><V127/><F117/><T102/><REACH who="0" step="1"/><D60/><REACH who="0" ten="300,320,410,0" step="2"/><U91/><E91/><AGARI ba="0,2" hai="45,46,82,87,91,94,95,97,99,101,102,104,105,106" m="31520,30752" machi="91" ten="40,12000,2" yaku="1,1,2,1,9,1,52,2,53,1" doraHai="115" doraHaiUra="81" who="0" fromWho="1" sc="300,140,320,-120,410,0,0,0" /><INIT seed="2,0,0,5,5,127" ten="440,200,410,0" oya="2" hai0="65,110,50,72,113,109,89,64,81,39,77,42,92" hai1="83,124,2,99,74,38,55,75,49,91,101,68,128" hai2="40,41,82,134,100,126,48,52,120,37,78,3,57" hai3=""/><V118/><N who="2" m="30752" /><V0/><F126/><T61/><D39/><U73/><E2/><V53/><F118/><T80/><D113/><U95/><E38/><V60/><F134/><T117/><D117/><U47/><E124/><V97/><F37/><T98/><D80/><U119/><E68/><V103/><F0/><T46/><REACH who="0" step="1"/><D65/><REACH who="0" ten="430,200,410,0" step="2"/><U86/><E119/><V85/><F3/><T62/><D62/><U129/><AGARI ba="0,1" hai="47,49,55,73,74,75,83,86,91,95,99,101,128,129" machi="129" ten="40,3900,0" yaku="0,1,52,2" doraHai="127" who="1" fromWho="1" sc="430,-13,200,49,410,-26,0,0" /><INIT seed="4,0,0,4,0,95" ten="417,249,384,0" oya="0" hai0="81,110,127,117,79,89,122,78,108,94,114,130,61" hai1="56,52,86,92,62,125,1,42,45,46,112,35,3" hai2="100,87,49,132,111,102,85,55,131,97,133,124,38" hai3=""/><T65/><N who="0" m="31264" /><T44/><D117/><U33/><E125/><V109/><F38/><T2/><D2/><U98/><E112/><V118/><F124/><T54/><D127/><U47/><E42/><V77/><F118/><T70/><D114/><U84/><E3/><V76/><F49/><T128/><D44/><U96/><E1/><V115/><F55/><T120/><N who="0" m="30752" /><T64/><D64/><U50/><E50/><V59/><F59/><T105/><D105/><U53/><E53/><V43/><F43/><T116/><D116/><U58/><E58/><V39/><F39/><T82/><D54/><U67/><E67/><V75/><F115/><T104/><D104/><U106/><E106/><V37/><F37/><T34/><D34/><U48/><E48/><V41/><F41/><T88/><D94/><U68/><E68/><V93/><F93/><T119/><D119/><U0/><E0/><V101/><F111/><N who="0" m="42538" /><D81/><U103/><REACH who="1" step="1"/><E98/><REACH who="1" ten="417,239,384,0" step="2"/><V107/><F97/><T83/><D70/><U123/><N who="1" m="31520" /><U135/><E135/><V113/><F132/><T69/><D69/><U121/><N who="1" m="31008" /><U134/><E134/><V90/><F133/><T60/><D65/><U74/><E74/><V99/><F75/><T32/><D32/><AGARI ba="0,1" hai="32,33,35,45,46,47,52,56,62,84,86,92,96,103" m="31008,31520" machi="32" ten="40,16000,3" yaku="1,1,6,1,52,3,54,1,53,2" doraHai="95" doraHaiUra="80" who="1" fromWho="0" sc="417,-160,239,170,384,0,0,0" /><INIT seed="5,0,0,5,1,86" ten="257,409,384,0" oya="1" hai0="78,104,65,2,107,59,84,108,90,76,91,101,85" hai1="49,73,72,39,114,47,80,52,66,128,126,105,122" hai2="3,35,113,82,120,98,81,119,37,51,135,103,109" hai3=""/><U61/><N who="1" m="31264" /><U1/><E1/><V129/><N who="2" m="30752" /><V132/><F3/><T111/><D2/><U63/><E105/><V133/><F35/><T40/><D40/><U88/><E114/><V121/><N who="2" m="31008" /><V99/><F37/><T115/><D59/><U68/><E128/><V87/><F109/><T64/><REACH who="0" step="1"/><D101/><REACH who="0" ten="247,409,384,0" step="2"/><U79/><E126/><V124/><F124/><T106/><D106/><U54/><E39/><V50/><F103/><T55/><D55/><U38/><E38/><V36/><F36/><T110/><D110/><U44/><E54/><V60/><F133/><T67/><D67/><U96/><E44/><V116/><F135/><T32/><D32/><U75/><REACH who="1" step="1"/><E63/><REACH who="1" ten="247,399,384,0" step="2"/><V70/><F60/><T89/><D89/><U0/><E0/><V97/><F132/><T100/><D100/><U43/><E43/><V102/><F102/><T33/><D33/><U48/><E48/><V41/><F50/><T127/><D127/><U123/><N who="1" m="31520" /><U131/><E131/><V93/><F129/><T46/><D46/><U94/><AGARI ba="0,2" hai="47,49,52,61,66,68,72,73,75,79,80,88,94,96" m="31520,31264" machi="94" ten="30,12000,2" yaku="1,1,0,1,52,3,54,2,53,0" doraHai="86" doraHaiUra="130" who="1" fromWho="1" sc="247,-60,399,140,384,-60,0,0" /><INIT seed="5,1,0,2,5,57" ten="187,539,324,0" oya="1" hai0="88,55,127,123,44,91,63,60,115,62,1,97,35" hai1="134,92,86,106,42,135,120,119,33,54,87,121,66" hai2="93,65,105,128,76,61,102,90,43,118,111,74,107" hai3=""/><U116/><N who="1" m="30752" /><U129/><N who="1" m="31008" /><U130/><E33/><V84/><F118/><N who="1" m="45097" /><E66/><V67/><F67/><T58/><N who="0" m="31520" /><T50/><D35/><U56/><E42/><V49/><F111/><T34/><D34/><U2/><E106/><V69/><F128/><N who="1" m="49257" /><E92/><V78/><F107/><T126/><D1/><U51/><E2/><V0/><F0/><T46/><D115/><U59/><E59/><V53/><F43/><T108/><D108/><U85/><AGARI ba="1,0" hai="51,54,56,85,86,87,134,135" m="49257,45097,31008,30752" machi="85" ten="40,5200,0" yaku="19,1,52,2" doraHai="57" who="1" fromWho="1" sc="187,-27,539,54,324,-27,0,0" /><INIT seed="5,2,0,5,0,61" ten="160,593,297,0" oya="1" hai0="81,93,46,32,56,105,99,53,123,132,3,49,101" hai1="51,71,45,135,39,89,107,36,54,95,68,42,78" hai2="112,73,40,131,128,44,133,98,109,118,74,84,127" hai3=""/><U65/><E107/><V76/><F109/><T104/><N who="0" m="31520" /><T91/><D32/><U82/><E135/><V92/><F133/><T62/><D3/><U122/><N who="1" m="31264" /><U126/><E126/><V134/><F134/><T79/><D132/><U34/><E34/><V110/><F110/><T97/><D105/><U2/><E2/><V106/><F118/><T130/><D130/><U72/><E36/><V59/><F106/><T35/><D35/><U124/><E124/><V113/><F127/><T86/><D62/><U125/><E65/><V64/><F64/><T43/><REACH who="0" step="1"/><D56/><REACH who="0" ten="150,593,297,0" step="2"/><U121/><N who="1" m="31008" /><U87/><E125/><V129/><F59/><AGARI ba="2,1" hai="39,42,45,51,54,59,68,71,72,78,82,87,89,95" m="31008,31264" machi="59" ten="30,5800,0" yaku="7,1,52,2" doraHai="61" who="1" fromWho="2" sc="150,0,593,72,297,-62,0,0" /><INIT seed="5,3,0,3,0,124" ten="150,665,235,0" oya="1" hai0="69,80,128,64,132,96,1,49,125,60,106,33,68" hai1="122,70,118,55,94,0,115,110,130,109,81,35,105" hai2="91,77,3,71,92,32,98,41,134,36,66,101,75" hai3=""/><U74/><E55/><V47/><F3/><T43/><D33/><U40/><E94/><V76/><F32/><T83/><D1/><U85/><E85/><V99/><F134/><T131/><D132/><U117/><E81/><V84/><F98/><T78/><D125/><U82/><E82/><V95/><REACH who="2" step="1"/><F75/><REACH who="2" ten="150,665,225,0" step="2"/><T127/><D127/><U79/><N who="1" m="31264" /><U121/><E118/><V48/><F48/><T56/><D83/><U61/><E110/><V86/><F86/><T39/><D96/><U108/><E109/><V111/><F111/><T50/><D106/><U53/><E108/><V90/><F90/><T133/><D133/><U67/><E74/><V54/><F54/><T52/><D80/><U103/><E53/><V45/><F45/><T114/><D78/><U126/><E79/><V116/><F116/><T58/><D114/><U135/><E0/><V119/><F119/><T129/><D39/><U88/><E35/><V2/><F2/><T113/><REACH who="0" step="1"/><D113/><REACH who="0" ten="140,665,225,0" step="2"/><U42/><N who="1" m="31008" /><U44/><E115/><V72/><F72/><T63/><D63/><AGARI ba="3,2" hai="36,41,47,63,66,71,76,77,84,91,92,95,99,101" machi="63" ten="40,2600,0" yaku="1,1,53,1" doraHai="124" doraHaiUra="37" who="2" fromWho="0" sc="140,-32,665,0,225,52,0,0" /><INIT seed="6,0,0,3,3,76" ten="108,665,277,0" oya="2" hai0="125,97,113,40,70,74,129,135,55,128,105,98,80" hai1="54,90,126,133,53,66,67,120,68,58,59,61,89" hai2="45,50,85,111,41,132,1,100,84,51,73,60,3" hai3=""/><V91/><F73/><T38/><D55/><U77/><N who="1" m="30752" /><U116/><E133/><V107/><F132/><T87/><D40/><U32/><E32/><V75/><F75/><T43/><D43/><U86/><E126/><V63/><F111/><T44/><D44/><U81/><E116/><V123/><N who="2" m="31520" /><V64/><F84/><T103/><D38/><U115/><E115/><V82/><F63/><T101/><D70/><U42/><E42/><V99/><REACH who="2" step="1"/><F51/><REACH who="2" ten="108,665,267,0" step="2"/><T34/><D135/><U39/><E61/><V94/><F94/><T112/><D34/><U102/><E86/><V83/><F83/><T117/><D117/><U35/><E81/><V47/><F47/><T109/><D109/><U57/><E39/><V114/><F114/><N who="0" m="44138" /><D74/><U127/><E127/><V119/><F119/><T88/><D125/><U71/><E35/><V78/><F78/><T110/><D110/><U37/><E77/><V49/><F49/><T33/><D33/><U46/><E37/><V79/><F79/><T96/><D96/><U69/><E46/><V121/><N who="2" m="31008" /><V92/><F92/><AGARI ba="0,1" hai="80,87,88,92,97,98,101,103,105,128,129" m="44138" machi="92" ten="30,12000,2" yaku="15,1,11,1,34,2,52,1,54,1" doraHai="76" who="0" fromWho="2" sc="108,130,665,0,267,-120,0,0" owari="238,-16.0,665,61.0,147,-45.0,0,0.0" /></mjloggm>