<mjloggm ver="2.3"><GO type="225" lobby="0"/><UN n0="%E3%81%BF%E3%81%BF%E3%81%9A" n1="%E3%81%B7%E3%82%8B%E3%81%B7%E3%82%8B%E3%81%A0%E3%81%9E" n2="%31%73%E3%81%A7%E3%81%84%E3%81%84%E3%81%9D%E3%81%86" n3="%E7%90%B4%E8%91%89%E8%91%B5" dan="16,16,16,16" rate="2172.47,2112.87,2118.94,2077.25" sx="M,M,M,F"/><TAIKYOKU oya="0"/><INIT seed="0,0,0,2,5,79" ten="250,250,250,250" oya="0" hai0="130,91,61,127,100,104,53,2,114,124,96,31,74" hai1="26,54,70,6,120,131,123,35,69,22,18,33,92" hai2="109,64,112,85,117,66,86,119,34,82,47,52,30" hai3="25,11,17,15,78,77,122,62,128,115,3,84,16"/><T60/><D114/><U12/><E131/><V71/><F112/><W90/><G128/><T27/><D130/><U41/><E41/><V94/><F109/><W50/><G115/><T125/><D2/><U110/><E110/><V36/><F34/><W83/><G122/><T40/><D40/><U98/><E33/><V73/><F30/><W48/><G3/><T108/><D108/><U80/><E35/><V1/><F1/><W68/><G68/><T63/><D74/><U95/><E95/><V23/><F36/><W89/><G62/><T32/><REACH who="0" step="1"/><D91/><REACH who="0" ten="240,250,250,250" step="2"/><N who="3" m="34825" /><G77/><T59/><AGARI ba="0,1" hai="27,31,32,53,59,60,61,63,96,100,104,124,125,127" machi="59" ten="40,7800,0" yaku="1,1,0,1,18,1,53,0" doraHai="79" doraHaiUra="121" who="0" fromWho="0" sc="240,88,250,-26,250,-26,250,-26" /><INIT seed="0,1,0,2,2,12" ten="328,224,224,224" oya="0" hai0="1,72,103,79,38,62,68,30,10,97,47,44,69" hai1="0,27,129,60,100,114,42,122,56,23,82,96,33" hai2="17,102,88,64,87,9,99,40,98,28,57,132,18" hai3="92,39,25,117,93,76,45,55,120,90,128,66,108"/><T74/><D30/><U16/><E129/><V50/><F132/><W107/><G117/><T85/><D85/><U15/><E122/><V63/><F28/><W8/><G128/><T53/><D53/><U2/><E42/><V134/><F134/><W20/><G108/><T84/><D84/><U37/><E37/><V11/><F102/><W121/><G107/><N who="0" m="63983" /><D47/><U35/><E82/><N who="2" m="49271" /><F9/><W131/><G131/><T54/><D54/><U126/><E126/><V61/><F61/><W6/><G76/><T36/><D62/><U31/><E35/><V135/><F135/><W7/><G39/><N who="0" m="14891" /><D44/><U133/><E133/><V78/><F78/><W89/><G45/><T48/><D48/><U22/><E33/><V105/><F105/><W124/><G55/><T19/><D79/><U130/><E130/><V115/><F115/><W34/><G34/><T109/><D109/><U49/><E49/><V65/><F65/><W106/><G66/><T51/><D51/><U91/><E114/><V41/><F50/><W118/><G118/><T77/><D77/><U4/><E4/><N who="3" m="1578" /><G106/><T101/><D101/><U80/><E100/><V116/><F116/><W59/><G124/><T83/><D1/><U70/><E70/><N who="0" m="27241" /><D83/><U26/><E80/><V127/><F127/><W123/><G59/><T24/><D72/><U81/><E81/><V52/><F64/><W46/><G46/><T94/><D74/><U75/><E75/><V113/><F113/><W111/><G111/><T29/><D94/><N who="3" m="36457" /><G8/><T86/><D10/><N who="1" m="6263" /><E2/><V67/><F67/><W3/><G3/><T112/><D29/><AGARI ba="1,0" hai="20,25,29,89,90,120,121,123" m="36457,1578" machi="29" ten="40,1300,0" yaku="13,1" doraHai="12" who="3" fromWho="0" sc="328,-16,224,0,224,0,224,16" /><INIT seed="1,0,0,1,3,109" ten="312,224,224,240" oya="1" hai0="68,14,111,91,127,80,103,119,17,71,78,126,0" hai1="43,24,32,75,47,40,72,100,38,102,22,88,54" hai2="79,76,58,110,34,96,53,18,61,118,15,84,66" hai3="36,9,129,42,11,39,21,30,132,116,44,3,107"/><U1/><E1/><V97/><F118/><W82/><G116/><T25/><D0/><U52/><E32/><V104/><F34/><W99/><G132/><T45/><D119/><U101/><E88/><V89/><F110/><W59/><G129/><T125/><D111/><U28/><REACH who="1" step="1"/><E40/><REACH who="1" ten="312,214,224,240" step="2"/><V19/><F79/><W98/><G3/><T7/><D91/><U12/><E12/><V4/><F76/><W117/><G42/><T20/><D103/><U37/><E37/><V114/><F114/><W73/><G39/><T131/><D131/><U113/><E113/><V46/><F104/><W33/><G107/><T70/><D78/><U85/><E85/><V122/><F122/><W31/><G33/><T48/><D80/><U29/><E29/><V2/><F2/><W81/><G31/><T95/><D95/><U50/><E50/><N who="2" m="28887" /><F97/><W62/><G98/><T83/><D83/><U63/><E63/><V123/><F96/><W10/><G81/><T6/><D14/><U92/><E92/><N who="2" m="54311" /><F123/><W67/><G99/><T60/><D60/><U64/><E64/><V135/><F135/><W77/><G117/><T90/><D90/><U35/><E35/><V51/><F51/><W69/><G36/><T130/><D130/><U115/><E115/><V8/><AGARI ba="0,1" hai="4,8,15,18,19,58,61,66" m="54311,28887" machi="8" ten="30,1100,0" yaku="8,1" doraHai="109" who="2" fromWho="2" sc="312,-3,214,-5,224,21,240,-3" /><INIT seed="2,0,0,3,3,29" ten="309,209,245,237" oya="2" hai0="108,122,50,54,4,120,83,94,1,9,73,134,39" hai1="109,62,32,17,35,24,100,99,38,5,128,101,57" hai2="40,118,96,48,102,87,34,129,77,131,20,135,58" hai3="19,26,18,90,6,0,119,31,69,33,123,114,91"/><V66/><F118/><W106/><G123/><T28/><D39/><U55/><E38/><V65/><F135/><W76/><G119/><T67/><D134/><U88/><E5/><V82/><F20/><W71/><G106/><T93/><D67/><U84/><E109/><V42/><F34/><W121/><G121/><T125/><D108/><U47/><E47/><N who="2" m="25703" /><F58/><W37/><G37/><T124/><D28/><U27/><E128/><N who="2" m="49227" /><F42/><W52/><G76/><N who="0" m="44431" /><D94/><AGARI ba="0,0" hai="65,66,77,82,87,94,96,102" m="49227,25703" machi="94" ten="30,1500,0" yaku="19,1" doraHai="29" who="2" fromWho="0" sc="309,-15,209,0,245,15,237,0" /><INIT seed="2,1,0,4,4,87" ten="294,209,260,237" oya="2" hai0="39,43,29,73,34,84,3,37,125,46,100,57,63" hai1="115,123,47,105,126,88,107,41,101,95,58,9,50" hai2="2,0,15,44,10,31,135,17,4,106,7,49,111" hai3="78,13,21,72,55,113,23,128,18,134,97,92,22"/><V24/><F106/><W60/><G134/><T36/><D73/><U32/><E32/><N who="2" m="20583" /><F49/><W48/><G113/><T38/><D125/><U79/><E115/><V96/><F96/><W45/><G128/><T8/><D100/><U16/><E126/><V6/><F44/><W80/><REACH who="3" step="1"/><G60/><REACH who="3" ten="294,209,260,227" step="2"/><T91/><D63/><U99/><E123/><V53/><F135/><W121/><G121/><T40/><D36/><U83/><E58/><V122/><F122/><W98/><G98/><T117/><D37/><U30/><E30/><V19/><F111/><W11/><G11/><T51/><D38/><U65/><E65/><V42/><F42/><W103/><AGARI ba="1,1" hai="13,18,21,22,23,45,48,55,72,78,80,92,97,103" machi="103" ten="20,2700,0" yaku="1,1,0,1,7,1,53,0" doraHai="87" doraHaiUra="66" who="3" fromWho="3" sc="294,-8,209,-8,260,-14,227,40" /><INIT seed="3,0,0,0,2,64" ten="286,201,246,267" oya="3" hai0="20,133,117,4,107,39,1,2,15,91,57,94,92" hai1="49,68,29,132,113,74,99,51,127,63,88,121,97" hai2="135,95,47,106,19,5,103,129,53,128,90,85,38" hai3="79,134,70,126,59,22,7,9,11,114,42,58,31"/><W98/><G114/><T55/><D107/><U96/><E121/><V32/><F32/><W36/><G79/><T78/><D117/><U82/><E113/><V16/><F5/><W21/><G134/><T50/><D133/><U28/><E132/><V131/><F135/><W118/><G118/><T73/><D39/><U77/><E127/><V8/><F8/><W69/><G126/><T115/><D115/><U80/><E51/><N who="2" m="28927" /><F38/><W27/><G98/><AGARI ba="0,0" hai="16,19,85,90,95,98,103,106,128,129,131" m="28927" machi="98" ten="30,2000,0" yaku="19,1,54,1" doraHai="64" who="2" fromWho="3" sc="286,0,201,0,246,20,267,-20" /><INIT seed="4,0,0,5,4,127" ten="286,201,266,247" oya="0" hai0="90,12,82,18,48,111,85,15,83,75,44,43,34" hai1="130,9,78,102,108,99,122,97,57,50,37,49,94" hai2="55,115,38,63,133,40,32,56,42,5,121,65,113" hai3="79,100,110,125,41,118,120,131,25,76,28,112,20"/><T14/><D111/><U129/><E122/><V36/><F32/><W47/><G110/><T71/><D71/><U107/><E108/><V124/><F5/><W17/><G125/><T126/><D126/><U88/><E37/><N who="2" m="14443" /><F121/><W74/><G120/><T2/><D2/><U24/><E78/><V33/><F33/><W51/><G118/><T3/><D3/><U106/><E106/><V95/><F95/><W16/><G112/><N who="2" m="43081" /><F124/><W0/><G0/><T68/><D68/><U64/><E24/><V58/><F133/><W8/><G100/><T134/><D34/><U73/><E73/><V35/><F35/><W27/><G74/><T13/><D134/><U67/><E9/><V86/><F86/><W62/><G62/><AGARI ba="0,0" hai="40,42,55,56,58,62,63,65" m="43081,14443" machi="62" ten="30,3900,0" yaku="15,1,34,2" doraHai="127" who="2" fromWho="3" sc="286,0,201,0,266,39,247,-39" owari="286,9.0,201,-30.0,305,40.0,208,-19.0" /></mjloggm>