<mjloggm ver="2.3"><GO type="169" lobby="0"/><UN n0="%E6%9D%91%E6%9D%BE%E3%80%90%E6%9C%AC%E7%89%A9%E3%80%91" n1="%EF%BC%A9%EF%BC%A3%EF%BC%A8%EF%BC%A9" n2="%E3%83%8E%E3%82%AA%E3%83%81%E3%83%A3%E3%83%99%E3%82%B9" n3="%61%6E%6C%75%6E" dan="16,17,16,16" rate="2117.44,2102.06,2100.52,2103.04" sx="M,M,M,M"/><TAIKYOKU oya="0"/><INIT seed="0,0,0,0,3,117" ten="250,250,250,250" oya="0" hai0="88,115,65,18,39,5,12,44,4,6,132,92,111" hai1="83,45,109,121,33,36,116,60,23,95,52,15,108" hai2="57,56,77,106,32,135,93,120,48,30,58,114,129" hai3="66,68,24,22,19,41,29,38,69,46,87,71,82"/><T72/><D115/><U125/><E116/><V63/><F106/><W25/><G66/><T122/><D72/><U91/><E33/><V130/><F77/><W64/><G64/><T3/><D65/><U78/><E125/><V16/><F63/><W8/><G8/><T107/><D107/><U118/><E118/><V90/><F30/><W75/><G75/><T112/><D112/><U99/><E36/><V110/><F32/><W131/><G131/><N who="2" m="50185" /><F114/><W37/><G37/><T76/><D76/><U0/><E0/><V98/><F110/><W74/><G74/><T103/><D132/><U127/><E127/><V81/><F81/><W97/><G97/><T96/><D111/><U40/><E40/><V134/><F48/><W84/><REACH who="3" step="1"/><G82/><REACH who="3" ten="250,250,250,240" step="2"/><T47/><D39/><U113/><E113/><V51/><F51/><W119/><G119/><T53/><D3/><U9/><E109/><V31/><F135/><W49/><G49/><T86/><D53/><U43/><E108/><V21/><F134/><W105/><G105/><T10/><D47/><U28/><E45/><V133/><F133/><W55/><G55/><T13/><D44/><U70/><E52/><V11/><F11/><W35/><AGARI ba="0,1" hai="19,22,24,25,29,35,38,41,46,68,69,71,84,87" machi="35" ten="30,2000,0" yaku="1,1,0,1,53,0" doraHai="117" doraHaiUra="128" who="3" fromWho="3" sc="250,-10,250,-5,250,-5,240,30" /><INIT seed="1,0,0,1,1,41" ten="240,245,245,270" oya="1" hai0="103,98,71,28,9,12,95,93,26,132,65,47,108" hai1="0,49,102,42,57,77,11,5,101,50,69,14,63" hai2="73,78,107,112,72,46,115,34,37,89,110,92,24" hai3="128,32,2,85,111,20,55,1,124,10,113,130,35"/><U13/><E69/><V7/><F107/><W99/><G85/><T56/><D132/><U120/><E120/><V134/><F134/><W87/><G87/><T75/><D75/><U82/><E0/><N who="3" m="106" /><G99/><T36/><D108/><U54/><E14/><V22/><F34/><N who="3" m="12843" /><G55/><T80/><D80/><U18/><E18/><V68/><F68/><W81/><G81/><T94/><D71/><U61/><E50/><V119/><F7/><W135/><G135/><T76/><D76/><U88/><E88/><V60/><F60/><W70/><G70/><T104/><D12/><U53/><E42/><N who="2" m="22863" /><F119/><W121/><G121/><T59/><D9/><U51/><E51/><V83/><F110/><W96/><G96/><T6/><D36/><U38/><E38/><V15/><F15/><W4/><G111/><T3/><D3/><U23/><E23/><V40/><F40/><W52/><G52/><T100/><D98/><U74/><REACH who="1" step="1"/><E63/><REACH who="1" ten="240,235,245,270" step="2"/><V45/><F22/><W97/><G20/><T118/><D118/><U27/><E27/><V129/><F24/><W17/><G17/><T127/><D26/><U43/><E43/><V29/><F89/><W84/><G4/><T117/><D6/><U8/><E8/><V19/><F19/><W114/><G10/><T122/><D122/><U125/><E125/><V62/><F62/><W86/><G124/><T109/><D127/><U79/><E79/><V126/><F78/><W133/><G133/><T91/><D91/><U44/><AGARI ba="0,1" hai="5,11,13,44,49,53,54,57,61,74,77,82,101,102" machi="44" ten="20,7800,0" yaku="1,1,0,1,7,1,52,1,53,0" doraHai="41" doraHaiUra="66" who="1" fromWho="1" sc="240,-26,235,88,245,-26,270,-26" /><INIT seed="1,1,0,0,3,17" ten="214,323,219,244" oya="1" hai0="16,38,114,27,79,104,77,121,128,28,61,18,115" hai1="47,91,30,86,37,12,62,82,44,21,57,118,29" hai2="89,6,123,83,133,41,8,70,33,124,109,35,45" hai3="13,81,19,102,20,74,100,1,78,14,3,105,24"/><U112/><E112/><V36/><F123/><W125/><G125/><T106/><D38/><U68/><E68/><V60/><F89/><W103/><G105/><T96/><D128/><U23/><E118/><V9/><F9/><W134/><G134/><T15/><D121/><U111/><E111/><V108/><F83/><W64/><G64/><T49/><D49/><U65/><E37/><V116/><F124/><W34/><G34/><T71/><D18/><N who="1" m="10439" /><E30/><V127/><F127/><W40/><G40/><T95/><D104/><U113/><E113/><V63/><F63/><W42/><G42/><T80/><D106/><U75/><E75/><V67/><F133/><W56/><G14/><T110/><D110/><N who="2" m="42602" /><F116/><W76/><G76/><T11/><D79/><U130/><E130/><V126/><F126/><W101/><N who="3" m="26112" /><DORA hai="135" /><W51/><REACH who="3" step="1"/><G13/><AGARI ba="1,0" hai="6,8,13,33,35,36,41,45,60,67,70" m="42602" machi="13" ten="30,1000,0" yaku="14,1" doraHai="17,135" who="2" fromWho="3" sc="214,0,323,0,219,13,244,-13" /><INIT seed="2,0,0,4,2,92" ten="214,323,232,231" oya="2" hai0="61,37,88,57,8,128,122,36,23,24,52,81,29" hai1="124,114,82,4,108,63,40,87,86,55,115,30,102" hai2="85,46,12,32,16,99,38,70,44,51,66,6,130" hai3="131,0,109,123,20,75,133,80,98,64,112,45,48"/><V113/><F113/><W76/><G123/><T3/><D122/><U95/><E108/><V97/><F32/><W41/><G109/><T62/><D128/><U89/><E124/><V18/><F130/><W49/><G131/><T22/><D61/><U73/><E73/><V50/><F38/><W110/><G110/><T103/><D23/><U7/><E40/><N who="2" m="24839" /><F70/><W14/><G0/><T19/><D103/><U27/><E115/><V28/><F28/><W47/><G112/><T5/><D29/><U1/><E1/><V90/><F6/><W101/><G133/><T34/><D34/><U135/><E135/><V126/><F66/><W59/><G59/><T60/><REACH who="0" step="1"/><D62/><REACH who="0" ten="204,323,232,231" step="2"/><U121/><E63/><V21/><F126/><W68/><G20/><T119/><D119/><U54/><E114/><V31/><F31/><W104/><G64/><T129/><D129/><U83/><E121/><V67/><F67/><W100/><G100/><T39/><D39/><U117/><E102/><V84/><F18/><W9/><G68/><T26/><D26/><U56/><E27/><V58/><F58/><W93/><G104/><T78/><D78/><U134/><E134/><V91/><F91/><W10/><REACH who="3" step="1"/><G14/><REACH who="3" ten="204,323,232,221" step="2"/><T69/><D69/><U71/><E71/><V127/><F127/><W118/><G118/><T65/><D65/><U35/><E35/><V106/><F106/><W11/><G11/><T13/><D13/><U15/><E56/><V42/><F90/><W132/><G132/><T105/><D105/><U17/><E89/><V53/><F42/><AGARI ba="0,2" hai="9,10,41,42,45,47,48,49,75,76,80,93,98,101" machi="42" ten="30,8000,1" yaku="1,1,7,1,9,1,52,1,53,1" doraHai="92" doraHaiUra="74" who="3" fromWho="2" sc="204,0,323,0,232,-80,221,100" /><INIT seed="3,0,0,5,2,128" ten="204,323,152,321" oya="3" hai0="110,134,79,73,119,132,94,13,7,83,74,40,115" hai1="16,80,98,35,133,53,127,90,70,12,47,122,103" hai2="58,21,44,6,92,121,111,56,67,43,4,24,41" hai3="109,64,10,102,59,96,130,17,65,69,18,63,33"/><W62/><G130/><T99/><D40/><U91/><E122/><V11/><F121/><W106/><G109/><T86/><D7/><U118/><E70/><V112/><F111/><W85/><G85/><T97/><D110/><U68/><E68/><V52/><F112/><W32/><G32/><T45/><D45/><U31/><E118/><V22/><F92/><W39/><G39/><T101/><D13/><U36/><E127/><V82/><F82/><W49/><G49/><T107/><D115/><U60/><E35/><V84/><F84/><W54/><G54/><T55/><D119/><U131/><E53/><V61/><F44/><W42/><G42/><T75/><REACH who="0" step="1"/><D55/><REACH who="0" ten="194,323,152,321" step="2"/><U71/><E47/><V8/><F6/><W25/><G10/><T20/><D20/><U93/><E131/><V72/><F22/><W34/><G34/><T108/><D108/><U1/><E36/><V113/><F113/><W135/><G18/><T37/><D37/><U88/><E16/><N who="2" m="12327" /><F72/><W120/><G120/><T3/><D3/><U87/><E1/><V50/><F11/><W117/><G117/><T15/><D15/><AGARI ba="0,1" hai="4,8,15,41,43,50,52,56,58,61,67" m="12327" machi="15" ten="30,3900,0" yaku="8,1,54,2" doraHai="128" who="2" fromWho="0" sc="194,-39,323,0,152,49,321,0" /><INIT seed="4,0,0,1,5,39" ten="155,323,201,321" oya="0" hai0="118,73,25,133,85,28,17,114,124,60,47,88,107" hai1="77,43,131,49,62,117,24,68,135,9,129,52,83" hai2="132,27,63,19,16,92,120,95,2,36,84,79,8" hai3="91,121,103,23,100,15,31,65,108,41,0,115,4"/><T134/><D73/><U106/><E117/><V86/><F120/><W102/><G108/><T51/><D107/><U72/><E106/><V6/><F132/><N who="0" m="50794" /><D118/><U1/><E135/><V10/><F36/><W80/><G121/><T90/><D124/><U70/><E24/><V38/><F38/><W14/><G115/><T40/><D114/><U42/><E1/><V127/><F127/><W81/><G0/><T66/><D17/><U22/><E22/><V87/><F79/><W37/><G65/><T53/><D53/><U82/><E82/><V113/><F113/><W18/><G31/><T61/><D85/><U56/><E9/><V76/><F76/><W105/><G105/><T11/><D11/><U71/><REACH who="1" step="1"/><E62/><REACH who="1" ten="155,313,201,321" step="2"/><N who="0" m="24169" /><D66/><U109/><E109/><V130/><F63/><W89/><G14/><T55/><D55/><U74/><E74/><V34/><F10/><W45/><G4/><T57/><D57/><U12/><E12/><V32/><F27/><W46/><G81/><T123/><D123/><U112/><E112/><V7/><F6/><W64/><G80/><T59/><D59/><U101/><E101/><V99/><F95/><W50/><REACH who="3" step="1"/><G64/><REACH who="3" ten="155,313,201,311" step="2"/><T30/><D30/><U122/><E122/><V98/><F7/><W104/><G104/><T67/><D67/><U69/><E69/><V94/><F2/><W29/><G29/><T33/><AGARI ba="0,2" hai="25,28,33,40,47,51,88,90" m="24169,50794" machi="33" ten="30,6000,0" yaku="20,1,52,1,54,1" doraHai="39" who="0" fromWho="0" sc="155,80,313,-20,201,-20,311,-20" /><INIT seed="4,1,0,4,4,123" ten="235,293,181,291" oya="0" hai0="34,4,129,8,86,90,67,109,52,118,74,27,113" hai1="24,82,84,79,18,70,41,105,11,28,97,32,131" hai2="104,55,35,59,75,19,60,57,40,100,13,108,26" hai3="122,107,33,22,0,133,45,85,73,9,119,23,38"/><T58/><D118/><U80/><E131/><V5/><F75/><W112/><RYUUKYOKU type="yao9" ba="1,0" sc="235,0,293,0,181,0,291,0" hai3="0,9,22,23,33,38,45,73,85,107,112,119,122,133" /><INIT seed="4,2,0,3,0,109" ten="235,293,181,291" oya="0" hai0="96,50,66,99,7,73,92,114,0,14,125,106,27" hai1="78,107,19,16,10,76,69,3,89,18,61,43,24" hai2="56,6,122,12,75,87,86,34,102,37,77,49,70" hai3="94,22,48,126,118,97,135,8,79,71,105,13,33"/><T45/><D73/><U41/><E107/><V112/><F34/><W32/><G118/><T68/><D125/><U58/><E69/><V47/><F70/><W85/><G126/><T29/><D0/><U39/><E39/><V23/><F122/><W67/><G135/><T117/><D117/><U36/><E36/><V46/><F37/><W59/><G105/><T121/><D121/><U104/><E104/><V53/><F102/><W110/><G110/><T116/><D116/><U54/><E24/><V81/><F75/><W63/><G79/><N who="1" m="30250" /><E3/><V35/><F35/><W40/><G85/><T9/><D106/><U134/><E134/><V90/><F112/><W91/><G22/><T64/><D68/><U129/><E129/><V25/><F6/><W30/><G30/><T17/><D7/><U103/><E103/><V4/><F4/><W95/><G95/><T26/><D27/><U51/><E89/><V113/><F113/><W52/><G40/><N who="1" m="15434" /><E61/><V80/><REACH who="2" step="1"/><F12/><AGARI ba="2,0" hai="10,12,16,18,19,51,54,58" m="15434,30250" machi="12" ten="30,2000,0" yaku="8,1,54,1" doraHai="109" who="1" fromWho="2" sc="235,0,293,26,181,-26,291,0" /><INIT seed="5,0,0,5,2,37" ten="235,319,155,291" oya="1" hai0="66,14,13,20,47,76,56,57,89,105,11,122,87" hai1="16,98,43,53,127,72,18,77,132,62,51,80,27" hai2="96,82,7,102,25,110,8,94,64,39,50,116,106" hai3="109,0,58,12,91,1,124,81,134,108,24,15,10"/><U88/><E127/><V73/><F39/><W86/><G124/><T101/><D122/><U54/><E132/><V131/><F116/><W28/><G134/><T17/><D76/><U114/><E114/><V107/><F110/><W49/><G108/><T68/><D68/><U61/><E43/><V92/><F131/><W130/><G130/><T79/><D79/><U38/><E38/><V31/><F50/><W90/><G90/><T41/><D105/><U33/><E33/><V121/><F121/><W32/><G15/><T113/><D101/><U99/><E54/><V97/><F82/><W40/><G109/><T35/><D35/><U78/><E78/><V74/><F64/><W46/><REACH who="3" step="1"/><G58/><REACH who="3" ten="235,319,155,281" step="2"/><T21/><D113/><U67/><E88/><V55/><F74/><W52/><G52/><T4/><D66/><U65/><E65/><V42/><F55/><W117/><G117/><T29/><D56/><U103/><E67/><V118/><F73/><W135/><G135/><T75/><D75/><U48/><E72/><V34/><F118/><W85/><G85/><T126/><D57/><U22/><E77/><V23/><F42/><W115/><G115/><T44/><D41/><U93/><E53/><V128/><F128/><W26/><G26/><N who="0" m="16583" /><D126/><U30/><E62/><V133/><F133/><W3/><G3/><T45/><D89/><U123/><E61/><V129/><F129/><W9/><G9/><T100/><D87/><U71/><E123/><V104/><F8/><W119/><G119/><T63/><D63/><U19/><E27/><V2/><F25/><W5/><AGARI ba="0,1" hai="0,1,5,10,12,24,28,32,40,46,49,81,86,91" machi="5" ten="20,12000,2" yaku="1,1,5,1,0,1,7,1,52,1,53,1" doraHai="37" doraHaiUra="6" who="3" fromWho="3" sc="235,-30,319,-60,155,-30,281,130" /><INIT seed="6,0,0,3,1,15" ten="205,259,125,411" oya="2" hai0="16,75,4,133,60,28,35,132,18,78,125,44,81" hai1="21,90,33,84,76,80,39,62,86,135,101,104,103" hai2="61,122,58,108,30,93,92,113,89,53,45,43,50" hai3="8,42,77,79,48,65,12,64,69,5,19,109,51"/><V36/><F122/><W29/><G109/><T98/><D125/><U66/><E33/><V59/><F108/><W131/><G29/><T17/><D4/><U0/><E39/><V110/><F110/><W114/><G131/><T126/><D126/><U91/><E0/><V107/><F107/><W128/><G128/><T105/><D44/><U11/><E11/><V102/><F113/><W118/><G69/><T26/><D60/><U63/><E135/><N who="0" m="51785" /><D98/><U70/><E104/><AGARI ba="0,0" hai="16,17,18,26,28,35,75,78,81,104,105" m="51785" machi="104" ten="30,8000,1" yaku="20,1,52,3,54,1" doraHai="15" who="0" fromWho="1" sc="205,80,259,-80,125,0,411,0" /><INIT seed="7,0,0,2,4,94" ten="285,179,125,411" oya="3" hai0="112,2,102,103,31,105,57,20,49,117,83,34,18" hai1="47,24,107,6,134,66,85,92,108,90,78,74,8" hai2="89,114,113,124,91,76,63,48,127,132,111,122,40" hai3="60,13,44,23,133,121,120,10,82,19,128,17,129"/><W69/><G133/><T15/><D117/><U115/><E108/><V73/><F63/><W43/><G82/><T72/><D2/><U101/><E134/><V53/><F40/><W130/><G60/><T96/><D112/><N who="2" m="43114" /><F53/><W77/><G77/><T88/><D31/><U50/><E66/><V0/><F48/><N who="3" m="26655" /><G69/><T51/><D34/><U11/><E47/><V104/><F0/><W29/><G29/><T106/><D57/><U56/><E50/><V64/><F64/><W33/><G33/><T80/><D72/><U37/><E37/><V93/><F132/><W97/><G97/><T42/><D42/><U125/><E56/><V86/><F111/><W61/><G61/><T41/><D41/><U109/><E109/><V26/><F26/><AGARI ba="0,0" hai="10,13,17,19,23,26,120,121,128,129,130" m="26655" machi="26" ten="30,1500,0" yaku="19,1" doraHai="94" who="3" fromWho="2" sc="285,0,179,0,125,-15,411,15" owari="285,9.0,179,-22.0,110,-39.0,426,52.0" /></mjloggm>