<mjloggm ver="2.3"><GO type="169" lobby="0"/><UN n0="%E3%81%BE%E3%81%99%E3%81%9E%E3%81%88" n1="%E5%BD%A9%E4%BA%AC" n2="%E3%81%9F%E3%81%A1%E3%83%90%E3%83%8A%E3%83%8A%40" n3="%6E%69%73%69%35%30%32%38" dan="16,17,17,17" rate="2095.72,2203.72,2173.94,2134.82" sx="M,M,M,M"/><TAIKYOKU oya="0"/><INIT seed="0,0,0,5,2,3" ten="250,250,250,250" oya="0" hai0="129,113,68,128,61,53,60,119,62,90,20,104,70" hai1="46,54,4,0,55,133,42,32,112,24,5,27,21" hai2="125,28,69,41,105,107,51,100,45,88,9,16,12" hai3="75,33,34,40,102,13,67,35,83,10,127,118,94"/><T132/><D104/><U89/><E0/><V47/><F100/><W31/><G118/><T52/><D113/><U82/><E133/><V36/><F125/><W7/><G67/><T73/><D73/><U2/><E2/><V57/><F57/><W81/><G127/><T135/><D20/><U37/><E112/><V30/><F69/><N who="0" m="26730" /><D90/><U116/><E116/><V111/><F111/><W126/><G126/><T66/><D66/><U86/><E32/><V114/><F114/><W17/><G31/><T122/><D119/><U59/><E27/><V78/><F78/><W87/><G75/><T74/><D74/><U43/><E43/><V15/><F105/><W103/><G40/><T123/><D135/><U93/><E55/><N who="0" m="21065" /><D132/><U134/><E134/><V97/><F12/><W38/><G103/><T85/><D85/><U95/><E95/><N who="2" m="56551" /><F107/><W50/><G94/><T64/><D64/><U108/><E93/><V29/><F29/><W130/><G102/><T8/><D8/><U26/><E26/><V6/><F28/><W96/><G10/><T121/><AGARI ba="0,0" hai="60,61,62,121,122,123,128,129" m="21065,26730" machi="121" ten="50,12000,1" yaku="28,2,34,2,54,1" doraHai="3" who="0" fromWho="0" sc="250,120,250,-40,250,-40,250,-40" /><INIT seed="0,1,0,3,1,33" ten="370,210,210,210" oya="0" hai0="103,109,77,65,60,130,99,6,20,84,0,48,57" hai1="83,4,92,107,37,41,87,59,86,98,42,79,35" hai2="50,131,74,9,28,81,67,70,104,91,58,76,102" hai3="108,61,72,82,125,126,34,124,90,120,38,111,119"/><T117/><D117/><U49/><E37/><V14/><F131/><W128/><G34/><T13/><D130/><U2/><E107/><V29/><F70/><W52/><G128/><T22/><D0/><U116/><E116/><V17/><F102/><W121/><G38/><T62/><D109/><N who="3" m="42057" /><G119/><T63/><D22/><U88/><E35/><V93/><F104/><W64/><G52/><N who="0" m="31879" /><D103/><U73/><E73/><V53/><REACH who="2" step="1"/><F67/><REACH who="2" ten="370,210,200,210" step="2"/><W54/><G64/><T21/><D65/><U40/><E4/><V134/><F134/><W112/><G126/><T110/><D110/><U44/><E2/><V132/><F132/><W56/><G125/><T106/><D106/><U69/><E69/><V115/><F115/><W7/><G124/><T19/><D63/><U78/><REACH who="1" step="1"/><E59/><REACH who="1" ten="370,200,200,210" step="2"/><V80/><F80/><AGARI ba="1,2" hai="40,41,42,44,49,78,79,80,83,86,87,88,92,98" machi="80" ten="40,8000,1" yaku="1,1,2,1,9,1,8,1,54,1,53,0" doraHai="33" doraHaiUra="127" who="1" fromWho="2" sc="370,0,200,103,200,-83,210,0" /><INIT seed="1,0,0,3,1,38" ten="370,303,117,210" oya="1" hai0="86,0,53,128,70,116,80,42,82,124,65,134,67" hai1="113,16,49,8,5,10,129,96,89,25,40,72,121" hai2="99,132,110,90,66,7,68,46,87,34,130,57,36" hai3="75,100,103,33,109,123,63,107,122,3,118,39,52"/><U43/><E121/><V111/><F34/><W56/><G33/><T51/><D0/><U125/><E72/><V91/><F7/><W62/><G3/><T54/><D116/><U114/><E129/><V97/><F68/><W73/><G118/><T50/><D128/><U4/><E125/><V6/><F6/><W48/><G39/><T88/><D134/><U102/><E89/><V59/><F130/><W93/><G107/><T12/><D70/><U47/><E25/><V35/><F35/><W45/><G109/><T23/><D124/><U115/><E43/><V24/><F24/><W95/><G56/><N who="2" m="21577" /><F66/><N who="0" m="25098" /><D80/><U64/><E64/><V15/><F15/><W133/><G48/><N who="0" m="18475" /><D42/><U9/><REACH who="1" step="1"/><E16/><AGARI ba="0,0" hai="12,16,23,53,54,82,86,88" m="18475,25098" machi="16" ten="30,3900,0" yaku="8,1,54,2" doraHai="38" who="0" fromWho="1" sc="370,39,303,-39,117,0,210,0" /><INIT seed="2,0,0,4,1,50" ten="409,264,117,210" oya="2" hai0="128,107,72,19,40,28,99,23,6,5,52,33,10" hai1="49,121,102,62,86,113,114,35,101,12,83,32,57" hai2="85,117,60,22,47,122,16,56,100,66,103,42,108" hai3="90,120,111,110,80,119,104,84,67,25,64,8,21"/><V37/><F108/><N who="3" m="41515" /><G119/><T27/><D72/><U95/><E121/><V65/><F122/><W69/><G120/><T58/><D128/><U129/><E129/><V48/><F117/><W38/><G104/><T124/><D124/><U89/><E35/><V133/><F133/><W94/><G38/><T55/><D40/><U31/><E32/><V73/><F73/><W127/><G69/><T68/><D68/><U15/><E31/><V17/><F17/><N who="3" m="12463" /><G127/><T75/><D58/><U2/><E2/><V74/><F74/><W125/><G125/><T36/><D75/><U7/><E114/><V24/><F66/><N who="3" m="25131" /><G8/><T26/><D36/><U88/><E113/><V135/><F135/><W0/><G0/><T34/><D34/><U77/><E102/><V134/><F134/><W59/><G59/><T14/><REACH who="0" step="1"/><D5/><REACH who="0" ten="399,264,117,210" step="2"/><U123/><E7/><V92/><REACH who="2" step="1"/><F37/><REACH who="2" ten="399,264,107,210" step="2"/><W63/><G63/><T70/><D70/><U106/><E62/><V4/><F4/><W97/><G97/><T13/><D13/><U41/><E15/><V82/><F82/><AGARI ba="0,2" hai="80,82,84,90,94" m="25131,12463,41515" machi="82" ten="30,1000,0" yaku="14,1" doraHai="50" who="3" fromWho="2" sc="399,0,264,0,107,-10,210,30" /><INIT seed="3,0,0,1,3,101" ten="399,264,97,240" oya="3" hai0="130,92,70,102,85,43,76,121,5,55,96,45,120" hai1="41,58,75,27,87,38,86,62,104,133,26,83,117" hai2="106,8,74,69,116,131,19,107,84,88,105,97,25" hai3="12,4,94,100,118,53,17,50,66,31,9,80,42"/><W77/><G66/><T13/><D70/><U20/><E133/><V11/><F116/><W91/><G118/><T0/><D130/><U119/><E75/><V79/><F131/><W122/><G122/><T3/><D55/><U18/><E27/><V24/><F69/><W23/><G100/><T16/><D76/><U33/><E33/><V112/><F97/><W60/><G60/><T90/><D5/><U2/><E2/><V103/><F103/><W73/><G31/><T52/><D52/><U111/><E111/><V108/><F108/><W109/><G42/><T15/><D15/><U29/><E41/><V67/><F67/><W98/><G109/><T95/><D120/><U35/><E38/><V125/><F112/><W89/><G89/><T68/><D68/><U78/><E119/><V65/><F65/><W56/><G4/><T10/><D121/><U127/><E117/><V72/><F125/><W129/><G129/><T93/><D93/><U51/><E127/><V57/><F57/><W48/><REACH who="3" step="1"/><G50/><AGARI ba="0,0" hai="0,3,10,13,16,43,45,50,85,90,92,95,96,102" machi="50" ten="30,2000,0" yaku="7,1,54,1" doraHai="101" who="0" fromWho="3" sc="399,20,264,0,97,0,240,-20" /><INIT seed="4,0,0,5,5,74" ten="419,264,97,220" oya="0" hai0="118,64,130,67,1,6,44,134,32,30,8,36,107" hai1="105,121,86,26,3,124,39,58,28,15,7,79,12" hai2="14,37,72,73,75,99,125,127,90,47,13,132,20" hai3="123,78,95,115,66,126,22,101,97,77,122,83,40"/><T38/><D118/><U108/><E105/><V52/><F37/><W53/><G40/><T102/><D130/><U29/><E39/><V135/><F90/><W10/><G66/><T25/><D134/><N who="2" m="51242" /><F99/><W133/><G133/><T21/><D44/><U69/><E69/><V45/><F20/><W41/><G41/><T112/><D112/><U98/><E98/><V82/><F82/><W54/><G115/><T85/><D67/><U0/><E108/><V76/><F76/><N who="3" m="29291" /><G126/><N who="2" m="48137" /><F52/><N who="3" m="20075" /><G83/><T48/><D102/><U49/><E124/><V71/><F71/><W119/><G119/><T35/><D38/><U16/><E79/><V89/><F89/><W43/><G43/><T131/><D36/><U42/><E42/><V55/><F55/><W109/><G109/><T88/><D64/><U80/><E80/><V81/><F81/><W70/><G70/><T92/><D88/><U63/><E63/><V11/><F11/><W19/><G10/><T9/><D8/><U18/><E49/><V91/><F91/><W93/><G93/><T103/><D48/><U120/><E58/><V84/><F84/><W56/><G56/><T23/><D92/><U116/><E86/><V2/><F2/><W24/><G95/><T128/><D9/><U104/><E3/><V111/><F111/><W33/><G97/><T60/><D1/><U17/><E0/><V114/><F114/><W27/><G101/><T94/><D103/><U68/><E68/><V61/><F61/><W129/><G22/><T106/><D60/><U4/><E116/><V65/><F65/><W5/><G27/><T110/><D94/><RYUUKYOKU ba="0,0" sc="419,-10,264,-10,97,30,220,-10" hai2="13,14,45,47,72,73,75" /><INIT seed="5,1,0,3,5,106" ten="409,254,127,210" oya="1" hai0="25,27,37,26,46,44,47,8,118,127,111,92,10" hai1="43,18,129,2,38,53,57,76,41,36,77,17,58" hai2="21,40,68,24,32,120,100,51,69,22,107,39,67" hai3="49,34,7,52,66,116,134,16,81,115,119,56,99"/><U60/><E129/><V79/><F68/><W59/><G34/><T71/><D111/><U54/><REACH who="1" step="1"/><E60/><REACH who="1" ten="409,244,127,210" step="2"/><V132/><F120/><W135/><G119/><T126/><D37/><U85/><E85/><V48/><F39/><W88/><G116/><T94/><D118/><U64/><E64/><V23/><F67/><W112/><G66/><T65/><D65/><U117/><E117/><V61/><F61/><W62/><G62/><T82/><D71/><U83/><E83/><V105/><F69/><W96/><G81/><T3/><D82/><U128/><E128/><V35/><F48/><W6/><G49/><T80/><D80/><U15/><E15/><V30/><F51/><W55/><REACH who="3" step="1"/><G88/><REACH who="3" ten="409,244,127,200" step="2"/><T33/><D3/><AGARI ba="1,2" hai="2,3,17,18,36,38,41,43,53,54,57,58,76,77" machi="3" ten="25,12000,1" yaku="1,1,22,2,53,2" doraHai="106" doraHaiUra="12" who="1" fromWho="0" sc="409,-123,244,143,127,0,200,0" /><INIT seed="5,2,0,2,1,117" ten="286,387,127,200" oya="1" hai0="31,16,26,13,34,109,28,0,29,8,20,95,33" hai1="122,23,11,96,83,114,12,118,107,65,116,121,132" hai2="68,50,74,75,53,3,72,32,21,17,130,134,24" hai3="105,102,6,100,92,45,67,87,25,47,71,19,86"/><U37/><E37/><V69/><F130/><W64/><G6/><N who="0" m="1095" /><D109/><U27/><E65/><N who="3" m="25162" /><G71/><T48/><D48/><U111/><E83/><V49/><F134/><W82/><G105/><T7/><D95/><U93/><E107/><V14/><F3/><W101/><G92/><T30/><D7/><N who="1" m="3199" /><E93/><V76/><F76/><N who="3" m="46407" /><G87/><T124/><D124/><U1/><E96/><V61/><F61/><W81/><G81/><T135/><D135/><U80/><E80/><V104/><F104/><W18/><G25/><AGARI ba="2,0" hai="13,16,20,25,26,28,29,30,31,33,34" m="1095" machi="25" ten="30,12000,2" yaku="24,1,35,5,54,1" doraHai="117" who="0" fromWho="3" sc="286,126,387,0,127,0,200,-126" /><INIT seed="6,0,0,2,3,114" ten="412,387,127,74" oya="2" hai0="30,96,18,68,5,73,69,11,106,24,80,16,36" hai1="104,127,88,50,44,83,66,41,112,115,49,27,60" hai2="109,131,65,121,26,87,13,3,55,120,64,47,8" hai3="23,42,38,17,0,93,135,74,107,105,28,125,128"/><V40/><F3/><W99/><G0/><T29/><D36/><N who="1" m="21543" /><E104/><V19/><F131/><W117/><G74/><T39/><D39/><U9/><E9/><V94/><F109/><W57/><G28/><T62/><D69/><N who="1" m="42183" /><E27/><V113/><F113/><N who="1" m="43593" /><E127/><V79/><F55/><W86/><G125/><T6/><D30/><U12/><E12/><V52/><F52/><W2/><G107/><T126/><D80/><U84/><AGARI ba="0,0" hai="49,50,83,84,88" m="43593,42183,21543" machi="84" ten="30,2000,0" yaku="15,1,54,1" doraHai="114" who="1" fromWho="1" sc="412,-5,387,20,127,-10,74,-5" /><INIT seed="7,0,0,3,1,70" ten="407,407,117,69" oya="3" hai0="98,99,14,22,96,53,29,87,11,106,86,4,122" hai1="28,13,17,132,123,36,42,93,100,134,69,125,74" hai2="27,57,18,83,0,47,120,7,51,33,38,135,91" hai3="6,64,124,95,79,52,34,63,75,41,35,77,76"/><W129/><G75/><T30/><D106/><U43/><E69/><V84/><F38/><W112/><G112/><T110/><D110/><U37/><E123/><V48/><F7/><W126/><G6/><T104/><D104/><U113/><E74/><V119/><F0/><W102/><G129/><T56/><D122/><U15/><E28/><N who="0" m="10857" /><D22/><U58/><E113/><V12/><F27/><W127/><G41/><N who="1" m="15370" /><E125/><V59/><F119/><W128/><G128/><T40/><D40/><U65/><E65/><V114/><F135/><N who="1" m="51753" /><E58/><V55/><F33/><W111/><G111/><T89/><D89/><U62/><E62/><AGARI ba="0,0" hai="4,11,14,53,56,62,86,87,96,98,99" m="10857" machi="62" ten="30,1000,0" yaku="8,1" doraHai="70" who="0" fromWho="1" sc="407,10,407,-10,117,0,69,0" owari="417,51.0,397,20.0,117,-28.0,69,-43.0" /></mjloggm>