<mjloggm ver="2.3"><GO type="169" lobby="0"/><UN n0="%E3%81%B2%E3%81%90%E3%81%A1" n1="%EF%BC%BC%28%EF%BC%BE%6F%EF%BC%BE%29%EF%BC%8F%E2%98%85" n2="%E3%82%B4%E3%83%83%E3%82%B5%E3%83%A0" n3="%52%45%49%4E%E6%A3%AE%E4%B9%85%E4%BF%9D%50" dan="17,17,16,16" rate="2219.00,2246.99,2060.84,2147.92" sx="M,M,M,M"/><TAIKYOKU oya="0"/><INIT seed="0,0,0,2,4,91" ten="250,250,250,250" oya="0" hai0="71,13,2,66,41,22,3,115,36,86,69,108,29" hai1="127,1,21,130,63,7,54,134,48,35,93,129,83" hai2="113,32,126,58,85,84,44,62,56,70,20,125,133" hai3="102,82,19,73,17,92,61,28,112,37,94,57,122"/><T26/><D115/><U78/><E35/><V132/><F32/><W104/><G37/><T90/><D108/><U46/><E134/><N who="2" m="51819" /><F20/><W23/><G122/><T72/><D72/><U64/><E127/><N who="2" m="48651" /><F113/><W8/><G112/><T27/><D41/><U0/><E21/><V34/><F34/><W45/><G45/><T15/><D36/><U119/><E119/><V110/><F110/><W97/><G28/><T39/><D39/><U51/><E51/><V9/><F9/><W80/><G8/><T74/><D74/><U81/><E7/><V131/><F44/><W76/><G80/><T49/><D22/><U101/><E1/><V38/><F38/><W111/><G17/><T53/><D29/><U79/><E0/><V6/><F6/><W135/><G111/><T25/><D2/><U109/><E109/><V30/><F30/><W10/><G10/><T120/><D3/><U11/><E11/><V12/><F12/><W87/><G73/><T68/><D120/><U88/><E101/><V105/><F105/><W100/><G100/><T65/><D13/><U128/><E79/><V55/><F56/><W33/><G33/><T98/><D15/><U75/><E78/><V40/><F40/><W59/><G59/><T118/><D69/><N who="1" m="42143" /><E75/><V123/><F123/><W114/><G114/><T60/><D68/><U16/><E16/><V103/><F103/><W116/><G135/><T14/><D14/><U89/><E89/><V24/><F24/><N who="3" m="14463" /><G116/><T67/><D118/><U50/><E50/><N who="2" m="31095" /><F131/><W52/><G104/><T18/><D26/><U107/><E107/><V99/><F99/><AGARI ba="0,0" hai="46,48,54,81,83,88,93,99,128,129,130" m="42143" machi="99" ten="30,7700,0" yaku="6,1,19,1,52,1,54,1" doraHai="91" who="1" fromWho="2" sc="250,0,250,77,250,-77,250,0" /><INIT seed="1,0,0,1,1,29" ten="250,327,173,250" oya="1" hai0="130,16,20,69,15,31,56,73,87,95,19,54,2" hai1="13,133,61,128,74,122,101,91,32,120,47,50,38" hai2="5,10,59,57,40,25,49,60,72,132,58,30,92" hai3="33,117,113,125,66,81,86,115,135,68,83,100,24"/><U110/><E74/><V127/><F127/><W8/><G117/><T1/><D69/><U82/><E38/><V35/><F132/><W67/><G125/><T51/><D73/><U102/><E133/><V134/><F134/><W21/><G135/><T7/><D130/><U76/><E32/><V55/><F72/><W106/><G8/><T65/><D65/><U43/><E128/><V46/><REACH who="2" step="1"/><F92/><REACH who="2" ten="250,327,163,250" step="2"/><W105/><G113/><T4/><D1/><AGARI ba="0,1" hai="1,5,10,25,30,35,40,46,49,55,57,58,59,60" machi="1" ten="30,7700,0" yaku="1,1,2,1,7,1,52,1,53,0" doraHai="29" doraHaiUra="93" who="2" fromWho="0" sc="250,-77,327,0,163,87,250,0" /><INIT seed="2,0,0,3,4,7" ten="173,327,250,250" oya="2" hai0="50,118,1,45,93,77,36,131,44,117,2,40,85" hai1="68,125,81,126,108,16,69,122,127,113,75,134,121" hai2="87,105,128,14,79,103,4,8,112,57,61,55,129" hai3="101,90,56,67,53,21,41,91,76,124,64,47,106"/><V12/><F112/><W11/><G124/><T20/><D131/><N who="2" m="50250" /><F105/><W37/><G76/><T123/><D123/><N who="1" m="47115" /><E108/><V104/><F104/><W54/><G53/><T71/><D71/><U82/><E113/><V62/><F103/><W13/><G21/><T66/><D66/><U114/><E114/><V32/><F32/><W17/><G101/><T72/><D72/><U100/><E100/><V18/><F62/><W35/><G35/><T23/><D1/><U74/><E134/><V43/><F43/><W97/><G106/><T109/><D2/><U59/><E59/><V119/><F119/><N who="0" m="45578" /><D109/><U60/><E60/><V92/><F92/><W22/><G22/><N who="0" m="8235" /><D93/><U31/><E31/><V26/><F26/><W96/><G96/><T10/><D10/><U48/><E69/><V84/><F79/><W19/><G19/><T49/><D45/><U58/><E68/><V132/><F132/><W42/><G42/><T135/><D135/><U38/><E127/><V25/><F25/><W80/><G97/><T30/><D30/><U111/><E111/><V51/><F61/><W0/><G0/><T115/><D115/><U3/><E3/><V34/><F34/><W78/><G67/><T110/><D110/><U39/><E126/><V120/><F120/><W65/><G64/><T95/><D95/><U133/><E133/><V27/><F27/><W102/><G65/><T24/><D24/><U86/><E125/><V107/><F107/><W73/><G102/><T63/><D63/><AGARI ba="0,0" hai="11,13,17,37,41,47,54,56,63,73,78,80,90,91" machi="63" ten="30,2000,0" yaku="7,1,52,1" doraHai="7" who="3" fromWho="0" sc="173,-20,327,0,250,0,250,20" /><INIT seed="3,0,0,2,2,107" ten="153,327,250,270" oya="3" hai0="79,62,61,124,131,60,53,19,89,34,93,63,0" hai1="17,58,44,69,31,105,112,15,88,106,77,84,45" hai2="85,127,47,118,86,54,132,51,16,128,40,66,135" hai3="52,24,29,98,23,55,76,101,116,72,12,68,125"/><W49/><G116/><T8/><D131/><U99/><E69/><V109/><F118/><W83/><G68/><T4/><D124/><U100/><E112/><V7/><F7/><W120/><G125/><T122/><D122/><U82/><E106/><V18/><F127/><W43/><G120/><T75/><D34/><U103/><E100/><V13/><F128/><W21/><G43/><T115/><D115/><U2/><E2/><V73/><F109/><W42/><G42/><T130/><D130/><U123/><E123/><V111/><F111/><W10/><G23/><T32/><D32/><U27/><E58/><V9/><F66/><W33/><G49/><T22/><D53/><U97/><E97/><V104/><F104/><W1/><G1/><T129/><D129/><U96/><E96/><V46/><F18/><W39/><G39/><T92/><N who="0" m="15360" /><DORA hai="119" /><T30/><D30/><U14/><E14/><V80/><F73/><W91/><G91/><T26/><REACH who="0" step="1"/><D89/><REACH who="0" ten="143,327,250,270" step="2"/><U113/><E88/><N who="2" m="51239" /><F86/><W87/><G33/><T108/><D108/><U37/><E113/><V56/><F56/><W65/><G87/><T41/><D41/><U102/><E84/><V25/><F25/><W126/><G126/><T5/><D5/><U38/><E27/><V70/><F70/><W64/><G64/><T114/><D114/><U20/><E103/><V59/><F59/><W134/><G65/><T48/><D48/><AGARI ba="0,1" hai="9,13,16,40,46,47,48,51,54,132,135" m="51239" machi="48" ten="30,3900,0" yaku="25,1,54,2" doraHai="107,119" who="2" fromWho="0" sc="143,-39,327,0,250,49,270,0" /><INIT seed="4,0,0,0,1,78" ten="104,327,299,270" oya="0" hai0="62,37,3,126,72,73,65,101,33,117,61,56,14" hai1="80,54,119,53,86,81,90,124,118,44,59,63,41" hai2="129,52,25,97,32,26,104,55,13,120,29,98,58" hai3="60,122,17,48,7,23,103,0,113,43,9,39,87"/><T5/><D117/><U76/><E124/><V35/><F120/><W102/><G113/><T96/><D3/><U92/><E54/><V115/><F115/><W89/><G122/><T133/><D126/><U106/><E106/><V40/><F40/><W21/><G39/><T34/><D37/><U121/><E121/><V84/><F129/><W131/><G131/><T18/><D5/><U8/><E8/><V134/><F13/><W51/><G60/><T66/><D133/><U128/><E128/><V6/><F6/><W112/><G23/><T110/><D110/><U68/><E68/><V42/><F42/><W49/><G43/><T47/><D47/><U91/><E91/><V94/><F55/><W75/><G75/><T85/><D85/><U79/><E79/><V100/><F84/><W16/><G17/><T4/><D4/><U67/><E53/><V116/><F116/><W57/><G57/><T69/><D73/><U114/><E114/><V15/><F15/><W31/><G31/><T135/><D72/><U108/><E108/><V64/><F64/><W1/><G1/><T109/><D135/><U38/><REACH who="1" step="1"/><E81/><REACH who="1" ten="104,317,299,270" step="2"/><V10/><F104/><W107/><G107/><T71/><D109/><U27/><E27/><V28/><F25/><N who="3" m="14503" /><G112/><T123/><D123/><U70/><E70/><V77/><F26/><W45/><G45/><T82/><D82/><U99/><AGARI ba="0,1" hai="38,41,44,59,63,67,76,80,86,90,92,99,118,119" machi="99" ten="20,8000,1" yaku="1,1,0,1,7,1,52,1,53,1" doraHai="78" doraHaiUra="74" who="1" fromWho="1" sc="104,-40,317,90,299,-20,270,-20" /><INIT seed="5,0,0,4,4,30" ten="64,407,279,250" oya="1" hai0="130,79,128,44,134,110,91,111,54,133,70,67,2" hai1="57,19,75,72,51,117,58,135,34,4,116,12,28" hai2="50,38,64,43,99,66,126,76,23,31,98,105,81" hai3="69,55,129,36,10,21,68,20,7,18,94,77,47"/><U62/><E4/><V5/><F38/><W104/><G104/><T80/><D91/><U90/><E135/><N who="0" m="51721" /><D80/><U108/><E108/><N who="0" m="41513" /><D79/><U53/><E90/><V25/><F126/><W3/><G77/><T120/><D2/><U78/><E117/><V22/><F5/><W121/><G129/><N who="0" m="49771" /><D120/><U123/><E123/><V13/><F105/><W60/><G121/><T132/><N who="0" m="51729" /><T17/><DORA hai="124" /><D17/><U15/><E19/><N who="2" m="10607" /><F81/><W8/><G18/><T84/><D84/><U96/><E78/><V11/><F11/><W49/><G10/><T48/><D67/><N who="2" m="25642" /><F76/><W87/><G8/><T24/><D24/><U89/><E89/><V127/><F127/><W56/><G3/><T115/><D115/><U52/><E15/><V63/><F25/><W85/><G7/><T33/><D33/><U32/><E12/><V41/><F99/><W26/><G85/><T101/><D101/><U46/><E96/><V92/><F98/><W29/><G26/><T6/><D6/><U125/><E125/><V86/><F86/><W61/><G87/><T27/><D27/><U106/><E34/><V73/><F23/><W93/><G20/><T83/><D83/><U109/><E32/><V113/><F113/><W100/><G21/><T103/><D103/><U14/><E14/><V1/><F1/><W118/><G100/><T102/><D102/><U107/><E109/><V0/><F0/><W131/><G131/><T65/><D65/><U122/><E122/><V45/><F31/><W114/><G114/><T42/><D70/><U97/><E97/><V9/><F9/><W40/><G68/><RYUUKYOKU ba="0,0" sc="64,30,407,-10,279,-10,250,-10" hai0="42,44,48,54" /><INIT seed="6,1,0,2,0,130" ten="94,397,269,240" oya="2" hai0="52,96,83,62,73,122,21,107,109,49,14,30,135" hai1="81,65,36,66,87,41,23,4,86,64,126,132,59" hai2="38,111,98,13,28,112,37,75,42,70,24,113,119" hai3="31,1,97,43,125,74,63,123,102,67,9,105,91"/><V124/><F119/><W80/><G123/><T101/><D109/><U69/><E69/><V33/><F111/><W108/><G108/><T68/><D122/><U8/><E87/><V94/><F75/><W2/><G125/><T39/><D39/><U92/><E92/><V95/><F70/><W29/><G43/><T48/><D30/><U45/><E23/><V51/><F95/><W76/><G91/><T12/><D48/><U27/><E27/><V134/><F124/><W44/><G44/><T50/><D49/><U15/><E126/><V133/><F13/><W100/><G100/><T71/><D71/><U17/><E17/><V32/><F51/><W56/><G9/><T85/><D73/><U106/><E106/><V118/><F118/><W53/><REACH who="3" step="1"/><G67/><REACH who="3" ten="94,397,269,230" step="2"/><T19/><D62/><U115/><E45/><N who="2" m="23759" /><F38/><W10/><G10/><T26/><D68/><U55/><E8/><V22/><F32/><W114/><G114/><N who="2" m="44137" /><F33/><W6/><G6/><T18/><D101/><AGARI ba="1,1" hai="22,24,28,94,98,101,133,134" m="44137,23759" machi="101" ten="30,5800,0" yaku="15,1,52,2" doraHai="130" who="2" fromWho="0" sc="94,-61,397,0,269,71,230,0" /><INIT seed="6,2,0,1,5,84" ten="33,397,340,230" oya="2" hai0="105,73,2,71,77,91,118,49,116,7,110,90,115" hai1="81,22,37,67,130,98,56,112,123,132,36,97,74" hai2="86,111,14,103,11,65,47,109,40,3,64,19,92" hai3="18,121,32,31,60,96,34,75,101,30,70,24,52"/><V78/><F3/><W15/><G75/><T82/><D71/><U100/><E112/><V79/><F103/><W57/><G121/><T99/><D7/><U5/><E5/><V113/><F113/><W104/><G70/><T6/><D6/><U29/><E98/><V55/><F55/><W35/><REACH who="3" step="1"/><G31/><REACH who="3" ten="33,397,340,220" step="2"/><T53/><D115/><U20/><E29/><V51/><F111/><W134/><G134/><T124/><D2/><U25/><E132/><V1/><F109/><W76/><G76/><N who="2" m="29225" /><F1/><W108/><G108/><T26/><D110/><U9/><E123/><V135/><F135/><W120/><G120/><T45/><D26/><U42/><E74/><V17/><F17/><W58/><G58/><T85/><D124/><U61/><E56/><V87/><F87/><W127/><G127/><T122/><D122/><U131/><E97/><V38/><F38/><W133/><G133/><T33/><D33/><U4/><E37/><V114/><F114/><W72/><G72/><T69/><D69/><U48/><E36/><V23/><F86/><W93/><G93/><T119/><REACH who="0" step="1"/><D73/><REACH who="0" ten="23,397,340,220" step="2"/><U10/><E131/><V46/><F92/><W27/><G27/><T62/><D62/><U12/><E25/><V126/><F126/><W68/><G68/><T43/><D43/><U106/><E42/><V39/><F40/><W59/><G59/><T21/><D21/><AGARI ba="2,2" hai="15,18,21,24,30,32,34,35,52,57,60,96,101,104" machi="21" ten="30,12000,2" yaku="1,1,7,1,54,1,53,3" doraHai="84" doraHaiUra="28" who="3" fromWho="0" sc="23,-126,397,0,340,0,220,146" owari="-103,-60.0,397,49.0,340,-6.0,366,17.0" /></mjloggm>