<mjloggm ver="2.3"><GO type="169" lobby="0"/><UN n0="%E6%9B%BF%E7%8E%89%E5%9B%BA%E9%BA%BA" n1="%E8%A5%BF%E6%9D%91%E9%9B%84%E4%B8%80%E9%83%8E" n2="%E3%82%B7%E3%82%A7%E3%82%A4%E3%83%97%E3%82%B7%E3%83%95%E3%82%BF%E3%83%BC" n3="%E3%81%B5%E3%81%98%E3%81%8B%E3%81%A4" dan="16,18,16,16" rate="2168.46,2340.22,2134.59,2195.75" sx="M,M,M,M"/><TAIKYOKU oya="0"/><INIT seed="0,0,0,0,2,69" ten="250,250,250,250" oya="0" hai0="98,56,15,94,125,67,133,41,132,27,68,16,93" hai1="62,25,131,97,110,34,20,59,32,13,63,46,72" hai2="91,127,39,96,51,33,64,104,126,88,61,55,74" hai3="124,87,119,35,134,79,71,31,117,120,95,45,103"/><T76/><D125/><N who="2" m="47626" /><F33/><W19/><G124/><T7/><D68/><U92/><E72/><V115/><F74/><W58/><G71/><T8/><D76/><U85/><E110/><V21/><F115/><W109/><G109/><T122/><D122/><U90/><E131/><V116/><F116/><W101/><G35/><T30/><D41/><U36/><E63/><V1/><F1/><W135/><G31/><T81/><D81/><U53/><E13/><V3/><F3/><W42/><G19/><T12/><D56/><U86/><E34/><V113/><F64/><W66/><G120/><T112/><D67/><U44/><E32/><V52/><F39/><W18/><G18/><T78/><D78/><U83/><E36/><V130/><F21/><W118/><G66/><T28/><D112/><U24/><E85/><V5/><F5/><W75/><G58/><T84/><D84/><U121/><E121/><V43/><F130/><W129/><G45/><N who="1" m="17514" /><E20/><V40/><F61/><W80/><G42/><N who="2" m="15913" /><F113/><W47/><G47/><T57/><D57/><U11/><E11/><V0/><F51/><W4/><G4/><T123/><D123/><U77/><AGARI ba="0,0" hai="24,25,53,59,62,77,83,86,90,92,97" m="17514" machi="77" ten="30,1100,0" yaku="8,1" doraHai="69" who="1" fromWho="1" sc="250,-5,250,11,250,-3,250,-3" /><INIT seed="1,0,0,4,4,21" ten="245,261,247,247" oya="1" hai0="35,128,103,41,24,112,55,33,6,101,104,37,113" hai1="25,42,111,19,36,108,64,90,27,61,22,10,72" hai2="120,60,107,29,40,44,3,15,100,20,119,75,8" hai3="30,46,13,77,118,23,116,50,4,133,87,32,85"/><U38/><E72/><V134/><F75/><W58/><G77/><T62/><D6/><U102/><E102/><V86/><F3/><W5/><G58/><T65/><D128/><U94/><E10/><V126/><F120/><W95/><G87/><T69/><D55/><U68/><E27/><V59/><F119/><N who="3" m="45611" /><G133/><T97/><D103/><U114/><E114/><V121/><F121/><W52/><G32/><T1/><D1/><U54/><E54/><V43/><F43/><W81/><G95/><T2/><D2/><U0/><E0/><V56/><F56/><W109/><G109/><N who="1" m="42058" /><E42/><V123/><F40/><W93/><G93/><T74/><D74/><U135/><E135/><V125/><F134/><W51/><G13/><T47/><D35/><U88/><E90/><V83/><F15/><W78/><G50/><T96/><D96/><AGARI ba="0,0" hai="19,22,25,36,38,61,64,68,88,94,96" m="42058" machi="96" ten="30,11600,0" yaku="14,1,10,1,52,1,54,1" doraHai="21" who="1" fromWho="0" sc="245,-116,261,116,247,0,247,0" /><INIT seed="1,1,0,4,1,51" ten="129,377,247,247" oya="1" hai0="24,3,69,71,92,58,115,82,129,12,42,99,29" hai1="4,65,8,59,103,1,32,34,13,7,133,68,90" hai2="114,131,18,79,2,85,72,22,88,116,106,109,74" hai3="44,87,102,14,20,52,60,73,84,23,75,37,112"/><U76/><E68/><V53/><F116/><W98/><G112/><T96/><D115/><U11/><E133/><V135/><F114/><W9/><G73/><T120/><D3/><U33/><E103/><V63/><F2/><W0/><G0/><T126/><D42/><U45/><E76/><V104/><F135/><W10/><G75/><T5/><D126/><U118/><E118/><V30/><F30/><W17/><G37/><T70/><D129/><U117/><E117/><V50/><F63/><W54/><G102/><T80/><D120/><U78/><E78/><V38/><F38/><W110/><G110/><T39/><D39/><U43/><E90/><V128/><F109/><W97/><G60/><T19/><D5/><U132/><E132/><V93/><F74/><W105/><G105/><T100/><D58/><U123/><E123/><V121/><F121/><W57/><G57/><T6/><D6/><U56/><REACH who="1" step="1"/><E65/><REACH who="1" ten="129,367,247,247" step="2"/><V107/><F79/><W130/><G130/><T27/><D99/><U124/><E124/><V95/><F72/><W15/><G17/><T55/><D71/><U64/><E64/><V66/><F66/><W94/><G94/><T89/><D70/><U81/><E81/><V46/><REACH who="2" step="1"/><F95/><REACH who="2" ten="129,367,237,247" step="2"/><W25/><G25/><AGARI ba="1,2" hai="18,22,25,46,50,53,85,88,93,104,106,107,128,131" machi="25" ten="40,8000,1" yaku="1,1,2,1,52,1,54,1,53,0" doraHai="51" doraHaiUra="119" who="2" fromWho="3" sc="129,0,367,0,237,103,247,-83" /><INIT seed="2,0,0,2,5,96" ten="129,367,340,164" oya="2" hai0="62,73,95,124,11,92,105,42,66,64,133,86,46" hai1="48,33,79,129,65,78,4,85,50,125,56,29,45" hai2="120,88,97,118,130,81,6,100,16,12,22,34,57" hai3="104,84,0,61,25,32,28,128,93,80,21,63,49"/><V8/><F34/><W72/><G128/><T119/><D124/><U30/><E33/><V58/><F120/><W53/><G104/><T55/><D133/><U1/><E1/><V17/><F118/><W10/><G93/><T123/><D123/><U59/><E4/><V107/><F130/><W35/><G72/><T71/><D119/><U113/><E113/><V110/><F110/><W52/><G0/><T7/><D105/><U26/><E129/><V74/><F17/><W54/><G49/><T91/><D73/><U121/><E121/><V27/><REACH who="2" step="1"/><F88/><REACH who="2" ten="129,367,330,164" step="2"/><N who="3" m="51207" /><G35/><T47/><D66/><U5/><E65/><V135/><F135/><W106/><G32/><T102/><D55/><U76/><E30/><V116/><F116/><W14/><G106/><T37/><D47/><U98/><E45/><V115/><F115/><W41/><G41/><T134/><D134/><U23/><E29/><V94/><F94/><W90/><G90/><T31/><D31/><U112/><E112/><V70/><F70/><W117/><G117/><T38/><D38/><U99/><E125/><V40/><F40/><W13/><G13/><T109/><D109/><U126/><E126/><V132/><F132/><W68/><G68/><T111/><D111/><U19/><E19/><AGARI ba="0,1" hai="10,14,19,21,25,28,52,53,54,61,63" m="51207" machi="19" ten="30,3900,0" yaku="8,1,54,2" doraHai="96" who="3" fromWho="1" sc="129,0,367,-39,330,0,164,49" /><INIT seed="3,0,0,1,0,77" ten="129,328,330,213" oya="3" hai0="44,15,53,40,7,47,90,85,92,58,131,57,54" hai1="93,30,72,115,74,21,76,24,0,31,84,97,52" hai2="104,130,46,60,117,78,103,134,128,79,38,116,43" hai3="99,107,120,16,9,108,135,63,14,133,94,101,11"/><W73/><G120/><T88/><D131/><N who="2" m="50218" /><F134/><N who="3" m="51211" /><G73/><T42/><D7/><U123/><E115/><V98/><F60/><W49/><G9/><T65/><D65/><U96/><E96/><V1/><F1/><W12/><G12/><T83/><D15/><U3/><E31/><V22/><F22/><W20/><G63/><N who="0" m="36271" /><D42/><U5/><E123/><V37/><F37/><W59/><G108/><T112/><D40/><U124/><E124/><V100/><F100/><W51/><G11/><T29/><D29/><U125/><E125/><V71/><F71/><W118/><G118/><AGARI ba="0,0" hai="38,43,46,78,79,98,103,104,116,117,118" m="50218" machi="118" ten="30,1000,0" yaku="19,1" doraHai="77" who="2" fromWho="3" sc="129,0,328,0,330,10,213,-10" /><INIT seed="4,0,0,2,2,17" ten="129,328,340,203" oya="0" hai0="15,115,111,109,120,23,70,21,65,61,88,89,2" hai1="3,36,93,79,84,69,128,64,119,12,92,4,25" hai2="121,71,105,63,83,10,48,29,1,67,8,74,130" hai3="66,5,60,56,68,27,117,123,55,98,75,52,95"/><T32/><D120/><U59/><E3/><V24/><F121/><W38/><G123/><T94/><D32/><U19/><E36/><V30/><F30/><W116/><G75/><T101/><D2/><U77/><E69/><V11/><F130/><W43/><G5/><T102/><D115/><U125/><E119/><V133/><F133/><W20/><G55/><T34/><D34/><U90/><E125/><V103/><F48/><W9/><G9/><T54/><D54/><U87/><E25/><V62/><F62/><W7/><G7/><T72/><D72/><U104/><E104/><V49/><F49/><W0/><G0/><T122/><D122/><U31/><E31/><V113/><F10/><W129/><G129/><T51/><D51/><U40/><E4/><V131/><F113/><W35/><G35/><T28/><D28/><U91/><E40/><V86/><F74/><W85/><G85/><T39/><D39/><U47/><E47/><V135/><F135/><W6/><G6/><T33/><D33/><U132/><E132/><V82/><F86/><W13/><G13/><T100/><D15/><U42/><E42/><V110/><F1/><W96/><G43/><T99/><REACH who="0" step="1"/><D89/><REACH who="0" ten="119,328,340,203" step="2"/><U44/><E128/><V81/><F131/><W114/><G38/><T106/><D106/><U97/><E90/><V18/><F29/><N who="3" m="17639" /><G114/><T46/><D46/><U112/><E44/><V124/><F105/><W108/><G117/><T41/><D41/><U78/><E112/><V53/><F53/><W80/><G116/><T107/><D107/><U14/><E14/><V126/><F24/><RYUUKYOKU ba="0,1" sc="119,30,328,-10,340,-10,203,-10" hai0="21,23,61,65,70,88,94,99,100,101,102,109,111" /><INIT seed="4,1,1,3,0,116" ten="149,318,330,193" oya="0" hai0="32,53,72,55,130,117,45,82,90,65,26,5,114" hai1="52,67,107,68,28,56,36,78,23,95,94,49,73" hai2="76,91,18,85,57,6,108,50,105,48,4,80,44" hai3="129,63,87,111,122,7,75,132,83,58,21,62,120"/><T110/><D117/><U88/><E107/><V24/><F105/><W35/><G35/><T64/><D114/><U131/><E131/><V40/><F108/><W113/><G111/><T37/><D110/><U118/><E118/><V1/><F1/><W33/><G33/><T101/><D130/><U119/><E119/><V59/><F91/><W134/><G7/><N who="2" m="2601" /><F50/><W106/><G106/><T93/><D101/><U11/><E11/><V77/><F76/><W123/><G129/><T39/><D5/><U3/><E36/><V20/><AGARI ba="1,1" hai="18,20,24,40,44,48,57,59,77,80,85" m="2601" machi="20" ten="30,1100,0" yaku="8,1" doraHai="116" who="2" fromWho="2" sc="149,-6,318,-4,330,24,193,-4" /><INIT seed="5,0,0,0,4,93" ten="143,314,354,189" oya="1" hai0="52,29,3,84,0,13,62,28,79,108,120,103,12" hai1="129,58,133,118,72,60,54,102,65,81,104,85,80" hai2="44,46,128,43,37,114,96,19,30,57,47,131,91" hai3="10,20,88,25,22,8,78,51,1,119,70,86,24"/><U75/><E118/><V92/><F114/><W111/><G70/><T35/><D108/><U14/><E133/><V27/><F19/><W49/><G119/><T64/><D120/><U82/><E129/><N who="2" m="49739" /><F57/><W68/><G111/><T32/><D103/><U123/><E123/><V107/><F107/><W100/><G68/><T48/><D84/><U94/><E104/><V15/><F15/><W11/><G100/><T33/><D79/><U127/><E127/><V83/><F83/><W99/><G1/><T45/><D13/><U40/><E40/><V73/><F73/><W109/><G109/><T101/><D101/><U90/><E102/><V63/><F63/><W89/><G78/><T6/><D12/><U97/><E85/><V7/><F7/><W110/><G110/><T36/><D36/><U116/><E116/><V50/><F50/><N who="3" m="18955" /><G86/><T53/><D53/><U16/><REACH who="1" step="1"/><E54/><REACH who="1" ten="143,304,354,189" step="2"/><V66/><F43/><W4/><G4/><T126/><D126/><U134/><E134/><V17/><F37/><W132/><G132/><T2/><REACH who="0" step="1"/><D6/><REACH who="0" ten="133,304,354,189" step="2"/><U55/><E55/><V95/><F46/><W56/><G99/><T61/><D61/><U105/><E105/><V26/><F44/><W69/><G69/><AGARI ba="0,2" hai="0,2,3,28,29,32,33,35,45,48,52,62,64,69" machi="69" ten="50,3200,0" yaku="1,1,54,1,53,0" doraHai="93" doraHaiUra="125" who="0" fromWho="3" sc="133,52,304,0,354,0,189,-32" /><INIT seed="6,0,0,2,2,130" ten="185,304,354,157" oya="2" hai0="135,73,20,26,76,30,27,70,123,122,67,97,46" hai1="75,94,106,83,6,69,23,5,29,103,51,91,8" hai2="125,62,119,65,56,77,129,43,45,58,93,54,4" hai3="33,57,86,68,84,134,102,98,105,49,9,80,55"/><V31/><F129/><W95/><G68/><T109/><D109/><U47/><E69/><V85/><F125/><W126/><G33/><T74/><D46/><U101/><E106/><V88/><F119/><W115/><G126/><T3/><D3/><U10/><E75/><V82/><F31/><W61/><G115/><T104/><D27/><N who="1" m="16639" /><E83/><V59/><F4/><N who="1" m="1641" /><E91/><V96/><REACH who="2" step="1"/><F65/><REACH who="2" ten="185,304,344,157" step="2"/><W110/><G110/><T132/><D67/><U100/><E94/><V128/><F128/><W7/><G105/><T124/><D124/><U112/><E112/><V133/><F133/><W127/><G134/><N who="0" m="51243" /><D70/><U90/><E90/><V14/><F14/><W118/><G127/><T16/><D30/><U41/><AGARI ba="0,1" hai="8,10,41,47,51,100,101,103" m="1641,16639" machi="41" ten="30,1100,0" yaku="8,1" doraHai="130" who="1" fromWho="1" sc="185,-3,304,21,344,-5,157,-3" /><INIT seed="7,0,0,3,2,21" ten="182,325,339,154" oya="3" hai0="111,77,116,11,129,36,76,70,114,88,4,123,52" hai1="28,2,67,85,18,125,97,104,12,23,131,9,128" hai2="45,69,29,71,1,26,103,27,44,6,122,37,108" hai3="126,3,101,51,7,132,49,118,83,106,31,16,24"/><W90/><G118/><T74/><D116/><U82/><E67/><V81/><F108/><W113/><G3/><T59/><D111/><U68/><E68/><V15/><F1/><W115/><G7/><T14/><D123/><U41/><E41/><V63/><F37/><W119/><G119/><T54/><D70/><U60/><E60/><V135/><F71/><W17/><G132/><T42/><D74/><U96/><E125/><V34/><F27/><W53/><G126/><T40/><D36/><U100/><E96/><V75/><F75/><W19/><G106/><T50/><D129/><N who="1" m="49739" /><E2/><V87/><F6/><W120/><G101/><T56/><D114/><N who="3" m="43529" /><G120/><T0/><D0/><U86/><E82/><V38/><F38/><W134/><G134/><T110/><D110/><U121/><E121/><V117/><F117/><W64/><G64/><T48/><D88/><U35/><E35/><V92/><F122/><W58/><G83/><T109/><D109/><U13/><E28/><V57/><F81/><W105/><G105/><T99/><D99/><U30/><E30/><V39/><F29/><W73/><G73/><T66/><D66/><U72/><E72/><V89/><F135/><W33/><G90/><T84/><D84/><U62/><E62/><AGARI ba="0,0" hai="16,17,19,24,31,33,49,51,53,58,62" m="43529" machi="62" ten="30,5800,0" yaku="15,1,52,1,54,1" doraHai="21" who="3" fromWho="1" sc="182,0,325,-58,339,0,154,58" /><INIT seed="7,1,0,0,4,85" ten="182,267,339,212" oya="3" hai0="19,105,70,129,108,33,1,79,11,23,124,27,122" hai1="15,58,100,30,83,109,22,32,121,86,115,76,107" hai2="66,114,42,118,84,28,89,65,127,0,56,47,82" hai3="128,103,96,18,43,78,73,55,39,44,20,49,52"/><W94/><G128/><T21/><D70/><U48/><E109/><V93/><F118/><W75/><G78/><T5/><D105/><U112/><E121/><V17/><F0/><W123/><G123/><T29/><D79/><U34/><E100/><V106/><F106/><W6/><G6/><T61/><D61/><U57/><E107/><V87/><F114/><N who="1" m="43561" /><E48/><N who="2" m="26743" /><F28/><W31/><G31/><T51/><D51/><U25/><E15/><V67/><F127/><W9/><G9/><T119/><D122/><U134/><E134/><V90/><F17/><W4/><G4/><T10/><D119/><U62/><E57/><AGARI ba="1,0" hai="56,57,65,66,67,82,84,87,89,90,93" m="26743" machi="57" ten="30,3900,0" yaku="8,1,52,2" doraHai="85" who="2" fromWho="1" sc="182,0,267,-42,339,42,212,0" owari="182,-32.0,225,3.0,381,48.0,212,-19.0" /></mjloggm>