<mjloggm ver="2.3"><GO type="225" lobby="0"/><UN n0="%E5%B7%A5%E8%97%A4%E6%96%B0%E4%B8%80" n1="%E3%82%AB%E3%83%9C%E3%83%81%E3%83%A3%E3%82%BF%E3%83%8D" n2="%E9%BA%BB%E9%9B%80%E5%A4%AA%E9%83%8E" n3="%E3%83%B4%E3%83%A0%EF%BC%99%E3%81%A6" dan="16,16,17,17" rate="2103.27,2073.97,2192.84,2216.61" sx="M,M,M,M"/><TAIKYOKU oya="0"/><INIT seed="0,0,0,5,0,108" ten="250,250,250,250" oya="0" hai0="34,28,70,69,10,42,51,31,2,101,97,7,120" hai1="76,6,39,75,35,20,44,25,124,37,135,86,90" hai2="9,38,50,106,85,132,93,23,113,78,27,11,128" hai3="1,96,99,74,134,46,117,5,0,118,67,94,43"/><T119/><D119/><U77/><E35/><V33/><F38/><W112/><G67/><T53/><D120/><U100/><E135/><V32/><F132/><W111/><G134/><T17/><D42/><U80/><E124/><V66/><F106/><W107/><G107/><T83/><D17/><U116/><E116/><V127/><F66/><W92/><G74/><T73/><D83/><U16/><E100/><V71/><F71/><W3/><G3/><T105/><D73/><U95/><E76/><V61/><F61/><W59/><G59/><T58/><REACH who="0" step="1"/><D34/><REACH who="0" ten="240,250,250,250" step="2"/><U52/><REACH who="1" step="1"/><E6/><REACH who="1" ten="240,240,250,250" step="2"/><V8/><F32/><W130/><G5/><T26/><D26/><U60/><E60/><V18/><F33/><W98/><G117/><T115/><D115/><U29/><E29/><AGARI ba="0,2" hai="2,7,10,28,29,31,51,53,58,69,70,97,101,105" machi="29" ten="40,12000,1" yaku="1,1,53,3" doraHai="108" doraHaiUra="24" who="0" fromWho="1" sc="240,140,240,-120,250,0,250,0" /><INIT seed="0,1,0,0,4,135" ten="380,120,250,250" oya="0" hai0="42,41,31,49,106,50,118,80,9,51,77,91,110" hai1="59,125,58,129,72,29,133,74,86,115,131,128,83" hai2="127,14,0,126,87,63,64,21,94,25,54,92,34" hai3="102,98,17,130,103,30,114,53,68,99,123,76,93"/><T132/><D118/><U24/><E133/><V3/><F34/><W47/><G114/><T121/><D132/><U22/><E115/><V66/><F14/><W100/><G68/><T95/><D121/><U111/><E111/><V122/><F54/><W44/><G123/><T39/><D106/><U124/><E72/><V65/><F63/><W23/><G130/><T73/><D110/><U60/><E74/><V26/><F122/><W71/><G76/><T69/><D69/><U82/><E59/><V1/><F87/><W79/><G79/><T40/><D31/><U57/><E58/><V8/><F8/><W112/><G112/><T97/><REACH who="0" step="1"/><D9/><REACH who="0" ten="370,120,250,250" step="2"/><U56/><E56/><V5/><F5/><W11/><G30/><T46/><AGARI ba="1,1" hai="39,40,41,42,46,49,50,51,73,77,80,91,95,97" machi="46" ten="30,6000,0" yaku="1,1,2,1,0,1,53,0" doraHai="135" doraHaiUra="109" who="0" fromWho="0" sc="370,73,120,-21,250,-21,250,-21" /><INIT seed="0,2,0,5,4,66" ten="443,99,229,229" oya="0" hai0="36,81,127,125,42,58,85,30,112,128,53,17,123" hai1="51,35,12,32,75,91,50,135,71,18,114,118,69" hai2="115,134,106,113,19,29,11,47,57,33,67,15,27" hai3="110,108,92,24,83,99,94,70,93,86,64,3,44"/><T25/><D112/><U49/><E118/><V38/><F134/><W41/><G3/><T88/><D123/><U1/><E1/><V10/><F106/><W120/><G24/><T65/><D17/><U90/><E75/><V74/><F74/><W96/><G44/><T124/><D128/><U6/><E6/><V132/><F132/><W45/><G45/><N who="0" m="23751" /><D65/><U43/><E43/><V16/><F47/><W133/><G41/><T52/><D58/><U61/><E61/><V119/><F38/><W121/><G133/><T9/><D9/><U68/><E135/><V22/><F119/><W78/><G70/><T98/><D98/><N who="3" m="37417" /><G64/><T39/><D39/><U73/><E73/><V79/><F79/><W84/><G86/><T46/><D46/><U129/><E129/><V60/><REACH who="2" step="1"/><F10/><REACH who="2" ten="443,99,219,229" step="2"/><W5/><G5/><T40/><D40/><U103/><E114/><V63/><F63/><W72/><G72/><T76/><D76/><U100/><E12/><AGARI ba="2,1" hai="11,12,15,16,19,22,27,29,33,57,60,67,113,115" machi="12" ten="30,3900,0" yaku="1,1,7,1,54,1,53,0" doraHai="66" doraHaiUra="89" who="2" fromWho="1" sc="443,0,99,-45,219,55,229,0" /><INIT seed="1,0,0,4,0,96" ten="443,54,274,229" oya="1" hai0="90,70,87,117,77,112,50,105,79,133,78,45,101" hai1="29,15,88,5,34,128,92,132,41,124,108,115,69" hai2="122,49,135,119,43,8,4,123,63,130,35,32,127" hai3="85,73,10,12,14,82,53,3,72,48,106,17,107"/><U75/><E75/><V2/><F119/><W110/><G3/><T37/><D70/><U100/><E115/><V59/><F130/><W60/><G110/><T20/><D37/><U86/><E128/><V52/><F135/><W126/><G126/><T111/><D20/><U120/><E120/><V98/><F127/><W7/><G60/><T113/><D50/><U121/><E121/><V54/><F43/><W25/><G25/><T61/><D61/><U125/><E132/><V46/><F123/><W22/><G106/><T51/><D51/><U47/><E69/><V56/><F122/><W13/><G107/><T30/><D30/><U11/><E108/><V99/><F46/><W103/><G103/><T19/><D19/><U76/><E76/><V68/><REACH who="2" step="1"/><F68/><REACH who="2" ten="443,54,264,229" step="2"/><W84/><G72/><T18/><D45/><U71/><E71/><V83/><F83/><W97/><G82/><T16/><D117/><U28/><E124/><V118/><F118/><W42/><G73/><T44/><D44/><U91/><E125/><V33/><AGARI ba="0,1" hai="2,4,8,32,33,35,49,52,54,56,59,63,98,99" machi="33" ten="30,4000,0" yaku="1,1,0,1,54,1,53,0" doraHai="96" doraHaiUra="62" who="2" fromWho="2" sc="443,-10,54,-20,264,50,229,-10" /><INIT seed="2,0,0,4,3,47" ten="433,34,314,219" oya="2" hai0="51,120,15,80,103,107,2,97,72,124,18,64,130" hai1="0,4,43,44,68,135,115,129,78,93,88,116,21" hai2="54,79,55,99,46,38,10,50,49,113,112,19,82" hai3="12,59,90,134,39,32,14,87,128,110,61,121,58"/><V83/><F38/><W108/><G121/><T111/><D111/><N who="3" m="42537" /><G39/><T100/><D130/><U16/><E68/><V36/><F36/><W105/><G105/><T127/><D2/><U30/><E115/><V126/><F126/><N who="0" m="48170" /><D120/><U65/><E116/><V37/><F37/><W6/><G32/><T76/><D100/><U94/><E135/><V98/><F112/><W77/><G128/><T35/><D35/><U75/><E129/><V8/><F113/><W5/><G77/><T48/><D64/><U109/><E65/><V29/><F29/><W96/><G96/><N who="2" m="36905" /><F79/><W62/><G134/><T106/><D106/><U133/><E30/><V104/><F104/><W81/><G58/><T53/><D53/><U123/><E123/><V73/><F73/><W132/><G61/><T70/><D70/><U117/><E117/><V63/><F63/><W7/><G132/><T1/><D1/><U114/><E114/><V40/><F40/><W125/><G125/><T24/><D24/><U25/><E133/><V57/><F8/><AGARI ba="0,0" hai="8,15,18,48,51,72,76,80,97,103,107" m="48170" machi="8" ten="30,3900,0" yaku="18,1,52,2" doraHai="47" who="0" fromWho="2" sc="433,39,34,0,314,-39,219,0" /><INIT seed="3,0,0,1,3,131" ten="472,34,275,219" oya="3" hai0="102,31,91,46,72,97,80,29,58,133,117,42,67" hai1="10,6,18,132,85,17,39,70,45,54,1,119,24" hai2="60,78,120,36,57,56,61,2,84,83,107,90,40" hai3="53,113,128,25,66,134,0,44,49,112,124,21,69"/><W64/><G0/><T126/><D133/><U74/><E74/><V68/><F68/><W93/><G128/><T96/><D126/><U50/><E70/><V116/><F116/><W26/><G124/><T92/><D117/><U32/><E119/><V34/><F34/><W114/><G134/><T37/><D72/><U77/><E39/><V95/><F2/><W108/><G108/><T103/><D80/><U110/><E110/><V101/><F120/><W55/><G69/><T135/><D135/><U73/><E132/><V130/><F130/><W125/><G125/><T88/><D31/><U75/><E18/><V7/><F7/><W19/><G93/><T20/><D20/><U65/><E65/><V81/><F81/><W12/><G25/><T3/><D29/><U27/><E27/><V79/><F79/><W59/><REACH who="3" step="1"/><G12/><REACH who="3" ten="472,34,275,209" step="2"/><T129/><D129/><U104/><E24/><V105/><F95/><W87/><G87/><T71/><D71/><U62/><E75/><V41/><F84/><W115/><N who="3" m="29184" /><DORA hai="89" /><W13/><G13/><T82/><D3/><U123/><E85/><V106/><F106/><W127/><G127/><T52/><D92/><U86/><E86/><V121/><F107/><W48/><AGARI ba="0,1" hai="19,21,26,44,48,49,53,55,59,64,66" m="29184" machi="48" ten="60,11700,0" yaku="1,1,0,1,53,1" doraHai="131,89" doraHaiUra="94,22" who="3" fromWho="3" sc="472,-39,34,-39,275,-39,209,127" owari="433,53.0,-5,-51.0,236,-16.0,336,14.0" /></mjloggm>