<mjloggm ver="2.3"><GO type="169" lobby="0"/><UN n0="%E3%81%B4%E3%81%AE%E3%81%93" n1="%4E%6F%6D%65%72%63%79" n2="%E7%84%A1%E3%81%84%EF%BC%81%EF%BC%81" n3="%EF%BC%BC%28%EF%BC%BE%6F%EF%BC%BE%29%EF%BC%8F%E2%98%85" dan="17,16,16,17" rate="2231.33,2145.65,2088.20,2252.60" sx="M,F,M,M"/><TAIKYOKU oya="0"/><INIT seed="0,0,0,2,4,10" ten="250,250,250,250" oya="0" hai0="111,117,131,48,118,18,11,19,56,44,112,54,100" hai1="58,65,2,119,24,36,62,88,60,14,55,27,126" hai2="32,49,132,8,101,1,93,71,9,15,40,3,99" hai3="34,73,134,75,78,5,114,89,76,51,22,108,25"/><T125/><D112/><U0/><E119/><V115/><F115/><W63/><G34/><T104/><D131/><U107/><E36/><V106/><F32/><W90/><G108/><T105/><D125/><U109/><E126/><V103/><F71/><W98/><G134/><T46/><D111/><U6/><E109/><V85/><F132/><W64/><G5/><T31/><D31/><U81/><E107/><V67/><F67/><W127/><G51/><T86/><D86/><N who="1" m="50255" /><E0/><V130/><F130/><W37/><G37/><T128/><D128/><U52/><E2/><V47/><F9/><W121/><G114/><T38/><D46/><U50/><E6/><V96/><REACH who="2" step="1"/><F85/><REACH who="2" ten="250,250,240,250" step="2"/><W35/><G35/><T80/><D118/><U39/><E65/><V21/><F21/><W61/><G64/><T87/><D117/><U84/><E39/><V94/><F94/><W57/><G22/><T82/><D104/><U12/><E84/><V68/><F68/><W95/><G95/><T30/><D105/><U91/><E91/><V122/><F122/><W116/><G121/><T29/><D87/><U113/><E113/><V23/><F23/><W124/><G116/><T72/><D11/><U110/><E110/><V102/><F102/><W28/><G127/><T53/><D100/><U69/><E69/><V120/><F120/><W70/><G70/><T129/><D129/><U97/><E97/><V26/><F26/><N who="1" m="9769" /><E62/><V33/><F33/><W74/><G124/><T13/><D82/><U77/><E77/><N who="3" m="29802" /><G98/><T4/><D80/><U45/><AGARI ba="0,1" hai="12,14,45,50,52,55,58,60" m="9769,50255" machi="45" ten="30,8000,1" yaku="8,1,52,2,54,2" doraHai="10" who="1" fromWho="1" sc="250,-40,250,90,240,-20,250,-20" /><INIT seed="1,0,0,5,4,22" ten="210,340,220,230" oya="1" hai0="47,98,60,81,46,62,21,78,95,25,63,135,6" hai1="77,85,110,70,10,28,69,105,16,66,54,74,48" hai2="20,59,122,133,43,65,39,3,102,23,33,84,30" hai3="119,99,12,76,64,73,44,53,87,83,36,131,11"/><U24/><E74/><V49/><F122/><W1/><G131/><T17/><D135/><U2/><E105/><V129/><F3/><W124/><G124/><T121/><D121/><U91/><E77/><V107/><F39/><W51/><G119/><T134/><D134/><U89/><E110/><V9/><F43/><W5/><G64/><T27/><D6/><U125/><E125/><V114/><F107/><W72/><G36/><T109/><D109/><U8/><E91/><V101/><F9/><W61/><G61/><T31/><D81/><U94/><E66/><V130/><F33/><W93/><REACH who="3" step="1"/><G1/><REACH who="3" ten="210,340,220,220" step="2"/><T35/><REACH who="0" step="1"/><D78/><REACH who="0" ten="200,340,220,220" step="2"/><U26/><E2/><V90/><F133/><W18/><G18/><T4/><D4/><U79/><E79/><V113/><F129/><W108/><G108/><T97/><D97/><U80/><E16/><V45/><F130/><W32/><G32/><T96/><D96/><U55/><E28/><V116/><F116/><W128/><G128/><T106/><D106/><U71/><E71/><V52/><F30/><W82/><G82/><T0/><D0/><U67/><E69/><V115/><F115/><W88/><AGARI ba="0,2" hai="5,11,12,44,51,53,72,73,76,83,87,88,93,99" machi="88" ten="20,5200,0" yaku="1,1,0,1,7,1,54,1,53,0" doraHai="22" doraHaiUra="120" who="3" fromWho="3" sc="200,-13,340,-26,220,-13,220,72" /><INIT seed="2,0,0,0,1,57" ten="187,314,207,292" oya="2" hai0="110,124,27,125,38,11,12,21,1,95,89,77,30" hai1="62,107,10,127,19,46,59,130,5,32,133,119,81" hai2="36,58,49,31,34,73,128,68,64,98,102,80,13" hai3="78,108,9,26,93,44,114,74,14,60,100,65,122"/><V20/><F36/><W117/><G117/><T82/><D110/><U109/><E119/><V2/><F2/><W6/><G108/><T41/><D41/><U116/><E116/><V24/><F128/><W66/><G122/><T101/><D38/><U112/><E109/><V28/><F68/><W3/><G114/><T86/><D1/><U90/><E112/><V29/><F73/><W55/><G3/><T83/><D101/><U75/><E107/><V103/><F80/><W72/><G78/><T70/><D70/><U104/><E104/><V105/><F102/><W4/><G4/><T43/><D43/><U67/><E32/><V54/><REACH who="2" step="1"/><F64/><REACH who="2" ten="187,314,197,292" step="2"/><W85/><G74/><T56/><D83/><U69/><E69/><V48/><F48/><W113/><G66/><T16/><REACH who="0" step="1"/><D56/><REACH who="0" ten="177,314,197,292" step="2"/><U115/><E59/><V42/><F42/><W96/><G100/><T0/><D0/><U79/><E81/><V17/><AGARI ba="0,2" hai="13,17,20,24,28,29,31,34,49,54,58,98,103,105" machi="17" ten="30,3000,0" yaku="1,1,0,1,53,0" doraHai="57" doraHaiUra="134" who="2" fromWho="2" sc="177,-10,314,-10,197,50,292,-10" /><INIT seed="2,1,0,0,1,124" ten="167,304,247,282" oya="2" hai0="77,56,8,55,98,72,43,3,134,67,54,118,2" hai1="4,1,6,5,45,66,10,59,95,20,86,88,117" hai2="92,107,85,27,82,24,11,48,130,50,57,28,12" hai3="90,101,78,30,52,102,113,73,19,39,133,13,131"/><V22/><F107/><W108/><G39/><T76/><D98/><U42/><E117/><V75/><F75/><W58/><G108/><T23/><D23/><U121/><E121/><V68/><F68/><W44/><G30/><T93/><D93/><U123/><E123/><V132/><F92/><W70/><G70/><T34/><D56/><U112/><E112/><V49/><F132/><W53/><G133/><T37/><D8/><U105/><E105/><V97/><F130/><W15/><G131/><T9/><D9/><U62/><REACH who="1" step="1"/><E20/><REACH who="1" ten="167,294,247,282" step="2"/><V17/><F97/><W16/><G113/><T35/><D118/><U25/><E25/><V18/><F27/><W41/><G102/><T126/><D134/><U119/><E119/><V7/><REACH who="2" step="1"/><F57/><REACH who="2" ten="167,294,237,282" step="2"/><W0/><G58/><T100/><D100/><U127/><E127/><V33/><F33/><W63/><G101/><T47/><D126/><U122/><E122/><V116/><F116/><W128/><G128/><T94/><D35/><U120/><E120/><V29/><F29/><W106/><G106/><T79/><D34/><U81/><E81/><V69/><F69/><W87/><G73/><T104/><D72/><U61/><E61/><V60/><F60/><W51/><G63/><T46/><D104/><U64/><E64/><V14/><F14/><W135/><G135/><T103/><D67/><U99/><E99/><V38/><F38/><AGARI ba="1,2" hai="1,4,5,6,10,38,42,45,59,62,66,86,88,95" machi="38" ten="30,3900,0" yaku="1,1,7,1,54,1,53,0" doraHai="124" doraHaiUra="129" who="1" fromWho="2" sc="167,0,294,62,237,-42,282,0" /><INIT seed="3,0,0,5,5,132" ten="167,356,195,282" oya="3" hai0="80,28,111,54,6,3,39,87,65,77,100,99,46" hai1="16,33,131,49,51,135,108,71,55,125,1,113,123" hai2="75,104,7,105,57,56,121,94,130,30,21,92,124" hai3="66,19,127,84,41,118,44,79,81,95,91,89,25"/><W43/><G118/><T122/><D111/><U40/><RYUUKYOKU type="yao9" ba="0,0" sc="167,0,356,0,195,0,282,0" hai1="1,16,33,40,49,51,55,71,108,113,123,125,131,135" /><INIT seed="3,1,0,0,0,132" ten="167,356,195,282" oya="3" hai0="134,11,67,74,123,80,22,48,75,59,95,108,77" hai1="122,39,99,56,58,18,64,15,125,103,45,33,38" hai2="98,28,111,8,93,42,127,69,89,130,88,27,13" hai3="120,106,121,76,20,131,4,114,126,40,85,53,82"/><W102/><G114/><T3/><D123/><U105/><E122/><V118/><F118/><W17/><G131/><T50/><D108/><U34/><E125/><V32/><F111/><W54/><G126/><T112/><D134/><U47/><E34/><V87/><F130/><W100/><G121/><T43/><D75/><U49/><E33/><V71/><F42/><W52/><G120/><T92/><D112/><U104/><E104/><V23/><F32/><W78/><G106/><T115/><D22/><U44/><E64/><V46/><F46/><W35/><G35/><T63/><D115/><U68/><E68/><V94/><REACH who="2" step="1"/><F127/><REACH who="2" ten="167,356,185,282" step="2"/><W133/><G133/><T60/><D43/><U55/><REACH who="1" step="1"/><E56/><REACH who="1" ten="167,346,185,282" step="2"/><V21/><F21/><AGARI ba="1,2" hai="15,18,21,38,39,44,45,47,49,55,58,99,103,105" machi="21" ten="40,5200,0" yaku="1,1,2,1,53,1" doraHai="132" doraHaiUra="96" who="1" fromWho="2" sc="167,0,346,75,185,-55,282,0" /><INIT seed="4,0,0,3,3,3" ten="167,421,130,282" oya="0" hai0="68,66,11,97,108,50,112,38,31,84,37,30,76" hai1="69,5,12,70,29,59,16,93,122,61,17,72,45" hai2="34,118,18,63,7,13,35,19,100,48,46,14,54" hai3="113,8,109,67,95,98,80,39,79,56,71,102,99"/><T86/><D50/><U132/><E122/><V78/><F118/><W126/><G39/><T103/><D11/><U85/><E72/><V60/><F100/><W6/><G109/><T129/><D76/><U58/><E132/><V101/><F101/><W57/><G113/><T104/><D112/><U124/><E124/><V41/><F78/><W127/><G71/><T133/><D133/><U121/><E121/><V40/><F48/><W44/><G44/><T111/><D129/><U36/><E29/><N who="0" m="10761" /><D86/><U125/><E125/><N who="3" m="47626" /><G67/><T115/><D84/><U27/><E70/><V89/><F46/><W110/><G98/><T77/><D77/><U53/><E69/><V32/><F32/><W26/><G26/><T92/><D104/><U74/><E27/><V114/><F114/><W25/><G110/><N who="0" m="42027" /><D115/><U107/><E107/><V51/><F51/><W81/><G25/><T105/><D105/><U117/><E117/><V24/><F24/><W123/><G123/><T52/><D52/><U88/><E36/><N who="0" m="13929" /><D68/><U22/><E45/><V43/><F54/><W106/><G106/><T20/><D66/><U9/><E74/><V128/><F128/><W96/><G96/><T65/><D65/><U91/><E58/><N who="3" m="22634" /><G79/><T21/><AGARI ba="0,0" hai="20,21,92,97,103" m="13929,42027,10761" machi="21" ten="40,2100,0" yaku="10,1" doraHai="3" who="0" fromWho="0" sc="167,21,421,-7,130,-7,282,-7" /><INIT seed="4,1,0,1,2,2" ten="188,414,123,275" oya="0" hai0="78,67,87,131,85,60,70,96,50,14,114,51,57" hai1="69,41,61,91,121,48,55,89,53,5,109,77,37" hai2="40,86,82,25,6,80,45,106,43,62,74,36,107" hai3="0,95,49,75,123,132,98,133,34,15,7,10,24"/><T90/><D114/><U52/><E109/><V118/><F118/><W88/><G75/><T54/><D131/><U38/><E121/><V101/><F74/><W79/><G123/><T72/><D96/><U111/><E111/><V63/><F101/><W81/><G49/><T46/><D72/><U13/><E77/><V18/><F25/><W29/><REACH who="3" step="1"/><G0/><REACH who="3" ten="188,414,123,265" step="2"/><T99/><D51/><U68/><E38/><V58/><F36/><W92/><G92/><T129/><D129/><U9/><E37/><V84/><F106/><W35/><G35/><T22/><D87/><U59/><E41/><V102/><F107/><W71/><G71/><T124/><D70/><U113/><E113/><V27/><F43/><W19/><G19/><T8/><D85/><U97/><E68/><V128/><F128/><W4/><G4/><T94/><D124/><U105/><E69/><V32/><F18/><W56/><G56/><T100/><D50/><U108/><E108/><V73/><F6/><W104/><G104/><T93/><D93/><U44/><REACH who="1" step="1"/><E55/><REACH who="1" ten="188,404,123,265" step="2"/><V17/><F40/><W3/><G3/><T11/><D54/><U20/><E20/><V28/><F32/><W31/><G31/><T115/><D22/><U16/><E16/><V135/><F17/><W117/><G117/><T126/><D115/><U127/><E127/><V47/><F28/><W66/><G66/><T26/><D126/><U103/><AGARI ba="1,2" hai="5,9,13,44,48,52,53,59,61,89,91,97,103,105" machi="103" ten="30,7900,0" yaku="1,1,0,1,52,1,54,1,53,0" doraHai="2" doraHaiUra="110" who="1" fromWho="1" sc="188,-40,404,102,123,-21,265,-21" /><INIT seed="5,0,0,1,4,61" ten="148,506,102,244" oya="1" hai0="127,49,125,66,86,131,48,15,37,69,65,109,89" hai1="2,8,59,101,35,78,34,97,40,111,87,39,118" hai2="64,116,74,43,4,95,60,18,80,52,28,63,5" hai3="20,114,102,25,17,134,33,83,105,81,45,132,54"/><U110/><E118/><V130/><F116/><W31/><G102/><T72/><D131/><U92/><E59/><V12/><F28/><W67/><G105/><T30/><D69/><U1/><E40/><V135/><F130/><W56/><G45/><T36/><D72/><U38/><E38/><V16/><F43/><W22/><G22/><T7/><D30/><U107/><E39/><V128/><F128/><W29/><G29/><T129/><D129/><U14/><E2/><V47/><F135/><N who="3" m="51755" /><G114/><T122/><D109/><N who="1" m="41483" /><E1/><V11/><F74/><W42/><G42/><T13/><D122/><U6/><E107/><V27/><F80/><AGARI ba="0,0" hai="6,8,14,34,35,78,80,87,92,97,101" m="41483" machi="80" ten="30,1500,0" yaku="10,1" doraHai="61" who="1" fromWho="2" sc="148,0,506,15,102,-15,244,0" /><INIT seed="5,1,0,3,3,87" ten="148,521,87,244" oya="1" hai0="133,31,57,116,63,76,37,81,134,101,96,107,52" hai1="113,78,15,127,18,68,42,69,64,20,46,131,82" hai2="80,89,74,66,62,67,124,86,114,121,3,50,24" hai3="112,30,70,94,27,16,105,71,103,100,10,39,6"/><U55/><E113/><V33/><F3/><W53/><G105/><T51/><D37/><U32/><E32/><V79/><F121/><W95/><G39/><T48/><D116/><U4/><E127/><V85/><F124/><W118/><G112/><T61/><D31/><U77/><E131/><V126/><F126/><W12/><G118/><T123/><D123/><U65/><E4/><V109/><F109/><W111/><G111/><T44/><D51/><U129/><E129/><V98/><F114/><W108/><G108/><T106/><D106/><U34/><E34/><V58/><F66/><W102/><G6/><T83/><D63/><U45/><E55/><V29/><REACH who="2" step="1"/><F50/><REACH who="2" ten="148,521,77,244" step="2"/><W26/><G70/><T9/><D9/><U14/><E65/><V47/><F47/><W1/><G71/><T119/><D119/><U13/><E64/><V17/><F17/><W43/><G16/><T90/><D48/><U2/><E2/><V115/><F115/><W122/><G1/><T25/><D44/><U56/><E46/><V22/><F22/><W0/><G0/><T128/><D128/><U60/><E68/><V92/><AGARI ba="1,1" hai="24,29,33,58,62,67,74,79,80,85,86,89,92,98" machi="92" ten="30,4000,0" yaku="1,1,0,1,52,1,53,0" doraHai="87" doraHaiUra="36" who="2" fromWho="2" sc="148,-11,521,-21,77,53,244,-11" /><INIT seed="6,0,0,1,4,132" ten="137,500,130,233" oya="2" hai0="12,64,9,34,79,8,28,68,13,10,39,135,107" hai1="100,62,125,128,83,22,113,19,15,42,25,32,98" hai2="30,97,66,90,4,73,133,84,75,59,67,92,88" hai3="104,55,43,23,52,77,57,37,48,124,117,95,130"/><V103/><F133/><W65/><G104/><T45/><D79/><U36/><E113/><V89/><F4/><W102/><G77/><T114/><D39/><U70/><E128/><V26/><F84/><W11/><G117/><T44/><D135/><U120/><E120/><V24/><F24/><W110/><G110/><T47/><D107/><U63/><E42/><V5/><F5/><W127/><G65/><T0/><D114/><U93/><E36/><V71/><F71/><W86/><G11/><T74/><D74/><U14/><E70/><V112/><F112/><W31/><G130/><T122/><D122/><U118/><E118/><V116/><F116/><W85/><G55/><T123/><D123/><U38/><E38/><V78/><F78/><W82/><G82/><T111/><D111/><U115/><E115/><V109/><F109/><W18/><G31/><T61/><D0/><U106/><E32/><V1/><F1/><W99/><G43/><T16/><D12/><N who="1" m="4651" /><E106/><V20/><REACH who="2" step="1"/><F67/><REACH who="2" ten="137,500,120,233" step="2"/><W56/><G86/><T94/><REACH who="0" step="1"/><D94/><REACH who="0" ten="127,500,120,233" step="2"/><U54/><E93/><V50/><F50/><W51/><G37/><T96/><D96/><U3/><E98/><V6/><F6/><W121/><G121/><T129/><D129/><U76/><E3/><V7/><F7/><W29/><G85/><T60/><D60/><AGARI ba="0,2" hai="20,26,30,59,60,66,73,75,88,89,90,92,97,103" machi="60" ten="40,12000,1" yaku="1,1,25,2,54,1,53,0" doraHai="132" doraHaiUra="33" who="2" fromWho="0" sc="127,-120,500,0,120,140,233,0" /><INIT seed="6,1,0,0,3,73" ten="7,500,260,233" oya="2" hai0="94,62,109,95,29,66,77,131,45,19,129,67,33" hai1="110,37,52,31,103,82,74,98,123,51,13,68,112" hai2="54,107,84,89,118,71,101,87,20,61,5,88,75" hai3="25,85,8,56,34,50,23,100,32,117,65,7,97"/><V21/><F118/><W86/><G117/><T125/><D45/><U60/><E110/><V111/><F111/><W41/><G32/><T93/><D62/><U119/><E119/><V9/><F75/><W59/><G34/><T114/><D33/><U128/><E37/><V18/><F107/><W28/><G41/><T80/><D109/><U96/><E31/><V16/><F101/><W130/><G130/><T116/><D116/><U78/><E128/><N who="0" m="49225" /><D80/><U63/><E112/><V106/><F106/><W58/><G50/><T27/><D27/><U6/><E123/><V12/><F87/><W44/><G44/><T122/><D19/><N who="2" m="7210" /><F71/><W0/><G65/><N who="0" m="24587" /><D29/><U22/><E68/><V64/><F64/><W53/><G53/><T108/><D108/><U91/><E22/><N who="2" m="8811" /><F84/><W14/><G0/><T4/><D125/><U46/><E103/><V104/><F104/><W10/><G10/><T120/><D4/><U126/><E126/><V1/><F1/><W90/><G100/><T79/><D114/><U124/><E124/><V113/><F113/><W115/><G115/><T127/><D127/><U102/><E102/><V83/><F83/><W70/><G70/><T47/><D47/><U43/><E98/><V135/><F135/><W121/><G121/><AGARI ba="1,0" hai="77,79,93,94,95,120,121,122" m="24587,49225" machi="121" ten="40,8000,1" yaku="28,2,19,1,52,2" doraHai="73" who="0" fromWho="3" sc="7,83,500,0,260,0,233,-83" /><INIT seed="7,0,0,3,1,1" ten="90,500,260,150" oya="3" hai0="93,69,49,90,0,87,103,8,50,20,52,60,68" hai1="134,75,126,41,108,125,80,99,113,33,40,111,13" hai2="107,25,117,84,59,34,54,27,112,130,94,76,38" hai3="46,11,81,37,57,110,86,51,23,67,28,18,120"/><W9/><G120/><T109/><D109/><U22/><E33/><V124/><F107/><W45/><G110/><T78/><D60/><U10/><E113/><V123/><F38/><W47/><G37/><T43/><D43/><N who="1" m="16459" /><E134/><V61/><F123/><W15/><G28/><T58/><D50/><U72/><E22/><V77/><F117/><W121/><G121/><T14/><D103/><U102/><E80/><V91/><F124/><N who="1" m="47721" /><E75/><V79/><F130/><W19/><G19/><T29/><D78/><U105/><E72/><V135/><F135/><W4/><G11/><T24/><REACH who="0" step="1"/><D0/><REACH who="0" ten="80,500,260,150" step="2"/><U97/><E97/><V55/><F76/><N who="3" m="46375" /><G51/><T7/><AGARI ba="0,1" hai="7,8,14,20,24,29,49,52,58,68,69,87,90,93" machi="7" ten="20,8000,1" yaku="1,1,0,1,7,1,52,1,54,1,53,0" doraHai="1" doraHaiUra="104" who="0" fromWho="0" sc="80,90,500,-20,260,-20,150,-40" owari="170,-23.0,480,58.0,240,4.0,110,-39.0" /></mjloggm>