<mjloggm ver="2.3"><GO type="185" lobby="0"/><UN n0="%E4%BC%8F%E5%B1%8B" n1="%E3%81%9F%E3%82%93%E3%82%86%E3%81%86" n2="%E9%96%A2%E8%A5%BF%E9%9B%80%E5%A3%AB%E4%BC%9A" n3="" dan="16,16,16,0" rate="2183.25,2213.69,2115.53,1500.00" sx="M,F,M,C"/><TAIKYOKU oya="0"/><INIT seed="0,0,0,3,4,86" ten="350,350,350,0" oya="0" hai0="33,57,122,3,131,71,82,102,132,111,84,89,93" hai1="124,106,77,90,58,116,42,103,63,118,37,134,126" hai2="60,79,114,113,108,121,61,0,2,83,49,1,65" hai3=""/><T50/><N who="0" m="31264" /><T39/><D33/><U105/><E77/><V41/><N who="2" m="31008" /><V80/><F108/><T123/><N who="0" m="31520" /><T45/><D3/><U51/><E37/><V91/><F41/><T88/><D71/><U87/><E134/><V85/><F49/><T55/><D132/><U129/><E129/><V72/><REACH who="2" step="1"/><F61/><REACH who="2" ten="350,350,340,0" step="2"/><T67/><D111/><U74/><E51/><V64/><F64/><T107/><D131/><U120/><N who="1" m="30752" /><U75/><E42/><V69/><AGARI ba="0,1" hai="0,1,2,60,65,69,72,79,80,83,85,91,113,114" m="31008" machi="69" ten="30,5900,0" yaku="1,1,0,1,52,2,53,0" doraHai="86" doraHaiUra="128" who="2" fromWho="2" sc="350,-39,350,-20,340,69,0,0" /><INIT seed="1,0,0,1,2,93" ten="311,330,409,0" oya="1" hai0="52,119,99,123,54,44,3,111,36,121,108,37,98" hai1="47,127,62,40,35,102,128,115,75,78,134,73,87" hai2="131,85,55,66,113,50,83,39,101,100,114,112,86" hai3=""/><U34/><E115/><V89/><F39/><T60/><N who="0" m="31008" /><T61/><N who="0" m="31520" /><T117/><REACH who="0" step="1"/><D44/><REACH who="0" ten="301,330,409,0" step="2"/><U132/><E35/><V51/><F131/><T74/><D74/><U96/><E34/><V56/><F66/><T38/><D38/><U109/><E128/><V33/><F33/><T57/><D57/><U64/><E127/><V106/><F106/><T67/><D67/><U42/><E109/><V88/><REACH who="2" step="1"/><F51/><REACH who="2" ten="301,330,399,0" step="2"/><T68/><D68/><U130/><E130/><V122/><N who="2" m="31264" /><V58/><F58/><T124/><D124/><U80/><E73/><V63/><F63/><T105/><D105/><U104/><E75/><V72/><F72/><T129/><D129/><U49/><REACH who="1" step="1"/><E40/><REACH who="1" ten="301,320,399,0" step="2"/><V91/><F91/><T48/><D48/><U46/><E46/><V90/><F90/><T53/><D53/><U107/><E107/><V45/><F45/><T65/><D65/><U118/><E118/><V92/><AGARI ba="0,3" hai="50,55,56,83,85,86,88,89,92,100,101,112,113,114" m="31264" machi="92" ten="30,6000,1" yaku="1,1,0,1,11,1,52,1,54,1,53,0" doraHai="93" doraHaiUra="95" who="2" fromWho="2" sc="301,-20,320,-40,399,90,0,0" /><INIT seed="2,0,0,3,3,106" ten="281,280,489,0" oya="2" hai0="122,94,104,43,34,47,77,127,131,67,41,132,126" hai1="101,53,113,36,89,115,60,64,82,33,128,63,120" hai2="56,38,84,103,83,0,52,135,105,75,68,118,130" hai3=""/><V100/><F0/><T40/><N who="0" m="31264" /><T119/><D34/><U59/><N who="1" m="30752" /><U46/><E33/><V73/><F68/><T124/><D119/><U48/><E101/><V90/><F118/><T81/><D104/><U79/><E89/><V112/><F112/><T32/><D32/><U110/><E110/><V117/><F117/><T54/><D94/><U116/><E116/><V37/><F135/><T114/><D114/><U85/><E128/><V92/><F130/><T2/><D2/><U74/><E85/><V70/><F70/><T45/><D132/><U66/><REACH who="1" step="1"/><E36/><REACH who="1" ten="281,270,489,0" step="2"/><V129/><F129/><T107/><D131/><U71/><AGARI ba="0,1" hai="46,48,53,59,60,63,64,66,71,74,79,82,113,115" m="30752" machi="71" ten="20,9000,2" yaku="1,1,2,1,0,1,7,1,52,2,53,1" doraHai="106" doraHaiUra="50" who="1" fromWho="1" sc="281,-30,270,100,489,-60,0,0" /><INIT seed="4,0,0,3,3,1" ten="251,370,429,0" oya="0" hai0="129,81,62,35,115,92,90,108,61,43,86,117,95" hai1="111,63,47,88,123,128,76,109,3,40,48,44,45" hai2="118,64,89,134,46,60,72,73,70,66,69,33,116" hai3=""/><T49/><D117/><N who="2" m="45162" /><F134/><T37/><D35/><U53/><N who="1" m="31520" /><U112/><E3/><V41/><F89/><T57/><D108/><U34/><E34/><V87/><F87/><T59/><D129/><U39/><E76/><V98/><F98/><T50/><D37/><U124/><E128/><V2/><F2/><T55/><D43/><U135/><E135/><V96/><F96/><T67/><D115/><U71/><E112/><V94/><F94/><AGARI ba="0,0" hai="49,50,55,57,59,61,62,67,81,86,90,92,94,95" machi="94" ten="40,2000,0" yaku="8,1" doraHai="1" who="0" fromWho="2" sc="251,20,370,0,429,-20,0,0" /><INIT seed="4,1,0,5,2,117" ten="271,370,409,0" oya="0" hai0="125,52,96,127,118,39,93,50,119,51,134,121,77" hai1="133,129,112,76,81,104,123,40,86,67,70,132,73" hai2="36,53,66,102,44,60,120,110,94,46,33,85,131" hai3=""/><T59/><N who="0" m="31008" /><T68/><D39/><U42/><N who="1" m="31520" /><U79/><E104/><V37/><N who="2" m="30752" /><V75/><F33/><T43/><D77/><U87/><E129/><V105/><F75/><T54/><D68/><U116/><E116/><N who="0" m="44585" /><D43/><U78/><E73/><V88/><F131/><T57/><D134/><N who="1" m="51819" /><E112/><V92/><F105/><T101/><D93/><U1/><E1/><V38/><F110/><T2/><D96/><U128/><E128/><V35/><F35/><T0/><D101/><U84/><E81/><V62/><F53/><T48/><D48/><U56/><E70/><V45/><F102/><T72/><D72/><U113/><E113/><V82/><REACH who="2" step="1"/><F60/><AGARI ba="1,0" hai="40,42,56,60,67,76,78,79,84,86,87" m="51819,31520" machi="60" ten="40,5200,0" yaku="20,1,52,2" doraHai="117" who="1" fromWho="2" sc="271,0,370,54,409,-54,0,0" /><INIT seed="5,0,0,1,1,119" ten="271,424,355,0" oya="1" hai0="112,135,43,120,49,33,126,117,39,129,85,94,62" hai1="46,104,64,101,66,131,133,115,88,80,76,81,93" hai2="41,1,54,38,42,63,98,127,118,92,2,124,71" hai3=""/><U110/><E115/><V83/><F118/><T55/><N who="0" m="30752" /><T116/><D33/><U105/><E131/><V59/><F71/><T37/><D112/><U97/><E133/><V99/><F83/><T90/><D135/><U3/><E3/><V109/><F109/><T44/><D129/><U121/><N who="1" m="31008" /><U78/><E110/><V74/><F74/><T91/><D126/><N who="2" m="48170" /><F99/><T61/><D37/><U108/><E108/><V40/><F38/><T102/><D102/><AGARI ba="0,0" hai="1,2,40,41,42,54,59,63,92,98,102" m="48170" machi="102" ten="30,1000,0" yaku="18,1" doraHai="119" who="2" fromWho="0" sc="271,-10,424,0,355,10,0,0" /><INIT seed="6,0,0,5,2,110" ten="261,424,365,0" oya="2" hai0="40,79,100,120,70,105,90,99,93,0,38,116,135" hai1="36,34,114,101,80,124,83,2,126,84,111,133,32" hai2="119,107,71,117,37,3,61,86,53,69,60,81,78" hai3=""/><V59/><F3/><T132/><N who="0" m="30752" /><T75/><D70/><U134/><E2/><V41/><F107/><T39/><D40/><U73/><E111/><V127/><F127/><N who="1" m="48681" /><E36/><V77/><F77/><T85/><D39/><U95/><E114/><V45/><REACH who="2" step="1"/><F61/><REACH who="2" ten="261,424,355,0" step="2"/><T89/><D0/><U67/><E67/><V113/><F113/><T112/><D112/><U35/><E73/><V76/><F76/><T121/><N who="0" m="31008" /><T66/><D116/><AGARI ba="0,1" hai="37,41,45,53,59,60,69,71,78,81,86,116,117,119" machi="116" ten="40,3900,0" yaku="1,1,53,1" doraHai="110" doraHaiUra="55" who="2" fromWho="0" sc="261,-39,424,0,355,49,0,0" /><INIT seed="6,1,0,4,1,49" ten="222,424,404,0" oya="2" hai0="93,107,60,103,68,55,128,48,111,62,94,32,34" hai1="65,80,75,92,51,39,61,96,108,116,127,37,101" hai2="52,73,84,72,118,76,44,79,115,41,109,105,97" hai3=""/><V63/><F118/><T98/><D111/><U0/><E108/><V85/><F109/><T90/><D128/><U110/><E110/><V132/><F132/><T100/><D107/><U87/><E0/><V77/><F115/><T112/><D112/><U86/><E116/><V130/><F130/><T64/><D62/><U117/><E117/><V122/><N who="2" m="31264" /><V50/><F105/><T102/><REACH who="0" step="1"/><D94/><REACH who="0" ten="212,424,404,0" step="2"/><U129/><E129/><V57/><F73/><T82/><D82/><U124/><E75/><V104/><F72/><T120/><N who="0" m="30752" /><T123/><N who="0" m="31520" /><T99/><D99/><U69/><E80/><V134/><REACH who="2" step="1"/><F134/><REACH who="2" ten="212,424,394,0" step="2"/><T91/><D91/><U38/><E101/><AGARI ba="1,2" hai="41,44,50,52,57,63,76,77,79,84,85,97,101,104" m="31264" machi="101" ten="40,18000,2" yaku="1,1,2,1,52,2,54,1,53,1" doraHai="49" doraHaiUra="43" who="2" fromWho="1" sc="212,0,424,-182,394,202,0,0" owari="212,-39.0,242,-16.0,596,55.0,0,0.0" /></mjloggm>