<mjloggm ver="2.3"><GO type="169" lobby="0"/><UN n0="%E3%81%8B%E3%82%8A%E3%82%93%E3%81%95%E3%82%93" n1="%4E%4F%2E%E2%85%A0" n2="%E3%81%98%E3%81%98%E3%81%84%E3%81%8C%E5%91%BC%E3%82%93%E3%81%A0" n3="%40%6D%40" dan="18,16,16,16" rate="2204.72,2191.34,2094.44,2053.77" sx="M,M,M,M"/><TAIKYOKU oya="0"/><INIT seed="0,0,0,5,3,22" ten="250,250,250,250" oya="0" hai0="12,85,58,123,42,124,63,17,43,80,71,86,117" hai1="49,61,99,7,128,19,134,98,9,119,48,60,44" hai2="133,16,6,135,112,53,24,109,39,88,95,15,65" hai3="91,40,52,107,57,100,50,20,13,64,47,34,36"/><T108/><D123/><U5/><E119/><V74/><F112/><W127/><G127/><T59/><D117/><U26/><E128/><V106/><F106/><W97/><G34/><T113/><D124/><U111/><E111/><V114/><F114/><W8/><G20/><T131/><D113/><U75/><E75/><V118/><F118/><W96/><G64/><T93/><D131/><U129/><E134/><N who="2" m="51211" /><F39/><W11/><G13/><T30/><D71/><U82/><E82/><V130/><F130/><W38/><G36/><T35/><D108/><U3/><E129/><V67/><F74/><W33/><G33/><T25/><D93/><U10/><E19/><V21/><F53/><W62/><G38/><T120/><D120/><U78/><E78/><V37/><F37/><W104/><G91/><T31/><D31/><U14/><E26/><V87/><F109/><W110/><G110/><T1/><D1/><U69/><E69/><V92/><F95/><W56/><REACH who="3" step="1"/><G57/><REACH who="3" ten="250,250,250,240" step="2"/><T55/><D59/><U116/><E116/><V101/><F101/><AGARI ba="0,1" hai="8,11,40,47,50,52,56,62,96,97,100,101,104,107" machi="101" ten="40,8000,1" yaku="1,1,2,1,9,1,54,1,53,0" doraHai="22" doraHaiUra="122" who="3" fromWho="2" sc="250,0,250,0,250,-80,240,90" /><INIT seed="1,0,0,4,4,15" ten="250,250,170,330" oya="1" hai0="129,117,27,83,76,34,36,103,109,130,65,56,92" hai1="132,38,48,2,8,33,81,57,53,32,131,135,30" hai2="110,126,37,95,82,13,41,9,107,7,88,94,60" hai3="23,26,118,90,29,120,11,35,17,106,16,133,96"/><U71/><E71/><V91/><F110/><W104/><G120/><T78/><D36/><U0/><E38/><V125/><F107/><W128/><G128/><N who="0" m="49259" /><D117/><U113/><E113/><V10/><F60/><W127/><G127/><N who="2" m="48649" /><F82/><W14/><G133/><N who="1" m="51274" /><E131/><V98/><F10/><W101/><G118/><T100/><D109/><U31/><E81/><V52/><F52/><W70/><G70/><T5/><D83/><U12/><E31/><V18/><F7/><W66/><G66/><T42/><D5/><N who="1" m="3087" /><E30/><V67/><F67/><W61/><G61/><T55/><D65/><U25/><E25/><V79/><F79/><W28/><G90/><N who="2" m="34345" /><F98/><W46/><G46/><AGARI ba="0,0" hai="9,13,18,37,41,46,94,95" m="34345,48649" machi="46" ten="30,3900,0" yaku="18,1,52,1,54,1" doraHai="15" who="2" fromWho="3" sc="250,0,250,0,170,39,330,-39" /><INIT seed="2,0,0,2,5,82" ten="250,250,209,291" oya="2" hai0="37,135,134,80,126,28,79,16,122,125,15,75,124" hai1="24,25,21,83,72,85,60,63,91,130,14,128,18" hai2="98,55,108,54,19,84,27,10,104,68,69,22,118" hai3="33,127,47,95,13,71,120,3,11,17,92,62,52"/><V57/><F118/><W70/><G120/><T20/><D37/><U101/><E72/><V93/><F104/><W42/><G33/><T58/><D122/><U1/><E1/><V59/><F108/><W26/><G127/><T41/><D41/><U77/><E101/><V119/><F119/><W109/><G109/><T53/><REACH who="0" step="1"/><D28/><REACH who="0" ten="240,250,209,291" step="2"/><U100/><E130/><V113/><F113/><W105/><G105/><T7/><D7/><U74/><E128/><V29/><F69/><W30/><G3/><T131/><D131/><U67/><E100/><N who="2" m="60495" /><F68/><W50/><G71/><T86/><D86/><U4/><E4/><V112/><F112/><W106/><G106/><T66/><D66/><U9/><E67/><V61/><F84/><W8/><G8/><T78/><D78/><U115/><E115/><V117/><F117/><W34/><G70/><T110/><D110/><U40/><E40/><V44/><F10/><W36/><REACH who="3" step="1"/><G62/><AGARI ba="0,1" hai="15,16,20,53,58,62,75,79,80,124,125,126,134,135" machi="62" ten="40,8000,1" yaku="1,1,18,1,54,1,53,1" doraHai="82" doraHaiUra="51" who="0" fromWho="3" sc="240,90,250,0,209,0,291,-80" /><INIT seed="3,0,0,4,4,57" ten="330,250,209,211" oya="3" hai0="52,58,28,55,15,120,6,92,21,35,89,44,2" hai1="37,97,109,98,72,42,18,45,46,83,66,131,64" hai2="47,27,116,91,128,70,1,34,41,36,86,96,20" hai3="67,113,74,121,10,26,39,62,51,38,133,49,126"/><W43/><G74/><T119/><D120/><U29/><E109/><V124/><F116/><W23/><G113/><T71/><D71/><U7/><E131/><V134/><F128/><W59/><G121/><T95/><D119/><U31/><E7/><V108/><F108/><W115/><G115/><T100/><D2/><U19/><E83/><V3/><F124/><W69/><G126/><T53/><D35/><U5/><E5/><V122/><F122/><W103/><G133/><T87/><D6/><U4/><E4/><V80/><F34/><W68/><G10/><T88/><D100/><U22/><E72/><V8/><F134/><W117/><G117/><T81/><D44/><U82/><E82/><V79/><F8/><W135/><G135/><T94/><D15/><U33/><E33/><V25/><F70/><N who="3" m="27243" /><G23/><T11/><D11/><U54/><E54/><V9/><F9/><W123/><G26/><N who="0" m="16463" /><D58/><U114/><E22/><V110/><F27/><W0/><G0/><T101/><D101/><U60/><E37/><N who="3" m="13834" /><G103/><T14/><D14/><U13/><E13/><V12/><F12/><W90/><G90/><AGARI ba="0,0" hai="52,53,55,81,87,88,89,90,92,94,95" m="16463" machi="90" ten="30,3900,0" yaku="8,1,54,2" doraHai="57" who="0" fromWho="3" sc="330,39,250,0,209,0,211,-39" /><INIT seed="4,0,0,2,2,26" ten="369,250,209,172" oya="0" hai0="91,1,17,71,132,2,124,107,52,86,126,96,51" hai1="85,15,53,3,56,37,118,99,89,122,20,16,64" hai2="128,90,119,5,12,77,69,110,39,9,116,94,93" hai3="65,47,25,10,104,63,98,88,57,83,38,73,42"/><T130/><D71/><U7/><E122/><V50/><F110/><W81/><G73/><T92/><D132/><U79/><E118/><N who="2" m="45099" /><F39/><W23/><G10/><T19/><D130/><U0/><E37/><V8/><F128/><W100/><REACH who="3" step="1"/><G88/><REACH who="3" ten="369,250,209,162" step="2"/><N who="0" m="55303" /><D1/><U61/><E0/><V49/><F9/><W14/><G14/><T120/><D2/><U115/><E3/><V106/><F90/><W114/><G114/><T82/><D120/><U121/><E115/><V101/><F8/><W36/><G36/><T125/><D107/><U84/><E121/><V4/><F106/><W34/><G34/><T21/><D21/><U105/><E105/><V41/><F12/><W103/><G103/><T123/><D123/><U67/><E7/><V75/><F4/><W11/><G11/><T35/><D35/><U127/><E127/><V134/><F5/><W80/><G80/><T109/><D109/><U135/><E135/><V46/><F101/><W6/><G6/><T111/><D111/><U44/><E79/><V117/><F77/><W66/><G66/><N who="1" m="25130" /><E99/><V97/><F97/><W55/><G55/><T31/><D124/><U45/><E85/><V95/><F134/><W29/><AGARI ba="0,1" hai="23,25,29,38,42,47,57,63,65,81,83,98,100,104" machi="29" ten="20,5200,0" yaku="1,1,0,1,7,1,52,1,53,0" doraHai="26" doraHaiUra="129" who="3" fromWho="3" sc="369,-26,250,-13,209,-13,162,62" /><INIT seed="5,0,0,4,1,91" ten="343,237,196,224" oya="1" hai0="84,34,126,97,6,124,117,131,56,57,38,135,11" hai1="114,18,23,46,59,94,66,112,5,61,76,105,64" hai2="8,109,102,15,78,13,87,79,24,85,128,95,32" hai3="53,83,65,118,98,50,63,104,22,88,27,74,51"/><U0/><E105/><V96/><F109/><W108/><G108/><T101/><D117/><U92/><E76/><N who="2" m="29227" /><F32/><W77/><G118/><T12/><D34/><U123/><E123/><V25/><F128/><W28/><G104/><N who="0" m="63535" /><D38/><U26/><E66/><V19/><F15/><W69/><REACH who="3" step="1"/><G53/><REACH who="3" ten="343,237,196,214" step="2"/><T60/><D131/><U93/><REACH who="1" step="1"/><E46/><REACH who="1" ten="343,227,196,214" step="2"/><V67/><F67/><W100/><G100/><T16/><D126/><U119/><E119/><V43/><F43/><W75/><G75/><T29/><D124/><U3/><E3/><V7/><F7/><W41/><G41/><T82/><D6/><U107/><E107/><V116/><F116/><W30/><G30/><T58/><D29/><U70/><E70/><V42/><F42/><W31/><G31/><T125/><D125/><U89/><E89/><V52/><F52/><W134/><G134/><T33/><D135/><U103/><E103/><V48/><F48/><W73/><G73/><T62/><D60/><U99/><E99/><V132/><F132/><W17/><G17/><T49/><D62/><U10/><AGARI ba="0,2" hai="0,5,10,18,23,26,59,61,64,92,93,94,112,114" machi="10" ten="30,12000,1" yaku="1,1,0,1,52,3,53,0" doraHai="91" doraHaiUra="39" who="1" fromWho="1" sc="343,-40,227,140,196,-40,214,-40" /><INIT seed="5,1,0,2,3,125" ten="303,367,156,174" oya="1" hai0="15,81,66,92,57,49,100,34,115,129,11,83,24" hai1="23,93,50,62,101,4,73,13,40,80,28,112,10" hai2="19,113,36,44,30,8,89,37,41,114,97,25,21" hai3="55,128,38,78,6,58,70,91,77,110,3,33,61"/><U120/><E112/><N who="2" m="43115" /><F97/><W1/><G110/><T130/><D115/><U9/><E120/><V121/><F121/><W108/><G108/><T104/><D104/><U51/><E73/><V94/><F8/><W82/><G128/><N who="0" m="49259" /><D100/><U56/><E80/><N who="0" m="30793" /><D92/><U117/><E117/><V74/><F74/><W63/><G38/><T135/><D135/><U67/><E10/><V75/><F75/><W47/><G33/><T26/><D34/><U39/><E39/><V106/><F37/><W14/><G47/><T0/><D0/><U79/><E79/><V109/><F106/><W85/><G1/><T71/><D71/><U43/><E93/><V60/><F109/><W52/><G3/><T22/><D22/><U124/><E101/><V42/><F94/><W122/><G122/><T53/><D66/><U99/><E99/><V107/><F107/><W87/><G87/><T98/><D98/><U126/><E126/><V86/><F86/><W103/><G103/><T96/><D96/><U131/><E124/><V7/><F21/><W32/><G32/><T5/><AGARI ba="1,0" hai="5,11,15,24,26,49,53,57" m="30793,49259" machi="5" ten="30,7900,0" yaku="19,1,52,3" doraHai="125" who="0" fromWho="0" sc="303,82,367,-40,156,-21,174,-21" /><INIT seed="6,0,0,3,1,84" ten="385,327,135,153" oya="2" hai0="92,62,22,40,12,118,2,37,52,89,96,14,56" hai1="68,38,64,81,63,122,82,13,86,50,27,129,126" hai2="127,112,28,88,69,43,132,133,7,134,9,60,109" hai3="90,104,131,116,102,4,46,0,75,93,85,53,77"/><V67/><F112/><W48/><G116/><T36/><D118/><U121/><E38/><V98/><F127/><W79/><G131/><T95/><D2/><U99/><E129/><V55/><F109/><W65/><G65/><T3/><D3/><U10/><E126/><V34/><F43/><W30/><G30/><T6/><D40/><U80/><E99/><V106/><F55/><W66/><G66/><T103/><D12/><U11/><E27/><V15/><F106/><W20/><G20/><T83/><D83/><U125/><E125/><V16/><F7/><W5/><G75/><T59/><D56/><U26/><E26/><V1/><F1/><W8/><G5/><T74/><D74/><U124/><E124/><V29/><F34/><W117/><REACH who="3" step="1"/><G117/><REACH who="3" ten="385,327,135,143" step="2"/><T87/><D6/><U100/><E64/><V94/><AGARI ba="0,1" hai="9,15,16,28,29,60,67,69,88,94,98,132,133,134" machi="94" ten="40,12000,1" yaku="0,1,20,1,52,1,54,2" doraHai="84" who="2" fromWho="2" sc="385,-40,327,-40,135,130,143,-40" /><INIT seed="6,1,0,5,3,31" ten="345,287,265,103" oya="2" hai0="113,108,21,4,44,109,27,107,1,58,9,74,64" hai1="98,2,75,37,102,100,17,6,118,114,55,19,115" hai2="134,123,73,11,85,92,79,5,77,76,56,45,112" hai3="50,53,99,80,89,122,28,12,68,51,86,54,20"/><V130/><F123/><W40/><G68/><T24/><D107/><U23/><E118/><V8/><F112/><N who="1" m="43049" /><E75/><V124/><F124/><W116/><G116/><T14/><D74/><U66/><E37/><V119/><F119/><W82/><G122/><T91/><D113/><U60/><E55/><V29/><F130/><W132/><G132/><T120/><D120/><U81/><E81/><V57/><F134/><W33/><G33/><T69/><D69/><N who="1" m="42183" /><E23/><V128/><F128/><W46/><G99/><T65/><D44/><U94/><E102/><V72/><F45/><W103/><G103/><T61/><D64/><U43/><E43/><V35/><F73/><W13/><G80/><T71/><D71/><U126/><E126/><V87/><F72/><W88/><G89/><T121/><D121/><U16/><E6/><V127/><F127/><W39/><G39/><T7/><D91/><U62/><E62/><V101/><F35/><W131/><G131/><T95/><D7/><U41/><E41/><V48/><F29/><W38/><G38/><T63/><D61/><U10/><E2/><V135/><F135/><W26/><REACH who="3" step="1"/><G40/><REACH who="3" ten="345,287,265,93" step="2"/><T49/><D65/><U133/><E133/><V52/><F101/><W36/><G36/><T30/><D109/><U70/><E70/><V110/><F110/><W104/><G104/><T106/><D106/><U83/><E83/><V22/><F77/><W111/><G111/><T125/><D108/><U0/><E100/><V117/><F79/><W96/><G96/><T42/><D125/><U97/><E94/><V90/><F92/><W105/><G105/><RYUUKYOKU ba="1,1" sc="345,-15,287,15,265,-15,93,15" hai1="0,10,16,17,19,97,98" hai3="12,13,20,26,28,46,50,51,53,54,82,86,88" /><INIT seed="7,2,1,1,3,98" ten="330,302,250,108" oya="3" hai0="104,31,14,35,97,40,2,70,34,33,112,131,78" hai1="77,21,43,30,105,55,68,93,109,53,48,13,81" hai2="62,59,133,4,25,90,113,132,130,47,83,135,120" hai3="128,29,69,12,89,22,32,58,100,0,16,86,75"/><W118/><G0/><T17/><D2/><U28/><E105/><V95/><F113/><W85/><G75/><T123/><D123/><U72/><E68/><V96/><F130/><W57/><G69/><T84/><D70/><U36/><E109/><V24/><F120/><W129/><G118/><T80/><D40/><U103/><E36/><V94/><F4/><W114/><G114/><T45/><D45/><U27/><E28/><V99/><F83/><W7/><G7/><T79/><D112/><U1/><E1/><V5/><F47/><W134/><G134/><T64/><D64/><U82/><E82/><V121/><F5/><W20/><G32/><T88/><D31/><U46/><REACH who="1" step="1"/><E13/><REACH who="1" ten="330,292,250,108" step="2"/><V65/><REACH who="2" step="1"/><F121/><REACH who="2" ten="330,292,240,108" step="2"/><W91/><G29/><T119/><D131/><U41/><E41/><V66/><F66/><W60/><G12/><T15/><D80/><U39/><E39/><V127/><F127/><W126/><G126/><T74/><D15/><U9/><E9/><V10/><F10/><W23/><G23/><T54/><D14/><U87/><E87/><V26/><F26/><W122/><G122/><T101/><D35/><U92/><E92/><V117/><F117/><W102/><REACH who="3" step="1"/><G16/><REACH who="3" ten="330,292,240,98" step="2"/><T124/><D17/><U49/><E49/><V76/><F76/><W106/><G106/><T108/><D79/><U107/><E107/><V63/><F63/><AGARI ba="2,4" hai="20,22,57,58,60,63,85,86,89,91,100,102,128,129" machi="63" ten="25,12000,1" yaku="1,1,22,2,52,2,53,0" doraHai="98" doraHaiUra="71" who="3" fromWho="2" sc="330,0,292,0,240,-126,98,166" /><INIT seed="7,3,0,0,0,100" ten="330,292,114,264" oya="3" hai0="123,133,4,37,39,42,10,2,35,29,86,71,52" hai1="112,34,127,76,3,56,82,80,134,101,53,132,118" hai2="59,77,20,115,33,117,95,94,12,97,65,43,28" hai3="25,46,17,93,122,85,16,108,11,121,55,128,104"/><W7/><G128/><T32/><D123/><U41/><E112/><V19/><F19/><BYE who="2" /><W92/><G104/><T106/><D133/><N who="1" m="51307" /><E127/><V74/><F74/><W126/><G126/><T89/><D71/><U38/><E34/><V50/><F50/><W5/><G108/><T107/><D35/><U21/><E3/><V72/><F72/><W125/><G125/><T49/><D42/><U102/><E118/><V47/><F47/><W79/><G122/><T13/><D2/><U110/><E110/><V58/><F58/><W54/><G121/><T129/><D129/><U27/><E41/><V24/><F24/><W88/><G79/><T68/><D68/><U116/><E38/><V61/><F61/><W6/><G93/><T90/><D37/><U0/><E0/><V40/><F40/><W135/><G135/><T119/><D39/><U64/><E64/><V44/><F44/><W51/><G11/><T113/><D119/><U70/><E70/><V81/><F81/><N who="1" m="31337" /><E76/><V111/><F111/><W114/><G114/><T87/><D113/><U18/><E116/><V63/><F63/><AGARI ba="3,0" hai="18,21,27,53,56,63,101,102" m="31337,51307" machi="63" ten="30,1000,0" yaku="20,1" doraHai="100" who="1" fromWho="2" sc="330,0,292,19,114,-19,264,0" owari="330,43.0,311,11.0,95,-40.0,264,-14.0" /></mjloggm>