<mjloggm ver="2.3"><GO type="225" lobby="0"/><UN n0="%E9%9F%93%E8%A1%9B%E9%9D%92" n1="%E6%9D%A5%E9%80%B1%E3%81%AE%E7%B3%B8%E4%BA%95" n2="%E3%83%B4%E3%83%A0%EF%BC%99%E3%81%A6" n3="%E8%A8%88%E7%AE%97%E6%A9%9F%E8%87%AA%E7%84%B6" dan="16,16,17,17" rate="2179.93,2143.00,2218.27,2289.21" sx="F,M,M,M"/><TAIKYOKU oya="0"/><INIT seed="0,0,0,5,5,14" ten="250,250,250,250" oya="0" hai0="56,119,68,112,71,6,15,96,105,48,52,22,12" hai1="25,59,34,17,72,80,132,65,21,49,79,110,74" hai2="95,108,106,128,113,57,10,33,2,90,16,13,131" hai3="97,42,78,92,23,117,46,129,127,41,43,32,3"/><T85/><D112/><U73/><E110/><V9/><F113/><W5/><G117/><T38/><D119/><U75/><E132/><V4/><F108/><W126/><G32/><T62/><D38/><U88/><E34/><V37/><F37/><W53/><G78/><T86/><D105/><U19/><E88/><V130/><F33/><W24/><G129/><T67/><D96/><U61/><REACH who="1" step="1"/><E49/><REACH who="1" ten="250,240,250,250" step="2"/><V118/><F118/><W76/><G127/><T94/><D71/><U82/><E82/><V91/><F106/><W87/><G126/><T58/><D68/><U60/><E60/><V64/><F95/><W11/><G92/><T83/><D94/><U109/><E109/><V27/><F27/><W36/><G36/><T116/><D116/><U99/><E99/><V47/><F47/><W114/><G97/><T100/><D100/><U69/><E69/><V103/><F103/><W77/><G114/><T28/><D83/><U31/><AGARI ba="0,1" hai="17,19,21,25,31,59,61,65,72,73,74,75,79,80" machi="31" ten="30,7900,0" yaku="1,1,0,1,52,2,53,0" doraHai="14" doraHaiUra="133" who="1" fromWho="1" sc="250,-39,240,89,250,-20,250,-20" /><INIT seed="1,0,0,5,2,99" ten="211,329,230,230" oya="1" hai0="23,34,89,49,130,53,41,97,8,75,28,30,46" hai1="96,71,81,39,65,106,109,69,15,62,121,2,133" hai2="98,87,43,115,50,88,64,9,36,16,129,73,59" hai3="72,131,116,12,126,19,119,63,13,108,84,45,21"/><U52/><E2/><V47/><F73/><W123/><G72/><T33/><D75/><U134/><E121/><V38/><F129/><W110/><G63/><T76/><D76/><U4/><E39/><V86/><F115/><W120/><G45/><T118/><D118/><N who="3" m="45097" /><G84/><T27/><D130/><U135/><E109/><N who="3" m="42090" /><G131/><T17/><D8/><N who="1" m="4487" /><E81/><V57/><F38/><W107/><G107/><T66/><D66/><U7/><E7/><V11/><F11/><N who="3" m="6559" /><G126/><T85/><D97/><U114/><E114/><V101/><F86/><W94/><G94/><T24/><D41/><U82/><E82/><N who="2" m="49271" /><F64/><W117/><N who="3" m="45105" /><W1/><DORA hai="105" /><G1/><T104/><D104/><U31/><E71/><V102/><F36/><W44/><G44/><T92/><D92/><U3/><E3/><V95/><F101/><W77/><G77/><T90/><REACH who="0" step="1"/><D85/><REACH who="0" ten="201,329,230,230" step="2"/><U60/><E65/><V80/><F80/><W68/><G68/><T22/><D22/><U83/><E106/><V61/><F61/><W113/><G113/><T51/><D51/><U93/><E62/><V29/><F50/><W74/><G74/><T26/><AGARI ba="0,1" hai="17,23,24,26,27,28,30,33,34,46,49,53,89,90" machi="26" ten="20,5200,0" yaku="1,1,0,1,7,1,9,1,53,0" doraHai="99,105" doraHaiUra="70,125" who="0" fromWho="0" sc="201,62,329,-26,230,-13,230,-13" /><INIT seed="2,0,0,1,5,29" ten="263,303,217,217" oya="2" hai0="31,26,68,121,9,60,103,3,48,78,58,19,8" hai1="12,86,44,114,106,7,47,35,118,129,88,119,99" hai2="98,120,126,90,92,6,16,122,84,135,0,111,105" hai3="89,42,96,101,52,123,69,83,112,66,87,100,10"/><V38/><F38/><W13/><G123/><T36/><D121/><U124/><E114/><V130/><F130/><W30/><G42/><T1/><D36/><U21/><E35/><V73/><F0/><W49/><G112/><T133/><D133/><U70/><E70/><V23/><F6/><W56/><G69/><T40/><D78/><U17/><E129/><V102/><F135/><W97/><G66/><T20/><D103/><N who="3" m="39497" /><G30/><T104/><D104/><U127/><E99/><V32/><F32/><W108/><G108/><T113/><D113/><U55/><E7/><AGARI ba="0,0" hai="7,10,13,49,52,56,83,87,89,96,97" m="39497" machi="7" ten="30,2000,0" yaku="8,1,54,1" doraHai="29" who="3" fromWho="1" sc="263,0,303,-20,217,0,217,20" /><INIT seed="3,0,0,2,1,76" ten="263,283,217,237" oya="3" hai0="129,93,92,85,108,121,116,133,24,91,97,48,109" hai1="78,25,56,44,112,60,102,41,3,46,120,118,21" hai2="54,83,12,45,19,27,127,84,30,103,101,89,72" hai3="58,122,88,10,49,62,35,6,53,75,23,0,106"/><W132/><G122/><T70/><D70/><U113/><E120/><V95/><F127/><W39/><G35/><T7/><D7/><U42/><E3/><V16/><F72/><W55/><G39/><T59/><D121/><U51/><E118/><V96/><F101/><W82/><G106/><T94/><D116/><U11/><E11/><V99/><F99/><W110/><G132/><T81/><D133/><U32/><E32/><V52/><F45/><W68/><G110/><N who="0" m="42603" /><D24/><U1/><E78/><V17/><REACH who="2" step="1"/><F12/><REACH who="2" ten="263,283,207,237" step="2"/><W20/><G75/><T2/><D2/><U87/><E102/><V125/><F125/><W31/><G31/><T80/><D129/><U36/><E1/><V90/><F90/><W29/><G29/><T37/><D37/><U33/><E87/><V100/><F100/><W9/><G88/><N who="0" m="55431" /><D94/><U115/><E115/><V73/><F73/><W66/><G0/><T14/><D14/><U50/><E36/><V71/><F71/><W13/><G13/><T117/><D117/><U4/><E113/><V124/><F124/><W15/><G9/><T98/><D98/><U22/><E112/><V119/><F119/><W77/><G68/><T123/><D123/><U18/><E46/><V38/><F38/><W57/><G15/><T5/><D5/><U86/><E44/><V79/><F79/><W126/><G126/><T61/><D93/><U114/><E4/><V34/><AGARI ba="0,1" hai="16,17,19,27,30,34,52,54,83,84,89,95,96,103" machi="34" ten="30,8000,1" yaku="1,1,0,1,52,1,54,2,53,0" doraHai="76" doraHaiUra="104" who="2" fromWho="2" sc="263,-20,283,-20,207,90,237,-40" /><INIT seed="4,0,0,1,5,23" ten="243,263,297,197" oya="0" hai0="21,67,99,109,96,102,54,57,95,82,69,87,18" hai1="132,103,70,130,79,133,62,126,106,26,83,91,3" hai2="55,8,63,60,17,114,36,113,72,84,22,41,120" hai3="127,12,65,98,38,66,24,135,35,76,94,68,121"/><T49/><D109/><U115/><E3/><V129/><F120/><W39/><G121/><T20/><D69/><U25/><E126/><V7/><F72/><W10/><G127/><T128/><D128/><U19/><E130/><V125/><F125/><W27/><G135/><N who="1" m="51786" /><E91/><V59/><F129/><W9/><G76/><T105/><D67/><N who="3" m="25609" /><G35/><T85/><D21/><U53/><E70/><V52/><F84/><W43/><G68/><T89/><REACH who="0" step="1"/><D82/><REACH who="0" ten="233,263,297,197" step="2"/><U40/><E83/><V116/><F22/><W4/><G38/><T29/><D29/><U14/><E115/><V28/><F36/><W88/><G39/><T15/><AGARI ba="0,1" hai="15,18,20,49,54,57,85,87,89,95,96,99,102,105" machi="15" ten="20,7800,0" yaku="1,1,0,1,7,1,53,1" doraHai="23" doraHaiUra="46" who="0" fromWho="0" sc="233,88,263,-26,297,-26,197,-26" owari="321,42.0,237,-16.0,271,7.0,171,-33.0" /></mjloggm>