<mjloggm ver="2.3"><GO type="185" lobby="0"/><UN n0="%E3%81%BF%E3%83%BC%E3%82%8F" n1="%E3%82%B3%E3%82%B3%E3%82%A2%E3%81%AF%E4%BF%BA%E3%81%AE%E5%AB%81" n2="%44%75%73%6B" n3="" dan="17,17,16,0" rate="2225.41,2208.53,2178.32,1500.00" sx="M,F,M,C"/><TAIKYOKU oya="0"/><INIT seed="0,0,0,0,1,126" ten="350,350,350,0" oya="0" hai0="54,36,38,104,79,77,51,66,127,132,128,80,102" hai1="130,111,86,69,43,48,65,60,39,67,133,56,90" hai2="112,84,91,85,116,119,95,82,89,35,97,96,59" hai3=""/><T81/><D127/><U47/><E111/><V93/><F35/><T134/><D66/><U88/><E133/><V52/><F112/><T2/><D2/><U71/><E130/><V108/><F108/><T83/><D128/><U58/><E90/><V105/><F105/><T76/><D104/><U45/><E88/><V120/><N who="2" m="30752" /><V106/><F106/><T70/><D70/><U125/><E86/><V92/><F92/><T53/><D102/><U34/><E34/><V68/><F68/><T129/><D129/><U49/><E125/><V3/><F3/><T78/><D78/><U122/><N who="1" m="31264" /><U115/><E115/><V118/><F82/><T123/><N who="0" m="31520" /><T50/><D50/><AGARI ba="0,0" hai="50,52,59,84,85,89,91,93,95,96,97,116,118,119" m="30752" machi="50" ten="40,8000,1" yaku="9,1,12,1,52,1,54,1" doraHai="126" who="2" fromWho="0" sc="350,-80,350,0,350,80,0,0" /><INIT seed="1,0,0,1,0,97" ten="270,350,430,0" oya="1" hai0="54,33,53,135,47,57,114,132,87,46,44,56,89" hai1="88,122,76,99,64,50,92,109,43,49,61,38,70" hai2="2,134,37,125,91,65,3,115,93,84,41,58,90" hai3=""/><U39/><N who="1" m="31264" /><U66/><E109/><V124/><F134/><N who="0" m="51242" /><D33/><U72/><E66/><V82/><F115/><T98/><D114/><U102/><E76/><V67/><F41/><T86/><D89/><U85/><E72/><V75/><F37/><T131/><D98/><U83/><REACH who="1" step="1"/><E38/><REACH who="1" ten="270,340,430,0" step="2"/><V45/><F75/><T94/><D131/><U74/><E74/><V36/><F36/><T95/><D87/><U128/><E128/><V105/><F65/><T127/><D86/><U118/><E118/><V112/><F112/><T55/><D127/><U130/><E130/><V73/><F125/><T119/><D119/><U123/><N who="1" m="31520" /><U126/><E126/><V63/><F124/><T96/><D96/><U1/><E1/><V59/><F2/><T77/><D77/><U113/><E113/><V62/><F3/><T133/><D133/><U101/><E101/><V0/><F0/><T48/><D48/><U69/><E69/><V103/><F103/><T117/><D117/><U100/><E100/><V35/><F67/><T40/><D40/><U60/><E60/><V42/><F42/><T116/><D116/><U52/><E52/><N who="0" m="13313" /><T120/><N who="0" m="30752" /><DORA hai="110" /><T106/><D106/><U121/><N who="1" m="31008" /><U32/><E32/><V34/><F105/><RYUUKYOKU ba="0,1" sc="270,10,340,10,430,-20,0,0" hai0="44,46,47,56,57,94,95" hai1="39,43,49,50,61,64,70,83,85,88,92,99,102" /><INIT seed="1,1,1,4,0,83" ten="280,350,410,0" oya="1" hai0="65,92,106,53,73,0,58,128,44,103,129,51,32" hai1="116,88,91,61,39,113,40,56,54,55,127,78,117" hai2="101,89,104,38,48,82,60,62,64,47,46,59,98" hai3=""/><U90/><E113/><V115/><F115/><T123/><N who="0" m="31520" /><T122/><N who="0" m="31264" /><T76/><D0/><U35/><E35/><V105/><F38/><T111/><D32/><U80/><E127/><V45/><F104/><T94/><D111/><U75/><REACH who="1" step="1"/><E55/><REACH who="1" ten="280,340,410,0" step="2"/><V36/><F36/><T95/><D53/><U66/><E66/><V124/><F124/><T133/><D65/><U87/><E87/><V42/><F64/><T85/><D85/><U132/><E132/><V86/><F42/><T52/><D133/><U79/><E79/><V134/><F134/><T63/><D76/><U67/><E67/><V96/><F98/><T126/><D126/><U2/><E2/><V49/><F86/><T135/><D135/><U68/><E68/><V112/><F96/><T50/><D52/><U33/><E33/><V81/><F112/><T107/><D128/><U70/><E70/><V41/><F41/><T37/><D129/><U100/><E100/><V118/><F101/><T69/><D103/><U84/><E84/><V110/><F110/><T121/><D37/><U71/><E71/><V77/><F77/><T102/><D69/><U97/><E97/><V57/><F81/><T93/><N who="0" m="31008" /><T72/><N who="0" m="23552" /><DORA hai="131" /><T43/><D102/><RYUUKYOKU ba="1,2" sc="280,-10,340,20,410,-10,0,0" hai1="39,40,54,56,61,75,78,80,88,90,91,116,117" /><INIT seed="1,2,2,0,5,105" ten="270,360,400,0" oya="1" hai0="113,44,60,81,49,115,0,132,73,65,129,33,84" hai1="75,34,94,92,64,2,124,79,86,100,36,77,127" hai2="96,122,117,93,112,67,123,121,51,63,70,95,107" hai3=""/><U119/><E2/><V101/><N who="2" m="31008" /><V1/><N who="2" m="31264" /><V76/><N who="2" m="31520" /><V135/><F117/><T45/><D0/><U98/><E34/><V48/><F135/><T89/><D33/><U128/><E36/><V43/><F1/><T53/><D132/><U120/><N who="1" m="30752" /><U47/><E64/><V52/><F112/><T99/><D129/><U40/><E40/><V97/><F76/><T133/><D133/><U32/><E32/><V116/><F116/><T109/><D109/><U71/><E71/><V90/><F43/><T114/><D99/><U46/><E46/><V111/><F111/><T131/><D131/><U118/><E47/><V54/><F48/><T108/><D44/><U85/><E128/><V103/><F51/><T82/><D108/><U74/><E98/><AGARI ba="2,2" hai="52,54,63,67,70,90,93,95,96,97,98,101,103,107" m="31520,31264,31008" machi="98" ten="30,8000,1" yaku="7,1,52,3,54,1" doraHai="105" who="2" fromWho="1" sc="270,0,360,-84,400,104,0,0" /><INIT seed="2,0,0,2,4,108" ten="270,276,504,0" oya="2" hai0="42,120,45,67,3,34,63,86,69,111,105,107,99" hai1="123,109,82,130,117,60,77,85,59,35,62,71,106" hai2="57,37,90,49,119,116,93,73,101,55,115,135,100" hai3=""/><V2/><F73/><T91/><N who="0" m="30752" /><T118/><D118/><U32/><N who="1" m="31520" /><U43/><E117/><V125/><F2/><T131/><D3/><U39/><E109/><V87/><F135/><T61/><D34/><U121/><N who="1" m="31008" /><U47/><E130/><V128/><F128/><T132/><D111/><U95/><E106/><V52/><F37/><T50/><D131/><U56/><E71/><V94/><F125/><T33/><D33/><U76/><E95/><V104/><F104/><T78/><D78/><U44/><E43/><V133/><F133/><T0/><D0/><U113/><E85/><V36/><F36/><T54/><D132/><U72/><E39/><V70/><F70/><T64/><D99/><U81/><REACH who="1" step="1"/><E72/><REACH who="1" ten="270,266,504,0" step="2"/><V92/><F119/><T53/><D107/><U112/><AGARI ba="0,1" hai="32,35,44,47,56,59,60,62,76,77,81,82,112,113" m="31008,31520" machi="112" ten="25,12000,3" yaku="1,1,2,1,0,1,22,2,52,4,53,0" doraHai="108" doraHaiUra="126" who="1" fromWho="1" sc="270,-40,266,130,504,-80,0,0" /><INIT seed="4,0,0,3,1,101" ten="230,396,424,0" oya="0" hai0="52,32,105,37,40,87,59,127,45,129,108,65,34" hai1="3,93,122,82,103,56,68,33,43,61,131,58,95" hai2="81,79,74,73,49,120,118,53,70,102,84,97,117" hai3=""/><T116/><D116/><N who="2" m="44650" /><F70/><T60/><D127/><U67/><N who="1" m="31264" /><U64/><E3/><V112/><N who="2" m="30752" /><V94/><F112/><T44/><D129/><U128/><E33/><V119/><N who="2" m="44658" /><V111/><DORA hai="55" /><F111/><T76/><D108/><U106/><E43/><V109/><F109/><T2/><D2/><U124/><E124/><V107/><F94/><T114/><D114/><U90/><E68/><V91/><F91/><T36/><D105/><U71/><E71/><V75/><F75/><T0/><D0/><U47/><E47/><AGARI ba="0,0" hai="47,49,53,73,74,79,81,84,97,102,107" m="30752,44658" machi="47" ten="40,5200,0" yaku="12,1,52,2" doraHai="101,55" who="2" fromWho="1" sc="230,0,396,-52,424,52,0,0" /><INIT seed="5,0,0,0,3,81" ten="230,344,476,0" oya="1" hai0="92,129,39,85,95,113,100,107,71,89,130,46,88" hai1="38,87,99,117,93,66,43,82,42,33,75,47,102" hai2="84,62,109,114,79,131,77,105,45,55,48,101,65" hai3=""/><U132/><E117/><V72/><F109/><T128/><D71/><U80/><E33/><V111/><F111/><T40/><D113/><U115/><E115/><V108/><F108/><T34/><D34/><U103/><E132/><V32/><F32/><T67/><D67/><U134/><E134/><V133/><F131/><T49/><D107/><U2/><E2/><V74/><F133/><T86/><D100/><U70/><E103/><V58/><F114/><T36/><AGARI ba="0,0" hai="36,39,40,46,49,85,86,88,89,92,95,128,129,130" machi="36" ten="40,9000,2" yaku="0,1,9,1,19,1,52,2,54,1" doraHai="81" who="0" fromWho="0" sc="230,90,344,-60,476,-30,0,0" /><INIT seed="6,0,0,1,4,40" ten="320,284,446,0" oya="2" hai0="84,132,52,85,41,82,122,34,117,94,120,130,105" hai1="106,109,111,91,90,108,79,125,103,119,62,71,77" hai2="124,72,3,115,57,101,116,67,70,59,66,98,49" hai3=""/><V107/><F116/><T45/><N who="0" m="30752" /><T36/><N who="0" m="31264" /><T126/><D117/><U42/><E119/><V44/><F115/><T99/><D34/><U134/><E134/><V69/><F3/><T33/><D33/><U54/><E125/><V95/><F124/><T65/><D126/><U87/><E42/><V61/><F72/><T123/><N who="0" m="31520" /><T47/><D105/><U113/><E113/><V68/><F107/><T78/><D130/><U1/><E1/><V2/><F2/><T135/><D65/><U0/><E0/><V58/><F61/><T53/><D85/><U133/><E133/><N who="0" m="51273" /><D47/><U86/><E103/><V60/><F60/><T121/><N who="0" m="31008" /><T83/><D83/><U38/><E106/><V43/><AGARI ba="0,0" hai="43,44,49,57,58,59,66,67,68,69,70,95,98,101" machi="43" ten="40,2600,0" yaku="0,1,52,1" doraHai="40" who="2" fromWho="2" sc="320,-13,284,-13,446,26,0,0" owari="307,-9.0,271,-33.0,472,42.0,0,0.0" /></mjloggm>