<mjloggm ver="2.3"><GO type="169" lobby="0"/><UN n0="%E8%8B%B1%E5%9B%BD%E5%A3%B2%E5%8D%B4" n1="%E3%81%8A%E3%81%98%E3%81%95%E3%82%93" n2="%E3%81%95%E3%82%89%E3%81%9B%E3%81%99%E3%81%84%E3%81%A1%E3%82%85%E3%81%AA" n3="%E7%A0%B4%E5%A3%8A%E9%AD%94%E3%81%A1%E3%82%8B%E3%81%BF" dan="18,16,16,17" rate="2235.34,2181.51,2163.09,2183.37" sx="M,M,M,F"/><TAIKYOKU oya="0"/><INIT seed="0,0,0,1,3,53" ten="250,250,250,250" oya="0" hai0="51,91,107,131,31,101,125,130,24,75,89,4,56" hai1="127,87,36,112,93,61,102,42,90,77,123,58,74" hai2="65,50,84,6,121,64,37,23,81,59,128,99,108" hai3="69,39,43,78,83,16,19,34,32,9,3,11,17"/><T29/><D75/><U45/><E123/><V109/><F37/><W8/><G69/><T79/><D79/><U7/><E127/><V119/><F121/><W33/><G43/><T1/><D125/><U105/><E112/><V13/><F128/><N who="0" m="49194" /><D4/><U80/><E7/><V54/><F99/><W30/><G39/><T117/><D1/><U66/><REACH who="1" step="1"/><E102/><REACH who="1" ten="250,240,250,250" step="2"/><V46/><F119/><W103/><G103/><T28/><D117/><U96/><E96/><V57/><F108/><W18/><G3/><T14/><D101/><U35/><E35/><V12/><F109/><W106/><G106/><AGARI ba="0,1" hai="36,42,45,58,61,66,74,77,80,87,90,93,105,106" machi="106" ten="40,2600,0" yaku="1,1,52,1,53,0" doraHai="53" doraHaiUra="0" who="1" fromWho="3" sc="250,0,240,36,250,0,250,-26" /><INIT seed="1,0,0,0,5,8" ten="250,276,250,224" oya="1" hai0="61,9,30,28,80,116,68,3,125,45,103,101,123" hai1="48,87,118,119,53,89,49,38,130,90,99,1,107" hai2="54,114,58,42,46,69,13,22,26,113,29,95,134" hai3="16,14,133,86,59,75,19,111,112,27,41,96,129"/><U93/><E1/><V57/><F69/><W124/><G75/><T44/><D116/><U91/><E38/><V81/><F134/><W56/><G112/><T64/><D125/><U74/><E74/><V32/><F81/><W11/><G111/><T83/><D123/><U132/><E132/><V77/><F77/><W37/><G133/><T102/><D3/><U92/><E130/><V115/><F54/><W40/><G124/><T85/><D83/><U7/><E7/><V24/><F95/><W128/><G96/><T35/><D9/><U131/><E131/><N who="3" m="50250" /><G86/><T6/><D6/><U72/><E72/><V52/><F13/><N who="3" m="7231" /><G27/><T105/><D105/><U51/><E107/><V135/><F135/><W5/><G5/><T60/><D60/><U122/><E122/><V17/><F42/><N who="3" m="16491" /><G37/><T50/><D35/><U109/><E109/><V76/><F76/><W23/><AGARI ba="0,0" hai="14,19,23,56,59" m="16491,7231,50250" machi="23" ten="30,7900,0" yaku="19,1,52,2,54,1" doraHai="8" who="3" fromWho="3" sc="250,-20,276,-39,250,-20,224,79" /><INIT seed="2,0,0,4,1,113" ten="230,237,230,303" oya="2" hai0="130,34,135,31,62,75,22,4,57,2,101,94,104" hai1="52,45,103,78,18,13,36,25,32,7,112,17,1" hai2="63,115,114,99,38,80,86,91,23,49,70,81,117" hai3="133,120,98,47,54,12,61,44,127,132,5,42,10"/><V67/><F38/><W92/><G120/><T24/><D130/><U89/><E112/><V53/><F117/><W107/><G107/><T88/><D135/><N who="3" m="51785" /><G127/><T30/><D75/><U109/><E109/><V85/><F99/><W27/><G27/><T8/><D104/><U87/><E103/><V125/><F23/><W82/><G82/><T90/><D31/><U28/><E78/><V51/><F125/><W100/><G42/><T77/><D77/><U74/><E74/><V26/><F26/><W124/><G124/><T126/><D126/><U134/><E134/><V105/><F105/><W84/><G84/><T129/><D129/><U21/><E18/><V6/><F6/><W66/><G54/><T55/><D34/><U15/><E15/><V16/><F16/><W58/><AGARI ba="0,0" hai="5,10,12,44,47,58,61,66,92,98,100" m="51785" machi="58" ten="30,1100,0" yaku="20,1" doraHai="113" who="3" fromWho="3" sc="230,-3,237,-3,230,-5,303,11" /><INIT seed="3,0,0,0,1,87" ten="227,234,225,314" oya="3" hai0="53,44,18,75,45,114,116,48,79,106,64,80,103" hai1="105,66,19,28,134,120,124,26,131,54,41,83,100" hai2="52,56,98,129,135,128,61,6,58,2,92,15,68" hai3="25,89,17,91,109,93,7,10,112,133,76,60,122"/><W13/><G122/><T132/><D116/><U102/><E120/><V9/><F68/><W43/><G112/><T69/><D132/><U30/><E134/><V71/><F71/><W23/><G133/><T88/><D114/><U63/><E131/><V57/><F135/><W70/><G109/><T99/><D69/><U12/><E124/><V55/><F128/><W21/><G43/><T72/><D64/><U95/><E105/><V96/><F129/><W74/><G70/><T3/><D3/><U46/><E66/><V94/><F2/><W8/><G74/><T20/><D45/><U24/><E83/><V115/><F115/><W16/><G76/><T121/><D121/><U62/><E26/><V97/><REACH who="2" step="1"/><F57/><REACH who="2" ten="227,234,215,314" step="2"/><W73/><G73/><T113/><D113/><U11/><E30/><V27/><F27/><N who="3" m="14759" /><G93/><T38/><D75/><U14/><E95/><V110/><F110/><W130/><G130/><T125/><D125/><U0/><E0/><V84/><F84/><W104/><G104/><T119/><D119/><U127/><E127/><V118/><F118/><W49/><G60/><AGARI ba="0,1" hai="6,9,15,52,55,56,58,60,61,92,94,96,97,98" machi="60" ten="40,8000,1" yaku="1,1,9,1,8,1,54,1,53,0" doraHai="87" doraHaiUra="22" who="2" fromWho="3" sc="227,0,234,0,215,90,314,-80" /><INIT seed="4,0,0,0,0,26" ten="227,234,305,234" oya="0" hai0="67,21,102,72,92,128,84,113,10,65,56,37,7" hai1="123,97,42,63,73,121,133,119,77,18,31,120,4" hai2="34,57,43,20,78,134,9,103,129,69,49,1,82" hai3="5,12,116,114,3,24,59,60,38,108,127,115,8"/><T23/><D67/><U135/><E42/><V30/><F69/><W117/><G38/><T81/><D37/><U45/><E45/><V58/><F34/><W122/><G59/><T41/><D113/><N who="3" m="43017" /><G60/><T80/><D128/><U95/><E63/><V50/><F129/><W132/><G108/><T107/><D107/><U54/><E54/><V36/><F103/><W17/><G132/><N who="1" m="50762" /><E4/><N who="2" m="1167" /><F58/><W87/><G87/><T86/><D41/><U46/><E18/><V55/><F134/><W32/><G127/><T126/><D126/><U85/><E31/><V64/><F64/><W22/><G122/><T53/><D65/><U40/><E46/><N who="2" m="23911" /><F57/><W71/><G71/><T106/><D106/><U51/><E51/><V112/><F55/><W11/><G32/><T47/><D47/><U118/><E40/><V48/><F48/><W101/><G101/><T39/><D39/><U75/><E85/><V105/><F105/><W98/><G98/><T91/><D56/><U62/><E62/><V70/><F70/><W93/><G93/><T25/><D53/><U2/><E2/><V16/><F112/><W79/><G79/><T100/><D23/><U104/><E104/><V66/><F66/><W68/><G68/><T33/><D33/><U44/><E44/><V52/><F52/><W131/><G131/><T15/><D21/><U88/><E77/><V6/><F50/><W124/><G124/><T76/><D25/><U27/><E27/><V94/><F49/><W99/><G99/><T89/><AGARI ba="0,0" hai="7,10,15,72,76,80,81,84,86,89,91,92,100,102" machi="89" ten="20,2100,0" yaku="0,1,7,1" doraHai="26" who="0" fromWho="0" sc="227,21,234,-7,305,-7,234,-7" /><INIT seed="4,1,0,2,4,74" ten="248,227,298,227" oya="0" hai0="97,25,6,99,134,116,93,124,46,88,24,72,102" hai1="4,132,101,108,117,107,1,62,115,14,79,85,40" hai2="15,78,52,35,77,90,57,75,114,95,91,53,31" hai3="56,18,12,29,3,38,83,30,47,119,39,103,19"/><T86/><D116/><U133/><E1/><V44/><F75/><W76/><G3/><T100/><D72/><U8/><E117/><V48/><F114/><W37/><G119/><T43/><D124/><U82/><E108/><V126/><F126/><W34/><G103/><T66/><D134/><U54/><E115/><V63/><F35/><W10/><G47/><T84/><D66/><U104/><E40/><V21/><F91/><W80/><G80/><T55/><D6/><U61/><E54/><V26/><REACH who="2" step="1"/><F15/><REACH who="2" ten="248,227,288,227" step="2"/><W110/><G34/><T70/><D88/><U121/><E121/><V27/><F27/><W36/><G110/><T135/><D24/><U33/><E33/><V16/><F16/><W130/><G19/><T89/><D89/><U5/><E5/><V22/><F22/><W131/><G18/><T118/><D25/><U109/><E109/><V20/><F20/><W87/><G12/><T17/><D17/><U67/><E101/><V65/><F65/><W112/><G112/><T105/><D118/><U128/><E67/><V122/><F122/><W0/><G0/><T94/><D105/><U98/><E107/><V58/><F58/><W129/><N who="3" m="9216" /><DORA hai="11" /><W69/><G10/><T127/><D127/><U125/><E125/><V120/><F120/><W59/><G69/><T41/><D70/><U32/><E32/><V42/><F42/><N who="0" m="15882" /><D135/><N who="1" m="51787" /><E104/><V92/><F92/><W96/><G59/><T23/><D23/><U50/><E8/><V71/><F71/><W2/><G2/><T28/><D28/><N who="3" m="10857" /><G56/><T106/><D106/><U9/><E9/><V123/><F123/><RYUUKYOKU ba="1,1" sc="248,10,227,-30,288,10,227,10" hai0="46,55,84,86,93,94,97,99,100,102" hai2="21,26,31,44,48,52,53,57,63,77,78,90,95" hai3="76,83,87,96,129,130,131" /><INIT seed="4,2,1,0,1,113" ten="258,197,298,237" oya="0" hai0="73,132,42,6,19,60,58,85,8,43,52,0,35" hai1="129,84,108,77,62,14,2,119,59,13,116,118,121" hai2="21,39,123,27,66,97,128,47,114,70,111,78,124" hai3="4,134,7,115,44,75,81,36,107,131,49,87,38"/><T12/><D73/><U28/><E121/><V88/><F123/><W112/><G75/><T55/><D132/><U63/><E2/><V56/><F114/><N who="3" m="43563" /><G134/><T46/><D35/><U110/><E28/><V102/><F111/><N who="1" m="42537" /><E84/><V135/><F70/><W18/><G107/><T117/><D117/><U1/><E1/><V23/><F23/><W133/><G133/><T92/><D92/><U67/><E77/><V20/><F20/><W79/><G131/><T71/><D71/><N who="1" m="42487" /><E13/><V5/><F78/><W57/><G57/><T51/><REACH who="0" step="1"/><D85/><REACH who="0" ten="248,197,298,237" step="2"/><U22/><E129/><V10/><F128/><W82/><G82/><T50/><D50/><U99/><E119/><V83/><F135/><W109/><G38/><T89/><D89/><U48/><E48/><V26/><F39/><W15/><G36/><T86/><D86/><U16/><E118/><V11/><F88/><W120/><G120/><T74/><D74/><U64/><E116/><V130/><F130/><W103/><G103/><T76/><D76/><U30/><E99/><V68/><F102/><W41/><G109/><T106/><D106/><U95/><E95/><V100/><F97/><W101/><G101/><T54/><D54/><U25/><E64/><V98/><F100/><W122/><G122/><T96/><D96/><U125/><E63/><V72/><F66/><W105/><G105/><T31/><D31/><U94/><E94/><V33/><F98/><W104/><G104/><T61/><D61/><U37/><E37/><V34/><F34/><W32/><G32/><T93/><D93/><U90/><E30/><V65/><F33/><RYUUKYOKU ba="2,2" sc="248,15,197,-15,298,-15,237,15" hai0="0,6,8,12,19,42,43,46,51,52,55,58,60" hai3="4,7,15,18,41,44,49,79,81,87" /><INIT seed="4,3,2,1,2,61" ten="263,182,283,252" oya="0" hai0="88,135,101,115,29,110,26,15,12,130,72,94,13" hai1="78,111,45,47,126,57,83,89,21,127,87,93,7" hai2="37,84,43,35,102,112,134,17,104,39,33,0,55" hai3="80,22,133,34,74,108,122,10,64,73,59,100,106"/><T36/><D72/><U103/><E7/><V76/><F134/><W62/><G34/><T24/><D36/><U6/><E6/><V120/><F120/><W125/><G133/><T63/><D115/><U119/><E111/><V67/><F112/><W70/><G122/><T71/><D135/><U113/><E113/><V40/><F0/><W132/><G132/><T28/><D110/><U131/><E119/><V86/><F76/><W9/><G125/><N who="1" m="47626" /><E131/><V20/><F102/><W41/><G108/><T1/><D1/><U90/><E57/><V8/><F8/><W23/><G70/><T96/><D130/><U117/><E117/><V91/><F104/><W52/><G41/><T53/><D101/><U46/><E21/><V56/><F55/><W107/><G100/><T4/><D4/><U16/><E16/><V42/><F86/><W65/><G62/><T116/><D116/><U11/><E11/><V25/><F39/><W32/><G32/><T128/><D128/><U79/><E103/><V77/><F77/><W48/><G52/><T18/><D71/><U121/><E121/><V58/><F37/><W92/><G59/><N who="0" m="35311" /><D24/><U75/><E75/><V82/><F56/><W51/><G92/><T124/><D124/><U109/><E109/><V129/><F129/><W49/><G51/><T114/><D114/><U19/><E19/><V68/><F68/><W105/><G105/><T95/><D95/><U60/><E60/><N who="2" m="38295" /><F35/><W27/><G27/><T98/><D98/><AGARI ba="3,2" hai="45,46,47,78,79,83,87,89,90,93,98" m="47626" machi="98" ten="30,1000,0" yaku="18,1" doraHai="61" who="1" fromWho="0" sc="263,-19,182,39,283,0,252,0" /><INIT seed="5,0,0,2,3,125" ten="244,221,283,252" oya="1" hai0="113,70,130,25,79,122,58,107,135,98,53,49,48" hai1="109,80,51,19,133,27,77,63,33,94,45,83,120" hai2="73,92,13,2,39,54,44,134,16,90,74,36,116" hai3="97,89,17,15,22,88,1,111,108,84,10,78,3"/><U102/><E120/><V69/><F69/><W85/><G78/><T95/><D107/><U65/><E133/><V11/><F116/><W81/><G97/><T31/><D70/><U37/><E37/><V20/><F134/><W55/><G55/><T9/><D113/><U30/><E109/><V115/><F115/><W110/><REACH who="3" step="1"/><G10/><REACH who="3" ten="244,221,283,242" step="2"/><T42/><D79/><U82/><E77/><V106/><F106/><W8/><G8/><T66/><D9/><U60/><E65/><V96/><F73/><W62/><G62/><T40/><D66/><U50/><E63/><V12/><F74/><W99/><G99/><T18/><D98/><U105/><E60/><V87/><F2/><W28/><G28/><T118/><D31/><U24/><E105/><V112/><F112/><W126/><G126/><T34/><D53/><U7/><E102/><V129/><F96/><W123/><G123/><T114/><D122/><U5/><E30/><V68/><F54/><W76/><G76/><T6/><D114/><U38/><E5/><V124/><F124/><W117/><G117/><T103/><D6/><U131/><E7/><V14/><F11/><W61/><G61/><T41/><D103/><U93/><E19/><V59/><F16/><W57/><G57/><T104/><D58/><U127/><E127/><V71/><F59/><W64/><G64/><T47/><D18/><U43/><E43/><V46/><F71/><W121/><G121/><T91/><D41/><U29/><E29/><V128/><F68/><W0/><G0/><T119/><D42/><U72/><E72/><V26/><F46/><RYUUKYOKU ba="0,1" sc="244,-10,221,-10,283,-10,242,30" hai3="1,3,15,17,22,81,84,85,88,89,108,110,111" /><INIT seed="6,1,1,5,2,44" ten="234,211,273,272" oya="2" hai0="13,5,91,43,71,110,32,79,119,58,11,62,94" hai1="45,96,20,26,98,2,81,8,88,123,100,65,84" hai2="56,24,104,92,132,25,80,99,47,57,18,59,115" hai3="10,46,31,63,122,95,85,78,129,29,112,134,108"/><V83/><F132/><W36/><G108/><T64/><D110/><U74/><E123/><V66/><F115/><W67/><G122/><T70/><D119/><U60/><E74/><V53/><F104/><W0/><G112/><T130/><D32/><U4/><E100/><V131/><F131/><W109/><G109/><T103/><D130/><U127/><E127/><V34/><F66/><W54/><G134/><T55/><D79/><U93/><E45/><V9/><F34/><W69/><G129/><T17/><D43/><U113/><E81/><N who="2" m="31307" /><F9/><W14/><G0/><T117/><D117/><U61/><E113/><V86/><F86/><W116/><G116/><T40/><D40/><U27/><E61/><V41/><F41/><W39/><G78/><T15/><D103/><U107/><E107/><V90/><F18/><W125/><G125/><T35/><D35/><U48/><E48/><AGARI ba="1,1" hai="24,25,47,48,53,56,57,59,90,92,99" m="31307" machi="48" ten="30,2900,0" yaku="8,1,52,1" doraHai="44" who="2" fromWho="1" sc="234,0,211,-32,273,42,272,0" /><INIT seed="6,2,0,2,1,68" ten="234,179,315,272" oya="2" hai0="45,13,93,99,10,63,92,35,41,80,39,6,66" hai1="128,109,125,53,76,117,12,33,82,61,51,64,36" hai2="3,67,95,105,38,14,98,44,5,119,32,73,97" hai3="62,120,7,29,34,70,16,127,103,42,65,96,94"/><V135/><F119/><W113/><G120/><T112/><D112/><U55/><E117/><V78/><F3/><W37/><G113/><T20/><D35/><U31/><E109/><V19/><F32/><W22/><G127/><T104/><D80/><U79/><E125/><V47/><F5/><W118/><G118/><T30/><D104/><U134/><E134/><V1/><F1/><W100/><G7/><T69/><D30/><U77/><E128/><V24/><F24/><W130/><G130/><T108/><D108/><U111/><E111/><V107/><F67/><W87/><G87/><T23/><REACH who="0" step="1"/><D93/><REACH who="0" ten="224,179,315,272" step="2"/><U60/><E82/><V54/><F95/><W114/><G29/><T25/><D25/><U46/><E31/><V4/><F105/><W58/><G34/><T83/><D83/><U90/><E33/><V132/><F107/><W21/><G114/><T81/><D81/><U9/><E76/><V28/><F78/><W59/><G94/><T72/><D72/><U56/><E77/><V121/><F73/><W129/><G129/><T86/><D86/><U84/><E79/><V115/><F115/><W122/><G122/><T0/><D0/><U57/><E84/><V2/><F28/><W124/><G124/><T75/><D75/><U40/><E90/><AGARI ba="2,1" hai="6,10,13,20,23,39,41,45,63,66,69,90,92,99" machi="90" ten="30,3900,0" yaku="1,1,7,1,52,1,53,0" doraHai="68" doraHaiUra="133" who="0" fromWho="1" sc="224,55,179,-45,315,0,272,0" /><INIT seed="7,0,0,0,4,55" ten="279,134,315,272" oya="3" hai0="77,68,56,50,61,104,133,88,31,29,69,122,119" hai1="71,84,76,106,60,37,132,109,82,134,65,51,80" hai2="63,114,108,126,45,7,124,34,62,12,18,16,42" hai3="118,58,6,83,100,28,19,67,107,54,75,111,98"/><W11/><G118/><T22/><D119/><U3/><E109/><V86/><F114/><W101/><G111/><T121/><D104/><U20/><E106/><V44/><F34/><W17/><G67/><T53/><D77/><U26/><E3/><V135/><F135/><W123/><G123/><T4/><D133/><U9/><E37/><V47/><F108/><W66/><G66/><T127/><D127/><N who="2" m="48682" /><F42/><W112/><G112/><T95/><D4/><U41/><E134/><V78/><F7/><W110/><G110/><T99/><D31/><U92/><E132/><V73/><F73/><W85/><G75/><T64/><REACH who="0" step="1"/><D69/><REACH who="0" ten="269,134,315,272" step="2"/><U70/><E70/><V24/><F24/><AGARI ba="0,1" hai="22,24,29,50,53,56,61,64,68,88,95,99,121,122" machi="24" ten="40,8000,1" yaku="1,1,2,1,52,1,54,1,53,0" doraHai="55" doraHaiUra="1" who="0" fromWho="2" sc="269,90,134,0,315,-80,272,0" owari="359,46.0,134,-37.0,235,-16.0,272,7.0" /></mjloggm>