<mjloggm ver="2.3"><GO type="225" lobby="0"/><UN n0="%E3%81%AB%E3%81%9B%E6%82%9F%E7%A9%BA" n1="%E5%B7%A5%E8%97%A4%E6%96%B0%E4%B8%80" n2="%73%75%7A%75%6D%65%33" n3="%E3%82%AB%E3%83%9C%E3%83%81%E3%83%A3%E3%82%BF%E3%83%8D" dan="17,16,17,16" rate="2174.42,2128.65,2192.99,2089.42" sx="M,M,M,M"/><TAIKYOKU oya="0"/><INIT seed="0,0,0,2,2,103" ten="250,250,250,250" oya="0" hai0="16,67,46,100,122,18,5,64,126,112,52,83,110" hai1="44,54,104,84,71,124,60,36,79,61,12,90,4" hai2="109,108,25,65,3,53,86,69,85,80,8,1,49" hai3="50,43,40,75,118,14,7,0,107,42,117,91,37"/><T6/><D112/><U123/><E124/><V35/><F69/><W29/><G37/><T106/><D122/><U24/><E123/><V26/><F65/><N who="0" m="25162" /><D126/><U22/><E71/><V55/><F35/><W13/><G75/><T105/><D100/><U102/><E79/><V135/><F8/><W58/><G0/><T21/><D110/><U101/><E12/><V82/><REACH who="2" step="1"/><F49/><REACH who="2" ten="250,250,240,250" step="2"/><W96/><G50/><N who="0" m="28759" /><D106/><U27/><E104/><V51/><F51/><W128/><G107/><T114/><D105/><U11/><E11/><V133/><AGARI ba="0,1" hai="1,3,25,26,53,55,80,82,85,86,108,109,133,135" machi="133" ten="25,12000,2" yaku="1,1,0,1,22,2,53,2" doraHai="103" doraHaiUra="120" who="2" fromWho="2" sc="250,-60,250,-30,240,130,250,-30" /><INIT seed="1,0,0,4,2,102" ten="190,220,370,220" oya="1" hai0="20,127,128,63,13,49,54,61,36,96,80,115,53" hai1="75,2,34,11,110,122,116,89,119,98,130,129,94" hai2="41,30,5,23,50,16,12,44,6,3,83,26,19" hai3="68,85,86,87,65,42,18,84,64,78,57,28,70"/><U38/><E34/><V15/><F3/><W108/><G108/><T37/><D115/><U40/><E122/><V76/><F15/><W17/><G28/><T32/><D32/><U90/><E75/><V81/><F19/><N who="3" m="7179" /><G57/><T111/><D111/><U77/><E77/><V33/><REACH who="2" step="1"/><F83/><REACH who="2" ten="190,220,360,220" step="2"/><W21/><G78/><T29/><D80/><U133/><E2/><V117/><F117/><W73/><G73/><AGARI ba="0,1" hai="5,6,12,16,23,26,30,33,41,44,50,73,76,81" machi="73" ten="30,3900,0" yaku="1,1,7,1,54,1,53,0" doraHai="102" doraHaiUra="95" who="2" fromWho="3" sc="190,0,220,0,360,49,220,-39" /><INIT seed="2,0,0,3,1,45" ten="190,220,409,181" oya="2" hai0="109,52,33,66,42,29,123,61,125,47,9,23,19" hai1="100,82,74,98,124,95,59,80,113,114,22,94,105" hai2="99,46,35,75,104,53,3,68,31,20,64,44,77" hai3="106,116,8,26,71,127,16,41,40,14,126,119,37"/><V131/><F3/><W129/><G106/><T51/><D123/><U117/><E59/><V97/><F35/><W93/><G71/><T57/><D109/><U5/><E22/><V1/><F1/><W32/><G93/><N who="1" m="35338" /><E5/><V120/><F120/><W36/><G129/><T135/><D135/><U34/><E34/><V62/><F131/><W108/><G108/><T111/><D111/><U2/><E2/><V4/><F4/><W65/><G65/><T24/><D125/><N who="3" m="47625" /><G32/><T11/><REACH who="0" step="1"/><D66/><REACH who="0" ten="180,220,409,181" step="2"/><U96/><E124/><V87/><F64/><W122/><G122/><T84/><D84/><U60/><E117/><N who="3" m="45130" /><G26/><AGARI ba="0,1" hai="9,11,19,23,24,26,29,33,42,47,51,52,57,61" machi="26" ten="30,7700,0" yaku="1,1,7,1,52,1,54,1,53,0" doraHai="45" doraHaiUra="121" who="0" fromWho="3" sc="180,87,220,0,409,0,181,-77" /><INIT seed="3,0,0,5,0,87" ten="267,220,409,104" oya="3" hai0="83,32,93,40,24,46,71,45,4,118,0,15,110" hai1="95,18,117,62,101,10,108,16,91,47,25,19,132" hai2="53,98,109,88,99,121,34,79,36,65,105,60,13" hai3="86,131,89,126,119,84,50,103,37,77,9,55,43"/><W17/><G119/><T116/><D71/><U29/><E108/><V61/><F36/><W44/><G131/><T22/><D110/><U78/><E132/><V133/><F34/><W59/><G126/><T70/><D70/><U54/><E117/><V23/><F109/><W14/><G103/><T124/><D124/><U56/><E101/><V129/><F105/><W7/><G77/><T114/><D114/><U31/><E78/><V48/><F133/><W68/><G68/><T134/><D134/><U107/><E107/><V115/><F79/><W113/><G113/><T72/><D93/><U51/><E10/><V104/><F104/><W130/><G130/><T73/><D46/><U30/><E25/><V39/><F39/><W74/><G74/><T63/><D83/><U33/><E33/><V96/><F121/><W52/><G55/><T1/><D32/><U76/><E76/><V20/><F53/><W106/><G106/><T75/><D75/><U21/><E21/><V6/><F65/><W28/><G28/><T58/><D22/><U102/><E102/><V94/><F20/><W64/><G64/><T2/><D72/><U8/><E8/><V100/><F23/><W49/><G37/><N who="0" m="21647" /><D24/><U67/><REACH who="1" step="1"/><E31/><REACH who="1" ten="267,210,409,104" step="2"/><V85/><F100/><W120/><G120/><T69/><D73/><U3/><E3/><V81/><F129/><W11/><REACH who="3" step="1"/><G89/><REACH who="3" ten="267,210,409,94" step="2"/><T127/><D127/><U5/><E5/><V135/><F88/><W128/><G128/><T92/><D118/><U35/><E35/><V41/><F6/><W12/><AGARI ba="0,2" hai="7,9,11,12,14,17,43,44,49,50,52,59,84,86" machi="12" ten="20,12000,1" yaku="1,1,0,1,7,1,8,1,54,1,53,0" doraHai="87" doraHaiUra="97" who="3" fromWho="3" sc="267,-40,210,-40,409,-40,94,140" /><INIT seed="3,1,0,3,3,90" ten="227,170,369,234" oya="3" hai0="6,116,4,126,16,104,88,10,64,26,52,84,62" hai1="109,32,57,66,105,79,8,65,3,27,55,33,29" hai2="28,72,101,9,127,86,21,74,38,135,35,61,34" hai3="92,67,119,22,115,53,133,108,43,82,93,91,45"/><W97/><G115/><T113/><D116/><U96/><E109/><V0/><F38/><W78/><G119/><T103/><D113/><U14/><E3/><V111/><F111/><W11/><G108/><T2/><D126/><U70/><E33/><V117/><F117/><W83/><G133/><T5/><D103/><U76/><E76/><V54/><F101/><W31/><G67/><T95/><D104/><U12/><E79/><V120/><F72/><W121/><G121/><T114/><D114/><U41/><E41/><V37/><F74/><W129/><G129/><T58/><D64/><U48/><E70/><V24/><F37/><W99/><G78/><T128/><D128/><U1/><E1/><V131/><F34/><W85/><G11/><T51/><D62/><U80/><E80/><V112/><F35/><W68/><G68/><T71/><D71/><U49/><E49/><V100/><F9/><W50/><G43/><T46/><D46/><U39/><E39/><V18/><F127/><W42/><G42/><T124/><D124/><U36/><E36/><V17/><F112/><W102/><G99/><T69/><D69/><U47/><E47/><V13/><F135/><W107/><G107/><T130/><D130/><U94/><E105/><V56/><F120/><W87/><G87/><T122/><D122/><U77/><E77/><V75/><F86/><W20/><G31/><T118/><D118/><U134/><E134/><V89/><F131/><W132/><G132/><T123/><D123/><U23/><E32/><V106/><F106/><W63/><G63/><T125/><D125/><RYUUKYOKU ba="1,0" sc="227,15,170,-15,369,-15,234,15" hai0="2,4,5,6,10,16,26,51,52,58,84,88,95" hai3="20,22,45,50,53,82,83,85,91,92,93,97,102" /><INIT seed="3,2,0,0,5,82" ten="242,155,354,249" oya="3" hai0="40,21,131,8,125,134,78,10,103,9,12,25,109" hai1="53,75,44,135,32,66,100,130,95,119,79,120,42" hai2="110,50,112,108,117,76,33,124,133,105,37,6,81" hai3="98,113,65,88,96,72,54,49,123,90,14,83,0"/><W58/><G0/><T67/><D67/><U92/><E120/><V56/><F112/><W4/><G113/><T30/><D40/><U122/><E122/><V97/><F117/><W64/><G123/><T61/><D61/><U20/><E119/><V85/><F37/><W99/><G72/><T116/><D116/><U128/><E32/><V127/><F33/><W31/><G31/><T52/><D109/><N who="2" m="42090" /><F6/><W27/><G27/><T1/><D78/><U80/><E135/><V63/><F50/><W5/><G90/><T22/><D103/><U91/><E66/><N who="3" m="25706" /><G14/><T28/><D52/><U59/><E20/><V17/><F133/><W115/><G115/><T129/><D134/><U16/><E100/><N who="2" m="62607" /><F17/><W29/><G29/><T71/><D71/><U74/><E74/><V43/><F43/><W38/><G38/><T68/><D68/><U126/><E126/><V104/><F104/><W13/><G13/><T62/><D62/><U101/><E101/><V39/><F39/><W34/><G34/><T114/><D125/><U51/><E16/><V11/><F11/><N who="0" m="4170" /><D114/><U77/><E77/><V24/><F24/><W57/><G57/><T60/><D60/><U36/><REACH who="1" step="1"/><E92/><REACH who="1" ten="242,145,354,249" step="2"/><V3/><F127/><W84/><AGARI ba="2,1" hai="4,5,49,54,58,83,84,88,96,98,99" m="25706" machi="84" ten="30,6000,0" yaku="8,1,52,1,54,1" doraHai="82" who="3" fromWho="3" sc="242,-22,145,-22,354,-22,249,76" /><INIT seed="3,3,0,3,1,9" ten="220,123,332,325" oya="3" hai0="116,41,60,24,63,124,64,42,105,62,110,73,65" hai1="133,76,18,72,67,3,21,34,54,37,130,50,48" hai2="131,96,86,38,113,108,13,22,135,14,106,61,16" hai3="5,55,112,117,114,4,103,20,46,79,26,77,78"/><W31/><G117/><T85/><D73/><U102/><E37/><V83/><F38/><W82/><G103/><T100/><D105/><U95/><E34/><V69/><F113/><W35/><G35/><T29/><D100/><U93/><E3/><V99/><F106/><W119/><G119/><T121/><D116/><U111/><E111/><V43/><F108/><W126/><G126/><T98/><D98/><N who="2" m="37418" /><F69/><W109/><G109/><T19/><D110/><U84/><E102/><V127/><F127/><W17/><G114/><T12/><D124/><U89/><E130/><V80/><F131/><W75/><G112/><T70/><D85/><U115/><E115/><V45/><F135/><W57/><G46/><T25/><D25/><U118/><E133/><V104/><F104/><W52/><G75/><T92/><D92/><U81/><E118/><V66/><F13/><W59/><G82/><T40/><D121/><U122/><E122/><V132/><F132/><W10/><G31/><T71/><D62/><U23/><E67/><V58/><F86/><W134/><G134/><T0/><D0/><U107/><E107/><V87/><F87/><W27/><G27/><T90/><D90/><U15/><E48/><N who="2" m="26687" /><F83/><W28/><G28/><T44/><D44/><U36/><E36/><V74/><F74/><W47/><G47/><T91/><D91/><U125/><E125/><V6/><F80/><W11/><G11/><N who="0" m="6559" /><D40/><U94/><REACH who="1" step="1"/><E23/><REACH who="1" ten="220,113,332,325" step="2"/><V123/><F123/><W39/><G39/><T56/><D41/><U129/><E129/><V49/><F49/><N who="3" m="30863" /><G10/><T128/><D42/><U7/><E7/><AGARI ba="3,1" hai="6,7,14,16,22,58,61,66" m="26687,37418" machi="7" ten="30,7700,0" yaku="6,1,8,1,52,1,54,1" doraHai="9" who="2" fromWho="1" sc="220,0,113,-86,332,96,325,0" owari="220,-18.0,27,-47.0,428,52.0,325,13.0" /></mjloggm>