<mjloggm ver="2.3"><GO type="225" lobby="0"/><UN n0="%E3%83%B4%E3%83%A0%EF%BC%99%E3%81%A6" n1="%E7%B6%BE%E9%87%8E%E7%8F%AA%E5%AD%90" n2="%E3%82%8F%E3%81%A3%E3%81%97%E3%82%87%E3%81%84%E5%90%9B%32%E5%8F%B7" n3="%E9%81%85%E5%88%BB%E3%81%AE%E3%83%97%E3%83%AA%E3%83%B3%E3%82%B9%E2%99%AA" dan="17,17,16,16" rate="2208.27,2210.88,2196.25,2126.50" sx="M,F,M,F"/><TAIKYOKU oya="0"/><INIT seed="0,0,0,3,3,90" ten="250,250,250,250" oya="0" hai0="104,87,81,132,63,96,16,105,94,72,101,19,46" hai1="91,108,124,130,10,57,33,55,14,2,39,100,43" hai2="127,126,86,42,82,76,51,54,79,74,31,134,52" hai3="67,20,58,117,116,45,12,27,85,6,118,9,123"/><T70/><D132/><U32/><E2/><V122/><F122/><W8/><G123/><T131/><D131/><U3/><E3/><V103/><F134/><W107/><G107/><T28/><D28/><U48/><E100/><V77/><F31/><W93/><G45/><T111/><D111/><U115/><E115/><V13/><F103/><W114/><G114/><T11/><D46/><N who="1" m="23935" /><E91/><V34/><F42/><W56/><G67/><T71/><D104/><U59/><E59/><V128/><F34/><W125/><G125/><N who="2" m="47625" /><F128/><W18/><REACH who="3" step="1"/><G9/><REACH who="3" ten="250,250,250,240" step="2"/><T35/><D105/><U17/><E130/><V92/><F54/><W65/><G65/><T129/><D129/><U1/><E124/><V22/><F74/><W112/><G112/><T49/><D72/><U69/><E108/><V53/><F53/><W15/><G15/><T121/><D121/><U113/><E113/><V30/><F13/><W102/><G102/><T50/><D101/><U73/><E73/><V88/><F52/><W64/><G64/><T41/><D11/><U120/><E120/><V80/><F51/><W135/><G135/><T40/><D49/><U98/><E48/><V5/><F5/><W37/><G37/><T78/><D50/><U38/><E38/><V89/><F22/><W24/><G24/><T68/><D40/><U110/><E110/><V36/><F36/><W109/><G109/><T75/><D41/><U83/><E55/><V21/><F21/><W23/><G23/><T61/><D75/><U133/><E133/><V44/><F44/><W7/><G7/><T0/><D0/><U66/><E1/><RYUUKYOKU ba="0,1" sc="250,-10,250,-10,250,-10,240,30" hai3="6,8,12,18,20,27,56,58,85,93,116,117,118" /><INIT seed="1,1,1,0,3,56" ten="240,240,240,270" oya="1" hai0="126,57,20,17,80,31,101,117,28,62,46,78,125" hai1="123,91,21,71,49,93,41,18,81,44,107,77,108" hai2="130,112,90,121,29,61,9,3,19,86,69,15,96" hai3="115,74,26,2,113,6,7,39,134,34,66,127,60"/><U92/><E123/><V32/><F121/><W94/><G74/><N who="0" m="43095" /><D46/><U124/><E107/><V99/><F130/><W129/><G39/><T116/><D101/><U83/><E71/><V87/><F112/><W72/><G72/><T64/><D116/><U111/><E124/><N who="0" m="47721" /><D117/><U65/><E65/><V73/><F73/><W47/><G127/><T30/><D30/><U63/><E63/><V0/><F87/><W43/><G129/><T36/><D36/><U14/><E92/><V54/><F29/><W131/><G131/><T128/><D128/><U68/><E68/><V103/><F32/><W109/><G109/><N who="1" m="42058" /><E77/><V13/><F69/><W22/><G94/><T84/><D84/><AGARI ba="1,1" hai="14,18,21,41,44,49,81,83,84,91,93" m="42058" machi="84" ten="30,2900,0" yaku="14,1,10,1" doraHai="56" who="1" fromWho="0" sc="240,-32,240,42,240,0,270,0" /><INIT seed="1,2,0,2,0,11" ten="208,282,240,270" oya="1" hai0="126,30,81,38,6,32,80,105,131,104,116,95,50" hai1="4,82,106,40,69,7,16,128,103,84,68,39,33" hai2="13,125,26,132,73,44,100,115,134,114,42,48,28" hai3="56,101,76,45,113,23,27,102,74,71,1,21,19"/><U135/><E33/><N who="2" m="20631" /><F73/><W18/><G71/><T123/><D38/><U24/><E106/><N who="0" m="41065" /><D30/><U53/><E103/><V109/><F100/><W43/><G1/><T8/><D50/><U107/><E107/><V55/><F109/><W37/><G113/><N who="2" m="43017" /><F125/><W66/><G76/><T57/><D57/><U111/><E111/><V62/><F13/><W36/><G74/><T127/><D32/><U85/><E69/><V98/><F98/><W9/><G9/><T47/><D47/><U118/><E68/><V60/><F55/><W67/><G37/><T124/><D116/><U93/><E53/><V12/><F12/><W133/><G133/><AGARI ba="2,0" hai="42,44,48,60,62,132,133,134" m="43017,20631" machi="133" ten="30,2000,0" yaku="20,1,11,1" doraHai="11" who="2" fromWho="3" sc="208,0,282,0,240,26,270,-26" /><INIT seed="2,0,0,3,5,135" ten="208,282,266,244" oya="2" hai0="26,57,123,23,133,7,27,38,25,100,77,44,65" hai1="69,5,111,120,92,99,76,113,39,129,29,109,121" hai2="86,17,124,71,14,34,106,22,88,115,6,89,130" hai3="3,90,78,28,43,84,112,35,114,81,51,33,91"/><V24/><F115/><N who="3" m="44075" /><G3/><T41/><D123/><N who="1" m="47179" /><E113/><V119/><F119/><W32/><G28/><T62/><D133/><U95/><E69/><V118/><F118/><W20/><G20/><T85/><D7/><U126/><E39/><V18/><F71/><W67/><G67/><T13/><D13/><U64/><E64/><V8/><F130/><W16/><G16/><T47/><D47/><AGARI ba="0,0" hai="32,33,35,43,47,51,78,81,84,90,91" m="44075" machi="47" ten="40,1300,0" yaku="11,1" doraHai="135" who="3" fromWho="0" sc="208,-13,282,0,266,0,244,13" /><INIT seed="3,0,0,3,0,9" ten="195,282,266,257" oya="3" hai0="2,126,23,46,75,122,13,54,106,34,65,112,12" hai1="16,124,42,0,3,58,25,66,10,94,29,98,115" hai2="5,125,121,120,26,18,103,84,82,104,133,83,38" hai3="53,81,72,111,99,102,117,41,128,49,63,89,21"/><W96/><G117/><T50/><D122/><N who="2" m="47210" /><F38/><W74/><G128/><T123/><D123/><U87/><E115/><V48/><F125/><W95/><G41/><T93/><D2/><U55/><E124/><V97/><F133/><W33/><G33/><T80/><D126/><U114/><E114/><V39/><F39/><W90/><G63/><T129/><D106/><U8/><E66/><V105/><F105/><W131/><G131/><T64/><D34/><U27/><E42/><V15/><F5/><W86/><G21/><T73/><D129/><U85/><E3/><V88/><F48/><W24/><G24/><N who="1" m="9290" /><E0/><V57/><F57/><W7/><G7/><T118/><D118/><U127/><E29/><V134/><F134/><W76/><G111/><T107/><D107/><U135/><E127/><V100/><F100/><W61/><G61/><T92/><D112/><U77/><E77/><V32/><F32/><W14/><G14/><N who="0" m="5739" /><D73/><U69/><E69/><V36/><F36/><W37/><G37/><T56/><D75/><U78/><E78/><V31/><F26/><W19/><G19/><T71/><D71/><U40/><E40/><V28/><F82/><W51/><G74/><T22/><D64/><U110/><E110/><V43/><F43/><W52/><G53/><N who="0" m="29911" /><D65/><U101/><E135/><V91/><F91/><W119/><G119/><T130/><D80/><U60/><E16/><V6/><F6/><W108/><G108/><T17/><D130/><U70/><E70/><V68/><F68/><W67/><G67/><T116/><D116/><U47/><E47/><V44/><F44/><RYUUKYOKU ba="0,0" sc="195,-15,282,15,266,15,257,-15" hai1="8,10,55,58,60,85,87,94,98,101" hai2="15,18,28,31,83,84,88,97,103,104" /><INIT seed="4,1,0,5,3,20" ten="180,297,281,242" oya="0" hai0="31,58,6,105,60,22,11,72,48,90,76,123,124" hai1="127,128,125,51,39,92,80,16,17,34,81,96,68" hai2="57,64,95,18,55,7,40,37,109,86,26,69,82" hai3="23,130,14,38,30,134,44,67,42,117,52,77,132"/><T8/><D123/><U27/><E39/><V111/><F7/><W83/><G117/><T98/><D124/><N who="1" m="47691" /><E128/><V107/><F107/><W36/><G130/><T133/><D133/><N who="3" m="51305" /><G67/><T2/><D48/><U103/><E68/><V53/><F109/><W118/><G118/><T79/><D8/><U12/><E51/><V33/><F111/><W13/><G38/><T65/><D72/><U75/><E75/><V9/><F69/><W110/><G110/><T97/><D97/><U25/><E17/><V41/><F33/><W102/><G102/><T115/><D115/><U15/><E15/><N who="2" m="7535" /><F37/><W54/><G14/><T46/><D46/><U119/><E119/><V35/><F35/><W61/><G61/><T112/><D112/><U84/><E34/><V99/><F26/><N who="1" m="9737" /><E84/><V78/><F40/><W89/><G30/><T120/><D120/><U4/><E4/><V91/><F41/><W43/><G42/><T104/><D31/><U73/><E73/><V10/><F10/><AGARI ba="1,0" hai="10,12,16,80,81,92,96,103" m="9737,47691" machi="10" ten="30,8000,1" yaku="18,1,52,3,54,1" doraHai="20" who="1" fromWho="2" sc="180,0,297,83,281,-83,242,0" owari="180,-32.0,380,48.0,198,-20.0,242,4.0" /></mjloggm>