<mjloggm ver="2.3"><GO type="169" lobby="0"/><UN n0="%E5%BC%B7%E6%89%93%E6%84%9B%E5%A5%BD%E5%AE%B6" n1="%42%72%42%61" n2="%E5%A4%A9%E7%A5%9E%E9%B3%B3%E4%BD%8D" n3="%E7%A5%9E%E9%A2%A8%E3%81%A6%E3%81%83%E3%81%A3%E3%81%97%E3%82%85" dan="16,16,16,16" rate="2141.71,2134.26,2105.72,2161.48" sx="M,M,M,M"/><TAIKYOKU oya="0"/><INIT seed="0,0,0,1,1,13" ten="250,250,250,250" oya="0" hai0="92,45,38,14,76,39,2,48,61,4,68,85,52" hai1="82,107,84,24,8,99,44,114,121,72,79,134,57" hai2="100,91,123,43,88,21,7,3,111,74,65,113,23" hai3="81,37,35,64,112,69,135,94,120,78,10,109,119"/><T67/><D2/><U75/><E121/><V15/><F113/><W9/><G64/><T125/><D125/><U89/><E114/><V36/><F123/><W103/><G81/><T40/><D4/><U86/><E57/><V80/><F111/><W106/><G94/><T87/><D38/><U12/><E24/><V55/><F65/><W56/><G56/><T60/><D60/><U97/><E44/><N who="2" m="23655" /><F100/><W71/><G78/><T20/><D76/><U126/><E126/><V70/><F55/><W42/><G103/><T5/><D5/><U129/><E129/><V1/><F23/><W17/><G42/><T124/><D124/><U51/><E51/><V28/><F28/><W130/><G17/><N who="0" m="10295" /><D92/><N who="1" m="54311" /><E12/><V49/><F49/><W54/><G9/><T11/><D11/><U22/><E22/><V19/><F1/><W62/><G10/><T101/><D101/><N who="1" m="62895" /><E8/><N who="2" m="2175" /><F70/><W31/><G31/><T30/><D30/><U53/><E53/><V73/><F73/><N who="1" m="28233" /><E134/><V96/><F96/><AGARI ba="0,0" hai="79,82,86,96,99" m="28233,62895,54311" machi="96" ten="30,8000,1" yaku="35,5" doraHai="13" who="1" fromWho="2" sc="250,0,250,80,250,-80,250,0" /><INIT seed="1,0,0,4,0,7" ten="250,330,170,250" oya="1" hai0="110,70,86,96,95,42,17,61,43,89,57,4,45" hai1="114,63,8,102,22,75,34,55,28,97,20,94,14" hai2="134,131,107,135,108,52,13,40,39,44,23,54,65" hai3="33,73,115,24,11,120,132,72,12,76,105,3,133"/><U51/><E114/><V88/><F107/><W128/><G105/><T85/><D110/><U93/><E75/><V98/><F108/><W36/><G115/><T56/><D70/><U83/><E34/><V100/><F100/><W49/><G49/><T90/><D4/><U30/><E63/><V111/><F111/><W127/><G120/><T101/><D45/><U126/><E126/><V26/><F65/><W112/><G112/><T58/><D61/><U125/><E125/><V129/><F13/><W87/><G127/><T84/><REACH who="0" step="1"/><D17/><REACH who="0" ten="240,330,170,250" step="2"/><U118/><E118/><V6/><F6/><W99/><G3/><T50/><D50/><U71/><E71/><V10/><F131/><W35/><G36/><T53/><D53/><N who="2" m="20586" /><F129/><W18/><G128/><T119/><D119/><U5/><E55/><V121/><F121/><W38/><G38/><T31/><D31/><U41/><E51/><V130/><F130/><W122/><G122/><T16/><D16/><U32/><E30/><V81/><F39/><W19/><G133/><N who="2" m="50697" /><F44/><W117/><G132/><T1/><D1/><U74/><E28/><N who="2" m="17503" /><F40/><AGARI ba="0,1" hai="40,42,43,56,57,58,84,85,86,89,90,95,96,101" machi="40" ten="40,5200,0" yaku="1,1,8,1,53,1" doraHai="7" doraHaiUra="91" who="0" fromWho="2" sc="240,62,330,0,170,-52,250,0" /><INIT seed="2,0,0,3,4,111" ten="302,330,118,250" oya="2" hai0="105,49,47,5,133,58,97,51,86,20,36,7,89" hai1="114,72,67,109,81,68,35,48,3,91,60,113,15" hai2="29,19,75,129,121,34,102,71,59,77,118,22,88" hai3="125,73,87,40,46,131,50,12,11,132,54,92,65"/><V53/><F71/><W122/><G122/><T135/><D36/><U112/><E3/><V30/><F121/><W90/><G131/><T8/><D20/><U42/><E35/><V98/><F118/><W126/><G73/><T45/><D97/><U1/><E1/><V94/><F129/><W82/><G132/><N who="0" m="50763" /><D105/><U44/><E109/><V119/><F119/><W108/><G108/><T52/><D51/><U110/><E110/><V21/><F34/><W18/><G65/><T117/><D117/><U85/><E72/><V80/><F102/><W134/><G134/><T26/><D26/><U76/><REACH who="1" step="1"/><E15/><REACH who="1" ten="302,320,118,250" step="2"/><V127/><F127/><W27/><G27/><T17/><D5/><U32/><E32/><V101/><F101/><W95/><G40/><T9/><D7/><U69/><E69/><V79/><F79/><AGARI ba="0,1" hai="42,44,48,60,67,68,76,79,81,85,91,112,113,114" machi="79" ten="40,8000,1" yaku="1,1,52,3,53,1" doraHai="111" doraHaiUra="84" who="1" fromWho="2" sc="302,0,320,90,118,-80,250,0" /><INIT seed="3,0,0,5,0,113" ten="302,410,38,250" oya="3" hai0="62,86,0,36,44,61,34,75,71,49,112,37,102" hai1="64,99,59,42,52,22,74,41,14,33,110,7,50" hai2="98,77,54,93,13,72,82,119,20,104,24,101,57" hai3="124,135,131,66,2,17,15,47,85,68,8,6,48"/><W130/><G135/><T1/><D75/><U60/><E110/><V84/><F13/><W97/><G124/><T31/><D102/><U80/><E33/><V21/><F24/><W30/><G66/><T28/><D112/><U117/><E117/><V73/><F73/><W87/><G68/><T105/><D86/><U23/><E99/><V65/><F65/><W32/><G97/><T103/><D103/><U88/><E74/><V46/><F46/><W18/><G85/><T115/><D115/><U40/><E7/><V91/><REACH who="2" step="1"/><F119/><REACH who="2" ten="302,410,28,250" step="2"/><W43/><G15/><T94/><D44/><N who="1" m="25863" /><E14/><V9/><F9/><W118/><G118/><T116/><D116/><U38/><E64/><V5/><F5/><W25/><REACH who="3" step="1"/><G87/><REACH who="3" ten="302,410,28,240" step="2"/><T108/><D0/><U100/><E38/><V120/><F120/><W63/><G63/><AGARI ba="0,2" hai="20,21,54,57,63,72,77,82,84,91,93,98,101,104" machi="63" ten="30,7700,0" yaku="1,1,7,1,24,2,53,0" doraHai="113" doraHaiUra="132" who="2" fromWho="3" sc="302,0,410,0,28,97,240,-77" /><INIT seed="4,0,0,5,2,35" ten="302,410,125,163" oya="0" hai0="112,59,113,62,67,122,16,81,69,133,115,30,55" hai1="94,27,119,40,68,33,123,73,37,108,57,95,29" hai2="1,93,101,34,102,54,18,4,80,92,117,41,118" hai3="56,44,36,88,110,31,52,75,19,50,66,130,11"/><T58/><D122/><U129/><E123/><V104/><F34/><W79/><G110/><T64/><D30/><U135/><E108/><V21/><F41/><W82/><G130/><T14/><D133/><U99/><E129/><V121/><F121/><W111/><G111/><T45/><D64/><U107/><E135/><V49/><F80/><W134/><G31/><T131/><D131/><U78/><E119/><N who="2" m="45579" /><F104/><W10/><G134/><T85/><D45/><U6/><E6/><V84/><F84/><N who="3" m="50199" /><G75/><T109/><D55/><U8/><E8/><N who="2" m="2063" /><F102/><W26/><G36/><T126/><D109/><U65/><E40/><V63/><F63/><N who="3" m="38247" /><G79/><N who="0" m="46271" /><D126/><U105/><E78/><V90/><F101/><W74/><G74/><T53/><D53/><U132/><E37/><V38/><F38/><W106/><G106/><T114/><N who="0" m="28672" /><DORA hai="60" /><T20/><AGARI ba="0,0" hai="14,16,20,58,59,62,67,69" m="28672,46271" machi="20" ten="60,12000,1" yaku="4,1,15,1,52,1,54,1" doraHai="35,60" who="0" fromWho="0" sc="302,120,410,-40,125,-40,163,-40" /><INIT seed="4,1,0,1,0,77" ten="422,370,85,123" oya="0" hai0="9,17,37,39,94,131,68,11,123,118,8,121,125" hai1="21,26,27,51,31,64,16,132,24,2,42,10,0" hai2="103,107,75,73,30,13,116,53,47,95,105,109,35" hai3="134,99,54,3,6,101,115,41,78,33,111,100,135"/><T89/><D118/><U12/><E64/><V36/><F109/><W72/><G111/><T124/><D68/><U5/><E42/><V29/><F116/><W129/><G33/><T97/><D17/><N who="1" m="12335" /><E51/><V84/><F13/><W7/><G7/><T49/><D131/><U55/><E55/><V79/><F35/><W18/><G18/><T66/><D66/><U23/><E132/><V106/><F36/><W34/><G34/><AGARI ba="1,0" hai="0,2,5,10,12,16,23,26,27,31,34" m="12335" machi="34" ten="30,12000,2" yaku="35,5,54,1" doraHai="77" who="1" fromWho="3" sc="422,0,370,123,85,0,123,-123" /><INIT seed="5,0,0,3,3,128" ten="422,493,85,0" oya="1" hai0="56,121,73,89,11,42,29,125,118,88,117,36,14" hai1="102,66,113,10,25,78,115,123,48,70,105,122,32" hai2="27,75,0,9,74,59,109,61,79,71,35,22,95" hai3="77,107,67,17,4,6,135,98,5,41,94,84,21"/><U62/><E78/><V2/><F71/><W30/><G30/><T85/><D73/><U126/><E126/><V37/><F37/><W124/><G124/><T130/><D130/><U63/><E63/><V46/><F35/><W114/><G107/><T86/><D125/><U40/><E10/><V64/><F109/><W19/><G114/><N who="1" m="43530" /><E40/><V68/><F68/><W31/><G41/><T1/><D1/><U92/><E92/><V8/><F95/><W80/><G67/><T13/><D42/><U47/><E47/><V38/><F79/><W83/><G83/><T49/><D29/><N who="1" m="19503" /><E48/><V90/><F46/><W28/><G135/><T52/><D36/><U108/><E108/><V110/><F38/><W50/><G50/><T16/><D121/><U20/><E20/><V44/><F44/><W96/><G96/><AGARI ba="0,0" hai="62,66,70,96,102,105,122,123" m="19503,43530" machi="96" ten="30,5800,0" yaku="25,1,15,1,23,1" doraHai="128" who="1" fromWho="3" sc="422,0,493,58,85,0,0,-58" owari="422,22.0,551,65.0,85,-31.0,-58,-56.0" /></mjloggm>