<mjloggm ver="2.3"><GO type="169" lobby="0"/><UN n0="%6D%61%74%6F%30%36%30%33" n1="%67%73%6B%67%33" n2="%E6%9D%8E%E7%A9%8E%E8%97%8D" n3="%E3%81%B5%E3%81%8F%E3%81%A1%E3%82%83%E3%82%93%E3%81%A7%E3%81%99" dan="18,16,17,16" rate="2269.46,2142.36,2151.31,2059.92" sx="M,M,F,M"/><TAIKYOKU oya="0"/><INIT seed="0,0,0,1,0,118" ten="250,250,250,250" oya="0" hai0="122,74,56,77,54,120,116,92,64,131,80,19,63" hai1="71,125,87,17,9,103,86,102,135,10,41,101,0" hai2="31,62,94,52,68,78,57,24,90,38,126,15,55" hai3="106,84,123,91,89,7,21,49,73,65,85,134,112"/><T124/><D116/><U45/><E71/><V104/><F104/><W18/><G112/><T119/><D119/><U2/><E135/><V76/><F38/><W14/><G106/><T114/><D114/><U72/><E72/><V129/><F129/><W25/><G73/><T95/><D131/><U5/><E125/><V59/><F68/><W69/><G134/><T20/><D124/><U108/><E108/><V79/><F126/><W133/><G133/><T105/><D105/><U66/><E66/><V30/><F15/><W96/><G96/><T23/><D23/><U1/><E17/><V109/><F109/><W22/><G65/><T8/><D8/><U3/><REACH who="1" step="1"/><E9/><REACH who="1" ten="250,240,250,250" step="2"/><V37/><F24/><W82/><G69/><T93/><REACH who="0" step="1"/><D64/><REACH who="0" ten="240,240,250,250" step="2"/><U29/><E29/><V16/><F30/><W75/><G18/><T26/><AGARI ba="0,2" hai="19,20,26,54,56,63,74,77,80,92,93,95,120,122" machi="26" ten="30,18000,2" yaku="1,1,2,1,0,1,52,2,53,1" doraHai="118" doraHaiUra="107" who="0" fromWho="0" sc="240,200,240,-60,250,-60,250,-60" /><INIT seed="0,1,0,4,5,34" ten="440,180,190,190" oya="0" hai0="17,46,27,18,38,93,103,67,133,105,130,88,80" hai1="111,79,21,56,115,30,66,84,37,121,48,10,16" hai2="129,63,77,49,69,5,33,117,25,4,82,53,73" hai3="44,0,31,91,89,62,110,76,52,120,3,2,65"/><T68/><D130/><U112/><E37/><V51/><F129/><W28/><G76/><T32/><D80/><N who="1" m="47135" /><E121/><V14/><F117/><W6/><G6/><T24/><D133/><U60/><E30/><V123/><F123/><W97/><G120/><T87/><D38/><U90/><E10/><V100/><F51/><W58/><G110/><T75/><D75/><U104/><E104/><V7/><F100/><W119/><G119/><T124/><D46/><U109/><E90/><V57/><F25/><W45/><G45/><T13/><D13/><N who="1" m="9359" /><E48/><V114/><F33/><W101/><G31/><N who="0" m="19559" /><D27/><U102/><E102/><V26/><F26/><W11/><G28/><T131/><D131/><U72/><E72/><V92/><F92/><W107/><G11/><T113/><D113/><AGARI ba="1,0" hai="56,60,66,109,111,112,113,115" m="9359,47135" machi="113" ten="30,2000,0" yaku="11,1,54,1" doraHai="34" who="1" fromWho="0" sc="440,-23,180,23,190,0,190,0" /><INIT seed="1,0,0,0,4,31" ten="417,203,190,190" oya="1" hai0="73,48,43,104,17,63,83,133,44,116,64,76,90" hai1="120,100,130,9,42,58,11,110,103,122,98,4,15" hai2="2,89,87,69,62,70,119,24,84,115,16,121,59" hai3="135,0,13,30,72,75,23,10,19,29,129,95,40"/><U97/><E42/><V131/><F119/><W127/><G40/><T81/><D104/><U109/><E58/><V57/><F121/><W35/><G75/><T124/><D116/><U99/><E130/><V125/><F2/><W27/><G72/><T5/><D5/><U33/><E33/><V91/><F131/><W47/><G47/><T123/><D123/><N who="1" m="47147" /><E15/><V18/><F24/><N who="3" m="18855" /><G95/><T118/><D118/><U7/><E7/><V39/><F125/><W112/><G129/><T8/><D124/><U12/><E12/><V3/><F3/><W32/><G127/><T67/><D8/><N who="1" m="3147" /><E4/><V80/><F80/><W71/><G71/><T38/><D17/><U53/><E53/><V45/><F45/><W34/><G112/><T6/><D6/><U107/><E107/><V132/><F62/><W106/><G106/><T51/><D67/><U50/><E50/><V82/><F82/><W56/><G56/><T113/><D113/><U21/><E21/><V25/><F115/><W41/><G0/><T96/><D81/><U78/><E78/><V54/><F54/><W88/><G41/><T61/><D61/><U134/><E134/><V28/><F132/><W128/><G135/><T36/><D51/><U26/><E26/><V60/><F60/><W37/><G128/><T111/><D133/><U85/><E85/><V52/><F52/><W46/><G46/><T92/><D63/><U49/><E49/><V114/><F114/><W68/><G68/><T79/><D64/><U77/><E77/><V65/><F65/><W102/><G27/><T74/><D79/><U1/><E1/><RYUUKYOKU ba="0,0" sc="417,-10,203,30,190,-10,190,-10" hai1="97,98,99,100,103,109,110" /><INIT seed="1,1,0,2,1,82" ten="407,233,180,180" oya="1" hai0="26,21,127,72,96,23,11,68,1,34,4,107,129" hai1="103,98,46,40,50,94,69,8,22,17,116,54,95" hai2="37,60,15,115,105,112,135,20,108,132,85,80,30" hai3="12,31,43,79,122,81,125,67,134,51,109,62,118"/><U32/><E32/><V83/><F37/><W6/><G122/><T121/><D72/><U77/><E116/><V120/><F120/><W7/><G109/><T39/><D39/><U70/><E77/><N who="2" m="46223" /><F108/><W78/><G118/><T71/><D121/><U114/><E114/><N who="2" m="43563" /><F105/><W58/><G78/><T101/><D129/><U0/><E95/><V24/><F83/><W57/><G31/><T53/><D127/><U27/><REACH who="1" step="1"/><E40/><REACH who="1" ten="407,223,180,180" step="2"/><V10/><F60/><W86/><G43/><T87/><D34/><U28/><E28/><V9/><F9/><W89/><G125/><T33/><D33/><U13/><E13/><V117/><F117/><W29/><G12/><T65/><D11/><U5/><AGARI ba="1,1" hai="0,5,8,17,22,27,46,50,54,69,70,94,98,103" machi="5" ten="30,3000,0" yaku="1,1,0,1,53,0" doraHai="82" doraHaiUra="126" who="1" fromWho="1" sc="407,-11,223,43,180,-11,180,-11" /><INIT seed="1,2,0,1,2,64" ten="396,266,169,169" oya="1" hai0="70,42,131,45,89,59,30,117,47,133,26,5,126" hai1="99,79,14,31,135,52,84,9,123,39,109,87,105" hai2="120,2,35,4,53,90,86,8,33,36,22,94,68" hai3="108,112,17,43,61,25,80,75,129,77,44,74,37"/><U6/><E123/><V107/><F120/><W48/><G112/><T128/><D117/><U102/><E39/><V96/><F36/><W132/><G132/><T85/><D70/><U57/><E135/><V40/><F40/><W0/><G129/><N who="0" m="49739" /><D126/><U54/><E31/><V21/><F68/><W1/><G108/><T130/><D133/><U60/><E109/><V62/><F62/><W63/><G74/><T100/><D100/><U12/><E79/><V11/><F53/><W3/><G37/><T72/><D72/><U18/><REACH who="1" step="1"/><E54/><REACH who="1" ten="396,256,169,169" step="2"/><V65/><F35/><W49/><G43/><T116/><D30/><U97/><E97/><V38/><F33/><W103/><G77/><T81/><D42/><U73/><E73/><V50/><F38/><W51/><G75/><T93/><D130/><U23/><AGARI ba="2,1" hai="6,9,12,14,18,23,52,57,60,84,87,99,102,105" machi="23" ten="20,7800,0" yaku="1,1,0,1,7,1,54,1,53,0" doraHai="64" doraHaiUra="78" who="1" fromWho="1" sc="396,-28,256,94,169,-28,169,-28" /><INIT seed="1,3,0,2,1,29" ten="368,350,141,141" oya="1" hai0="97,44,84,116,118,63,27,123,114,11,71,103,17" hai1="9,18,31,16,61,79,110,112,22,0,24,91,12" hai2="92,58,86,130,81,107,111,5,131,37,90,55,122" hai3="20,23,129,49,125,56,36,101,51,7,14,33,62"/><U70/><E79/><V1/><F122/><W105/><G36/><T59/><D71/><U2/><E112/><V113/><F107/><W120/><G120/><T74/><D74/><U128/><E128/><V66/><F113/><W104/><G129/><N who="2" m="49161" /><F111/><W4/><G125/><T87/><D114/><U75/><E75/><V38/><F66/><W119/><G101/><T80/><D123/><U99/><E110/><V126/><F126/><W53/><G119/><T34/><D44/><U6/><E2/><V52/><F55/><W40/><G40/><T43/><D43/><U135/><E135/><V60/><F92/><W100/><G100/><T108/><D108/><U25/><E70/><V93/><F93/><W88/><G105/><T115/><D115/><U76/><E76/><V42/><F42/><W83/><G104/><T47/><D80/><U82/><E61/><V41/><F41/><W77/><G77/><T39/><D63/><U85/><E99/><V94/><F94/><W68/><G68/><T89/><D97/><U54/><E54/><V26/><F26/><W13/><G62/><T73/><D27/><U3/><REACH who="1" step="1"/><E18/><REACH who="1" ten="368,340,141,141" step="2"/><V19/><F19/><W50/><G53/><T35/><D17/><U21/><AGARI ba="3,1" hai="0,3,6,9,12,16,21,22,24,25,31,82,85,91" machi="21" ten="20,12000,1" yaku="1,1,2,1,0,1,7,1,54,1,53,0" doraHai="29" doraHaiUra="132" who="1" fromWho="1" sc="368,-43,340,139,141,-43,141,-43" /><INIT seed="1,4,0,5,1,6" ten="325,479,98,98" oya="1" hai0="82,65,89,71,28,120,104,76,124,102,48,121,16" hai1="79,4,103,125,70,7,81,12,66,69,73,111,54" hai2="5,3,86,107,100,52,90,17,110,61,50,115,2" hai3="92,72,22,24,39,35,130,87,127,51,10,59,37"/><U30/><E103/><V118/><F118/><W112/><G72/><T77/><D28/><U95/><E30/><V55/><F110/><W93/><G35/><T109/><D71/><U68/><E66/><V9/><F115/><W31/><G112/><T21/><D65/><U128/><E128/><V46/><F17/><W85/><G130/><T98/><D109/><U74/><E111/><V25/><F25/><W133/><G133/><T36/><D36/><U99/><E74/><V15/><F100/><W106/><G106/><T67/><D67/><U84/><E73/><V116/><F107/><W14/><G127/><T20/><D48/><U56/><E125/><V29/><F29/><W57/><G39/><T13/><D21/><U119/><E119/><V58/><REACH who="2" step="1"/><F116/><REACH who="2" ten="325,479,88,98" step="2"/><W83/><G31/><T11/><D124/><U88/><REACH who="1" step="1"/><E12/><REACH who="1" ten="325,469,88,98" step="2"/><V129/><F129/><W8/><G14/><T97/><D102/><U49/><AGARI ba="4,2" hai="4,7,49,54,56,68,69,70,79,81,84,88,95,99" machi="49" ten="30,12000,1" yaku="1,1,2,1,0,1,54,1,53,1" doraHai="6" doraHaiUra="80" who="1" fromWho="1" sc="325,-44,469,152,88,-44,98,-44" /><INIT seed="1,5,0,3,4,50" ten="281,621,44,54" oya="1" hai0="47,55,129,3,34,6,109,22,81,30,52,64,39" hai1="9,91,44,98,29,12,37,117,4,40,112,115,106" hai2="0,90,111,85,63,31,19,130,118,18,108,71,79" hai3="86,11,2,76,107,95,41,69,120,20,61,105,74"/><U93/><E117/><V134/><F118/><W125/><G120/><T38/><D34/><U8/><E29/><V99/><F0/><W45/><G20/><T42/><D38/><U7/><REACH who="1" step="1"/><E106/><REACH who="1" ten="281,611,44,54" step="2"/><V21/><F31/><W46/><G105/><T116/><D30/><U100/><E100/><V17/><F111/><W103/><G107/><T25/><D109/><U24/><E24/><V27/><F108/><W75/><G103/><T66/><D25/><U110/><E110/><V88/><F27/><W87/><G125/><T14/><D116/><U121/><E121/><V65/><F130/><W15/><G74/><T123/><D129/><U124/><E124/><V58/><F134/><W92/><G75/><T49/><D123/><U101/><E101/><V135/><F135/><W48/><G2/><AGARI ba="5,1" hai="2,4,7,8,9,12,37,40,44,91,93,98,112,115" machi="2" ten="30,2900,0" yaku="1,1,7,1,53,0" doraHai="50" doraHaiUra="59" who="1" fromWho="3" sc="281,0,611,54,44,0,54,-44" /><INIT seed="1,6,0,4,5,56" ten="281,665,44,10" oya="1" hai0="75,68,92,39,111,8,121,114,33,89,49,82,4" hai1="28,52,66,108,23,88,15,38,12,101,107,47,93" hai2="11,3,122,53,25,59,14,26,113,2,10,135,7" hai3="79,72,124,16,86,116,0,126,69,132,45,134,105"/><U80/><E66/><V46/><F122/><W60/><G105/><T81/><D39/><U102/><E107/><V73/><F73/><W51/><G0/><T118/><D118/><U120/><E120/><V24/><F135/><N who="3" m="51755" /><G116/><T43/><D68/><U13/><E80/><V31/><F113/><W41/><G72/><T128/><D33/><U98/><E38/><V35/><F46/><W96/><G96/><T67/><D75/><U74/><E108/><V30/><F30/><W125/><G86/><T91/><D114/><U22/><E74/><V48/><F2/><W97/><G97/><T17/><D111/><U19/><E28/><V1/><F1/><W131/><G79/><T115/><D121/><U9/><E23/><V21/><F35/><W90/><G90/><T85/><D89/><U54/><E47/><V61/><F48/><W110/><G110/><T29/><D85/><U71/><E71/><V37/><F37/><W87/><G87/><T123/><D49/><U63/><E54/><V94/><F94/><W77/><G77/><T42/><D92/><U32/><E32/><V100/><F100/><N who="1" m="38505" /><E9/><V20/><F21/><W62/><G131/><T109/><D128/><U6/><E6/><AGARI ba="6,0" hai="3,6,7,10,11,14,20,24,25,26,31,53,59,61" machi="6" ten="30,2000,0" yaku="7,1,52,1" doraHai="56" who="2" fromWho="1" sc="281,0,665,-38,44,38,10,0" /><INIT seed="2,0,0,0,5,26" ten="281,627,82,10" oya="2" hai0="64,84,45,0,82,48,11,108,103,122,118,67,83" hai1="129,4,120,34,13,15,37,116,79,85,111,46,19" hai2="93,42,107,135,109,72,124,35,43,114,23,110,91" hai3="92,33,56,60,22,123,74,52,130,121,30,96,77"/><V127/><F114/><W105/><G105/><T86/><BYE who="3" /><D108/><N who="2" m="41578" /><F35/><UN n3="%E3%81%B5%E3%81%8F%E3%81%A1%E3%82%83%E3%82%93%E3%81%A7%E3%81%99" /><W62/><G130/><T5/><D118/><U68/><E68/><V80/><F107/><W44/><G33/><T128/><D103/><U89/><E79/><N who="2" m="44135" /><F23/><W38/><G74/><T51/><D51/><U27/><E129/><V53/><F53/><W49/><G77/><T31/><D48/><U63/><E63/><V99/><F135/><W88/><G38/><T97/><D128/><U126/><E37/><V100/><F100/><W117/><G117/><T81/><D122/><U17/><E120/><V90/><F90/><W20/><G62/><T75/><D67/><U61/><E61/><V54/><F54/><W94/><G20/><T18/><D64/><U125/><E116/><V112/><F112/><W133/><G133/><T24/><D11/><U58/><E34/><V10/><F10/><W57/><G57/><T16/><D75/><U12/><E58/><V39/><F39/><W3/><G3/><T32/><D0/><U7/><E111/><V28/><F28/><W9/><G9/><T134/><D31/><U6/><E27/><V71/><F71/><W25/><REACH who="3" step="1"/><G92/><REACH who="3" ten="281,627,82,0" step="2"/><T115/><D32/><U8/><E8/><V70/><F70/><W1/><G1/><T41/><D134/><U76/><E76/><V95/><F93/><W132/><G132/><T73/><D73/><U21/><E21/><V131/><F131/><W119/><G119/><T98/><D115/><U55/><E4/><V104/><F104/><W102/><G102/><T66/><D82/><U2/><E7/><V47/><F47/><RYUUKYOKU ba="0,1" sc="281,-15,627,-15,82,15,0,15" hai2="42,43,91,95,99,124,127" hai3="22,25,30,44,49,52,56,60,88,94,96,121,123" /><INIT seed="2,1,1,3,3,80" ten="266,612,97,15" oya="2" hai0="63,120,35,45,126,87,88,5,27,51,53,41,108" hai1="19,77,34,12,64,13,84,49,106,55,118,6,37" hai2="99,59,123,4,46,117,38,66,68,107,109,30,92" hai3="70,22,133,48,132,122,96,20,17,0,74,25,44"/><V28/><F117/><W26/><G70/><T115/><D115/><U78/><E34/><V56/><F123/><W116/><G74/><T110/><D120/><U31/><E37/><V39/><F107/><W101/><G122/><T15/><D126/><U130/><E31/><V67/><F68/><W119/><G0/><T62/><D41/><U50/><E64/><V97/><F92/><W29/><G96/><T3/><D3/><U8/><E130/><V89/><F89/><W75/><G101/><T111/><D5/><U11/><E50/><V18/><F4/><W103/><G103/><T69/><D15/><U32/><E32/><V79/><F46/><W83/><G83/><N who="0" m="49279" /><D69/><U125/><E125/><V95/><F95/><W73/><G73/><T135/><D135/><N who="3" m="51785" /><G75/><T85/><D85/><U90/><E106/><V33/><F33/><W47/><G47/><T65/><D65/><U43/><E118/><V10/><F66/><W98/><G98/><T105/><D105/><U7/><E43/><AGARI ba="1,1" hai="17,20,22,25,26,29,43,44,48,116,119" m="51785" machi="43" ten="30,1000,0" yaku="20,1" doraHai="80" who="3" fromWho="1" sc="266,0,612,-13,97,0,15,23" /><INIT seed="3,0,0,0,4,35" ten="266,599,97,38" oya="3" hai0="107,40,5,61,65,33,110,118,7,116,30,103,96" hai1="43,39,27,74,50,48,94,73,8,64,11,13,127" hai2="128,67,41,98,106,51,42,62,80,111,59,32,113" hai3="131,25,120,101,85,54,135,89,66,12,71,10,18"/><W102/><G120/><T117/><D40/><U56/><E27/><V78/><F113/><W99/><G135/><T105/><D105/><U69/><E94/><V23/><F32/><W92/><G131/><T3/><D110/><U91/><E91/><V44/><F111/><W68/><G66/><T125/><D125/><U75/><E13/><V22/><F128/><W124/><G124/><T19/><D19/><U17/><E17/><V97/><F42/><W83/><G101/><T16/><D16/><U134/><E50/><V112/><F112/><W90/><G102/><T49/><D49/><U21/><E21/><V86/><F106/><W87/><G99/><AGARI ba="0,0" hai="22,23,41,44,51,59,62,67,78,80,86,97,98,99" machi="99" ten="40,1300,0" yaku="8,1" doraHai="35" who="2" fromWho="3" sc="266,0,599,0,97,13,38,-13" /><INIT seed="4,0,0,1,5,126" ten="266,599,110,25" oya="0" hai0="17,29,87,132,97,80,76,106,111,15,107,125,62" hai1="2,109,71,19,52,88,108,95,74,131,100,127,123" hai2="90,115,26,25,116,73,37,81,72,84,10,28,134" hai3="133,23,75,112,56,66,103,44,32,14,51,6,119"/><T46/><D125/><U77/><E127/><V39/><F115/><W27/><G32/><T21/><D132/><U35/><E2/><V24/><F28/><W93/><G133/><T20/><D111/><U30/><E71/><V64/><F134/><W79/><G112/><T129/><D46/><U34/><E123/><V104/><F104/><W117/><G75/><T98/><D62/><U18/><E100/><V11/><F64/><W121/><G79/><T83/><D29/><U8/><E77/><V101/><F101/><W82/><G82/><T57/><D76/><U12/><E74/><V130/><F116/><W69/><G121/><T16/><D57/><U128/><E52/><V99/><F99/><N who="3" m="59887" /><G69/><T61/><D15/><U110/><E19/><V89/><F26/><W7/><G14/><T5/><D61/><U113/><E113/><V45/><F81/><W38/><G38/><T65/><D65/><U40/><E40/><V50/><F50/><W122/><G122/><T68/><D68/><U135/><E135/><V54/><F54/><N who="3" m="30055" /><G119/><T53/><D53/><U85/><E30/><V31/><F31/><N who="3" m="17919" /><G117/><T42/><D42/><U78/><E78/><V3/><F45/><W33/><G33/><T92/><D92/><U59/><E59/><V96/><F3/><W105/><G105/><T1/><D1/><U94/><E94/><V49/><F49/><W91/><G91/><T124/><D124/><U120/><E120/><V22/><F72/><W48/><G48/><T41/><D41/><U63/><E63/><AGARI ba="0,0" hai="6,7,56,63,66" m="17919,30055,59887" machi="63" ten="30,2000,0" yaku="25,1,8,1" doraHai="126" who="3" fromWho="1" sc="266,0,599,-20,110,0,25,20" /><INIT seed="5,0,0,5,1,67" ten="266,579,110,45" oya="1" hai0="77,99,100,91,64,103,49,81,62,73,47,90,112" hai1="29,111,39,126,68,120,71,55,50,18,115,80,78" hai2="33,22,113,92,131,117,65,1,83,87,3,32,109" hai3="75,82,96,94,57,12,125,25,28,133,13,30,11"/><U132/><E120/><V14/><F117/><W58/><G133/><T66/><D112/><U4/><E39/><V95/><F109/><W72/><G125/><T124/><D124/><U56/><E126/><V15/><F65/><W70/><G70/><T44/><D103/><U8/><E132/><V20/><F87/><W108/><G108/><T61/><D66/><U42/><E111/><V52/><F83/><W129/><G129/><T43/><D47/><U5/><E5/><V85/><F85/><W21/><G30/><T35/><D35/><U6/><E6/><V38/><F38/><W128/><G128/><T69/><D62/><U127/><E127/><V130/><F52/><W63/><G58/><T88/><D91/><U102/><E29/><V89/><F89/><W110/><G110/><T27/><D27/><U31/><E31/><V19/><F19/><W10/><G82/><T101/><D101/><U105/><E18/><V74/><F74/><W46/><G46/><T98/><D98/><U51/><E115/><AGARI ba="0,0" hai="1,3,14,15,20,22,32,33,92,95,113,115,130,131" machi="115" ten="25,1600,0" yaku="22,2" doraHai="67" who="2" fromWho="1" sc="266,0,579,-16,110,16,45,0" /><INIT seed="6,0,0,1,0,62" ten="266,563,126,45" oya="2" hai0="8,13,1,39,50,113,82,51,23,95,79,66,94" hai1="124,133,125,0,59,83,12,58,87,28,81,121,75" hai2="91,65,4,30,61,56,101,119,72,67,117,109,34" hai3="15,120,111,20,40,52,71,64,7,100,2,25,114"/><V98/><F72/><W32/><G120/><T104/><D104/><U55/><E0/><V99/><F4/><W57/><G111/><T45/><D113/><U127/><E133/><V14/><F109/><W35/><G40/><T102/><D1/><U27/><E121/><V78/><F78/><W105/><G114/><T5/><D39/><U60/><E75/><V126/><F126/><W107/><G2/><T29/><D66/><N who="1" m="39191" /><E12/><V85/><F14/><W11/><G105/><T128/><D102/><U116/><E116/><V96/><F101/><W88/><G107/><T135/><D51/><N who="1" m="31231" /><E87/><V22/><F34/><AGARI ba="0,0" hai="27,28,34,81,83,124,125,127" m="31231,39191" machi="34" ten="30,2000,0" yaku="18,1,52,1" doraHai="62" who="1" fromWho="2" sc="266,0,563,20,126,-20,45,0" /><INIT seed="7,0,0,0,2,42" ten="266,583,106,45" oya="3" hai0="105,123,54,85,79,12,134,107,131,126,68,48,118" hai1="109,40,98,87,30,78,63,37,25,17,69,125,11" hai2="22,38,61,64,101,111,13,27,93,80,81,83,119" hai3="31,121,102,44,9,58,0,117,47,29,32,104,100"/><W46/><G121/><T106/><D68/><U65/><E109/><V75/><F111/><W10/><G117/><T28/><D28/><N who="3" m="10825" /><G32/><T4/><D118/><U36/><E125/><V108/><F108/><W128/><G128/><T97/><D123/><U130/><E130/><V92/><F119/><W71/><G71/><T15/><D131/><U20/><E40/><V74/><F38/><W57/><G0/><T26/><D134/><U127/><E127/><V103/><F13/><N who="0" m="5194" /><D4/><U70/><E70/><V114/><F75/><W2/><G104/><T129/><D126/><U120/><E120/><V73/><F73/><W53/><G2/><T18/><D107/><U24/><E11/><N who="3" m="4106" /><G58/><T16/><D106/><U60/><E37/><V62/><F74/><W122/><G122/><T8/><D8/><U33/><E36/><V39/><F39/><W5/><G5/><T21/><D105/><U116/><E116/><V72/><F72/><W50/><AGARI ba="0,0" hai="44,46,47,50,53,57,100,102" m="4106,10825" machi="50" ten="30,11700,0" yaku="8,1,52,3" doraHai="42" who="3" fromWho="3" sc="266,-39,583,-39,106,-39,45,117" /><INIT seed="7,1,0,0,0,51" ten="227,544,67,162" oya="3" hai0="21,88,25,97,84,79,110,37,120,119,11,108,80" hai1="33,27,135,1,72,19,14,0,34,99,122,62,67" hai2="66,42,17,75,5,29,132,74,40,46,129,113,55" hai3="94,116,35,91,4,61,7,63,49,82,128,87,71"/><W58/><G116/><T104/><D120/><U31/><E72/><V127/><F5/><W100/><G35/><T109/><D37/><U15/><E122/><V30/><F113/><W18/><G128/><T64/><D64/><U59/><E135/><V36/><F66/><W115/><G71/><T48/><D48/><U60/><E15/><V41/><F36/><W105/><G105/><T78/><D11/><U32/><E1/><V28/><F132/><W9/><G115/><T123/><D123/><U111/><E111/><V121/><F121/><W103/><G49/><T95/><D119/><U124/><E0/><V38/><F129/><W76/><G61/><T83/><D21/><U13/><E13/><V90/><F127/><W57/><G58/><T56/><D56/><U106/><E124/><V125/><F125/><W20/><G9/><T26/><D104/><U101/><E62/><V112/><F112/><W134/><G134/><T117/><D117/><U70/><E70/><V69/><F69/><W126/><G126/><T45/><D45/><U6/><E6/><V23/><F90/><W39/><G39/><T68/><D68/><U107/><E106/><V52/><F38/><W81/><G4/><T44/><D109/><U131/><E131/><V102/><F102/><W50/><G7/><T89/><D89/><U3/><E3/><V96/><F96/><W114/><G114/><T65/><D65/><U2/><E2/><V133/><F133/><W85/><G100/><T130/><D130/><U47/><E47/><V8/><F8/><AGARI ba="1,0" hai="8,14,19,27,31,32,33,34,59,60,67,99,101,107" machi="8" ten="30,1000,0" yaku="7,1" doraHai="51" who="1" fromWho="2" sc="227,0,544,13,67,-13,162,0" owari="227,3.0,557,66.0,54,-45.0,162,-24.0" /></mjloggm>