<mjloggm ver="2.3"><GO type="169" lobby="0"/><UN n0="%61%72%6D%6F%72" n1="%70%6F%6E%5F%6B%61%73%75" n2="%E3%82%AE%E3%82%AC%E3%83%9E%E3%82%A4%E3%83%B3" n3="%4B%57" dan="16,16,16,16" rate="2045.68,2022.37,2121.90,2046.25" sx="M,M,M,M"/><TAIKYOKU oya="0"/><INIT seed="0,0,0,5,4,52" ten="250,250,250,250" oya="0" hai0="67,43,128,71,17,96,58,19,120,2,59,32,27" hai1="4,26,15,23,5,50,34,11,61,89,79,28,18" hai2="12,69,121,3,46,98,16,119,116,44,109,103,108" hai3="80,31,47,112,64,122,118,7,84,35,29,129,20"/><T65/><BYE who="1" /><D120/><U78/><E78/><V8/><F69/><W22/><G112/><T53/><D2/><U21/><E21/><V10/><F121/><UN n1="%70%6F%6E%5F%6B%61%73%75" /><W107/><G118/><N who="2" m="45097" /><F3/><W49/><G122/><T93/><D128/><U39/><E39/><V0/><F8/><W37/><G107/><T111/><D111/><N who="2" m="42570" /><F0/><W83/><G129/><T54/><D43/><U115/><E115/><V117/><N who="2" m="45105" /><V82/><DORA hai="14" /><F82/><W25/><G37/><T91/><D71/><U126/><E126/><V55/><F55/><N who="0" m="21002" /><D32/><U75/><E50/><V114/><F114/><W13/><G64/><N who="0" m="24651" /><D27/><U99/><E61/><V94/><AGARI ba="0,0" hai="10,12,16,44,46,94,98,103" m="42570,45105" machi="94" ten="50,8000,1" yaku="12,1,14,1,52,1,54,1" doraHai="52,14" who="2" fromWho="2" sc="250,-40,250,-20,250,80,250,-20" /><INIT seed="1,0,0,2,0,60" ten="210,230,330,230" oya="1" hai0="123,14,81,39,128,94,89,74,40,1,50,86,104" hai1="109,91,56,135,66,35,38,113,26,115,67,130,118" hai2="17,108,7,92,125,127,48,79,87,22,98,114,52" hai3="24,41,23,75,95,10,2,47,93,63,76,116,21"/><U46/><E118/><V57/><F7/><W55/><G116/><T107/><D1/><U27/><E135/><V96/><F108/><W61/><G75/><T28/><D39/><U133/><E133/><V13/><F114/><W51/><G76/><T44/><D28/><U72/><E109/><V18/><F18/><W54/><G23/><T84/><D74/><U99/><E72/><V112/><F112/><W126/><G126/><N who="2" m="48137" /><F79/><W0/><G0/><T5/><D128/><U25/><E130/><V73/><F73/><W45/><G2/><T80/><D123/><U71/><E35/><V37/><F37/><W9/><G9/><T82/><REACH who="0" step="1"/><D84/><REACH who="0" ten="200,230,330,230" step="2"/><U62/><E115/><V15/><F15/><W34/><G24/><T88/><D88/><AGARI ba="0,1" hai="13,17,22,48,52,57,87,88,92,96,98" m="48137" machi="88" ten="30,7700,0" yaku="25,1,18,1,54,2" doraHai="60" who="2" fromWho="0" sc="200,-77,230,0,330,87,230,0" /><INIT seed="2,0,0,0,1,26" ten="123,230,417,230" oya="2" hai0="3,72,77,109,70,85,18,9,37,45,107,43,22" hai1="82,44,135,42,20,117,134,65,17,73,6,14,33" hai2="119,113,1,66,130,58,124,69,104,126,23,59,74" hai3="51,101,56,34,11,48,98,27,0,91,8,10,19"/><V90/><F119/><W2/><G91/><T120/><D120/><U79/><E117/><V121/><F113/><W63/><G2/><T100/><D109/><U75/><E33/><V132/><F121/><W105/><G0/><T12/><D70/><U96/><E6/><V36/><F1/><W28/><REACH who="3" step="1"/><G19/><REACH who="3" ten="123,230,417,220" step="2"/><T99/><D3/><U123/><E17/><V47/><F130/><W24/><G24/><T116/><D116/><U114/><E123/><V111/><F132/><W86/><G86/><T125/><D85/><U21/><E135/><V108/><F74/><W25/><G25/><T53/><D72/><U39/><E134/><V7/><F90/><W81/><G81/><T49/><D18/><U133/><E82/><V88/><F88/><W129/><G129/><T62/><D77/><U94/><E75/><V68/><F7/><W92/><G92/><T106/><D106/><U35/><E73/><V89/><F89/><W40/><G40/><T46/><D43/><U87/><E94/><V52/><F104/><W102/><G102/><T97/><D100/><U30/><E42/><V61/><F111/><W83/><G83/><T112/><D107/><U4/><E133/><V78/><F108/><W131/><G131/><T57/><D112/><U15/><E87/><V80/><F80/><W67/><AGARI ba="0,1" hai="8,10,11,27,28,34,48,51,56,63,67,98,101,105" machi="67" ten="30,7900,0" yaku="1,1,0,1,52,1,53,1" doraHai="26" doraHaiUra="54" who="3" fromWho="3" sc="123,-20,230,-20,417,-39,220,89" /><INIT seed="3,0,0,5,4,96" ten="103,210,378,309" oya="3" hai0="38,16,92,55,60,23,11,117,32,14,93,119,2" hai1="59,48,46,124,22,78,52,100,54,98,47,63,110" hai2="129,57,61,84,123,95,0,18,128,35,76,27,134" hai3="131,15,13,51,73,86,99,33,112,103,87,50,40"/><W107/><G112/><T102/><D32/><U82/><E110/><V8/><F134/><W70/><G70/><T104/><D38/><U83/><E124/><V69/><F69/><W41/><G33/><T9/><D104/><U3/><E3/><V68/><F68/><W62/><G73/><T53/><D93/><N who="1" m="58447" /><E78/><V58/><F123/><W77/><G62/><T122/><D122/><U4/><E4/><N who="2" m="1031" /><F61/><W127/><G127/><T105/><D105/><U135/><E135/><V80/><F95/><W19/><G131/><N who="2" m="50249" /><F18/><W111/><G111/><T25/><D2/><U30/><E47/><V37/><F37/><W71/><G71/><T74/><D74/><U108/><E108/><V31/><AGARI ba="0,0" hai="27,31,35,57,58,76,80,84" m="50249,1031" machi="31" ten="30,1100,0" yaku="19,1" doraHai="96" who="2" fromWho="2" sc="103,-3,210,-3,378,11,309,-5" /><INIT seed="4,0,0,3,0,22" ten="100,207,389,304" oya="0" hai0="1,74,134,96,128,123,106,52,86,101,68,4,27" hai1="42,7,69,26,25,98,95,81,46,47,51,73,55" hai2="20,10,57,17,116,0,111,48,113,133,87,85,19" hai3="40,76,132,120,94,105,28,126,77,99,62,114,65"/><T67/><D123/><U102/><E69/><V5/><F111/><W43/><G114/><T35/><D86/><U135/><E135/><V92/><F133/><W56/><G132/><T38/><D134/><U60/><E7/><V103/><F113/><W88/><G120/><T82/><D128/><U37/><REACH who="1" step="1"/><E60/><REACH who="1" ten="100,197,389,304" step="2"/><V64/><F5/><W70/><G70/><T131/><D131/><U39/><E39/><V36/><F36/><W33/><G126/><T121/><D121/><U97/><E97/><V66/><F116/><W15/><G99/><T115/><D38/><U118/><E118/><V104/><F48/><W21/><G62/><T71/><D115/><U80/><E80/><V83/><F83/><W2/><G2/><T3/><D4/><U84/><E84/><V31/><F87/><W91/><G77/><AGARI ba="0,1" hai="25,26,37,42,46,47,51,55,73,77,81,95,98,102" machi="77" ten="40,5200,0" yaku="1,1,52,2,53,0" doraHai="22" doraHaiUra="117" who="1" fromWho="3" sc="100,0,197,62,389,0,304,-52" /><INIT seed="5,0,0,3,1,10" ten="100,259,389,252" oya="1" hai0="36,5,131,133,129,69,78,73,135,34,111,28,118" hai1="88,107,31,62,33,125,21,18,77,55,8,1,124" hai2="96,16,127,108,17,75,51,72,44,79,104,130,82" hai3="47,102,23,13,9,71,128,68,89,3,91,7,26"/><U30/><E107/><V70/><F108/><W29/><G128/><N who="0" m="49227" /><D36/><U95/><E77/><V56/><F130/><W132/><G132/><N who="0" m="50763" /><D69/><U106/><E106/><V100/><F127/><N who="1" m="48713" /><E33/><V119/><F70/><W52/><G102/><T93/><D93/><U12/><E1/><V80/><F56/><W0/><G0/><T15/><D78/><U41/><E8/><V84/><F119/><W39/><G3/><T117/><D73/><U37/><E55/><V45/><F75/><W43/><G91/><T86/><D86/><N who="1" m="52631" /><E62/><V121/><F121/><W38/><G38/><T27/><D111/><U57/><E57/><V20/><F72/><W64/><G64/><T103/><D103/><U19/><E19/><V90/><F17/><W48/><REACH who="3" step="1"/><G89/><REACH who="3" ten="100,259,389,242" step="2"/><T92/><D92/><U63/><E63/><V35/><F90/><W22/><G22/><T112/><D112/><U40/><E37/><V65/><F20/><W53/><G53/><T85/><D85/><U109/><E109/><V54/><F84/><W122/><G122/><T59/><D59/><AGARI ba="0,1" hai="7,9,13,23,26,29,39,43,47,48,52,59,68,71" machi="59" ten="30,7700,0" yaku="1,1,7,1,52,1,54,1,53,0" doraHai="10" doraHaiUra="126" who="3" fromWho="0" sc="100,-77,259,0,389,0,242,87" /><INIT seed="6,0,0,2,1,70" ten="23,259,389,329" oya="2" hai0="123,107,108,103,112,82,14,67,77,51,2,88,54" hai1="52,33,72,40,119,126,129,39,6,91,62,131,101" hai2="10,15,43,79,110,58,127,61,90,118,30,87,53" hai3="37,97,60,22,56,66,92,106,117,124,74,111,68"/><V50/><F118/><W63/><G117/><T65/><D2/><U114/><E33/><V98/><F127/><W84/><G111/><T78/><D108/><U48/><E119/><V25/><F110/><W49/><G74/><T47/><D123/><U11/><E72/><V27/><F79/><W115/><G124/><T121/><D121/><U134/><E126/><V135/><F98/><W99/><G115/><T83/><D112/><U42/><E62/><V69/><F135/><W95/><G106/><T81/><D103/><U26/><E26/><V41/><F69/><W133/><G133/><T96/><D107/><U32/><E32/><V105/><F105/><W75/><G75/><T130/><D130/><U59/><E114/><V19/><F61/><W5/><G5/><T16/><D77/><U18/><E18/><V23/><REACH who="2" step="1"/><F27/><REACH who="2" ten="23,259,379,329" step="2"/><W28/><G97/><T128/><D128/><N who="1" m="49227" /><E134/><V3/><F3/><W125/><G99/><T64/><D78/><U24/><E24/><V13/><F13/><W34/><G63/><T73/><D73/><U20/><E101/><V0/><F0/><W38/><G68/><T35/><D35/><U100/><E100/><V4/><F4/><W71/><G71/><T116/><D116/><U80/><E6/><V57/><F57/><W104/><G34/><T89/><REACH who="0" step="1"/><D96/><REACH who="0" ten="13,259,379,329" step="2"/><U8/><E91/><V29/><F29/><W109/><G104/><T17/><D17/><U31/><E31/><V86/><F86/><W21/><G84/><T46/><D46/><U122/><E122/><V7/><F7/><W9/><G125/><T44/><D44/><RYUUKYOKU ba="0,2" sc="13,15,259,-15,379,15,329,-15" hai0="14,16,47,51,54,64,65,67,81,82,83,88,89" hai2="10,15,19,23,25,30,41,43,50,53,58,87,90" /><INIT seed="6,1,2,5,2,37" ten="28,244,394,314" oya="2" hai0="3,19,55,36,100,114,34,22,119,61,64,87,130" hai1="104,115,42,30,74,97,67,24,27,16,43,58,68" hai2="45,120,70,107,90,134,25,86,77,99,96,113,118" hai3="73,102,111,14,88,91,103,135,63,50,105,35,98"/><V56/><F120/><W31/><G111/><T6/><D34/><N who="1" m="20807" /><E58/><V126/><F118/><W47/><G73/><T69/><D119/><U66/><E66/><V123/><F123/><W71/><G135/><T51/><D130/><U82/><E115/><V4/><F126/><W131/><G131/><T20/><D114/><U57/><E57/><V92/><F134/><W8/><G103/><T44/><D100/><N who="1" m="62479" /><E74/><V32/><F70/><W46/><G71/><T76/><D6/><U109/><E82/><V60/><F113/><W39/><G39/><T10/><D3/><U48/><E48/><V93/><F4/><W29/><G63/><T112/><D112/><U75/><E75/><V11/><F11/><W84/><G35/><T17/><D10/><U13/><E27/><V38/><F77/><W95/><G91/><T117/><D117/><U26/><E26/><V54/><F107/><W62/><G62/><T53/><D76/><U59/><E59/><V21/><F32/><W9/><G47/><T15/><D87/><U132/><E109/><V85/><F45/><W65/><G65/><T52/><REACH who="0" step="1"/><D36/><REACH who="0" ten="18,244,394,314" step="2"/><U133/><E132/><V101/><F38/><W121/><G8/><T40/><D40/><U33/><E133/><V108/><F108/><W5/><G121/><T49/><D49/><U1/><E1/><V72/><F72/><W124/><G124/><T129/><D129/><U83/><E43/><AGARI ba="1,3" hai="5,9,14,29,31,43,46,50,84,88,95,98,102,105" machi="43" ten="30,3900,0" yaku="7,1,52,1,54,1" doraHai="37" who="3" fromWho="1" sc="18,0,244,-42,394,0,314,72" /><INIT seed="7,0,0,2,4,70" ten="18,202,394,386" oya="3" hai0="3,88,131,65,68,130,2,0,135,126,51,10,15" hai1="4,84,5,13,105,74,93,50,134,57,75,20,64" hai2="115,22,99,133,55,32,36,58,97,100,76,24,109" hai3="120,45,125,41,67,59,83,95,82,80,118,78,63"/><W66/><G118/><T49/><D65/><U56/><E84/><V127/><F109/><W27/><G120/><T119/><D68/><U34/><E93/><V48/><F115/><W90/><G125/><T71/><D71/><U46/><E20/><V21/><F127/><W33/><G67/><T103/><D103/><U38/><E13/><V87/><F133/><W69/><G69/><T9/><D126/><U61/><E50/><N who="0" m="18953" /><D119/><U1/><E64/><V81/><F36/><W123/><G123/><T124/><D124/><U37/><E134/><V111/><F111/><W96/><G33/><T91/><D135/><U39/><E34/><V128/><F128/><N who="0" m="49194" /><D15/><U77/><E46/><V30/><F99/><W19/><G19/><T6/><D6/><U43/><E43/><V28/><F28/><W23/><G23/><T14/><D14/><U12/><E12/><V94/><AGARI ba="0,0" hai="21,22,24,30,32,48,55,58,76,81,87,94,97,100" machi="94" ten="20,1500,0" yaku="0,1,7,1" doraHai="70" who="2" fromWho="2" sc="18,-4,202,-4,394,15,386,-7" owari="14,-49.0,198,-20.0,409,51.0,379,18.0" /></mjloggm>