<mjloggm ver="2.3"><GO type="169" lobby="0"/><UN n0="%E8%B5%A4%E5%9F%8E%E3%81%BF%E3%82%8A%E3%81%82" n1="%E3%83%8F%E3%82%BF%E3%83%A2%E3%83%88%E3%83%92%E3%83%AD" n2="%28%3B%E3%83%BB%E2%88%80%E3%83%BB%29" n3="%E6%B9%98%E5%8C%97%E2%91%AD%E4%B8%89%E4%BA%95%E5%AF%BF" dan="16,17,16,17" rate="2119.40,2146.19,2189.52,2154.29" sx="F,M,M,M"/><TAIKYOKU oya="0"/><INIT seed="0,0,0,3,1,119" ten="250,250,250,250" oya="0" hai0="32,76,34,95,43,133,134,24,59,102,105,41,126" hai1="92,103,26,108,94,48,13,21,135,28,33,22,100" hai2="88,69,53,110,31,84,90,99,37,64,63,7,91" hai3="57,127,123,55,121,112,129,70,14,104,38,45,80"/><T73/><D105/><U11/><E135/><N who="0" m="51721" /><D126/><U74/><E74/><V20/><F37/><W17/><G127/><T128/><D128/><U51/><E108/><V0/><F110/><W6/><G129/><T62/><D76/><U50/><E51/><V47/><F0/><W8/><G104/><T42/><D73/><U93/><E50/><V81/><F7/><W61/><G112/><T66/><D24/><U85/><E85/><V89/><F47/><W5/><G80/><T86/><D102/><U46/><E103/><V117/><F117/><W23/><G70/><T131/><D131/><U106/><E100/><V87/><F53/><W113/><G113/><T75/><D75/><U114/><E106/><V9/><F9/><W101/><G101/><T15/><D15/><U115/><E115/><V56/><F69/><W36/><G6/><T39/><D39/><U68/><E68/><V122/><F99/><W30/><G30/><T96/><D96/><U12/><E12/><V72/><F72/><W83/><G83/><T77/><D77/><U40/><REACH who="1" step="1"/><E114/><REACH who="1" ten="250,240,250,250" step="2"/><V125/><F125/><W60/><G61/><T27/><D27/><U35/><E35/><V44/><F44/><W18/><G45/><T116/><D116/><U124/><E124/><V52/><F87/><W3/><G38/><T107/><D107/><U71/><E71/><V132/><F132/><W82/><G36/><T1/><D1/><U118/><E118/><V78/><F84/><W120/><G82/><T109/><D109/><U54/><E54/><V2/><F81/><W79/><G79/><T10/><D34/><RYUUKYOKU ba="0,1" sc="250,-15,240,15,250,-15,250,15" hai1="11,13,21,22,26,28,33,40,46,48,92,93,94" hai3="3,5,8,14,17,18,23,55,57,60,120,121,123" /><INIT seed="1,1,1,2,5,121" ten="235,255,235,265" oya="1" hai0="129,27,53,94,118,122,56,78,76,130,28,134,36" hai1="90,35,65,46,70,62,59,127,92,43,98,132,60" hai2="33,20,112,104,135,21,54,95,39,3,72,111,66" hai3="52,24,87,131,69,12,23,120,42,22,124,63,29"/><U18/><E132/><V8/><F95/><W105/><G120/><T47/><D118/><U67/><E127/><V10/><F66/><W82/><G105/><T96/><D134/><U2/><E35/><V116/><F54/><W125/><G42/><T80/><D47/><U133/><E133/><V7/><F7/><W15/><G69/><T114/><D36/><U51/><E18/><V1/><F21/><W77/><G131/><N who="0" m="50187" /><D114/><U61/><E61/><V99/><F20/><W16/><G125/><T103/><D122/><U115/><REACH who="1" step="1"/><E2/><REACH who="1" ten="235,245,235,265" step="2"/><V93/><F1/><W58/><G124/><T0/><D0/><U75/><E75/><V123/><F72/><W86/><G15/><T101/><D28/><U89/><E89/><V110/><F33/><W84/><AGARI ba="1,2" hai="12,16,22,23,24,29,52,58,63,77,82,84,86,87" machi="84" ten="20,8000,1" yaku="0,1,7,1,8,1,54,2" doraHai="121" who="3" fromWho="3" sc="235,-21,245,-41,235,-21,265,103" /><INIT seed="2,0,0,0,5,99" ten="214,204,214,368" oya="2" hai0="11,92,60,127,117,103,20,102,59,58,85,39,122" hai1="113,36,25,121,84,53,75,76,120,123,104,100,43" hai2="134,112,48,119,73,124,49,71,21,57,132,23,32" hai3="14,38,111,133,65,126,22,105,33,129,1,51,89"/><V114/><F119/><W98/><G51/><T115/><D39/><U3/><E3/><V56/><F32/><W41/><G22/><T95/><D122/><U29/><E113/><V42/><F73/><W52/><G14/><T7/><D115/><N who="2" m="44074" /><F21/><W93/><G41/><T96/><D117/><U15/><E15/><V54/><F23/><W6/><G6/><T40/><D40/><U24/><E75/><V5/><F5/><W83/><G65/><T82/><D127/><U88/><E76/><V62/><F124/><W45/><G38/><T106/><D20/><U69/><E69/><V78/><F78/><W47/><G33/><T27/><D27/><U31/><E53/><N who="2" m="31791" /><F71/><W118/><G1/><T94/><D103/><U125/><E125/><V68/><F68/><W70/><G70/><T64/><D7/><U80/><E24/><V16/><F16/><W19/><G19/><T101/><D11/><U8/><E8/><V13/><F13/><W28/><G28/><T130/><D102/><U37/><E43/><V0/><F0/><W4/><G4/><T67/><D106/><U74/><E74/><V79/><F79/><W61/><G105/><T91/><REACH who="0" step="1"/><D130/><REACH who="0" ten="204,204,214,368" step="2"/><U55/><E29/><V66/><F42/><W97/><G129/><T2/><D2/><U44/><E25/><V86/><F86/><W18/><G126/><T81/><D81/><U26/><E26/><V135/><F66/><W131/><G131/><T109/><D109/><U30/><E37/><V107/><F107/><W17/><G111/><T34/><D34/><U77/><E36/><V110/><F110/><RYUUKYOKU ba="0,1" sc="204,15,204,-15,214,15,368,-15" hai0="58,59,60,64,67,82,85,91,92,94,95,96,101" hai2="48,54,57,62,132,134,135" /><INIT seed="2,1,1,1,2,116" ten="219,189,229,353" oya="2" hai0="34,87,4,135,1,21,123,23,99,25,94,57,102" hai1="112,76,46,128,71,117,114,58,3,14,19,118,103" hai2="86,2,119,81,108,82,7,50,10,133,106,101,11" hai3="41,52,5,110,22,51,32,20,62,29,36,54,37"/><V104/><F119/><N who="1" m="45577" /><E103/><V66/><F133/><W125/><G32/><T127/><D135/><U95/><E95/><V44/><F66/><W78/><G78/><T126/><D4/><U27/><E76/><V39/><F39/><W53/><G5/><T97/><D1/><U109/><E71/><V38/><F38/><N who="3" m="14955" /><G29/><N who="0" m="19759" /><D87/><U6/><E58/><V120/><F120/><W43/><G22/><T45/><D45/><U70/><E46/><V73/><F73/><W74/><G20/><T131/><D131/><U8/><E70/><V31/><F31/><W96/><G74/><T67/><D99/><U83/><E83/><V122/><F122/><W55/><G96/><T9/><D123/><U111/><E27/><V63/><F63/><W47/><G125/><N who="0" m="47627" /><D9/><N who="1" m="2271" /><E128/><V91/><F10/><W84/><G84/><T26/><D26/><U113/><AGARI ba="1,1" hai="8,14,19,109,111,112,113,114" m="2271,45577" machi="113" ten="40,2700,0" yaku="34,2" doraHai="116" who="1" fromWho="1" sc="219,-8,189,40,229,-14,353,-8" /><INIT seed="3,0,0,3,3,85" ten="211,229,215,345" oya="3" hai0="24,82,74,21,103,62,23,116,113,86,104,91,61" hai1="30,63,11,16,124,118,133,26,95,48,49,105,32" hai2="47,110,134,60,4,22,59,107,123,58,56,97,90" hai3="37,0,46,126,129,119,52,102,40,66,55,92,76"/><W100/><G0/><T31/><D116/><U18/><E105/><V111/><F134/><W87/><G119/><T68/><D113/><U12/><E118/><V131/><F131/><W6/><G129/><T53/><D74/><U50/><E133/><V19/><F4/><W17/><G6/><T3/><D3/><U64/><E124/><V15/><F123/><W115/><G115/><T27/><D68/><U125/><E125/><V99/><F107/><W83/><G126/><T13/><D13/><U5/><REACH who="1" step="1"/><E95/><REACH who="1" ten="211,219,215,345" step="2"/><N who="2" m="56567" /><F60/><W54/><G66/><T88/><D62/><U106/><E106/><V41/><F111/><W72/><G17/><N who="0" m="12335" /><D104/><U44/><E44/><V34/><F110/><W79/><REACH who="3" step="1"/><G92/><REACH who="3" ten="211,219,215,335" step="2"/><T35/><D31/><U65/><E65/><V132/><F132/><W57/><G57/><AGARI ba="0,2" hai="5,11,12,16,18,26,30,32,48,49,50,57,63,64" machi="57" ten="40,5200,0" yaku="1,1,54,1,53,1" doraHai="85" doraHaiUra="8" who="1" fromWho="3" sc="211,0,219,72,215,0,335,-52" /><INIT seed="4,0,0,3,0,57" ten="211,291,215,283" oya="0" hai0="124,81,49,84,99,89,108,14,134,18,119,73,114" hai1="64,41,51,53,17,76,30,43,9,62,28,36,45" hai2="50,46,86,80,94,77,72,113,27,115,78,7,71" hai3="97,52,103,29,93,130,133,60,20,34,92,70,55"/><T24/><D119/><U61/><E76/><V107/><F107/><N who="3" m="63983" /><G20/><T106/><D114/><N who="2" m="43530" /><F71/><W65/><G130/><T59/><D134/><U135/><E135/><V96/><F7/><W23/><G23/><T58/><D124/><U11/><E64/><V79/><F27/><N who="3" m="18751" /><G133/><T90/><D108/><U131/><E131/><V39/><F39/><W10/><G10/><N who="1" m="3594" /><E36/><V98/><F50/><W33/><G33/><T104/><D73/><U83/><E83/><N who="2" m="45479" /><F46/><W38/><G38/><T101/><D24/><U4/><E4/><V31/><F31/><N who="1" m="11817" /><E17/><V56/><F56/><W15/><G15/><T109/><D109/><U1/><E1/><V25/><F25/><W35/><G35/><T44/><D106/><U129/><E129/><V37/><F37/><W63/><G55/><T105/><D105/><U102/><E102/><N who="2" m="60695" /><F98/><W69/><G69/><T126/><D126/><U125/><E125/><V8/><F8/><W82/><G82/><T6/><D6/><U121/><E121/><V110/><F110/><W100/><G100/><T75/><D58/><AGARI ba="0,0" hai="52,58,60,63,65,70,92,93" m="18751,63983" machi="58" ten="30,7700,0" yaku="25,1,52,2,54,1" doraHai="57" who="3" fromWho="0" sc="211,-77,291,0,215,0,283,77" /><INIT seed="5,0,0,1,2,76" ten="134,291,215,360" oya="1" hai0="51,130,57,127,2,69,88,79,9,133,135,114,100" hai1="56,101,97,102,131,60,99,54,12,11,13,41,128" hai2="112,17,58,134,3,105,96,24,67,125,23,89,5" hai3="40,6,68,29,81,45,91,124,27,90,77,108,55"/><U132/><E132/><N who="0" m="50761" /><D69/><U104/><E41/><V36/><F134/><W71/><G108/><T84/><D114/><U66/><E66/><V4/><F125/><W1/><G124/><T116/><D116/><U16/><REACH who="1" step="1"/><E12/><REACH who="1" ten="134,281,215,360" step="2"/><V110/><F67/><W82/><G40/><T95/><D127/><U19/><E19/><V113/><F17/><W8/><G1/><T85/><D130/><U33/><E33/><V75/><F112/><W21/><G29/><T94/><D2/><U22/><E22/><V49/><F113/><W39/><G21/><T115/><D115/><U43/><E43/><V15/><F15/><W86/><G6/><T31/><D31/><U50/><E50/><V7/><F49/><W53/><G8/><T120/><D9/><U18/><E18/><V118/><F3/><W38/><G27/><T0/><D0/><U121/><E121/><V34/><F34/><W87/><G45/><T10/><D10/><U42/><E42/><V30/><F30/><W61/><G61/><T59/><D51/><U78/><E78/><AGARI ba="0,1" hai="38,39,53,55,68,71,77,78,81,82,86,87,90,91" machi="78" ten="25,6400,0" yaku="22,2,52,2" doraHai="76" who="3" fromWho="1" sc="134,0,281,-64,215,0,360,74" /><INIT seed="6,0,0,2,2,50" ten="134,217,215,434" oya="2" hai0="128,65,0,44,25,127,122,41,81,28,1,13,107" hai1="89,30,56,6,37,86,27,14,72,101,78,59,57" hai2="35,8,113,48,63,116,40,11,129,68,51,103,2" hai3="118,20,21,9,61,106,55,31,49,16,96,80,125"/><V83/><F116/><W131/><G118/><T105/><D122/><U33/><E37/><V100/><F35/><W130/><G125/><T45/><D127/><U110/><E110/><V67/><F129/><N who="3" m="49163" /><G61/><T112/><D128/><U3/><E3/><V66/><F113/><W108/><G108/><T79/><D112/><U42/><E42/><V69/><F83/><W15/><G80/><T23/><D65/><U114/><E78/><V124/><F124/><W75/><G75/><T18/><D1/><U24/><E72/><V39/><F40/><W98/><G31/><T58/><D0/><U46/><E46/><V73/><F73/><W85/><G85/><T12/><D58/><U4/><E101/><V34/><F2/><W90/><G90/><T62/><D62/><U117/><E27/><V10/><F63/><W74/><G74/><T64/><D64/><U102/><E102/><V115/><F8/><W97/><G106/><T38/><D45/><AGARI ba="0,0" hai="9,15,16,20,21,45,49,55,96,97,98" m="49163" machi="45" ten="30,3900,0" yaku="19,1,52,1,54,1" doraHai="50" who="3" fromWho="0" sc="134,-39,217,0,215,0,434,39" /><INIT seed="7,0,0,0,1,102" ten="95,217,215,473" oya="3" hai0="115,84,42,108,50,77,15,122,49,7,21,99,54" hai1="30,134,133,80,65,128,110,68,40,82,60,96,83" hai2="18,31,90,14,1,33,10,11,58,81,106,114,44" hai3="4,51,131,67,97,47,117,45,78,17,116,2,103"/><W123/><G78/><T107/><D122/><U118/><E128/><V125/><F106/><W93/><G123/><T113/><D108/><U19/><E118/><V5/><F114/><N who="0" m="43530" /><D42/><U79/><E30/><V39/><F125/><W129/><G67/><T88/><D77/><U120/><E110/><V104/><F104/><W126/><G126/><T71/><D71/><U22/><E96/><V36/><F44/><N who="3" m="16971" /><G51/><T63/><D63/><U48/><E48/><V100/><F100/><W26/><G4/><T32/><D32/><U34/><E34/><V111/><F111/><W13/><G26/><T35/><D35/><U12/><E40/><V29/><F58/><W64/><G2/><T121/><D121/><U25/><E25/><V38/><REACH who="2" step="1"/><F33/><REACH who="2" ten="95,217,205,473" step="2"/><W56/><G56/><T66/><D66/><U43/><E120/><V85/><AGARI ba="0,1" hai="1,5,10,11,14,18,29,31,36,38,39,81,85,90" machi="85" ten="40,8000,1" yaku="1,1,2,1,0,1,53,1" doraHai="102" doraHaiUra="8" who="2" fromWho="2" sc="95,-20,217,-20,205,90,473,-40" owari="75,-42.0,197,-20.0,295,10.0,433,52.0" /></mjloggm>