<mjloggm ver="2.3"><GO type="225" lobby="0"/><UN n0="%E3%82%8F%E3%81%A3%E3%81%97%E3%82%87%E3%81%84%E5%90%9B%32%E5%8F%B7" n1="%E9%81%85%E5%88%BB%E3%81%AE%E3%83%97%E3%83%AA%E3%83%B3%E3%82%B9%E2%99%AA" n2="%E7%B6%BE%E9%87%8E%E7%8F%AA%E5%AD%90" n3="%E5%B7%A5%E8%97%A4%E6%96%B0%E4%B8%80" dan="16,16,17,16" rate="2194.20,2128.80,2216.76,2122.74" sx="M,F,F,M"/><TAIKYOKU oya="0"/><INIT seed="0,0,0,3,5,49" ten="250,250,250,250" oya="0" hai0="47,55,121,83,9,59,23,102,33,62,126,31,115" hai1="41,80,53,84,116,96,120,50,7,85,56,37,38" hai2="28,79,61,89,130,70,74,122,48,52,118,5,58" hai3="0,15,12,77,16,127,3,66,6,113,134,114,111"/><T117/><D121/><U68/><E116/><V19/><F122/><W42/><G111/><T98/><D117/><U1/><E120/><V73/><F5/><W101/><G127/><T25/><D126/><U72/><E68/><V88/><F118/><W57/><G134/><T17/><D115/><U129/><E129/><V54/><F28/><W78/><G42/><T90/><D9/><N who="1" m="2287" /><E96/><V82/><F74/><W18/><G101/><T63/><D47/><N who="1" m="23983" /><E38/><V2/><F2/><W43/><G43/><T10/><D10/><U131/><E131/><V14/><F130/><W105/><G6/><T95/><D63/><U94/><E94/><V81/><F81/><W110/><G110/><T91/><REACH who="0" step="1"/><D83/><REACH who="0" ten="240,250,250,250" step="2"/><U39/><E39/><V60/><F70/><W8/><G8/><T109/><D109/><U21/><E21/><V75/><F61/><W112/><G112/><T69/><D69/><U128/><E128/><V24/><F75/><W135/><G113/><T51/><D51/><U76/><AGARI ba="0,1" hai="50,53,56,72,76,80,84,85" m="23983,2287" machi="76" ten="30,2000,0" yaku="25,1,52,1" doraHai="49" who="1" fromWho="1" sc="240,-10,250,30,250,-5,250,-5" /><INIT seed="1,0,0,4,1,12" ten="230,280,245,245" oya="1" hai0="55,100,15,116,73,103,112,131,92,129,20,0,50" hai1="95,127,76,75,4,9,26,52,25,16,113,21,81" hai2="14,64,58,97,105,82,34,36,3,133,29,17,87" hai3="109,65,46,53,44,80,54,35,28,27,89,5,118"/><U39/><E113/><V99/><F3/><W69/><G109/><T8/><D112/><U42/><E127/><V11/><F36/><W38/><G118/><T68/><D73/><U114/><E114/><V130/><F130/><N who="0" m="49674" /><D116/><U74/><E74/><V93/><F105/><W98/><G5/><N who="0" m="1063" /><D68/><U61/><E95/><V10/><F133/><W124/><G124/><T119/><D119/><U70/><E70/><V111/><F111/><W51/><G65/><T6/><D92/><U13/><E26/><V90/><F34/><W40/><G69/><T77/><D77/><U94/><E94/><V117/><F29/><W37/><G98/><T106/><D106/><U60/><REACH who="1" step="1"/><E52/><REACH who="1" ten="230,270,245,245" step="2"/><V41/><F117/><W59/><G54/><T121/><D55/><U45/><AGARI ba="0,1" hai="4,9,13,16,21,25,39,42,45,60,61,75,76,81" machi="45" ten="30,18000,2" yaku="1,1,2,1,0,1,52,1,54,1,53,1" doraHai="12" doraHaiUra="19" who="1" fromWho="1" sc="230,-60,270,190,245,-60,245,-60" /><INIT seed="1,1,0,4,2,104" ten="170,460,185,185" oya="1" hai0="15,11,58,26,0,62,56,29,41,72,71,110,89" hai1="63,21,66,65,74,112,28,4,77,14,32,27,49" hai2="114,94,43,124,87,7,16,44,133,119,18,68,127" hai3="6,25,9,80,3,38,81,42,93,48,61,98,57"/><U111/><E112/><V120/><F119/><W76/><G38/><T83/><D110/><U53/><E111/><V132/><F120/><W90/><G25/><T23/><D0/><U85/><E85/><V135/><F68/><W105/><G105/><T37/><D71/><U46/><E63/><V101/><F114/><W5/><G5/><T95/><D41/><U35/><E4/><V84/><F7/><W55/><REACH who="3" step="1"/><G76/><REACH who="3" ten="170,460,185,175" step="2"/><T59/><D37/><U22/><E77/><V134/><F134/><W130/><G130/><T128/><D128/><U51/><E27/><V82/><F127/><W34/><G34/><T47/><D26/><U45/><E35/><V54/><F124/><W78/><G78/><T20/><D29/><U73/><E32/><V79/><F135/><W1/><G1/><T126/><D126/><U2/><E2/><V86/><F133/><W102/><G102/><T12/><D12/><U115/><E28/><V30/><F30/><W107/><G107/><T70/><D15/><U50/><E14/><V69/><F132/><W10/><G10/><T108/><D11/><U64/><E115/><V13/><F13/><W88/><G88/><T91/><D91/><U123/><E22/><V117/><F101/><W121/><G121/><T33/><D108/><U106/><E21/><V125/><F125/><W31/><G31/><T116/><D33/><U97/><E123/><V96/><F79/><W118/><G118/><T100/><D116/><U92/><E106/><V39/><F117/><W67/><G67/><T113/><D113/><U129/><E129/><V17/><F39/><RYUUKYOKU ba="1,1" sc="170,-10,460,-10,185,-10,175,30" hai3="3,6,9,42,48,55,57,61,80,81,90,93,98" /><INIT seed="2,2,1,5,4,27" ten="160,450,175,205" oya="2" hai0="26,101,46,104,52,72,54,103,119,68,23,76,125" hai1="79,14,84,40,85,133,78,105,42,22,124,62,36" hai2="28,17,63,109,12,19,100,44,10,95,13,24,108" hai3="2,25,65,115,60,39,114,50,99,5,0,31,81"/><V56/><F44/><W122/><G122/><T83/><D125/><U47/><E105/><V66/><F100/><W48/><G39/><T35/><D119/><U131/><E124/><V88/><F13/><W126/><G99/><T6/><D68/><U128/><E133/><V55/><F66/><W29/><G126/><T70/><D70/><U20/><E62/><V67/><F67/><W34/><G81/><T77/><D35/><U116/><E116/><V82/><F82/><W3/><G5/><T41/><D77/><U49/><E49/><V18/><F109/><W96/><G96/><T107/><D6/><U69/><E69/><V130/><F130/><N who="1" m="49705" /><E42/><V45/><F45/><W71/><REACH who="3" step="1"/><G31/><REACH who="3" ten="160,450,175,195" step="2"/><T127/><D127/><U112/><E36/><V15/><F108/><W73/><G73/><T121/><D121/><U106/><E85/><N who="2" m="52623" /><F15/><W7/><G7/><T53/><D107/><U32/><E14/><V98/><F98/><W9/><G9/><T57/><D104/><U97/><E106/><V4/><F28/><W123/><G123/><T129/><D129/><U59/><E97/><V87/><F87/><W1/><N who="3" m="0" /><DORA hai="91" /><W64/><G64/><T113/><D103/><U11/><E84/><V135/><F135/><W117/><G117/><T94/><D101/><U21/><E11/><V16/><F18/><W134/><G134/><T90/><D83/><U75/><E75/><V74/><F74/><W8/><G8/><T58/><D72/><U111/><E111/><V33/><F17/><W80/><G80/><T102/><D102/><U120/><E120/><V86/><F86/><RYUUKYOKU ba="2,2" sc="160,-15,450,-15,175,15,195,15" hai2="4,10,12,16,19,24,33,55,56,63" hai3="25,29,34,48,50,60,65,71,114,115" /><INIT seed="2,3,2,0,4,23" ten="145,435,190,210" oya="2" hai0="8,84,94,28,33,21,42,60,50,13,0,12,43" hai1="117,9,100,83,16,62,110,2,31,75,106,15,123" hai2="51,19,80,107,4,6,77,1,40,26,109,30,135" hai3="58,46,99,89,22,108,25,29,133,14,47,103,119"/><V48/><F107/><W127/><G108/><T27/><D60/><U65/><E117/><V121/><F121/><W37/><G127/><T41/><D0/><U78/><E110/><V81/><F109/><W18/><G133/><T11/><D33/><U113/><E113/><V104/><F104/><W115/><G119/><T69/><D69/><U55/><E123/><V85/><F135/><W54/><G115/><T131/><D131/><U95/><E106/><V36/><F19/><W68/><G89/><N who="0" m="53543" /><D50/><U34/><E2/><V132/><F132/><W24/><G68/><T61/><D61/><U64/><E55/><V118/><F118/><W32/><G14/><AGARI ba="3,2" hai="8,11,12,13,14,21,27,28,41,42,43" m="53543" machi="14" ten="30,2000,0" yaku="8,1,52,1" doraHai="23" who="0" fromWho="3" sc="145,49,435,0,190,0,210,-29" /><INIT seed="3,0,0,2,0,41" ten="194,435,190,181" oya="3" hai0="119,68,20,36,34,73,8,77,114,13,57,135,0" hai1="15,98,38,6,84,74,121,125,42,35,58,126,27" hai2="37,63,75,127,92,89,100,103,32,19,25,116,81" hai3="105,67,9,132,23,17,52,43,90,99,44,47,87"/><W69/><G132/><T112/><D68/><U113/><E74/><V56/><F116/><W111/><G9/><T106/><D106/><U40/><E121/><V3/><F3/><W2/><G2/><T115/><D119/><U91/><E113/><V45/><F75/><W53/><G111/><T86/><D135/><U122/><E122/><V30/><F81/><N who="3" m="49519" /><G69/><T130/><D34/><U31/><E38/><V120/><F127/><N who="1" m="48649" /><E98/><V18/><F120/><W39/><G39/><T133/><D133/><U101/><E101/><V85/><F103/><W5/><G105/><T96/><D0/><U107/><E107/><V14/><F100/><W102/><G5/><T93/><D73/><U72/><E72/><V104/><F104/><W22/><G67/><T29/><D36/><U97/><E97/><V33/><F33/><W16/><G99/><T55/><D96/><U134/><E134/><V49/><F37/><W110/><G102/><T11/><D11/><N who="1" m="4599" /><E58/><V28/><F14/><N who="3" m="9495" /><G110/><T76/><D112/><U129/><E129/><V65/><F30/><W26/><G43/><AGARI ba="0,0" hai="18,19,25,28,32,43,45,49,56,63,65,85,89,92" machi="43" ten="30,2000,0" yaku="7,1,52,1" doraHai="41" who="2" fromWho="3" sc="194,0,435,0,190,20,181,-20" owari="194,-21.0,435,54.0,210,1.0,161,-34.0" /></mjloggm>