<mjloggm ver="2.3"><GO type="185" lobby="0"/><UN n0="%63%61%6C%63%2E" n1="%E6%B5%B7%E8%83%86%E3%83%88%E3%83%AD%E7%83%8F%E8%B3%8A" n2="%E7%A6%8F%E3%83%A1%E3%83%BC%E3%82%BF%E3%83%BC" n3="" dan="19,18,16,0" rate="2396.69,2373.87,2148.81,1500.00" sx="M,M,M,C"/><TAIKYOKU oya="0"/><INIT seed="0,0,0,2,0,85" ten="350,350,350,0" oya="0" hai0="83,122,50,0,91,108,61,125,74,70,121,66,68" hai1="86,89,1,90,129,106,64,53,41,54,3,71,72" hai2="97,57,46,114,100,81,75,76,49,62,60,42,37" hai3=""/><T128/><N who="0" m="31008" /><T113/><N who="0" m="31264" /><T43/><D113/><U111/><E72/><V120/><N who="2" m="30752" /><V58/><F114/><T34/><D0/><U103/><E111/><V88/><F88/><T56/><D34/><U44/><E129/><V130/><F130/><T79/><D128/><U118/><E118/><V126/><F126/><T135/><D125/><U96/><E71/><V80/><F80/><T134/><D108/><U123/><N who="1" m="31520" /><U51/><E64/><V124/><F124/><T102/><D102/><U65/><E65/><V93/><REACH who="2" step="1"/><F37/><REACH who="2" ten="350,350,340,0" step="2"/><T105/><D91/><U133/><E1/><V47/><F47/><T69/><REACH who="0" step="1"/><D105/><REACH who="0" ten="340,350,340,0" step="2"/><U55/><E3/><V36/><F36/><T32/><D32/><U52/><E90/><V78/><F78/><T117/><D117/><U92/><N who="1" m="13824" /><DORA hai="94" /><U73/><E106/><V63/><AGARI ba="0,2" hai="42,46,49,57,58,60,62,63,75,76,81,93,97,100" m="30752" machi="63" ten="30,6000,1" yaku="1,1,0,1,52,2,53,1" doraHai="85,94" doraHaiUra="109,95" who="2" fromWho="2" sc="340,-40,350,-20,340,80,0,0" /><INIT seed="1,0,0,1,5,125" ten="300,330,420,0" oya="1" hai0="133,81,105,113,112,104,91,64,93,65,132,120,88" hai1="56,46,42,123,82,70,76,109,96,43,53,71,85" hai2="48,45,59,119,58,75,49,128,37,117,1,55,41" hai3=""/><U34/><N who="1" m="31520" /><U51/><E34/><V134/><F75/><T69/><N who="0" m="30752" /><T47/><D81/><U38/><E109/><V108/><F1/><T103/><D103/><U54/><E43/><V130/><F108/><T80/><D80/><U106/><REACH who="1" step="1"/><E53/><REACH who="1" ten="300,320,420,0" step="2"/><V50/><F134/><T83/><D132/><U97/><E97/><V63/><REACH who="2" step="1"/><F59/><REACH who="2" ten="300,320,410,0" step="2"/><T57/><D133/><U35/><E35/><V116/><AGARI ba="0,2" hai="37,41,45,48,49,50,55,58,63,116,117,119,128,130" machi="116" ten="40,12000,3" yaku="1,1,2,1,0,1,34,3,52,2,53,0" doraHai="125" doraHaiUra="131" who="2" fromWho="2" sc="300,-40,320,-80,410,140,0,0" /><INIT seed="2,0,0,1,2,120" ten="260,240,550,0" oya="2" hai0="58,1,32,3,74,85,53,79,121,93,87,82,69" hai1="124,76,128,35,125,118,109,51,127,52,90,48,71" hai2="40,49,75,91,92,111,108,101,113,131,70,112,130" hai3=""/><V115/><F70/><T60/><N who="0" m="31008" /><T44/><D32/><U42/><E35/><V59/><F75/><T46/><D69/><U129/><E118/><V68/><F68/><T107/><D107/><U134/><E71/><V122/><N who="2" m="31264" /><V105/><F105/><T62/><D60/><U39/><E76/><V106/><F106/><T116/><D116/><U66/><E66/><V99/><F101/><T102/><D74/><U43/><E39/><V100/><F100/><T117/><D117/><U34/><E34/><V37/><F37/><T45/><REACH who="0" step="1"/><D85/><REACH who="0" ten="250,240,550,0" step="2"/><U84/><E125/><V41/><F41/><T63/><D63/><U96/><E124/><V77/><F40/><T61/><D61/><U135/><E127/><V95/><F77/><T89/><D89/><U80/><E42/><V78/><F78/><T0/><D0/><U56/><E43/><V38/><F38/><T83/><D83/><U103/><E80/><V57/><F49/><T114/><D114/><U133/><E48/><V54/><F115/><T88/><D88/><U104/><E90/><V36/><F36/><T64/><D64/><U72/><E72/><V94/><F91/><T126/><D126/><U86/><E51/><V132/><F113/><T50/><D50/><RYUUKYOKU ba="0,1" sc="250,20,240,-10,550,-10,0,0" hai0="1,3,44,45,46,53,58,62,79,82,87,93,102" /><INIT seed="4,1,1,0,4,132" ten="270,230,540,0" oya="0" hai0="122,121,40,124,54,1,99,88,81,102,117,126,33" hai1="103,66,64,49,63,32,82,123,51,61,52,0,94" hai2="67,135,58,47,95,116,97,133,74,98,48,91,101" hai3=""/><T79/><N who="0" m="31008" /><T96/><N who="0" m="31264" /><T110/><D33/><U105/><N who="1" m="31520" /><U45/><E32/><V60/><F74/><T109/><D1/><U130/><E0/><V119/><F135/><T90/><D54/><U75/><E130/><V112/><F112/><T108/><D40/><U77/><E105/><V128/><F128/><T34/><D117/><N who="2" m="45130" /><F133/><T118/><D118/><U114/><E114/><V43/><F101/><T78/><D34/><U71/><E49/><V50/><F50/><T62/><D62/><U2/><E2/><V68/><F68/><T92/><D79/><U73/><E73/><V89/><F89/><N who="0" m="34410" /><D99/><AGARI ba="1,1" hai="43,47,48,58,60,67,91,95,97,98,99" m="45130" machi="99" ten="30,1000,0" yaku="12,1" doraHai="132" who="2" fromWho="0" sc="270,-12,230,0,540,22,0,0" /><INIT seed="5,0,0,1,4,106" ten="258,230,562,0" oya="1" hai0="3,85,78,95,99,39,2,69,123,67,131,101,40" hai1="38,103,100,120,110,42,111,41,57,63,71,32,98" hai2="65,49,70,55,61,81,96,122,66,83,108,52,118" hai3=""/><U53/><N who="1" m="30752" /><U47/><E32/><V50/><N who="2" m="31264" /><V44/><F108/><T64/><N who="0" m="31520" /><T34/><D34/><U102/><E42/><V97/><F118/><T79/><D131/><U68/><REACH who="1" step="1"/><E98/><REACH who="1" ten="258,220,562,0" step="2"/><V133/><F97/><T125/><D40/><U75/><E75/><V88/><F133/><T135/><D135/><U127/><E127/><V94/><REACH who="2" step="1"/><F66/><REACH who="2" ten="258,220,552,0" step="2"/><T91/><D67/><U80/><E80/><V115/><F115/><T51/><D99/><U43/><E43/><V128/><F128/><T113/><D113/><U54/><E54/><V126/><F126/><T90/><D125/><U105/><E105/><V59/><AGARI ba="0,2" hai="44,49,50,52,55,59,61,65,70,81,83,88,94,96" m="31264" machi="59" ten="20,9000,2" yaku="1,1,0,1,7,1,52,1,54,2,53,1" doraHai="106" doraHaiUra="84" who="2" fromWho="2" sc="258,-30,220,-60,552,110,0,0" /><INIT seed="6,0,0,2,2,75" ten="228,160,662,0" oya="2" hai0="96,87,93,94,41,73,51,36,95,97,101,42,70" hai1="76,39,50,88,89,3,54,85,125,0,118,43,38" hai2="53,33,55,86,66,120,124,40,107,59,82,44,129" hai3=""/><V98/><N who="2" m="30752" /><V109/><F33/><T83/><D73/><U63/><E125/><V45/><F124/><T58/><D70/><U49/><E118/><V37/><F129/><T62/><D36/><U103/><E103/><V47/><F109/><T90/><D51/><U81/><E63/><V52/><F107/><T108/><D108/><U64/><E64/><V61/><REACH who="2" step="1"/><F98/><REACH who="2" ten="228,160,652,0" step="2"/><T84/><D97/><U91/><E49/><V104/><F104/><T92/><D96/><U130/><E130/><V60/><F60/><T122/><D122/><U72/><E72/><V133/><F133/><T68/><D101/><U48/><E50/><V113/><F113/><T78/><D68/><U65/><E65/><AGARI ba="0,1" hai="41,42,58,62,65,78,83,84,87,90,92,93,94,95" machi="65" ten="40,2600,0" yaku="8,1,52,1" doraHai="75" who="0" fromWho="1" sc="228,36,160,-26,652,0,0,0" owari="264,-14.0,134,-47.0,652,61.0,0,0.0" /></mjloggm>