<mjloggm ver="2.3"><GO type="169" lobby="0"/><UN n0="%E7%8B%82%E7%8A%AC" n1="%E8%8B%A5%E5%AE%AE%E6%98%8E%E6%97%A5%E9%A6%99" n2="%28%3B%E3%83%BB%E2%88%80%E3%83%BB%29" n3="%E3%83%8F%E3%82%BF%E3%83%A2%E3%83%88%E3%83%92%E3%83%AD" dan="16,17,16,17" rate="2125.46,2199.80,2191.34,2144.23" sx="M,F,M,M"/><TAIKYOKU oya="0"/><INIT seed="0,0,0,0,0,30" ten="250,250,250,250" oya="0" hai0="131,108,126,35,58,61,21,111,59,7,124,25,46" hai1="0,44,107,41,1,10,101,133,135,106,38,92,17" hai2="66,72,88,86,115,84,110,125,127,71,52,63,12" hai3="83,96,33,62,45,6,128,93,97,29,40,14,54"/><T80/><D7/><U50/><E92/><V104/><F72/><W28/><G128/><T16/><D131/><U67/><E67/><V36/><F115/><W55/><G83/><T95/><D35/><U75/><E75/><V13/><F36/><W56/><G55/><T121/><D121/><U48/><E38/><V22/><F104/><W78/><G78/><T113/><D113/><U68/><E68/><V122/><F122/><W47/><G97/><T60/><D46/><N who="3" m="17417" /><G33/><T42/><D42/><U32/><E32/><V109/><F86/><W134/><G134/><N who="1" m="51210" /><E50/><V11/><F22/><W85/><G85/><T69/><D80/><U102/><E107/><V116/><F116/><W98/><G98/><T117/><D117/><U118/><E118/><V79/><F79/><W2/><G2/><N who="1" m="1130" /><E106/><V82/><F13/><AGARI ba="0,0" hai="10,13,17,41,44,48,101,102" m="1130,51210" machi="13" ten="30,1000,0" yaku="20,1" doraHai="30" who="1" fromWho="2" sc="250,0,250,10,250,-10,250,0" /><INIT seed="1,0,0,3,1,129" ten="250,260,240,250" oya="1" hai0="8,1,11,70,44,132,26,20,99,72,40,42,41" hai1="122,54,18,87,2,97,37,106,67,130,28,105,69" hai2="73,6,19,116,89,68,15,131,124,109,27,45,0" hai3="53,134,46,114,24,101,118,36,43,4,25,79,110"/><U123/><E37/><V133/><F89/><W84/><G114/><T22/><D72/><U93/><E2/><V30/><F45/><W111/><G118/><T21/><D70/><U112/><E112/><V9/><F73/><W7/><G101/><T120/><D1/><U113/><E113/><V31/><F68/><W33/><G53/><T86/><D44/><U96/><E130/><V100/><F100/><W64/><G64/><T50/><D50/><U13/><E28/><V48/><F48/><W23/><G33/><T60/><D26/><U12/><E87/><V58/><F58/><W94/><G25/><T77/><D99/><U125/><E125/><V56/><F56/><W85/><G85/><T117/><D117/><U52/><E69/><V119/><F131/><W81/><G94/><T127/><D86/><U63/><E18/><V75/><F75/><W103/><G103/><T135/><D127/><U57/><E57/><V65/><F65/><W47/><G47/><T95/><D95/><U98/><E93/><V91/><F91/><W5/><G134/><N who="0" m="51243" /><D120/><U115/><E115/><V35/><F124/><W14/><REACH who="3" step="1"/><G14/><REACH who="3" ten="250,260,240,240" step="2"/><T76/><D60/><U38/><E63/><V92/><F92/><W128/><G128/><T16/><D16/><AGARI ba="0,1" hai="4,5,7,16,23,24,36,43,46,79,81,84,110,111" machi="16" ten="40,5200,0" yaku="1,1,54,1,53,1" doraHai="129" doraHaiUra="78" who="3" fromWho="0" sc="250,-52,260,0,240,0,240,62" /><INIT seed="2,0,0,1,4,78" ten="198,260,240,302" oya="2" hai0="36,96,110,97,105,60,59,10,65,49,90,32,74" hai1="8,117,21,86,88,71,119,82,53,16,11,15,51" hai2="69,30,67,41,133,14,89,79,26,100,128,85,46" hai3="39,50,109,66,135,103,93,40,127,3,64,125,61"/><V56/><F69/><W77/><G3/><T75/><D36/><U112/><E112/><V106/><F128/><W108/><G77/><T116/><D32/><U118/><REACH who="1" step="1"/><E71/><REACH who="1" ten="198,250,240,302" step="2"/><V134/><F133/><W0/><G135/><T70/><D70/><U25/><E25/><V27/><F134/><W68/><G66/><T124/><D65/><U120/><E120/><V45/><F26/><W123/><G123/><T43/><D116/><U31/><E31/><V91/><F27/><W37/><G0/><T13/><D110/><N who="3" m="42601" /><G103/><T20/><D13/><U94/><E94/><V29/><F14/><W33/><G93/><T55/><D105/><U23/><E23/><V132/><F100/><W24/><G24/><T95/><D20/><U18/><E18/><V111/><F106/><W126/><G33/><T107/><D107/><U115/><E115/><V130/><F67/><W122/><G122/><T19/><D19/><U54/><E54/><V113/><F111/><W129/><G129/><T6/><D55/><U87/><E87/><V57/><F113/><W28/><G28/><T38/><D95/><U76/><E76/><V52/><F79/><W62/><G62/><T101/><D60/><U58/><AGARI ba="0,1" hai="8,11,15,16,21,51,53,58,82,86,88,117,118,119" machi="58" ten="30,8000,1" yaku="1,1,0,1,52,1,54,2,53,0" doraHai="78" doraHaiUra="73" who="1" fromWho="1" sc="198,-20,250,90,240,-40,302,-20" /><INIT seed="3,0,0,1,2,22" ten="178,340,200,282" oya="3" hai0="1,31,39,74,41,131,7,2,20,90,21,4,92" hai1="123,107,5,12,56,27,80,96,113,59,120,38,40" hai2="134,122,10,114,37,111,78,135,42,16,95,93,81" hai3="34,50,73,67,110,72,33,66,117,30,99,53,58"/><W112/><G117/><T75/><D41/><U71/><E71/><V13/><F114/><W116/><G116/><T91/><D92/><U76/><E113/><V44/><F111/><W35/><G112/><T46/><D46/><U0/><E12/><V85/><REACH who="2" step="1"/><F122/><REACH who="2" ten="178,340,190,282" step="2"/><W9/><G110/><T3/><D131/><U54/><E123/><V61/><F61/><W79/><G35/><T124/><D124/><U8/><E120/><V24/><F24/><W57/><G34/><T104/><D104/><U133/><E27/><V102/><F102/><W118/><G33/><T128/><D128/><U126/><E126/><V88/><F88/><N who="0" m="33834" /><D31/><U86/><E107/><V87/><F87/><W11/><G30/><T101/><D101/><U49/><E86/><V119/><F119/><W83/><G118/><T62/><D62/><U25/><E25/><V94/><AGARI ba="0,1" hai="10,13,16,37,42,44,78,81,85,93,94,95,134,135" machi="94" ten="30,4000,0" yaku="1,1,0,1,54,1,53,0" doraHai="22" doraHaiUra="51" who="2" fromWho="2" sc="178,-10,340,-10,190,50,282,-20" /><INIT seed="4,0,0,1,5,90" ten="168,330,240,262" oya="0" hai0="99,128,82,32,83,92,28,57,73,18,102,43,133" hai1="2,8,94,89,39,135,71,66,112,20,46,0,96" hai2="47,106,126,125,30,23,16,61,119,41,5,36,27" hai3="42,13,62,111,127,80,123,115,1,24,74,52,70"/><T101/><D128/><U86/><E39/><V48/><F106/><W134/><G13/><T53/><D133/><U100/><E135/><V120/><F120/><W64/><G24/><T50/><D73/><U98/><E46/><V19/><F5/><W124/><G80/><T109/><D109/><U59/><E71/><V55/><F61/><W40/><G1/><T110/><D110/><U21/><E98/><V113/><F113/><W4/><G4/><T75/><D75/><U87/><E87/><V79/><F79/><W34/><G34/><T129/><D129/><U114/><E8/><V38/><F119/><W6/><G6/><T14/><D102/><U25/><E21/><V51/><F36/><W93/><G74/><T37/><D32/><U11/><E11/><V131/><F131/><W26/><G26/><T31/><D37/><U105/><E114/><V122/><F122/><W15/><G15/><T116/><D43/><N who="3" m="16425" /><G134/><T63/><D116/><U97/><E97/><V91/><F91/><W78/><G78/><T88/><D63/><N who="1" m="38271" /><E112/><V44/><REACH who="2" step="1"/><F38/><REACH who="2" ten="168,330,230,262" step="2"/><W49/><G123/><T35/><D35/><U118/><E118/><V7/><F7/><W108/><G115/><T60/><D60/><U107/><E0/><V22/><F22/><W77/><G77/><T130/><D130/><U56/><E2/><V68/><F68/><W10/><G10/><N who="0" m="6487" /><D101/><U104/><E104/><V76/><F76/><W69/><G69/><T117/><D117/><U12/><E107/><V67/><F67/><W84/><G108/><T58/><D58/><U81/><E56/><V95/><F95/><RYUUKYOKU ba="0,1" sc="168,15,330,-15,230,15,262,-15" hai0="28,31,50,53,57,82,83,88,92,99" hai2="16,19,23,27,30,41,44,47,48,51,55,125,126" /><INIT seed="4,1,1,5,4,35" ten="183,315,245,247" oya="0" hai0="92,129,125,76,45,54,102,37,5,31,9,110,64" hai1="73,44,115,84,49,103,113,52,75,111,21,13,91" hai2="71,27,105,77,60,134,69,86,108,56,20,30,112" hai3="121,89,126,12,106,82,90,46,34,88,57,120,114"/><T80/><D129/><U123/><E111/><V40/><F108/><W95/><G34/><T63/><D110/><U87/><E123/><N who="3" m="47178" /><G106/><T107/><D125/><U18/><E103/><V41/><F105/><W17/><G114/><N who="1" m="43530" /><E87/><V7/><F112/><W104/><G104/><T83/><D92/><AGARI ba="1,1" hai="13,18,21,44,49,52,73,75,84,91,92" m="43530" machi="92" ten="30,3900,0" yaku="15,1,11,1,54,1" doraHai="35" who="1" fromWho="0" sc="183,-42,315,52,245,0,247,0" /><INIT seed="5,0,0,2,0,27" ten="141,367,245,247" oya="1" hai0="8,72,35,53,47,46,102,108,48,36,62,92,99" hai1="104,126,93,78,86,85,130,125,107,23,121,39,83" hai2="96,134,17,98,37,61,56,70,33,2,25,57,90" hai3="110,109,1,117,45,116,75,111,30,6,66,21,19"/><U127/><E39/><V58/><F37/><W68/><G75/><T52/><D108/><U60/><E121/><V7/><F134/><W10/><G45/><T129/><D129/><U71/><E130/><V41/><F41/><W15/><G66/><T103/><D72/><U101/><E23/><V81/><F2/><W13/><G68/><T80/><D35/><U55/><E55/><V49/><F7/><W43/><G43/><T9/><D36/><U16/><E16/><V132/><F132/><W14/><G30/><T133/><D133/><U5/><E5/><V4/><F4/><W64/><G64/><T28/><D103/><U112/><E112/><V91/><F49/><W24/><AGARI ba="0,0" hai="1,6,10,13,14,15,19,21,24,109,110,111,116,117" machi="24" ten="40,8000,1" yaku="0,1,34,3" doraHai="27" who="3" fromWho="3" sc="141,-20,367,-40,245,-20,247,80" /><INIT seed="6,0,0,0,0,18" ten="121,327,225,327" oya="2" hai0="51,16,38,41,129,104,45,35,58,127,130,97,36" hai1="8,47,134,2,84,29,21,96,76,89,83,65,116" hai2="75,68,118,52,49,109,54,133,67,55,39,6,108" hai3="78,91,53,22,102,34,40,81,95,1,24,112,90"/><V10/><F118/><W119/><G34/><T62/><D35/><U33/><E116/><V56/><F75/><W73/><G1/><T57/><D104/><U25/><E65/><V131/><F131/><W114/><G119/><T26/><D97/><U111/><E111/><N who="2" m="42571" /><F133/><W31/><G40/><T44/><D26/><U106/><E134/><V120/><F120/><W92/><G53/><N who="0" m="31935" /><D16/><U3/><E8/><V61/><F39/><N who="0" m="14890" /><D127/><U82/><E33/><V79/><F79/><W117/><G117/><T5/><D5/><U4/><E4/><V43/><F43/><W63/><G63/><T124/><D124/><U20/><E47/><N who="0" m="17993" /><D41/><U14/><E2/><AGARI ba="0,0" hai="2,6,10,49,52,54,55,56,61,67,68" m="42571" machi="2" ten="30,2900,0" yaku="10,1,54,1" doraHai="18" who="2" fromWho="1" sc="121,0,327,-29,225,29,327,0" /><INIT seed="6,1,0,4,5,101" ten="121,298,254,327" oya="2" hai0="77,95,116,79,35,43,73,61,19,102,74,21,56" hai1="124,92,42,38,63,24,6,57,39,111,52,110,96" hai2="9,121,94,127,71,0,87,37,75,68,80,135,112" hai3="33,78,90,86,115,100,84,54,82,18,88,60,107"/><V12/><F121/><W23/><G33/><T17/><D116/><U91/><E124/><V31/><F127/><W10/><G10/><T13/><D35/><U58/><E6/><V64/><F0/><W22/><G115/><T8/><D74/><U83/><E42/><V2/><F2/><W20/><G78/><T55/><D73/><U123/><E123/><V132/><F37/><W62/><G107/><T34/><D34/><U98/><E83/><V114/><F31/><W118/><G100/><T129/><D129/><U4/><E4/><N who="2" m="3111" /><F94/><N who="3" m="54535" /><G118/><T70/><D70/><N who="2" m="26666" /><F64/><W108/><G108/><T81/><D81/><U11/><E11/><V32/><F32/><W109/><G109/><T134/><D134/><N who="2" m="51242" /><F75/><W47/><G18/><T105/><D43/><U126/><E126/><V26/><F26/><W122/><G122/><T72/><D72/><U7/><E7/><V3/><F3/><W59/><G47/><T49/><D105/><U65/><E24/><V97/><F97/><W85/><G85/><T25/><D49/><AGARI ba="1,0" hai="20,22,23,49,54,59,60,62,82,86,90" m="54535" machi="49" ten="30,2000,0" yaku="8,1,54,1" doraHai="101" who="3" fromWho="0" sc="121,-23,298,0,254,0,327,23" /><INIT seed="7,0,0,0,4,1" ten="98,298,254,350" oya="3" hai0="10,100,18,95,16,32,38,46,62,116,63,12,22" hai1="119,103,49,48,74,82,89,21,76,88,8,110,129" hai2="125,43,29,47,30,126,84,64,108,128,61,105,120" hai3="124,55,72,35,28,34,70,37,0,54,102,81,25"/><W41/><G55/><T123/><D116/><U85/><E110/><V19/><F105/><W86/><G35/><T112/><D123/><U44/><E119/><V33/><F108/><W57/><G70/><T127/><D127/><U60/><E129/><V92/><F128/><W4/><G102/><T98/><D112/><U93/><E60/><V69/><F120/><W56/><G86/><T104/><D32/><U31/><E103/><V83/><F92/><W17/><G17/><T14/><D104/><U42/><E89/><V96/><F96/><W51/><G56/><T20/><D38/><U68/><E68/><V71/><F71/><W75/><G81/><T87/><D87/><U134/><E134/><V73/><F19/><W114/><G114/><T118/><D118/><U7/><E21/><V99/><F99/><W27/><G27/><T117/><D117/><U36/><REACH who="1" step="1"/><E31/><REACH who="1" ten="98,288,254,350" step="2"/><V122/><F122/><W39/><G124/><T77/><D77/><U11/><E11/><V13/><F29/><W5/><G28/><T80/><D80/><U24/><E24/><V106/><F106/><W52/><G25/><T113/><D113/><U132/><E132/><V115/><F115/><W40/><G34/><T130/><D130/><U91/><E91/><V53/><F30/><W135/><G135/><T107/><D107/><U121/><E121/><V133/><F33/><W26/><G26/><T23/><REACH who="0" step="1"/><D46/><REACH who="0" ten="88,288,254,350" step="2"/><U94/><E94/><V97/><F133/><W59/><G75/><T50/><D50/><U2/><AGARI ba="0,2" hai="2,7,8,36,42,44,48,49,74,76,82,85,88,93" machi="2" ten="20,16000,3" yaku="1,1,0,1,7,1,25,2,52,1,54,1,53,1" doraHai="1" doraHaiUra="6" who="1" fromWho="1" sc="88,-40,288,180,254,-40,350,-80" owari="48,-45.0,468,57.0,214,-19.0,270,7.0" /></mjloggm>