<mjloggm ver="2.3"><GO type="185" lobby="0"/><UN n0="%63%61%6C%63%2E" n1="%E5%A4%9A%E6%9E%97%E6%99%8B" n2="%E6%B5%B7%E8%83%86%E3%83%88%E3%83%AD%E7%83%8F%E8%B3%8A" n3="" dan="19,16,18,0" rate="2403.07,2207.45,2368.07,1500.00" sx="M,M,M,C"/><TAIKYOKU oya="0"/><INIT seed="0,0,0,1,0,111" ten="350,350,350,0" oya="0" hai0="109,46,80,106,73,57,63,36,33,134,124,108,135" hai1="75,101,65,34,43,96,90,99,39,35,129,40,56" hai2="103,126,112,60,76,66,122,97,120,92,69,110,59" hai3=""/><T42/><D106/><U41/><E39/><V118/><N who="2" m="30752" /><V125/><N who="2" m="31264" /><V114/><F110/><N who="0" m="42602" /><D33/><U50/><E75/><V64/><F118/><T47/><D80/><U83/><E129/><V2/><F2/><T88/><D73/><U77/><E77/><V55/><F76/><T67/><D88/><U116/><E116/><V54/><F54/><T115/><D124/><N who="2" m="47722" /><F66/><T62/><D115/><N who="2" m="44074" /><F55/><T89/><D89/><U32/><E65/><V100/><F100/><T52/><D47/><U102/><E101/><V45/><F45/><T104/><D104/><U133/><E102/><V95/><F92/><T44/><D46/><U91/><E32/><V94/><F94/><T51/><D63/><U127/><E127/><V74/><F74/><T82/><D82/><U81/><E83/><V86/><F86/><T58/><AGARI ba="0,0" hai="36,42,44,51,52,57,58,62,67,134,135" m="42602" machi="58" ten="30,8000,1" yaku="14,1,10,1,34,2,54,1" doraHai="111" who="0" fromWho="0" sc="350,80,350,-40,350,-40,0,0" /><INIT seed="0,1,0,5,0,72" ten="430,310,310,0" oya="0" hai0="35,62,116,68,61,70,56,49,60,122,37,67,118" hai1="77,94,63,133,101,107,127,42,132,46,102,124,65" hai2="115,114,120,39,112,74,80,109,75,45,106,71,105" hai3=""/><T123/><N who="0" m="31264" /><T98/><N who="0" m="31520" /><T125/><D35/><U135/><E107/><N who="2" m="40971" /><F109/><T40/><D98/><U97/><E77/><V52/><N who="2" m="30752" /><V85/><F52/><T100/><D100/><U130/><E101/><V126/><F71/><N who="0" m="27178" /><D125/><N who="1" m="48203" /><E63/><N who="0" m="24137" /><D37/><U108/><E65/><V32/><F126/><T103/><D103/><U92/><E108/><V34/><F34/><T79/><D79/><U84/><E84/><V95/><F32/><T53/><D40/><U76/><E76/><V69/><F114/><T54/><D54/><U134/><E134/><V36/><F115/><T121/><N who="0" m="31008" /><T86/><D86/><U104/><E104/><V113/><F113/><T64/><D64/><U66/><E66/><V93/><F112/><T55/><D55/><U33/><E33/><V87/><F87/><T38/><D38/><U3/><E102/><V51/><F36/><T59/><AGARI ba="1,0" hai="49,53,56,59,62,67,116,118" m="31008,24137,27178,31520,31264" machi="59" ten="30,8000,1" yaku="34,2,52,3" doraHai="72" who="0" fromWho="0" sc="430,82,310,-41,310,-41,0,0" /><INIT seed="0,2,0,2,4,49" ten="512,269,269,0" oya="0" hai0="69,75,71,35,93,133,131,1,76,97,2,122,46" hai1="45,88,104,118,83,87,100,125,121,108,57,106,65" hai2="124,55,113,40,68,112,32,44,56,111,54,128,67" hai3=""/><T119/><N who="0" m="31264" /><T90/><D119/><U109/><N who="1" m="31008" /><U0/><E0/><V102/><F32/><T116/><D116/><U60/><E118/><V42/><F111/><N who="1" m="42569" /><E125/><V78/><F78/><T70/><D35/><U114/><E114/><N who="2" m="44139" /><F102/><T123/><N who="0" m="31520" /><T61/><D131/><U62/><E100/><V85/><F85/><T50/><D61/><U79/><E45/><V135/><F135/><T132/><D76/><U92/><E62/><V110/><F110/><T101/><D75/><AGARI ba="2,0" hai="57,60,65,75,79,83,87,88,92,104,106" m="42569,31008" machi="75" ten="30,3900,0" yaku="14,1,52,1,54,1" doraHai="49" who="1" fromWho="0" sc="512,-43,269,43,269,0,0,0" /><INIT seed="1,0,0,4,0,118" ten="469,312,269,0" oya="1" hai0="104,96,39,78,128,75,1,125,103,80,92,97,93" hai1="35,47,76,95,46,38,60,108,34,134,87,88,109" hai2="33,124,69,89,55,132,48,66,57,0,122,79,53" hai3=""/><U2/><E2/><V40/><N who="2" m="31264" /><V90/><F0/><T32/><D1/><U64/><E134/><V56/><F33/><T101/><D39/><U116/><E116/><V123/><N who="2" m="31520" /><V45/><F132/><T114/><D32/><U44/><E38/><V100/><F124/><T110/><D125/><U81/><E34/><V42/><F79/><T85/><D114/><U52/><E35/><V70/><F100/><T68/><D68/><N who="2" m="26218" /><F90/><T83/><D110/><N who="1" m="42603" /><E64/><V135/><F89/><T105/><D128/><U74/><E60/><V63/><F135/><T50/><D50/><AGARI ba="0,0" hai="44,46,47,50,52,74,76,81,87,88,95" m="42603" machi="50" ten="30,11600,0" yaku="14,1,10,1,54,2" doraHai="118" who="1" fromWho="0" sc="469,-116,312,116,269,0,0,0" /><AGARI ba="0,0" hai="40,42,45,48,50,53,55,56,57,63,66" m="26218,31520,31264" machi="50" ten="30,16000,3" yaku="35,5,52,4" doraHai="118" who="2" fromWho="0" sc="353,-160,428,0,269,160,0,0" /><INIT seed="1,1,0,1,5,123" ten="193,428,429,0" oya="1" hai0="112,124,54,101,3,41,89,86,53,135,120,97,118" hai1="90,47,108,99,114,63,57,36,68,93,40,50,1" hai2="87,45,43,85,76,115,0,96,107,79,106,127,111" hai3=""/><U84/><E1/><V70/><F70/><T77/><N who="0" m="30752" /><T69/><D3/><U2/><E2/><V92/><F0/><T60/><D112/><U119/><E114/><V98/><F45/><T82/><D135/><U32/><E32/><V59/><F59/><T37/><D124/><U49/><E119/><V67/><F67/><T131/><D131/><U105/><E68/><V44/><F44/><T35/><D35/><U65/><E105/><V34/><F43/><T83/><D118/><U46/><E108/><V102/><F34/><T116/><D116/><U113/><E113/><V109/><F115/><T117/><D117/><U72/><E72/><V100/><F92/><T64/><D41/><U110/><E110/><V81/><F81/><T80/><D37/><U61/><E61/><V95/><F95/><T132/><D80/><U58/><E58/><V62/><F62/><T134/><D54/><U56/><E56/><V55/><F55/><T38/><D53/><U51/><E47/><V39/><F39/><T103/><D38/><U33/><E33/><V133/><F133/><N who="0" m="51306" /><D82/><U48/><E36/><V78/><F76/><T126/><D126/><AGARI ba="1,0" hai="78,79,85,87,96,98,100,102,106,107,109,111,126,127" machi="126" ten="25,12000,2" yaku="22,2,34,3,52,2" doraHai="123" who="2" fromWho="0" sc="193,-122,428,0,429,122,0,0" /><INIT seed="2,0,0,2,0,109" ten="71,428,551,0" oya="2" hai0="105,89,59,38,101,57,61,98,96,0,35,115,88" hai1="52,111,1,113,79,77,132,33,66,58,125,78,85" hai2="63,102,83,99,55,45,56,120,71,41,65,108,126" hai3=""/><V39/><N who="2" m="30752" /><V54/><F108/><T100/><D35/><U134/><E33/><V123/><N who="2" m="31520" /><V104/><F126/><T73/><D0/><U93/><E1/><V51/><F55/><T130/><D130/><U48/><E111/><V131/><F83/><T44/><D73/><U70/><E125/><V97/><F97/><T76/><D76/><U42/><E42/><V60/><REACH who="2" step="1"/><F131/><REACH who="2" ten="71,428,541,0" step="2"/><T106/><D115/><U127/><E127/><V34/><F34/><T36/><D44/><U62/><E113/><V75/><F75/><T50/><D61/><AGARI ba="0,1" hai="39,41,45,51,54,56,60,61,63,65,71,99,102,104" m="31520,30752" machi="61" ten="40,18000,2" yaku="1,1,24,2,52,2,53,1" doraHai="109" doraHaiUra="92" who="2" fromWho="0" sc="71,-180,428,0,541,190,0,0" owari="-109,-71.0,428,3.0,731,68.0,0,0.0" /></mjloggm>