<mjloggm ver="2.3"><GO type="169" lobby="0"/><UN n0="%E3%82%84%E3%81%BE%E3%81%8B%E3%81%84" n1="%40%6D%40" n2="%E7%8B%82%E7%8A%AC" n3="%E3%82%8F%E3%81%98%E2%98%86%E5%BD%A1" dan="16,16,16,16" rate="2171.54,2062.19,2119.66,2141.70" sx="M,M,M,M"/><TAIKYOKU oya="0"/><INIT seed="0,0,0,3,0,3" ten="250,250,250,250" oya="0" hai0="75,10,44,70,0,64,62,99,13,114,128,95,89" hai1="118,16,51,26,57,100,2,79,97,73,12,92,55" hai2="36,21,32,132,9,122,67,83,56,110,11,61,80" hai3="109,6,74,121,50,38,111,31,54,91,63,127,86"/><T59/><D114/><U102/><E118/><V25/><F122/><W18/><G121/><T20/><D128/><U48/><E2/><V39/><F32/><W93/><G127/><T126/><D126/><U72/><E26/><V45/><F110/><N who="3" m="41995" /><G38/><T77/><D0/><U42/><E79/><V81/><F132/><W22/><G74/><T30/><D44/><U68/><E68/><V71/><F71/><W88/><G31/><T104/><D104/><U120/><E120/><V43/><REACH who="2" step="1"/><F36/><REACH who="2" ten="250,250,240,250" step="2"/><W47/><G63/><T94/><D70/><U66/><E51/><V4/><F4/><W40/><G6/><T84/><D75/><U1/><E73/><V78/><F78/><W17/><G22/><T69/><D77/><U58/><E72/><V85/><F85/><N who="3" m="52367" /><G40/><T106/><D69/><U125/><E42/><V117/><F117/><W53/><G53/><T130/><D130/><U35/><E125/><V76/><F76/><W116/><G116/><T49/><D84/><U60/><E35/><V113/><F113/><W119/><G119/><T131/><D131/><U123/><E123/><V135/><F135/><W124/><G124/><T28/><D64/><U96/><E66/><V101/><F101/><W37/><G37/><T52/><D52/><U134/><E134/><V29/><AGARI ba="0,1" hai="9,11,21,25,29,39,43,45,56,61,67,80,81,83" machi="29" ten="30,2000,0" yaku="1,1,0,1,53,0" doraHai="3" doraHaiUra="115" who="2" fromWho="2" sc="250,-10,250,-5,240,30,250,-5" /><INIT seed="1,0,0,5,5,86" ten="240,245,270,245" oya="1" hai0="1,91,30,10,125,6,35,87,19,51,4,48,2" hai1="24,100,71,43,59,70,93,115,96,11,79,128,76" hai2="85,46,135,94,28,131,3,82,126,120,73,42,104" hai3="103,45,117,130,122,56,27,18,16,13,26,38,132"/><U75/><E115/><V34/><F46/><W57/><G122/><T32/><D125/><U31/><E128/><V63/><F63/><W90/><G130/><T22/><D30/><U23/><E11/><V81/><F42/><W33/><G132/><T58/><D58/><U21/><E43/><V101/><F28/><W77/><G117/><T69/><D69/><U129/><E129/><V108/><F34/><W40/><G77/><T97/><D97/><U83/><E76/><N who="2" m="44175" /><F3/><W36/><G103/><T99/><D99/><U89/><E100/><V65/><F65/><W39/><G18/><T68/><D68/><U5/><E5/><V119/><F131/><W8/><G90/><T127/><D127/><U107/><E107/><V47/><F47/><W37/><REACH who="3" step="1"/><G33/><REACH who="3" ten="240,245,270,235" step="2"/><T60/><D35/><U106/><E106/><V111/><F119/><W88/><G88/><T134/><D91/><U50/><REACH who="1" step="1"/><E21/><REACH who="1" ten="240,235,270,235" step="2"/><V84/><F104/><W62/><G62/><T113/><D22/><U109/><E109/><V133/><F101/><W53/><G53/><AGARI ba="0,2" hai="23,24,31,50,53,59,70,71,75,79,83,89,93,96" machi="53" ten="40,3900,0" yaku="1,1,52,1,53,0" doraHai="86" doraHaiUra="123" who="1" fromWho="3" sc="240,0,235,59,270,0,235,-39" /><INIT seed="1,1,0,5,3,115" ten="240,294,270,196" oya="1" hai0="98,39,123,67,52,124,96,47,69,41,55,77,37" hai1="20,21,24,26,116,31,85,6,107,4,105,121,7" hai2="127,83,91,10,113,18,108,114,32,43,28,13,99" hai3="14,102,94,56,110,2,30,75,134,25,33,65,86"/><U3/><E121/><V34/><F43/><W53/><G110/><T104/><D123/><U128/><E85/><V120/><F120/><W93/><G134/><T50/><D77/><U11/><E107/><V49/><F108/><W51/><G75/><T129/><D104/><U95/><E95/><V101/><F127/><W71/><G2/><T79/><D79/><U12/><E105/><V106/><F28/><W76/><G102/><T64/><D124/><U60/><E60/><V27/><F27/><W54/><G65/><N who="0" m="25163" /><D98/><U35/><E128/><V132/><F132/><W81/><G71/><T88/><D88/><U45/><E45/><V92/><F49/><W70/><G70/><T72/><D96/><U40/><E40/><V59/><F59/><W111/><G111/><T73/><D73/><U97/><E97/><N who="2" m="57503" /><F83/><W117/><G117/><T17/><D17/><N who="1" m="10279" /><E116/><V44/><F44/><W16/><REACH who="3" step="1"/><G53/><REACH who="3" ten="240,294,270,186" step="2"/><N who="0" m="20555" /><D72/><U66/><E66/><V22/><F114/><W63/><G63/><T118/><D69/><U125/><E125/><V89/><F113/><W23/><AGARI ba="1,1" hai="14,16,23,25,30,33,51,54,56,76,81,86,93,94" machi="23" ten="20,5200,0" yaku="1,1,0,1,7,1,54,1,53,0" doraHai="115" doraHaiUra="42" who="3" fromWho="3" sc="240,-14,294,-27,270,-14,186,65" /><INIT seed="2,0,0,2,2,17" ten="226,267,256,251" oya="2" hai0="128,5,98,65,13,129,44,1,80,64,3,95,79" hai1="37,120,117,32,68,124,0,121,104,48,100,62,10" hai2="55,72,15,38,67,102,22,94,97,49,26,73,50" hai3="35,36,90,107,101,93,40,31,8,85,135,71,16"/><V81/><F38/><W25/><G135/><T56/><D44/><U6/><E117/><V119/><F119/><W113/><G113/><T86/><D13/><U20/><E124/><V109/><F67/><N who="0" m="25674" /><D56/><U69/><E62/><V92/><F15/><W12/><G71/><T96/><D5/><U116/><E116/><V110/><F94/><W34/><G36/><T21/><D21/><U53/><E32/><V83/><F83/><W54/><G40/><T115/><D115/><U58/><E37/><V130/><F130/><N who="0" m="50282" /><D98/><N who="1" m="61463" /><E20/><V88/><F49/><W9/><G34/><T122/><D122/><AGARI ba="0,0" hai="0,6,10,48,53,58,68,69,120,121,122" m="61463" machi="122" ten="30,1000,0" yaku="13,1" doraHai="17" who="1" fromWho="0" sc="226,-10,267,10,256,0,251,0" /><INIT seed="3,0,0,3,0,92" ten="216,277,256,251" oya="3" hai0="63,68,73,83,3,109,17,74,72,9,79,44,27" hai1="11,118,2,94,56,115,88,58,19,95,21,75,104" hai2="93,37,1,107,36,29,108,111,49,39,65,8,47" hai3="70,114,64,38,61,55,101,99,41,116,22,128,113"/><W48/><G116/><T4/><D109/><N who="2" m="42058" /><F107/><W25/><G128/><T60/><D60/><U66/><E104/><V26/><F65/><W105/><G41/><T50/><D17/><U31/><E115/><V45/><F93/><W131/><G38/><T121/><D121/><U81/><E118/><V33/><F49/><W46/><REACH who="3" step="1"/><G131/><REACH who="3" ten="216,277,256,241" step="2"/><T127/><D127/><U77/><E66/><V98/><F39/><W90/><G90/><T23/><D68/><U59/><E88/><V43/><F37/><W28/><AGARI ba="0,1" hai="22,25,28,46,48,55,61,64,70,99,101,105,113,114" machi="28" ten="20,12000,1" yaku="1,1,0,1,7,1,52,1,53,1" doraHai="92" doraHaiUra="67" who="3" fromWho="3" sc="216,-40,277,-40,256,-40,241,130" /><INIT seed="3,1,0,4,2,25" ten="176,237,216,371" oya="3" hai0="53,45,135,52,114,22,126,2,9,95,7,47,39" hai1="85,121,31,35,115,111,11,94,113,110,86,54,49" hai2="66,119,125,105,14,62,0,8,100,130,40,71,24" hai3="48,41,74,13,20,88,83,75,101,97,73,37,46"/><W4/><G37/><T6/><D126/><U72/><E72/><V10/><F119/><W26/><G4/><T63/><D135/><U134/><E134/><V128/><F125/><W99/><G13/><T91/><D114/><U28/><E11/><V30/><F40/><W69/><G69/><T106/><D106/><U43/><E35/><V57/><F71/><W16/><REACH who="3" step="1"/><G101/><REACH who="3" ten="176,237,216,361" step="2"/><T112/><D7/><U19/><E121/><V93/><F128/><W76/><G76/><T132/><D132/><U5/><E5/><V42/><F130/><W1/><G1/><T77/><D77/><U123/><E123/><V79/><F79/><W131/><G131/><T67/><D39/><U56/><E115/><V59/><F0/><W61/><G61/><T27/><D112/><U36/><E113/><V18/><F100/><W68/><G68/><T34/><D63/><U33/><E36/><V44/><F62/><W82/><G82/><T102/><D102/><U87/><E111/><V90/><F14/><W80/><G80/><T103/><D103/><U78/><E78/><V55/><F8/><W108/><G108/><T127/><D127/><U92/><E110/><V124/><F10/><W50/><G50/><T81/><D81/><U12/><E94/><V65/><F93/><W38/><G38/><T21/><D95/><U117/><E92/><V116/><F124/><W89/><G89/><T3/><D91/><U133/><E49/><V107/><F90/><W60/><G60/><T96/><D3/><U32/><E12/><V118/><F107/><W15/><G15/><T109/><D2/><RYUUKYOKU ba="1,1" sc="176,-10,237,-10,216,-10,361,30" hai3="16,20,26,41,46,48,73,74,75,83,88,97,99" /><INIT seed="3,2,1,5,4,14" ten="166,227,206,391" oya="3" hai0="66,6,7,115,67,123,70,104,121,117,48,113,5" hai1="35,110,78,106,27,102,133,61,99,105,134,42,13" hai2="16,64,12,58,32,31,130,109,24,46,95,88,125" hai3="39,37,54,25,82,17,21,81,8,20,108,116,69"/><W68/><G116/><T63/><D117/><U65/><E110/><V96/><F109/><W75/><G108/><T56/><D104/><N who="1" m="63583" /><E42/><V33/><F130/><W26/><G8/><T114/><REACH who="0" step="1"/><D48/><REACH who="0" ten="156,227,206,391" step="2"/><U111/><E111/><V91/><F125/><W98/><G39/><T3/><D3/><U73/><E105/><V80/><F46/><W84/><G37/><T34/><D34/><U59/><E106/><V28/><F32/><W51/><G69/><T71/><D71/><U127/><E127/><V45/><F45/><W124/><G68/><T10/><D10/><U132/><E35/><V72/><F33/><W107/><G124/><T119/><D119/><U52/><E133/><V83/><F24/><W87/><G107/><T19/><D19/><U85/><E27/><V40/><F28/><W135/><G135/><T92/><D92/><U43/><E134/><V76/><F31/><W23/><G25/><T86/><D86/><U0/><E85/><V30/><F30/><W129/><G26/><T118/><D118/><U120/><E0/><V79/><F40/><W36/><G36/><T131/><D131/><U90/><E43/><V1/><F1/><W47/><G129/><T100/><D100/><U2/><E2/><V122/><F122/><W97/><G17/><T57/><D57/><N who="1" m="37039" /><E120/><V60/><F72/><W9/><G75/><T15/><D15/><U55/><E13/><V4/><F4/><W50/><G50/><T89/><D89/><U29/><E90/><V62/><F91/><N who="3" m="51599" /><G9/><T53/><D53/><N who="1" m="20555" /><E132/><V77/><F60/><AGARI ba="2,2" hai="5,6,7,56,60,63,66,67,70,113,114,115,121,123" machi="60" ten="50,3200,0" yaku="1,1,11,1,53,0" doraHai="14" doraHaiUra="49" who="0" fromWho="2" sc="156,58,227,0,206,-38,391,0" /><INIT seed="4,0,0,3,0,12" ten="214,227,168,391" oya="0" hai0="91,0,43,22,21,111,104,97,123,19,49,101,73" hai1="130,115,47,99,116,84,129,61,60,2,38,66,80" hai2="4,120,13,29,57,56,15,28,71,40,51,1,83" hai3="128,7,45,81,103,67,62,58,42,105,31,108,18"/><T20/><D123/><U92/><E2/><V90/><F120/><W86/><G108/><T64/><D111/><U30/><E116/><V93/><F71/><W53/><G128/><N who="1" m="49258" /><E30/><V70/><F70/><W121/><G121/><T76/><D0/><U118/><E118/><V107/><F107/><W106/><G7/><T9/><D64/><U59/><E61/><V55/><F1/><W27/><G103/><T54/><D43/><N who="1" m="23031" /><E115/><V35/><F35/><W39/><G67/><T135/><D135/><U23/><E23/><V133/><F133/><W44/><G44/><T16/><D9/><U8/><E8/><V124/><F124/><W113/><G113/><T68/><D68/><U24/><E24/><V5/><F83/><W125/><G125/><T52/><D54/><U132/><E132/><V33/><F40/><W112/><G112/><T10/><D10/><U126/><E126/><V14/><F57/><W122/><G122/><T109/><D109/><U94/><E99/><N who="2" m="57783" /><F33/><W98/><G98/><T96/><D96/><U50/><E50/><V117/><F117/><W85/><G85/><T63/><D63/><U95/><E80/><V88/><F88/><AGARI ba="0,0" hai="59,60,66,84,88,92,94,95" m="23031,49258" machi="88" ten="30,2000,0" yaku="19,1,54,1" doraHai="12" who="1" fromWho="2" sc="214,0,227,20,168,-20,391,0" /><INIT seed="5,0,0,2,2,84" ten="214,247,148,391" oya="1" hai0="47,130,106,101,34,44,29,95,100,86,5,121,112" hai1="64,52,91,31,22,46,66,114,56,38,14,110,1" hai2="61,53,82,2,111,96,115,127,123,99,11,75,54" hai3="85,28,70,118,49,79,18,76,98,41,63,65,25"/><U68/><E1/><V37/><F123/><W8/><G118/><T4/><D121/><U92/><E114/><V90/><F111/><W6/><G18/><T73/><D73/><U16/><E110/><V122/><F122/><W103/><G49/><T131/><D112/><U55/><E68/><V40/><F115/><W42/><G41/><T50/><D106/><U33/><E33/><V15/><F127/><W105/><G85/><T20/><D34/><U120/><E120/><V48/><F2/><W81/><G81/><T132/><D132/><U71/><E71/><V88/><F37/><W10/><G42/><T26/><D100/><U108/><E108/><V133/><F133/><W109/><G109/><T125/><D47/><U83/><E83/><V17/><F75/><W116/><G116/><T12/><D12/><U72/><E72/><V69/><F69/><W62/><G62/><T24/><D24/><N who="1" m="16791" /><E46/><N who="2" m="25671" /><F82/><W94/><G105/><T129/><D125/><U124/><E38/><V74/><F74/><W43/><G43/><N who="0" m="24863" /><D101/><U77/><E77/><V57/><F53/><N who="1" m="20553" /><E56/><V51/><F61/><W59/><G70/><T126/><D126/><U102/><E102/><V128/><F128/><W134/><G134/><T135/><D135/><U21/><E124/><V119/><F119/><W113/><G113/><T23/><D23/><U107/><E107/><V58/><F58/><W97/><G59/><T89/><AGARI ba="0,0" hai="4,5,20,26,29,86,89,95,129,130,131" m="24863" machi="89" ten="40,2700,0" yaku="19,1,52,1" doraHai="84" who="0" fromWho="0" sc="214,27,247,-13,148,-7,391,-7" /><INIT seed="6,0,0,0,5,43" ten="241,234,141,384" oya="2" hai0="48,109,17,99,37,45,24,18,63,29,85,31,130" hai1="98,84,56,51,65,95,114,105,19,125,32,113,106" hai2="72,86,46,134,126,53,94,128,88,103,77,101,40" hai3="2,124,23,35,129,108,87,93,79,104,57,22,38"/><V59/><F128/><W74/><G108/><T55/><D109/><U33/><E125/><V10/><F126/><W119/><G124/><T68/><D130/><U102/><E19/><V127/><F127/><W66/><G119/><T96/><D37/><U115/><E84/><V62/><F134/><W123/><G129/><T41/><D29/><U81/><E81/><V76/><F10/><W71/><G71/><T110/><D85/><U27/><E27/><V20/><F20/><W26/><G104/><N who="1" m="40042" /><E65/><V8/><F8/><W121/><G38/><T82/><D82/><U116/><E116/><V67/><F67/><W6/><G35/><N who="1" m="13386" /><E51/><N who="2" m="27079" /><F72/><W131/><G74/><T50/><D110/><U28/><E56/><V14/><F14/><W83/><G131/><T111/><D111/><U133/><E133/><V5/><F5/><W25/><G6/><T118/><D118/><U42/><E42/><V52/><F53/><W54/><G66/><T135/><D135/><U90/><E28/><V13/><F13/><W12/><G12/><T60/><D31/><U120/><E120/><V30/><F30/><W91/><G123/><T49/><D24/><N who="3" m="9321" /><G121/><T61/><D41/><U70/><E70/><V112/><F112/><W100/><G22/><T3/><D68/><U97/><E102/><AGARI ba="0,0" hai="52,59,62,76,77,86,88,94,101,102,103" m="27079" machi="102" ten="30,11600,0" yaku="8,1,52,1,54,2" doraHai="43" who="2" fromWho="1" sc="241,0,234,-116,141,116,384,0" /><INIT seed="6,1,0,1,5,69" ten="241,118,257,384" oya="2" hai0="72,124,22,62,92,103,32,38,42,88,58,91,133" hai1="104,20,31,17,99,47,82,117,90,108,101,19,107" hai2="56,5,34,40,78,12,44,112,126,94,110,57,52" hai3="13,114,64,24,97,61,2,60,89,51,50,33,83"/><V54/><F34/><W14/><G2/><T118/><D32/><U3/><E3/><V111/><F78/><W84/><G114/><T29/><D72/><U63/><E108/><N who="2" m="41515" /><F94/><N who="3" m="56527" /><G33/><T21/><D124/><U0/><E0/><V95/><F95/><W87/><G24/><T68/><D68/><U28/><E117/><V30/><F30/><W105/><G105/><T128/><D118/><U6/><E6/><V127/><F5/><W9/><G13/><T41/><D128/><U75/><E63/><N who="3" m="24138" /><G64/><T49/><D133/><U16/><E47/><V109/><N who="2" m="41523" /><V48/><DORA hai="86" /><F12/><W1/><G1/><T116/><D38/><U26/><E75/><V134/><F134/><W46/><G46/><N who="0" m="25807" /><D42/><U59/><E59/><N who="2" m="22603" /><F112/><W115/><G115/><T76/><D76/><U106/><REACH who="1" step="1"/><E28/><REACH who="1" ten="241,108,257,384" step="2"/><V11/><F11/><W131/><G131/><T27/><D116/><U100/><E100/><V74/><F74/><W79/><G84/><AGARI ba="1,1" hai="16,17,19,20,26,31,82,84,90,99,101,104,106,107" machi="84" ten="40,8000,1" yaku="1,1,52,1,54,1,53,1" doraHai="69,86" doraHaiUra="7,77" who="1" fromWho="3" sc="241,0,108,93,257,0,384,-83" /><INIT seed="7,0,0,1,4,65" ten="241,201,257,301" oya="3" hai0="54,7,34,22,67,79,115,127,19,42,132,31,124" hai1="0,108,125,61,52,135,102,44,133,25,40,3,66" hai2="105,15,26,57,93,47,95,60,71,107,111,92,4" hai3="11,28,74,50,116,29,86,77,53,134,87,119,100"/><W85/><G134/><T8/><D132/><N who="1" m="50763" /><E108/><V104/><F111/><W38/><G38/><T48/><D115/><U121/><E25/><V76/><F76/><W99/><G74/><T131/><D131/><U51/><E121/><V120/><F120/><W30/><G77/><T12/><D42/><U24/><E24/><V62/><F47/><W72/><G72/><T41/><D41/><U13/><E13/><V84/><F84/><W97/><G11/><T14/><D79/><U96/><E125/><N who="0" m="48201" /><D67/><U2/><E40/><V101/><F101/><W46/><REACH who="3" step="1"/><G99/><REACH who="3" ten="241,201,257,291" step="2"/><T126/><D126/><U113/><E113/><V89/><F4/><W21/><G21/><T59/><D34/><U16/><E16/><V73/><F73/><W94/><AGARI ba="0,1" hai="28,29,30,46,50,53,85,86,87,94,97,100,116,119" machi="94" ten="30,6000,0" yaku="1,1,0,1,53,1" doraHai="65" doraHaiUra="49" who="3" fromWho="3" sc="241,-20,201,-20,257,-20,291,70" owari="221,-18.0,181,-32.0,237,4.0,361,46.0" /></mjloggm>