<mjloggm ver="2.3"><GO type="225" lobby="0"/><UN n0="%E9%AE%92%E3%81%AE%E8%83%83%E8%A2%8B" n1="%E9%B3%B3%E6%9D%B1%E3%81%AE%E3%81%86%E3%81%95%E3%81%8E%E3%81%95%E3%82%93" n2="%E8%A8%88%E7%AE%97%E6%A9%9F%E8%87%AA%E7%84%B6" n3="%E7%B6%BE%E9%87%8E%E7%8F%AA%E5%AD%90" dan="17,18,17,17" rate="2190.57,2123.06,2263.43,2216.59" sx="M,F,M,F"/><TAIKYOKU oya="0"/><INIT seed="0,0,0,3,3,82" ten="250,250,250,250" oya="0" hai0="108,87,75,110,95,8,117,69,63,53,22,43,6" hai1="71,59,11,38,132,74,24,36,130,93,50,78,66" hai2="31,60,77,39,0,106,5,54,56,111,26,48,57" hai3="9,65,15,49,1,2,116,102,125,41,72,96,114"/><T44/><D117/><U52/><E74/><V133/><F39/><W80/><G114/><T19/><D75/><U40/><E78/><V92/><F106/><W12/><G116/><T61/><D69/><U68/><E11/><V7/><F111/><N who="0" m="42538" /><D53/><U76/><E76/><V13/><F0/><W100/><G65/><T34/><D34/><U121/><E93/><V107/><F107/><W27/><G72/><T99/><D19/><U112/><E24/><V105/><F54/><W101/><G41/><T67/><D22/><U28/><E28/><V4/><F31/><W118/><G118/><T88/><D99/><U122/><E112/><V10/><F10/><W129/><G96/><T46/><D67/><U14/><E68/><V113/><F113/><W135/><G9/><T21/><D21/><U64/><E64/><V25/><F4/><W17/><G17/><T29/><D29/><U90/><E71/><V73/><F5/><W47/><G27/><T131/><D131/><U115/><E130/><V30/><F25/><W18/><G18/><T23/><D23/><U134/><E115/><V79/><F26/><W86/><G129/><T16/><D16/><U103/><E66/><V62/><F30/><W32/><G32/><T126/><D126/><U123/><E52/><V84/><F7/><W37/><G125/><T55/><D55/><U85/><E121/><V58/><F73/><W3/><G3/><N who="0" m="95" /><D46/><N who="1" m="25927" /><E122/><V42/><F57/><W104/><G1/><T45/><D44/><U109/><E123/><V98/><F56/><W91/><G2/><T83/><D95/><N who="1" m="54735" /><E109/><V20/><F58/><RYUUKYOKU ba="0,0" sc="250,30,250,-10,250,-10,250,-10" hai0="43,45,61,63,83,87,88" /><INIT seed="0,1,0,1,1,84" ten="280,240,240,240" oya="0" hai0="107,50,133,72,22,18,103,21,51,63,4,56,49" hai1="0,102,112,100,44,134,33,118,135,62,66,59,26" hai2="130,95,90,113,30,42,34,117,57,68,85,86,99" hai3="106,23,115,10,88,131,78,38,52,15,96,123,87"/><T67/><D72/><U109/><E118/><V94/><F113/><W116/><G115/><T54/><D133/><N who="1" m="50699" /><E112/><V120/><F120/><W89/><G116/><T48/><D4/><U20/><E109/><V6/><F117/><W14/><G38/><T81/><D81/><U25/><E0/><V43/><F68/><W7/><G131/><T47/><REACH who="0" step="1"/><D18/><REACH who="0" ten="270,240,240,240" step="2"/><N who="1" m="12439" /><E44/><V126/><F6/><W11/><G123/><T108/><D108/><U69/><E69/><V124/><F130/><W64/><G7/><T3/><D3/><U24/><E24/><V77/><F126/><W1/><G1/><T110/><D110/><U27/><E26/><V35/><F124/><W17/><G17/><T114/><D114/><U46/><E46/><V98/><F77/><W76/><G78/><T13/><D13/><U119/><E119/><V31/><F57/><W29/><G15/><T16/><D16/><U53/><E27/><V71/><F71/><W55/><G14/><T79/><D79/><U40/><E33/><V132/><F132/><W8/><G76/><T75/><D75/><U127/><E127/><V104/><F104/><W82/><G29/><T129/><D129/><U9/><E9/><V93/><F93/><N who="3" m="56359" /><G23/><T91/><D91/><AGARI ba="1,1" hai="30,31,34,35,42,43,85,86,90,91,94,95,98,99" machi="91" ten="25,6400,0" yaku="22,2,52,2" doraHai="84" who="2" fromWho="0" sc="270,-67,240,0,240,77,240,0" /><INIT seed="1,0,0,1,1,75" ten="203,240,317,240" oya="1" hai0="37,125,58,70,112,92,102,6,87,29,122,116,85" hai1="23,91,4,128,53,3,114,93,77,16,34,135,103" hai2="22,13,100,50,32,51,31,36,30,19,9,18,27" hai3="104,24,110,84,131,98,35,66,46,11,45,43,61"/><U86/><E114/><V56/><F36/><W133/><G110/><T28/><D70/><U117/><E117/><V62/><F100/><W129/><G133/><T134/><D112/><U0/><E34/><V60/><F60/><W26/><G84/><N who="0" m="32331" /><D116/><U106/><E135/><V96/><F96/><W67/><G11/><T33/><D37/><U38/><E38/><V115/><F115/><W7/><G7/><T72/><D72/><U15/><E128/><N who="3" m="49226" /><G35/><T12/><D33/><U78/><E106/><V48/><REACH who="2" step="1"/><F32/><REACH who="2" ten="203,240,307,240" step="2"/><W73/><G98/><N who="0" m="59719" /><D134/><U121/><E103/><V39/><F39/><W95/><G104/><T81/><D125/><U99/><E99/><V113/><F113/><W1/><G61/><T21/><D122/><U14/><E121/><V126/><F126/><W83/><G95/><T42/><D81/><U25/><E93/><V17/><F17/><W90/><G83/><T63/><D6/><U79/><E4/><V109/><F109/><W108/><G108/><T55/><D42/><U40/><E40/><V74/><F74/><W94/><G43/><T105/><D105/><U111/><E111/><V65/><AGARI ba="0,1" hai="9,13,18,19,22,27,30,31,48,50,51,56,62,65" machi="65" ten="30,4000,0" yaku="1,1,0,1,8,1,53,0" doraHai="75" doraHaiUra="69" who="2" fromWho="2" sc="203,-10,240,-20,307,50,240,-10" /><INIT seed="2,0,0,4,4,107" ten="193,220,357,230" oya="2" hai0="106,16,45,101,100,2,48,53,55,71,61,31,40" hai1="57,115,113,110,49,131,35,62,11,36,76,127,46" hai2="24,32,12,77,63,81,8,126,119,23,83,95,7" hai3="108,13,51,134,18,74,41,122,87,117,47,21,78"/><V124/><F119/><W99/><G117/><T104/><D2/><U19/><E35/><V85/><F32/><W50/><G122/><T9/><D31/><U25/><E76/><V89/><F63/><W98/><G108/><T4/><D4/><U22/><E36/><V59/><F59/><W26/><G134/><T129/><D129/><U14/><E131/><V64/><F64/><W0/><G0/><T92/><D71/><U6/><E127/><N who="2" m="48683" /><F77/><W79/><G74/><T135/><D135/><U133/><E110/><V93/><F95/><W102/><G51/><T42/><D106/><U72/><E72/><V37/><F37/><W54/><G54/><T123/><D104/><U5/><E133/><V86/><F86/><W94/><G99/><N who="0" m="59495" /><D123/><U1/><E1/><V90/><F90/><W69/><G69/><T118/><D118/><U27/><E113/><V114/><F114/><W56/><G56/><N who="0" m="34975" /><D101/><U121/><E115/><V84/><F84/><W15/><G79/><T66/><D66/><U34/><E121/><V103/><F103/><W28/><G28/><AGARI ba="0,0" hai="7,8,12,23,24,28,81,83,85,89,93" m="48683" machi="28" ten="30,1500,0" yaku="18,1" doraHai="107" who="2" fromWho="3" sc="193,0,220,0,357,15,230,-15" /><INIT seed="2,1,0,2,2,8" ten="193,220,372,215" oya="2" hai0="62,60,48,5,71,134,13,9,24,127,123,27,92" hai1="122,11,111,49,73,20,66,68,65,34,72,19,1" hai2="81,80,100,79,105,84,88,10,116,25,45,99,39" hai3="22,97,115,91,113,119,87,108,36,44,85,124,101"/><V107/><F116/><W83/><G119/><T78/><D123/><U63/><E34/><V57/><F57/><W89/><G22/><T110/><D127/><U52/><E122/><V128/><F128/><W96/><G124/><T26/><D71/><U42/><E66/><V53/><F25/><W46/><G36/><T130/><D110/><U32/><E32/><V129/><F129/><W29/><G29/><T120/><D130/><U75/><E42/><V37/><F107/><N who="3" m="63911" /><G108/><T117/><D117/><U69/><E69/><V47/><F10/><W7/><G7/><T18/><D120/><U109/><E11/><V70/><F70/><W102/><G46/><T126/><D126/><U55/><E55/><V98/><F45/><W3/><G44/><T74/><D134/><U16/><E19/><V38/><F53/><W43/><G43/><T61/><D48/><U90/><E90/><N who="3" m="34314" /><G3/><T30/><D92/><U51/><E1/><V67/><F67/><W54/><G54/><T33/><REACH who="0" step="1"/><D5/><REACH who="0" ten="183,220,372,215" step="2"/><U76/><E49/><V82/><F37/><W21/><G21/><T0/><D0/><U125/><E125/><V12/><F38/><W35/><G35/><T86/><D86/><N who="3" m="32777" /><G83/><AGARI ba="1,1" hai="9,13,18,24,26,27,30,33,60,61,62,74,78,83" machi="83" ten="40,2600,0" yaku="1,1,52,1,53,0" doraHai="8" doraHaiUra="64" who="0" fromWho="3" sc="183,39,220,0,372,0,215,-29" /><INIT seed="3,0,0,2,0,10" ten="222,220,372,186" oya="3" hai0="119,75,24,14,135,27,21,64,125,54,104,49,20" hai1="98,124,67,43,18,62,51,11,115,94,69,1,118" hai2="89,81,97,128,129,130,101,71,121,3,42,9,114" hai3="83,111,68,65,85,44,117,22,105,113,40,19,77"/><W95/><G105/><T61/><D119/><U107/><E115/><V116/><F116/><W73/><G113/><T134/><D75/><U15/><E118/><V53/><F114/><W86/><G117/><T36/><D36/><U45/><E124/><V8/><F121/><W79/><G111/><T78/><D104/><U133/><E133/><N who="0" m="50697" /><D78/><U90/><E107/><N who="2" m="63919" /><F71/><W74/><G65/><T7/><D125/><U70/><E1/><V33/><F33/><W26/><G68/><AGARI ba="0,0" hai="11,15,18,43,45,51,62,67,68,69,70,90,94,98" machi="68" ten="30,2000,0" yaku="7,1,52,1" doraHai="10" who="1" fromWho="3" sc="222,0,220,20,372,0,186,-20" owari="222,-18.0,240,4.0,372,47.0,166,-33.0" /></mjloggm>