<mjloggm ver="2.3"><GO type="225" lobby="0"/><UN n0="%E5%A4%A7%E5%AE%AE%E5%BF%8D%76" n1="%59%4F%55%E5%BE%80%4D%59%E9%80%B2%21" n2="%E8%A8%88%E7%AE%97%E6%A9%9F%E8%87%AA%E7%84%B6" n3="%E7%B6%BE%E9%87%8E%E7%8F%AA%E5%AD%90" dan="17,16,17,17" rate="2205.53,2099.17,2257.74,2214.69" sx="M,M,M,F"/><TAIKYOKU oya="0"/><INIT seed="0,0,0,3,2,25" ten="250,250,250,250" oya="0" hai0="6,103,111,24,76,61,81,100,73,29,121,69,88" hai1="31,87,126,52,60,2,30,3,95,92,124,45,51" hai2="26,109,38,98,66,37,123,112,97,94,15,122,67" hai3="64,12,11,108,62,68,63,85,93,134,40,116,133"/><T90/><D121/><U27/><E60/><V99/><F112/><W4/><G116/><T114/><D114/><U44/><E87/><V53/><F109/><W20/><G40/><T35/><D6/><U75/><E75/><V65/><F94/><N who="1" m="35881" /><E44/><V57/><F15/><W46/><G108/><T96/><D103/><U34/><E30/><V84/><F84/><W56/><G46/><T83/><D83/><U102/><E102/><V77/><F77/><W33/><G33/><T19/><D19/><U10/><E10/><V50/><REACH who="2" step="1"/><F26/><REACH who="2" ten="250,250,240,250" step="2"/><W117/><G117/><T1/><D111/><U78/><E78/><V101/><F101/><W125/><G85/><T82/><D82/><U47/><E2/><V89/><F89/><W118/><G93/><T22/><D1/><U39/><E3/><V70/><F70/><W43/><G118/><T58/><D69/><U115/><E115/><V110/><F110/><W18/><G125/><T127/><D127/><U5/><E124/><V74/><F74/><W17/><G134/><T107/><D22/><U48/><E126/><V86/><F86/><W14/><G133/><T49/><REACH who="0" step="1"/><D49/><REACH who="0" ten="240,250,240,250" step="2"/><U36/><E51/><V105/><F105/><W21/><G68/><T41/><D41/><N who="1" m="22719" /><E36/><AGARI ba="0,2" hai="36,37,38,50,53,57,65,66,67,97,98,99,122,123" machi="36" ten="50,6400,0" yaku="1,1,53,2" doraHai="25" doraHaiUra="119" who="2" fromWho="1" sc="240,0,250,-64,240,84,250,0" /><INIT seed="1,0,0,0,5,37" ten="240,186,324,250" oya="1" hai0="35,107,90,34,68,113,26,45,77,112,38,48,25" hai1="111,62,99,47,126,69,28,55,86,27,131,20,119" hai2="4,67,63,114,16,120,118,66,70,84,30,31,9" hai3="53,33,12,11,56,133,95,36,128,79,54,132,76"/><U91/><E119/><V5/><F118/><W60/><G33/><T103/><D77/><N who="3" m="29769" /><G36/><T100/><D38/><U49/><E131/><V108/><F120/><W57/><G95/><T2/><D2/><U127/><E111/><V7/><F108/><W115/><G115/><T130/><D68/><U10/><E99/><V46/><F114/><W124/><G124/><T97/><D130/><U17/><E69/><V98/><F67/><N who="3" m="39303" /><G57/><T19/><D103/><U43/><E62/><V39/><F84/><W83/><G83/><T75/><D75/><U89/><E55/><V92/><F39/><W123/><G123/><T109/><D109/><U0/><E91/><V110/><F46/><W22/><G22/><T51/><D51/><U3/><E10/><V61/><F61/><W80/><G80/><T88/><D112/><U65/><E65/><V102/><F110/><W40/><G40/><T14/><D113/><U81/><REACH who="1" step="1"/><E28/><REACH who="1" ten="240,176,324,250" step="2"/><V58/><F70/><W42/><G128/><T106/><D90/><U73/><E73/><V122/><F122/><W18/><G42/><T87/><D88/><U74/><E74/><V71/><F71/><W23/><G11/><N who="0" m="6623" /><D87/><U105/><E105/><V15/><AGARI ba="0,1" hai="4,5,7,9,15,16,30,31,58,63,66,92,98,102" machi="15" ten="30,4000,0" yaku="0,1,8,1,54,1" doraHai="37" who="2" fromWho="2" sc="240,-10,176,-20,324,50,250,-10" /><INIT seed="2,0,0,1,0,49" ten="230,156,374,240" oya="2" hai0="50,68,73,103,132,86,0,7,80,77,62,32,58" hai1="44,123,52,31,129,90,66,19,102,91,34,1,47" hai2="122,51,118,127,25,15,23,126,65,96,107,22,128" hai3="12,69,83,110,43,81,125,21,72,6,112,74,93"/><V100/><F118/><W109/><G69/><T115/><D115/><U35/><E1/><V41/><F122/><W84/><G43/><T56/><D32/><U70/><E123/><V5/><F128/><W30/><G112/><T134/><D103/><U67/><E102/><V60/><F41/><W11/><G125/><N who="2" m="47625" /><F51/><W106/><G106/><T116/><D116/><U121/><E121/><V78/><F78/><N who="3" m="46199" /><G93/><T46/><D73/><U111/><E129/><V40/><F40/><W63/><G63/><T27/><D27/><U82/><E111/><N who="3" m="42506" /><G81/><T4/><D68/><U131/><E131/><V45/><F60/><W95/><G95/><T113/><D113/><U108/><E108/><V85/><F85/><W75/><G21/><T10/><D7/><U20/><E31/><AGARI ba="0,0" hai="6,11,12,30,31,72,74,75" m="42506,46199" machi="31" ten="40,1300,0" yaku="14,1" doraHai="49" who="3" fromWho="1" sc="230,0,156,-13,374,0,240,13" /><INIT seed="3,0,0,2,4,111" ten="230,143,374,253" oya="3" hai0="10,7,116,51,36,46,134,90,1,83,4,108,14" hai1="122,43,2,47,74,115,125,132,15,6,39,62,94" hai2="63,55,96,84,35,65,80,67,64,5,31,133,16" hai3="27,33,114,19,12,3,130,52,21,123,56,118,121"/><W82/><G82/><T58/><D116/><U30/><E122/><V86/><F133/><W93/><G118/><T66/><D108/><U0/><E132/><V69/><F5/><W50/><G130/><T9/><D134/><U129/><E129/><V59/><F35/><W95/><G3/><T100/><D100/><U135/><E135/><V92/><F31/><W79/><G79/><T13/><D1/><U99/><E125/><V106/><F106/><W101/><G114/><T72/><D36/><U119/><E119/><V120/><F120/><W81/><G81/><T28/><D28/><U61/><E74/><V89/><F16/><W78/><G78/><T77/><D90/><U41/><E41/><V131/><F131/><W37/><G37/><T26/><D26/><U68/><E30/><V70/><REACH who="2" step="1"/><F84/><REACH who="2" ten="230,143,364,253" step="2"/><W91/><G33/><T22/><D22/><U8/><E115/><V110/><F110/><W103/><G27/><T23/><D23/><U18/><E68/><V87/><F87/><N who="3" m="52479" /><G103/><AGARI ba="0,1" hai="55,59,63,64,65,67,69,70,80,86,89,92,96,103" machi="103" ten="40,1300,0" yaku="1,1,53,0" doraHai="111" doraHaiUra="40" who="2" fromWho="3" sc="230,0,143,0,364,23,253,-13" owari="230,-17.0,143,-36.0,387,49.0,240,4.0" /></mjloggm>