<mjloggm ver="2.3"><GO type="169" lobby="0"/><UN n0="%E3%82%A2%E3%83%BC%E3%82%AF%EF%BC%AB" n1="%E6%84%9B%E5%86%85%E9%87%8C%E8%8F%9C" n2="%E5%B0%8F%E6%B1%A0%E7%BE%8E%E6%B3%A2%E2%8A%BF" n3="%E3%81%AD%E3%81%87" dan="17,18,16,17" rate="2231.59,2164.56,2094.09,2187.03" sx="M,F,F,M"/><TAIKYOKU oya="0"/><INIT seed="0,0,0,3,1,26" ten="250,250,250,250" oya="0" hai0="123,2,101,89,109,125,55,120,107,115,61,48,38" hai1="73,81,74,18,69,68,63,20,70,42,25,16,132" hai2="36,39,72,105,84,111,94,56,122,121,113,104,15" hai3="3,51,35,108,86,75,44,110,13,27,9,37,34"/><T24/><D2/><U128/><E128/><V114/><F56/><W33/><G75/><T87/><D38/><U6/><E132/><V59/><F59/><W53/><G37/><T14/><D115/><U43/><E6/><V130/><F15/><W99/><G3/><T124/><D61/><U117/><E117/><V79/><F130/><W77/><G99/><N who="0" m="61887" /><D14/><U54/><E54/><V19/><F19/><W76/><G27/><T22/><D48/><U83/><E63/><V49/><F49/><W103/><G103/><T106/><D55/><U7/><E7/><V28/><F72/><N who="1" m="27753" /><E20/><V47/><F79/><W23/><G23/><T134/><D106/><U116/><E25/><V93/><F47/><W46/><G46/><T52/><D52/><U98/><E98/><V60/><F60/><W1/><G1/><T8/><D8/><U45/><E45/><V67/><F67/><W88/><G13/><T40/><D40/><N who="1" m="15403" /><E116/><V82/><F39/><W65/><G9/><T71/><D134/><U127/><E127/><N who="0" m="48713" /><D22/><U64/><E64/><V91/><F114/><W12/><G12/><T0/><D24/><U10/><E10/><V58/><F113/><W62/><G62/><T131/><D0/><U133/><E133/><V97/><F58/><W118/><G65/><T78/><D131/><U32/><E32/><V31/><F36/><W5/><G5/><T100/><D78/><N who="3" m="30313" /><G118/><T95/><D100/><U102/><E102/><V50/><F50/><W85/><G35/><T66/><D66/><U96/><E18/><V129/><F105/><W90/><G34/><T92/><D92/><RYUUKYOKU ba="0,0" sc="250,0,250,0,250,0,250,0" /><INIT seed="1,1,0,2,5,121" ten="250,250,250,250" oya="1" hai0="122,82,93,75,18,22,135,45,15,61,23,7,3" hai1="29,104,100,99,68,58,131,84,33,98,36,96,70" hai2="44,24,103,66,60,127,42,86,133,74,50,9,108" hai3="90,77,105,43,91,83,65,48,120,64,16,125,92"/><U28/><E36/><V134/><F74/><W55/><G120/><T69/><D122/><U111/><E58/><V101/><F127/><W119/><G105/><T26/><D135/><U49/><E84/><V80/><F9/><W130/><G130/><T10/><D45/><U53/><E53/><V12/><F12/><W76/><G125/><T118/><D118/><U107/><E49/><V32/><F32/><W27/><G43/><T39/><D39/><U11/><E11/><V116/><F24/><W35/><G119/><T88/><D75/><U72/><E33/><V73/><F73/><W87/><G35/><T37/><D37/><U51/><E51/><V106/><F106/><N who="1" m="40489" /><E72/><V8/><F8/><W67/><G77/><T132/><D82/><U109/><E100/><V117/><F101/><W95/><G90/><T19/><D132/><U40/><E40/><V20/><F103/><W123/><G123/><T126/><D126/><U46/><E46/><V25/><F117/><W79/><G79/><T47/><D47/><U112/><E112/><V2/><F116/><W113/><G113/><T63/><REACH who="0" step="1"/><D69/><REACH who="0" ten="240,250,250,250" step="2"/><N who="1" m="26731" /><E131/><V6/><F44/><N who="3" m="28039" /><G76/><T102/><D102/><U71/><E71/><V81/><F134/><W114/><G114/><T54/><D54/><U115/><E115/><V34/><F81/><W78/><G78/><T110/><D110/><AGARI ba="1,1" hai="28,29,96,98,99,109,110,111" m="26731,40489" machi="110" ten="40,18000,2" yaku="28,2,14,1,10,1,52,3" doraHai="121" who="1" fromWho="0" sc="240,-183,250,193,250,0,250,0" /><INIT seed="1,2,0,5,5,52" ten="57,443,250,250" oya="1" hai0="128,78,107,120,117,19,38,86,7,62,119,111,95" hai1="96,129,124,131,126,92,47,2,37,103,100,93,88" hai2="30,0,33,110,29,114,82,22,90,5,43,3,8" hai3="106,75,80,127,6,133,97,26,58,113,57,13,89"/><U36/><E2/><N who="2" m="55" /><F43/><W84/><G113/><T21/><D107/><U66/><E66/><V85/><F114/><W28/><G127/><N who="1" m="48682" /><E47/><V56/><F56/><N who="3" m="21611" /><G75/><T99/><D38/><N who="1" m="14955" /><E100/><V44/><F90/><N who="3" m="51463" /><G106/><T130/><D7/><U34/><E34/><V81/><F85/><AGARI ba="2,0" hai="85,88,92,93,96,103,129,131" m="14955,48682" machi="85" ten="30,2900,0" yaku="18,1,54,1" doraHai="52" who="1" fromWho="2" sc="57,0,443,35,250,-35,250,0" /><INIT seed="1,3,0,2,0,52" ten="57,478,215,250" oya="1" hai0="106,67,93,42,37,22,112,125,46,38,1,49,20" hai1="135,75,73,71,94,90,47,14,41,51,30,70,109" hai2="35,113,32,36,98,101,29,0,2,85,120,55,16" hai3="129,57,127,91,107,128,43,115,27,118,64,103,62"/><U17/><E135/><V87/><F120/><W68/><G115/><T53/><D106/><U74/><E30/><V3/><F36/><W18/><G118/><T122/><D1/><U104/><E104/><V48/><F113/><W39/><G91/><T11/><D122/><U59/><E109/><V72/><F72/><W88/><G127/><T80/><D125/><U132/><E132/><V66/><F66/><W61/><G43/><T116/><D112/><U9/><REACH who="1" step="1"/><E59/><REACH who="1" ten="57,468,215,250" step="2"/><V108/><F29/><W25/><G107/><T81/><D116/><U123/><E123/><V86/><F108/><W134/><G57/><T15/><D67/><U50/><E50/><V65/><F48/><W6/><G64/><T23/><D38/><U82/><E82/><V7/><F35/><W124/><G39/><T58/><REACH who="0" step="1"/><D93/><REACH who="0" ten="47,468,215,250" step="2"/><U133/><E133/><V5/><F65/><W117/><G134/><T34/><D34/><U4/><E4/><AGARI ba="3,2" hai="4,11,15,20,22,23,37,42,46,49,53,58,80,81" machi="4" ten="40,2600,0" yaku="1,1,52,1,53,0" doraHai="52" doraHaiUra="99" who="0" fromWho="1" sc="47,55,468,-35,215,0,250,0" /><INIT seed="2,0,0,4,1,112" ten="102,433,215,250" oya="2" hai0="71,86,51,1,41,79,7,78,40,12,22,95,118" hai1="128,77,87,26,88,6,105,124,5,113,114,66,84" hai2="15,27,119,33,50,45,56,104,39,25,44,97,38" hai3="58,10,11,31,47,92,37,14,85,18,134,36,129"/><V60/><F119/><W21/><G134/><T130/><D71/><U68/><E26/><V94/><F104/><W120/><G120/><T23/><D1/><U57/><E57/><V116/><F116/><W121/><G121/><T103/><D118/><U73/><E66/><V133/><F133/><W13/><G129/><T101/><D130/><U17/><E17/><V54/><F15/><W63/><G47/><T49/><D86/><U0/><E68/><V19/><F45/><W34/><G34/><T46/><D46/><U24/><E24/><V43/><F27/><W81/><G92/><T29/><D95/><U4/><E73/><V35/><F35/><W93/><G93/><T74/><D74/><U30/><E0/><V96/><F96/><W75/><G75/><T82/><D12/><U107/><E128/><V125/><F125/><W3/><G3/><T59/><D59/><U64/><E6/><V52/><F54/><W89/><G31/><T102/><D7/><U65/><E30/><V127/><F127/><W80/><G80/><T28/><D103/><U48/><E124/><V90/><F33/><W106/><G106/><T72/><REACH who="0" step="1"/><D72/><REACH who="0" ten="92,433,215,250" step="2"/><U98/><E107/><V32/><REACH who="2" step="1"/><F32/><REACH who="2" ten="92,433,205,250" step="2"/><W62/><G14/><T100/><D100/><N who="1" m="62615" /><E114/><V108/><F108/><W91/><G13/><T117/><D117/><U76/><E113/><V2/><F2/><W67/><G11/><T122/><D122/><U132/><E4/><V135/><F135/><W53/><G10/><T110/><D110/><U20/><E132/><V16/><F16/><W55/><G18/><T109/><D109/><RYUUKYOKU ba="0,2" sc="92,15,433,-15,205,15,250,-15" hai0="22,23,28,29,40,41,49,51,78,79,82,101,102" hai2="19,25,38,39,43,44,50,52,56,60,90,94,97" /><INIT seed="2,1,2,0,4,33" ten="107,418,220,235" oya="2" hai0="103,51,134,11,5,109,15,62,1,64,132,27,108" hai1="118,58,98,106,81,75,68,72,57,99,128,35,71" hai2="93,92,2,113,84,20,127,52,42,110,19,36,117" hai3="78,46,86,73,25,6,47,29,60,105,88,123,39"/><V3/><F113/><W76/><G123/><T66/><D103/><U97/><E35/><V80/><F117/><W9/><G105/><T40/><D27/><U55/><E55/><V16/><F36/><W112/><G112/><T31/><D31/><U102/><E81/><V56/><F42/><W135/><G135/><N who="0" m="51755" /><D15/><U83/><E83/><V21/><F80/><W94/><G60/><T34/><D34/><U50/><E50/><V26/><F127/><W0/><G73/><T41/><D64/><U120/><E102/><V37/><F37/><W130/><G130/><T85/><D85/><U59/><E128/><V10/><F10/><W24/><G24/><T7/><D7/><U95/><E95/><V133/><F133/><W38/><G38/><T126/><D126/><U53/><E106/><V115/><F115/><W79/><REACH who="3" step="1"/><G39/><REACH who="3" ten="107,418,220,225" step="2"/><T32/><D32/><AGARI ba="1,3" hai="0,6,9,25,29,32,46,47,76,78,79,86,88,94" machi="32" ten="40,8000,1" yaku="1,1,2,1,52,1,54,1,53,0" doraHai="33" doraHaiUra="124" who="3" fromWho="0" sc="107,-83,418,0,220,0,225,113" /><INIT seed="3,0,0,4,4,23" ten="24,418,220,338" oya="3" hai0="68,73,131,65,113,62,36,17,57,59,42,127,88" hai1="94,103,63,72,125,101,89,35,55,85,107,102,69" hai2="83,110,6,106,129,96,19,82,30,54,28,71,78" hai3="41,135,37,44,29,31,11,81,91,39,70,93,128"/><W53/><G70/><T45/><D73/><U117/><E35/><V75/><F54/><W111/><G135/><T133/><D133/><U134/><E134/><V52/><F110/><W2/><G39/><T56/><D17/><U108/><E55/><V12/><F6/><W120/><G120/><T51/><D88/><N who="1" m="53519" /><E63/><V112/><F112/><W87/><G128/><T25/><D25/><U90/><E69/><V119/><F119/><W60/><G111/><T49/><D113/><U15/><E15/><V100/><F83/><W13/><G2/><T14/><D14/><U21/><E21/><V116/><F71/><W67/><G67/><T99/><D99/><N who="1" m="61887" /><E108/><V105/><F116/><W123/><G123/><T38/><D131/><U32/><E32/><V124/><F106/><W46/><G93/><T9/><D9/><U48/><E48/><N who="0" m="18505" /><D127/><U20/><E20/><V114/><F124/><W64/><G64/><T26/><D26/><U5/><E5/><V86/><F129/><W76/><G76/><T16/><D16/><U33/><E33/><V61/><F114/><W84/><G84/><T1/><D1/><U79/><E125/><V10/><F75/><W22/><G22/><T126/><D126/><U92/><E117/><V58/><AGARI ba="0,0" hai="10,12,19,28,30,52,58,61,78,82,86,96,100,105" machi="58" ten="30,2000,0" yaku="0,1,54,1" doraHai="23" who="2" fromWho="2" sc="24,-5,418,-5,220,20,338,-10" /><INIT seed="4,0,0,1,4,53" ten="19,413,240,328" oya="0" hai0="123,118,111,134,92,128,14,13,57,108,24,5,66" hai1="103,7,133,67,107,9,90,71,109,69,88,135,15" hai2="91,41,34,29,78,30,110,85,132,51,63,68,102" hai3="40,50,79,38,62,8,45,16,23,87,4,125,74"/><T72/><D72/><U81/><E109/><N who="0" m="42057" /><D123/><U119/><E119/><V82/><F110/><W115/><G125/><T104/><D118/><U44/><E44/><V112/><F112/><W98/><G115/><T54/><D104/><U64/><E103/><V17/><F132/><N who="1" m="50761" /><E107/><V122/><F34/><W27/><G98/><T37/><D134/><U99/><E81/><V22/><F102/><W83/><G62/><N who="0" m="38223" /><D37/><U95/><E90/><V70/><F70/><AGARI ba="0,0" hai="7,9,15,64,67,69,70,71,88,95,99" m="50761" machi="70" ten="30,2000,0" yaku="20,1,54,1" doraHai="53" who="1" fromWho="2" sc="19,0,413,20,240,-20,328,0" /><INIT seed="5,0,0,0,5,126" ten="19,433,220,328" oya="1" hai0="43,135,97,84,88,94,90,91,0,31,14,63,37" hai1="98,130,92,45,48,131,42,68,74,76,99,64,93" hai2="33,57,23,61,124,54,82,75,32,27,132,111,18" hai3="101,50,67,73,47,41,79,115,9,60,103,44,26"/><U123/><E123/><V49/><F111/><W36/><G115/><T116/><D0/><U100/><E74/><V34/><F124/><W69/><G26/><T29/><D116/><U133/><E76/><V95/><F132/><W112/><G112/><T17/><D135/><U119/><E133/><V114/><F114/><W65/><G65/><T46/><D63/><U38/><E119/><V13/><F75/><W85/><G73/><T10/><REACH who="0" step="1"/><D90/><REACH who="0" ten="9,433,220,328" step="2"/><N who="1" m="55575" /><E68/><V16/><F61/><W96/><G60/><T78/><D78/><U55/><E64/><V2/><F2/><W15/><G67/><T129/><D129/><N who="1" m="49163" /><E38/><V8/><F82/><AGARI ba="0,1" hai="10,14,17,29,31,37,43,46,82,84,88,91,94,97" machi="82" ten="30,7700,0" yaku="1,1,7,1,54,1,53,1" doraHai="126" doraHaiUra="71" who="0" fromWho="2" sc="9,87,433,0,220,-77,328,0" /><INIT seed="6,0,0,3,3,128" ten="96,433,143,328" oya="2" hai0="32,107,65,29,24,119,3,109,37,46,118,91,101" hai1="54,76,120,103,104,17,40,116,0,123,42,43,7" hai2="55,66,71,5,60,56,73,18,26,35,108,87,105" hai3="135,28,64,86,33,13,61,22,90,75,106,30,81"/><V124/><F73/><W111/><G111/><T79/><D109/><U115/><E115/><V68/><F108/><W49/><G106/><T132/><D79/><U58/><E116/><V23/><F105/><W51/><G33/><T21/><D3/><U78/><E17/><V110/><F110/><W34/><G34/><T72/><D72/><U50/><E7/><V4/><F124/><W47/><G75/><T25/><D91/><U70/><E70/><V38/><F35/><W126/><G126/><T133/><D65/><U93/><E0/><V52/><F71/><W63/><G135/><N who="0" m="51787" /><D101/><U1/><E1/><V98/><F98/><W19/><G61/><T117/><D107/><U59/><E93/><V57/><F38/><W77/><G77/><T89/><D89/><U102/><E78/><V122/><F122/><N who="1" m="46633" /><E76/><V88/><F68/><W83/><G83/><T84/><D84/><U125/><E125/><V62/><F66/><W9/><G22/><T8/><D8/><U134/><E134/><V129/><F129/><W53/><REACH who="3" step="1"/><G51/><REACH who="3" ten="96,433,143,318" step="2"/><T100/><D100/><N who="1" m="38443" /><E104/><V12/><F26/><W92/><G92/><AGARI ba="0,1" hai="4,5,12,18,23,52,55,56,57,60,62,87,88,92" machi="92" ten="30,12000,1" yaku="7,1,9,1,8,1,54,2" doraHai="128" who="2" fromWho="3" sc="96,0,433,0,143,130,318,-120" /><INIT seed="6,1,0,2,2,0" ten="96,433,273,198" oya="2" hai0="108,57,51,53,59,18,68,47,64,128,98,37,34" hai1="44,65,81,84,121,80,2,76,43,118,96,9,91" hai2="29,24,123,67,93,134,40,7,124,99,78,26,72" hai3="38,131,102,33,6,77,14,12,114,35,73,122,120"/><V3/><F123/><W5/><G38/><T15/><D34/><N who="3" m="12809" /><G102/><T106/><D108/><U83/><E118/><V60/><F40/><W111/><G77/><T20/><D128/><U61/><E121/><N who="3" m="46698" /><G73/><T63/><D106/><U89/><E89/><V86/><F72/><W132/><G111/><T42/><REACH who="0" step="1"/><D98/><REACH who="0" ten="86,433,273,198" step="2"/><U133/><E96/><V36/><F99/><W135/><G131/><T17/><D17/><U41/><E76/><V48/><F78/><W94/><G94/><T22/><D22/><U127/><E80/><V58/><F93/><W119/><G119/><T97/><D97/><U129/><E81/><V31/><F31/><W104/><G104/><T16/><D16/><U39/><E129/><V110/><F29/><W112/><G135/><T30/><D30/><U113/><E133/><V55/><F110/><W10/><G132/><T1/><D1/><U23/><E2/><V8/><F3/><W107/><G107/><T82/><D82/><U56/><E83/><V115/><F134/><W101/><G101/><T13/><D13/><N who="3" m="5225" /><G10/><T21/><D21/><U54/><E23/><V62/><F8/><W126/><G126/><T74/><D74/><U79/><E127/><V87/><F124/><W88/><G88/><T52/><D52/><U19/><E79/><V90/><F55/><W50/><G50/><T85/><D85/><U100/><E54/><V103/><F86/><W125/><G125/><T130/><D130/><U105/><E84/><V109/><F87/><W11/><G11/><T49/><D49/><N who="1" m="26767" /><E9/><V4/><F48/><W70/><G70/><AGARI ba="1,1" hai="15,18,20,37,42,47,51,53,57,59,63,64,68,70" machi="70" ten="40,1300,0" yaku="1,1,53,0" doraHai="0" doraHaiUra="75" who="0" fromWho="3" sc="86,26,433,0,273,0,198,-16" /><INIT seed="7,0,0,1,3,51" ten="112,433,273,182" oya="3" hai0="120,73,62,8,4,48,56,92,57,119,28,54,59" hai1="52,69,23,85,38,18,95,24,71,132,89,110,37" hai2="27,32,49,17,75,122,40,50,67,77,84,6,44" hai3="103,134,123,93,106,87,108,16,99,14,26,133,53"/><W61/><G123/><T81/><D119/><U79/><E110/><V55/><F75/><W15/><G108/><T74/><D120/><U31/><E132/><N who="3" m="50794" /><G87/><T11/><D28/><U65/><E79/><V3/><F122/><W25/><G106/><T33/><D33/><U130/><E38/><V22/><F32/><W98/><G98/><T82/><D74/><U135/><E37/><V104/><F104/><W97/><G97/><T5/><D73/><U128/><E65/><V96/><F67/><W86/><G86/><T105/><D105/><U12/><E52/><V19/><F3/><W90/><G103/><T116/><D116/><U102/><E102/><V126/><F126/><W114/><G114/><T94/><D59/><U88/><E89/><V21/><F6/><W76/><G76/><T100/><D100/><U13/><E13/><N who="3" m="4618" /><G16/><N who="2" m="6217" /><F96/><W36/><G36/><T41/><D41/><U83/><E135/><V35/><F35/><W101/><G101/><T9/><D5/><U131/><REACH who="1" step="1"/><E83/><REACH who="1" ten="112,423,273,182" step="2"/><N who="2" m="47215" /><F27/><W47/><G47/><AGARI ba="0,1" hai="21,22,40,44,47,49,50,55" m="47215,6217" machi="47" ten="30,3900,0" yaku="8,1,52,1,54,1" doraHai="51" who="2" fromWho="3" sc="112,0,423,0,273,49,182,-39" owari="112,-39.0,423,53.0,322,12.0,143,-26.0" /></mjloggm>