<mjloggm ver="2.3"><GO type="225" lobby="0"/><UN n0="%E9%B3%B3%E6%9D%B1%E3%81%AE%E3%81%86%E3%81%95%E3%81%8E%E3%81%95%E3%82%93" n1="%59%4F%55%E5%BE%80%4D%59%E9%80%B2%21" n2="%E8%A8%88%E7%AE%97%E6%A9%9F%E8%87%AA%E7%84%B6" n3="%E5%A4%A7%E5%AE%AE%E5%BF%8D%76" dan="18,16,17,17" rate="2120.80,2100.81,2252.14,2211.73" sx="F,M,M,M"/><TAIKYOKU oya="0"/><INIT seed="0,0,0,2,3,129" ten="250,250,250,250" oya="0" hai0="134,12,126,17,1,41,117,127,121,104,96,10,82" hai1="97,18,128,79,30,74,75,38,19,101,39,80,86" hai2="5,65,47,116,87,54,67,32,28,76,42,115,33" hai3="46,14,56,135,91,111,123,37,103,132,102,22,15"/><T120/><D41/><U35/><E128/><V60/><F115/><W130/><G130/><T6/><D82/><U70/><E70/><V107/><F107/><W44/><G111/><T113/><D104/><U112/><E112/><V95/><F5/><W68/><G68/><T81/><D96/><U0/><E0/><V71/><F65/><W92/><G123/><N who="0" m="47179" /><D81/><U53/><E30/><V118/><F54/><W4/><G56/><T16/><D113/><U105/><E35/><V25/><F32/><W24/><G102/><T106/><D106/><U43/><E53/><V21/><F33/><W52/><G103/><T84/><D84/><U131/><E131/><V94/><F76/><W64/><G64/><T57/><D57/><U114/><E114/><V3/><F3/><W11/><G15/><T133/><D117/><N who="2" m="45162" /><F87/><W49/><G37/><AGARI ba="0,0" hai="21,25,28,37,42,47,60,67,71,94,95" m="45162" machi="37" ten="30,1000,0" yaku="12,1" doraHai="129" who="2" fromWho="3" sc="250,0,250,0,250,10,250,-10" /><INIT seed="1,0,0,5,3,102" ten="250,250,260,240" oya="1" hai0="37,65,78,48,34,77,68,58,41,91,113,97,38" hai1="110,52,11,109,69,5,88,15,50,82,63,85,75" hai2="24,84,44,117,122,76,47,46,27,123,25,114,118" hai3="60,51,89,129,92,3,64,8,79,125,61,14,105"/><U95/><E69/><V103/><F103/><W101/><G3/><T29/><D113/><U13/><E63/><V35/><F35/><W127/><G79/><T70/><D29/><U26/><E26/><V4/><F4/><W20/><G20/><T107/><D34/><U17/><E75/><V2/><F2/><W33/><G33/><T98/><D91/><U126/><E95/><V115/><F76/><W81/><G81/><T74/><D48/><U121/><E121/><N who="2" m="46091" /><F84/><N who="3" m="52263" /><G51/><T22/><D65/><U131/><E131/><V7/><F7/><N who="3" m="3359" /><G64/><T104/><D22/><U67/><E67/><V133/><F133/><W39/><G39/><T23/><D23/><U19/><E126/><N who="3" m="48138" /><G129/><T71/><D71/><U106/><E106/><V73/><F73/><W30/><G30/><T1/><D1/><U80/><E80/><V49/><F49/><W56/><G56/><T83/><D58/><N who="1" m="33047" /><E15/><V90/><F90/><W40/><G40/><T31/><D41/><U6/><E6/><V87/><F114/><W112/><G112/><T128/><D83/><U59/><E59/><V120/><F115/><W18/><G18/><T42/><D42/><U132/><E132/><V54/><F120/><W86/><G86/><T96/><D128/><U43/><E43/><V100/><F87/><W124/><N who="3" m="48146" /><W0/><DORA hai="53" /><G0/><T21/><D74/><U9/><E9/><V119/><F54/><W135/><G135/><T111/><D68/><U116/><E116/><V55/><F55/><W94/><G94/><T36/><D70/><U66/><E66/><V45/><F45/><W108/><G105/><RYUUKYOKU ba="0,0" sc="250,-15,250,15,260,15,240,-15" hai1="5,11,13,17,19,82,85,88,109,110" hai2="24,25,27,44,46,47,100,117,118,119" /><INIT seed="1,1,0,5,3,33" ten="235,265,275,225" oya="1" hai0="40,65,71,63,135,116,9,69,21,78,10,47,114" hai1="66,43,2,3,74,51,99,50,8,17,54,48,14" hai2="100,94,29,0,126,18,23,96,103,25,119,117,123" hai3="106,111,81,49,85,128,83,44,113,98,41,112,61"/><U26/><E74/><V80/><F123/><W89/><G111/><T7/><D135/><U27/><E66/><V30/><F126/><W75/><G128/><T13/><D116/><U115/><E115/><V42/><F42/><W46/><G61/><T110/><D110/><U118/><E118/><V60/><F119/><W36/><G75/><T127/><D127/><U56/><E99/><V87/><F117/><W121/><G121/><T28/><D114/><U52/><E43/><V105/><F0/><W15/><G83/><T59/><D78/><U108/><E108/><V124/><F124/><W131/><G131/><T134/><D134/><U64/><E64/><V55/><F103/><W120/><G120/><T19/><D28/><U104/><E104/><V62/><F105/><W24/><G24/><T68/><REACH who="0" step="1"/><D7/><REACH who="0" ten="225,265,275,225" step="2"/><U45/><REACH who="1" step="1"/><E50/><AGARI ba="1,1" hai="9,10,13,19,21,40,47,50,59,63,65,68,69,71" machi="50" ten="40,2600,0" yaku="1,1,2,1,53,0" doraHai="33" doraHaiUra="130" who="0" fromWho="1" sc="225,39,265,-29,275,0,225,0" /><INIT seed="2,0,0,4,3,43" ten="264,236,275,225" oya="2" hai0="86,106,133,66,6,41,47,100,11,17,5,64,61" hai1="119,88,91,74,123,28,115,108,84,71,96,77,125" hai2="116,99,67,65,107,94,48,15,118,30,98,54,7" hai3="87,72,58,83,121,13,92,113,12,135,23,19,128"/><V50/><F30/><W131/><G121/><T105/><D133/><U114/><E71/><V63/><F107/><W101/><G135/><T120/><D120/><U62/><E62/><V112/><F112/><N who="1" m="43049" /><E28/><V27/><F27/><W37/><G37/><T32/><D32/><U3/><E3/><V127/><F127/><W134/><G134/><T38/><D64/><U78/><E123/><V95/><F15/><W124/><G113/><T22/><D17/><U129/><E125/><V60/><REACH who="2" step="1"/><F54/><REACH who="2" ten="264,236,265,225" step="2"/><W4/><G124/><T39/><D41/><U46/><E119/><V97/><F97/><W57/><G12/><T49/><D105/><U8/><E96/><V52/><F52/><W85/><G13/><T68/><D106/><U24/><E24/><V59/><F59/><W56/><G57/><T80/><D68/><U20/><E129/><V93/><F93/><W102/><G56/><T34/><D34/><U130/><E130/><V25/><F25/><W104/><G58/><T103/><D80/><U111/><E111/><V81/><F81/><W45/><G104/><T89/><D66/><U29/><E108/><V82/><F82/><W35/><G35/><T33/><D33/><U132/><E29/><V21/><F21/><W69/><G69/><T0/><D22/><U79/><E132/><V75/><F75/><W110/><G72/><T55/><D55/><U9/><E74/><V18/><F18/><W126/><G126/><T109/><D109/><U70/><E20/><V40/><F40/><W2/><G110/><T51/><D0/><U44/><E70/><V14/><F14/><RYUUKYOKU ba="0,1" sc="264,-10,236,-10,265,30,225,-10" hai2="7,48,50,60,63,65,67,94,95,98,99,116,118" /><INIT seed="2,1,1,0,3,57" ten="254,226,295,215" oya="2" hai0="68,0,26,121,62,89,118,90,106,61,131,12,74" hai1="97,41,47,40,124,24,66,8,86,55,78,4,104" hai2="95,108,103,52,25,81,88,111,51,105,79,63,34" hai3="130,18,21,107,53,83,7,135,45,99,98,23,94"/><V27/><F103/><W128/><G135/><T80/><D121/><U16/><E124/><V22/><F105/><W10/><G83/><T60/><D0/><U70/><E70/><V134/><F34/><W11/><G107/><T114/><D114/><U50/><E66/><V64/><F134/><W132/><G132/><T39/><D68/><U32/><E104/><V84/><F64/><W48/><G99/><T112/><D112/><U126/><E126/><V54/><F63/><N who="0" m="24138" /><D39/><U58/><E97/><V110/><F22/><W67/><G67/><T91/><D106/><U2/><E32/><V117/><F117/><W38/><G38/><T82/><D118/><U125/><E125/><V59/><F54/><W36/><G36/><T120/><D74/><AGARI ba="1,1" hai="25,27,51,52,59,74,79,81,84,88,95,108,110,111" machi="74" ten="40,12000,1" yaku="14,1,10,1,54,2" doraHai="57" who="2" fromWho="0" sc="254,-123,226,0,295,133,215,0" /><INIT seed="2,2,0,2,2,72" ten="131,226,428,215" oya="2" hai0="132,123,52,81,92,97,135,119,54,74,87,46,1" hai1="121,90,65,117,36,40,50,21,24,91,76,7,94" hai2="78,3,34,125,42,16,127,73,35,13,116,129,55" hai3="114,6,96,53,105,25,19,67,58,126,86,111,47"/><V9/><F116/><W38/><G111/><T41/><D1/><U110/><E117/><V69/><F69/><W37/><G6/><T48/><D123/><U70/><E36/><V11/><F42/><W95/><G126/><N who="2" m="48137" /><F129/><W98/><G114/><T122/><D74/><U39/><E39/><V131/><F131/><W59/><G105/><T18/><D122/><U15/><E90/><V66/><F66/><W100/><G98/><T108/><D108/><U107/><E107/><V57/><F3/><W29/><G19/><T31/><D31/><U10/><E110/><V71/><F71/><W12/><G12/><T84/><D119/><U62/><E121/><V113/><F9/><W64/><G86/><T14/><D87/><U130/><E130/><V49/><F113/><W56/><G37/><T8/><D135/><U45/><E91/><V106/><F106/><W79/><G79/><N who="0" m="46143" /><D132/><U93/><E76/><V68/><F68/><W2/><G2/><T88/><AGARI ba="2,0" hai="8,14,18,41,46,48,52,54,88,92,97" m="46143" machi="88" ten="30,7900,0" yaku="8,1,52,1,54,2" doraHai="72" who="0" fromWho="0" sc="131,85,226,-22,428,-41,215,-22" /><INIT seed="3,0,0,5,2,52" ten="216,204,387,193" oya="3" hai0="88,38,66,96,29,25,18,54,135,14,16,26,90" hai1="2,87,27,99,46,41,111,133,128,118,120,15,31" hai2="23,47,45,131,73,129,77,9,132,55,39,98,56" hai3="59,113,40,127,13,104,79,119,7,84,44,1,75"/><W11/><G113/><T32/><D38/><U103/><E120/><V37/><F132/><W110/><G119/><T92/><D135/><U63/><E2/><V48/><F23/><W102/><G127/><T4/><D66/><U115/><E115/><V86/><F73/><W17/><G110/><T10/><D54/><U30/><E133/><V58/><F98/><W21/><G84/><T85/><D26/><U36/><E111/><V94/><F9/><W35/><G35/><T112/><D112/><U51/><E128/><N who="2" m="49227" /><F94/><AGARI ba="0,0" hai="4,10,14,16,18,25,29,32,85,88,90,92,94,96" machi="94" ten="30,3900,0" yaku="7,1,54,2" doraHai="52" who="0" fromWho="2" sc="216,39,204,0,387,-39,193,0" owari="255,6.0,204,-20.0,348,45.0,193,-31.0" /></mjloggm>