<mjloggm ver="2.3"><GO type="169" lobby="0"/><UN n0="%E6%84%9B%E5%86%85%E9%87%8C%E8%8F%9C" n1="%E3%81%9F%E3%82%93%E3%82%86%E3%81%86" n2="%E5%BD%97%E6%98%9F%E5%85%A5%E3%83%92%E3%82%B3" n3="%E5%B0%8F%E6%B1%A0%E7%BE%8E%E6%B3%A2%E2%8A%BF" dan="18,16,16,16" rate="2162.69,2139.81,2143.31,2095.89" sx="F,F,M,F"/><TAIKYOKU oya="0"/><INIT seed="0,0,0,3,4,123" ten="250,250,250,250" oya="0" hai0="103,73,109,81,86,20,67,65,92,120,25,17,59" hai1="15,9,129,80,77,69,13,54,7,79,5,10,62" hai2="94,56,110,60,48,111,90,35,61,93,30,130,74" hai3="50,114,131,84,125,97,12,0,19,115,116,82,76"/><T14/><D120/><U107/><E107/><V42/><F130/><W45/><G0/><T22/><D73/><U63/><E129/><V134/><F134/><W99/><G131/><T51/><D109/><N who="2" m="41482" /><F74/><W26/><G26/><T106/><D106/><U53/><E69/><V47/><F94/><W104/><G97/><N who="0" m="59815" /><D51/><U113/><E113/><V72/><F72/><W38/><G99/><T122/><D59/><U2/><E2/><V43/><F43/><W132/><G50/><T101/><D101/><U127/><E127/><V70/><F70/><W87/><G125/><T11/><D122/><U6/><E6/><V126/><F126/><W27/><G132/><T85/><D22/><U128/><E128/><V133/><F133/><W91/><G82/><AGARI ba="0,0" hai="5,7,9,10,13,15,53,54,62,63,77,79,80,82" machi="82" ten="25,3200,0" yaku="22,2,8,1" doraHai="123" who="1" fromWho="3" sc="250,0,250,32,250,0,250,-32" /><INIT seed="1,0,0,2,1,105" ten="250,282,250,218" oya="1" hai0="96,98,41,89,14,126,68,114,32,20,97,119,116" hai1="29,94,25,134,127,102,75,21,56,66,61,54,106" hai2="47,3,70,27,57,42,48,103,6,84,121,44,93" hai3="123,28,115,78,71,79,88,11,5,80,24,26,49"/><U95/><E127/><V10/><F121/><W107/><G115/><T34/><D114/><U108/><E134/><V82/><F70/><W64/><G107/><T129/><D68/><U72/><E108/><V77/><F27/><W37/><G37/><T124/><D14/><U39/><E39/><V59/><F103/><W38/><G38/><T23/><D89/><U7/><E106/><V99/><F99/><W33/><G49/><T19/><D19/><U122/><E122/><V104/><F104/><W16/><G64/><T69/><D69/><U117/><E117/><V118/><F93/><W60/><G60/><T9/><D9/><U53/><E7/><V128/><F118/><N who="0" m="45098" /><D41/><U73/><E95/><V52/><REACH who="2" step="1"/><F128/><REACH who="2" ten="250,282,240,218" step="2"/><W51/><G71/><T92/><D92/><U91/><REACH who="1" step="1"/><E102/><REACH who="1" ten="250,272,240,218" step="2"/><V85/><F85/><AGARI ba="0,2" hai="21,25,29,53,54,56,61,66,72,73,75,85,91,94" machi="85" ten="40,18000,2" yaku="1,1,2,1,52,3,53,1" doraHai="105" doraHaiUra="81" who="1" fromWho="2" sc="250,0,272,200,240,-180,218,0" /><INIT seed="1,1,0,4,2,41" ten="250,472,60,218" oya="1" hai0="55,62,124,106,107,117,50,128,44,68,53,1,98" hai1="69,75,83,57,131,97,92,14,115,37,77,103,135" hai2="17,12,132,65,51,0,84,123,101,86,64,80,95" hai3="34,88,74,134,22,32,67,4,71,16,76,21,66"/><U6/><E69/><V118/><F118/><W2/><G22/><T13/><D1/><U125/><E115/><V70/><F123/><W5/><G134/><T127/><D117/><U79/><E135/><V33/><F0/><W58/><G71/><T54/><D13/><U23/><E79/><V91/><F132/><W27/><G76/><T122/><D98/><U121/><E121/><V42/><F33/><W60/><G67/><N who="0" m="41079" /><D122/><U11/><E37/><V110/><F110/><W28/><G74/><T133/><D133/><U49/><E131/><V81/><F70/><W61/><G61/><T72/><D72/><U19/><E125/><N who="0" m="48201" /><D128/><U129/><E129/><V87/><F101/><W45/><G45/><T43/><AGARI ba="1,0" hai="43,44,50,53,54,55,106,107" m="48201,41079" machi="43" ten="30,2000,0" yaku="18,1,52,1" doraHai="41" who="0" fromWho="0" sc="250,23,472,-11,60,-6,218,-6" /><INIT seed="2,0,0,5,0,113" ten="273,461,54,212" oya="2" hai0="17,9,76,7,71,77,84,34,87,2,57,117,50" hai1="23,81,53,41,8,95,93,1,22,122,52,118,3" hai2="102,66,40,85,61,80,107,51,68,43,56,12,39" hai3="37,6,15,74,104,89,111,36,92,130,135,29,0"/><V69/><F107/><W97/><G0/><T11/><D71/><U88/><E41/><V90/><F102/><W129/><G111/><T62/><D34/><U64/><E64/><V119/><F119/><W94/><G104/><T44/><D117/><U59/><E118/><V60/><F39/><W125/><G135/><T82/><D17/><U19/><E122/><V109/><F109/><W38/><G125/><T48/><D11/><U13/><E53/><V132/><F132/><W73/><G29/><T133/><D133/><U110/><E110/><V98/><F98/><W24/><G24/><T124/><D124/><U86/><E3/><V99/><F99/><W28/><G28/><T91/><D44/><U35/><E35/><V120/><F120/><W114/><G92/><N who="1" m="35402" /><E1/><V134/><F134/><W20/><G114/><T54/><D76/><U10/><E10/><V5/><F69/><W127/><G127/><T126/><D126/><U116/><E116/><V31/><F31/><W55/><G55/><T30/><D30/><U121/><E121/><V131/><F131/><N who="3" m="50187" /><G6/><T21/><D21/><U14/><E14/><V46/><F40/><W49/><G49/><AGARI ba="0,0" hai="8,13,19,22,23,49,52,59,81,86,88" m="35402" machi="49" ten="30,3900,0" yaku="8,1,54,2" doraHai="113" who="1" fromWho="3" sc="273,0,461,39,54,0,212,-39" /><INIT seed="3,0,0,5,0,29" ten="273,500,54,173" oya="3" hai0="124,19,65,35,87,135,120,70,15,97,79,104,128" hai1="38,94,71,134,20,6,10,69,21,49,63,12,103" hai2="81,82,121,108,106,88,107,100,127,53,30,84,92" hai3="45,73,102,48,44,74,119,26,43,5,41,115,118"/><W83/><G115/><T98/><D120/><U78/><E38/><V50/><F121/><W36/><G102/><T113/><D104/><U111/><E134/><V62/><F108/><W130/><G130/><T8/><D70/><U99/><E111/><V61/><F127/><W4/><G83/><T13/><D65/><U126/><E126/><V56/><F107/><W95/><G95/><T46/><D35/><U117/><E117/><V0/><F0/><W133/><G26/><T54/><D135/><U116/><E116/><V33/><F106/><W125/><G125/><T114/><D128/><U123/><E123/><V11/><F11/><W32/><G48/><N who="0" m="28951" /><D124/><U66/><E71/><V112/><F112/><N who="0" m="43114" /><D13/><U90/><E49/><V1/><F1/><W110/><G133/><T40/><D40/><U27/><E27/><V68/><F68/><W59/><G59/><T52/><D52/><U37/><E37/><V67/><F67/><W86/><G36/><T22/><D8/><U18/><E66/><V77/><F100/><W72/><G72/><T80/><AGARI ba="0,0" hai="15,19,22,79,80,87,97,98" m="43114,28951" machi="80" ten="30,1100,0" yaku="11,1" doraHai="29" who="0" fromWho="0" sc="273,11,500,-3,54,-3,173,-5" /><INIT seed="4,0,0,4,0,17" ten="284,497,51,168" oya="0" hai0="3,40,85,9,79,108,15,71,65,4,97,33,12" hai1="102,113,74,39,42,14,121,34,25,20,127,38,117" hai2="70,44,80,63,75,24,64,61,1,115,67,78,131" hai3="103,68,47,81,119,101,118,128,73,28,104,135,11"/><T83/><D33/><U76/><E117/><V55/><F115/><W72/><G47/><T82/><D108/><U16/><E121/><V107/><F131/><W56/><G56/><T49/><D97/><U93/><E113/><V13/><F1/><W96/><G68/><T59/><D71/><U100/><E127/><V27/><F107/><W5/><G28/><T123/><D123/><U23/><E34/><V57/><F44/><W94/><G11/><T66/><D82/><U114/><E114/><V132/><F132/><W45/><G5/><T77/><D77/><U95/><E42/><V99/><F67/><W125/><G45/><N who="0" m="25767" /><D3/><U54/><E39/><V129/><F129/><W32/><G32/><T52/><D15/><U69/><E38/><V29/><F29/><W0/><G0/><T58/><D58/><U111/><E69/><V60/><F60/><AGARI ba="0,0" hai="4,9,12,52,59,60,65,66,79,83,85" m="25767" machi="60" ten="30,5800,0" yaku="25,1,8,1,54,1" doraHai="17" who="0" fromWho="2" sc="284,58,497,0,51,-58,168,0" owari="342,14.0,497,60.0,-7,-51.0,168,-23.0" /></mjloggm>