<mjloggm ver="2.3"><GO type="169" lobby="0"/><UN n0="%E5%BD%97%E6%98%9F%E5%85%A5%E3%83%92%E3%82%B3" n1="%6D%61%74%6F%30%36%30%33" n2="%E8%91%B5%E3%81%A1%E3%82%83%E3%82%93" n3="%E3%83%8E%E3%82%AA%E3%83%81%E3%83%A3%E3%83%99%E3%82%B9" dan="16,18,16,16" rate="2143.31,2287.40,2142.87,2096.77" sx="M,M,F,M"/><TAIKYOKU oya="0"/><INIT seed="0,0,0,2,0,134" ten="250,250,250,250" oya="0" hai0="64,128,71,38,30,102,74,119,0,113,51,18,43" hai1="19,42,122,24,92,83,108,121,35,70,8,49,80" hai2="87,10,66,94,72,60,131,14,116,115,36,55,114" hai3="106,2,96,40,91,103,57,7,81,58,95,56,93"/><T1/><D113/><U118/><E70/><V6/><F72/><W130/><G40/><T105/><D119/><U100/><E118/><V59/><F116/><W65/><G130/><T9/><D74/><U120/><E108/><V28/><F131/><W112/><G112/><T21/><D128/><U67/><E67/><V23/><F36/><W101/><G81/><T127/><D127/><U22/><E35/><V79/><F28/><W133/><G133/><T98/><D30/><U82/><E8/><V62/><F23/><W135/><G106/><T84/><D38/><U76/><E100/><V110/><F110/><W45/><G45/><T25/><D84/><U27/><E92/><V33/><F33/><W4/><G135/><T11/><D43/><U123/><N who="1" m="30720" /><DORA hai="32" /><U53/><E42/><V111/><F111/><W86/><G103/><T117/><D51/><U50/><E50/><V68/><F79/><W29/><G29/><T52/><D52/><U107/><E107/><V54/><F54/><W88/><G101/><T125/><D125/><U46/><REACH who="1" step="1"/><E27/><REACH who="1" ten="250,240,250,250" step="2"/><V77/><F94/><W63/><REACH who="3" step="1"/><G2/><REACH who="3" ten="250,240,250,240" step="2"/><T20/><D117/><U39/><E39/><V3/><F3/><W126/><G126/><T75/><D0/><U44/><E44/><V104/><F104/><W26/><G26/><T37/><D1/><U41/><E41/><V109/><F109/><W124/><G124/><T5/><D25/><U78/><AGARI ba="0,2" hai="19,22,24,46,49,53,76,78,80,82,83" m="30720" machi="78" ten="60,8000,1" yaku="1,1,0,1,53,3" doraHai="134,32" doraHaiUra="16,73" who="1" fromWho="1" sc="250,-40,240,100,250,-20,240,-20" /><INIT seed="1,0,0,0,4,65" ten="210,340,230,220" oya="1" hai0="43,67,42,92,44,27,62,122,129,48,118,98,16" hai1="66,49,84,7,60,89,77,78,33,117,109,54,64" hai2="110,111,4,93,114,135,1,95,22,11,30,56,106" hai3="120,87,58,36,53,81,15,88,2,59,125,18,24"/><U74/><E117/><V119/><F119/><W70/><G120/><T46/><D118/><U100/><E33/><V124/><F106/><W23/><G2/><T68/><D122/><U103/><E109/><N who="2" m="41483" /><F124/><W25/><G125/><T6/><D6/><U91/><E7/><V113/><F135/><W101/><G36/><T8/><D129/><U51/><E74/><V116/><F56/><W38/><G38/><T34/><D34/><U102/><E60/><V133/><F133/><W107/><G70/><T108/><D108/><U39/><E39/><V32/><F32/><W21/><G59/><T55/><D46/><U105/><E105/><V73/><F73/><W71/><G71/><T132/><D132/><U75/><E75/><V28/><F116/><W76/><G76/><N who="1" m="29290" /><E84/><V41/><F41/><W61/><REACH who="3" step="1"/><G23/><REACH who="3" ten="210,340,230,210" step="2"/><T94/><D94/><N who="2" m="35850" /><F22/><W17/><G17/><T0/><D0/><U115/><E115/><AGARI ba="0,1" hai="1,4,11,28,30,113,114,115" m="35850,41483" machi="115" ten="30,2000,0" yaku="11,1,14,1" doraHai="65" who="2" fromWho="1" sc="210,0,340,-20,230,30,210,0" /><INIT seed="2,0,0,1,0,49" ten="210,320,260,210" oya="2" hai0="22,13,47,59,82,99,116,17,58,78,38,7,4" hai1="70,28,57,98,91,14,74,10,52,122,120,113,11" hai2="93,103,73,102,129,63,77,134,92,105,29,65,3" hai3="81,111,42,41,112,40,8,95,110,18,121,133,31"/><V51/><F3/><W27/><G121/><N who="1" m="46698" /><E70/><V37/><F37/><W75/><G133/><T66/><D116/><U87/><E74/><V46/><F134/><W33/><G112/><T123/><D123/><U1/><E113/><V128/><F29/><W83/><G75/><T94/><D38/><U26/><E98/><V53/><F77/><W114/><G114/><T108/><D108/><N who="3" m="41513" /><G95/><N who="2" m="36425" /><F73/><W43/><G43/><T97/><D47/><U76/><E76/><V71/><F105/><W130/><G130/><AGARI ba="0,0" hai="46,51,53,63,65,71,102,103,128,129,130" m="36425" machi="130" ten="30,2900,0" yaku="19,1,52,1" doraHai="49" who="2" fromWho="3" sc="210,0,320,0,260,29,210,-29" /><INIT seed="2,1,0,0,0,10" ten="210,320,289,181" oya="2" hai0="84,59,86,131,14,0,43,134,111,55,17,22,49" hai1="119,85,25,68,125,91,98,21,72,38,115,123,26" hai2="23,95,5,20,92,99,61,96,29,33,13,41,1" hai3="103,36,58,28,70,112,78,90,102,42,104,4,121"/><V46/><F33/><W65/><G121/><T63/><D111/><U128/><E68/><V47/><F1/><W120/><G120/><T94/><D131/><U83/><E38/><V45/><F41/><W114/><G78/><T77/><D134/><U54/><E115/><N who="3" m="44074" /><G70/><T73/><D0/><U88/><E119/><V126/><F126/><W27/><G4/><T97/><D73/><U15/><E72/><V32/><F32/><W87/><G104/><T82/><D43/><U24/><E128/><V2/><F2/><W108/><G108/><T67/><D86/><N who="1" m="50655" /><E125/><V93/><F61/><N who="3" m="38071" /><G42/><T35/><D35/><U113/><E123/><V106/><F106/><W100/><G36/><T9/><D9/><U8/><E54/><V71/><F71/><W39/><G39/><T74/><D74/><U105/><E98/><N who="2" m="37419" /><F29/><W124/><G124/><T76/><D76/><U7/><E105/><V57/><F57/><W130/><G130/><T34/><D34/><U132/><E132/><V11/><AGARI ba="1,0" hai="5,11,13,20,23,45,46,47,92,93,95" m="37419" machi="11" ten="40,3900,0" yaku="8,1,52,1" doraHai="10" who="2" fromWho="2" sc="210,-14,320,-14,289,42,181,-14" /><INIT seed="2,2,0,4,4,126" ten="196,306,331,167" oya="2" hai0="85,50,4,78,5,72,11,41,84,32,83,93,77" hai1="45,2,27,105,51,17,52,119,7,112,94,107,19" hai2="123,20,13,130,92,116,47,14,87,25,28,120,103" hai3="124,38,129,64,18,81,48,109,127,15,115,106,100"/><V121/><F116/><W23/><G38/><T68/><D68/><U104/><E112/><V102/><F130/><W53/><G115/><T56/><D32/><U135/><E119/><V86/><F47/><W43/><G43/><T67/><D67/><U1/><E135/><V40/><F40/><W98/><G81/><T114/><D114/><U99/><E7/><V95/><F13/><W71/><G109/><T113/><D113/><U44/><E44/><V24/><F14/><W90/><G90/><T73/><D93/><U10/><E10/><V108/><F108/><W9/><G9/><T66/><D66/><U65/><E65/><V91/><F25/><W97/><G97/><T131/><D131/><U12/><E12/><V82/><REACH who="2" step="1"/><F95/><REACH who="2" ten="196,306,321,167" step="2"/><W74/><G15/><T75/><D41/><U55/><E27/><V54/><F54/><W49/><G53/><T8/><D8/><U117/><E55/><V70/><F70/><W79/><G71/><T35/><D11/><U22/><E117/><V61/><F61/><W59/><G64/><T111/><D111/><U42/><E42/><V3/><F3/><W101/><G124/><T58/><D5/><U118/><E118/><V89/><AGARI ba="2,1" hai="20,24,28,82,86,87,89,91,92,102,103,120,121,123" machi="89" ten="40,3900,0" yaku="1,1,0,1,53,0" doraHai="126" doraHaiUra="133" who="2" fromWho="2" sc="196,-15,306,-15,321,55,167,-15" /><INIT seed="2,3,0,3,2,51" ten="181,291,376,152" oya="2" hai0="79,126,122,130,85,89,53,98,22,101,104,25,127" hai1="128,35,12,116,125,113,105,68,63,8,133,1,40" hai2="5,13,83,132,109,93,56,55,121,48,60,134,64" hai3="117,28,108,67,86,76,2,124,115,103,100,92,78"/><V45/><F121/><W107/><G2/><T61/><D122/><U4/><RYUUKYOKU type="yao9" ba="3,0" sc="181,0,291,0,376,0,152,0" hai1="1,4,8,12,35,40,63,68,105,113,116,125,128,133" /><INIT seed="2,4,0,3,5,38" ten="181,291,376,152" oya="2" hai0="34,121,78,107,6,59,114,47,30,101,97,16,28" hai1="133,19,94,52,5,9,3,90,130,29,106,117,72" hai2="88,132,69,1,48,62,115,23,127,17,128,119,40" hai3="134,109,39,108,81,8,122,56,82,73,99,24,43"/><V35/><F115/><W110/><G122/><T11/><D121/><U37/><E117/><V96/><F119/><W79/><G134/><T84/><D114/><U64/><E106/><V50/><F35/><W26/><G82/><T32/><D59/><U67/><E72/><V7/><F132/><W113/><G113/><T20/><D84/><U31/><E37/><V76/><F76/><W80/><G80/><T111/><D78/><U93/><E133/><V74/><F74/><W89/><G56/><T75/><D75/><U14/><E130/><V131/><F127/><W68/><G68/><T45/><D111/><U13/><E3/><V100/><F7/><W95/><REACH who="3" step="1"/><G8/><REACH who="3" ten="181,291,376,142" step="2"/><T126/><D126/><U123/><E9/><V118/><F69/><W70/><G70/><T66/><D11/><U53/><E123/><V92/><F131/><W55/><G55/><T105/><D66/><U57/><E57/><V18/><F128/><W42/><G42/><T58/><D58/><U15/><E53/><V85/><F62/><W65/><G65/><T125/><D125/><U12/><E52/><V44/><F40/><W116/><G116/><T4/><D47/><AGARI ba="4,1" hai="24,26,39,43,47,73,79,81,89,95,99,108,109,110" machi="47" ten="40,5200,0" yaku="1,1,14,1,52,1,53,0" doraHai="38" doraHaiUra="129" who="3" fromWho="0" sc="181,-64,291,0,376,0,142,74" /><INIT seed="3,0,0,0,0,38" ten="117,291,376,216" oya="3" hai0="1,67,132,56,105,58,39,74,129,21,84,45,32" hai1="112,135,88,31,18,2,41,98,99,61,120,115,119" hai2="11,13,78,22,65,40,73,49,68,109,80,92,124" hai3="90,28,9,50,15,52,108,116,93,107,77,12,44"/><W86/><G116/><T101/><D74/><U7/><E120/><V5/><F109/><W33/><G108/><T53/><D32/><U131/><E119/><V133/><F124/><W46/><G107/><T96/><D1/><U47/><E31/><V110/><F110/><W111/><G111/><T91/><D129/><U71/><E131/><V27/><F133/><W121/><G121/><T24/><D132/><U8/><E135/><V23/><F92/><W118/><G118/><T72/><D72/><U102/><E99/><V83/><F83/><W6/><G77/><T42/><D67/><U3/><E3/><V55/><F65/><W104/><G104/><T37/><D37/><U113/><E18/><V94/><F68/><W82/><G82/><T25/><D53/><U97/><E102/><V103/><F27/><W63/><G63/><T19/><REACH who="0" step="1"/><D25/><REACH who="0" ten="107,291,376,216" step="2"/><U4/><E2/><V62/><F55/><W95/><G33/><T128/><D128/><U114/><E114/><V34/><F73/><W117/><G117/><T66/><D66/><U106/><E115/><V122/><F34/><W16/><G28/><T0/><D0/><U75/><E75/><V126/><F122/><W100/><G100/><T10/><D10/><U14/><E8/><V29/><F29/><W26/><G26/><T54/><D54/><U127/><E113/><V69/><F103/><W64/><G64/><T20/><D20/><U79/><E112/><V17/><F69/><W30/><G30/><T125/><D125/><U76/><E127/><V57/><F126/><W51/><G9/><T134/><D134/><RYUUKYOKU ba="0,1" sc="107,30,291,-10,376,-10,216,-10" hai0="19,21,24,39,42,45,56,58,84,91,96,101,105" /><INIT seed="4,1,1,5,0,55" ten="137,281,366,206" oya="0" hai0="126,73,28,133,129,47,4,7,131,0,40,37,88" hai1="85,51,127,121,42,116,1,35,62,92,86,52,8" hai2="93,44,39,122,101,68,38,18,64,66,115,67,105" hai3="75,14,130,94,79,48,15,53,96,34,49,132,65"/><T107/><D107/><U118/><E121/><V111/><F105/><W56/><G34/><T46/><D126/><U114/><E35/><V19/><F111/><W54/><G65/><T135/><D28/><U22/><E127/><V24/><F122/><W128/><G132/><N who="0" m="50763" /><D73/><U2/><E114/><V119/><F68/><W26/><G26/><T63/><D63/><U120/><E120/><V32/><F115/><W23/><G75/><T69/><D69/><U3/><E8/><V72/><F72/><W123/><G79/><T6/><D47/><U17/><E42/><V70/><F70/><W106/><G106/><T78/><D78/><U50/><E62/><V30/><F119/><W84/><G123/><T11/><D88/><N who="1" m="53263" /><E50/><V104/><F104/><W76/><G76/><T36/><D36/><U83/><E86/><V25/><F39/><W59/><G84/><T100/><D100/><U81/><E81/><V117/><F101/><W89/><G23/><T87/><D87/><U9/><E9/><V99/><F117/><W109/><G109/><T16/><D16/><U113/><E83/><V58/><F38/><W20/><G20/><T13/><D13/><AGARI ba="1,1" hai="13,14,15,48,49,53,54,56,59,89,94,96,128,130" machi="13" ten="40,5200,0" yaku="9,1,52,2" doraHai="55" who="3" fromWho="0" sc="137,-55,281,0,366,0,206,65" /><INIT seed="5,0,0,1,2,94" ten="82,281,366,271" oya="1" hai0="130,110,75,62,124,107,101,5,39,60,86,23,56" hai1="34,106,3,33,111,89,29,36,72,27,37,132,30" hai2="127,122,102,42,48,12,52,1,47,28,82,87,61" hai3="79,103,40,49,10,135,4,78,6,16,35,26,97"/><U113/><E89/><V88/><F1/><W74/><G135/><T20/><D75/><U73/><E132/><V31/><F122/><W129/><G129/><T93/><D110/><U59/><E111/><V15/><F127/><W66/><G66/><T18/><D39/><N who="1" m="14923" /><E59/><N who="2" m="35047" /><F102/><W55/><G40/><T90/><D124/><U13/><E13/><AGARI ba="0,0" hai="12,13,15,28,31,42,47,48,82,87,88" m="35047" machi="13" ten="30,3900,0" yaku="8,1,54,2" doraHai="94" who="2" fromWho="1" sc="82,0,281,-39,366,39,271,0" /><INIT seed="6,0,0,2,5,78" ten="82,242,405,271" oya="2" hai0="82,15,65,73,44,71,36,107,6,72,102,105,47" hai1="127,31,89,131,57,1,122,53,118,99,58,111,124" hai2="97,103,129,104,28,86,2,81,100,95,68,87,115" hai3="98,16,126,13,80,85,50,119,26,54,7,18,3"/><V25/><F68/><W117/><G126/><N who="1" m="48170" /><E118/><V74/><F2/><W37/><G37/><T49/><D36/><U41/><E111/><V22/><F115/><W62/><G62/><T51/><D71/><U40/><E1/><V112/><F112/><W34/><G98/><T45/><D65/><U19/><E131/><V46/><F129/><W17/><G3/><T76/><D102/><U55/><E31/><V69/><F69/><W110/><G110/><T39/><D39/><U64/><E64/><V134/><F134/><W88/><G34/><T42/><D72/><U4/><E4/><V79/><F103/><W121/><G121/><T61/><D61/><N who="1" m="36015" /><E19/><V24/><F46/><N who="3" m="27991" /><G119/><T48/><REACH who="0" step="1"/><D42/><REACH who="0" ten="72,242,405,271" step="2"/><U5/><E40/><V83/><F74/><W128/><G128/><T93/><D93/><U63/><E41/><V120/><F120/><W35/><G117/><T108/><D108/><U20/><E63/><V113/><F113/><W84/><G35/><T135/><D135/><U109/><E109/><V11/><F104/><W14/><G26/><T94/><D94/><U21/><E122/><V38/><F25/><W67/><G67/><T92/><D92/><U90/><E55/><V10/><F38/><W75/><G75/><T8/><AGARI ba="0,1" hai="6,8,15,44,45,47,48,49,51,73,76,82,105,107" machi="8" ten="40,8000,1" yaku="1,1,0,1,52,1,53,1" doraHai="78" doraHaiUra="0" who="0" fromWho="0" sc="72,90,242,-20,405,-40,271,-20" /><INIT seed="7,0,0,2,3,1" ten="162,222,365,251" oya="3" hai0="69,94,42,4,106,125,124,29,28,130,95,51,123" hai1="67,6,133,32,77,81,12,48,33,57,128,90,47" hai2="61,19,66,21,78,18,99,116,118,87,16,36,135" hai3="89,20,91,62,50,93,96,3,121,75,44,129,31"/><W79/><G121/><T117/><D123/><U132/><E90/><V54/><F36/><W104/><G129/><T23/><D106/><U71/><E71/><V103/><F135/><N who="1" m="51785" /><E128/><V26/><F54/><W134/><G134/><T112/><D69/><U84/><E12/><V45/><F45/><W17/><G31/><T102/><D130/><U37/><E37/><V24/><F87/><W74/><G104/><T131/><D131/><U41/><E6/><V85/><F78/><W97/><G62/><AGARI ba="0,0" hai="32,33,41,47,48,57,62,67,77,81,84" m="51785" machi="62" ten="30,1000,0" yaku="20,1" doraHai="1" who="1" fromWho="3" sc="162,0,222,10,365,0,251,-10" owari="162,-34.0,232,-17.0,365,47.0,241,4.0" /></mjloggm>