<mjloggm ver="2.3"><GO type="169" lobby="0"/><UN n0="%61%6E%6C%75%6E" n1="%E9%81%8A%E8%B5%B0" n2="%E3%82%82%E3%83%BC%E3%82%8A%E3%83%BC" n3="%E3%81%98%E3%81%98%E3%81%84%E3%81%8C%E5%91%BC%E3%82%93%E3%81%A0" dan="16,16,16,16" rate="2122.87,2150.87,2164.54,2129.68" sx="M,M,M,M"/><TAIKYOKU oya="0"/><INIT seed="0,0,0,2,3,37" ten="250,250,250,250" oya="0" hai0="116,97,24,17,128,54,90,72,123,68,59,29,61" hai1="102,10,3,133,100,39,69,33,11,13,2,78,129" hai2="66,108,106,50,80,89,110,51,132,70,34,48,8" hai3="135,88,92,119,9,25,36,107,126,131,32,112,101"/><T27/><D116/><U98/><E69/><V134/><F106/><W75/><RYUUKYOKU type="yao9" ba="0,0" sc="250,0,250,0,250,0,250,0" hai3="9,25,32,36,75,88,92,101,107,112,119,126,131,135" /><INIT seed="0,1,0,1,2,63" ten="250,250,250,250" oya="0" hai0="71,95,41,65,134,93,79,56,89,94,118,11,131" hai1="23,68,44,102,13,84,111,101,107,81,135,121,33" hai2="110,37,125,54,39,57,106,75,52,15,86,96,73" hai3="9,98,29,3,126,132,127,97,51,60,109,72,34"/><T119/><D71/><U85/><E33/><V91/><F125/><N who="3" m="47627" /><G72/><T66/><D131/><U53/><E68/><V87/><F110/><W2/><G109/><T4/><D134/><U24/><E121/><V26/><F15/><W8/><G51/><T47/><D118/><U129/><E135/><V42/><F57/><W7/><G132/><T112/><D112/><U10/><E129/><V130/><F130/><W59/><G29/><T1/><D119/><U64/><E64/><V22/><F26/><W31/><G31/><T35/><D35/><U104/><E111/><V43/><F91/><W115/><G34/><T113/><D113/><U25/><E107/><V99/><REACH who="2" step="1"/><F106/><REACH who="2" ten="250,250,240,250" step="2"/><W20/><G115/><T124/><D124/><U30/><E24/><V36/><F36/><W100/><G2/><T0/><D56/><U48/><E104/><V46/><F46/><W50/><G3/><T77/><D1/><U74/><E74/><V6/><F6/><W105/><G7/><T40/><D89/><N who="1" m="51343" /><E85/><V133/><F133/><W116/><G116/><T49/><REACH who="0" step="1"/><D41/><REACH who="0" ten="240,250,240,250" step="2"/><U45/><E45/><V32/><F32/><W128/><G128/><T12/><D12/><U38/><E13/><V90/><F90/><W17/><G59/><T70/><D70/><U5/><E44/><V61/><F61/><W14/><G60/><T123/><D123/><U27/><E27/><V67/><F67/><AGARI ba="1,2" hai="0,4,11,40,47,49,65,66,67,77,79,93,94,95" machi="67" ten="40,12000,1" yaku="1,1,52,3,53,0" doraHai="63" doraHaiUra="78" who="0" fromWho="2" sc="240,143,250,0,240,-123,250,0" /><INIT seed="0,2,0,1,2,12" ten="383,250,117,250" oya="0" hai0="113,77,25,43,94,48,100,31,7,86,80,125,13" hai1="51,78,134,49,95,22,133,81,101,66,124,50,68" hai2="132,67,61,57,28,63,110,121,107,34,62,19,82" hai3="42,6,116,53,23,20,105,130,21,92,38,10,11"/><T71/><D71/><U109/><E109/><V127/><F110/><W59/><G116/><T88/><D113/><U30/><E124/><V26/><F127/><W87/><G105/><T96/><D125/><U75/><E66/><V135/><F121/><W70/><G70/><T45/><D13/><U90/><E68/><V56/><F107/><W29/><G130/><T8/><D8/><U79/><E79/><V74/><F74/><W118/><G118/><T91/><REACH who="0" step="1"/><D7/><REACH who="0" ten="373,250,117,250" step="2"/><U24/><REACH who="1" step="1"/><E101/><REACH who="1" ten="373,240,117,250" step="2"/><V115/><F115/><W15/><G6/><T112/><D112/><U98/><AGARI ba="2,2" hai="22,24,30,49,50,51,75,78,81,90,95,98,133,134" machi="98" ten="30,4000,0" yaku="1,1,2,1,0,1,53,0" doraHai="12" doraHaiUra="36" who="1" fromWho="1" sc="373,-22,240,66,117,-12,250,-12" /><INIT seed="1,0,0,2,4,95" ten="351,306,105,238" oya="1" hai0="1,109,24,20,18,68,126,76,17,45,2,66,41" hai1="127,14,55,91,114,30,99,42,47,115,3,60,90" hai2="28,113,15,34,8,40,4,56,5,135,26,67,10" hai3="130,116,19,121,72,112,108,70,35,37,52,49,75"/><U44/><E3/><V54/><F67/><W6/><RYUUKYOKU type="yao9" ba="0,0" sc="351,0,306,0,105,0,238,0" hai3="6,19,35,37,49,52,70,72,75,108,112,116,121,130" /><INIT seed="1,1,0,1,1,18" ten="351,306,105,238" oya="1" hai0="121,109,124,36,131,37,99,128,96,13,10,53,89" hai1="110,7,82,72,118,98,43,77,22,66,28,42,56" hai2="5,55,78,135,92,1,100,90,63,30,27,31,26" hai3="80,46,65,93,95,64,45,85,57,48,113,116,50"/><U9/><E118/><V94/><F135/><W86/><G113/><T126/><D109/><U49/><E110/><V54/><F78/><W114/><G114/><T75/><D75/><U81/><E81/><V11/><F100/><W0/><G0/><T52/><D121/><U16/><E28/><V106/><F106/><W91/><G57/><T117/><D117/><U79/><E79/><V120/><F120/><W29/><G29/><T134/><D37/><U8/><E98/><N who="0" m="37417" /><D89/><U62/><E49/><V44/><F44/><W104/><G104/><T20/><D36/><U12/><REACH who="1" step="1"/><E8/><REACH who="1" ten="351,296,105,238" step="2"/><V76/><F76/><W60/><G116/><T74/><D10/><U83/><E83/><V129/><F129/><N who="0" m="49738" /><D134/><U34/><E34/><V69/><F90/><W3/><G91/><T84/><D74/><U125/><E125/><N who="0" m="48233" /><D84/><U39/><E39/><V108/><F108/><W14/><G86/><T4/><D4/><U32/><E32/><V40/><F11/><W122/><G85/><T47/><D47/><U35/><E35/><V33/><F5/><W19/><G122/><T58/><D58/><U103/><E103/><V112/><F33/><W87/><G87/><T61/><D61/><U15/><AGARI ba="1,1" hai="7,9,12,15,16,22,42,43,56,62,66,72,77,82" machi="15" ten="20,12000,1" yaku="1,1,0,1,7,1,52,1,54,1,53,0" doraHai="18" doraHaiUra="119" who="1" fromWho="1" sc="351,-41,296,133,105,-41,238,-41" /><INIT seed="1,2,0,2,5,22" ten="310,429,64,197" oya="1" hai0="128,87,6,114,66,95,123,94,121,130,96,80,1" hai1="43,14,93,132,25,120,49,78,63,15,12,131,91" hai2="48,69,86,5,58,116,10,65,118,26,90,67,102" hai3="119,54,126,125,24,41,23,9,68,115,122,34,40"/><U38/><E120/><N who="0" m="46153" /><D66/><U39/><E132/><V129/><F129/><N who="0" m="49770" /><D6/><U72/><E131/><V75/><F75/><W16/><G115/><T57/><D1/><U71/><E49/><V103/><F69/><W53/><G68/><T56/><D114/><U88/><E91/><V42/><F67/><W19/><G119/><T8/><D8/><U35/><E78/><V70/><F70/><W134/><G134/><T50/><D50/><U18/><E72/><V61/><F118/><W29/><G122/><T37/><D37/><U46/><E71/><V64/><F64/><W112/><G112/><T47/><D47/><U21/><E63/><V20/><F116/><W106/><G9/><T27/><D27/><U77/><E77/><V45/><F10/><W97/><G41/><T104/><D57/><U89/><E89/><V133/><F5/><W74/><G40/><T92/><D56/><U110/><E110/><V83/><REACH who="2" step="1"/><F133/><REACH who="2" ten="310,429,54,197" step="2"/><W62/><G74/><T2/><D2/><U113/><E113/><V51/><F51/><W82/><G62/><T99/><D104/><U135/><E135/><V109/><F109/><W100/><G106/><T85/><D85/><U124/><E39/><V33/><F33/><W44/><G34/><T98/><D98/><U73/><E73/><V32/><F32/><W79/><G97/><T11/><D11/><U76/><E35/><V31/><AGARI ba="2,1" hai="20,26,31,42,45,48,58,61,65,83,86,90,102,103" machi="31" ten="20,8000,1" yaku="1,1,0,1,7,1,8,1,52,1,53,0" doraHai="22" doraHaiUra="30" who="2" fromWho="2" sc="310,-22,429,-42,54,96,197,-22" /><INIT seed="2,0,0,4,5,60" ten="288,387,150,175" oya="2" hai0="101,119,46,127,65,25,112,64,86,130,115,13,106" hai1="135,57,89,38,100,17,87,63,52,45,108,103,39" hai2="133,56,94,102,9,59,14,27,83,74,134,70,96" hai3="98,34,120,84,113,109,41,61,19,58,118,111,32"/><V76/><F70/><W91/><G118/><T132/><D119/><U78/><E78/><V15/><F15/><W1/><G120/><T29/><D127/><U28/><E108/><N who="3" m="41546" /><G113/><T36/><D132/><N who="2" m="50794" /><F27/><W123/><G123/><T53/><D130/><U26/><E135/><V97/><F96/><W80/><G1/><T2/><D2/><U18/><E18/><AGARI ba="0,0" hai="9,14,18,56,59,74,76,83,94,97,102" m="50794" machi="18" ten="30,1500,0" yaku="20,1" doraHai="60" who="2" fromWho="1" sc="288,0,387,-15,150,15,175,0" /><INIT seed="2,1,0,0,0,62" ten="288,372,165,175" oya="2" hai0="35,83,61,20,84,112,125,123,43,11,26,41,31" hai1="8,116,38,29,100,99,25,48,50,44,37,17,3" hai2="124,79,132,40,58,27,53,126,0,77,55,101,97" hai3="71,128,59,23,129,121,85,1,63,75,2,32,57"/><V103/><F0/><W18/><G75/><T72/><D112/><U102/><E116/><V92/><F132/><W109/><G32/><T30/><D123/><U110/><E110/><V108/><F108/><W130/><G109/><T45/><D72/><U12/><E3/><N who="3" m="1034" /><G121/><T105/><D105/><U24/><E50/><V89/><F40/><W94/><G71/><T67/><D125/><N who="2" m="48234" /><F27/><N who="3" m="14839" /><G63/><T69/><D11/><U13/><E13/><V107/><F103/><W46/><G46/><T88/><D43/><U66/><E102/><V16/><F16/><W65/><G65/><T33/><REACH who="0" step="1"/><D31/><REACH who="0" ten="278,372,165,175" step="2"/><U73/><E29/><V98/><F53/><W122/><G122/><T9/><D9/><U106/><E8/><V28/><F28/><W54/><G54/><T96/><D96/><U47/><E99/><V4/><F4/><W60/><G130/><T133/><D133/><U115/><E115/><V14/><F14/><W135/><G135/><T119/><D119/><U113/><E12/><V86/><F97/><W134/><G134/><T80/><D80/><U127/><E127/><V34/><F34/><W90/><G129/><T21/><D21/><U5/><E5/><V68/><F55/><W114/><G114/><T104/><D104/><U78/><E113/><V117/><F117/><W91/><G128/><T81/><D81/><U42/><E42/><V111/><F111/><W74/><G94/><T76/><D76/><U49/><E106/><V131/><F131/><W51/><G74/><T64/><D64/><U95/><E66/><V36/><F107/><W10/><G10/><T56/><D56/><RYUUKYOKU ba="1,1" sc="278,30,372,-10,165,-10,175,-10" hai0="20,26,30,33,35,41,45,61,67,69,83,84,88" /><INIT seed="3,2,1,0,2,114" ten="308,362,155,165" oya="3" hai0="74,57,90,86,82,111,103,66,79,130,26,119,106" hai1="31,128,93,10,112,9,126,88,68,28,3,8,51" hai2="87,15,69,94,62,2,33,27,5,45,60,1,42" hai3="64,16,125,58,118,47,61,102,29,131,99,132,123"/><W65/><G123/><T115/><D115/><U124/><E112/><V11/><F33/><W83/><G118/><T113/><D113/><U44/><E128/><V25/><F1/><W59/><G131/><T122/><D130/><U18/><E68/><V75/><F75/><W34/><G125/><N who="1" m="48234" /><E18/><V98/><F2/><W63/><G132/><T135/><D122/><U7/><E7/><V4/><F4/><W77/><G47/><T76/><D135/><U56/><E56/><V101/><F87/><W17/><G29/><T84/><D111/><U81/><E81/><V105/><F105/><W95/><G34/><T49/><D119/><U121/><E3/><V97/><F97/><W13/><G13/><T71/><D79/><U37/><E37/><V133/><F133/><W91/><G102/><T12/><D71/><U14/><E14/><V73/><F73/><AGARI ba="2,1" hai="16,17,58,59,61,63,64,65,73,77,83,91,95,99" machi="73" ten="30,5800,0" yaku="7,1,9,1,54,1" doraHai="114" who="3" fromWho="2" sc="308,0,362,0,155,-64,165,74" /><INIT seed="3,3,0,3,3,131" ten="308,362,91,239" oya="3" hai0="33,109,37,50,82,61,35,94,128,127,25,89,21" hai1="24,118,10,124,108,123,103,83,43,115,85,113,34" hai2="105,107,52,75,22,98,79,44,72,130,69,90,99" hai3="63,135,36,134,15,16,65,59,45,6,11,74,46"/><W96/><G74/><T39/><D128/><U54/><E123/><V9/><F69/><W95/><G6/><T133/><D109/><U84/><E108/><V110/><F110/><W66/><G65/><T62/><D82/><U97/><E43/><V26/><F130/><W1/><G1/><T5/><D5/><U81/><E54/><V78/><F9/><W125/><G125/><T19/><D127/><U27/><E124/><V40/><F40/><W13/><G13/><T4/><D4/><U77/><E10/><V14/><F14/><W29/><G29/><T100/><D100/><U111/><E111/><V38/><F38/><W122/><G122/><T23/><D50/><U41/><E41/><V56/><F44/><W58/><G58/><T93/><D25/><U106/><E118/><V67/><F67/><W71/><G71/><T51/><D51/><U88/><REACH who="1" step="1"/><E34/><REACH who="1" ten="308,352,91,239" step="2"/><V119/><F119/><W70/><G36/><T60/><D35/><U3/><E3/><V104/><F52/><W116/><G116/><T76/><D33/><U53/><E53/><V64/><F64/><W18/><G70/><T120/><D120/><U47/><E47/><V114/><F22/><W32/><G32/><T2/><D23/><U68/><E68/><V112/><F56/><W102/><G46/><T20/><D20/><U91/><E91/><V8/><F8/><W121/><G121/><T12/><D2/><U42/><E42/><V129/><F129/><W17/><G45/><T126/><D126/><U87/><E87/><V80/><F90/><W86/><G86/><T101/><D39/><RYUUKYOKU ba="3,1" sc="308,-15,352,15,91,-15,239,15" hai1="24,27,77,81,83,84,85,88,97,103,106,113,115" hai3="11,15,16,17,18,59,63,66,95,96,102,134,135" /><INIT seed="3,4,1,2,4,0" ten="293,367,76,254" oya="3" hai0="118,83,40,74,20,18,84,42,82,123,100,114,57" hai1="132,29,61,129,38,106,37,54,7,4,89,131,98" hai2="113,101,17,124,33,88,78,93,105,50,107,103,5" hai3="120,60,59,96,11,66,85,48,121,115,21,41,2"/><W49/><G115/><T46/><D118/><U23/><E132/><V70/><F113/><W22/><G96/><T28/><D123/><U122/><E122/><V92/><F33/><W10/><G2/><T58/><D114/><U62/><E29/><V108/><F70/><W77/><G121/><T51/><D42/><U6/><E23/><N who="3" m="8714" /><G120/><T39/><D39/><U36/><E54/><V47/><F108/><W27/><G27/><T14/><D100/><N who="2" m="38474" /><F124/><W79/><G85/><T135/><D135/><U32/><E32/><V117/><F117/><W56/><G56/><T13/><D28/><U125/><E125/><V111/><F111/><W97/><G97/><T63/><D14/><U112/><E112/><V134/><F134/><W55/><G41/><T30/><D30/><U67/><E67/><V25/><F105/><W69/><G69/><T86/><D74/><U68/><E68/><V9/><F107/><W3/><G3/><T81/><D58/><U99/><E106/><V128/><F128/><N who="1" m="49225" /><E99/><N who="2" m="57735" /><F78/><N who="3" m="29707" /><G66/><AGARI ba="4,1" hai="13,18,20,40,46,51,57,63,66,81,82,83,84,86" machi="66" ten="40,1300,0" yaku="8,1" doraHai="0" who="0" fromWho="3" sc="293,35,367,0,76,0,254,-25" /><INIT seed="4,0,0,2,0,22" ten="328,367,76,229" oya="0" hai0="60,114,34,80,87,78,125,79,49,124,106,53,56" hai1="37,134,99,51,69,47,130,8,117,17,129,33,4" hai2="55,10,75,20,7,48,89,115,12,15,9,40,88" hai3="77,41,61,11,50,14,62,19,104,30,32,128,1"/><T96/><D114/><U121/><E117/><V101/><F115/><W107/><G128/><N who="1" m="49258" /><E121/><V63/><F75/><W83/><G1/><T86/><D34/><U2/><E69/><V39/><F101/><W110/><G110/><T71/><D71/><U29/><E134/><V3/><F3/><W113/><G113/><T67/><D106/><U18/><E37/><V76/><F76/><W135/><G135/><T70/><D96/><U24/><E99/><V44/><F63/><W102/><G102/><T73/><D79/><U103/><E103/><V52/><F20/><W72/><G107/><T26/><REACH who="0" step="1"/><D26/><REACH who="0" ten="318,367,76,229" step="2"/><U66/><E66/><V58/><REACH who="2" step="1"/><F55/><AGARI ba="0,1" hai="2,4,8,17,18,24,29,33,47,51,55" m="49258" machi="55" ten="30,2000,0" yaku="19,1,52,1" doraHai="22" who="1" fromWho="2" sc="318,0,367,30,76,-20,229,0" /><INIT seed="5,0,0,0,5,103" ten="318,397,56,229" oya="1" hai0="28,127,101,34,9,123,36,94,25,4,102,32,48" hai1="38,120,124,40,96,60,65,81,74,59,61,2,129" hai2="55,113,75,95,18,86,17,82,80,35,51,22,122" hai3="112,66,79,57,115,88,5,11,84,10,58,29,31"/><U73/><E120/><V37/><F122/><W132/><G79/><T6/><D123/><U128/><E2/><V85/><F35/><W92/><G132/><T119/><D119/><U107/><E124/><V67/><F37/><W100/><G100/><T15/><D36/><U26/><E26/><V91/><F75/><W121/><G121/><T39/><D39/><U130/><E81/><V72/><F72/><N who="1" m="27753" /><E61/><V117/><F117/><W133/><G133/><T69/><D34/><U83/><E83/><V131/><F131/><W27/><G11/><T42/><D69/><U30/><E30/><V106/><F113/><N who="3" m="43595" /><G66/><T135/><D135/><U47/><E96/><V50/><F106/><AGARI ba="0,0" hai="38,40,47,59,60,65,106,107,128,129,130" m="27753" machi="106" ten="40,7700,0" yaku="19,1,52,2" doraHai="103" who="1" fromWho="2" sc="318,0,397,77,56,-77,229,0" owari="318,12.0,474,57.0,-21,-52.0,229,-17.0" /></mjloggm>