<mjloggm ver="2.3"><GO type="169" lobby="0"/><UN n0="%4B%57" n1="%E3%81%A4%E3%82%89%E3%81%84%E3%80%82" n2="%79%6F%74%65%72%75" n3="%28%3B%E3%83%BB%E2%88%80%E3%83%BB%29" dan="16,16,18,16" rate="2024.42,2106.25,2243.20,2179.08" sx="M,M,F,M"/><TAIKYOKU oya="0"/><INIT seed="0,0,0,1,0,63" ten="250,250,250,250" oya="0" hai0="12,109,9,115,43,5,62,28,41,81,114,87,79" hai1="21,110,76,8,7,22,54,6,132,107,52,116,49" hai2="124,13,127,128,4,123,74,84,72,26,48,125,31" hai3="66,53,17,103,35,120,118,95,80,135,111,0,24"/><T71/><D109/><U10/><E116/><V94/><F123/><W34/><G0/><T122/><D122/><U50/><E76/><V126/><F128/><W108/><G118/><T105/><D105/><U11/><E107/><V86/><N who="2" m="31744" /><DORA hai="36" /><V88/><F84/><W89/><G135/><T2/><D28/><U78/><E78/><V134/><F134/><W112/><G112/><T29/><D29/><U19/><E132/><V25/><F48/><N who="1" m="18537" /><E110/><N who="3" m="42026" /><G53/><N who="1" m="20586" /><E19/><V30/><F13/><W96/><G80/><T27/><D27/><U38/><E38/><V15/><F15/><W91/><G66/><T65/><REACH who="0" step="1"/><D2/><REACH who="0" ten="240,250,250,250" step="2"/><U101/><E101/><V16/><F31/><W39/><G103/><T51/><D51/><U77/><E77/><V46/><F46/><W90/><G39/><T102/><D102/><U97/><E97/><V73/><F30/><W56/><G120/><T1/><D1/><U98/><E98/><V82/><F26/><W47/><G24/><T70/><D70/><U59/><E59/><V40/><F25/><W37/><G56/><T117/><D117/><U100/><E100/><V129/><F129/><W121/><G121/><T104/><D104/><U42/><E42/><AGARI ba="0,1" hai="5,9,12,41,42,43,62,65,71,79,81,87,114,115" machi="42" ten="40,18000,2" yaku="1,1,52,4,53,2" doraHai="63,36" doraHaiUra="58,57" who="0" fromWho="1" sc="240,190,250,-180,250,0,250,0" /><INIT seed="0,1,0,4,5,30" ten="430,70,250,250" oya="0" hai0="37,120,21,1,90,100,67,122,111,61,22,63,38" hai1="97,36,45,84,11,91,35,33,115,126,93,5,16" hai2="56,89,53,65,82,77,74,118,135,87,73,50,70" hai3="31,121,108,23,107,43,117,44,109,8,20,55,112"/><T124/><D124/><U46/><E126/><V71/><F135/><W12/><G112/><T92/><D1/><U60/><E115/><V83/><F118/><W58/><G117/><T3/><D3/><U85/><E60/><V113/><F113/><W15/><G107/><T130/><D130/><U26/><E36/><V57/><REACH who="2" step="1"/><F74/><REACH who="2" ten="430,70,240,250" step="2"/><W10/><G121/><T96/><D122/><U51/><E46/><V68/><F68/><W7/><G109/><T131/><D111/><U80/><E85/><V119/><F119/><W24/><G108/><T99/><D120/><U27/><E84/><V104/><F104/><W48/><G20/><T39/><D131/><U64/><E45/><V123/><F123/><W32/><G23/><T98/><D99/><U25/><E97/><V34/><F34/><W81/><G81/><T0/><D22/><U128/><E35/><V59/><F59/><W116/><G116/><T79/><D21/><U114/><E33/><V78/><F78/><W47/><REACH who="3" step="1"/><G43/><REACH who="3" ten="430,70,240,240" step="2"/><T94/><D79/><U29/><E80/><V132/><F132/><W28/><G28/><T110/><D110/><U127/><E29/><V125/><F125/><W134/><G134/><T49/><D98/><U13/><E127/><V6/><F6/><AGARI ba="1,2" hai="6,7,8,10,12,15,24,31,32,44,47,48,55,58" machi="6" ten="30,12000,2" yaku="1,1,7,1,9,1,52,1,53,2" doraHai="30" doraHaiUra="4" who="3" fromWho="2" sc="430,0,70,0,240,-123,240,143" /><INIT seed="1,0,0,5,3,113" ten="430,70,117,383" oya="1" hai0="7,133,115,90,86,13,36,12,132,121,106,119,135" hai1="52,45,95,87,55,99,43,20,98,34,6,30,67" hai2="37,38,89,124,92,94,120,58,4,130,117,46,18" hai3="75,50,74,126,77,76,96,68,110,11,82,69,127"/><U8/><E34/><V51/><F120/><W47/><G110/><T109/><D115/><U118/><E118/><V80/><F4/><W31/><G31/><T129/><D109/><U29/><E67/><V25/><F117/><W54/><G96/><T59/><D119/><U1/><E87/><V111/><F111/><W32/><G32/><T26/><D129/><U14/><E99/><V93/><F124/><N who="3" m="47659" /><G11/><T78/><D36/><U84/><E84/><V35/><F58/><W21/><G21/><T24/><D121/><U79/><E79/><V44/><F44/><W66/><G66/><T28/><D106/><U107/><E107/><V73/><F89/><W19/><G19/><T39/><D39/><U72/><E72/><V17/><F130/><W42/><G42/><T10/><D78/><U134/><E134/><V97/><F38/><W62/><G62/><T128/><D128/><U114/><E114/><V57/><F57/><W3/><G3/><T41/><D41/><U33/><E33/><V0/><F0/><W125/><G125/><T91/><D59/><U61/><E1/><V15/><F37/><W88/><G88/><N who="0" m="33835" /><D86/><U2/><E2/><V85/><F97/><W56/><G56/><T104/><D104/><U53/><E61/><V116/><F73/><W16/><G16/><N who="0" m="8215" /><D28/><N who="1" m="10859" /><E20/><N who="2" m="13463" /><F35/><W102/><G102/><T81/><D81/><AGARI ba="0,0" hai="47,50,54,68,69,74,75,76,77,81,82" m="47659" machi="81" ten="30,1000,0" yaku="18,1" doraHai="113" who="3" fromWho="0" sc="430,-10,70,0,117,0,383,10" /><INIT seed="2,0,0,4,4,1" ten="420,70,117,393" oya="2" hai0="93,82,49,47,19,114,78,6,88,85,99,83,100" hai1="110,133,58,113,80,75,70,77,53,14,56,101,64" hai2="79,98,28,48,108,15,134,68,103,87,17,131,7" hai3="92,119,13,130,117,67,121,135,107,23,32,60,72"/><V39/><F39/><W95/><G23/><T46/><D114/><U52/><E113/><V43/><F68/><W91/><G13/><T123/><D123/><U116/><E116/><V89/><F131/><W74/><G60/><T31/><D31/><U51/><E110/><V81/><F134/><W25/><G25/><T41/><D6/><U94/><E133/><V42/><F108/><W69/><G67/><T26/><D46/><U21/><E70/><V27/><F79/><W102/><G102/><T73/><D19/><U90/><E64/><V104/><F48/><W125/><G91/><T105/><REACH who="0" step="1"/><D26/><REACH who="0" ten="410,70,117,393" step="2"/><U11/><E101/><V57/><F7/><W29/><G29/><T4/><D4/><U35/><E35/><V129/><F129/><W44/><G44/><T37/><D37/><U124/><E21/><V3/><F3/><W62/><G121/><T96/><D96/><U55/><E124/><V132/><F132/><W84/><G125/><T38/><D38/><U24/><E24/><V126/><F126/><W30/><G30/><T16/><D16/><U0/><E0/><V109/><F109/><W2/><G130/><T66/><D66/><U115/><E115/><V8/><REACH who="2" step="1"/><F57/><REACH who="2" ten="410,70,107,393" step="2"/><W34/><G135/><T9/><D9/><U20/><E58/><V71/><F71/><W40/><G69/><T111/><D111/><U36/><E36/><V12/><F12/><W127/><G127/><T122/><D122/><U65/><E56/><V118/><F118/><W59/><G59/><T106/><AGARI ba="0,2" hai="41,47,49,73,78,82,83,85,88,93,99,100,105,106" machi="106" ten="30,4000,0" yaku="1,1,0,1,54,1,53,0" doraHai="1" doraHaiUra="5" who="0" fromWho="0" sc="410,60,70,-10,107,-20,393,-10" /><INIT seed="3,0,0,0,5,24" ten="470,60,87,383" oya="3" hai0="117,29,1,94,100,99,73,25,26,108,38,80,128" hai1="9,72,36,97,107,112,21,53,37,110,95,109,5" hai2="14,56,127,46,34,131,62,16,30,135,119,64,76" hai3="114,50,96,2,89,134,132,122,42,88,15,51,52"/><W101/><G2/><T105/><D117/><U35/><E35/><V90/><F119/><W19/><G50/><T22/><D38/><U111/><E112/><V28/><F34/><W43/><G43/><T32/><D108/><U123/><E123/><V113/><F113/><W44/><G42/><T87/><D128/><U85/><E72/><V86/><F131/><W33/><G33/><T66/><D1/><U92/><E53/><V98/><F127/><W54/><G54/><T40/><D40/><U84/><E107/><V126/><F135/><N who="3" m="51755" /><G122/><T7/><D7/><U121/><E121/><V83/><F46/><W93/><G114/><T48/><D48/><U79/><E21/><AGARI ba="0,0" hai="15,19,21,44,51,52,88,89,93,96,101" m="51755" machi="21" ten="30,5800,0" yaku="20,1,54,2" doraHai="24" who="3" fromWho="1" sc="470,0,60,-58,87,0,383,58" /><INIT seed="3,1,0,5,0,17" ten="470,2,87,441" oya="3" hai0="102,21,2,83,123,53,25,122,80,35,8,88,36" hai1="100,77,1,127,37,48,6,85,43,62,38,56,60" hai2="94,129,79,27,97,108,128,45,11,91,19,114,23" hai3="96,93,111,67,64,61,65,116,31,104,117,118,73"/><W71/><G73/><T50/><D36/><N who="1" m="13931" /><E100/><V49/><F108/><W72/><G72/><T5/><D35/><U86/><E1/><V75/><F114/><W121/><G121/><T109/><D109/><U0/><E0/><V105/><F105/><W7/><G7/><T69/><D69/><U132/><E6/><V57/><F57/><W95/><G111/><T87/><D102/><U16/><E16/><V15/><F79/><W59/><G104/><T55/><D83/><U51/><E77/><V107/><F75/><W12/><G12/><T98/><D98/><U134/><E127/><V74/><F74/><W92/><G31/><T119/><D119/><U84/><E43/><V103/><F103/><W135/><G135/><N who="1" m="51754" /><E56/><V99/><F99/><W26/><G26/><T29/><D55/><U120/><E120/><V131/><F107/><W113/><G71/><T28/><D29/><U89/><E89/><V54/><F27/><W41/><G96/><T110/><D110/><U9/><E9/><AGARI ba="1,0" hai="9,11,15,19,23,45,49,54,91,94,97,128,129,131" machi="9" ten="40,2600,0" yaku="19,1,52,1" doraHai="17" who="2" fromWho="1" sc="470,0,2,-29,87,29,441,0" owari="470,57.0,-27,-53.0,116,-28.0,441,24.0" /></mjloggm>