<mjloggm ver="2.3"><GO type="169" lobby="0"/><UN n0="%E9%BB%92%E7%8C%AB%73%69%6E" n1="%28%3B%E3%83%BB%E2%88%80%E3%83%BB%29" n2="%4B%57" n3="%E5%A4%A9%E7%A5%9E%E9%B3%B3%E4%BD%8D" dan="17,16,16,16" rate="2224.18,2173.27,2025.88,2111.08" sx="M,M,M,M"/><TAIKYOKU oya="0"/><INIT seed="0,0,0,2,1,135" ten="250,250,250,250" oya="0" hai0="53,99,57,16,107,62,22,70,35,9,106,69,7" hai1="102,91,27,51,85,92,13,15,5,26,20,32,86" hai2="50,21,76,68,66,118,120,124,101,31,110,39,97" hai3="131,24,82,117,109,90,64,134,23,34,123,48,94"/><T89/><D35/><U25/><E32/><V71/><F120/><W3/><G34/><T56/><D56/><U73/><E73/><V88/><F39/><W6/><G117/><T112/><D112/><U96/><E51/><V14/><F118/><W43/><G134/><T111/><D111/><U114/><E114/><V63/><F110/><W128/><G123/><T113/><D113/><U18/><E102/><V55/><F76/><W54/><G109/><T19/><D19/><U75/><E75/><V129/><F129/><N who="3" m="49739" /><G43/><T29/><D29/><U87/><E13/><V30/><F71/><W60/><G82/><T127/><D106/><U93/><REACH who="1" step="1"/><E92/><REACH who="1" ten="250,240,250,250" step="2"/><V83/><F101/><W10/><G48/><T72/><D72/><U80/><E80/><V49/><F49/><W126/><G94/><T59/><D107/><U67/><E67/><V122/><F14/><W2/><G64/><T133/><D133/><U78/><E78/><V77/><F77/><W45/><G3/><T41/><D89/><U98/><E98/><V11/><F97/><W1/><G90/><T119/><D99/><U46/><E46/><V42/><F66/><W44/><G1/><T28/><D119/><U100/><E100/><V79/><F79/><W104/><G104/><T58/><D62/><U84/><N who="1" m="21504" /><DORA hai="125" /><U105/><E105/><V40/><F63/><W12/><G2/><T61/><D61/><U130/><E130/><V17/><F88/><W65/><G65/><T103/><D103/><U37/><E37/><V116/><F116/><W0/><G0/><T132/><D132/><U74/><E74/><RYUUKYOKU ba="0,1" sc="250,-10,240,30,250,-10,250,-10" hai1="5,15,18,20,25,26,27,91,93,96" /><INIT seed="1,1,1,5,5,25" ten="240,270,240,240" oya="1" hai0="131,63,122,84,89,53,82,70,15,20,94,67,3" hai1="27,120,24,56,133,9,81,75,0,124,18,7,91" hai2="29,119,31,117,21,96,106,41,1,132,76,22,44" hai3="103,64,109,71,115,54,39,113,36,38,112,110,86"/><U78/><E120/><V111/><F1/><W77/><G86/><T47/><D3/><U2/><E2/><V97/><F76/><W16/><G103/><T48/><D122/><U134/><E124/><V73/><F73/><W46/><G77/><T34/><D34/><U66/><E91/><V104/><F44/><W37/><G16/><T83/><D131/><U69/><E69/><V123/><F41/><N who="3" m="22847" /><G54/><T5/><D5/><U88/><E18/><V43/><F43/><W33/><G33/><T98/><D98/><U72/><E72/><V125/><F123/><W121/><G121/><T26/><REACH who="0" step="1"/><D15/><REACH who="0" ten="230,270,240,240" step="2"/><U14/><E0/><V8/><F97/><W58/><G58/><T51/><D51/><U12/><E12/><V55/><F96/><W127/><G127/><T92/><D92/><U59/><E56/><V85/><F125/><W23/><G23/><T118/><D118/><U61/><REACH who="1" step="1"/><E88/><REACH who="1" ten="230,260,240,240" step="2"/><V107/><F119/><W95/><G95/><T68/><D68/><U60/><E60/><AGARI ba="1,3" hai="36,37,38,60,64,71,109,110,112,113,115" m="22847" machi="60" ten="40,5200,0" yaku="23,1,34,2" doraHai="25" who="3" fromWho="1" sc="230,0,260,-55,240,0,240,85" /><INIT seed="2,0,0,4,5,9" ten="230,205,240,325" oya="2" hai0="70,135,106,13,111,37,54,6,59,81,123,31,12" hai1="101,104,113,114,8,63,17,78,120,69,22,51,129" hai2="40,117,105,124,64,92,109,1,18,55,133,110,15" hai3="23,74,65,67,75,19,84,86,11,32,38,99,46"/><V0/><F117/><W10/><G32/><T80/><D123/><U41/><E120/><V30/><F105/><W44/><G23/><T134/><D70/><U27/><E129/><V94/><F133/><N who="0" m="50698" /><D37/><U107/><E78/><V100/><F124/><W118/><G99/><T131/><D131/><U43/><E43/><V57/><F40/><W73/><G38/><T47/><D47/><U90/><E41/><V29/><F64/><W85/><G19/><T108/><D31/><N who="2" m="11786" /><F94/><W89/><G89/><T130/><D106/><U66/><E51/><N who="2" m="30975" /><F92/><W21/><G21/><T5/><D130/><U115/><E101/><V34/><F100/><W121/><G121/><T61/><D108/><N who="2" m="41578" /><F34/><W26/><G118/><T45/><D45/><U91/><E104/><V49/><F49/><W4/><G46/><T77/><D111/><U56/><E107/><V127/><F127/><W2/><G44/><T98/><D98/><U25/><E69/><V83/><F83/><N who="0" m="31818" /><D77/><U82/><E82/><V3/><F3/><W33/><G2/><T119/><D119/><U24/><E91/><V87/><F87/><W132/><G85/><T53/><D53/><U126/><E90/><V48/><F48/><W128/><G86/><T76/><D76/><U97/><E97/><V95/><F95/><W52/><G84/><T58/><D58/><U62/><E126/><V116/><F116/><W16/><G132/><T71/><D71/><U35/><E35/><V122/><F122/><W36/><G33/><T42/><D42/><U72/><E63/><V7/><F7/><AGARI ba="0,0" hai="5,6,7,12,13,54,59,61" m="31818,50698" machi="7" ten="30,3900,0" yaku="20,1,52,2" doraHai="9" who="0" fromWho="2" sc="230,39,205,0,240,-39,325,0" /><INIT seed="3,0,0,1,2,71" ten="269,205,201,325" oya="3" hai0="98,24,41,89,94,54,131,109,104,112,69,110,57" hai1="73,1,0,51,101,31,8,81,48,97,88,90,121" hai2="47,134,105,78,96,49,116,72,20,108,93,66,130" hai3="95,42,83,5,64,17,111,75,13,36,16,27,122"/><W34/><G122/><T10/><D69/><U45/><E121/><V87/><F116/><W59/><G95/><T102/><D131/><U67/><E67/><V113/><F113/><W18/><G111/><N who="0" m="42507" /><D112/><U30/><E73/><V100/><F108/><W21/><G34/><T70/><D70/><U99/><E8/><V2/><F66/><W103/><G103/><T126/><D126/><U115/><E115/><V44/><F130/><W128/><G128/><T26/><D41/><U52/><E81/><V123/><F134/><W12/><G75/><T135/><D10/><U120/><E120/><V119/><F119/><W56/><G83/><T68/><D68/><U50/><E101/><V85/><F123/><W23/><G5/><T25/><D135/><U60/><E45/><V114/><F114/><W35/><G18/><T40/><D40/><U80/><E80/><V6/><F72/><W132/><G132/><T14/><D14/><U92/><E60/><V7/><F78/><W9/><G64/><T11/><D11/><U19/><E19/><V76/><F76/><W29/><G9/><T77/><D77/><U3/><E52/><V4/><F2/><W55/><G55/><T61/><D89/><N who="1" m="34411" /><E92/><AGARI ba="0,0" hai="24,25,26,54,57,61,92,94,98,102,104" m="42507" machi="92" ten="30,1000,0" yaku="14,1" doraHai="71" who="0" fromWho="1" sc="269,10,205,-10,201,0,325,0" /><INIT seed="4,0,0,1,0,90" ten="279,195,201,325" oya="0" hai0="70,20,131,123,25,77,9,75,15,87,4,23,21" hai1="126,6,32,111,18,56,125,49,26,53,71,78,28" hai2="16,73,35,101,80,2,94,69,22,10,50,96,61" hai3="7,44,42,1,52,72,31,8,114,51,107,29,134"/><T116/><D70/><U48/><E111/><V118/><F118/><W102/><G114/><T88/><D116/><U83/><E71/><V11/><F35/><W133/><G72/><T68/><D68/><U58/><E6/><V60/><F2/><W33/><G33/><T135/><D123/><U98/><E18/><V124/><F124/><W113/><G113/><T12/><D131/><U104/><E104/><V19/><F19/><W105/><G42/><T130/><D130/><U57/><E98/><V5/><F5/><W65/><G65/><T84/><D135/><N who="3" m="51721" /><G102/><T64/><D64/><U54/><REACH who="1" step="1"/><E57/><REACH who="1" ten="279,185,201,325" step="2"/><V121/><F69/><W108/><G108/><T43/><D4/><U92/><E92/><V0/><F94/><W45/><G105/><T30/><D30/><N who="3" m="11273" /><G107/><T127/><D127/><U129/><E129/><V13/><F96/><W39/><G39/><T37/><D37/><U115/><E115/><V122/><F122/><W63/><G7/><T97/><D97/><U74/><AGARI ba="0,1" hai="26,28,32,48,49,53,54,56,58,74,78,83,125,126" machi="74" ten="30,7900,0" yaku="1,1,0,1,9,1,53,1" doraHai="90" doraHaiUra="106" who="1" fromWho="1" sc="279,-39,185,89,201,-20,325,-20" /><INIT seed="5,0,0,4,3,1" ten="240,274,181,305" oya="1" hai0="129,53,134,112,59,61,114,69,52,45,127,82,11" hai1="36,84,118,132,33,24,103,25,107,63,68,80,32" hai2="14,122,22,87,117,77,16,125,78,60,50,98,70" hai3="97,37,104,85,76,121,90,3,65,40,106,51,58"/><U2/><E118/><V48/><F122/><W9/><G121/><T47/><D82/><U18/><E36/><V54/><F125/><W29/><G29/><T96/><D96/><U128/><E2/><V28/><F117/><W13/><G3/><T123/><D123/><U102/><E128/><V12/><F28/><W110/><G110/><T99/><D99/><U124/><E124/><V75/><F75/><W100/><G76/><T73/><D73/><U86/><E63/><V20/><F98/><W64/><G37/><T5/><D127/><U108/><E68/><V10/><F22/><W27/><G27/><T109/><D109/><U101/><E18/><V57/><F87/><W34/><G34/><T30/><D129/><U94/><E108/><V81/><F81/><W111/><G111/><T74/><D74/><U46/><E80/><V15/><F70/><W44/><G58/><N who="0" m="35015" /><D69/><U35/><E46/><V17/><F14/><W91/><G106/><T38/><D30/><U133/><E94/><V71/><REACH who="2" step="1"/><F71/><REACH who="2" ten="240,274,171,305" step="2"/><W31/><G31/><T41/><D112/><U55/><E107/><V92/><F92/><N who="3" m="58407" /><G85/><N who="1" m="32874" /><E55/><V0/><F0/><W23/><G104/><T119/><D114/><U42/><E42/><V62/><F62/><W26/><G23/><T72/><D119/><U88/><E88/><N who="3" m="33834" /><G26/><AGARI ba="0,1" hai="24,25,26,32,33,35,101,102,103,132,133" m="32874" machi="26" ten="40,3900,0" yaku="28,2" doraHai="1" who="1" fromWho="3" sc="240,0,274,49,171,0,305,-39" /><INIT seed="5,1,0,4,0,60" ten="240,323,171,266" oya="1" hai0="99,81,11,17,1,66,83,101,23,109,108,82,118" hai1="50,121,134,3,41,76,45,92,73,113,38,111,103" hai2="19,91,40,69,88,59,86,15,36,85,8,24,7" hai3="75,56,122,135,128,9,14,87,16,132,47,129,104"/><U93/><E121/><V70/><F59/><W126/><G122/><T63/><D118/><U105/><E105/><V90/><F36/><W32/><G75/><T133/><D133/><N who="3" m="51273" /><G104/><T44/><D44/><U130/><E134/><V55/><F40/><W97/><G32/><T72/><D72/><U79/><E3/><V4/><F55/><W89/><G97/><T27/><D11/><U12/><E113/><V102/><F102/><W52/><G47/><T25/><D25/><U49/><E130/><N who="3" m="50282" /><G126/><T28/><D1/><U0/><E0/><V80/><F91/><W61/><G89/><T30/><D108/><U46/><E73/><V98/><F98/><W20/><G87/><T43/><D109/><U74/><E74/><V5/><REACH who="2" step="1"/><F24/><REACH who="2" ten="240,323,161,266" step="2"/><W18/><G20/><T22/><D23/><U71/><E111/><V6/><N who="2" m="1024" /><DORA hai="10" /><V33/><F33/><W94/><G94/><AGARI ba="1,1" hai="8,15,19,69,70,80,85,86,88,90,94" m="1024" machi="94" ten="50,8000,1" yaku="1,1,52,1,54,1,53,2" doraHai="60,10" doraHaiUra="123,64" who="2" fromWho="3" sc="240,0,323,0,161,93,266,-83" /><INIT seed="6,0,0,1,0,20" ten="240,323,254,183" oya="2" hai0="9,98,129,38,22,44,96,18,24,15,54,13,132" hai1="99,12,79,69,63,30,59,42,126,104,46,58,94" hai2="91,73,81,85,103,116,113,32,67,25,21,74,40" hai3="77,17,95,14,19,5,11,37,105,68,86,10,133"/><V82/><F116/><W80/><G105/><T92/><D129/><U49/><E104/><V23/><F113/><W114/><G114/><T36/><D132/><U27/><E126/><V8/><F40/><W60/><G37/><T34/><D34/><U119/><E119/><V102/><F67/><W31/><G133/><T122/><D122/><U112/><E112/><V7/><F32/><W87/><G31/><T134/><D134/><U120/><E120/><V88/><F23/><W48/><G48/><N who="0" m="28935" /><D38/><U93/><E69/><V6/><F74/><W71/><G60/><T124/><D36/><U61/><E79/><V53/><F53/><W16/><REACH who="3" step="1"/><G10/><REACH who="3" ten="240,323,254,173" step="2"/><T0/><D124/><U64/><E63/><V115/><F115/><W127/><G127/><T89/><D0/><U43/><E61/><V3/><F7/><W2/><G2/><T51/><D51/><U57/><E49/><V66/><F66/><W111/><G111/><T110/><D110/><U106/><E64/><V1/><F3/><W135/><G135/><T26/><D96/><U50/><E106/><V47/><F1/><W78/><G78/><T39/><D39/><U76/><E76/><V75/><F6/><AGARI ba="0,1" hai="6,9,13,15,18,22,24,26,89,92,98" m="28935" machi="6" ten="30,3900,0" yaku="8,1,52,2" doraHai="20" who="0" fromWho="2" sc="240,49,323,0,254,-39,173,0" /><INIT seed="7,0,0,5,3,4" ten="289,323,215,173" oya="3" hai0="64,57,46,1,26,130,36,63,3,92,113,102,11" hai1="53,38,31,66,103,127,87,109,62,126,86,125,132" hai2="84,115,70,81,44,24,2,42,41,77,51,14,9" hai3="45,112,123,37,95,28,65,107,33,59,96,128,118"/><W0/><G118/><T105/><D105/><U54/><E109/><V75/><F115/><W93/><G123/><T116/><D116/><U27/><E38/><V29/><F70/><W23/><G112/><T55/><D113/><U79/><E103/><V17/><F2/><W110/><G128/><T20/><D130/><U67/><E132/><V117/><F117/><W7/><G110/><T111/><D111/><U71/><E67/><V72/><F42/><W43/><G33/><AGARI ba="0,0" hai="9,14,17,24,29,33,41,44,51,72,75,77,81,84" machi="33" ten="30,2000,0" yaku="7,1,52,1" doraHai="4" who="2" fromWho="3" sc="289,0,323,0,215,20,173,-20" owari="289,9.0,323,42.0,235,-16.0,153,-35.0" /></mjloggm>