<mjloggm ver="2.3"><GO type="169" lobby="0"/><UN n0="%E3%81%B2%E3%81%AA%E3%81%B3%E3%81%9F%E3%82%AD%E3%83%8E%E3%82%B3" n1="%28%3B%E3%83%BB%E2%88%80%E3%83%BB%29" n2="%E5%A4%A9%E7%A5%9E%E9%B3%B3%E4%BD%8D" n3="%E3%83%91%E3%83%88%E3%82%AB%E3%83%BC%E7%87%83%E3%82%84%E3%81%99" dan="16,16,16,17" rate="2091.66,2188.25,2103.81,2227.72" sx="M,M,M,F"/><TAIKYOKU oya="0"/><INIT seed="0,0,0,0,0,82" ten="250,250,250,250" oya="0" hai0="133,3,68,39,123,95,59,5,83,23,19,47,1" hai1="99,129,4,36,124,58,81,120,70,8,29,37,62" hai2="126,80,10,33,22,53,56,34,65,40,14,111,6" hai3="51,72,2,90,41,134,101,117,55,121,106,103,74"/><T44/><D123/><U54/><E120/><V71/><F111/><W67/><G121/><T91/><D68/><U96/><E124/><V89/><F126/><W131/><G117/><T75/><D133/><U60/><E129/><V115/><F115/><W28/><G2/><T93/><D93/><U105/><E29/><V104/><F104/><W97/><G103/><T26/><D5/><U69/><E81/><V100/><F100/><W27/><G131/><T13/><D26/><U50/><E105/><V110/><F110/><W31/><G41/><T64/><D39/><N who="1" m="14923" /><E8/><V130/><F40/><W108/><G31/><T98/><D75/><U73/><E4/><V87/><F130/><W25/><G25/><T20/><D20/><U127/><E73/><V18/><F65/><W92/><G67/><T42/><D83/><U57/><E96/><V122/><F71/><N who="1" m="27145" /><E99/><V135/><F135/><W24/><G24/><T78/><D78/><U16/><E16/><V7/><F122/><W38/><G38/><T79/><D79/><U88/><E88/><V76/><F89/><W32/><G134/><T52/><D3/><U9/><E9/><V43/><F7/><W132/><G108/><T17/><D1/><U128/><E128/><V119/><F33/><W15/><G132/><T109/><D109/><U77/><E77/><V112/><F34/><W61/><G15/><T85/><D13/><U30/><E30/><V66/><F14/><W45/><G72/><T118/><D98/><U0/><E0/><V113/><F6/><W86/><G74/><T102/><D102/><U11/><E127/><RYUUKYOKU ba="0,0" sc="250,-10,250,-10,250,-10,250,30" hai3="27,28,32,45,51,55,61,86,90,92,97,101,106" /><INIT seed="1,1,0,0,1,47" ten="240,240,240,280" oya="1" hai0="101,66,113,22,83,81,71,9,24,63,103,31,30" hai1="107,42,85,119,89,15,50,100,117,5,1,11,64" hai2="41,135,124,77,65,18,12,73,105,120,69,38,106" hai3="125,49,46,2,59,53,121,88,79,3,87,43,94"/><U130/><E130/><V126/><F18/><W108/><G121/><T57/><D113/><U74/><E74/><V122/><F12/><W75/><G108/><T128/><D128/><U114/><E114/><V112/><F112/><W110/><G110/><T45/><D71/><U28/><E64/><V62/><F77/><W134/><G125/><N who="2" m="48233" /><F73/><W21/><G134/><T56/><D30/><U51/><E42/><V61/><F105/><W20/><G79/><T93/><D56/><U8/><E28/><V98/><F98/><W86/><G75/><T104/><D104/><U54/><E54/><V7/><F7/><W60/><G86/><T40/><D9/><U19/><E100/><V52/><F106/><W82/><REACH who="3" step="1"/><G94/><REACH who="3" ten="240,240,240,270" step="2"/><T91/><D83/><U132/><E107/><V44/><F135/><W78/><G78/><T133/><D81/><U70/><E132/><V23/><F23/><AGARI ba="1,1" hai="2,3,20,21,23,43,46,49,53,59,60,82,87,88" machi="23" ten="40,8000,1" yaku="1,1,52,1,54,1,53,1" doraHai="47" doraHaiUra="55" who="3" fromWho="2" sc="240,0,240,0,240,-83,270,93" /><INIT seed="2,0,0,3,5,83" ten="240,240,157,363" oya="2" hai0="62,31,29,1,104,107,20,44,17,27,108,131,35" hai1="103,117,32,99,67,30,75,79,98,2,128,88,126" hai2="11,28,9,24,36,48,8,70,93,74,102,34,106" hai3="119,114,51,53,122,118,94,22,100,116,57,61,121"/><V124/><F124/><W85/><G114/><T40/><D131/><U54/><E2/><V68/><F36/><W71/><G22/><T69/><D31/><U65/><E117/><V42/><F74/><W78/><G100/><T45/><D1/><U129/><E75/><V37/><F37/><W72/><G72/><T33/><D33/><U112/><E79/><V125/><F125/><W134/><G78/><T25/><D108/><U14/><E126/><V49/><F106/><W105/><G105/><T56/><D69/><U96/><E112/><V52/><F42/><W113/><G113/><T132/><D132/><U39/><E39/><V0/><F49/><W26/><G26/><T101/><D101/><U10/><E103/><V59/><REACH who="2" step="1"/><F0/><REACH who="2" ten="240,240,147,363" step="2"/><W43/><G43/><T23/><D104/><U92/><E129/><V50/><F50/><W18/><G119/><T12/><D107/><U111/><E128/><V19/><F19/><W73/><G118/><T115/><D115/><U38/><E38/><V95/><F95/><W82/><G116/><T60/><D40/><U3/><E3/><V47/><F47/><W16/><G94/><T91/><D45/><U127/><E127/><V64/><F64/><W97/><G73/><T109/><D44/><U58/><E65/><V7/><F7/><W135/><G51/><T77/><D17/><N who="1" m="8407" /><E67/><V123/><F123/><W6/><G122/><T15/><D109/><U4/><E4/><V63/><F63/><W5/><G121/><T133/><D60/><N who="1" m="35927" /><E111/><V120/><F120/><W130/><G130/><T87/><D62/><U46/><E46/><RYUUKYOKU ba="0,1" sc="240,-15,240,15,147,15,363,-15" hai1="30,32,88,92,96,98,99" hai2="8,9,11,24,28,34,48,52,59,68,70,93,102" /><INIT seed="2,1,1,4,4,93" ten="225,255,162,348" oya="2" hai0="4,131,114,63,31,66,78,128,108,121,134,47,82" hai1="104,112,133,2,70,111,38,120,113,48,119,87,97" hai2="73,75,116,72,122,92,36,40,61,10,105,0,21" hai3="32,18,107,13,42,67,89,81,127,109,53,11,69"/><V101/><F116/><W51/><G107/><T58/><D121/><U15/><RYUUKYOKU type="yao9" ba="1,1" sc="225,0,255,0,162,0,348,0" hai1="2,15,38,48,70,87,97,104,111,112,113,119,120,133" /><INIT seed="2,2,1,3,3,66" ten="225,255,162,348" oya="2" hai0="108,84,3,59,124,9,94,88,70,38,1,127,86" hai1="14,0,20,117,109,99,89,34,135,118,25,43,107" hai2="74,90,32,42,52,79,19,131,49,76,57,6,55" hai3="53,82,105,44,83,15,101,95,41,39,97,4,85"/><V40/><F131/><W75/><G75/><T73/><D73/><U30/><E0/><V16/><F32/><W56/><G4/><T5/><D38/><U87/><E109/><V33/><F33/><W8/><G105/><T24/><D108/><U122/><E135/><V78/><F6/><W27/><G27/><T13/><D59/><U2/><E2/><V22/><F74/><W21/><G21/><T132/><D132/><U51/><E122/><V93/><F55/><W123/><G123/><T67/><D24/><U63/><E63/><V128/><F128/><W80/><G15/><T28/><D28/><U47/><E107/><V60/><F60/><W116/><G8/><T58/><D58/><U103/><E99/><N who="2" m="57783" /><F19/><W54/><G54/><T35/><D35/><U112/><E103/><V37/><F37/><W102/><G102/><T110/><D110/><U23/><E112/><V111/><F111/><W121/><G116/><T48/><D48/><U113/><E113/><V96/><F96/><W62/><REACH who="3" step="1"/><G121/><REACH who="3" ten="225,255,162,338" step="2"/><T81/><D3/><U133/><E133/><V69/><F69/><W91/><AGARI ba="2,2" hai="39,41,44,53,56,62,80,82,83,85,91,95,97,101" machi="91" ten="20,5200,0" yaku="1,1,2,1,0,1,7,1,53,0" doraHai="66" doraHaiUra="104" who="3" fromWho="3" sc="225,-15,255,-15,162,-28,338,78" /><INIT seed="3,0,0,1,0,46" ten="210,240,134,416" oya="3" hai0="33,19,110,104,79,101,115,75,96,92,77,43,102" hai1="27,119,5,55,80,105,82,112,54,78,7,52,117" hai2="63,18,125,83,69,9,126,29,134,26,48,12,109" hai3="67,94,86,64,91,65,39,111,114,10,1,89,22"/><W45/><G114/><T14/><D33/><U72/><E112/><V132/><F83/><W123/><G123/><T88/><D115/><U4/><E105/><V21/><F63/><W97/><G111/><T61/><D110/><U74/><E27/><V62/><F62/><W11/><G1/><T118/><D118/><U127/><E127/><N who="2" m="48651" /><F69/><W31/><G39/><T59/><D102/><U103/><E103/><V41/><F41/><W71/><G71/><T73/><D43/><U8/><E8/><V40/><F40/><W13/><G45/><T66/><D75/><U107/><REACH who="1" step="1"/><E107/><REACH who="1" ten="210,230,134,416" step="2"/><V3/><F109/><W15/><G11/><T113/><D113/><U20/><E20/><V124/><N who="2" m="48659" /><V16/><DORA hai="28" /><F3/><W128/><G10/><T53/><D104/><U76/><AGARI ba="0,1" hai="4,5,7,52,54,55,72,74,76,78,80,82,117,119" machi="76" ten="40,8000,1" yaku="1,1,0,1,9,1,54,1,53,0" doraHai="46,28" doraHaiUra="120,108" who="1" fromWho="1" sc="210,-20,230,90,134,-20,416,-40" /><INIT seed="4,0,0,2,5,54" ten="190,320,114,376" oya="0" hai0="93,51,32,101,52,13,10,33,127,42,12,15,120" hai1="38,85,105,103,35,98,81,40,55,95,24,102,70" hai2="99,133,80,110,7,73,107,69,74,115,64,47,14" hai3="114,131,135,129,62,23,56,57,92,121,49,111,2"/><T106/><D120/><U58/><E70/><V28/><F110/><W53/><G2/><T8/><D106/><U65/><E65/><V50/><F115/><W43/><G111/><T31/><D127/><U36/><E40/><V108/><F108/><W26/><G114/><T46/><D32/><U132/><E132/><V84/><F133/><W4/><G135/><T60/><D33/><U20/><E35/><V124/><F28/><W128/><G121/><T37/><D31/><U94/><E36/><V59/><F69/><W18/><G4/><T63/><D37/><U67/><E67/><V86/><F124/><W113/><G113/><T87/><D42/><U117/><E38/><V27/><F27/><W134/><G134/><T77/><D77/><U22/><E117/><V30/><F30/><W72/><G72/><T122/><D87/><U83/><E83/><V76/><F84/><W6/><G6/><T90/><D101/><U119/><E119/><V125/><F125/><W44/><G92/><T41/><D122/><U66/><E66/><V29/><F29/><W68/><G68/><T61/><D41/><U0/><E0/><V11/><F107/><W45/><G62/><T48/><D51/><AGARI ba="0,0" hai="18,23,26,43,44,45,49,51,53,56,57,128,129,131" machi="51" ten="40,5200,0" yaku="19,1,52,2" doraHai="54" who="3" fromWho="0" sc="190,-52,320,0,114,0,376,52" /><INIT seed="5,0,0,4,3,52" ten="138,320,114,428" oya="1" hai0="0,80,67,116,125,105,8,103,4,73,9,22,130" hai1="40,81,82,100,51,115,113,43,34,84,134,10,107" hai2="23,5,110,94,59,31,60,131,56,117,97,15,35" hai3="93,78,90,42,38,85,64,95,112,121,124,77,126"/><U135/><E34/><V16/><F110/><W99/><G121/><T47/><D116/><U123/><E123/><V70/><F117/><W101/><G112/><N who="1" m="43082" /><E82/><V6/><F131/><W62/><G42/><T25/><D130/><U111/><E111/><V89/><F70/><N who="3" m="42263" /><G38/><T36/><D125/><AGARI ba="0,0" hai="77,78,85,90,93,95,99,101,124,125,126" m="42263" machi="125" ten="30,1000,0" yaku="18,1" doraHai="52" who="3" fromWho="0" sc="138,-10,320,0,114,0,428,10" /><INIT seed="6,0,0,4,0,13" ten="128,320,114,438" oya="2" hai0="68,123,71,57,72,67,118,33,95,100,17,77,130" hai1="78,15,79,92,60,135,105,97,24,114,101,131,22" hai2="34,7,58,106,133,88,96,112,107,23,119,102,52" hai3="124,75,86,20,116,80,29,43,51,31,30,50,9"/><V16/><F119/><W14/><G116/><T32/><D118/><U55/><E114/><V129/><F34/><W82/><G75/><T87/><D123/><U45/><E131/><V110/><F112/><W42/><G20/><T38/><D130/><U54/><E135/><V40/><F129/><W26/><G26/><T99/><D38/><U19/><E105/><V35/><F35/><W93/><G93/><T48/><D72/><U46/><E15/><V56/><F133/><W11/><G11/><T94/><D68/><U41/><E46/><V62/><F40/><N who="3" m="15403" /><G82/><T65/><D71/><U10/><E10/><V115/><F115/><W8/><G8/><T103/><D77/><U59/><REACH who="1" step="1"/><E55/><REACH who="1" ten="128,310,114,438" step="2"/><N who="2" m="34143" /><F110/><W76/><G124/><T2/><D2/><U122/><E122/><V21/><F7/><AGARI ba="0,1" hai="7,9,14,29,30,31,50,51,76,80,86" m="15403" machi="7" ten="30,1000,0" yaku="8,1" doraHai="13" who="3" fromWho="2" sc="128,0,310,0,114,-10,438,20" /><INIT seed="7,0,0,3,5,75" ten="128,310,104,458" oya="3" hai0="16,107,102,27,11,81,45,41,82,64,48,84,83" hai1="55,127,119,28,59,79,66,125,26,13,57,56,122" hai2="29,85,135,52,90,112,19,116,62,88,30,114,91" hai3="24,43,110,80,96,130,17,118,9,129,104,133,53"/><W60/><G118/><T71/><D107/><U14/><E122/><V5/><F116/><W103/><G133/><T21/><D102/><U4/><E119/><V87/><F135/><W12/><G110/><T115/><D115/><N who="2" m="44074" /><F5/><W20/><G43/><T94/><D71/><U86/><E66/><V42/><F42/><W44/><G80/><T65/><D11/><U34/><E55/><V89/><N who="2" m="22528" /><DORA hai="15" /><V2/><F2/><W101/><G101/><T68/><D68/><U6/><E6/><V77/><F19/><W97/><G97/><T61/><D94/><U50/><E50/><V32/><F77/><W40/><G60/><T78/><D61/><U134/><E134/><V38/><F38/><W126/><G53/><T1/><D1/><U69/><E69/><V76/><F76/><W46/><G126/><T47/><D65/><U95/><E95/><V36/><F36/><W131/><G40/><N who="0" m="24615" /><D64/><U39/><E39/><V67/><F52/><W7/><AGARI ba="0,0" hai="7,9,12,17,20,24,44,46,96,103,104,129,130,131" machi="7" ten="30,6000,0" yaku="0,1,19,1,52,1" doraHai="75,15" who="3" fromWho="3" sc="128,-20,310,-20,104,-20,458,60" owari="108,-29.0,290,9.0,84,-42.0,518,62.0" /></mjloggm>