<mjloggm ver="2.3"><GO type="169" lobby="0"/><UN n0="%E2%80%A0%E6%B0%B4%E9%8A%80%E7%87%88%E2%80%A0" n1="%E9%9B%AA%E6%9C%88%E9%A2%A8%E8%8A%B1" n2="%E5%8D%83%E7%BE%BD%E9%B4%89" n3="%6F%63%69%6E%70%6F%70%6F" dan="16,16,17,16" rate="2164.51,2213.34,2221.26,2107.54" sx="F,F,F,F"/><TAIKYOKU oya="0"/><INIT seed="0,0,0,4,0,69" ten="250,250,250,250" oya="0" hai0="71,43,68,115,8,135,14,102,82,109,134,32,80" hai1="95,59,81,77,63,120,78,98,49,50,47,29,117" hai2="89,0,18,114,132,74,70,55,9,46,23,30,92" hai3="65,42,90,123,66,20,133,17,13,53,51,108,54"/><T73/><D115/><U21/><E117/><V87/><F70/><N who="0" m="26666" /><D32/><U39/><E120/><V16/><F132/><N who="0" m="50730" /><D109/><U124/><E124/><V36/><F74/><W116/><G116/><T38/><D102/><U64/><E78/><V100/><F100/><W31/><G123/><T12/><D73/><U103/><E39/><V52/><F30/><W5/><G42/><T76/><D76/><U105/><E47/><V1/><F114/><W4/><G53/><T129/><D129/><U60/><E60/><V48/><F55/><W130/><G108/><T118/><D14/><U24/><REACH who="1" step="1"/><E105/><REACH who="1" ten="250,240,250,250" step="2"/><V84/><F36/><W44/><G133/><T112/><D118/><U131/><E131/><V94/><F46/><W104/><G104/><T101/><D112/><U61/><E61/><V88/><F48/><W2/><G130/><T99/><D38/><U22/><E22/><V35/><F35/><W106/><G106/><N who="0" m="63807" /><D43/><U125/><E125/><V83/><F23/><W79/><G79/><T26/><D26/><U75/><AGARI ba="0,1" hai="21,24,29,49,50,59,63,64,75,77,81,95,98,103" machi="75" ten="20,8000,1" yaku="1,1,0,1,7,1,25,2,53,0" doraHai="69" doraHaiUra="34" who="1" fromWho="1" sc="250,-40,240,90,250,-20,250,-20" /><INIT seed="1,0,0,2,0,64" ten="210,330,230,230" oya="1" hai0="1,32,19,23,10,5,67,111,95,65,130,87,101" hai1="90,88,2,53,100,132,131,69,39,24,103,45,92" hai2="37,70,25,0,15,94,22,27,56,89,78,127,6" hai3="68,20,118,114,62,108,99,126,11,93,17,60,40"/><U59/><E69/><V71/><F37/><W109/><G114/><T85/><D32/><U28/><E132/><V38/><F38/><W77/><G126/><T46/><D111/><N who="3" m="42569" /><G40/><T54/><D130/><U79/><E2/><V63/><F78/><W29/><G77/><T57/><D46/><U134/><E134/><V36/><F36/><W104/><G104/><T44/><D44/><U73/><E131/><V16/><F127/><W112/><G112/><T74/><D74/><U42/><E79/><V21/><F0/><W107/><G107/><T117/><D117/><U83/><E83/><V97/><F6/><W81/><G81/><T9/><D9/><U128/><E128/><V52/><F15/><N who="3" m="7423" /><G68/><T31/><D31/><AGARI ba="0,0" hai="16,21,22,25,27,31,52,56,63,70,71,89,94,97" machi="31" ten="30,12000,2" yaku="7,1,25,2,52,2,54,2" doraHai="64" who="2" fromWho="0" sc="210,-120,330,0,230,120,230,0" /><INIT seed="2,0,0,4,3,60" ten="90,330,350,230" oya="2" hai0="44,2,86,118,125,134,133,87,69,36,24,14,115" hai1="22,56,49,48,113,120,70,37,94,63,7,16,132" hai2="111,55,5,32,81,42,3,128,75,119,28,39,110" hai3="26,51,38,20,1,52,76,34,122,68,127,47,121"/><V46/><F55/><W93/><G1/><T19/><D2/><U126/><E113/><V108/><F119/><W33/><G68/><T65/><D115/><U131/><E132/><N who="0" m="50793" /><D125/><U25/><E70/><V85/><F128/><W31/><G127/><T53/><D24/><U23/><E37/><V29/><F32/><W27/><G33/><T11/><D118/><U106/><E106/><V73/><F85/><W96/><G76/><T103/><D103/><U102/><E131/><V9/><F75/><W54/><G38/><T4/><D19/><N who="1" m="12511" /><E7/><V100/><F100/><W17/><REACH who="3" step="1"/><G54/><REACH who="3" ten="90,330,350,220" step="2"/><T83/><D36/><U129/><E126/><V58/><F58/><W135/><G135/><T41/><D53/><U82/><E56/><V57/><F57/><W105/><G105/><T40/><D69/><U77/><E129/><V123/><F123/><W114/><G114/><T61/><D41/><U71/><E120/><V90/><F90/><AGARI ba="0,1" hai="17,20,26,27,31,34,47,51,52,90,93,96,121,122" machi="90" ten="30,7700,0" yaku="1,1,7,1,54,1,53,1" doraHai="60" doraHaiUra="45" who="3" fromWho="2" sc="90,0,330,0,350,-77,220,87" /><INIT seed="3,0,0,3,5,120" ten="90,330,273,307" oya="3" hai0="78,71,100,32,21,104,34,121,54,102,80,95,39" hai1="13,17,124,53,51,130,14,112,119,20,41,63,27" hai2="113,11,77,109,73,3,65,7,108,46,69,103,96" hai3="18,2,126,42,15,92,72,125,85,67,36,89,26"/><W58/><G2/><T82/><D121/><U88/><E119/><V133/><F113/><W116/><G116/><T50/><D39/><U106/><E112/><V44/><F133/><W128/><G72/><T23/><D71/><U93/><E106/><N who="2" m="63847" /><F65/><W105/><G105/><T87/><D104/><U61/><E130/><V55/><F55/><W91/><G26/><T12/><D32/><U114/><E114/><V40/><F69/><W118/><G36/><T38/><D34/><U74/><E74/><V47/><F47/><W134/><G42/><T110/><D38/><U79/><E79/><V5/><F5/><W4/><G4/><T123/><D82/><U29/><E14/><V117/><F117/><W115/><G118/><T22/><D95/><U131/><E41/><V25/><F25/><W86/><G128/><T37/><D37/><U81/><E81/><N who="2" m="45231" /><F40/><W45/><G45/><T10/><D123/><U31/><E131/><V16/><F16/><W107/><G107/><T56/><REACH who="0" step="1"/><D110/><REACH who="0" ten="80,330,273,307" step="2"/><N who="2" m="42602" /><F3/><W24/><G115/><T98/><D98/><U84/><E124/><V62/><F62/><N who="3" m="38359" /><G125/><T33/><D33/><U127/><E127/><V94/><F94/><N who="3" m="54575" /><G126/><T57/><D57/><N who="1" m="32959" /><E31/><V129/><F129/><W35/><G35/><AGARI ba="0,1" hai="13,17,20,27,29,35,61,63,84,88,93" m="32959" machi="35" ten="30,2000,0" yaku="25,1,54,1" doraHai="120" who="1" fromWho="3" sc="80,0,330,30,273,0,307,-20" /><INIT seed="4,0,0,0,2,65" ten="80,360,273,287" oya="0" hai0="10,36,82,4,97,79,117,30,53,85,114,40,59" hai1="41,103,50,57,123,101,43,120,39,51,6,133,98" hai2="42,14,7,125,44,70,129,96,75,71,73,52,1" hai3="90,76,69,12,116,61,131,135,106,3,63,127,134"/><T38/><D117/><U27/><E133/><N who="3" m="50698" /><G3/><T105/><D114/><U100/><E98/><V93/><F1/><W35/><G35/><T26/><D40/><N who="1" m="15435" /><E57/><V58/><F129/><W54/><G106/><T72/><D72/><U124/><E27/><V99/><F125/><W87/><G76/><T62/><D97/><U9/><E9/><V0/><F0/><W20/><G127/><T74/><D105/><U2/><E2/><V102/><F99/><W48/><G69/><T23/><REACH who="0" step="1"/><D74/><REACH who="0" ten="70,360,273,287" step="2"/><U92/><E124/><V17/><F75/><W108/><G116/><T119/><D119/><U84/><E123/><V111/><F73/><W115/><G115/><T56/><D56/><U31/><E120/><V88/><F102/><W60/><G131/><T80/><D80/><U107/><E107/><V77/><F58/><W45/><G108/><T18/><D18/><U29/><E101/><V81/><F17/><N who="3" m="10279" /><G61/><T34/><D34/><U28/><E100/><V5/><F111/><W104/><G104/><T33/><D33/><U110/><E103/><V25/><F81/><AGARI ba="0,1" hai="45,48,54,60,63,81,87,90" m="10279,50698" machi="81" ten="30,1000,0" yaku="20,1" doraHai="65" who="3" fromWho="2" sc="70,0,360,0,273,-10,287,20" /><INIT seed="5,0,0,5,5,58" ten="70,360,263,307" oya="1" hai0="35,112,33,71,114,106,25,34,4,119,0,62,124" hai1="88,38,18,74,107,31,40,36,47,20,7,73,54" hai2="48,109,28,115,80,43,41,127,65,126,3,68,13" hai3="110,96,55,59,61,77,22,66,98,44,2,42,45"/><U117/><E107/><V118/><F3/><W105/><G110/><T132/><D106/><U103/><E38/><V76/><F109/><W52/><G2/><T85/><D85/><U60/><E103/><V97/><F118/><W81/><G22/><T75/><D75/><U135/><E31/><V12/><F115/><N who="0" m="44074" /><D71/><U131/><E117/><V90/><F90/><W92/><G96/><T133/><D119/><U87/><E7/><V113/><F80/><W56/><G66/><T6/><D62/><U24/><E131/><V99/><F68/><W102/><G42/><T78/><D78/><U49/><E135/><N who="0" m="51785" /><D124/><U51/><E36/><V72/><F72/><W1/><G1/><T23/><D0/><U10/><E60/><V27/><F113/><W122/><G122/><T130/><D130/><U121/><E121/><V17/><F126/><W100/><G100/><T94/><D94/><U70/><E70/><V128/><F127/><W64/><G64/><T83/><D83/><N who="1" m="49279" /><E74/><V123/><F128/><W53/><G53/><T101/><D101/><U21/><E73/><V37/><F65/><W108/><G108/><T79/><D79/><U50/><E54/><V111/><F76/><W15/><G105/><T116/><D116/><U67/><E67/><V5/><F111/><W120/><G120/><T9/><D9/><U89/><E10/><V26/><F123/><W134/><G134/><T57/><D57/><U86/><E89/><V39/><F43/><W91/><G91/><T30/><AGARI ba="0,0" hai="4,6,23,25,30,33,34,35" m="51785,44074" machi="30" ten="40,8000,1" yaku="15,1,20,1,34,2" doraHai="58" who="0" fromWho="0" sc="70,80,360,-40,263,-20,307,-20" /><INIT seed="6,0,0,0,5,87" ten="150,320,243,287" oya="2" hai0="82,126,128,134,114,23,65,29,91,16,34,56,77" hai1="2,19,122,45,57,72,116,83,17,11,81,71,12" hai2="10,15,36,121,33,62,79,78,119,69,13,31,50" hai3="110,76,84,44,102,66,7,80,130,109,25,99,127"/><V61/><F36/><W67/><G7/><T9/><D114/><U39/><E71/><V111/><F119/><W85/><G66/><T94/><D128/><U112/><E116/><V124/><F121/><W20/><G127/><T70/><D126/><U52/><E2/><V24/><F124/><W30/><G130/><T129/><D129/><U98/><E112/><V103/><F111/><W8/><G8/><T32/><D70/><U28/><E28/><V115/><F115/><W95/><G44/><T97/><D29/><U105/><E72/><V46/><F103/><W5/><G5/><T100/><D9/><U22/><E105/><V54/><F15/><W88/><REACH who="3" step="1"/><G67/><REACH who="3" ten="150,320,243,277" step="2"/><T48/><D134/><U74/><E11/><V131/><F131/><W120/><G120/><T3/><D3/><U123/><E45/><V106/><F46/><W6/><G6/><T18/><D100/><U51/><E123/><V58/><F10/><W113/><G113/><T49/><D65/><U75/><E122/><V43/><F69/><W104/><AGARI ba="0,1" hai="20,25,30,76,80,84,85,88,95,99,102,104,109,110" machi="104" ten="20,12000,2" yaku="1,1,0,1,7,1,52,1,54,1,53,1" doraHai="87" doraHaiUra="21" who="3" fromWho="3" sc="150,-30,320,-30,243,-60,277,130" /><INIT seed="7,0,0,2,2,42" ten="120,290,183,407" oya="3" hai0="75,48,14,39,116,25,1,63,29,124,99,71,109" hai1="35,13,55,65,73,16,127,92,67,53,129,45,103" hai2="131,47,88,126,134,95,58,118,41,23,101,24,57" hai3="81,64,52,44,86,133,97,32,122,110,119,15,107"/><W78/><G32/><T84/><D109/><U132/><E73/><V54/><F118/><W5/><G119/><T27/><D116/><U4/><E132/><V0/><F0/><W108/><G64/><T26/><D75/><U31/><E129/><V106/><F131/><W60/><G60/><T69/><D1/><U102/><E4/><V114/><F114/><W6/><G15/><T104/><D39/><U130/><E53/><V59/><F126/><W8/><G8/><T33/><D124/><U93/><E127/><V111/><F134/><W90/><G122/><T19/><D84/><U72/><E72/><V20/><F111/><W51/><G133/><T2/><D2/><U40/><E40/><V117/><BYE who="1" /><F117/><UN n1="%E9%9B%AA%E6%9C%88%E9%A2%A8%E8%8A%B1" /><W68/><G68/><T87/><D87/><U85/><E85/><N who="2" m="52623" /><F106/><W77/><G77/><T38/><D38/><U56/><E35/><V21/><F101/><W113/><G113/><T121/><D121/><U62/><E102/><V135/><F135/><W91/><G91/><T112/><D112/><U94/><E103/><V28/><F41/><W123/><G52/><T96/><D71/><U22/><E65/><V61/><F61/><W83/><G5/><T98/><D104/><U70/><E62/><V74/><F74/><W11/><G123/><T12/><D12/><U7/><E67/><V125/><F125/><W105/><G108/><T17/><D48/><AGARI ba="0,0" hai="20,21,23,24,28,47,48,54,57,58,59" m="52623" machi="48" ten="30,3900,0" yaku="8,1,52,1,54,1" doraHai="42" who="2" fromWho="0" sc="120,-39,290,0,183,39,407,0" owari="81,-42.0,290,9.0,222,-18.0,407,51.0" /></mjloggm>