<mjloggm ver="2.3"><GO type="169" lobby="0"/><UN n0="%6F%75%74%E7%A5%AD%E3%82%8A" n1="%E3%83%91%E3%83%88%E3%82%AB%E3%83%BC%E7%87%83%E3%82%84%E3%81%99" n2="%E5%B0%8F%E6%B1%A0%E7%BE%8E%E6%B3%A2%E2%8A%BF" n3="%E3%83%A1%E3%82%AB%E3%82%BC%E3%83%83%E3%83%88%E3%83%B3" dan="17,17,16,16" rate="2204.94,2233.35,2109.56,2133.78" sx="M,F,F,M"/><TAIKYOKU oya="0"/><INIT seed="0,0,0,2,2,81" ten="250,250,250,250" oya="0" hai0="42,113,34,21,109,15,112,19,68,49,9,105,121" hai1="35,43,71,32,51,64,93,123,101,96,14,91,16" hai2="41,116,86,40,39,23,27,1,44,130,100,20,25" hai3="7,50,33,36,59,127,57,65,10,111,6,135,117"/><T76/><D105/><U118/><E118/><V78/><F130/><W84/><G36/><T82/><D68/><U8/><E123/><V97/><F116/><W46/><G33/><T18/><D34/><U61/><E43/><V104/><F1/><W107/><G107/><T125/><D121/><U122/><E122/><V26/><REACH who="2" step="1"/><F41/><REACH who="2" ten="250,250,240,250" step="2"/><W79/><G117/><T70/><D125/><U95/><REACH who="1" step="1"/><E51/><REACH who="1" ten="250,240,240,250" step="2"/><V58/><F58/><W94/><G57/><T103/><D70/><U124/><E124/><V75/><F75/><W24/><G59/><T60/><D49/><U3/><E3/><V73/><F73/><W29/><G50/><T63/><D42/><U133/><E133/><V12/><F12/><W72/><G72/><T89/><D63/><U115/><E115/><V37/><F37/><W126/><G135/><T110/><D60/><U77/><E77/><V22/><F22/><W90/><G79/><T108/><D76/><U11/><E11/><V53/><F53/><W4/><G10/><T17/><D113/><U74/><E74/><V106/><F106/><W132/><G132/><T0/><D112/><U85/><AGARI ba="0,2" hai="8,14,16,32,35,61,64,71,85,91,93,95,96,101" machi="85" ten="20,8000,1" yaku="1,1,0,1,7,1,52,1,54,1,53,0" doraHai="81" doraHaiUra="69" who="1" fromWho="1" sc="250,-40,240,100,240,-20,250,-20" /><INIT seed="1,0,0,3,5,5" ten="210,340,220,230" oya="1" hai0="41,123,75,126,2,74,35,17,3,117,56,131,44" hai1="25,96,70,54,32,80,103,45,94,102,72,122,28" hai2="76,104,69,23,111,51,78,128,42,71,29,77,101" hai3="13,106,31,125,50,121,43,100,95,129,19,55,22"/><U47/><E122/><V8/><F111/><W48/><G121/><T134/><D35/><U57/><E70/><V12/><F128/><W73/><G73/><T65/><D117/><U127/><E127/><V26/><F104/><W83/><G106/><T130/><D123/><U37/><E37/><V64/><F101/><W63/><G129/><N who="0" m="49163" /><D134/><U93/><E72/><N who="0" m="27689" /><D17/><U11/><E80/><V82/><F82/><W30/><G83/><T59/><D126/><U85/><E11/><V86/><F86/><W108/><G108/><T24/><D24/><U135/><E135/><V99/><F99/><N who="3" m="59519" /><G43/><T132/><D132/><U133/><E133/><V116/><F116/><W9/><G125/><T53/><D65/><U90/><E103/><V109/><F64/><W34/><G34/><T38/><D59/><U39/><E39/><V87/><F87/><W21/><G31/><T97/><D97/><U58/><E58/><V81/><F81/><W92/><G30/><T113/><D113/><U120/><E120/><V0/><F0/><W52/><G92/><T124/><D124/><U119/><E119/><V10/><F109/><W98/><G98/><T88/><D88/><U62/><AGARI ba="0,0" hai="25,28,32,45,47,54,57,62,85,90,93,94,96,102" machi="62" ten="20,2100,0" yaku="0,1,7,1" doraHai="5" who="1" fromWho="1" sc="210,-7,340,21,220,-7,230,-7" /><INIT seed="1,1,0,5,3,21" ten="203,361,213,223" oya="1" hai0="81,129,93,98,49,47,127,26,61,19,85,89,2" hai1="34,43,11,118,110,115,18,91,16,128,7,69,58" hai2="66,17,60,113,33,1,6,134,3,119,79,112,83" hai3="73,5,68,130,111,95,44,13,80,117,76,45,54"/><U125/><E115/><N who="2" m="44107" /><F119/><W36/><G68/><T109/><D2/><U87/><E118/><V24/><F6/><W114/><G111/><T101/><D109/><U107/><E69/><N who="2" m="42183" /><F134/><W46/><G114/><T25/><D127/><U126/><E34/><V52/><F52/><W23/><G130/><T116/><D129/><U41/><E107/><V122/><F122/><W82/><G117/><T121/><D121/><U32/><E32/><V124/><F124/><N who="1" m="47721" /><E58/><V37/><F37/><W67/><G67/><T9/><D61/><U72/><E72/><N who="2" m="43495" /><F17/><N who="1" m="6761" /><E110/><V28/><AGARI ba="1,0" hai="1,3,24,28,33" m="43495,42183,44107" machi="28" ten="30,4000,0" yaku="11,1,23,1,52,1" doraHai="21" who="2" fromWho="2" sc="203,-11,361,-21,213,43,223,-11" /><INIT seed="2,0,0,0,0,90" ten="192,340,256,212" oya="2" hai0="108,94,57,99,124,24,56,12,14,46,40,134,68" hai1="32,120,97,79,36,27,76,85,123,115,6,60,63" hai2="23,69,37,107,41,128,0,62,61,131,83,102,21" hai3="135,16,77,101,15,81,49,65,104,109,95,125,55"/><V19/><F0/><W106/><G109/><T30/><D108/><U88/><E115/><V87/><F37/><W78/><G65/><T13/><D68/><U34/><E36/><V117/><F41/><W2/><G2/><T48/><D124/><U51/><E6/><V92/><F107/><W20/><G125/><T45/><D45/><U25/><E97/><N who="2" m="59687" /><F69/><W35/><G35/><T1/><D1/><U52/><E32/><V119/><F62/><N who="1" m="23593" /><E34/><V133/><F61/><W100/><G135/><T84/><D134/><U28/><E123/><V53/><F53/><W110/><G110/><T58/><D84/><U50/><E50/><V103/><F23/><W54/><G54/><T8/><D24/><N who="1" m="9291" /><E28/><V80/><F133/><W82/><G104/><T74/><D30/><U116/><E116/><N who="2" m="44619" /><F87/><W67/><G106/><T132/><D74/><U47/><E120/><V18/><F103/><W42/><G100/><N who="0" m="60535" /><D132/><U17/><E17/><AGARI ba="0,0" hai="8,12,13,14,17,40,46,48,56,57,58" m="60535" machi="17" ten="30,2000,0" yaku="8,1,52,1" doraHai="90" who="0" fromWho="1" sc="192,20,340,-20,256,0,212,0" /><INIT seed="3,0,0,2,2,126" ten="212,320,256,212" oya="3" hai0="33,89,40,55,67,6,94,129,131,130,91,101,16" hai1="1,108,114,19,28,134,26,10,54,12,47,21,93" hai2="100,57,111,104,39,14,44,105,109,119,58,135,83" hai3="107,80,61,60,48,64,95,106,34,113,69,79,15"/><W3/><G3/><T18/><D33/><U90/><E114/><V116/><F14/><W74/><G34/><T31/><D6/><U110/><E134/><V127/><F83/><W118/><G118/><T117/><D31/><U97/><E47/><V36/><F44/><W92/><G113/><T128/><D117/><U71/><E71/><V50/><F50/><W42/><G42/><T7/><D7/><U76/><E76/><V132/><REACH who="2" step="1"/><F100/><REACH who="2" ten="212,320,246,212" step="2"/><W124/><G48/><T22/><D40/><U63/><E1/><V81/><F81/><W30/><G15/><N who="0" m="9503" /><D131/><U112/><E112/><V82/><F82/><W37/><G80/><T62/><D18/><U123/><E19/><V65/><F65/><W56/><G64/><T88/><D55/><U115/><E115/><V120/><F120/><W87/><G37/><T121/><D121/><U73/><E123/><V32/><F32/><W35/><G35/><T77/><D77/><U11/><E54/><V5/><F5/><W122/><G79/><T2/><D2/><U133/><E12/><V53/><F53/><W38/><G38/><T46/><D46/><U66/><E66/><V98/><F98/><W41/><G122/><T78/><D78/><U25/><E97/><V0/><F0/><W17/><G17/><T59/><D101/><U99/><E99/><AGARI ba="0,1" hai="59,62,67,88,89,91,94,99,128,129,130" m="9503" machi="99" ten="30,12000,2" yaku="19,1,52,3,54,2" doraHai="126" who="0" fromWho="1" sc="212,130,320,-120,246,0,212,0" /><INIT seed="4,0,0,3,4,53" ten="342,200,246,212" oya="0" hai0="37,61,120,9,7,80,14,65,55,112,117,129,77" hai1="69,132,18,28,106,133,101,12,17,107,47,24,135" hai2="90,115,19,40,125,104,71,22,8,58,10,98,52" hai3="131,41,15,44,50,114,13,113,0,31,1,99,35"/><T57/><D112/><N who="3" m="43113" /><G131/><T134/><D120/><U3/><E3/><N who="3" m="1098" /><G99/><T128/><D37/><U16/><E69/><V25/><F71/><W70/><G70/><T126/><D117/><U67/><E67/><V95/><F125/><W30/><G35/><T20/><D126/><U97/><E47/><V59/><F115/><W21/><G21/><T72/><D20/><N who="1" m="15367" /><E107/><V102/><F40/><W127/><G127/><T119/><D119/><U39/><E39/><V81/><F81/><W48/><G48/><T110/><D110/><U82/><E82/><V64/><F64/><W66/><G66/><T34/><D34/><U43/><E43/><V130/><F130/><N who="0" m="50282" /><D65/><U73/><E73/><V83/><F83/><W100/><G100/><T42/><D42/><U116/><E116/><V84/><REACH who="2" step="1"/><F59/><REACH who="2" ten="342,200,236,212" step="2"/><W86/><G41/><T45/><D45/><U29/><E29/><V85/><F85/><W122/><G86/><T118/><D118/><U123/><E123/><V4/><F4/><W87/><G87/><T63/><D57/><U94/><E133/><V33/><F33/><W89/><G122/><T76/><D134/><U11/><E132/><V91/><F91/><W75/><G89/><T27/><D76/><U78/><E135/><V108/><F108/><W6/><G6/><T105/><D80/><U23/><E78/><V93/><F93/><W88/><G88/><T111/><D77/><U54/><E94/><V92/><F92/><W62/><G30/><T51/><D7/><N who="1" m="3199" /><E54/><V121/><F121/><W56/><G31/><T79/><D79/><U103/><E103/><V2/><F2/><RYUUKYOKU ba="0,1" sc="342,-15,200,15,236,15,212,-15" hai1="16,17,18,23,97,101,106" hai2="8,10,19,22,25,52,58,84,90,95,98,102,104" /><INIT seed="5,1,1,3,4,46" ten="327,215,251,197" oya="1" hai0="12,22,104,20,47,108,45,83,112,85,119,105,116" hai1="130,0,86,61,131,93,3,110,128,53,79,64,29" hai2="28,43,51,56,74,89,19,78,17,42,13,38,62" hai3="21,129,44,88,97,123,7,30,68,92,36,5,100"/><U25/><E110/><V35/><F38/><W102/><G68/><T67/><D108/><U14/><E14/><V55/><F74/><W59/><G123/><T58/><D112/><U54/><E79/><V37/><F37/><W115/><G115/><T90/><D12/><U127/><E127/><V72/><F35/><W26/><G129/><T107/><D58/><N who="1" m="36919" /><E86/><V34/><F34/><W70/><G70/><T65/><D105/><U82/><E82/><V114/><F28/><W39/><G39/><T124/><D85/><U111/><E93/><V121/><F19/><W134/><G134/><T4/><D83/><U122/><E122/><V99/><F78/><W106/><G59/><T48/><D124/><U113/><E111/><V10/><F72/><W24/><G24/><T76/><D76/><U40/><E40/><N who="2" m="15403" /><F114/><W66/><G66/><T63/><D4/><N who="3" m="1609" /><G36/><T77/><D77/><U117/><E113/><V50/><F121/><W57/><G106/><T33/><D33/><N who="1" m="20655" /><E117/><V16/><F17/><W120/><G120/><T96/><D107/><U32/><E32/><V81/><F81/><W98/><G98/><T75/><D96/><U49/><E54/><V87/><F87/><W27/><G27/><T15/><D104/><U73/><E73/><V103/><F89/><W8/><G8/><T2/><D90/><U71/><E71/><V23/><F10/><W95/><G95/><AGARI ba="1,1" hai="13,16,23,50,51,55,56,62,95,99,103" m="15403" machi="95" ten="30,7700,0" yaku="8,1,52,2,54,1" doraHai="46" who="2" fromWho="3" sc="327,0,215,0,251,90,197,-80" /><INIT seed="6,0,0,3,2,83" ten="327,215,341,117" oya="2" hai0="7,64,26,96,107,119,123,54,16,114,101,76,98" hai1="42,56,135,49,126,73,51,23,82,55,17,67,4" hai2="91,87,66,25,68,18,63,90,62,79,133,59,120" hai3="85,81,69,103,80,72,89,104,14,33,47,19,58"/><V122/><F133/><W102/><G69/><T43/><D7/><U10/><E135/><V6/><F6/><W46/><G33/><T97/><D123/><U115/><E115/><V77/><F91/><W86/><G72/><T35/><D114/><U2/><E67/><V93/><F79/><W110/><G110/><T60/><D119/><U117/><E117/><V36/><F36/><W108/><G108/><T75/><D43/><U20/><E20/><V71/><F77/><W38/><G38/><T92/><D54/><U27/><E42/><V65/><F59/><W37/><G37/><T125/><D125/><U124/><E73/><V132/><F132/><W100/><G58/><T44/><D44/><U94/><E82/><V109/><F109/><W29/><G29/><N who="0" m="19895" /><D76/><U95/><E51/><V106/><F106/><W5/><G5/><T52/><D92/><U1/><E1/><V24/><F24/><W128/><G104/><T134/><D75/><U61/><E49/><V28/><F18/><W130/><G130/><T113/><D16/><U39/><E39/><V70/><REACH who="2" step="1"/><F71/><REACH who="2" ten="327,215,331,117" step="2"/><W121/><G121/><T84/><D113/><U118/><E118/><V9/><F9/><N who="3" m="6607" /><G128/><T13/><D134/><U131/><E131/><V78/><F78/><AGARI ba="0,1" hai="46,47,78,80,81,85,86,89,100,102,103" m="6607" machi="78" ten="30,3900,0" yaku="8,1,52,2" doraHai="83" who="3" fromWho="2" sc="327,0,215,0,331,-39,117,49" /><INIT seed="7,0,0,3,3,135" ten="327,215,292,166" oya="3" hai0="98,65,83,122,2,51,39,77,128,90,47,46,92" hai1="113,12,106,74,84,50,14,110,112,88,82,0,89" hai2="93,32,105,68,8,25,53,4,115,23,54,5,66" hai3="37,27,76,6,96,103,24,130,118,43,31,120,133"/><W67/><G120/><T19/><D122/><U69/><E0/><V127/><F105/><W97/><G118/><T102/><D2/><U95/><E106/><V111/><F111/><W116/><G116/><T109/><D109/><U52/><E69/><V28/><F5/><W55/><G67/><T78/><D65/><U41/><E41/><V48/><F115/><N who="1" m="44105" /><E110/><V26/><F93/><W33/><G6/><T101/><D90/><U1/><E1/><V119/><F54/><W75/><G133/><T57/><D19/><U108/><E108/><V11/><F11/><W91/><G130/><T79/><D83/><U132/><E132/><V124/><F66/><W34/><G55/><T80/><D102/><U21/><E21/><V30/><F68/><W72/><G91/><T121/><D80/><U100/><E100/><V62/><F62/><W104/><G97/><T40/><D57/><N who="1" m="32919" /><E74/><V18/><F119/><W71/><G71/><T134/><D101/><U125/><E125/><N who="2" m="48203" /><F18/><W59/><G59/><T13/><D121/><U129/><E129/><V36/><F36/><W99/><G99/><AGARI ba="0,0" hai="12,14,82,84,88,89,95,99" m="32919,44105" machi="99" ten="30,3900,0" yaku="15,1,54,2" doraHai="135" who="1" fromWho="3" sc="327,0,215,39,292,0,166,-39" owari="327,43.0,254,-15.0,292,9.0,127,-37.0" /></mjloggm>