<mjloggm ver="2.3"><GO type="169" lobby="0"/><UN n0="%6C%65%6F%31%36%30" n1="%E3%81%93%E3%81%93%E3%81%A7%E9%A3%B2%E3%82%80%E3%81%8B%E3%82%82%EF%BC%9F" n2="%E6%AD%8C%E8%88%9E%E4%BC%8E%E5%90%9B" n3="%E7%83%8F%E8%B3%8A%E4%B9%8B%E8%BC%94" dan="17,16,16,17" rate="2111.29,2110.72,2106.11,2193.07" sx="M,M,M,M"/><TAIKYOKU oya="0"/><INIT seed="0,0,0,1,2,36" ten="250,250,250,250" oya="0" hai0="89,18,54,13,17,78,116,76,71,59,95,131,123" hai1="34,26,94,25,14,72,64,101,5,106,113,90,61" hai2="48,92,50,102,67,100,37,84,12,81,56,15,119" hai3="124,10,30,105,96,70,63,55,60,9,132,24,16"/><T7/><D116/><U79/><E113/><V22/><F37/><W125/><G132/><T91/><D123/><U66/><E66/><V21/><F119/><W80/><G80/><T52/><D71/><U86/><E5/><V87/><F56/><W39/><G125/><T73/><D131/><U129/><E129/><V107/><F107/><W83/><G83/><T75/><D7/><U97/><E14/><N who="2" m="5163" /><F67/><W115/><G39/><T130/><D130/><U133/><E133/><V6/><F6/><W19/><G105/><T88/><D75/><U127/><E127/><V27/><F92/><W110/><G115/><T4/><D73/><U11/><E11/><V114/><F114/><W29/><G70/><T85/><D4/><U69/><REACH who="1" step="1"/><E34/><REACH who="1" ten="250,240,250,250" step="2"/><V35/><F35/><W93/><G10/><N who="0" m="6327" /><D18/><U8/><E8/><V112/><F112/><W128/><G9/><T126/><D126/><U135/><E135/><V40/><F22/><W23/><G128/><T41/><D54/><U122/><E122/><V99/><F21/><W2/><G124/><T45/><D52/><U120/><E120/><V118/><F118/><W62/><G55/><T44/><D44/><U31/><E31/><V57/><F57/><W43/><G30/><T58/><D59/><U32/><E32/><V47/><F47/><W117/><G117/><T38/><D58/><U65/><E65/><V111/><F111/><W98/><G110/><T42/><D42/><U0/><E0/><V51/><F40/><W104/><G43/><T49/><D38/><U28/><E28/><V53/><F53/><W103/><G2/><RYUUKYOKU ba="0,1" sc="250,10,240,10,250,-30,250,10" hai0="41,45,49,76,78,85,88,89,91,95" hai1="25,26,61,64,69,72,79,86,90,94,97,101,106" hai3="16,19,23,24,29,60,62,63,93,96,98,103,104" /><INIT seed="0,1,1,0,3,73" ten="260,250,220,260" oya="0" hai0="14,38,123,135,99,67,128,127,93,36,80,18,55" hai1="34,52,56,64,15,103,39,85,68,31,50,117,17" hai2="28,131,97,91,111,60,59,74,94,105,129,81,1" hai3="134,113,12,118,96,95,100,119,63,13,121,41,6"/><T115/><D123/><U133/><E117/><V8/><F111/><W21/><G113/><T87/><D115/><U42/><E133/><V77/><F28/><W51/><G134/><T88/><D135/><U108/><E108/><V82/><F105/><W24/><G121/><T114/><D114/><U47/><E103/><V16/><F82/><W53/><G118/><T65/><D128/><N who="2" m="49226" /><F1/><W71/><G6/><T112/><D127/><U26/><E85/><V29/><F29/><W130/><G119/><T107/><D112/><U72/><E72/><V98/><F91/><W66/><G41/><T69/><D107/><U0/><E0/><V11/><F94/><W126/><G126/><T61/><D55/><U40/><E40/><V86/><F74/><W125/><G125/><T45/><D45/><U23/><E64/><N who="2" m="38943" /><F16/><W7/><G7/><T2/><D67/><U122/><REACH who="1" step="1"/><E122/><REACH who="1" ten="260,240,220,260" step="2"/><V54/><F54/><W70/><G130/><T110/><D2/><U10/><E10/><AGARI ba="1,2" hai="8,10,11,77,81,86,97,98" m="38943,49226" machi="10" ten="30,2000,0" yaku="19,1,52,1" doraHai="73" who="2" fromWho="1" sc="260,0,240,-23,220,43,260,0" /><INIT seed="1,0,0,4,1,12" ten="260,217,263,260" oya="1" hai0="24,115,135,50,93,118,34,65,121,44,13,96,41" hai1="16,53,106,48,128,54,116,2,15,90,36,57,89" hai2="60,66,68,130,43,37,0,58,17,81,124,7,62" hai3="47,75,64,85,21,79,123,23,1,86,111,125,27"/><U98/><E116/><V119/><F119/><W100/><G123/><T39/><D115/><U108/><E36/><V114/><F114/><W134/><G1/><T69/><D118/><U4/><E128/><V94/><F130/><W22/><G111/><T80/><D121/><U29/><E108/><V117/><F117/><W87/><G125/><T63/><D135/><U113/><E113/><V95/><F124/><W67/><G134/><T19/><D80/><U11/><E29/><V74/><F17/><W77/><G75/><T55/><D24/><U61/><E98/><V84/><F74/><W103/><G47/><T8/><D34/><U26/><E26/><V132/><F132/><W104/><G104/><T38/><REACH who="0" step="1"/><D41/><REACH who="0" ten="250,217,263,260" step="2"/><U82/><E82/><V70/><F43/><W129/><G27/><T97/><D97/><U3/><E106/><V131/><F81/><W25/><G25/><T122/><D122/><U14/><E3/><V133/><F131/><W18/><G129/><T110/><D110/><U30/><E2/><V49/><F133/><W88/><G77/><T83/><D83/><U28/><E30/><V46/><F0/><W72/><G79/><T109/><D109/><U71/><E28/><V35/><F35/><W9/><G72/><T126/><D126/><U73/><E73/><V102/><F84/><W112/><G112/><T101/><AGARI ba="0,1" hai="8,13,19,38,39,44,50,55,63,65,69,93,96,101" machi="101" ten="20,8000,1" yaku="1,1,0,1,7,1,52,1,53,1" doraHai="12" doraHaiUra="92" who="0" fromWho="0" sc="250,90,217,-40,263,-20,260,-20" /><INIT seed="2,0,0,4,1,38" ten="340,177,243,240" oya="2" hai0="122,19,98,133,117,83,107,105,78,42,130,68,59" hai1="41,67,44,120,106,97,135,39,34,31,4,93,114" hai2="126,1,5,70,30,10,13,118,14,131,99,119,82" hai3="73,64,104,121,132,111,95,109,94,8,2,20,103"/><V15/><F70/><W76/><G121/><T65/><D122/><U90/><E120/><V96/><F131/><W21/><G64/><T75/><D68/><U51/><E114/><V66/><F126/><W113/><G2/><T56/><D56/><U22/><E135/><V74/><F66/><W36/><G8/><T27/><D130/><U45/><E67/><V32/><F32/><W115/><G21/><T55/><D65/><U53/><E4/><V102/><F30/><W11/><G20/><T88/><D117/><U57/><E22/><V3/><F3/><W12/><G36/><T54/><D54/><U43/><E106/><V58/><F58/><W16/><G132/><T101/><D107/><U79/><E79/><V52/><F52/><W49/><G49/><T47/><D19/><U17/><E17/><V84/><F74/><W81/><G104/><T110/><D27/><U86/><E31/><V60/><F60/><W33/><G103/><T29/><D29/><U91/><E34/><V129/><F129/><W87/><G33/><T37/><D133/><U112/><E112/><N who="3" m="43082" /><G73/><T25/><D25/><U18/><E18/><V123/><F123/><W116/><G116/><N who="2" m="44585" /><F102/><W40/><G40/><N who="1" m="15434" /><E39/><V62/><F62/><W63/><G63/><T35/><D35/><U28/><E28/><V134/><F134/><W80/><G16/><T48/><D101/><U124/><E124/><V77/><F1/><W0/><G0/><T24/><D24/><U50/><E51/><V72/><F72/><N who="3" m="43015" /><G11/><T89/><D75/><U9/><E9/><V85/><F85/><W128/><G87/><RYUUKYOKU ba="0,0" sc="340,-15,177,15,243,15,240,-15" hai1="44,45,50,53,57,86,90,91,93,97" hai2="5,10,13,14,15,77,82,84,96,99" /><INIT seed="2,1,0,3,0,103" ten="325,192,258,225" oya="2" hai0="99,16,134,83,59,130,14,135,80,58,86,6,98" hai1="88,9,55,85,30,79,100,48,104,42,18,107,31" hai2="54,129,96,23,46,133,51,119,10,77,67,75,7" hai3="41,0,60,89,40,39,105,66,22,71,68,53,45"/><V121/><F119/><W13/><G0/><T81/><D6/><U52/><E79/><V36/><F121/><W47/><G53/><T95/><D130/><U35/><E100/><V37/><F129/><W132/><G132/><N who="0" m="50731" /><D86/><U97/><E97/><N who="0" m="36873" /><D95/><U11/><E42/><V56/><F133/><W111/><G111/><T114/><D114/><U127/><E127/><V122/><F122/><W44/><G71/><T82/><N who="0" m="20480" /><DORA hai="70" /><T17/><D17/><U57/><E18/><V131/><F77/><W49/><G47/><T64/><D64/><U74/><E85/><V34/><F131/><W118/><G118/><T65/><D65/><U113/><E113/><V61/><F75/><W126/><G126/><T62/><D62/><U91/><E74/><V94/><F23/><AGARI ba="1,0" hai="14,16,23,58,59" m="20480,36873,50731" machi="23" ten="50,3200,0" yaku="20,1,54,1" doraHai="103,70" who="0" fromWho="2" sc="325,35,192,0,258,-35,225,0" /><INIT seed="3,0,0,2,0,0" ten="360,192,223,225" oya="3" hai0="8,97,21,94,38,88,105,61,131,32,51,122,113" hai1="5,59,53,17,82,52,84,73,89,91,129,134,11" hai2="58,30,15,102,44,18,63,29,60,36,107,66,2" hai3="62,37,126,24,20,124,7,43,68,70,31,56,86"/><W103/><G103/><T130/><D122/><U108/><E73/><V25/><F2/><W33/><G37/><T45/><D32/><U16/><E108/><V115/><F115/><W120/><G43/><T39/><D113/><U85/><E134/><V90/><F107/><W67/><G120/><T79/><D79/><U42/><E42/><V135/><F102/><W48/><G33/><T132/><D105/><U81/><E129/><N who="0" m="49161" /><D132/><U128/><E128/><V64/><F135/><W117/><G117/><T71/><D21/><U4/><E59/><V98/><F44/><W69/><G48/><T77/><D77/><U22/><E22/><V95/><F36/><W78/><G78/><T110/><D8/><AGARI ba="0,0" hai="4,5,8,11,16,17,52,53,81,82,84,85,89,91" machi="8" ten="25,12000,2" yaku="22,2,8,1,52,2,54,2" doraHai="0" who="1" fromWho="0" sc="360,-120,192,120,223,0,225,0" /><INIT seed="4,0,0,5,5,129" ten="240,312,223,225" oya="0" hai0="16,112,40,13,84,42,97,4,106,85,67,73,104" hai1="124,108,118,64,52,90,63,86,36,59,19,22,58" hai2="107,46,70,71,98,35,3,14,39,7,76,15,87" hai3="75,122,61,21,6,130,135,11,89,66,12,0,110"/><T83/><D112/><U74/><E108/><V54/><F35/><W117/><G110/><T128/><D128/><U56/><E118/><V48/><F3/><W2/><G117/><T99/><D4/><U96/><E74/><V120/><F120/><W123/><G75/><T78/><D67/><U41/><E124/><V25/><F25/><W57/><G130/><T121/><D121/><N who="3" m="46089" /><G135/><T10/><D99/><U82/><E96/><V134/><F134/><W100/><G100/><T28/><D28/><U103/><E103/><V72/><F72/><W88/><G21/><T111/><D111/><U37/><E41/><V127/><F127/><W115/><G115/><T9/><D9/><U1/><E58/><V32/><F32/><W102/><G102/><T8/><D8/><U23/><E23/><V125/><F125/><W68/><G68/><T31/><D31/><U119/><E1/><AGARI ba="0,0" hai="0,1,2,6,11,12,57,61,66,88,89" m="46089" machi="1" ten="30,2000,0" yaku="13,1,54,1" doraHai="129" who="3" fromWho="1" sc="240,0,312,-20,223,0,225,20" /><INIT seed="5,0,0,0,0,130" ten="240,292,223,245" oya="1" hai0="109,102,6,85,90,46,59,101,76,94,98,114,75" hai1="60,77,80,123,16,66,112,105,135,122,26,100,40" hai2="120,134,91,115,15,56,96,10,103,128,69,57,41" hai3="14,58,127,28,107,71,116,18,52,73,9,63,92"/><U27/><E112/><V20/><F69/><W67/><G107/><T64/><D109/><U8/><E40/><V88/><F120/><W70/><G73/><T104/><D6/><U39/><E39/><V95/><F128/><W83/><G83/><N who="0" m="45471" /><D46/><U82/><E105/><V55/><F115/><W113/><G113/><T22/><D22/><U79/><E8/><V33/><F33/><W3/><G127/><T81/><D59/><U25/><E100/><N who="0" m="38505" /><D64/><U7/><E7/><V24/><F41/><W32/><G116/><T51/><D51/><U47/><E47/><V86/><F134/><W78/><G78/><N who="0" m="46263" /><D114/><U35/><E35/><V118/><F118/><W1/><G71/><T11/><D11/><U87/><E135/><V34/><F34/><W117/><G117/><T108/><D108/><U48/><E48/><N who="2" m="30823" /><F86/><W2/><G32/><T84/><D104/><U54/><E54/><V23/><F57/><W111/><G111/><T4/><D4/><U106/><E106/><V31/><F23/><W30/><G70/><T126/><D126/><U12/><E66/><V5/><AGARI ba="0,0" hai="5,10,15,20,24,31,88,91,95,96,103" m="30823" machi="5" ten="30,2000,0" yaku="8,1,54,1" doraHai="130" who="2" fromWho="2" sc="240,-5,292,-10,223,20,245,-5" /><INIT seed="6,0,0,0,1,81" ten="235,282,243,240" oya="2" hai0="131,111,12,125,86,4,36,43,40,7,13,24,70" hai1="35,114,133,10,121,63,122,49,25,45,21,95,103" hai2="30,105,115,55,68,127,20,34,89,113,119,76,110" hai3="87,28,32,64,1,48,67,78,132,85,79,91,54"/><V22/><F119/><W3/><G32/><T37/><D111/><U118/><E118/><V51/><F110/><W71/><G71/><T57/><D70/><U14/><E35/><V107/><F68/><W15/><G132/><T19/><D131/><U58/><E114/><N who="2" m="43531" /><F127/><W82/><G28/><T66/><D125/><U101/><E95/><V117/><F117/><W5/><G3/><T84/><D24/><U94/><E94/><V130/><F130/><W96/><G96/><T75/><D75/><U33/><E33/><V123/><F76/><W17/><G5/><N who="0" m="2123" /><D36/><U59/><E103/><V99/><F123/><W108/><G1/><T50/><D37/><U120/><E101/><N who="2" m="62655" /><F89/><W0/><G0/><T11/><D12/><U6/><E63/><V126/><F107/><W56/><G78/><T61/><D50/><U104/><E104/><V72/><F72/><W44/><G108/><T73/><D73/><U112/><E133/><V27/><F126/><W88/><G79/><T62/><D62/><U83/><E112/><V116/><F116/><W60/><G15/><T31/><D31/><N who="1" m="17839" /><E83/><V29/><F30/><W42/><G17/><T65/><D65/><U90/><E90/><V77/><F77/><W52/><G67/><T129/><D129/><U23/><E122/><V74/><F74/><W80/><AGARI ba="0,0" hai="42,44,48,52,54,56,60,64,80,82,85,87,88,91" machi="80" ten="20,16000,3" yaku="0,1,7,1,9,1,8,1,52,2,54,2" doraHai="81" who="3" fromWho="3" sc="235,-40,282,-40,243,-80,240,160" /><INIT seed="7,0,0,3,2,25" ten="195,242,163,400" oya="3" hai0="117,101,66,131,37,77,105,74,3,9,83,38,116" hai1="14,50,123,8,106,27,44,7,94,56,100,92,24" hai2="84,53,130,41,86,35,118,109,135,52,78,71,62" hai3="97,126,59,58,128,73,40,13,120,114,11,85,39"/><W31/><G120/><T70/><D131/><U21/><E27/><V20/><F118/><N who="0" m="45674" /><D66/><U121/><E106/><V69/><F109/><W132/><G114/><T134/><D70/><U28/><E56/><V127/><F35/><W103/><G132/><T6/><D134/><U49/><E49/><V51/><F135/><W48/><G126/><T15/><D15/><U90/><E94/><V4/><F127/><W67/><G73/><T19/><D19/><U54/><E100/><V111/><F111/><W60/><G85/><AGARI ba="0,0" hai="7,8,14,21,24,28,44,50,54,85,90,92,121,123" machi="85" ten="30,2000,0" yaku="7,1,52,1" doraHai="25" who="1" fromWho="3" sc="195,0,242,20,163,0,400,-20" owari="195,-20.0,262,6.0,163,-34.0,380,48.0" /></mjloggm>