<mjloggm ver="2.3"><GO type="169" lobby="0"/><UN n0="%E3%82%84%E3%81%8F%E3%81%97%E3%81%BE%E3%82%8B%E3%81%88%E3%81%A4%E3%81%93" n1="%E3%81%8A%E3%81%8A%E3%81%8F%E3%81%95" n2="%E6%9C%A8%E6%BC%8F%E3%82%8C%E6%97%A5" n3="%E3%81%B2%E3%81%AA%E3%81%B3%E3%81%9F%E3%82%AD%E3%83%8E%E3%82%B3" dan="16,17,17,16" rate="2075.91,2213.94,2179.69,2089.97" sx="F,M,M,M"/><TAIKYOKU oya="0"/><INIT seed="0,0,0,4,4,34" ten="250,250,250,250" oya="0" hai0="63,49,83,28,87,4,1,58,124,118,2,97,96" hai1="32,89,17,36,3,109,93,51,24,12,67,44,16" hai2="38,37,78,74,131,113,105,65,81,111,6,82,55" hai3="22,76,98,79,110,27,135,104,15,108,18,125,99"/><T60/><D118/><U40/><E109/><N who="3" m="42090" /><G135/><T121/><D121/><U88/><E3/><V41/><F111/><W11/><G125/><T39/><D39/><U129/><E129/><V20/><F105/><W33/><G33/><T134/><D124/><U112/><E112/><V53/><F65/><W94/><G99/><T132/><D28/><U95/><E67/><V128/><F20/><W62/><G62/><N who="0" m="23595" /><D49/><U43/><E32/><V123/><F113/><W26/><G26/><T47/><D47/><U45/><E24/><V75/><F6/><N who="3" m="3575" /><G104/><T69/><D69/><U25/><E25/><V101/><F123/><W66/><G66/><T48/><D48/><U10/><REACH who="1" step="1"/><E17/><REACH who="1" ten="250,240,250,250" step="2"/><V91/><F131/><W115/><G115/><T122/><D122/><U86/><E86/><V8/><F128/><W57/><G57/><T85/><D58/><U52/><E52/><V117/><F55/><W133/><G133/><N who="0" m="51307" /><D87/><U116/><E116/><V114/><F114/><W61/><G61/><T31/><D4/><U30/><E30/><V73/><F117/><W50/><G50/><T46/><D31/><U64/><E64/><V9/><F53/><W29/><G29/><T90/><D46/><U77/><E77/><V70/><F78/><W84/><G84/><T103/><D97/><U120/><E120/><V56/><F56/><W23/><G98/><T92/><AGARI ba="0,1" hai="1,2,83,85,90,92,96,103" m="51307,23595" machi="92" ten="30,6000,0" yaku="20,1,52,2" doraHai="34" who="0" fromWho="0" sc="250,70,240,-20,250,-20,250,-20" /><INIT seed="0,1,0,0,1,72" ten="320,220,230,230" oya="0" hai0="2,69,127,97,10,126,4,121,53,114,63,103,118" hai1="42,96,120,86,13,33,87,70,100,29,90,7,24" hai2="106,68,77,92,5,30,44,134,111,18,62,16,74" hai3="20,108,110,65,39,104,95,50,133,101,115,9,51"/><T12/><D114/><U31/><E120/><V98/><F106/><W11/><G115/><T93/><D121/><U64/><E31/><V8/><F111/><W82/><G104/><T15/><D118/><U40/><E87/><V125/><F125/><N who="0" m="47626" /><D53/><U135/><E135/><V75/><F30/><W94/><G133/><T102/><D102/><U60/><E13/><V66/><F134/><W67/><G101/><T23/><D23/><U36/><E36/><V37/><F75/><W84/><G20/><T99/><D99/><U57/><E57/><V3/><F92/><W41/><G39/><T128/><D128/><U27/><E7/><V89/><F89/><W45/><G84/><T28/><D28/><U79/><E27/><V122/><F98/><W25/><G25/><T116/><D116/><U52/><E90/><V49/><F122/><W73/><G82/><T132/><D132/><U59/><E86/><V117/><F117/><W131/><G73/><T123/><D123/><U48/><REACH who="1" step="1"/><E79/><REACH who="1" ten="320,210,230,230" step="2"/><V76/><F37/><W113/><G113/><T107/><D107/><AGARI ba="1,1" hai="24,29,33,40,42,48,52,59,60,64,70,96,100,107" machi="107" ten="30,12000,2" yaku="1,1,2,1,7,1,25,2,54,1,53,0" doraHai="72" doraHaiUra="112" who="1" fromWho="0" sc="320,-123,210,133,230,0,230,0" /><INIT seed="1,0,0,3,1,120" ten="197,343,230,230" oya="1" hai0="59,15,14,113,67,95,66,11,53,122,128,43,97" hai1="22,112,124,102,41,80,63,44,79,10,8,52,101" hai2="4,110,107,6,9,24,83,35,105,74,7,123,118" hai3="34,130,78,82,108,50,106,29,40,61,100,88,27"/><U51/><E112/><V77/><F123/><W96/><G130/><T119/><D113/><U92/><E124/><V25/><F118/><W17/><G61/><T57/><D119/><U30/><E92/><V68/><F9/><W16/><G108/><T3/><D3/><U38/><E63/><V58/><F68/><W13/><G88/><T85/><D85/><U93/><E101/><V49/><F110/><W89/><G89/><T115/><D115/><U121/><E121/><V33/><F58/><W70/><G70/><T42/><D15/><U127/><E127/><V76/><F49/><W111/><G111/><T116/><D128/><U18/><E30/><V39/><F39/><W60/><G60/><T47/><D67/><U104/><E93/><V109/><F109/><W84/><G40/><T125/><D66/><U23/><E23/><V81/><REACH who="2" step="1"/><F7/><REACH who="2" ten="197,343,220,230" step="2"/><W31/><G50/><T94/><D122/><U131/><E131/><V73/><AGARI ba="0,1" hai="4,6,24,25,33,35,73,74,76,77,81,83,105,107" machi="73" ten="25,12000,2" yaku="1,1,2,1,0,1,22,2,53,2" doraHai="120" doraHaiUra="0" who="2" fromWho="2" sc="197,-30,343,-60,220,130,230,-30" /><INIT seed="2,0,0,0,1,38" ten="167,283,350,200" oya="2" hai0="98,58,80,50,57,29,120,130,118,108,52,46,72" hai1="104,112,56,48,13,7,111,119,63,117,87,51,88" hai2="74,123,28,33,91,19,73,134,125,126,45,109,67" hai3="26,128,0,24,37,6,12,59,31,25,65,42,114"/><V5/><F123/><W110/><G110/><T106/><D120/><U30/><E111/><V55/><F109/><W18/><G114/><T16/><D108/><U70/><E104/><V127/><F134/><W2/><G128/><T83/><D130/><U54/><E112/><V53/><F5/><W69/><G69/><T8/><D29/><U76/><E76/><V100/><F100/><W81/><G65/><T41/><D118/><U64/><E30/><V122/><F122/><W11/><G59/><T10/><D57/><U14/><E51/><V34/><F67/><W116/><G116/><T129/><D129/><U61/><E61/><V101/><F101/><W92/><G92/><T3/><D3/><U94/><E13/><V27/><F19/><W97/><G97/><T96/><D8/><U124/><E124/><V17/><F17/><W66/><G66/><T107/><D107/><U40/><E7/><V86/><F34/><N who="3" m="20839" /><G42/><T102/><D98/><U60/><REACH who="1" step="1"/><E14/><REACH who="1" ten="167,273,350,200" step="2"/><V79/><F79/><W9/><G2/><T103/><D72/><N who="2" m="27754" /><F45/><AGARI ba="0,1" hai="40,45,48,54,56,60,63,64,70,87,88,94,117,119" machi="45" ten="40,8000,1" yaku="1,1,52,1,54,1,53,1" doraHai="38" doraHaiUra="85" who="1" fromWho="2" sc="167,0,273,90,350,-80,200,0" /><INIT seed="3,0,0,0,2,107" ten="167,363,270,200" oya="3" hai0="31,132,4,19,38,120,45,106,62,30,29,75,115" hai1="13,69,60,3,34,41,102,47,98,64,87,84,8" hai2="12,110,2,59,51,50,20,117,24,65,11,14,72" hai3="88,53,17,67,22,127,16,40,83,46,42,76,134"/><W10/><G134/><T119/><D119/><U91/><E34/><V108/><F117/><W15/><G127/><T49/><D120/><U28/><E28/><V54/><F65/><W93/><G67/><T71/><D38/><U0/><E84/><V128/><F128/><W126/><G126/><T78/><D106/><U48/><E87/><V100/><F100/><W80/><G53/><T32/><D32/><U21/><E21/><V129/><F129/><W66/><G66/><T35/><D35/><U82/><E82/><N who="3" m="31274" /><G46/><T70/><D62/><U7/><E91/><V112/><F112/><W103/><G103/><T122/><D122/><U97/><REACH who="1" step="1"/><E97/><REACH who="1" ten="167,353,270,200" step="2"/><V89/><F89/><W99/><G76/><T123/><D78/><U113/><E113/><V56/><F20/><W39/><G39/><T18/><D115/><U77/><E77/><V79/><F79/><W105/><G105/><AGARI ba="0,1" hai="0,3,7,8,13,41,47,48,60,64,69,98,102,105" machi="105" ten="30,2000,0" yaku="1,1,7,1,53,0" doraHai="107" doraHaiUra="133" who="1" fromWho="3" sc="167,0,353,30,270,0,200,-20" /><INIT seed="4,0,0,5,0,59" ten="167,383,270,180" oya="0" hai0="13,39,71,87,102,51,91,10,17,108,35,90,66" hai1="103,31,82,72,28,98,38,101,47,135,1,4,97" hai2="7,48,40,121,88,68,96,46,2,116,109,0,67" hai3="9,99,6,110,65,41,100,115,53,85,69,62,84"/><T57/><D39/><U73/><E135/><V19/><F109/><W16/><G110/><T134/><D108/><U122/><E122/><V3/><F121/><W89/><G41/><T21/><D134/><U32/><E82/><V93/><F116/><W25/><G115/><T56/><D35/><U29/><E32/><V120/><F120/><W131/><G131/><T105/><D105/><U130/><E130/><V80/><F19/><W74/><G74/><T11/><D102/><U113/><E113/><V49/><F80/><W54/><G85/><T55/><D71/><U20/><E20/><V133/><F133/><W79/><G79/><T75/><D75/><U23/><E23/><V125/><F125/><W15/><G25/><T34/><D34/><U14/><E1/><V86/><F86/><W77/><G77/><T76/><D76/><U36/><E29/><V61/><REACH who="2" step="1"/><F7/><REACH who="2" ten="167,383,260,180" step="2"/><W52/><G6/><T81/><REACH who="0" step="1"/><D91/><REACH who="0" ten="157,383,260,180" step="2"/><U92/><E73/><V58/><F58/><W64/><G89/><T123/><D123/><U117/><E72/><V118/><F118/><W42/><G69/><T33/><D33/><U22/><E117/><V26/><F26/><W124/><G100/><T24/><D24/><U104/><E103/><V37/><AGARI ba="0,2" hai="0,2,3,37,40,46,48,49,61,67,68,88,93,96" machi="37" ten="30,7900,0" yaku="1,1,0,1,52,1,54,1,53,0" doraHai="59" doraHaiUra="114" who="2" fromWho="2" sc="157,-39,383,-20,260,99,180,-20" /><INIT seed="5,0,0,0,2,101" ten="118,363,359,160" oya="1" hai0="12,3,116,56,80,135,35,69,104,63,52,119,97" hai1="40,25,32,127,118,15,50,93,112,48,95,110,70" hai2="20,117,76,75,126,134,17,29,47,100,64,124,86" hai3="87,128,65,103,72,67,21,49,85,131,45,68,13"/><U4/><E118/><V44/><F75/><W91/><G72/><T71/><D3/><U66/><E112/><V82/><F117/><W122/><G122/><T31/><D135/><U58/><E127/><N who="2" m="48683" /><F29/><W36/><G36/><T62/><D71/><U106/><E70/><V107/><F64/><W37/><G37/><T8/><D80/><U81/><E66/><V133/><F100/><W0/><G0/><T18/><D69/><U121/><E32/><V111/><F107/><W16/><G103/><T38/><D38/><U6/><E106/><V130/><F111/><W27/><G87/><T2/><D97/><U132/><E132/><N who="2" m="50795" /><F130/><N who="3" m="49707" /><G68/><T77/><D104/><U11/><E121/><V9/><F9/><W28/><G28/><T92/><D119/><U34/><E34/><V120/><F120/><W59/><G67/><T94/><D116/><U14/><E11/><V78/><F78/><W51/><G65/><T30/><D30/><U53/><E110/><V129/><F129/><W73/><G73/><T98/><D77/><U125/><E125/><V57/><F57/><W89/><G59/><T79/><D79/><U33/><E33/><V23/><F23/><W109/><G109/><T7/><D98/><U42/><E58/><V22/><F22/><W41/><G91/><T1/><D63/><U114/><E114/><V113/><F113/><W39/><G27/><AGARI ba="0,0" hai="17,20,27,44,47,76,82,86" m="50795,48683" machi="27" ten="30,2000,0" yaku="18,1,20,1" doraHai="101" who="2" fromWho="3" sc="118,0,363,0,359,20,160,-20" /><INIT seed="6,0,0,1,2,134" ten="118,363,379,140" oya="2" hai0="20,17,5,84,45,23,13,42,53,111,110,44,130" hai1="54,70,129,98,56,60,14,37,133,120,2,39,7" hai2="73,9,16,114,126,90,32,24,127,67,92,85,48" hai3="108,49,74,28,38,47,99,96,50,123,89,6,93"/><V68/><F73/><W35/><G123/><T0/><D130/><U103/><E133/><V117/><F117/><W51/><G108/><T8/><D23/><U95/><E129/><V18/><F114/><W128/><G128/><T124/><D124/><N who="2" m="47658" /><F48/><W61/><G6/><T63/><D84/><U10/><E120/><V19/><F9/><W80/><G28/><T22/><D22/><U64/><E2/><V135/><F135/><W66/><G35/><T46/><D42/><U118/><E118/><V62/><F32/><W97/><G38/><T83/><D83/><U81/><E81/><V26/><AGARI ba="0,0" hai="16,18,19,24,26,62,67,68,85,90,92" m="47658" machi="26" ten="40,12000,1" yaku="18,1,52,3,54,1" doraHai="134" who="2" fromWho="2" sc="118,-40,363,-40,379,120,140,-40" /><INIT seed="6,1,0,5,3,51" ten="78,323,499,100" oya="2" hai0="29,20,113,22,66,34,89,1,33,17,62,83,45" hai1="59,8,93,116,85,68,119,94,102,41,131,5,132" hai2="124,11,123,12,35,112,38,13,3,133,16,0,23" hai3="58,78,90,9,26,6,24,118,31,129,71,115,53"/><V79/><F38/><W14/><G118/><T74/><D113/><U2/><E68/><V75/><F79/><W50/><G115/><T39/><D1/><N who="2" m="586" /><F75/><W65/><G78/><T135/><D135/><U106/><E132/><V92/><F92/><W77/><G77/><T49/><D39/><U64/><E106/><V134/><F123/><W117/><G117/><T60/><D22/><U55/><E41/><V100/><F100/><W127/><G127/><T42/><D29/><U114/><E114/><V7/><F112/><W70/><G129/><T76/><D89/><U111/><E64/><V110/><F110/><W125/><G125/><T81/><D83/><U21/><E131/><V82/><F82/><W86/><G65/><T88/><D88/><U84/><E111/><V80/><F80/><W103/><G103/><T98/><D98/><U43/><E43/><V72/><F72/><W73/><G73/><T15/><REACH who="0" step="1"/><D62/><REACH who="0" ten="68,323,499,100" step="2"/><U27/><E116/><V19/><F124/><W37/><G37/><T97/><D97/><U120/><E119/><V56/><F134/><W57/><G31/><T32/><D32/><U30/><E120/><V67/><F35/><W63/><G26/><T109/><D109/><U40/><E27/><V87/><F133/><W95/><G24/><T105/><D105/><U101/><E30/><V10/><F23/><W108/><G108/><T4/><D4/><U44/><E21/><V130/><F7/><W46/><G63/><T61/><D61/><N who="1" m="36095" /><E93/><V128/><F128/><W48/><G95/><T126/><D126/><U52/><E94/><V99/><F130/><RYUUKYOKU ba="1,1" sc="68,30,323,-10,499,-10,100,-10" hai0="15,17,20,33,34,42,45,49,60,66,74,76,81" /><INIT seed="7,2,1,0,1,42" ten="98,313,489,90" oya="3" hai0="67,36,51,50,81,12,112,26,49,16,132,25,10" hai1="95,1,75,116,38,134,72,62,119,108,130,60,128" hai2="37,83,89,129,34,105,82,115,22,64,9,97,52" hai3="17,44,98,77,101,87,53,57,59,15,71,74,63"/><W110/><G74/><N who="1" m="28202" /><E95/><V21/><F34/><W73/><G73/><T126/><D36/><U27/><E27/><N who="0" m="10249" /><D132/><U133/><E1/><V100/><F37/><W41/><G110/><T90/><D126/><U7/><E7/><V30/><F30/><W111/><G111/><T45/><D112/><U80/><E80/><V125/><F115/><W96/><G71/><T79/><D79/><U94/><E94/><V76/><F76/><W19/><G19/><T11/><D11/><U84/><E84/><V31/><F9/><N who="3" m="6383" /><G59/><T65/><D45/><U24/><E24/><V88/><F31/><W78/><G101/><T0/><D0/><U135/><E38/><V118/><F125/><W20/><G20/><T2/><D2/><U131/><E108/><V109/><F109/><W35/><G35/><T66/><D90/><U127/><E127/><V55/><F89/><W33/><G33/><T54/><D81/><U102/><E102/><V8/><F100/><W47/><G78/><T103/><D103/><U58/><E58/><V122/><F88/><W114/><G114/><T104/><D104/><U46/><E46/><N who="3" m="17450" /><G41/><T99/><D54/><U18/><E18/><V40/><F40/><W32/><G32/><T14/><D14/><U69/><E69/><V5/><F55/><W107/><G107/><T43/><D43/><U4/><E4/><V113/><F113/><W70/><G70/><T28/><D28/><U92/><E119/><V39/><F39/><W85/><G77/><T93/><D93/><U121/><E121/><V56/><F105/><W48/><G48/><T13/><D13/><RYUUKYOKU ba="2,1" sc="98,15,313,-15,489,-15,90,15" hai0="10,12,16,49,50,51,65,66,67,99" hai3="53,57,63,85,87,96,98" /><INIT seed="7,3,1,2,2,120" ten="113,298,474,105" oya="3" hai0="71,131,14,114,53,68,100,54,112,97,49,73,84" hai1="47,40,8,125,78,98,122,36,116,26,50,124,20" hai2="89,85,82,55,39,62,91,101,27,12,19,16,25" hai3="102,3,18,110,61,37,42,35,9,4,80,119,23"/><W103/><G119/><T83/><D73/><U60/><E122/><V0/><F0/><W38/><G35/><T41/><D41/><U66/><E116/><V92/><F39/><W95/><G38/><T5/><D14/><U46/><E78/><V31/><F101/><W44/><G110/><T121/><D5/><U51/><E98/><N who="2" m="57615" /><F31/><W79/><G95/><N who="0" m="58431" /><D54/><U99/><E99/><V64/><F64/><W22/><G61/><T117/><D121/><U30/><E8/><N who="2" m="6151" /><F19/><W13/><REACH who="3" step="1"/><G23/><REACH who="3" ten="113,298,474,95" step="2"/><T56/><D117/><U129/><E60/><V109/><F109/><W45/><G45/><T28/><D114/><U77/><E20/><V113/><F113/><W107/><G107/><T93/><D112/><U108/><E108/><V10/><F10/><W63/><G63/><T123/><D123/><U11/><E11/><V17/><F17/><W105/><G105/><T7/><D28/><U87/><E30/><V135/><F135/><W104/><G104/><T24/><D71/><U43/><E47/><V96/><F96/><W134/><G134/><T74/><D68/><U52/><E46/><V126/><F126/><W86/><AGARI ba="3,2" hai="3,4,9,13,18,22,37,42,44,79,80,86,102,103" machi="86" ten="20,3900,0" yaku="1,1,0,1,7,1,53,0" doraHai="120" doraHaiUra="65" who="3" fromWho="3" sc="113,-16,298,-16,474,-16,95,68" /><INIT seed="7,4,0,1,0,0" ten="97,282,458,163" oya="3" hai0="28,112,70,12,35,69,3,90,29,88,131,31,119" hai1="84,93,54,65,118,109,85,40,83,27,103,94,108" hai2="95,125,104,121,36,124,56,18,13,128,134,16,81" hai3="66,55,10,122,32,11,132,17,63,115,5,87,73"/><W23/><G73/><T91/><D3/><U42/><E118/><V78/><F104/><W114/><G32/><T82/><D35/><U127/><E127/><N who="2" m="48715" /><F36/><W133/><G55/><T15/><D119/><U67/><E27/><V74/><F128/><W120/><G87/><T39/><D39/><U48/><E103/><V101/><F134/><N who="3" m="51819" /><G63/><T64/><D64/><U98/><E98/><N who="2" m="59615" /><F121/><W52/><G52/><T76/><D131/><U116/><E116/><V62/><F13/><N who="3" m="5327" /><G11/><T37/><D37/><U58/><E67/><AGARI ba="4,0" hai="16,18,56,62,67,74,78,81" m="59615,48715" machi="67" ten="30,2000,0" yaku="18,1,54,1" doraHai="0" who="2" fromWho="1" sc="97,0,282,-32,458,32,163,0" owari="97,-40.0,250,5.0,490,59.0,163,-24.0" /></mjloggm>