<mjloggm ver="2.3"><GO type="169" lobby="0"/><UN n0="%E5%8D%97%E5%B8%9D%E5%8D%97%E6%B5%A6" n1="%E8%83%83%E3%81%A8%E8%85%B8" n2="%E5%8B%87%E4%BA%BA" n3="%6C%65%6F%6E%6C%65%6F%6E" dan="16,18,17,16" rate="2088.39,2228.64,2128.67,2133.18" sx="F,M,M,M"/><TAIKYOKU oya="0"/><INIT seed="0,0,0,0,2,9" ten="250,250,250,250" oya="0" hai0="2,112,123,105,21,86,54,88,96,133,108,49,107" hai1="91,24,20,131,92,38,28,61,57,8,67,11,53" hai2="99,14,78,23,74,64,63,80,17,94,10,18,106" hai3="79,126,56,45,30,113,84,90,68,83,76,58,62"/><T36/><D123/><U6/><E131/><V124/><F124/><W128/><G113/><T22/><D112/><U32/><E38/><V69/><F106/><W85/><G128/><T110/><D2/><U3/><E8/><V130/><F130/><W48/><G126/><T50/><D36/><U12/><E67/><V19/><REACH who="2" step="1"/><F10/><REACH who="2" ten="250,250,240,250" step="2"/><W95/><G76/><T60/><D133/><U97/><REACH who="1" step="1"/><E32/><REACH who="1" ten="250,240,240,250" step="2"/><V77/><F77/><W115/><G115/><T16/><D107/><U25/><E25/><V46/><F46/><W135/><G135/><T0/><D105/><U47/><E47/><V125/><F125/><W70/><G45/><T87/><D108/><U102/><E102/><AGARI ba="0,2" hai="14,17,18,19,23,63,64,69,74,78,80,94,99,102" machi="102" ten="30,3900,0" yaku="1,1,7,1,52,1,53,0" doraHai="9" doraHaiUra="31" who="2" fromWho="1" sc="250,0,240,-39,240,59,250,0" /><INIT seed="1,0,0,4,4,8" ten="250,201,299,250" oya="1" hai0="51,104,47,90,63,17,86,31,79,116,118,99,34" hai1="70,106,27,119,22,130,132,74,120,49,41,85,33" hai2="56,88,114,72,7,101,54,19,38,4,62,115,92" hai3="105,69,93,127,53,10,89,26,48,125,61,60,97"/><U96/><E119/><V91/><F72/><W84/><G26/><T128/><D79/><U64/><E120/><V57/><F38/><W68/><G61/><T55/><D128/><U83/><E130/><V29/><F29/><W109/><G109/><T6/><D6/><U123/><E123/><V52/><F101/><W135/><G135/><T71/><D17/><U98/><E132/><V43/><F43/><W24/><G24/><T40/><D40/><U37/><E37/><V100/><F100/><W77/><G10/><T21/><D21/><U94/><E33/><V3/><F19/><W133/><G133/><T129/><D129/><U131/><E74/><V95/><REACH who="2" step="1"/><F62/><REACH who="2" ten="250,201,289,250" step="2"/><W42/><G60/><T39/><D39/><U111/><E131/><V18/><F18/><W102/><G42/><T25/><D63/><U14/><E41/><V76/><F76/><W134/><G77/><T73/><D73/><U2/><E64/><V59/><F59/><N who="3" m="33191" /><G134/><T81/><D71/><U30/><E70/><V28/><F28/><W82/><G105/><T35/><D35/><U126/><E106/><V103/><F103/><W16/><G16/><T11/><D104/><U20/><E30/><V124/><F124/><AGARI ba="0,1" hai="68,69,82,84,89,93,97,102,124,125,127" m="33191" machi="124" ten="30,1000,0" yaku="18,1" doraHai="8" who="3" fromWho="2" sc="250,0,201,0,289,-10,250,20" /><INIT seed="2,0,0,5,1,124" ten="250,201,279,270" oya="2" hai0="114,10,134,99,125,44,51,54,23,78,16,24,26" hai1="135,122,83,53,27,129,74,119,110,133,120,68,13" hai2="9,62,106,116,40,57,115,3,117,97,96,45,32" hai3="43,46,1,8,104,11,25,64,126,4,17,33,72"/><V82/><F115/><W84/><G104/><T123/><D114/><U61/><E13/><V108/><F32/><W109/><G126/><T132/><D125/><U2/><E27/><V37/><F108/><W131/><G109/><T31/><D123/><N who="1" m="47147" /><E110/><V80/><F117/><W75/><G64/><T112/><D112/><U76/><E119/><V66/><F116/><W79/><G84/><T56/><D78/><U59/><E2/><V18/><F106/><W127/><G127/><T22/><D10/><U7/><E7/><V52/><F66/><W67/><G67/><T87/><D87/><U60/><E60/><V71/><F71/><W91/><G91/><T77/><D77/><U118/><E68/><V5/><REACH who="2" step="1"/><F18/><REACH who="2" ten="250,201,269,270" step="2"/><W29/><G17/><T70/><D70/><U121/><N who="1" m="47155" /><U93/><DORA hai="98" /><E118/><V42/><F42/><W14/><G43/><T103/><REACH who="0" step="1"/><D44/><REACH who="0" ten="240,201,269,270" step="2"/><U130/><E133/><V15/><F15/><W85/><G46/><T38/><D38/><U102/><E135/><V101/><F101/><W105/><G14/><T39/><D39/><U113/><E113/><V47/><F47/><W88/><G1/><T81/><D81/><AGARI ba="0,2" hai="3,5,9,37,40,45,52,57,62,80,81,82,96,97" machi="81" ten="40,7700,0" yaku="1,1,54,1,53,1" doraHai="124,98" doraHaiUra="55,111" who="2" fromWho="0" sc="240,-77,201,0,269,97,270,0" /><INIT seed="2,1,0,5,5,2" ten="163,201,366,270" oya="2" hai0="121,88,24,126,14,127,38,69,54,76,90,74,86" hai1="96,108,50,83,13,102,95,9,130,22,58,4,80" hai2="62,20,72,63,59,120,25,12,101,45,89,7,71" hai3="125,56,91,129,44,124,10,30,118,43,94,99,6"/><V65/><F120/><W0/><G118/><T98/><D38/><U78/><E108/><V134/><F134/><W55/><G30/><T109/><D69/><U23/><E130/><V75/><F101/><W31/><G31/><T48/><D24/><U47/><E58/><V81/><F45/><W79/><G129/><T61/><D61/><U52/><REACH who="1" step="1"/><E80/><REACH who="1" ten="163,191,366,270" step="2"/><V132/><F81/><W87/><G56/><T128/><D109/><U16/><E16/><V46/><F59/><W49/><G124/><T107/><D128/><U133/><E133/><V60/><F132/><W35/><G125/><T29/><D121/><U1/><E1/><V8/><F46/><W122/><G122/><T70/><D127/><U36/><E36/><V77/><F71/><W131/><G131/><T21/><D126/><U26/><E26/><V34/><F25/><W92/><G0/><T67/><D70/><U93/><E93/><V100/><F65/><W116/><G94/><T135/><D135/><U5/><E5/><V106/><F7/><W97/><G6/><T42/><D107/><U53/><E53/><V105/><F105/><W84/><G55/><T41/><D41/><U110/><E110/><V39/><F106/><W119/><G92/><T82/><D42/><U28/><E28/><V11/><F39/><W68/><G43/><T17/><D67/><U37/><E37/><V111/><F111/><W57/><G68/><T113/><D54/><U19/><E19/><V73/><F12/><W3/><G3/><T103/><D17/><U15/><E15/><V115/><F115/><W85/><G57/><RYUUKYOKU ba="1,1" sc="163,-10,191,30,366,-10,270,-10" hai1="4,9,13,22,23,47,50,52,78,83,95,96,102" /><INIT seed="3,2,1,1,4,107" ten="153,221,356,260" oya="3" hai0="34,32,47,37,28,99,29,83,116,4,81,84,16" hai1="135,23,95,102,82,2,105,108,46,97,31,7,30" hai2="0,6,125,130,110,93,25,94,21,70,92,43,89" hai3="67,76,115,26,66,121,73,88,13,87,123,52,109"/><W117/><G115/><T77/><D116/><U17/><E108/><V40/><F110/><W38/><G117/><T98/><D4/><U22/><E135/><V1/><F70/><W103/><G109/><T15/><D37/><U62/><E22/><V3/><F6/><W101/><G38/><T72/><D47/><U111/><E111/><V53/><F125/><W120/><G13/><T41/><D41/><U57/><E46/><V85/><F130/><W112/><G112/><T44/><D44/><U12/><E105/><V124/><F124/><W104/><G26/><T18/><D32/><U36/><E36/><V131/><F131/><W50/><G76/><T113/><D113/><U75/><E7/><V63/><F53/><W61/><G73/><T79/><D18/><U128/><E2/><V59/><F59/><W60/><G60/><T54/><D54/><U64/><REACH who="1" step="1"/><E128/><REACH who="1" ten="153,211,356,260" step="2"/><V127/><F0/><W119/><G119/><T48/><D34/><U100/><E100/><V9/><F1/><W91/><G104/><T45/><D29/><U20/><E20/><V55/><F21/><W78/><G103/><T58/><D28/><U96/><E96/><V132/><F3/><W133/><G101/><T33/><D33/><U35/><E35/><V90/><F132/><W74/><G133/><T42/><REACH who="0" step="1"/><D58/><REACH who="0" ten="143,211,356,260" step="2"/><U80/><E80/><V49/><F127/><W19/><G19/><T24/><D24/><U65/><E65/><V56/><F25/><W51/><G67/><T118/><D118/><U68/><E68/><V69/><F69/><W126/><G66/><T10/><AGARI ba="2,3" hai="10,15,16,42,45,48,72,77,79,81,83,84,98,99" machi="10" ten="20,12000,2" yaku="1,1,5,1,0,1,7,1,52,1,54,1,53,1" doraHai="107" doraHaiUra="5" who="0" fromWho="0" sc="143,156,211,-32,356,-32,260,-62" /><INIT seed="4,0,0,5,4,7" ten="299,179,324,198" oya="0" hai0="43,56,21,126,5,80,111,64,2,76,48,18,102" hai1="89,70,28,45,0,73,108,50,112,68,124,90,35" hai2="82,105,74,16,49,95,116,40,83,110,26,134,123" hai3="103,1,25,75,100,58,12,4,72,51,11,106,22"/><T24/><D126/><U84/><E108/><V101/><F123/><W88/><G72/><T13/><D102/><U115/><E73/><V65/><F110/><W113/><G75/><T36/><D36/><U3/><E124/><V71/><F105/><W122/><G122/><T60/><D2/><U10/><E0/><V109/><F109/><W78/><G78/><T15/><D111/><U96/><E96/><N who="2" m="59551" /><F74/><W38/><G38/><T91/><D5/><N who="1" m="1343" /><E28/><V85/><F71/><N who="1" m="27177" /><E84/><V31/><F65/><W14/><G113/><N who="1" m="43594" /><E35/><V131/><F31/><W67/><G1/><T130/><D130/><U34/><E34/><V47/><F131/><W125/><G125/><T37/><D37/><U57/><E57/><V117/><F85/><W33/><G33/><T54/><D43/><AGARI ba="0,0" hai="43,45,50,89,90" m="43594,27177,1343" machi="43" ten="30,3900,0" yaku="15,1,11,1,52,1" doraHai="7" who="1" fromWho="0" sc="299,-39,179,39,324,0,198,0" /><INIT seed="5,0,0,2,3,91" ten="260,218,324,198" oya="1" hai0="113,122,101,96,112,61,129,56,108,31,8,12,123" hai1="92,81,86,109,29,85,83,11,68,131,76,59,48" hai2="43,107,26,10,63,2,118,121,84,40,66,117,116" hai3="13,71,105,115,5,37,89,114,28,104,49,58,99"/><U47/><E131/><V102/><F121/><N who="0" m="46090" /><D31/><U6/><E109/><V120/><F120/><W110/><G110/><T60/><D108/><U52/><E68/><V30/><F84/><W51/><G37/><T4/><D129/><U77/><E29/><V82/><F82/><W67/><G71/><T24/><D24/><U35/><E35/><V50/><F10/><N who="3" m="4303" /><G28/><T94/><D60/><U19/><E19/><V95/><F2/><W106/><G67/><AGARI ba="0,0" hai="4,8,12,56,61,67,94,96,101,112,113" m="46090" machi="67" ten="30,2000,0" yaku="13,1,52,1" doraHai="91" who="0" fromWho="3" sc="260,20,218,0,324,0,198,-20" /><INIT seed="6,0,0,0,5,60" ten="280,218,324,178" oya="2" hai0="119,54,59,58,96,39,31,6,97,5,88,50,49" hai1="92,86,27,62,15,102,134,8,113,89,105,135,2" hai2="82,25,127,68,51,43,80,131,40,32,29,73,98" hai3="117,123,85,14,63,12,52,21,45,120,103,56,55"/><V53/><F127/><W124/><G117/><T64/><D39/><U37/><E113/><V90/><F131/><W1/><G1/><T130/><D130/><U122/><E122/><V0/><F0/><W95/><G124/><T36/><D36/><U46/><E2/><V106/><F68/><W10/><G21/><T23/><D119/><U74/><E27/><V13/><F13/><W9/><G45/><T34/><D34/><U132/><E74/><V67/><F67/><W108/><G108/><T57/><D49/><U42/><E62/><V30/><F30/><W41/><G41/><T125/><D125/><U118/><E118/><V18/><F18/><W47/><G47/><T110/><D110/><U126/><E126/><V114/><F114/><W35/><G35/><T72/><D72/><U91/><E105/><V81/><F73/><W3/><G3/><T38/><D38/><U101/><REACH who="1" step="1"/><E89/><REACH who="1" ten="280,208,324,178" step="2"/><V104/><F104/><W99/><G55/><N who="0" m="31991" /><D88/><U70/><E70/><V116/><F116/><W44/><G44/><T94/><D54/><U4/><AGARI ba="0,1" hai="4,8,15,37,42,46,86,91,92,101,102,132,134,135" machi="4" ten="30,4000,0" yaku="1,1,0,1,20,1,53,0" doraHai="60" doraHaiUra="109" who="1" fromWho="1" sc="280,-10,208,50,324,-20,178,-10" /><INIT seed="7,0,0,1,2,108" ten="270,258,304,168" oya="3" hai0="131,53,51,11,12,44,13,39,43,97,5,77,130" hai1="78,10,118,66,62,6,92,111,98,129,96,126,29" hai2="72,75,7,104,103,122,26,70,65,55,25,20,121" hai3="15,100,60,2,120,106,127,132,30,85,112,61,117"/><W67/><G117/><T84/><D97/><U74/><E111/><V0/><F55/><W50/><G120/><N who="2" m="46185" /><F103/><W27/><G2/><T59/><D13/><U119/><E126/><V63/><F104/><W69/><G127/><T90/><REACH who="0" step="1"/><D77/><REACH who="0" ten="260,258,304,168" step="2"/><U93/><E96/><V9/><F26/><W38/><G132/><T33/><D33/><U113/><E98/><V79/><F79/><W80/><G15/><T28/><D28/><AGARI ba="0,1" hai="0,7,9,20,25,28,63,65,70,72,75" m="46185" machi="28" ten="30,1000,0" yaku="13,1" doraHai="108" who="2" fromWho="0" sc="260,-10,258,0,304,20,168,0" owari="250,-15.0,258,6.0,324,42.0,168,-33.0" /></mjloggm>