<mjloggm ver="2.3"><GO type="169" lobby="0"/><UN n0="%E8%87%AA%E6%83%9A%E3%82%8C%E3%83%AA%E3%83%BC%E3%83%81" n1="%E6%9C%A8%E5%8E%9F%E8%B1%AA%E4%B8%80" n2="%E3%81%94%E3%81%96%E3%83%BC%E3%82%8B%E3%81%94%E3%81%96%E3%82%8B" n3="%E8%A5%BF%E5%B2%A1%E8%82%B2%E6%9C%AA%E2%99%AA" dan="16,17,16,16" rate="2070.40,2200.63,2120.46,2082.16" sx="M,M,M,F"/><TAIKYOKU oya="0"/><INIT seed="0,0,0,4,2,49" ten="250,250,250,250" oya="0" hai0="5,37,15,109,121,101,27,103,93,30,118,86,66" hai1="106,23,72,80,60,14,119,132,97,39,79,65,69" hai2="124,51,76,6,77,57,63,58,26,127,71,116,47" hai3="73,25,98,42,36,110,2,70,61,78,55,18,115"/><T107/><D121/><U11/><E132/><V126/><F6/><W134/><G115/><T104/><D118/><U75/><E119/><V40/><F116/><W50/><G2/><T122/><D122/><U4/><E39/><V33/><F33/><W91/><G110/><T45/><D66/><U48/><E23/><V89/><F26/><W92/><G134/><T24/><D86/><U128/><E128/><V108/><F108/><W102/><G73/><T96/><D103/><U114/><E114/><V10/><F10/><W117/><G78/><T64/><D64/><U67/><E67/><V112/><F57/><W41/><G36/><T129/><D129/><U54/><E97/><V131/><F71/><W82/><G61/><T111/><D111/><U46/><REACH who="1" step="1"/><E106/><REACH who="1" ten="250,240,250,250" step="2"/><V44/><F131/><W22/><G117/><T123/><D109/><U16/><E16/><V105/><F105/><W84/><REACH who="3" step="1"/><G70/><REACH who="3" ten="250,240,250,240" step="2"/><T1/><D37/><U17/><E17/><V34/><F112/><W88/><G88/><T20/><D123/><U130/><E130/><V0/><F89/><W135/><G135/><T21/><D101/><U53/><E53/><V81/><F124/><W94/><G94/><T125/><D93/><U68/><E68/><V62/><F126/><W90/><G90/><T120/><D107/><U12/><E12/><V28/><F127/><W43/><G43/><T35/><D104/><U52/><E52/><V9/><F40/><W3/><G3/><T56/><D125/><U8/><E8/><V74/><F9/><W95/><G95/><T32/><D120/><U83/><E83/><RYUUKYOKU ba="0,2" sc="250,-15,240,15,250,-15,240,15" hai1="4,11,14,46,48,54,60,65,69,72,75,79,80" hai3="18,22,25,41,42,50,55,82,84,91,92,98,102" /><INIT seed="1,1,2,0,5,85" ten="235,255,235,255" oya="1" hai0="117,20,68,74,80,30,100,59,35,118,132,21,60" hai1="31,101,120,24,5,131,29,34,25,14,33,79,127" hai2="134,52,42,1,88,114,133,75,113,129,67,19,8" hai3="48,16,116,55,111,109,54,72,50,89,17,76,112"/><U45/><E120/><V90/><F67/><W122/><G122/><T73/><D68/><U125/><E79/><V78/><F42/><W32/><G112/><N who="2" m="43113" /><F129/><W97/><G32/><T46/><D100/><U105/><E45/><V77/><F1/><W11/><G76/><N who="2" m="29289" /><F75/><W51/><G72/><T124/><D80/><U41/><E41/><V65/><F65/><W61/><G116/><T10/><D46/><U49/><E49/><V70/><F70/><W27/><G61/><T66/><D60/><U28/><E131/><V2/><F2/><W47/><G51/><T92/><D66/><U94/><E105/><V3/><F3/><W53/><G54/><T57/><D74/><U83/><E83/><V81/><F81/><W104/><G104/><T98/><D73/><U110/><E110/><V39/><F39/><W126/><G126/><N who="1" m="48138" /><E94/><V23/><F8/><W15/><G53/><T93/><D124/><U86/><E101/><V13/><F52/><W43/><G50/><T84/><D92/><U103/><E103/><V64/><F64/><W4/><G43/><T69/><D93/><U91/><E34/><V12/><F12/><W9/><G109/><T26/><D35/><U36/><E36/><V58/><F58/><W37/><G37/><T121/><D69/><U7/><E33/><V0/><F0/><W128/><G111/><T63/><D121/><U44/><E44/><V135/><AGARI ba="1,2" hai="13,19,23,88,90,133,134,135" m="29289,43113" machi="135" ten="40,8000,1" yaku="20,1,11,1,52,2,54,1" doraHai="85" who="2" fromWho="2" sc="235,-21,255,-41,235,103,255,-21" /><INIT seed="2,0,0,0,4,39" ten="214,214,338,234" oya="2" hai0="114,7,29,0,70,75,40,100,64,21,34,62,128" hai1="44,99,95,5,61,14,24,2,20,101,51,97,113" hai2="81,103,10,124,19,43,4,68,116,37,89,41,87" hai3="3,60,23,35,6,65,90,105,106,127,115,88,110"/><V92/><F116/><W135/><G35/><T118/><D75/><U63/><E113/><V133/><F68/><W13/><G115/><T93/><D0/><U86/><E2/><V120/><F120/><W96/><G110/><T42/><D7/><U72/><E72/><V73/><F124/><W69/><G127/><T38/><D38/><U57/><E86/><V47/><F133/><W107/><G135/><T56/><D34/><U12/><E99/><V58/><F19/><W79/><G79/><T54/><D114/><U126/><E126/><V109/><F109/><W112/><G112/><T26/><D118/><U132/><E5/><V53/><F47/><W45/><G3/><T1/><D1/><U17/><E63/><V104/><F37/><W11/><G23/><T71/><D128/><U131/><E131/><V66/><F66/><W55/><G96/><N who="0" m="59407" /><D54/><U22/><E22/><V9/><F104/><W16/><REACH who="3" step="1"/><G6/><REACH who="3" ten="214,214,338,224" step="2"/><T80/><D80/><U102/><E132/><V31/><F4/><W129/><G129/><T36/><D36/><U77/><E77/><V82/><F81/><W119/><G119/><T67/><D71/><U94/><E97/><V74/><F82/><W117/><G117/><T33/><D33/><U98/><E98/><V48/><F74/><W122/><G122/><T134/><D134/><U123/><E123/><V49/><F73/><W30/><G30/><T8/><D8/><N who="2" m="3178" /><F31/><W15/><G15/><N who="1" m="5674" /><E102/><V46/><F103/><W121/><G121/><T76/><D76/><U84/><E101/><V85/><F87/><W59/><G59/><T18/><D29/><RYUUKYOKU ba="0,1" sc="214,10,214,-30,338,10,224,10" hai0="18,21,26,40,42,56,62,64,67,70" hai2="41,43,46,48,49,53,58,85,89,92" hai3="11,13,16,45,55,60,65,69,88,90,105,106,107" /><INIT seed="2,1,1,2,5,108" ten="224,184,348,234" oya="2" hai0="129,38,63,36,99,80,26,15,33,73,4,87,90" hai1="28,131,29,59,120,21,24,12,52,126,3,122,111" hai2="123,94,133,62,58,115,27,17,57,43,45,119,100" hai3="11,56,103,35,88,47,53,30,77,79,81,127,93"/><V68/><F119/><W34/><G127/><T8/><D129/><U69/><E69/><V66/><F123/><N who="1" m="47145" /><E111/><V67/><F67/><W72/><G77/><T60/><D73/><U2/><E131/><V76/><F76/><W71/><G71/><T7/><D7/><U110/><E110/><V92/><F133/><W105/><G30/><T54/><D33/><U102/><E126/><V116/><F116/><W1/><G47/><T5/><D26/><N who="1" m="16463" /><E12/><V101/><F115/><W37/><G37/><T74/><D5/><U82/><E82/><V16/><F68/><W106/><G11/><T13/><D13/><U132/><E102/><N who="2" m="39531" /><F57/><W112/><G1/><T95/><D74/><U55/><E55/><V84/><F84/><N who="3" m="52359" /><G112/><T6/><D38/><U109/><E109/><V96/><F27/><W70/><G70/><T65/><D65/><U20/><E132/><V121/><F121/><W22/><G22/><T10/><D36/><U25/><E24/><V41/><F94/><W48/><G106/><T117/><D117/><U114/><E114/><V124/><F124/><W75/><G75/><T91/><D54/><U134/><E134/><V85/><F85/><W39/><G39/><T97/><D97/><AGARI ba="1,1" hai="34,35,48,53,56,72,79,81,97,103,105" m="52359" machi="97" ten="30,2000,0" yaku="24,1,54,1" doraHai="108" who="3" fromWho="0" sc="224,-23,184,0,348,0,234,33" /><INIT seed="3,0,0,5,3,35" ten="201,184,348,267" oya="3" hai0="36,41,27,128,16,97,21,49,6,100,118,83,63" hai1="52,82,59,74,111,32,73,1,75,77,30,112,14" hai2="19,131,48,98,53,127,123,108,50,55,57,120,95" hai3="11,46,86,17,109,93,20,89,37,54,58,47,92"/><W135/><G135/><T103/><D128/><U133/><E112/><V99/><F131/><W22/><G109/><T132/><D132/><U85/><E133/><V115/><F115/><W122/><G122/><T12/><D36/><U106/><E106/><V119/><F119/><W71/><G71/><T33/><D118/><U2/><E111/><V31/><F31/><W96/><G11/><T88/><D63/><U69/><E69/><V81/><F81/><W129/><G129/><T84/><D33/><U25/><REACH who="1" step="1"/><E14/><REACH who="1" ten="201,174,348,267" step="2"/><V79/><F108/><W87/><G37/><T121/><D121/><U110/><E110/><V70/><F70/><W13/><G22/><N who="0" m="11527" /><D6/><U24/><E24/><V28/><F123/><W7/><G7/><T34/><D34/><U3/><E3/><V4/><F4/><W38/><G38/><T66/><D66/><U80/><E80/><V67/><F67/><W126/><G126/><T124/><D124/><U43/><E43/><V42/><F42/><W94/><G94/><N who="0" m="56519" /><D41/><U114/><E114/><V23/><F127/><W78/><G92/><T44/><D27/><U10/><E10/><V0/><F0/><W61/><G96/><T15/><D21/><U40/><E40/><V130/><F23/><W9/><G9/><T39/><D15/><U45/><E45/><V91/><F99/><W26/><G13/><T29/><D39/><U56/><E56/><V101/><F98/><W117/><G117/><T72/><D44/><U8/><E8/><V5/><F130/><W102/><G102/><T60/><D103/><U18/><E18/><V90/><F101/><RYUUKYOKU ba="0,1" sc="201,-15,174,15,348,-15,267,15" hai1="1,2,25,30,32,52,59,73,74,75,77,82,85" hai3="17,20,26,46,47,54,58,61,78,86,87,89,93" /><INIT seed="3,1,1,1,2,88" ten="186,189,333,282" oya="3" hai0="110,35,116,28,58,44,92,29,6,85,19,108,56" hai1="33,97,5,27,20,128,77,133,4,13,114,15,25" hai2="121,118,67,75,80,24,46,123,106,66,9,22,98" hai3="16,109,82,100,90,54,37,32,95,41,43,76,103"/><W42/><G37/><T84/><D116/><U86/><E114/><V127/><F118/><W36/><G36/><T21/><D6/><N who="1" m="2667" /><E86/><N who="0" m="33385" /><D44/><U0/><E97/><V53/><F9/><W65/><G32/><T3/><D35/><U68/><E77/><N who="2" m="44095" /><F53/><W91/><G109/><N who="0" m="42091" /><D3/><U125/><E68/><V38/><F127/><W89/><G65/><T105/><D105/><U31/><E125/><V17/><F98/><N who="3" m="59487" /><G103/><T131/><D92/><U115/><E115/><V1/><F1/><W23/><G54/><T129/><D58/><U81/><E81/><V74/><F74/><W83/><G76/><T124/><D56/><U99/><E99/><V50/><F38/><W62/><G62/><T93/><D93/><U87/><E87/><V107/><F67/><W45/><G45/><T94/><D94/><U113/><E113/><V119/><F66/><W130/><G130/><N who="0" m="49675" /><D124/><U72/><E72/><V78/><F119/><W40/><G40/><T134/><D134/><U2/><E128/><V55/><F78/><W64/><G64/><T18/><D21/><U14/><E133/><V39/><F39/><W7/><G7/><T30/><AGARI ba="1,1" hai="18,19,28,29,30" m="49675,42091,33385" machi="30" ten="40,8000,1" yaku="28,2,14,1,19,1" doraHai="88" who="0" fromWho="0" sc="186,93,189,-21,333,-21,282,-41" /><INIT seed="4,0,0,0,4,73" ten="279,168,312,241" oya="0" hai0="18,79,34,2,87,19,30,24,121,71,29,90,31" hai1="115,0,12,68,11,3,21,89,94,102,42,4,99" hai2="101,38,63,103,22,116,76,57,46,41,108,40,72" hai3="125,35,13,107,80,10,58,54,6,105,131,84,60"/><T48/><D71/><U123/><E123/><V135/><F108/><W9/><G35/><T75/><D121/><U127/><E127/><V129/><F129/><W55/><G131/><T39/><D39/><U133/><E133/><V106/><F135/><W134/><G134/><T70/><D70/><U104/><E68/><V117/><F41/><W25/><G125/><T98/><D98/><U126/><E126/><V128/><F128/><W28/><G55/><T8/><D48/><U100/><E115/><V110/><F106/><W59/><G59/><T95/><D19/><U20/><E42/><V96/><F96/><W74/><G74/><T5/><REACH who="0" step="1"/><D18/><REACH who="0" ten="269,168,312,241" step="2"/><U51/><E51/><V78/><F110/><W23/><G10/><T50/><D50/><U66/><E99/><V92/><F38/><W1/><G1/><T122/><D122/><U45/><E0/><V120/><F120/><W53/><G105/><T91/><D91/><U132/><E104/><V17/><F17/><W109/><G107/><T124/><D124/><U32/><E3/><V88/><F88/><N who="3" m="51207" /><G109/><T114/><D114/><U83/><E132/><V69/><F69/><W27/><G27/><T119/><D119/><U130/><E130/><V65/><F117/><W43/><G43/><T16/><D16/><U56/><E100/><V49/><F101/><W62/><G58/><T61/><D61/><U44/><E102/><V33/><F57/><W118/><G118/><T64/><D64/><U67/><E56/><V81/><F65/><W52/><AGARI ba="0,1" hai="6,9,13,23,25,28,52,53,54,60,62" m="51207" machi="52" ten="30,4000,0" yaku="8,1,54,2" doraHai="73" who="3" fromWho="3" sc="269,-20,168,-10,312,-10,241,50" /><INIT seed="5,0,0,3,0,123" ten="249,158,302,291" oya="1" hai0="37,103,2,84,133,0,71,104,44,33,22,100,53" hai1="36,18,88,124,107,27,29,113,96,35,12,30,39" hai2="83,120,98,126,99,101,86,68,23,55,25,3,110" hai3="80,105,90,77,19,15,75,6,69,54,118,108,59"/><U40/><E113/><V82/><F68/><W111/><G118/><T64/><D33/><U129/><E129/><V28/><F3/><W46/><G69/><T78/><D104/><U34/><E124/><V92/><F120/><W66/><G105/><T79/><D64/><U9/><E40/><V72/><F126/><W20/><G6/><T58/><D22/><U93/><REACH who="1" step="1"/><E107/><REACH who="1" ten="249,148,302,291" step="2"/><V42/><F42/><W52/><G66/><T16/><D2/><U112/><E112/><V114/><F114/><W102/><G54/><T48/><D0/><U131/><E131/><V117/><F117/><W89/><G46/><T74/><D44/><U134/><E134/><V122/><F122/><W125/><G125/><T56/><D53/><U73/><E73/><V38/><F72/><W14/><G14/><T45/><D74/><U106/><E106/><V67/><F67/><W121/><G121/><T21/><D133/><U65/><E65/><V4/><F55/><W62/><REACH who="3" step="1"/><G102/><REACH who="3" ten="249,148,302,281" step="2"/><T70/><D103/><U11/><E11/><V128/><F101/><W63/><G63/><T31/><D100/><U8/><E8/><V76/><F128/><W49/><G49/><T81/><D48/><U85/><E85/><V109/><F86/><W5/><G5/><T43/><D71/><U115/><E115/><V91/><F4/><W10/><G10/><T116/><D70/><U26/><AGARI ba="0,2" hai="9,12,18,26,27,29,30,34,35,36,39,88,93,96" machi="26" ten="30,12000,1" yaku="1,1,0,1,9,1,54,1,53,1" doraHai="123" doraHaiUra="7" who="1" fromWho="1" sc="249,-40,148,140,302,-40,281,-40" /><INIT seed="5,1,0,3,0,70" ten="209,288,262,241" oya="1" hai0="63,28,13,103,66,112,11,95,45,131,15,38,36" hai1="106,31,30,97,118,108,32,122,128,21,74,123,83" hai2="117,39,47,9,19,60,77,52,99,68,69,126,62" hai3="79,87,88,125,48,50,127,1,78,116,96,134,72"/><U46/><E118/><V53/><F77/><N who="3" m="29195" /><G1/><T41/><D112/><U135/><E74/><V10/><F99/><W71/><G72/><T115/><D115/><U58/><E83/><V130/><F130/><W17/><G71/><T102/><D131/><U119/><E128/><V76/><F76/><W0/><G0/><T92/><D28/><U42/><E119/><V12/><F117/><W5/><G5/><T132/><D132/><U110/><E21/><V33/><F33/><W57/><G116/><T124/><D124/><N who="3" m="47689" /><G96/><T86/><D15/><U104/><E135/><V23/><F126/><W90/><G90/><T18/><D92/><U85/><E85/><V16/><F47/><W22/><G57/><T3/><D3/><U25/><E58/><V94/><F12/><N who="3" m="9511" /><G134/><T44/><D86/><U73/><E73/><V27/><F23/><W61/><G61/><T40/><D95/><AGARI ba="1,0" hai="48,50,87,88,95" m="9511,47689,29195" machi="95" ten="30,2000,0" yaku="18,1,54,1" doraHai="70" who="3" fromWho="0" sc="209,-23,288,0,262,0,241,23" /><INIT seed="6,0,0,3,0,90" ten="186,288,262,264" oya="2" hai0="2,41,109,108,87,130,33,15,25,49,0,133,113" hai1="28,17,34,73,69,135,71,12,50,117,62,9,1" hai2="43,100,53,48,26,98,118,52,58,75,24,39,45" hai3="72,13,107,76,128,86,95,61,84,23,55,105,10"/><V124/><F118/><W5/><G128/><T54/><D130/><U91/><E117/><V68/><F75/><W21/><G105/><T8/><D41/><U47/><E73/><V123/><F123/><W89/><G107/><T120/><D87/><U22/><E135/><V66/><F124/><W37/><G37/><T121/><D49/><U96/><E62/><N who="2" m="40023" /><F53/><W11/><G72/><T104/><D104/><AGARI ba="0,0" hai="24,26,39,43,45,48,52,58,98,100,104" m="40023" machi="104" ten="30,2900,0" yaku="24,1,54,1" doraHai="90" who="2" fromWho="0" sc="186,-29,288,0,262,29,264,0" /><INIT seed="6,1,0,2,1,67" ten="157,288,291,264" oya="2" hai0="134,69,42,64,12,95,126,41,115,36,63,129,43" hai1="74,21,97,102,30,59,132,121,11,77,122,28,38" hai2="37,93,66,5,116,24,9,90,71,106,20,81,34" hai3="110,112,119,124,128,0,16,61,83,46,44,84,33"/><V96/><F116/><W47/><G110/><T94/><D115/><U105/><E38/><V133/><F133/><W26/><G119/><T53/><D134/><U108/><E108/><V2/><F81/><W35/><G0/><T51/><D129/><U131/><E132/><V75/><F90/><W127/><G128/><T114/><D114/><U103/><E131/><V49/><F20/><N who="3" m="13575" /><G61/><T130/><D130/><U86/><E103/><N who="2" m="62823" /><F93/><W62/><G62/><T14/><D36/><U48/><E74/><V123/><F49/><W57/><G57/><T99/><D95/><U120/><E11/><V15/><F15/><W19/><G19/><T13/><D126/><N who="3" m="48169" /><G112/><T39/><D39/><U52/><E21/><V125/><F125/><W104/><G104/><T80/><D80/><AGARI ba="1,0" hai="28,30,48,52,59,77,80,86,97,102,105,120,121,122" machi="80" ten="40,2600,0" yaku="13,1,54,1" doraHai="67" who="1" fromWho="0" sc="157,-29,288,29,291,0,264,0" /><INIT seed="7,0,0,2,5,54" ten="128,317,291,264" oya="3" hai0="42,130,25,99,27,102,51,19,72,67,89,119,15" hai1="43,8,11,56,65,39,92,16,62,74,20,46,97" hai2="69,2,85,61,96,118,52,23,6,114,76,105,57" hai3="64,124,101,22,135,9,53,86,81,106,70,47,33"/><W63/><G135/><T48/><D130/><U83/><E74/><V88/><F118/><W4/><G33/><T3/><D3/><U12/><E83/><V98/><F105/><W131/><G131/><T31/><D72/><U29/><E29/><V132/><F69/><W55/><G124/><T13/><D119/><U134/><E134/><V5/><F132/><W17/><G101/><AGARI ba="0,0" hai="8,11,12,16,20,39,43,46,56,62,65,92,97,101" machi="101" ten="30,3900,0" yaku="7,1,52,1,54,1" doraHai="54" who="1" fromWho="3" sc="128,0,317,39,291,0,264,-39" owari="128,-37.0,356,45.0,291,9.0,225,-17.0" /></mjloggm>