<mjloggm ver="2.3"><GO type="169" lobby="0"/><UN n0="%E5%8B%87%E4%BA%BA" n1="%E5%8D%83%E7%BE%BD%E9%B4%89" n2="%E6%B2%96%E3%83%92%E3%82%AB%E3%83%AB%EF%BC%88%E6%9C%AC%E7%89%A9%EF%BC%89" n3="%E8%83%83%E3%81%A8%E8%85%B8" dan="17,17,16,18" rate="2130.50,2215.51,2073.70,2234.99" sx="M,F,F,M"/><TAIKYOKU oya="0"/><INIT seed="0,0,0,5,3,22" ten="250,250,250,250" oya="0" hai0="31,2,30,1,104,75,42,23,130,64,107,46,70" hai1="81,14,119,82,35,101,125,113,74,95,60,100,3" hai2="52,118,127,57,86,51,55,20,61,7,87,48,93" hai3="56,94,53,6,80,11,65,108,110,103,41,33,116"/><T43/><D75/><U58/><E3/><V10/><F118/><W28/><G116/><T19/><D130/><U84/><E119/><V89/><F127/><W96/><G41/><T21/><D64/><U111/><E125/><V47/><F20/><W79/><G65/><T26/><D70/><U85/><E35/><V124/><F124/><W0/><G28/><T66/><D66/><U97/><E14/><V114/><F114/><W78/><G33/><T73/><D73/><U90/><E58/><V39/><F39/><W128/><G128/><T37/><D43/><U133/><E60/><V4/><F61/><W77/><REACH who="3" step="1"/><G80/><REACH who="3" ten="250,250,250,240" step="2"/><N who="1" m="30826" /><E113/><V91/><F10/><W71/><G71/><T98/><D31/><U132/><E74/><V12/><F12/><W5/><G5/><T63/><D30/><U131/><E131/><V109/><F109/><W68/><G68/><T102/><D42/><U40/><E40/><V120/><F120/><W13/><G13/><T117/><D117/><U9/><E111/><V67/><F67/><W32/><G32/><T54/><D37/><U83/><E9/><V121/><F121/><W88/><G88/><T69/><D69/><U50/><E101/><V38/><F38/><W115/><G115/><T25/><D102/><U36/><E36/><V18/><F18/><W135/><G135/><N who="1" m="51786" /><E83/><AGARI ba="0,1" hai="4,7,47,48,51,52,55,57,83,86,87,89,91,93" machi="83" ten="30,3900,0" yaku="7,1,8,1,54,1" doraHai="22" who="2" fromWho="1" sc="250,0,250,-39,250,49,240,0" /><INIT seed="1,0,0,3,1,72" ten="250,211,299,240" oya="1" hai0="126,3,118,6,51,133,86,98,91,44,42,81,79" hai1="55,87,132,35,41,54,45,103,92,117,111,17,27" hai2="36,2,23,13,31,68,40,62,116,115,107,77,123" hai3="76,8,121,0,108,101,106,34,69,128,11,84,102"/><U61/><E117/><V88/><F2/><W134/><G121/><T43/><D118/><U56/><E132/><V52/><F107/><W71/><G134/><T47/><D133/><U82/><E111/><V50/><F123/><W90/><G108/><T124/><D6/><U5/><E5/><V95/><F116/><W22/><G34/><T74/><D3/><U119/><E119/><V20/><F13/><W94/><G128/><T37/><REACH who="0" step="1"/><D98/><REACH who="0" ten="240,211,299,240" step="2"/><U122/><E122/><V80/><F115/><W70/><G0/><T105/><D105/><U59/><E35/><V104/><F104/><W113/><G106/><T73/><D73/><U100/><E100/><V26/><F36/><W24/><G101/><T15/><D15/><U10/><E103/><V97/><F40/><W66/><G102/><T9/><D9/><U29/><E10/><V12/><F12/><W130/><G113/><T39/><D39/><U63/><E41/><V49/><F20/><W1/><G1/><T65/><D65/><U96/><E96/><V78/><F52/><W4/><G66/><T85/><D85/><U14/><E14/><V67/><F78/><W18/><G4/><T120/><D120/><U38/><E38/><V32/><F32/><W57/><G8/><T125/><D125/><U64/><E54/><V53/><F53/><W16/><G11/><T46/><D46/><U60/><E45/><V28/><F28/><W83/><G22/><T127/><D127/><U135/><E55/><V7/><F7/><W99/><G76/><T109/><D109/><U33/><E33/><V19/><F31/><RYUUKYOKU ba="0,1" sc="240,15,211,-15,299,15,240,-15" hai0="37,42,43,44,47,51,74,79,81,86,91,124,126" hai2="19,23,26,49,50,62,67,68,77,80,88,95,97" /><INIT seed="2,1,1,1,2,104" ten="255,196,314,225" oya="2" hai0="56,130,25,12,37,93,48,117,64,120,127,20,54" hai1="74,29,133,0,116,39,131,43,24,82,107,126,47" hai2="51,134,9,100,96,108,78,85,135,91,31,103,65" hai3="36,53,122,18,28,115,30,86,110,62,22,55,44"/><V34/><F51/><W32/><G122/><T13/><D120/><U102/><E116/><V114/><F9/><W123/><G123/><T79/><D127/><U128/><E133/><V46/><F46/><W125/><G125/><T58/><D37/><U7/><E126/><V81/><F65/><W26/><G110/><T84/><D130/><N who="1" m="49707" /><E107/><V63/><F63/><W95/><G115/><T1/><D1/><U72/><E102/><V70/><F31/><W83/><G95/><T111/><D111/><U16/><E82/><V106/><F34/><W27/><G18/><T17/><D117/><U4/><E16/><V50/><F70/><W59/><G36/><T10/><D10/><N who="1" m="2311" /><E7/><V109/><F114/><W90/><REACH who="3" step="1"/><G44/><REACH who="3" ten="255,196,314,215" step="2"/><T2/><D93/><U80/><E80/><V11/><F109/><W124/><G124/><T118/><D118/><U129/><N who="1" m="49715" /><U23/><AGARI ba="1,2" hai="23,24,29,39,43,47,72,74" m="2311,49715" machi="23" ten="40,8000,1" yaku="4,1,19,1,52,2" doraHai="104" who="1" fromWho="1" sc="255,-21,196,103,314,-41,215,-21" /><INIT seed="3,0,0,1,1,78" ten="234,299,273,194" oya="3" hai0="94,52,10,69,28,60,115,76,133,45,72,74,128" hai1="85,110,104,91,71,75,89,119,20,92,83,23,13" hai2="32,57,29,86,51,59,15,6,62,109,79,87,58" hai3="50,95,131,41,107,67,8,26,18,65,22,84,9"/><W100/><G131/><T130/><D133/><U14/><E71/><V123/><F109/><W25/><G107/><T39/><D115/><U88/><E110/><V134/><F134/><W36/><G36/><T3/><D28/><U98/><E119/><V56/><F123/><W17/><G100/><T2/><D94/><U70/><E70/><V117/><F32/><W116/><G116/><T1/><D10/><U16/><E75/><V27/><F51/><W112/><G112/><T0/><N who="0" m="0" /><DORA hai="35" /><T82/><D74/><U120/><E104/><V40/><F40/><W99/><G99/><T122/><D122/><U132/><E132/><V121/><F79/><W47/><G8/><T93/><D93/><U118/><E118/><V12/><F27/><W46/><G46/><T19/><D19/><N who="1" m="10351" /><E120/><V66/><F29/><W103/><G103/><AGARI ba="0,0" hai="14,16,23,83,85,88,89,91,92,98,103" m="10351" machi="103" ten="30,7700,0" yaku="8,1,52,1,54,2" doraHai="78,35" who="1" fromWho="3" sc="234,0,299,77,273,0,194,-77" /><INIT seed="4,0,0,1,0,79" ten="234,376,273,117" oya="0" hai0="15,32,103,90,69,36,25,114,46,55,133,18,45" hai1="1,126,113,8,14,23,83,66,94,73,40,19,84" hai2="2,27,37,62,50,92,64,135,51,99,91,42,48" hai3="43,31,13,65,6,116,111,71,110,106,28,41,39"/><T11/><D114/><U97/><E126/><V101/><F2/><W26/><G116/><T58/><D69/><U107/><E113/><V20/><F135/><W109/><G106/><T35/><D133/><U122/><E122/><V63/><F37/><W80/><G28/><T7/><D103/><U100/><E66/><V119/><F119/><W60/><G39/><T76/><D76/><N who="1" m="44431" /><E40/><V72/><F72/><W117/><G117/><T93/><D35/><U115/><E115/><V21/><F21/><W95/><G95/><T75/><D75/><U124/><E1/><V5/><F5/><W52/><G80/><T130/><D36/><U38/><E124/><V49/><F91/><W12/><G12/><T34/><D34/><U4/><E38/><V77/><F77/><W22/><G6/><T56/><D56/><U67/><E67/><V123/><F123/><W3/><G3/><T105/><D105/><U70/><E70/><V53/><F64/><W121/><G121/><T74/><D74/><U128/><E128/><V24/><F42/><W120/><G120/><T98/><D130/><U57/><E57/><N who="2" m="32935" /><F27/><W127/><G127/><T59/><D59/><U54/><E4/><V108/><F108/><W89/><G52/><T81/><D81/><U61/><E54/><V68/><F68/><W16/><REACH who="3" step="1"/><G89/><REACH who="3" ten="234,376,273,107" step="2"/><T17/><D7/><U0/><E0/><V10/><F10/><AGARI ba="0,1" hai="10,13,16,22,26,31,41,43,60,65,71,109,110,111" machi="10" ten="40,5200,0" yaku="1,1,2,1,54,1,53,0" doraHai="79" doraHaiUra="29" who="3" fromWho="2" sc="234,0,376,0,273,-52,107,62" /><INIT seed="5,0,0,2,2,26" ten="234,376,221,169" oya="1" hai0="112,111,101,19,129,58,81,90,69,47,9,56,109" hai1="28,2,50,41,108,22,91,115,93,39,60,78,99" hai2="5,95,66,32,45,119,94,102,0,131,31,21,68" hai3="120,40,63,23,106,59,70,44,77,35,116,8,61"/><U16/><E2/><V73/><F119/><W84/><G116/><T46/><D69/><U29/><E39/><V105/><F73/><W87/><G120/><T57/><D101/><U107/><E107/><V104/><F21/><W76/><G35/><T83/><D90/><U134/><E115/><V36/><F131/><W53/><G106/><T118/><D118/><U97/><E134/><V103/><F103/><W1/><G1/><T117/><D117/><U65/><E78/><V114/><F114/><W30/><G8/><T72/><D112/><U25/><E99/><V135/><F135/><W3/><G3/><T7/><D19/><U67/><E108/><N who="0" m="41545" /><D72/><U55/><E41/><V17/><F17/><W27/><G76/><T89/><D89/><U71/><E65/><V79/><F79/><W82/><G70/><T18/><D18/><U110/><E110/><V54/><F5/><W132/><G132/><T98/><D98/><U38/><E38/><V100/><F0/><W14/><G14/><N who="0" m="5439" /><D129/><U6/><E6/><V49/><F68/><W34/><G84/><T88/><D88/><U113/><E113/><V126/><F105/><W92/><G92/><T37/><D37/><U42/><E42/><V124/><F95/><W80/><G80/><T48/><D48/><U133/><E133/><V52/><F94/><W20/><REACH who="3" step="1"/><G61/><REACH who="3" ten="234,376,221,159" step="2"/><T96/><D96/><U12/><E12/><V128/><F104/><W85/><G85/><T130/><D130/><U24/><E24/><V51/><F128/><W86/><G86/><T10/><D10/><U74/><E74/><V43/><F32/><RYUUKYOKU ba="0,1" sc="234,10,376,10,221,-30,159,10" hai0="46,47,56,57,58,81,83" hai1="16,22,25,28,29,50,55,60,67,71,91,93,97" hai3="20,23,27,30,34,40,44,53,59,63,77,82,87" /><INIT seed="5,1,1,1,0,96" ten="244,386,191,169" oya="1" hai0="29,14,104,8,12,92,32,86,68,19,73,66,13" hai1="25,88,114,103,75,78,38,98,107,6,51,58,130" hai2="4,134,31,24,91,20,49,84,5,100,23,117,109" hai3="99,93,34,7,121,18,52,60,113,63,69,85,54"/><U131/><E38/><V43/><F109/><W72/><G121/><T62/><D73/><U27/><E6/><V36/><F36/><W41/><G41/><T64/><D104/><U9/><E9/><V2/><F2/><W42/><G42/><T57/><D29/><U80/><E114/><V56/><F117/><W50/><G72/><T3/><D32/><U95/><E51/><V21/><F134/><W126/><G113/><T77/><D3/><U124/><E58/><V81/><F100/><N who="3" m="60527" /><G69/><T67/><D68/><U82/><E124/><V65/><F43/><W76/><G34/><T61/><D61/><U135/><E80/><V119/><F119/><W118/><G126/><T111/><D111/><U102/><E102/><V70/><F70/><W97/><G7/><N who="2" m="2633" /><F65/><N who="0" m="25194" /><D92/><U94/><E94/><V71/><F71/><W22/><G118/><T10/><D10/><U89/><E135/><V83/><F81/><AGARI ba="1,1" hai="8,12,13,14,19,57,62,67,77,81,86" m="25194" machi="81" ten="30,1000,0" yaku="8,1" doraHai="96" who="0" fromWho="2" sc="244,23,386,0,191,-13,169,0" /><INIT seed="6,0,0,0,1,25" ten="267,386,178,169" oya="2" hai0="45,84,49,13,110,90,5,48,94,128,56,131,132" hai1="119,95,43,66,87,83,37,8,98,106,91,68,22" hai2="75,39,70,26,16,41,50,107,118,19,23,73,32" hai3="130,124,104,88,82,111,92,1,42,134,59,61,27"/><V135/><F70/><W52/><G111/><T12/><D110/><U77/><E119/><V81/><F39/><W65/><G124/><T21/><D132/><U102/><E66/><V7/><F32/><W93/><G134/><T3/><D3/><U67/><E67/><V69/><F69/><W100/><G130/><N who="0" m="49707" /><D5/><U126/><E68/><V133/><F7/><W57/><G1/><T89/><D21/><U18/><E8/><V60/><F60/><W76/><G42/><N who="0" m="24631" /><D89/><U101/><E126/><V6/><F6/><W80/><G104/><T86/><D86/><U62/><E62/><V51/><F107/><W78/><G100/><T47/><D56/><U96/><E43/><AGARI ba="0,0" hai="12,13,43,47,49,84,90,94" m="24631,49707" machi="43" ten="30,1000,0" yaku="19,1" doraHai="25" who="0" fromWho="1" sc="267,10,386,-10,178,0,169,0" /><INIT seed="7,0,0,1,2,20" ten="277,376,178,169" oya="3" hai0="113,26,87,1,135,83,8,62,75,90,35,3,71" hai1="43,134,80,97,47,111,17,121,84,85,23,108,41" hai2="68,82,10,12,77,16,40,116,86,52,132,70,105" hai3="64,5,6,63,69,88,38,122,81,22,11,110,4"/><W114/><G122/><T107/><D107/><U61/><E121/><V127/><F116/><W104/><G114/><T32/><D135/><U50/><E134/><V46/><F105/><W56/><G110/><T59/><D71/><U74/><E74/><V99/><F132/><W34/><G34/><T109/><D109/><U31/><E84/><V57/><F99/><W126/><G126/><T131/><D131/><U119/><E31/><V48/><REACH who="2" step="1"/><F127/><REACH who="2" ten="277,376,168,169" step="2"/><W36/><G104/><T118/><D118/><U101/><E97/><V91/><F91/><W55/><G11/><T25/><D90/><U15/><E119/><V124/><F124/><W49/><REACH who="3" step="1"/><G22/><REACH who="3" ten="277,376,168,159" step="2"/><T100/><D8/><U98/><E23/><V123/><F123/><W94/><G94/><T106/><D106/><U54/><E111/><V30/><F30/><W133/><G133/><T7/><D32/><U65/><E108/><V92/><F92/><W28/><G28/><T13/><D35/><U37/><E80/><V93/><F93/><W89/><G89/><T102/><D83/><U67/><E101/><V76/><F76/><W45/><G45/><T130/><D102/><U73/><E47/><V42/><F42/><W120/><G120/><T60/><D100/><U9/><E41/><V66/><F66/><W129/><G129/><T58/><D130/><U2/><E67/><V29/><F29/><W0/><G0/><T18/><D1/><U44/><E2/><V96/><F96/><W95/><G95/><T24/><D3/><U78/><E98/><V39/><AGARI ba="0,2" hai="10,12,16,39,40,46,48,52,57,68,70,77,82,86" machi="39" ten="20,12000,2" yaku="1,1,0,1,7,1,54,2,53,1" doraHai="20" doraHaiUra="72" who="2" fromWho="2" sc="277,-30,376,-30,168,140,159,-60" owari="247,-15.0,346,44.0,308,11.0,99,-40.0" /></mjloggm>