<mjloggm ver="2.3"><GO type="169" lobby="0"/><UN n0="%E3%81%BF%E3%81%A3%E3%81%8D%E3%83%BC" n1="%E3%81%8A%E3%82%8A%E3%81%BE%E3%81%A4" n2="%E7%84%9A%E3%81%8D%E7%81%AB" n3="%28%3B%E3%83%BB%E2%88%80%E3%83%BB%29" dan="17,16,17,16" rate="2198.89,2068.62,2196.07,2190.08" sx="M,M,M,M"/><TAIKYOKU oya="0"/><INIT seed="0,0,0,4,1,38" ten="250,250,250,250" oya="0" hai0="14,47,127,104,54,128,77,48,79,19,94,130,66" hai1="10,9,51,28,64,115,110,103,88,8,62,101,27" hai2="90,112,32,109,71,3,67,89,13,86,98,58,2" hai3="36,82,111,50,41,53,55,108,25,126,15,29,17"/><T121/><D104/><U124/><E110/><N who="3" m="42026" /><G36/><T31/><D121/><U40/><E124/><V116/><F32/><N who="3" m="20527" /><G82/><T73/><D127/><U44/><E115/><V87/><F71/><W16/><G126/><T92/><D31/><U69/><REACH who="1" step="1"/><E88/><REACH who="1" ten="250,240,250,250" step="2"/><V120/><F90/><W56/><G17/><T39/><D77/><U118/><E118/><V42/><F89/><W57/><G57/><T49/><D79/><U93/><E93/><V76/><F58/><W59/><G59/><T75/><D92/><U119/><E119/><V99/><F76/><W35/><G35/><AGARI ba="0,1" hai="8,9,10,27,28,35,40,44,51,62,64,69,101,103" machi="35" ten="40,2600,0" yaku="1,1,52,1,53,0" doraHai="38" doraHaiUra="91" who="1" fromWho="3" sc="250,0,240,36,250,0,250,-26" /><INIT seed="1,0,0,5,5,111" ten="250,276,250,224" oya="1" hai0="47,64,28,131,69,31,35,40,125,86,14,98,25" hai1="82,53,34,121,79,43,119,51,118,11,135,123,12" hai2="87,91,102,117,95,44,94,73,96,0,52,29,59" hai3="67,46,114,126,22,133,41,62,57,10,3,68,115"/><U101/><E34/><V81/><F117/><W72/><G72/><T113/><D125/><U17/><E43/><V55/><F0/><W103/><G103/><T105/><D131/><U61/><E61/><V5/><F5/><W65/><G22/><T20/><D14/><U109/><E101/><V8/><F8/><W42/><G10/><T70/><D31/><U71/><E71/><V9/><F9/><W38/><G3/><T58/><D58/><U99/><E99/><V18/><F29/><W33/><G33/><T76/><D20/><U132/><E109/><V27/><F44/><N who="3" m="23607" /><G126/><T6/><D6/><U124/><E124/><V50/><F73/><W116/><G133/><N who="1" m="51274" /><E51/><V2/><F2/><W108/><G108/><T19/><D69/><U128/><E53/><N who="2" m="32183" /><F94/><W56/><G116/><N who="1" m="44586" /><E128/><V39/><F39/><N who="3" m="21855" /><G57/><T104/><D35/><U112/><E79/><V15/><F27/><W92/><G92/><T106/><D25/><U16/><E82/><V100/><F102/><W129/><G129/><T54/><D105/><U7/><E123/><V120/><F120/><W63/><AGARI ba="0,0" hai="56,62,63,65,67,68,114,115" m="21855,23607" machi="63" ten="30,7900,0" yaku="34,2,52,2" doraHai="111" who="3" fromWho="3" sc="250,-20,276,-39,250,-20,224,79" /><INIT seed="2,0,0,5,0,4" ten="230,237,230,303" oya="2" hai0="51,113,28,102,10,64,134,9,62,75,85,0,8" hai1="132,5,46,63,14,59,94,105,126,32,81,91,116" hai2="70,47,123,96,45,78,40,128,42,135,76,68,27" hai3="3,24,52,49,38,99,82,107,18,129,73,67,37"/><V43/><F123/><W22/><G3/><T7/><D75/><U84/><E105/><V17/><F96/><W92/><G107/><T26/><D113/><U90/><E116/><V33/><F17/><W108/><G108/><T125/><D125/><U115/><E32/><V12/><F12/><W120/><G120/><T39/><D39/><U72/><E126/><V61/><F33/><W31/><G67/><T86/><D134/><U58/><E132/><V95/><F135/><W110/><G110/><T89/><D102/><U23/><E46/><N who="2" m="17419" /><F95/><W6/><G6/><T104/><D51/><U87/><E72/><V35/><F35/><W36/><G129/><T122/><D122/><U54/><E115/><V93/><F93/><W111/><G111/><T48/><D48/><U103/><E59/><V79/><F27/><W1/><G1/><T2/><D104/><U71/><E103/><V119/><F61/><W109/><G109/><T131/><D131/><U57/><E23/><V29/><F29/><W30/><G82/><T106/><D106/><U19/><E19/><V44/><F44/><W60/><G60/><T124/><D124/><U74/><E63/><V130/><F119/><W55/><G73/><T20/><D0/><U21/><E94/><V117/><F117/><W133/><G133/><T41/><D2/><U65/><E81/><V121/><F121/><W34/><G49/><T66/><D7/><U127/><E5/><V100/><F100/><N who="3" m="60519" /><G31/><T25/><D28/><U50/><E74/><V112/><F112/><W101/><G101/><T56/><D62/><U69/><E127/><RYUUKYOKU ba="0,0" sc="230,-15,237,-15,230,15,303,15" hai2="40,42,43,68,70,76,78,79,128,130" hai3="18,22,24,30,34,36,37,38,52,55" /><INIT seed="2,1,0,3,4,10" ten="215,222,245,318" oya="2" hai0="14,134,29,37,92,128,117,35,59,34,98,82,79" hai1="77,3,31,108,119,76,74,91,63,80,12,4,116" hai2="33,6,120,71,57,18,17,115,126,24,87,15,78" hai3="81,69,36,7,1,25,97,96,66,86,118,56,44"/><V129/><F115/><W94/><G118/><T75/><D37/><U104/><E108/><V58/><F71/><W43/><G69/><T121/><D121/><U28/><E3/><V103/><F120/><W65/><G1/><T72/><D72/><U26/><E77/><V122/><F122/><W130/><G130/><T62/><D134/><U2/><E2/><V101/><F126/><W107/><G107/><T84/><D128/><U27/><E104/><V19/><F129/><W73/><G73/><T55/><D117/><U100/><E100/><N who="2" m="38475" /><F33/><W47/><G7/><T52/><D75/><U16/><E4/><V40/><F40/><W60/><G94/><T0/><D0/><U32/><E91/><V70/><F70/><W61/><G25/><T8/><D29/><U20/><REACH who="1" step="1"/><E63/><REACH who="1" ten="215,212,245,318" step="2"/><V64/><F24/><W50/><G60/><T124/><D124/><U5/><E5/><V30/><F78/><W13/><G65/><N who="0" m="39135" /><D35/><AGARI ba="1,1" hai="12,16,20,26,27,28,31,32,35,74,76,80,116,119" machi="35" ten="30,8000,1" yaku="1,1,7,1,9,1,52,1,54,1,53,0" doraHai="10" doraHaiUra="125" who="1" fromWho="0" sc="215,-83,212,93,245,0,318,0" /><INIT seed="3,0,0,1,3,131" ten="132,305,245,318" oya="3" hai0="121,57,26,101,21,100,23,81,63,114,78,84,132" hai1="109,76,65,127,34,55,5,122,30,32,126,16,28" hai2="133,69,77,12,106,98,7,104,36,20,82,103,113" hai3="1,11,74,17,64,66,43,15,44,9,117,115,42"/><W85/><G74/><T80/><D121/><U128/><E122/><V108/><F113/><W22/><G115/><T10/><D114/><U58/><E65/><V31/><F36/><W54/><G117/><T40/><D40/><U135/><E128/><V111/><F69/><W123/><G123/><T62/><D10/><U118/><E76/><V46/><F31/><N who="1" m="11817" /><E58/><V6/><F106/><W0/><G54/><T71/><D71/><U119/><E55/><V67/><F67/><W130/><G130/><T96/><D132/><U116/><E109/><V92/><F92/><W56/><G43/><T90/><D63/><U8/><E135/><V19/><F19/><W110/><G110/><T52/><D26/><U25/><E25/><V83/><F83/><W59/><G59/><T95/><REACH who="0" step="1"/><D101/><REACH who="0" ten="122,305,245,318" step="2"/><U79/><E119/><V4/><F4/><W49/><G9/><T97/><D97/><U3/><E116/><V88/><F88/><W72/><G11/><T73/><AGARI ba="0,1" hai="21,23,52,57,62,73,78,80,81,84,90,95,96,100" machi="73" ten="20,8000,1" yaku="1,1,0,1,7,1,54,1,53,1" doraHai="131" doraHaiUra="105" who="0" fromWho="0" sc="122,90,305,-20,245,-20,318,-40" /><INIT seed="4,0,0,5,0,31" ten="212,285,225,278" oya="0" hai0="55,86,127,26,44,89,125,1,59,42,97,4,132" hai1="28,87,96,129,85,11,64,50,103,5,94,16,2" hai2="54,70,14,77,84,32,111,40,90,113,124,115,60" hai3="41,39,37,75,22,23,73,106,57,12,49,8,91"/><T38/><D1/><U33/><E129/><V9/><F9/><W118/><G118/><T99/><D4/><U20/><E64/><V47/><F47/><W82/><G106/><T7/><D7/><U83/><E50/><V119/><F119/><W72/><G82/><T65/><D26/><U134/><E134/><V130/><F130/><W36/><G91/><T19/><D19/><U123/><E123/><V104/><F104/><W122/><G122/><T101/><D65/><U92/><E92/><V56/><F56/><W117/><G117/><T3/><D3/><U114/><E114/><V76/><F76/><W0/><G0/><T13/><D13/><N who="1" m="9231" /><E83/><V108/><F70/><W71/><G71/><T93/><D132/><U81/><E81/><V120/><F60/><W35/><G35/><T63/><REACH who="0" step="1"/><D97/><REACH who="0" ten="202,285,225,278" step="2"/><U107/><E107/><AGARI ba="0,1" hai="38,42,44,55,59,63,86,89,93,99,101,107,125,127" machi="107" ten="40,3900,0" yaku="1,1,2,1,53,0" doraHai="31" doraHaiUra="27" who="0" fromWho="1" sc="202,49,285,-39,225,0,278,0" /><INIT seed="4,1,0,3,5,117" ten="251,246,225,278" oya="0" hai0="49,13,114,86,87,120,19,133,8,73,30,23,44" hai1="93,104,97,21,88,33,31,62,48,132,39,111,57" hai2="91,56,27,65,36,32,101,118,102,58,52,0,112" hai3="14,113,84,34,90,75,24,47,108,28,35,38,5"/><T6/><D73/><U43/><E111/><V80/><F0/><W25/><G75/><T109/><D114/><U17/><E132/><V55/><F36/><W7/><G108/><T122/><D109/><U81/><E39/><V46/><F112/><W130/><G113/><T29/><D133/><U99/><E81/><V61/><F118/><W10/><G130/><T20/><D86/><U119/><E119/><V51/><F32/><W110/><G110/><T2/><D87/><U1/><E1/><V125/><F125/><W9/><G47/><T72/><D72/><U26/><E48/><V89/><F27/><W105/><G38/><T85/><D85/><U4/><E4/><V78/><F78/><W37/><G37/><T127/><D127/><U50/><E50/><N who="2" m="30743" /><F80/><W71/><G105/><T74/><D74/><U15/><E43/><V22/><F22/><N who="0" m="8234" /><D44/><U92/><E104/><V82/><F82/><W124/><G71/><T123/><D49/><U79/><E79/><V76/><F76/><W18/><G124/><T96/><D96/><U59/><REACH who="1" step="1"/><E62/><REACH who="1" ten="251,236,225,278" step="2"/><V128/><F128/><W40/><G40/><T12/><D2/><U3/><E3/><V53/><F53/><W42/><G42/><T63/><D63/><U107/><E107/><V68/><F68/><W116/><G116/><T131/><D131/><U126/><E126/><V94/><F94/><N who="3" m="54599" /><G7/><T129/><D129/><U64/><E64/><V95/><F95/><W83/><G83/><T100/><D100/><AGARI ba="1,1" hai="15,17,21,26,31,33,57,59,88,92,93,97,99,100" machi="100" ten="30,3900,0" yaku="1,1,7,1,54,1,53,0" doraHai="117" doraHaiUra="135" who="1" fromWho="0" sc="251,-42,236,52,225,0,278,0" /><AGARI ba="1,0" hai="46,51,55,58,61,65,89,91,100,101,102" m="30743" machi="100" ten="30,2000,0" yaku="8,1,54,1" doraHai="117" who="2" fromWho="0" sc="209,-20,288,0,225,20,278,0" /><INIT seed="5,0,0,5,3,82" ten="189,288,245,278" oya="1" hai0="49,27,26,43,58,103,19,54,74,46,5,30,78" hai1="17,69,118,56,32,135,18,42,41,119,47,60,133" hai2="76,75,115,110,1,106,122,22,116,71,64,128,23" hai3="101,81,3,102,88,67,92,53,85,72,28,124,99"/><U98/><E32/><V57/><RYUUKYOKU type="yao9" ba="0,0" sc="189,0,288,0,245,0,278,0" hai2="1,22,23,57,64,71,75,76,106,110,115,116,122,128" /><INIT seed="5,1,0,3,4,121" ten="189,288,245,278" oya="1" hai0="10,59,108,21,55,34,130,129,93,43,23,92,49" hai1="114,52,26,132,70,39,47,25,6,95,3,67,44" hai2="27,29,101,113,116,76,66,40,122,38,53,126,30" hai3="61,96,120,81,14,16,80,0,89,22,127,37,13"/><U4/><E114/><V18/><F122/><W20/><G120/><T99/><D34/><U78/><E132/><V103/><F116/><W11/><G0/><T90/><D43/><U123/><E123/><V15/><F66/><W104/><G37/><T86/><D10/><U111/><E78/><V54/><F76/><W107/><G127/><T109/><D21/><U24/><E39/><V58/><F126/><W87/><G104/><T8/><D8/><U75/><E75/><V112/><F40/><W50/><G61/><T128/><D23/><U74/><E74/><V117/><F38/><W105/><G105/><T79/><D79/><U1/><E95/><V9/><F117/><W56/><G107/><T65/><D65/><U35/><E35/><N who="2" m="20927" /><F30/><W57/><G96/><T60/><D60/><U63/><E44/><V17/><F17/><W110/><G13/><T91/><AGARI ba="1,0" hai="49,55,59,86,90,91,92,93,99,108,109,128,129,130" machi="91" ten="40,8000,1" yaku="0,1,19,1,52,2" doraHai="121" who="0" fromWho="0" sc="189,83,288,-41,245,-21,278,-21" /><INIT seed="6,0,0,4,1,37" ten="272,247,224,257" oya="2" hai0="2,121,63,99,14,84,34,79,56,80,33,76,118" hai1="36,9,60,12,134,44,75,130,81,89,59,78,5" hai2="61,18,23,48,54,31,45,38,122,83,3,127,125" hai3="73,123,4,103,8,91,116,132,109,64,135,131,120"/><V133/><F122/><W29/><G116/><T102/><D2/><U42/><E134/><N who="3" m="51242" /><G109/><T32/><D121/><N who="3" m="46665" /><G73/><T1/><D1/><U108/><E130/><V85/><F133/><W107/><G131/><T10/><D76/><U100/><E89/><V13/><F3/><N who="3" m="31" /><G64/><T88/><D79/><U0/><E12/><V114/><F114/><W101/><G107/><T26/><D118/><U25/><E25/><V106/><F106/><W87/><G29/><T70/><D70/><U46/><E46/><V50/><F38/><W92/><AGARI ba="0,0" hai="87,91,92,101,103" m="31,46665,51242" machi="92" ten="30,1100,0" yaku="20,1" doraHai="37" who="3" fromWho="3" sc="272,-3,247,-3,224,-5,257,11" /><INIT seed="7,0,0,4,1,15" ten="269,244,219,268" oya="3" hai0="61,85,3,23,106,122,128,113,132,76,62,89,111" hai1="79,98,86,24,67,81,25,10,19,100,13,117,78" hai2="42,73,94,130,72,115,9,121,54,91,4,55,51" hai3="119,48,63,49,68,80,58,114,26,90,92,108,47"/><W125/><G119/><T1/><D111/><U65/><E117/><V12/><F115/><W6/><G114/><T93/><D113/><U32/><E79/><V131/><F121/><W56/><G108/><T20/><D106/><U7/><E32/><V28/><F42/><W127/><G68/><T102/><D102/><U38/><E38/><V71/><F71/><W66/><G6/><T83/><D132/><U2/><E2/><V107/><F107/><W41/><G80/><T57/><D128/><N who="2" m="49194" /><F28/><W17/><G56/><T14/><D1/><U116/><E116/><V101/><F101/><W43/><G43/><T70/><D3/><U27/><REACH who="1" step="1"/><E7/><REACH who="1" ten="269,234,219,268" step="2"/><V96/><F55/><W52/><G66/><T109/><D76/><U104/><AGARI ba="0,1" hai="10,13,19,24,25,27,65,67,78,81,86,98,100,104" machi="104" ten="30,7900,0" yaku="1,1,2,1,0,1,52,1,53,0" doraHai="15" doraHaiUra="84" who="1" fromWho="1" sc="269,-20,234,89,219,-20,268,-39" owari="249,5.0,323,42.0,199,-30.0,229,-17.0" /></mjloggm>