<mjloggm ver="2.3"><GO type="169" lobby="0"/><UN n0="%E3%81%A8%E3%81%B3%E3%81%BE%E3%81%93" n1="%64%75%72%72%72%72%72" n2="%E3%81%9F%E3%82%93%E3%82%86%E3%81%86" n3="%E3%81%86%E3%82%8C%E3%81%97%E3%81%92%E3%81%8A" dan="16,18,16,16" rate="2113.68,2231.49,2143.99,2050.26" sx="M,M,F,M"/><TAIKYOKU oya="0"/><INIT seed="0,0,0,2,2,0" ten="250,250,250,250" oya="0" hai0="124,92,130,47,15,79,45,33,98,110,44,31,57" hai1="123,107,135,83,85,84,5,43,8,91,93,4,32" hai2="62,26,38,108,80,89,14,19,63,77,101,66,132" hai3="73,133,22,50,29,94,106,48,71,10,39,74,111"/><T36/><D36/><U109/><E107/><V131/><F38/><W134/><G106/><T2/><D2/><U65/><E32/><V86/><F131/><W35/><G71/><T78/><D130/><U68/><E123/><V46/><F132/><W126/><G35/><T95/><D124/><U25/><E135/><V51/><F26/><W99/><G74/><T17/><D33/><U9/><E43/><V103/><F77/><N who="0" m="29194" /><D31/><U96/><E109/><V18/><F18/><W20/><G73/><T59/><D110/><U24/><E65/><V72/><F72/><W102/><G39/><T70/><D70/><U52/><E68/><V104/><F108/><W54/><G126/><T3/><D3/><U90/><E96/><V121/><F121/><W37/><G37/><T75/><D75/><U88/><E90/><V30/><F30/><W127/><G127/><T67/><D67/><U1/><E52/><N who="2" m="29815" /><F104/><W105/><G105/><T115/><D115/><U60/><E60/><N who="2" m="23083" /><F66/><W114/><G114/><T58/><D98/><U120/><E120/><V129/><F129/><W116/><G111/><T117/><D117/><U112/><E112/><V13/><F13/><AGARI ba="0,0" hai="1,4,5,8,9,13,24,25,83,84,85,88,91,93" machi="13" ten="30,7700,0" yaku="7,1,52,2,54,1" doraHai="0" who="1" fromWho="2" sc="250,0,250,77,250,-77,250,0" /><INIT seed="1,0,0,0,2,43" ten="250,327,173,250" oya="1" hai0="0,135,57,128,55,117,91,119,113,85,35,20,19" hai1="39,68,71,131,9,54,15,51,107,4,129,12,80" hai2="81,77,30,49,48,124,108,56,96,133,83,78,22" hai3="86,13,79,28,73,42,114,24,125,110,122,109,44"/><U45/><E107/><V123/><F123/><W14/><G114/><T23/><D35/><U26/><E39/><V103/><F124/><W40/><G73/><T21/><D113/><U115/><E115/><V93/><F133/><W63/><G122/><T94/><D135/><U105/><E105/><V47/><F108/><N who="3" m="41579" /><G42/><T106/><D128/><N who="1" m="49227" /><E26/><N who="2" m="16727" /><F56/><W126/><G63/><T75/><D75/><U120/><E120/><V134/><F49/><N who="3" m="26759" /><G86/><T29/><D106/><U2/><E80/><N who="2" m="30795" /><F134/><W132/><G79/><T74/><D74/><U16/><E2/><V46/><F48/><W99/><G99/><T33/><D0/><U98/><E98/><V82/><N who="2" m="30803" /><V6/><DORA hai="67" /><F6/><W50/><G50/><T7/><D119/><U90/><E90/><V70/><F70/><W5/><G132/><T10/><D117/><U17/><E4/><V76/><AGARI ba="0,0" hai="46,47,76,77,78,93,96,103" m="30803,16727" machi="76" ten="40,5200,0" yaku="8,1,52,2" doraHai="43,67" who="2" fromWho="2" sc="250,-13,327,-26,173,52,250,-13" /><INIT seed="2,0,0,2,4,54" ten="237,301,225,237" oya="2" hai0="10,89,7,113,60,134,117,96,38,42,69,98,76" hai1="68,66,110,67,62,59,23,92,94,36,120,124,1" hai2="21,79,28,126,73,81,18,130,123,46,20,32,58" hai3="133,118,122,27,112,111,11,70,72,5,34,71,75"/><V33/><F123/><W29/><G122/><T13/><D113/><U56/><E120/><V14/><F46/><W19/><G118/><T127/><D117/><U93/><E1/><V22/><F126/><W12/><G112/><T74/><D127/><U49/><E36/><V82/><F82/><W39/><G111/><T47/><D134/><U84/><E124/><V8/><F28/><W128/><G128/><T131/><D131/><U64/><E110/><V55/><REACH who="2" step="1"/><F130/><REACH who="2" ten="237,301,215,237" step="2"/><W78/><G133/><T15/><D47/><U102/><E68/><V61/><AGARI ba="0,1" hai="8,14,18,20,21,22,32,33,55,58,61,73,79,81" machi="61" ten="30,11700,0" yaku="1,1,2,1,0,1,52,1,53,0" doraHai="54" doraHaiUra="91" who="2" fromWho="2" sc="237,-39,301,-39,215,127,237,-39" /><INIT seed="2,1,0,3,2,53" ten="198,262,342,198" oya="2" hai0="15,109,116,43,121,0,4,30,107,77,103,133,104" hai1="83,92,96,65,84,21,127,58,11,45,91,134,48" hai2="81,130,54,97,95,57,46,66,119,22,79,40,9" hai3="70,35,47,85,99,68,126,13,26,123,25,33,108"/><V12/><F119/><W28/><G123/><T112/><D121/><U39/><E39/><V38/><F66/><W27/><G108/><T120/><D120/><U74/><E74/><V86/><F22/><W88/><G126/><T60/><D112/><U80/><E127/><V52/><F130/><W98/><G13/><T115/><D115/><U110/><E134/><V10/><F54/><W1/><G1/><T135/><D0/><U132/><E110/><V42/><F42/><W89/><G47/><T71/><D71/><U111/><E132/><V131/><F12/><W76/><G76/><T24/><D107/><U41/><E111/><V64/><F64/><W56/><G27/><T94/><D116/><U7/><E21/><V93/><F93/><W101/><G85/><T51/><D104/><U3/><REACH who="1" step="1"/><E84/><REACH who="1" ten="198,252,342,198" step="2"/><V73/><F73/><W82/><G35/><T32/><D32/><U20/><E20/><V5/><F131/><W87/><G33/><T124/><D124/><U50/><E50/><V102/><F5/><W17/><G87/><T49/><D135/><U36/><E36/><V18/><F18/><W37/><G37/><T125/><D109/><U128/><E128/><V75/><F75/><W31/><G31/><T8/><D125/><U106/><E106/><V72/><F72/><W61/><G28/><T105/><D105/><U29/><E29/><V100/><F100/><W6/><G17/><T59/><D133/><U2/><E2/><V23/><F23/><W19/><G101/><T55/><D103/><U90/><E90/><V34/><F34/><W69/><G89/><RYUUKYOKU ba="1,1" sc="198,-15,252,15,342,15,198,-15" hai1="3,7,11,41,45,48,58,65,80,83,91,92,96" hai2="9,10,38,40,46,52,57,79,81,86,95,97,102" /><INIT seed="2,2,1,0,0,98" ten="183,267,357,183" oya="2" hai0="29,128,63,111,64,41,7,79,3,77,60,87,70" hai1="21,75,61,108,69,34,39,71,97,94,88,51,83" hai2="46,14,23,82,104,117,31,20,13,44,78,107,30" hai3="9,93,96,92,125,120,134,4,45,32,127,58,73"/><V16/><F117/><W57/><G120/><T33/><D111/><U54/><E34/><V5/><F5/><W47/><G32/><T38/><D128/><U100/><E39/><V37/><F37/><W116/><G73/><T132/><D132/><U122/><E108/><V123/><F123/><W27/><G116/><T102/><D60/><U76/><E122/><V89/><F89/><W36/><G27/><T106/><D87/><U25/><E100/><V112/><F112/><W52/><G57/><T18/><D18/><N who="1" m="12471" /><E51/><V10/><F10/><W48/><G93/><T135/><D7/><U42/><E42/><V1/><F1/><W28/><G28/><T59/><D3/><U103/><E103/><V65/><F65/><W62/><G134/><T56/><D135/><U85/><E75/><V19/><F82/><W114/><G114/><T55/><D41/><U53/><E53/><V113/><F113/><W91/><G36/><T24/><D38/><U84/><E85/><V86/><F86/><W17/><G17/><T22/><D22/><U12/><E12/><V124/><REACH who="2" step="1"/><F124/><REACH who="2" ten="183,267,347,183" step="2"/><W50/><G127/><T133/><D133/><U74/><E84/><V109/><F109/><W26/><G125/><T118/><D118/><U72/><E74/><V68/><F68/><W131/><G9/><T15/><D70/><U105/><E71/><V101/><F101/><W80/><G4/><T95/><D106/><U119/><E119/><V49/><F49/><W81/><G50/><N who="0" m="30839" /><D102/><U129/><E105/><V115/><F115/><W121/><G121/><T130/><D64/><N who="1" m="41103" /><E129/><V8/><F8/><RYUUKYOKU ba="2,2" sc="183,-15,267,15,347,15,183,-15" hai1="54,72,76,83,88,94,97" hai2="13,14,16,19,20,23,30,31,44,46,78,104,107" /><INIT seed="2,3,2,4,5,44" ten="168,282,362,168" oya="2" hai0="73,115,42,59,100,132,79,83,120,85,80,21,56" hai1="11,74,65,90,40,41,119,31,113,24,57,95,72" hai2="22,13,51,127,30,128,92,94,87,135,63,88,118" hai3="110,55,125,71,96,38,10,60,16,49,8,37,75"/><V2/><F2/><W78/><G10/><T26/><D120/><U35/><E113/><V34/><F118/><W76/><G110/><T69/><D115/><U93/><E119/><V102/><F34/><W18/><G125/><T68/><D132/><U5/><E95/><V9/><F127/><W20/><G38/><T6/><D100/><U45/><E57/><V64/><F135/><W67/><G37/><T82/><D6/><U39/><E65/><V114/><F114/><W12/><G96/><T1/><D1/><U50/><E41/><V47/><F128/><W97/><G97/><T117/><D117/><U111/><E39/><V133/><F133/><W19/><G75/><T4/><D4/><U36/><E36/><V32/><F32/><W7/><REACH who="3" step="1"/><G20/><REACH who="3" ten="168,282,362,158" step="2"/><T25/><D21/><U123/><E111/><V84/><F102/><W62/><G62/><T98/><D98/><U29/><E123/><V103/><F103/><W104/><G104/><T130/><D73/><U17/><E74/><V61/><F22/><W27/><G27/><T48/><D130/><U58/><E72/><V33/><F33/><W129/><G129/><T81/><D26/><U126/><E126/><V109/><F109/><W105/><G105/><T0/><D25/><U112/><E112/><V46/><F63/><W53/><G53/><N who="0" m="31783" /><D0/><N who="1" m="423" /><E31/><V108/><F30/><W116/><G116/><T91/><D42/><U101/><E101/><V134/><F108/><W70/><G70/><N who="0" m="27243" /><D79/><U106/><E106/><V28/><F28/><W14/><G14/><T77/><D77/><U43/><E35/><V122/><F134/><RYUUKYOKU ba="3,3" sc="168,15,282,-15,362,-15,158,15" hai0="59,80,81,82,83,85,91" hai3="7,8,12,16,18,19,49,55,60,67,71,76,78" /><INIT seed="3,4,3,1,1,5" ten="183,267,347,173" oya="3" hai0="101,85,18,38,81,2,52,121,123,119,6,21,111" hai1="74,109,135,90,37,45,133,33,40,16,76,13,68" hai2="94,64,60,126,17,93,122,65,134,57,30,112,31" hai3="100,11,69,75,99,55,107,70,62,47,86,125,14"/><W49/><G75/><T88/><D119/><U3/><E3/><V77/><F112/><W22/><G125/><T26/><D38/><U118/><E118/><V71/><F126/><W91/><G22/><T34/><D111/><U130/><E109/><V103/><F122/><W61/><G70/><T87/><D101/><U108/><E108/><V12/><F77/><W1/><G69/><T82/><D34/><U27/><E68/><V46/><F134/><N who="1" m="51209" /><E130/><V15/><F15/><W24/><G24/><T131/><D131/><U92/><E76/><V20/><F46/><W43/><G43/><T59/><D2/><U25/><E74/><V41/><F41/><W98/><G98/><T23/><D23/><N who="1" m="11663" /><E33/><V7/><F71/><W19/><REACH who="3" step="1"/><G1/><REACH who="3" ten="183,267,347,163" step="2"/><T128/><D128/><U115/><E115/><V89/><F31/><W80/><AGARI ba="4,4" hai="11,14,19,47,49,55,61,62,80,86,91,99,100,107" machi="80" ten="20,24000,3" yaku="1,1,2,1,0,1,7,1,25,2,52,1,53,1" doraHai="5" doraHaiUra="48" who="3" fromWho="3" sc="183,-84,267,-84,347,-84,163,292" /><INIT seed="3,5,0,5,1,122" ten="99,183,263,455" oya="3" hai0="25,114,110,22,3,126,14,96,116,45,53,97,11" hai1="125,29,72,58,16,49,23,89,19,111,42,77,113" hai2="124,118,65,107,32,127,70,2,120,0,73,48,67" hai3="38,4,87,135,24,27,34,43,15,20,37,30,132"/><W55/><G55/><T51/><D116/><U84/><E113/><V39/><RYUUKYOKU type="yao9" ba="5,0" sc="99,0,183,0,263,0,455,0" hai2="0,2,32,39,48,65,67,70,73,107,118,120,124,127" /><INIT seed="3,6,0,1,0,115" ten="99,183,263,455" oya="3" hai0="131,1,26,92,13,133,5,84,59,27,21,113,24" hai1="17,120,57,72,119,56,117,64,134,81,9,61,12" hai2="35,40,66,93,123,45,124,44,97,101,2,8,96" hai3="7,73,114,88,105,76,110,53,78,20,70,18,116"/><W118/><G114/><T23/><D113/><U108/><E120/><V11/><F123/><W80/><G105/><T63/><D131/><U79/><E108/><V71/><F35/><W41/><G70/><T132/><D1/><U46/><E134/><N who="0" m="51817" /><D5/><U22/><E46/><V69/><F124/><W82/><G7/><T51/><D51/><U36/><E36/><V99/><F2/><W19/><G110/><T112/><D112/><U50/><E50/><V42/><F66/><W16/><G41/><N who="2" m="15977" /><F93/><W77/><G53/><N who="0" m="34287" /><D13/><U130/><E130/><V58/><F58/><W33/><G33/><T30/><D30/><U122/><E122/><V60/><F60/><W94/><G20/><T14/><D14/><U128/><E128/><V74/><F74/><W32/><G32/><T121/><D121/><U135/><E135/><V85/><F85/><W65/><G65/><T54/><D54/><U6/><REACH who="1" step="1"/><E57/><REACH who="1" ten="99,173,263,455" step="2"/><V95/><F71/><W100/><G73/><T3/><D3/><AGARI ba="6,1" hai="3,6,9,12,17,22,56,61,64,72,79,81,117,119" machi="3" ten="40,8000,1" yaku="1,1,2,1,52,2,53,0" doraHai="115" doraHaiUra="29" who="1" fromWho="0" sc="99,-98,173,108,263,0,455,0" /><INIT seed="4,0,0,4,2,3" ten="1,281,263,455" oya="0" hai0="103,97,26,10,94,7,45,84,46,130,105,5,34" hai1="21,85,90,114,73,20,51,133,30,32,19,108,129" hai2="125,115,95,43,104,76,79,87,58,75,120,119,128" hai3="18,12,15,39,48,80,117,28,83,107,122,100,71"/><T52/><D130/><U135/><E108/><V93/><F120/><W36/><G117/><T40/><D105/><U4/><E73/><V44/><F104/><W126/><G71/><T78/><D34/><U106/><E106/><V116/><F128/><W101/><G28/><T11/><D26/><N who="1" m="18519" /><E129/><V35/><F35/><W37/><G107/><T41/><D78/><U61/><E114/><V86/><F58/><W59/><G39/><T16/><D84/><U1/><E61/><V57/><F57/><W74/><G59/><T72/><D72/><U33/><E33/><V102/><F44/><N who="0" m="17002" /><D52/><U111/><E51/><V62/><F62/><W92/><G48/><T49/><D49/><U127/><E111/><V123/><F75/><W134/><G74/><T91/><D91/><U9/><E85/><V2/><F123/><W53/><G122/><T56/><D56/><U47/><E90/><V99/><F2/><W63/><G37/><T110/><D110/><U17/><E47/><V69/><F69/><W55/><G36/><T82/><D82/><U6/><E1/><V98/><F115/><W112/><G83/><T14/><D11/><U29/><E9/><V25/><F102/><W131/><G80/><T70/><D70/><U113/><E113/><V77/><F77/><W38/><G38/><T42/><AGARI ba="0,0" hai="5,7,10,14,16,40,41,42,94,97,103" m="17002" machi="42" ten="30,11700,0" yaku="8,1,52,2,54,1" doraHai="3" who="0" fromWho="0" sc="1,117,281,-39,263,-39,455,-39" /><INIT seed="4,1,0,0,5,97" ten="118,242,224,416" oya="0" hai0="133,68,46,2,54,28,70,80,35,23,42,32,104" hai1="122,67,108,93,17,113,1,115,124,45,36,38,114" hai2="5,119,41,61,121,48,39,21,27,62,102,9,0" hai3="63,112,25,128,43,126,92,78,91,116,30,127,89"/><T10/><D133/><U49/><E1/><V118/><F39/><N who="1" m="14889" /><E17/><V40/><F121/><W22/><G116/><N who="2" m="44585" /><F41/><W52/><G43/><T11/><D42/><N who="1" m="24759" /><E93/><V8/><F8/><W106/><G106/><T95/><D104/><U88/><E88/><V3/><F48/><W129/><G112/><T7/><D11/><U44/><E122/><V20/><F40/><W96/><G78/><T53/><D95/><U111/><E124/><N who="3" m="47658" /><G91/><T74/><D23/><N who="2" m="8778" /><F27/><W50/><G63/><N who="2" m="24073" /><F3/><W109/><G109/><N who="1" m="42058" /><E44/><AGARI ba="1,0" hai="22,25,30,44,50,52,89,92,96,128,129" m="47658" machi="44" ten="30,2000,0" yaku="18,1,54,1" doraHai="97" who="3" fromWho="1" sc="118,0,242,-23,224,0,416,23" /><INIT seed="5,0,0,4,4,11" ten="118,219,224,439" oya="1" hai0="72,77,17,109,92,87,10,116,119,68,99,114,82" hai1="31,89,46,26,8,120,79,54,36,70,41,108,83" hai2="133,65,15,13,130,22,14,30,12,132,58,3,35" hai3="61,16,128,24,101,111,103,124,125,4,71,40,25"/><U95/><E70/><V81/><F3/><W115/><G111/><T52/><D68/><U27/><E120/><V67/><F130/><W57/><G115/><T59/><D114/><U66/><E66/><V91/><F35/><W64/><G4/><T6/><D17/><U21/><E108/><V20/><F20/><W42/><G128/><T29/><D29/><U63/><E27/><N who="2" m="16759" /><F58/><W43/><G25/><T74/><D109/><U93/><E89/><V85/><N who="2" m="3072" /><DORA hai="88" /><V75/><F75/><W76/><G57/><T5/><D5/><U96/><E8/><V32/><F32/><W126/><G76/><T18/><D18/><U48/><E36/><V1/><F1/><W51/><G16/><T98/><D98/><U38/><E96/><V94/><F81/><W127/><G127/><T19/><D19/><U47/><REACH who="1" step="1"/><E63/><REACH who="1" ten="118,209,224,439" step="2"/><V33/><F33/><W69/><G69/><T112/><D112/><U122/><E122/><V107/><F107/><W53/><G24/><T100/><D10/><U34/><E34/><V110/><F110/><W106/><G106/><T9/><D9/><U45/><E45/><V2/><F2/><W90/><G126/><T62/><REACH who="0" step="1"/><D6/><REACH who="0" ten="108,209,224,439" step="2"/><U84/><AGARI ba="0,2" hai="21,26,31,38,41,46,47,48,54,79,83,84,93,95" machi="84" ten="20,18000,2" yaku="1,1,0,1,7,1,52,2,53,2" doraHai="11,88" doraHaiUra="37,80" who="1" fromWho="1" sc="108,-60,209,200,224,-60,439,-60" /><INIT seed="5,1,0,2,5,63" ten="48,409,164,379" oya="1" hai0="68,107,130,69,104,86,31,118,2,121,112,6,131" hai1="74,14,66,99,51,111,3,53,40,98,20,21,8" hai2="85,80,83,101,4,123,10,122,48,19,23,132,91" hai3="16,90,57,36,96,87,76,7,33,124,29,0,1"/><U30/><E3/><V17/><F132/><W117/><G36/><T135/><D31/><U94/><E74/><V64/><F101/><W119/><G124/><T26/><D26/><U41/><E111/><V44/><F80/><W60/><G76/><T61/><D118/><N who="3" m="45065" /><G96/><T35/><D35/><U52/><E66/><V89/><F89/><W50/><G50/><T109/><D109/><U24/><E21/><V37/><F37/><W73/><G7/><T18/><D18/><N who="1" m="8519" /><E53/><V72/><F72/><W56/><G73/><T75/><D75/><U105/><E105/><V79/><F91/><W59/><G29/><T55/><D121/><U38/><E38/><V125/><F125/><W43/><G33/><T113/><D135/><U5/><E5/><V92/><F92/><W97/><G1/><T34/><D6/><U106/><E106/><N who="0" m="40489" /><D2/><U11/><E11/><V62/><F23/><W93/><G0/><T12/><D12/><U134/><E134/><V32/><F32/><W45/><G16/><T78/><D34/><U71/><E71/><V127/><F127/><W120/><G120/><T103/><D68/><U25/><E25/><V116/><F116/><W47/><G43/><N who="1" m="16458" /><E94/><V100/><F123/><W133/><G133/><T77/><D69/><U27/><E27/><V88/><F122/><W110/><G110/><T84/><D112/><U108/><E108/><V129/><F4/><W13/><G13/><T54/><D113/><U42/><N who="1" m="16466" /><U15/><DORA hai="115" /><E15/><V114/><F10/><W82/><G60/><T128/><D61/><U39/><E39/><V28/><F114/><RYUUKYOKU ba="1,0" sc="48,-15,409,15,164,-15,379,15" hai1="20,24,30,51,52,98,99" hai3="45,47,56,57,59,82,87,90,93,97" /><INIT seed="5,2,0,3,4,129" ten="33,424,149,394" oya="1" hai0="4,42,111,3,110,0,130,107,51,79,124,132,93" hai1="102,41,14,69,15,104,22,100,38,16,116,123,46" hai2="108,39,118,18,13,74,1,98,8,76,53,62,54" hai3="120,113,67,84,126,60,27,122,10,87,26,61,97"/><U78/><E116/><V101/><F118/><W73/><G73/><T23/><D107/><U81/><E123/><V2/><F39/><W114/><G10/><T43/><D130/><U71/><E14/><V83/><F108/><W24/><G97/><T58/><D79/><U75/><REACH who="1" step="1"/><E104/><REACH who="1" ten="33,414,149,394" step="2"/><V59/><F2/><W95/><G122/><T66/><D111/><U131/><E131/><V6/><F1/><W37/><G120/><T20/><D110/><U125/><E125/><V135/><F13/><W11/><G126/><T119/><D124/><U32/><E32/><V99/><F101/><AGARI ba="2,1" hai="15,16,22,38,41,46,69,71,75,78,81,100,101,102" machi="101" ten="40,7700,0" yaku="1,1,54,1,53,1" doraHai="129" doraHaiUra="40" who="1" fromWho="2" sc="33,0,414,93,149,-83,394,0" /><INIT seed="5,3,0,5,2,4" ten="33,507,66,394" oya="1" hai0="99,43,46,106,45,9,53,115,132,23,21,111,38" hai1="118,5,54,30,94,104,27,41,52,79,44,55,82" hai2="69,20,125,95,73,91,57,85,89,67,0,76,120" hai3="32,131,64,1,56,128,74,70,68,135,22,126,116"/><U60/><E118/><V109/><F120/><W25/><G32/><T49/><D111/><U47/><E104/><V17/><F109/><W11/><G116/><T117/><D117/><U7/><E60/><V26/><F125/><W66/><G74/><T129/><D115/><U40/><E94/><V16/><F69/><W105/><G105/><T93/><D106/><U10/><E41/><V127/><F127/><W86/><G135/><T62/><D132/><U12/><E7/><V78/><F0/><W133/><G133/><T2/><D129/><U13/><E13/><V37/><F37/><W107/><G107/><T3/><D62/><U101/><E101/><V97/><F17/><W61/><G86/><T28/><D28/><U134/><E134/><V8/><F8/><W121/><G121/><T88/><REACH who="0" step="1"/><D2/><REACH who="0" ten="23,507,66,394" step="2"/><U130/><E130/><V124/><F124/><W92/><G126/><T110/><D110/><U29/><E29/><V112/><F112/><W39/><G1/><T51/><D51/><U90/><E30/><V31/><F31/><W123/><G131/><T58/><D58/><U98/><E47/><V108/><F108/><W96/><G56/><T80/><D80/><U102/><E44/><V119/><F119/><W87/><G128/><T36/><D36/><U50/><E82/><N who="2" m="49335" /><F73/><W42/><G39/><T18/><D18/><U114/><E50/><V48/><F48/><W83/><G123/><T63/><D63/><AGARI ba="3,1" hai="16,20,26,57,63,67,76,78,91,95,97" m="49335" machi="63" ten="30,2000,0" yaku="8,1,54,1" doraHai="4" who="2" fromWho="0" sc="23,-29,507,0,66,39,394,0" owari="-6,-51.0,507,61.0,105,-29.0,394,19.0" /></mjloggm>