<mjloggm ver="2.3"><GO type="169" lobby="0"/><UN n0="%6B%5F%6D%5F%62" n1="%E8%A5%BF%E5%B2%A1%E8%82%B2%E6%9C%AA%E2%99%AA" n2="%E3%81%94%E3%81%96%E3%83%BC%E3%82%8B%E3%81%94%E3%81%96%E3%82%8B" n3="%E6%9C%A8%E5%8E%9F%E8%B1%AA%E4%B8%80" dan="16,16,17,17" rate="2127.09,2083.91,2126.42,2194.93" sx="M,F,M,M"/><TAIKYOKU oya="0"/><INIT seed="0,0,0,1,2,122" ten="250,250,250,250" oya="0" hai0="50,56,60,37,82,106,31,135,21,114,87,125,47" hai1="51,112,54,59,94,91,58,32,1,45,72,9,86" hai2="57,3,103,93,48,55,116,4,80,63,27,85,42" hai3="15,14,19,65,101,130,20,109,75,99,25,26,88"/><T36/><D114/><U123/><E123/><V70/><F116/><W134/><G75/><T126/><D135/><U76/><E32/><V7/><F3/><W49/><G134/><T53/><D106/><U104/><E112/><V11/><F27/><W6/><G130/><T5/><D5/><U2/><E2/><V118/><F11/><W127/><G127/><N who="0" m="48651" /><D21/><U13/><E1/><V95/><F118/><W18/><G65/><N who="0" m="39047" /><D31/><U24/><E104/><V98/><F95/><W33/><G6/><T68/><D68/><U35/><E35/><V39/><F39/><W69/><G69/><T46/><D46/><U17/><E24/><V43/><F70/><W100/><G33/><T131/><D131/><U111/><E45/><N who="2" m="28047" /><F7/><W102/><G49/><T30/><D30/><U110/><REACH who="1" step="1"/><E58/><REACH who="1" ten="250,240,250,250" step="2"/><V81/><F57/><W115/><G115/><T83/><D37/><U71/><E71/><V16/><F4/><W77/><G26/><T121/><D36/><U41/><E41/><V96/><F43/><W66/><G25/><T89/><D121/><U10/><E10/><V133/><F42/><W128/><G128/><T105/><D105/><U117/><E117/><V28/><F133/><W119/><G119/><T61/><D61/><U113/><E113/><V90/><F63/><W40/><G40/><T129/><D129/><U79/><E79/><V120/><F120/><W92/><G77/><T67/><D67/><U108/><E108/><V78/><F78/><W132/><G132/><T44/><D44/><U107/><E107/><V64/><F64/><W0/><G66/><T73/><D73/><RYUUKYOKU ba="0,1" sc="250,15,240,15,250,-15,250,-15" hai0="47,50,53,82,83,87,89" hai1="9,13,17,51,54,59,72,76,86,91,94,110,111" /><INIT seed="0,1,1,4,5,48" ten="265,255,235,235" oya="0" hai0="87,88,115,49,97,114,10,54,53,0,56,15,103" hai1="57,58,55,82,74,86,25,81,111,28,41,17,80" hai2="20,6,95,105,33,4,123,107,89,46,32,119,93" hai3="23,98,76,2,43,110,50,99,21,47,92,64,72"/><T22/><D0/><U9/><E111/><V126/><F123/><W112/><G110/><T109/><D109/><U18/><E74/><V44/><F126/><W60/><G112/><T120/><D120/><U100/><E41/><V63/><F63/><W121/><G2/><T30/><D30/><U52/><E100/><V1/><F1/><W70/><G121/><T31/><D31/><U61/><E86/><V40/><F119/><W59/><G99/><T118/><D118/><U125/><E125/><V8/><F20/><W36/><G72/><T13/><D22/><N who="1" m="15415" /><E9/><V38/><F38/><W73/><G76/><T116/><D116/><U71/><E71/><V129/><F40/><W19/><G19/><T130/><D130/><U24/><E24/><V16/><F89/><W83/><G83/><T94/><D54/><U85/><E85/><V26/><F26/><W131/><G73/><T96/><D96/><U102/><E102/><V37/><F37/><W133/><G133/><T39/><D39/><U124/><E124/><V67/><F67/><W29/><G29/><T104/><D13/><U132/><E132/><V122/><F122/><W45/><G131/><T66/><D66/><U51/><AGARI ba="1,1" hai="17,18,51,52,55,57,58,61,80,81,82" m="15415" machi="51" ten="30,7900,0" yaku="8,1,52,2,54,1" doraHai="48" who="1" fromWho="1" sc="265,-40,255,92,235,-21,235,-21" /><INIT seed="1,0,0,4,4,92" ten="225,347,214,214" oya="1" hai0="36,10,2,122,95,13,88,130,48,83,116,22,4" hai1="28,31,20,44,40,103,39,106,124,59,102,113,114" hai2="80,27,51,18,96,29,125,135,107,118,9,134,121" hai3="98,110,55,90,87,109,60,115,43,105,84,78,6"/><U108/><E124/><V93/><F118/><W68/><G43/><T117/><D36/><U132/><E132/><V7/><F121/><W33/><G33/><T47/><D130/><U74/><E74/><V12/><F107/><W70/><G6/><T45/><D122/><U63/><E108/><V91/><F125/><W73/><G115/><T129/><D129/><U32/><E32/><V126/><F126/><W79/><G55/><T52/><D47/><U101/><E106/><V128/><F128/><W75/><G60/><T26/><D83/><U17/><E113/><V99/><F80/><W46/><G105/><T120/><D2/><U86/><E86/><V66/><F66/><W53/><G53/><T67/><D67/><U56/><E114/><V85/><F7/><W89/><REACH who="3" step="1"/><G46/><REACH who="3" ten="225,347,214,204" step="2"/><T64/><D64/><U35/><E35/><N who="2" m="20927" /><F51/><W104/><G104/><T133/><D133/><AGARI ba="0,1" hai="9,12,18,85,91,93,96,99,133,134,135" m="20927" machi="133" ten="30,3900,0" yaku="20,1,52,2" doraHai="92" who="2" fromWho="0" sc="225,-39,347,0,214,49,204,0" /><INIT seed="2,0,0,5,3,21" ten="186,347,263,204" oya="2" hai0="48,55,104,93,8,67,121,91,96,30,19,14,115" hai1="43,32,126,64,110,74,37,22,62,88,127,1,132" hai2="131,94,113,107,122,117,119,63,27,47,95,75,97" hai3="39,38,84,81,11,108,61,111,57,66,79,29,87"/><V69/><F113/><W4/><G87/><T82/><D115/><U109/><E32/><V133/><F122/><W15/><REACH who="3" step="1"/><G29/><REACH who="3" ten="186,347,263,194" step="2"/><T103/><D121/><U18/><E74/><V13/><F75/><W26/><G26/><T56/><D30/><U12/><E110/><AGARI ba="0,1" hai="4,11,15,38,39,57,61,66,79,81,84,108,110,111" machi="110" ten="40,5200,0" yaku="1,1,14,1,53,1" doraHai="21" doraHaiUra="10" who="3" fromWho="1" sc="186,0,347,-52,263,0,194,62" /><INIT seed="3,0,0,5,0,98" ten="186,295,263,256" oya="3" hai0="121,102,3,17,106,79,81,128,73,36,71,32,68" hai1="15,78,40,97,100,75,27,116,56,48,45,25,44" hai2="20,14,74,18,58,117,21,72,51,66,54,39,35" hai3="90,63,22,92,86,104,125,19,6,65,101,52,85"/><W126/><G6/><T127/><RYUUKYOKU type="yao9" ba="0,0" sc="186,0,295,0,263,0,256,0" hai0="3,17,32,36,68,71,73,79,81,102,106,121,127,128" /><INIT seed="3,1,0,3,5,115" ten="186,295,263,256" oya="3" hai0="53,87,51,124,79,38,29,19,12,4,77,112,125" hai1="46,118,127,116,36,132,86,81,18,120,94,82,109" hai2="61,134,20,22,101,16,1,74,91,5,71,126,0" hai3="107,104,66,111,114,63,14,133,24,3,68,55,27"/><W105/><G114/><T129/><D112/><U42/><E120/><V113/><F113/><W67/><G3/><T26/><D129/><U130/><E130/><V47/><F74/><W75/><G75/><T93/><D4/><U73/><E109/><V56/><F71/><W84/><G133/><T59/><D38/><U7/><E132/><V122/><F101/><W89/><G67/><T92/><D124/><U39/><E127/><V96/><F22/><W57/><G14/><T54/><D125/><U110/><E110/><V25/><F126/><W49/><REACH who="3" step="1"/><G111/><REACH who="3" ten="186,295,263,246" step="2"/><T102/><D12/><U70/><E73/><V11/><F134/><W80/><AGARI ba="1,1" hai="24,27,49,55,57,63,66,68,80,84,89,104,105,107" machi="80" ten="30,11700,0" yaku="1,1,2,1,0,1,53,1" doraHai="115" doraHaiUra="64" who="3" fromWho="3" sc="186,-40,295,-40,263,-40,246,130" /><INIT seed="3,2,0,1,1,116" ten="146,255,223,376" oya="3" hai0="9,114,74,20,24,38,98,56,82,66,14,112,10" hai1="109,65,88,93,67,8,85,23,69,71,120,37,53" hai2="73,55,104,1,27,121,15,60,6,13,78,108,64" hai3="96,101,32,80,49,40,128,58,127,92,122,57,133"/><W117/><G117/><T70/><D38/><U95/><E37/><V51/><F104/><W45/><G127/><T4/><D70/><U87/><E8/><V39/><F108/><W76/><G128/><T42/><D42/><U77/><E23/><V94/><F1/><W19/><G133/><T46/><D46/><U5/><E5/><V132/><F78/><W52/><G32/><T72/><D98/><U3/><E77/><V18/><F73/><W118/><G118/><T84/><D66/><U47/><E47/><V54/><F54/><W33/><G33/><T12/><D56/><U17/><E17/><V102/><F39/><W2/><G2/><T28/><D112/><U115/><E53/><V131/><F6/><W48/><G122/><T61/><D61/><U97/><E3/><V99/><F132/><W111/><G19/><T129/><D129/><U21/><E21/><N who="2" m="13751" /><F131/><W103/><G111/><T79/><REACH who="0" step="1"/><D114/><REACH who="0" ten="136,255,223,376" step="2"/><U113/><E97/><V44/><F60/><W106/><G58/><T16/><AGARI ba="2,1" hai="4,9,10,12,14,16,20,24,28,72,74,79,82,84" machi="16" ten="20,12000,2" yaku="1,1,2,1,0,1,7,1,54,1,53,1" doraHai="116" doraHaiUra="75" who="0" fromWho="0" sc="136,136,255,-32,223,-32,376,-62" /><INIT seed="4,0,0,4,0,132" ten="272,223,191,314" oya="0" hai0="67,74,129,119,29,86,88,133,55,81,130,19,60" hai1="37,122,20,83,62,79,97,71,61,114,2,99,28" hai2="1,66,39,32,43,10,51,127,85,18,46,126,70" hai3="68,113,104,17,125,76,87,31,38,56,14,54,50"/><T33/><D119/><U22/><E122/><V115/><F32/><W45/><G104/><T44/><D133/><U23/><E37/><V102/><F102/><W90/><G113/><T112/><D112/><U92/><E114/><V5/><F115/><W3/><G3/><T0/><D0/><U75/><E2/><V110/><F110/><W120/><G120/><T118/><D74/><U128/><E128/><N who="0" m="49257" /><D19/><U93/><E28/><V106/><F106/><W105/><G105/><T9/><D9/><U72/><E71/><V84/><F18/><W12/><G68/><N who="0" m="42087" /><D118/><U52/><E72/><V25/><F25/><W134/><G134/><T36/><D29/><U16/><E16/><V121/><F121/><W24/><G76/><T78/><D33/><U107/><E107/><V42/><F42/><W123/><G123/><T80/><D36/><U35/><E35/><V65/><F39/><W77/><G77/><T108/><D108/><U64/><E64/><N who="2" m="24683" /><F70/><W96/><G14/><T124/><D44/><U131/><E131/><V49/><F49/><W89/><G45/><T58/><D78/><U53/><E62/><V57/><F57/><W91/><G38/><T95/><D58/><U111/><E111/><V94/><F94/><N who="3" m="56415" /><G24/><T4/><D95/><N who="1" m="36427" /><E61/><V41/><F41/><W63/><G63/><T27/><D27/><U34/><E34/><V40/><F40/><W7/><G31/><T21/><D21/><U11/><E11/><V8/><F8/><N who="3" m="4127" /><G17/><T30/><D30/><U47/><E47/><V100/><F100/><W103/><G56/><T82/><D82/><U98/><AGARI ba="0,0" hai="20,22,23,52,53,75,79,83,97,98,99" m="36427" machi="98" ten="40,2700,0" yaku="5,1,54,1" doraHai="132" who="1" fromWho="1" sc="272,-13,223,27,191,-7,314,-7" /><INIT seed="5,0,0,1,1,134" ten="259,250,184,307" oya="1" hai0="10,99,133,85,0,12,21,67,102,115,41,34,96" hai1="14,66,55,111,92,135,87,71,65,38,112,73,46" hai2="25,122,104,42,39,119,30,51,18,132,95,17,97" hai3="35,29,27,107,123,57,6,93,90,86,127,33,129"/><U128/><E73/><V9/><F119/><W88/><G123/><T43/><D34/><U59/><E135/><V75/><F132/><W23/><G107/><T26/><D115/><U100/><E112/><V131/><F104/><W126/><G129/><T58/><D0/><U3/><E3/><V47/><F75/><W84/><G6/><T113/><D113/><U121/><E121/><V49/><F122/><W130/><G130/><T109/><D109/><U19/><E128/><V64/><F131/><W108/><G108/><T11/><D85/><U68/><E111/><V69/><F69/><W118/><G57/><T82/><D82/><U20/><E38/><V50/><F64/><W40/><G40/><T116/><D116/><U32/><E32/><V74/><F74/><W16/><G118/><T91/><D91/><N who="1" m="53375" /><E68/><V94/><F94/><W124/><G29/><T8/><D12/><U53/><E100/><V103/><REACH who="2" step="1"/><F9/><REACH who="2" ten="259,250,174,307" step="2"/><W62/><G62/><N who="0" m="38359" /><D133/><U76/><E71/><V117/><F117/><W106/><G106/><T24/><D11/><U48/><E76/><V81/><F81/><AGARI ba="0,1" hai="16,23,27,33,35,81,84,86,88,90,93,124,126,127" machi="81" ten="40,12000,2" yaku="18,1,52,3,54,2" doraHai="134" who="3" fromWho="2" sc="259,0,250,0,174,-120,307,130" /><INIT seed="6,0,0,2,3,11" ten="259,250,54,437" oya="2" hai0="9,125,20,41,92,112,82,130,4,98,53,109,48" hai1="72,69,81,86,3,42,102,26,5,28,105,124,50" hai2="88,62,37,131,71,118,49,36,114,66,100,18,10" hai3="0,7,24,44,128,43,93,15,33,91,19,119,75"/><V57/><F118/><W108/><G108/><T14/><D109/><U104/><E69/><V111/><F114/><W55/><G75/><T79/><D112/><U120/><E72/><V17/><F111/><W133/><G119/><T89/><D125/><U115/><E115/><V84/><F100/><W116/><G116/><T58/><D130/><U1/><E1/><V96/><F96/><W74/><G74/><T27/><D41/><U121/><E3/><V76/><F76/><W67/><G67/><T73/><D73/><U39/><E39/><V47/><F131/><W59/><G0/><T95/><D95/><U85/><E5/><V29/><F29/><W117/><G7/><T56/><D82/><U51/><E86/><V87/><F87/><W97/><G24/><T8/><D8/><U80/><E81/><V31/><F31/><W45/><G33/><T126/><D126/><U65/><E65/><V63/><F63/><W60/><G133/><T40/><D40/><U2/><E2/><V64/><F64/><W13/><G19/><N who="0" m="12703" /><D79/><U99/><E42/><N who="2" m="22983" /><F10/><W32/><G32/><T113/><D113/><U35/><E105/><V123/><F37/><W23/><G128/><T30/><D30/><U132/><E132/><V94/><F123/><N who="1" m="47177" /><E124/><V21/><F21/><W127/><G127/><T78/><D78/><AGARI ba="0,0" hai="26,28,35,50,51,78,80,85,99,102,104" m="47177" machi="78" ten="30,1000,0" yaku="13,1" doraHai="11" who="1" fromWho="0" sc="259,-10,250,10,54,0,437,0" /><INIT seed="7,0,0,4,5,27" ten="249,260,54,437" oya="3" hai0="68,90,100,56,4,114,48,8,130,30,49,18,24" hai1="97,87,64,131,125,82,39,42,0,19,117,103,71" hai2="6,79,112,21,22,106,11,102,133,31,93,129,99" hai3="88,111,35,25,40,101,124,69,23,20,37,107,94"/><W91/><G69/><T59/><D130/><U55/><E0/><V9/><F79/><W110/><G35/><T65/><D114/><U63/><E131/><V58/><F58/><N who="0" m="22058" /><D68/><U84/><E125/><V17/><F93/><W15/><G23/><N who="0" m="15647" /><D65/><U113/><E113/><V66/><F99/><W14/><G107/><T13/><D100/><U50/><E42/><V135/><F102/><W121/><G121/><T89/><D4/><U108/><E39/><V5/><F66/><W33/><G33/><T105/><D105/><U12/><E108/><V83/><F83/><W92/><G40/><T115/><D115/><U54/><E117/><V46/><F46/><W52/><G101/><T120/><D120/><U32/><E50/><AGARI ba="0,0" hai="8,13,18,48,49,50,89,90" m="15647,22058" machi="50" ten="30,2000,0" yaku="8,1,52,1" doraHai="27" who="0" fromWho="1" sc="249,20,260,-20,54,0,437,0" owari="269,7.0,240,-16.0,54,-45.0,437,54.0" /></mjloggm>