<mjloggm ver="2.3"><GO type="169" lobby="0"/><UN n0="%E4%B8%83%E3%83%84%E6%98%9F%E3%83%9B%E3%82%AF%E3%82%B5%E3%82%A4" n1="%47%2E%4B%2E" n2="%64%75%72%72%72%72%72" n3="%E7%88%86%E5%BC%BE%E4%BA%94%E9%83%8E%EF%BC%92" dan="17,17,18,16" rate="2186.59,2213.62,2237.01,2092.16" sx="M,M,M,M"/><TAIKYOKU oya="0"/><INIT seed="0,0,0,0,3,21" ten="250,250,250,250" oya="0" hai0="65,29,92,41,2,32,62,52,135,39,114,132,79" hai1="67,40,43,85,124,84,50,117,47,5,51,134,96" hai2="73,16,69,71,37,55,15,133,122,116,103,44,53" hai3="1,64,129,30,88,113,9,34,106,22,87,76,115"/><T6/><D114/><U20/><E117/><V128/><F73/><W102/><G106/><T19/><D79/><U61/><E134/><N who="0" m="51241" /><D19/><U60/><E124/><V77/><F133/><W66/><G76/><T100/><D6/><U8/><E96/><V93/><F77/><W127/><G127/><T112/><D2/><U46/><E20/><V70/><F122/><W89/><G1/><T59/><D112/><U94/><E94/><V74/><F74/><W118/><G118/><T108/><D108/><U105/><E105/><V31/><F31/><W130/><G9/><T26/><D41/><U63/><REACH who="1" step="1"/><E67/><REACH who="1" ten="250,240,250,250" step="2"/><V120/><F93/><W72/><G22/><T107/><D107/><U56/><E56/><V131/><F116/><W98/><G98/><N who="0" m="59463" /><D39/><U119/><E119/><V27/><F103/><W82/><G102/><T104/><D104/><U48/><E48/><V58/><F37/><W42/><G113/><T81/><D81/><U109/><E109/><V45/><F120/><W91/><G82/><T86/><D65/><U33/><E33/><V38/><F38/><W14/><G64/><T4/><D86/><U110/><E110/><V18/><F71/><W57/><G87/><T10/><D10/><U111/><E111/><V101/><F101/><W0/><G115/><T54/><D54/><U13/><AGARI ba="0,1" hai="5,8,13,40,43,46,47,50,51,60,61,63,84,85" machi="13" ten="30,7900,0" yaku="1,1,0,1,9,1,8,1,53,0" doraHai="21" doraHaiUra="68" who="1" fromWho="1" sc="250,-39,240,89,250,-20,250,-20" /><INIT seed="1,0,0,1,4,70" ten="211,329,230,230" oya="1" hai0="38,99,55,132,83,125,34,13,29,44,65,135,103" hai1="56,115,17,30,10,52,31,113,39,61,97,92,53" hai2="2,109,87,73,22,8,131,18,78,7,27,50,1" hai3="133,63,35,20,105,47,41,123,14,11,100,3,116"/><U25/><E39/><V98/><F73/><W120/><G35/><T6/><D65/><U96/><E53/><V84/><F109/><W126/><G116/><T114/><D114/><U119/><E119/><V128/><F2/><W58/><G3/><T75/><D125/><U122/><E122/><V94/><F50/><W68/><G68/><T37/><D6/><U45/><E45/><V90/><REACH who="2" step="1"/><F78/><REACH who="2" ten="211,329,220,230" step="2"/><W23/><G123/><T19/><D75/><U71/><E115/><V26/><F26/><W62/><G120/><T88/><D132/><U124/><E113/><V111/><F111/><W54/><G133/><T134/><D135/><U104/><E25/><V43/><F43/><W21/><G126/><T112/><D134/><U16/><E124/><V57/><F57/><W82/><G41/><T60/><D112/><U40/><E40/><V69/><F69/><W91/><G47/><T89/><D44/><U66/><E71/><V118/><F118/><W95/><G62/><T85/><D60/><U64/><E56/><V33/><F33/><W81/><G105/><T59/><D59/><U106/><E61/><V110/><F110/><W46/><G46/><T51/><D51/><U12/><E104/><V77/><F77/><W4/><REACH who="3" step="1"/><G100/><REACH who="3" ten="211,329,220,220" step="2"/><T80/><D103/><U101/><E106/><V48/><F48/><W108/><G108/><T74/><D34/><U5/><E101/><V121/><F121/><W102/><G102/><T127/><D127/><U129/><E66/><V93/><F93/><W9/><G9/><T42/><D42/><U28/><E64/><V117/><F117/><RYUUKYOKU ba="0,2" sc="211,-15,329,-15,220,15,220,15" hai2="1,7,8,18,22,27,84,87,90,94,98,128,131" hai3="4,11,14,20,21,23,54,58,63,81,82,91,95" /><INIT seed="2,1,2,2,2,68" ten="196,314,235,235" oya="2" hai0="61,44,92,17,115,60,119,64,5,3,134,120,116" hai1="30,125,88,11,19,133,105,131,18,74,66,37,73" hai2="50,42,101,107,46,14,87,24,54,95,113,7,22" hai3="97,106,13,118,126,62,8,20,132,90,102,6,48"/><V56/><F113/><W135/><G118/><N who="0" m="45099" /><D120/><U94/><E105/><V31/><F107/><W52/><G126/><T99/><D134/><N who="3" m="51241" /><G62/><T16/><D115/><U27/><E66/><V124/><F124/><W0/><G90/><N who="0" m="55703" /><D44/><U104/><E104/><V10/><F87/><W2/><G20/><T72/><D72/><U81/><E74/><V25/><F25/><W108/><G108/><T36/><D36/><U111/><E37/><V89/><F89/><W83/><G83/><T76/><D76/><U57/><E88/><V112/><F112/><W82/><G82/><T123/><D123/><U34/><E81/><V9/><F9/><W4/><G4/><T41/><D41/><U1/><E11/><V45/><REACH who="2" step="1"/><F42/><REACH who="2" ten="196,314,225,235" step="2"/><W33/><G33/><T47/><D64/><U78/><E34/><V21/><F21/><W129/><G129/><T80/><D80/><U40/><E131/><V59/><F59/><AGARI ba="1,3" hai="0,2,6,8,13,48,52,59,97,102,106" m="51241" machi="59" ten="30,2000,0" yaku="20,1,54,1" doraHai="68" who="3" fromWho="2" sc="196,0,314,0,225,-23,235,53" /><INIT seed="3,0,0,2,0,9" ten="196,314,202,288" oya="3" hai0="57,70,88,47,128,130,115,24,30,106,97,11,25" hai1="129,10,94,112,92,86,67,3,29,73,54,6,1" hai2="117,107,63,61,65,109,126,60,104,55,101,64,0" hai3="133,21,50,27,125,87,124,28,132,37,58,83,99"/><W96/><G37/><T18/><D70/><U41/><E67/><V100/><F0/><W122/><G122/><T15/><D47/><U68/><E68/><V93/><F93/><W43/><G43/><T127/><D115/><U134/><E73/><V114/><F114/><W108/><G108/><T5/><D127/><N who="3" m="48713" /><G50/><T111/><D111/><U4/><E29/><V51/><F126/><W20/><G21/><T45/><D45/><U89/><E134/><N who="3" m="51818" /><G58/><T135/><D135/><U120/><E120/><V44/><F117/><W85/><G85/><T17/><D57/><U31/><E86/><V12/><F109/><W118/><G118/><T105/><D5/><U95/><E4/><V26/><F65/><W119/><G119/><T16/><D24/><U56/><E6/><V74/><F26/><W110/><G110/><T91/><D25/><U80/><E56/><V13/><F74/><W23/><G20/><T53/><D53/><U121/><E54/><V66/><F61/><W59/><G59/><T38/><D38/><U32/><E41/><V116/><F116/><W75/><G75/><T35/><D35/><U77/><E32/><V8/><F44/><W22/><G22/><T81/><D30/><U52/><E121/><V90/><F55/><W82/><G82/><T39/><D39/><U7/><E52/><V103/><F51/><W2/><G2/><T131/><D81/><U14/><E31/><V79/><F66/><W69/><G69/><T71/><D71/><U84/><E112/><V72/><F64/><W98/><G98/><T49/><D97/><U123/><E123/><RYUUKYOKU ba="0,0" sc="196,-10,314,-10,202,-10,288,30" hai3="23,27,28,83,87,96,99" /><INIT seed="3,1,0,2,5,103" ten="186,304,192,318" oya="3" hai0="23,35,41,60,7,38,56,93,19,77,79,55,57" hai1="14,59,124,29,131,39,30,89,17,11,75,22,50" hai2="101,115,112,113,48,58,21,92,15,8,51,12,32" hai3="66,119,116,24,3,69,4,130,18,72,98,42,108"/><W71/><G72/><T76/><D35/><U126/><E39/><V70/><F70/><W84/><G42/><T61/><D7/><U123/><E75/><V44/><F32/><W117/><G84/><T132/><D132/><U128/><E89/><V28/><F58/><W16/><G66/><T106/><D106/><U63/><E50/><V9/><F21/><W33/><G4/><T82/><D93/><U121/><E59/><V49/><F28/><N who="1" m="10857" /><E63/><V5/><F101/><W40/><G40/><T43/><D82/><U127/><E11/><V80/><F92/><W54/><G54/><T129/><D129/><AGARI ba="1,0" hai="14,17,22,121,123,124,126,127,128,129,131" m="10857" machi="129" ten="40,8000,1" yaku="18,1,19,1,34,2" doraHai="103" who="1" fromWho="0" sc="186,-83,304,83,192,0,318,0" /><INIT seed="4,0,0,2,1,10" ten="103,387,192,318" oya="0" hai0="59,36,113,120,56,125,112,108,119,114,58,70,9" hai1="11,62,63,20,121,21,71,2,89,90,103,49,117" hai2="27,76,3,39,67,115,105,124,18,102,13,22,6" hai3="73,134,65,122,53,30,127,87,55,92,110,118,88"/><T8/><D125/><U16/><E117/><V116/><F39/><W85/><G73/><T126/><D126/><U100/><E121/><V24/><F124/><W14/><G127/><T135/><D135/><U66/><E49/><V50/><F116/><W74/><G74/><T26/><D120/><U37/><E37/><V129/><F76/><W93/><G110/><T44/><D119/><U107/><E107/><V5/><F67/><W104/><G104/><T1/><D70/><U40/><E40/><V19/><F115/><W86/><G65/><T46/><D108/><U47/><E47/><N who="0" m="17961" /><D36/><U68/><E11/><N who="0" m="4169" /><D26/><U15/><E2/><AGARI ba="0,0" hai="1,2,56,58,59,112,113,114" m="4169,17961" machi="2" ten="40,7700,0" yaku="28,2,15,1" doraHai="10" who="0" fromWho="1" sc="103,77,387,-77,192,0,318,0" /><INIT seed="4,1,0,4,3,96" ten="180,310,192,318" oya="0" hai0="119,35,71,88,117,77,9,62,118,11,97,33,99" hai1="63,109,21,66,44,111,126,135,86,84,130,106,75" hai2="134,70,8,32,25,67,74,22,115,65,69,68,108" hai3="81,125,10,64,91,5,133,90,98,92,101,113,58"/><T41/><D77/><U112/><E75/><V93/><F108/><W61/><G125/><T46/><D71/><U3/><E3/><V79/><F32/><W76/><G133/><T56/><D35/><U36/><E106/><V72/><F134/><W60/><G61/><T132/><D33/><U27/><E135/><V37/><F37/><W47/><G113/><T42/><D132/><U94/><E126/><V95/><F8/><W30/><G30/><T55/><D99/><U129/><E44/><V102/><F79/><W105/><G47/><T116/><N who="0" m="29696" /><DORA hai="48" /><T83/><D41/><U121/><E36/><V17/><F115/><W124/><G105/><T28/><D28/><U26/><E121/><V120/><F120/><W4/><G124/><T53/><D53/><U29/><E26/><V31/><F17/><W23/><G23/><T54/><D54/><U78/><E78/><V80/><F80/><W2/><G4/><T85/><REACH who="0" step="1"/><D97/><REACH who="0" ten="170,310,192,318" step="2"/><U123/><E123/><V110/><F110/><W52/><G64/><N who="2" m="24649" /><F72/><AGARI ba="1,1" hai="2,5,10,52,58,60,72,76,81,90,91,92,98,101" machi="72" ten="30,7700,0" yaku="7,1,52,2,54,1" doraHai="96,48" who="3" fromWho="2" sc="170,0,310,0,192,-80,318,90" /><INIT seed="5,0,0,5,2,46" ten="170,310,112,408" oya="1" hai0="28,90,52,56,83,55,110,92,103,121,7,128,5" hai1="64,84,130,107,9,2,109,17,74,126,3,127,69" hai2="8,61,95,93,120,124,108,21,72,75,125,34,49" hai3="37,119,79,43,6,59,134,0,76,12,15,39,86"/><U40/><E74/><V71/><F34/><W67/><G0/><T91/><D110/><U27/><E40/><V58/><F71/><W87/><G43/><T132/><D132/><U36/><E107/><V131/><F108/><W115/><G59/><T111/><D111/><U70/><E84/><V19/><F8/><W45/><G45/><T99/><D128/><U101/><E101/><V63/><F120/><W98/><G98/><T16/><D121/><U68/><E64/><V50/><F131/><W77/><G67/><T29/><D103/><U97/><E97/><V26/><F72/><W96/><G96/><T89/><D83/><U4/><E36/><V54/><F75/><W22/><G6/><T66/><D92/><N who="2" m="35402" /><F63/><W116/><G76/><T81/><D81/><U33/><E109/><V57/><F57/><W102/><G22/><T129/><D99/><U118/><E118/><V112/><F112/><W38/><G38/><T133/><D129/><U85/><E85/><V94/><N who="2" m="35410" /><V100/><DORA hai="78" /><F100/><W13/><G102/><T135/><D90/><U123/><E123/><V53/><F53/><W25/><G115/><T88/><D91/><U14/><E130/><V117/><F117/><W20/><G39/><T18/><D56/><U60/><E60/><V41/><F41/><W35/><G37/><T80/><D80/><U62/><E62/><V122/><F122/><W30/><G119/><T1/><D66/><U65/><E65/><V104/><F104/><W51/><G116/><T114/><D114/><U44/><E69/><V48/><F61/><W47/><G77/><RYUUKYOKU ba="0,0" sc="170,15,310,-15,112,15,408,-15" hai0="1,5,7,16,18,28,29,52,55,88,89,133,135" hai2="19,21,26,48,49,50,54,58,124,125" /><INIT seed="6,1,0,3,1,132" ten="185,295,127,393" oya="2" hai0="97,130,77,14,6,2,48,1,61,36,93,32,38" hai1="92,58,127,21,59,15,65,29,9,16,60,67,95" hai2="12,120,0,85,118,79,25,103,43,66,26,111,125" hai3="128,126,22,62,40,121,3,44,49,98,5,74,31"/><V75/><F0/><W108/><G74/><T102/><D32/><U87/><E127/><V45/><F75/><W129/><G126/><T51/><D130/><N who="3" m="50281" /><G22/><T110/><D110/><U63/><E87/><V86/><F118/><W91/><G31/><T104/><D77/><U28/><E28/><V123/><F125/><W109/><G121/><T101/><D61/><U35/><E35/><V27/><F111/><W68/><G91/><T52/><D14/><U41/><E41/><V112/><F112/><W89/><G89/><T47/><D1/><U88/><E88/><V23/><F103/><W55/><G98/><T30/><D30/><U53/><E53/><V20/><F66/><N who="3" m="41047" /><G40/><T100/><D100/><U106/><E106/><V54/><F12/><W50/><G50/><T135/><D135/><U80/><E80/><V18/><F43/><W113/><G113/><T46/><D102/><U17/><E29/><V24/><F23/><W107/><G107/><T13/><D2/><U134/><E134/><V81/><REACH who="2" step="1"/><F86/><REACH who="2" ten="185,295,117,393" step="2"/><W11/><AGARI ba="1,1" hai="3,5,11,44,49,55,108,109" m="41047,50281" machi="11" ten="30,1100,0" yaku="19,1" doraHai="132" who="3" fromWho="3" sc="185,-4,295,-4,117,-6,393,24" /><INIT seed="7,0,0,5,1,6" ten="181,291,111,417" oya="3" hai0="47,125,48,57,89,88,67,63,10,32,13,26,50" hai1="135,78,129,2,21,109,5,15,83,73,43,86,71" hai2="17,114,36,111,117,42,124,99,105,107,11,101,9" hai3="44,3,20,104,128,68,106,100,34,70,16,12,18"/><W69/><G34/><T27/><D125/><U85/><E109/><V7/><F111/><W49/><G3/><T4/><D32/><U60/><E43/><V79/><F117/><W24/><G100/><T93/><D89/><U74/><E2/><V127/><F107/><W97/><G97/><T39/><D39/><U61/><E71/><V113/><F17/><W90/><G90/><T126/><D126/><N who="2" m="48170" /><F79/><W55/><G128/><T23/><D47/><U94/><E135/><V38/><F7/><W8/><AGARI ba="0,0" hai="8,12,16,18,20,24,44,49,55,68,69,70,104,106" machi="8" ten="30,6000,0" yaku="0,1,52,1,54,1" doraHai="6" who="3" fromWho="3" sc="181,-20,291,-20,111,-20,417,60" owari="161,-24.0,271,7.0,91,-41.0,477,58.0" /></mjloggm>