<mjloggm ver="2.3"><GO type="169" lobby="0"/><UN n0="%64%75%72%72%72%72%72" n1="%E3%82%A2%E3%83%A1%E3%83%B3%E3%83%9D%E3%81%A6%E3%81%B5" n2="%E5%B0%8F%E6%B1%A0%E7%BE%8E%E6%B3%A2%E2%8A%BF" n3="%4E%45%4F%E3%81%B5%E3%81%A3%E3%81%8F%E3%82%93" dan="18,17,16,16" rate="2216.03,2186.86,2101.48,2074.97" sx="M,M,F,M"/><TAIKYOKU oya="0"/><INIT seed="0,0,0,1,3,125" ten="250,250,250,250" oya="0" hai0="33,99,101,83,65,39,12,96,92,13,11,21,44" hai1="90,10,88,106,66,131,108,127,85,24,84,4,16" hai2="100,80,119,36,126,2,31,113,132,98,35,63,111" hai3="67,103,40,121,76,129,123,73,56,3,41,38,49"/><T124/><D33/><U120/><E120/><N who="3" m="46154" /><G3/><T60/><D124/><U91/><E127/><V97/><F126/><W78/><G103/><T8/><D83/><U53/><E106/><V134/><F36/><W130/><G38/><T74/><D74/><U6/><E66/><V7/><F63/><N who="3" m="38375" /><G73/><T122/><D122/><U50/><E108/><V115/><F111/><W47/><G78/><T42/><D96/><U26/><E131/><N who="3" m="50186" /><G76/><T59/><D39/><U118/><E91/><V105/><F2/><W52/><AGARI ba="0,0" hai="40,41,47,49,52" m="50186,38375,46154" machi="52" ten="30,16000,3" yaku="13,1,19,1,34,2,52,3,54,1" doraHai="125" who="3" fromWho="3" sc="250,-80,250,-40,250,-40,250,160" /><INIT seed="1,0,0,2,0,99" ten="170,210,210,410" oya="1" hai0="119,103,100,112,5,53,39,113,135,45,58,89,25" hai1="102,125,32,121,69,24,12,106,8,42,40,60,122" hai2="98,128,51,36,96,116,15,79,56,30,107,10,74" hai3="66,115,133,72,94,104,52,68,21,20,120,7,11"/><U93/><E125/><V124/><F36/><W85/><G115/><T18/><D119/><U127/><E127/><V23/><F116/><W34/><G104/><T130/><D112/><U117/><E93/><V70/><F70/><W86/><G34/><T64/><D113/><U87/><E87/><V62/><F51/><W114/><G72/><T105/><D105/><U9/><E117/><V55/><F128/><W101/><G120/><T92/><D130/><U109/><E109/><V77/><F74/><W43/><G133/><T110/><D110/><U132/><E132/><V44/><F44/><W131/><G131/><T126/><D126/><U84/><E84/><V26/><F124/><W83/><G43/><T95/><D5/><U78/><E78/><N who="2" m="29707" /><F107/><W118/><G68/><T123/><D123/><U27/><E69/><V61/><F61/><W129/><G66/><T97/><D135/><U22/><E60/><V48/><F48/><W81/><G129/><T4/><D4/><AGARI ba="0,0" hai="4,10,15,23,26,30,55,56,62,96,98" m="29707" machi="4" ten="30,1000,0" yaku="8,1" doraHai="99" who="2" fromWho="0" sc="170,-10,210,0,210,10,410,0" /><INIT seed="2,0,0,5,0,125" ten="160,210,220,410" oya="2" hai0="57,114,104,107,20,72,128,99,43,97,1,101,28" hai1="21,53,37,76,40,87,111,36,14,46,51,49,86" hai2="31,39,93,64,134,5,102,121,77,112,130,92,89" hai3="88,123,80,10,66,91,30,29,52,61,33,74,32"/><V69/><F39/><W120/><G10/><T60/><D114/><U124/><E124/><V116/><F5/><W47/><G74/><T19/><D1/><U15/><E111/><V2/><F2/><W96/><G96/><T54/><D72/><U8/><E37/><V9/><F31/><W41/><G80/><T119/><D119/><U50/><E76/><V59/><F69/><W135/><G135/><T42/><D28/><U113/><E113/><V62/><F9/><W4/><G4/><T126/><D126/><U68/><E68/><V38/><F38/><W12/><G12/><N who="1" m="4650" /><E36/><V108/><F112/><W84/><G84/><N who="1" m="32298" /><E8/><V110/><F116/><W11/><G11/><T35/><D35/><U23/><E50/><V100/><F134/><W71/><G32/><T129/><D97/><U0/><E0/><V56/><F77/><W7/><G33/><T103/><D103/><U98/><E98/><V131/><F62/><W90/><G7/><T48/><D104/><U22/><E23/><V16/><F64/><W75/><G75/><T26/><REACH who="0" step="1"/><D48/><REACH who="0" ten="150,210,220,410" step="2"/><U67/><E51/><V73/><F73/><W24/><G29/><T117/><D117/><U95/><E49/><V127/><F127/><W106/><G30/><T105/><D105/><U6/><E6/><V85/><F85/><W65/><G106/><T118/><D118/><U115/><E115/><V55/><F108/><W18/><G61/><T3/><D3/><U44/><E95/><V45/><F93/><W83/><G83/><T58/><D58/><U109/><E109/><V63/><F110/><W132/><G71/><RYUUKYOKU ba="0,1" sc="150,30,210,-10,220,-10,410,-10" hai0="19,20,26,42,43,54,57,60,99,101,107,128,129" /><INIT seed="3,1,1,3,3,124" ten="180,200,210,400" oya="3" hai0="119,64,126,11,61,73,134,97,13,28,22,2,112" hai1="85,79,117,131,50,37,121,67,120,65,46,16,100" hai2="23,39,62,17,52,72,128,81,114,92,109,135,113" hai3="111,60,83,51,78,48,8,25,1,89,88,21,12"/><W106/><G106/><T55/><D119/><U14/><E37/><V110/><F39/><W9/><G1/><T90/><D73/><U45/><E117/><V19/><F128/><W38/><G38/><T103/><D126/><U104/><E104/><V49/><F62/><W24/><G111/><N who="2" m="42505" /><F92/><W10/><G60/><T31/><D2/><U77/><E100/><V5/><F5/><W75/><G12/><T26/><D134/><U29/><E29/><V7/><F7/><W108/><G108/><T94/><D55/><U102/><E102/><V74/><F17/><W63/><G63/><T42/><D42/><U122/><E131/><V133/><F81/><W116/><G116/><T130/><D112/><N who="2" m="43114" /><F74/><W57/><G57/><N who="0" m="36911" /><D130/><U66/><E85/><V96/><F96/><W27/><REACH who="3" step="1"/><G21/><REACH who="3" ten="180,200,210,390" step="2"/><T40/><D31/><U41/><REACH who="1" step="1"/><E45/><REACH who="1" ten="180,190,210,390" step="2"/><N who="2" m="27695" /><F72/><W82/><G82/><T32/><D32/><U43/><E43/><V76/><F76/><W54/><G54/><T44/><D40/><U59/><E59/><V0/><F0/><W105/><G105/><T86/><D44/><U125/><E125/><V56/><F56/><W34/><G34/><T58/><D58/><U3/><E3/><V107/><F107/><W101/><G101/><T6/><D103/><U18/><E18/><V35/><F35/><W93/><G93/><T87/><AGARI ba="1,3" hai="6,11,13,22,26,28,86,87,90,94,97" m="36911" machi="87" ten="30,1100,0" yaku="8,1" doraHai="124" who="0" fromWho="0" sc="180,44,190,-4,210,-4,390,-6" /><INIT seed="4,0,0,5,0,50" ten="224,186,206,384" oya="0" hai0="90,127,39,47,133,92,74,100,45,99,33,103,107" hai1="26,84,52,36,16,22,117,101,3,112,76,11,124" hai2="78,13,34,123,81,109,110,57,119,77,94,70,126" hai3="83,71,28,122,114,42,27,43,0,12,66,18,48"/><T41/><D33/><U59/><E117/><V46/><F70/><W7/><G114/><T23/><D133/><U29/><E36/><V79/><F123/><W97/><G122/><T69/><D69/><U102/><E124/><V116/><F34/><W95/><G83/><T55/><D127/><U5/><E112/><V65/><F126/><W58/><G71/><T93/><D74/><U37/><E37/><V75/><F46/><W105/><G105/><T9/><D107/><U31/><E76/><N who="2" m="29291" /><F13/><W25/><G7/><T82/><D82/><U98/><E84/><V104/><F104/><W2/><G2/><T128/><D128/><U80/><E80/><V1/><F1/><W24/><G0/><T108/><D108/><U118/><E118/><N who="2" m="45099" /><F94/><W67/><G28/><T115/><D115/><U86/><E86/><V113/><F113/><W32/><G32/><T19/><D93/><U89/><E29/><V91/><F91/><W62/><G95/><T61/><D9/><U120/><E120/><V53/><F65/><W8/><G97/><T135/><D47/><U121/><E121/><V14/><F14/><W132/><G67/><T44/><D44/><U129/><E129/><V68/><F68/><W4/><G132/><T40/><D40/><U54/><E31/><V10/><F10/><W88/><G43/><T106/><D106/><U85/><E98/><V15/><F15/><W73/><G42/><T35/><D135/><U20/><E20/><V96/><F96/><W63/><G8/><T6/><D35/><U87/><E11/><V60/><AGARI ba="0,0" hai="53,57,60,75,79,81,109,110" m="45099,29291" machi="60" ten="30,2000,0" yaku="12,1,52,1" doraHai="50" who="2" fromWho="2" sc="224,-10,186,-5,206,20,384,-5" /><INIT seed="5,0,0,2,0,19" ten="214,181,226,379" oya="1" hai0="33,13,10,16,57,73,26,110,75,20,32,80,96" hai1="37,119,87,17,56,45,72,97,66,78,47,25,116" hai2="84,108,59,106,53,5,124,63,76,41,120,79,135" hai3="9,39,2,15,71,129,31,43,55,111,107,92,109"/><U74/><E97/><V0/><F108/><W91/><G107/><T121/><D110/><U113/><E87/><V14/><F120/><W134/><G2/><T34/><D121/><U68/><E68/><V122/><F122/><W30/><G71/><T127/><D127/><U61/><E113/><V27/><F0/><W6/><G134/><T64/><D96/><U115/><E115/><V82/><F135/><W60/><G129/><T98/><D98/><U118/><E78/><N who="2" m="46167" /><F124/><W48/><G39/><T105/><D105/><U35/><E35/><V42/><F27/><W65/><G65/><T67/><D80/><U52/><E66/><V102/><F102/><W54/><G111/><T49/><D49/><U58/><E56/><V114/><F114/><W44/><G109/><T112/><D112/><U101/><E101/><V125/><F125/><W83/><G83/><T38/><D38/><U50/><E37/><V36/><F106/><W62/><G54/><T29/><REACH who="0" step="1"/><D57/><REACH who="0" ten="204,181,226,379" step="2"/><U88/><E50/><V21/><F36/><W99/><G62/><T131/><D131/><U4/><E119/><V103/><F103/><W22/><G60/><T1/><D1/><U132/><E118/><V51/><F51/><W89/><G99/><T23/><D23/><N who="1" m="13551" /><E116/><V81/><F21/><W100/><G22/><T70/><D70/><U94/><E132/><V77/><F81/><W18/><G43/><T104/><D104/><U8/><E74/><AGARI ba="0,1" hai="10,13,16,20,26,29,32,33,34,64,67,73,74,75" machi="74" ten="50,6400,0" yaku="1,1,52,1,54,1,53,0" doraHai="19" doraHaiUra="128" who="0" fromWho="1" sc="204,74,181,-64,226,0,379,0" /><INIT seed="6,0,0,3,0,19" ten="278,117,226,379" oya="2" hai0="63,123,113,29,39,97,44,31,48,118,115,0,103" hai1="38,124,77,135,88,122,33,54,58,111,51,69,12" hai2="14,73,27,9,70,102,79,92,2,6,71,28,18" hai3="72,85,74,99,105,106,125,112,62,87,35,131,41"/><V108/><F108/><W130/><G35/><T66/><D0/><U26/><E111/><V17/><F17/><W127/><G41/><N who="0" m="22591" /><D48/><U128/><E77/><V110/><F110/><W120/><G62/><T109/><D109/><U45/><E124/><V57/><F57/><W67/><G67/><T101/><D123/><U75/><E75/><N who="3" m="28714" /><G112/><N who="0" m="43083" /><D118/><U55/><E135/><V11/><F92/><W47/><G47/><T133/><D133/><U16/><E69/><V89/><F89/><W60/><G60/><T117/><D117/><U114/><E114/><V68/><F102/><N who="0" m="38922" /><D97/><U84/><E122/><V95/><F95/><W98/><G120/><T116/><D116/><U132/><E132/><V36/><F36/><W126/><G98/><T23/><D23/><U20/><E128/><N who="3" m="49194" /><G99/><T64/><D64/><U46/><E38/><V65/><F65/><W43/><G43/><T37/><D37/><U21/><E33/><V25/><F71/><AGARI ba="0,0" hai="29,31,63,66,71" m="38922,43083,22591" machi="71" ten="30,1000,0" yaku="15,1" doraHai="19" who="0" fromWho="2" sc="278,10,117,0,226,-10,379,0" /><INIT seed="7,0,0,2,3,55" ten="288,117,216,379" oya="3" hai0="106,11,118,79,135,104,81,26,86,110,34,107,95" hai1="19,133,4,28,93,120,113,0,3,119,85,36,16" hai2="117,92,12,76,22,32,127,83,6,14,15,101,54" hai3="25,80,58,131,115,67,56,20,134,37,43,132,77"/><W105/><G115/><T116/><D11/><U123/><E36/><V70/><F32/><W51/><G105/><T53/><D53/><U103/><E103/><V47/><F70/><W63/><G37/><T122/><D26/><U23/><E93/><V64/><F127/><W1/><G131/><T121/><D34/><U89/><E89/><V87/><F117/><N who="0" m="45162" /><D110/><U60/><E60/><V44/><F64/><W10/><G1/><N who="1" m="586" /><E85/><V94/><F94/><W100/><G10/><T91/><D135/><U61/><E133/><V33/><F33/><W62/><G51/><T108/><D108/><U66/><E66/><V42/><F42/><W48/><G43/><T129/><D129/><U109/><E61/><V69/><F69/><W68/><G48/><T71/><D71/><U31/><E119/><V130/><F130/><W72/><G68/><T27/><D27/><U59/><E109/><V49/><F44/><W9/><G67/><T5/><D5/><U125/><E59/><V17/><F6/><W40/><G63/><T39/><D39/><U46/><E46/><V96/><AGARI ba="0,0" hai="12,14,15,17,22,47,49,54,76,83,87,92,96,101" machi="96" ten="30,2000,0" yaku="0,1,8,1" doraHai="55" who="2" fromWho="2" sc="288,-5,117,-5,216,20,379,-10" owari="283,8.0,112,-39.0,236,-16.0,369,47.0" /></mjloggm>