<mjloggm ver="2.3"><GO type="169" lobby="0"/><UN n0="%E7%83%8F%E8%B3%8A%E4%B9%8B%E8%BC%94" n1="%E3%81%8B%E3%81%B6%E8%8C%B6" n2="%E8%A5%BF%E5%B2%A1%E8%82%B2%E6%9C%AA%E2%99%AA" n3="%E5%8D%83%E7%BE%BD%E9%B4%89" dan="17,16,16,17" rate="2191.92,2124.29,2123.02,2210.33" sx="M,M,F,F"/><TAIKYOKU oya="0"/><INIT seed="0,0,0,5,3,117" ten="250,250,250,250" oya="0" hai0="132,106,5,38,31,108,70,29,88,71,0,69,23" hai1="22,56,105,39,12,45,21,109,64,122,19,51,34" hai2="100,124,20,48,107,101,35,3,119,65,33,58,87" hai3="81,90,94,120,47,133,7,75,113,80,92,40,59"/><T115/><D115/><U49/><E105/><V50/><F3/><W32/><G32/><T24/><D106/><U37/><E34/><V76/><F119/><W30/><G30/><T73/><D73/><U79/><E109/><V10/><F10/><W78/><G59/><T17/><D38/><U91/><E79/><V26/><F76/><W93/><G7/><T61/><D108/><U1/><E1/><V18/><F124/><W110/><G110/><T131/><D131/><U84/><E122/><V67/><F107/><W102/><G47/><T123/><D123/><U103/><E103/><V98/><F87/><N who="3" m="50543" /><G40/><T46/><D46/><U104/><E104/><V36/><F36/><W28/><G28/><T52/><D132/><U57/><E22/><V114/><F114/><W95/><G113/><T96/><D5/><U118/><E57/><V128/><F128/><W43/><G43/><T112/><D112/><U83/><E118/><V4/><F4/><W77/><G133/><T134/><D0/><U126/><E126/><V129/><F129/><W25/><G25/><T74/><D74/><U62/><REACH who="1" step="1"/><E51/><REACH who="1" ten="250,240,250,250" step="2"/><V13/><F33/><W89/><G78/><T97/><D134/><U42/><AGARI ba="0,1" hai="12,19,21,37,39,42,45,49,56,62,64,83,84,91" machi="42" ten="20,5200,0" yaku="1,1,2,1,0,1,7,1,53,0" doraHai="117" doraHaiUra="121" who="1" fromWho="1" sc="250,-26,240,62,250,-13,250,-13" /><INIT seed="1,0,0,2,3,92" ten="224,302,237,237" oya="1" hai0="79,127,121,85,43,102,63,111,83,97,35,107,91" hai1="10,59,93,131,130,103,65,134,42,84,72,23,4" hai2="113,115,46,66,114,64,90,17,126,124,117,73,108" hai3="0,25,27,24,68,20,125,104,51,49,95,89,54"/><U67/><E72/><V106/><F117/><W45/><G125/><N who="2" m="48233" /><F73/><W112/><G112/><T78/><D127/><U70/><E70/><V26/><F106/><W99/><G0/><T7/><D35/><U119/><E119/><V22/><F108/><W33/><G68/><T101/><D43/><U87/><E134/><V61/><F46/><W3/><G3/><T69/><D111/><U71/><E71/><N who="2" m="42383" /><F90/><W109/><G109/><T128/><D121/><U56/><E42/><V47/><F47/><W132/><G132/><T15/><D128/><U81/><E59/><V31/><F66/><W135/><G135/><T41/><D41/><U14/><E56/><V40/><F40/><W18/><G33/><T96/><D69/><U34/><E65/><V88/><F88/><W1/><G104/><T37/><D37/><U58/><E58/><V116/><F116/><W100/><G89/><T9/><D63/><U80/><E67/><V74/><F74/><W44/><G1/><T2/><D2/><U5/><E34/><V28/><AGARI ba="0,0" hai="17,22,26,28,31,113,114,115" m="42383,48233" machi="28" ten="40,2700,0" yaku="11,1,18,1" doraHai="92" who="2" fromWho="2" sc="224,-7,302,-13,237,27,237,-7" /><INIT seed="2,0,0,3,2,78" ten="217,289,264,230" oya="2" hai0="89,102,20,88,124,110,68,127,40,114,19,79,74" hai1="113,3,130,49,46,32,63,109,29,27,55,24,54" hai2="98,84,94,95,120,121,105,33,83,91,4,96,115" hai3="132,125,25,57,8,2,106,23,39,134,10,131,116"/><V90/><F33/><W11/><G57/><T108/><D68/><U30/><E113/><V45/><F4/><N who="3" m="1047" /><G39/><T100/><D114/><U15/><E109/><N who="0" m="42089" /><D40/><U69/><E3/><V22/><F115/><W87/><G87/><T97/><D79/><U52/><E130/><V112/><F112/><W62/><G62/><T9/><D9/><N who="3" m="3081" /><G106/><N who="0" m="63759" /><D102/><U135/><E15/><V18/><F45/><W41/><G41/><T35/><D35/><U60/><E135/><N who="3" m="51754" /><G116/><T93/><D74/><U21/><REACH who="1" step="1"/><E63/><REACH who="1" ten="217,279,264,230" step="2"/><V28/><F105/><W76/><G131/><T17/><D127/><U122/><E122/><V123/><F28/><N who="3" m="17471" /><G76/><T103/><D124/><AGARI ba="0,1" hai="124,125" m="17471,51754,3081,1047" machi="124" ten="30,3900,0" yaku="20,1,34,2" doraHai="78" who="3" fromWho="0" sc="217,-39,279,0,264,0,230,49" /><INIT seed="3,0,0,2,1,129" ten="178,279,264,279" oya="3" hai0="96,109,38,26,117,22,131,67,74,55,114,62,100" hai1="124,63,128,32,68,0,70,64,7,11,60,6,79" hai2="10,98,87,44,40,61,21,84,15,92,73,81,33" hai3="47,115,23,105,97,72,76,111,20,106,93,24,66"/><W34/><G115/><T80/><D117/><U78/><E128/><V30/><F33/><W45/><G105/><T127/><D131/><U119/><E32/><V122/><F122/><W25/><G106/><T46/><D114/><U36/><E124/><V28/><F73/><W126/><G126/><T16/><D127/><U51/><E36/><V31/><F61/><W56/><G76/><T52/><D109/><U118/><E51/><V14/><F21/><W35/><G72/><T58/><D38/><U113/><E113/><V4/><F15/><W57/><G111/><T104/><REACH who="0" step="1"/><D46/><REACH who="0" ten="168,279,264,279" step="2"/><U85/><E119/><V77/><F44/><W12/><G47/><T37/><D37/><U120/><E118/><V112/><F112/><W2/><G45/><T116/><D116/><U41/><E41/><V90/><F40/><W110/><G110/><T107/><D107/><U108/><E108/><V86/><AGARI ba="0,1" hai="4,10,14,28,30,31,77,81,84,86,87,90,92,98" machi="86" ten="30,2000,0" yaku="0,1,8,1" doraHai="129" who="2" fromWho="2" sc="168,-5,279,-5,264,30,279,-10" /><INIT seed="4,0,0,5,5,9" ten="163,274,294,269" oya="0" hai0="46,127,89,55,43,45,35,59,68,62,134,125,110" hai1="44,100,119,10,129,17,12,41,67,54,42,71,6" hai2="3,116,103,7,76,118,8,16,112,135,104,29,21" hai3="91,31,57,51,50,102,60,126,19,22,36,52,56"/><T111/><D35/><U24/><E129/><V75/><F112/><W5/><G126/><N who="0" m="48139" /><D89/><U25/><E119/><N who="2" m="45611" /><F135/><W98/><G36/><N who="0" m="21735" /><D68/><U109/><E71/><V86/><F104/><W123/><G123/><T32/><D32/><U1/><E67/><V97/><F29/><W73/><G5/><T117/><D117/><U79/><E100/><V74/><F76/><W95/><G31/><T108/><D46/><U66/><E79/><V2/><F86/><W23/><G73/><T33/><D33/><U106/><E44/><V58/><F58/><W81/><G57/><T49/><D62/><U40/><E40/><V38/><F2/><W101/><G101/><T130/><D130/><U30/><E42/><V132/><F132/><AGARI ba="0,0" hai="49,55,59,108,110,111,132,134" m="21735,48139" machi="132" ten="40,12000,1" yaku="10,1,18,1,34,2" doraHai="9" who="0" fromWho="2" sc="163,120,274,0,294,-120,269,0" /><INIT seed="4,1,0,0,0,25" ten="283,274,174,269" oya="0" hai0="130,46,18,70,45,79,85,92,58,27,26,29,50" hai1="125,132,69,133,32,11,31,114,95,19,15,17,5" hai2="39,122,41,20,118,62,36,35,9,110,40,89,13" hai3="106,126,68,22,14,131,113,77,61,76,65,8,96"/><T112/><D70/><U3/><E69/><V94/><F110/><W120/><G22/><T123/><D123/><U115/><E125/><V66/><F35/><W4/><G126/><T6/><D6/><U88/><E19/><V23/><F122/><W121/><G76/><T128/><D112/><N who="1" m="43051" /><E95/><V109/><F109/><W0/><G113/><T82/><D92/><U72/><E72/><V42/><F118/><W124/><G14/><T59/><D18/><U81/><E88/><V117/><F117/><W83/><G131/><N who="0" m="50219" /><D26/><N who="1" m="18551" /><E81/><V64/><F39/><W7/><G7/><T78/><D78/><U49/><E49/><V60/><F36/><W107/><G124/><T111/><D111/><U37/><E37/><V91/><F91/><W2/><G107/><T34/><D46/><U67/><E67/><N who="2" m="25643" /><F20/><AGARI ba="1,0" hai="3,5,11,15,17,20,132,133" m="18551,43051" machi="20" ten="30,12000,2" yaku="24,1,15,1,11,1,34,2,52,1" doraHai="25" who="1" fromWho="2" sc="283,0,274,123,174,-123,269,0" /><INIT seed="5,0,0,2,4,35" ten="283,397,51,269" oya="1" hai0="29,0,66,131,61,31,95,5,48,130,115,122,119" hai1="113,118,44,75,20,105,16,112,42,10,83,135,120" hai2="17,85,79,106,63,72,37,108,104,86,116,28,55" hai3="129,4,68,77,87,38,59,94,81,19,91,54,14"/><U82/><E118/><V128/><F17/><W40/><G129/><N who="0" m="49163" /><D119/><U39/><E120/><V21/><F55/><W93/><G68/><T9/><D122/><U132/><E105/><V111/><F21/><W121/><G121/><T110/><D110/><N who="2" m="42026" /><F63/><W73/><G4/><T133/><D115/><N who="1" m="44107" /><E10/><V51/><F51/><W22/><G38/><T89/><D133/><N who="1" m="51275" /><E75/><V46/><F46/><W23/><G40/><T15/><D15/><AGARI ba="0,0" hai="15,16,20,39,42,44,82,83" m="51275,44107" machi="15" ten="30,5800,0" yaku="15,1,20,1,54,1" doraHai="35" who="1" fromWho="0" sc="283,-58,397,58,51,0,269,0" /><INIT seed="5,1,0,2,5,93" ten="225,455,51,269" oya="1" hai0="92,132,13,36,2,6,22,116,102,100,37,3,131" hai1="49,95,123,25,128,133,94,23,64,18,52,79,75" hai2="90,55,66,70,40,47,108,81,48,31,86,59,78" hai3="129,17,72,109,101,24,11,54,9,45,130,82,96"/><U74/><E123/><V53/><F108/><W26/><G72/><T10/><D116/><U122/><E122/><V35/><F35/><W112/><G109/><T121/><D132/><U43/><E128/><N who="3" m="49258" /><G82/><T125/><D121/><U120/><E133/><V12/><F31/><W103/><G112/><T34/><D131/><U46/><E120/><V0/><F0/><W16/><G54/><T110/><D34/><U62/><E75/><V63/><F12/><N who="3" m="7183" /><G45/><T32/><D32/><U14/><E79/><V73/><REACH who="2" step="1"/><F70/><REACH who="2" ten="225,455,41,269" step="2"/><W39/><G24/><T119/><D3/><U117/><E25/><V58/><F58/><W89/><G26/><T50/><D110/><U61/><E117/><V87/><F87/><W135/><G135/><T107/><D119/><U106/><E74/><V30/><F30/><W114/><G114/><T88/><D2/><U126/><E14/><V113/><F113/><W5/><G17/><T67/><D13/><U124/><E18/><V21/><F21/><W115/><G115/><T57/><D22/><U42/><E23/><V65/><F65/><W68/><G68/><T60/><D10/><U91/><E64/><V1/><F1/><W51/><G11/><T80/><D67/><U127/><E127/><V7/><F7/><W83/><G5/><T29/><D6/><U56/><E126/><V76/><F76/><W77/><G77/><T99/><D125/><U71/><E71/><V41/><F41/><W4/><G4/><T97/><D29/><U134/><E124/><V98/><F98/><W20/><G20/><T118/><D118/><U105/><E134/><RYUUKYOKU ba="1,1" sc="225,-10,455,-10,41,30,269,-10" hai2="40,47,48,53,55,59,63,66,73,78,81,86,90" /><INIT seed="6,2,1,3,5,42" ten="215,445,71,259" oya="2" hai0="97,46,130,51,25,18,94,19,82,102,28,53,92" hai1="123,13,69,41,112,99,50,96,31,59,79,57,55" hai2="95,87,126,75,43,66,107,122,35,30,17,90,73" hai3="74,127,103,98,58,86,21,100,62,115,61,14,85"/><V128/><F122/><W129/><G74/><T56/><D130/><U4/><E69/><V81/><F128/><W6/><G129/><T117/><D117/><U70/><E70/><V83/><F107/><W113/><G62/><T15/><D82/><U48/><E112/><N who="3" m="43082" /><G100/><T12/><D12/><U67/><E123/><V84/><F126/><W9/><G21/><N who="0" m="15407" /><D15/><U131/><E79/><V124/><F124/><W109/><G109/><T110/><D110/><U77/><E77/><V52/><F66/><N who="3" m="39223" /><G127/><T2/><D2/><U106/><E106/><AGARI ba="2,1" hai="6,9,14,85,86,98,103,106" m="39223,43082" machi="106" ten="30,2000,0" yaku="15,1,11,1" doraHai="42" who="3" fromWho="1" sc="215,0,445,-26,71,0,259,36" /><INIT seed="7,0,0,0,0,41" ten="215,419,71,295" oya="3" hai0="83,101,29,58,95,123,47,104,36,14,114,15,65" hai1="33,78,12,60,18,64,34,37,55,63,5,121,13" hai2="81,67,107,7,103,135,84,77,10,44,106,27,109" hai3="11,92,19,100,66,122,48,110,86,70,49,8,96"/><W108/><G122/><T16/><D104/><U134/><E121/><V128/><F109/><W35/><G35/><T98/><D123/><U51/><E37/><V93/><F128/><W30/><G30/><T74/><D15/><U112/><E112/><V20/><F135/><W113/><G113/><T127/><D114/><U111/><E111/><N who="3" m="42538" /><G70/><T79/><D127/><U38/><E38/><V119/><F67/><W53/><G66/><T52/><D29/><U82/><E134/><V99/><F119/><W0/><G0/><T31/><D31/><U1/><E1/><V17/><F106/><W116/><G49/><T126/><D126/><U6/><E34/><V42/><F107/><W23/><G86/><T3/><D3/><U56/><E33/><V50/><F10/><W131/><G131/><T91/><D36/><U43/><E64/><V89/><REACH who="2" step="1"/><F7/><REACH who="2" ten="215,419,61,295" step="2"/><W62/><G116/><T115/><D115/><U72/><E5/><V45/><F45/><W39/><G11/><T129/><D129/><U26/><E6/><V130/><F130/><W88/><G8/><T46/><D65/><U71/><E71/><V22/><F22/><W118/><G23/><T40/><D47/><U32/><E51/><V2/><F2/><W69/><G48/><T87/><D46/><U4/><E4/><V25/><F25/><W75/><G69/><T94/><D14/><U21/><E12/><V85/><F85/><W68/><G68/><T105/><D105/><U24/><E32/><V132/><F132/><W133/><G133/><T57/><D87/><U54/><E26/><V59/><F59/><RYUUKYOKU ba="0,1" sc="215,-10,419,-10,61,30,295,-10" hai2="17,20,27,42,44,50,77,81,84,89,93,99,103" owari="205,-19.0,419,51.0,91,-41.0,285,9.0" /></mjloggm>