<mjloggm ver="2.3"><GO type="169" lobby="0"/><UN n0="%28%3B%E3%83%BB%E2%88%80%E3%83%BB%29" n1="%62%65%61%74%72%69%63%65" n2="%75%72%61%74%61%6D%61" n3="%E6%96%87%E8%B1%AA" dan="16,16,16,16" rate="2164.82,2142.22,2064.97,2039.95" sx="M,F,M,M"/><TAIKYOKU oya="0"/><INIT seed="0,0,0,1,2,56" ten="250,250,250,250" oya="0" hai0="64,14,38,84,39,83,8,93,30,92,94,21,117" hai1="25,22,70,107,62,43,27,105,78,5,127,59,91" hai2="37,31,47,89,85,79,118,104,26,18,3,121,63" hai3="134,4,50,131,57,90,36,33,132,69,80,46,102"/><T86/><D117/><U60/><E70/><V49/><F37/><W71/><G33/><T100/><D39/><U101/><E78/><V103/><F118/><W23/><G102/><T6/><D38/><U41/><E5/><V11/><F79/><W10/><G23/><T81/><D100/><U12/><E127/><V55/><F121/><W87/><G36/><T45/><D45/><U99/><E12/><V76/><F76/><W98/><G98/><T120/><D64/><U58/><E101/><V123/><F123/><W88/><G90/><T122/><D122/><U48/><E91/><V32/><F103/><W108/><G108/><T35/><D35/><U74/><E22/><V77/><F77/><W75/><G131/><T116/><D116/><U20/><E20/><V66/><F104/><W110/><G75/><T67/><D67/><U126/><E126/><V19/><F11/><W97/><G97/><T95/><N who="0" m="23552" /><DORA hai="130" /><T51/><D51/><U9/><E99/><V73/><F73/><W42/><G57/><T7/><D7/><U68/><E68/><V0/><F89/><W40/><G40/><T106/><D106/><U96/><E96/><V24/><F85/><N who="0" m="32874" /><D120/><U135/><E74/><V111/><F111/><W16/><G110/><T82/><D21/><U15/><E15/><V65/><F65/><W44/><G44/><T113/><D113/><U13/><E13/><V129/><F129/><W109/><G109/><T112/><D112/><U61/><E48/><V128/><F128/><W72/><G72/><T17/><D6/><U115/><E105/><V124/><F124/><RYUUKYOKU ba="0,0" sc="250,30,250,-10,250,-10,250,-10" hai0="8,14,17,30,81,82,83" /><INIT seed="0,1,0,3,0,68" ten="280,240,240,240" oya="0" hai0="97,28,16,44,118,34,62,101,5,125,67,78,60" hai1="40,133,126,79,103,53,38,70,130,1,21,96,86" hai2="74,128,37,13,49,84,75,14,83,47,26,45,116" hai3="17,8,82,129,4,30,106,71,80,61,6,56,50"/><T134/><D118/><U88/><E1/><V2/><F2/><W120/><G106/><T58/><D5/><U42/><E70/><V123/><F123/><W124/><G120/><T95/><D125/><U89/><E126/><V43/><F128/><W27/><G71/><T94/><D134/><U72/><E133/><V35/><F116/><W20/><G50/><T32/><D78/><U19/><E130/><V23/><F35/><W77/><G124/><T64/><D44/><U121/><E121/><V7/><F13/><W10/><G129/><T54/><D54/><U110/><E110/><V92/><F92/><W108/><G108/><T69/><D28/><U41/><E72/><V12/><F12/><N who="3" m="7303" /><G10/><T59/><D69/><U132/><E132/><V91/><F14/><W113/><G113/><T31/><D31/><U25/><E53/><V114/><F7/><N who="3" m="2603" /><G77/><T33/><REACH who="0" step="1"/><D16/><REACH who="0" ten="270,240,240,240" step="2"/><U76/><E38/><V115/><F115/><W24/><G24/><T111/><D111/><U63/><E63/><V81/><F114/><W107/><G61/><T22/><D22/><U48/><E48/><V9/><F23/><W135/><G135/><T105/><AGARI ba="1,1" hai="32,33,34,58,59,60,62,64,67,94,95,97,101,105" machi="105" ten="30,6000,0" yaku="1,1,0,1,9,1,53,0" doraHai="68" doraHaiUra="0" who="0" fromWho="0" sc="270,73,240,-21,240,-21,240,-21" /><INIT seed="0,2,0,1,5,120" ten="343,219,219,219" oya="0" hai0="37,73,30,94,41,50,57,121,106,101,9,124,60" hai1="56,67,42,125,53,3,99,96,97,135,79,63,40" hai2="16,133,70,45,111,39,27,23,95,114,20,126,36" hai3="68,19,26,5,113,34,64,43,130,102,83,93,86"/><T1/><D121/><U11/><E135/><V52/><F114/><W33/><G113/><T88/><D37/><U75/><E125/><V0/><F0/><W14/><G68/><T127/><D73/><U122/><E122/><V100/><F70/><W62/><G43/><T134/><D101/><U32/><E32/><V89/><F100/><W44/><G44/><N who="0" m="25871" /><D106/><U38/><E38/><V15/><F133/><W59/><G5/><T116/><D134/><U107/><E107/><V46/><F126/><N who="0" m="48170" /><D30/><U65/><E75/><V21/><F39/><W35/><G102/><T10/><D1/><U18/><E79/><V115/><F36/><W131/><G33/><T55/><D116/><U84/><E84/><AGARI ba="2,0" hai="9,10,55,57,60,84,88,94" m="48170,25871" machi="84" ten="30,2900,0" yaku="18,1,54,1" doraHai="120" who="0" fromWho="1" sc="343,35,219,-35,219,0,219,0" /><INIT seed="0,3,0,4,2,69" ten="378,184,219,219" oya="0" hai0="111,121,82,131,64,95,102,60,46,10,5,117,33" hai1="120,22,32,34,88,52,124,43,26,116,4,74,98" hai2="84,41,53,75,100,133,56,92,8,62,107,58,90" hai3="44,63,109,38,89,39,7,55,123,80,77,68,87"/><T1/><D117/><U17/><E116/><V76/><F133/><W31/><G109/><T13/><D121/><U25/><E120/><V35/><F35/><W0/><G123/><T118/><D118/><U115/><E74/><V29/><F29/><W67/><G31/><T70/><D111/><U45/><E115/><V37/><F8/><W122/><G122/><T72/><D33/><U16/><E124/><V135/><F135/><W97/><G7/><T30/><D30/><U99/><E4/><V125/><F125/><W59/><G44/><T12/><D131/><U108/><E108/><V49/><F100/><W20/><G20/><T119/><D119/><U48/><E34/><V78/><F107/><W113/><G0/><T23/><D46/><U51/><E32/><V114/><F75/><W126/><G113/><T21/><D95/><U110/><E110/><V73/><F114/><W40/><G40/><T127/><D102/><U36/><E36/><V61/><F37/><W103/><G77/><T66/><D82/><U18/><E88/><V81/><F41/><W9/><G9/><T50/><D50/><U28/><E26/><V6/><F6/><W15/><G15/><N who="0" m="5707" /><D72/><U14/><REACH who="1" step="1"/><E14/><REACH who="1" ten="378,174,219,219" step="2"/><V104/><F73/><W71/><G126/><T42/><D127/><U27/><E27/><V105/><F76/><W2/><G2/><T132/><D1/><U85/><E85/><V130/><F84/><W3/><G3/><T47/><D5/><U96/><E96/><V11/><F78/><W79/><G79/><T19/><D10/><U93/><E93/><V101/><F92/><RYUUKYOKU ba="3,1" sc="378,-10,174,30,219,-10,219,-10" hai1="16,17,18,22,25,28,43,45,48,51,52,98,99" /><INIT seed="1,4,1,5,0,33" ten="368,204,209,209" oya="1" hai0="50,122,133,75,17,59,55,111,40,65,16,66,103" hai1="71,23,61,121,80,9,129,132,79,86,13,3,1" hai2="76,36,92,131,31,97,105,68,127,74,118,112,12" hai3="27,84,99,14,7,2,126,100,110,128,90,10,37"/><U67/><E132/><V63/><F12/><W53/><G110/><T102/><D75/><U125/><E121/><V0/><F31/><W113/><G113/><T58/><D111/><U106/><E129/><V96/><F96/><W32/><G128/><T124/><D133/><U6/><E106/><V28/><F28/><W24/><G126/><T44/><D124/><U119/><E125/><V29/><F29/><W69/><G69/><T116/><D116/><U49/><E119/><V95/><F95/><W34/><G37/><T46/><D122/><U52/><E23/><V108/><F92/><W39/><G53/><T94/><D44/><AGARI ba="4,1" hai="1,3,6,9,13,44,49,52,61,67,71,79,80,86" machi="44" ten="30,11600,0" yaku="7,1,52,2,54,1" doraHai="33" who="1" fromWho="0" sc="368,-128,204,138,209,0,209,0" /><INIT seed="1,5,0,0,0,24" ten="240,342,209,209" oya="1" hai0="83,16,43,121,57,124,91,20,98,90,101,122,79" hai1="114,48,115,40,25,28,133,74,9,108,70,19,27" hai2="30,50,111,80,18,130,6,64,100,37,77,84,71" hai3="106,75,131,126,104,45,13,31,94,2,22,66,46"/><U32/><E70/><V62/><F37/><W41/><G2/><T47/><D57/><U128/><E74/><V109/><F6/><W8/><G75/><T87/><D124/><U107/><E107/><V52/><F18/><W60/><G131/><T105/><D121/><U63/><E63/><V68/><F100/><W113/><G94/><T0/><D0/><U123/><E40/><V39/><F39/><W54/><G54/><T11/><D11/><U55/><E128/><V118/><F118/><W15/><G113/><T112/><D112/><U95/><E123/><V119/><F119/><W69/><G126/><T97/><D97/><U129/><E129/><V125/><F71/><W82/><G82/><T51/><REACH who="0" step="1"/><D122/><REACH who="0" ten="230,342,209,209" step="2"/><U117/><E114/><V81/><F125/><W120/><G8/><T12/><AGARI ba="5,1" hai="12,16,20,43,47,51,79,83,87,90,91,98,101,105" machi="12" ten="20,12000,2" yaku="1,1,2,1,0,1,7,1,54,1,53,1" doraHai="24" doraHaiUra="103" who="0" fromWho="0" sc="230,145,342,-65,209,-35,209,-35" /><INIT seed="2,0,0,0,2,125" ten="375,277,174,174" oya="2" hai0="25,97,118,108,96,107,17,55,32,132,56,105,89" hai1="6,117,57,47,69,106,72,43,128,119,50,115,46" hai2="51,28,61,44,103,71,80,102,39,123,31,22,133" hai3="85,7,11,9,58,64,66,124,94,121,78,20,95"/><V8/><F39/><W87/><G124/><T112/><D112/><U68/><E72/><V109/><F133/><W127/><G127/><T19/><D132/><U113/><E106/><V36/><F36/><W99/><G121/><T73/><D73/><U92/><E92/><V27/><F123/><W3/><G3/><T86/><D108/><U101/><E101/><V75/><F8/><W98/><G58/><T40/><D40/><U62/><E6/><V33/><F31/><W41/><G41/><T30/><D118/><N who="1" m="45067" /><E128/><V42/><F33/><W15/><G20/><T2/><D2/><U77/><E47/><V76/><REACH who="2" step="1"/><F109/><REACH who="2" ten="375,277,164,174" step="2"/><W38/><G38/><T5/><D32/><U126/><E126/><V74/><F74/><W93/><G7/><T24/><D30/><U54/><E115/><V59/><F59/><W4/><G4/><T91/><D56/><U84/><E113/><V53/><F53/><W116/><G116/><T29/><D29/><U16/><E57/><V90/><F90/><W21/><G9/><T26/><D5/><U110/><E54/><V12/><F12/><W129/><G11/><T10/><D55/><U63/><E110/><V122/><F122/><W52/><G52/><T111/><D111/><U120/><E120/><V88/><F88/><N who="0" m="33866" /><D10/><U0/><E68/><V45/><F45/><W1/><G15/><T35/><D35/><U131/><E46/><V70/><F70/><W49/><G1/><T134/><D134/><U100/><E0/><V67/><AGARI ba="0,1" hai="22,27,28,42,44,51,61,67,71,75,76,80,102,103" machi="67" ten="30,6000,0" yaku="1,1,0,1,53,1" doraHai="125" doraHaiUra="18" who="2" fromWho="2" sc="375,-20,277,-20,164,70,174,-20" /><INIT seed="2,1,0,4,4,5" ten="355,257,234,154" oya="2" hai0="71,109,1,62,92,56,95,30,70,69,121,49,39" hai1="118,87,128,127,99,16,74,75,44,111,101,90,25" hai2="106,94,97,117,124,83,107,33,129,22,88,41,57" hai3="122,130,27,115,45,65,134,108,64,126,43,112,84"/><V59/><F33/><W53/><G122/><T78/><D39/><U54/><E118/><V50/><F124/><W104/><G104/><T80/><D121/><U14/><E127/><V0/><F117/><W23/><G126/><T42/><D1/><U89/><E128/><V10/><F129/><W21/><G130/><T105/><D105/><U15/><E111/><V91/><F22/><W132/><G108/><T46/><D30/><U7/><E75/><V12/><F0/><W58/><G84/><T68/><N who="0" m="17408" /><DORA hai="81" /><T20/><D20/><N who="1" m="13447" /><E74/><V85/><F107/><W31/><G21/><T67/><REACH who="0" step="1"/><D109/><REACH who="0" ten="345,257,234,154" step="2"/><U6/><E6/><N who="2" m="3159" /><F106/><W96/><G23/><T93/><D93/><N who="1" m="58607" /><E7/><V35/><F35/><W76/><G31/><T40/><D40/><U9/><E9/><V61/><F61/><W26/><G26/><T36/><D36/><U86/><E14/><V8/><F8/><W103/><G27/><T34/><D34/><U24/><E15/><V63/><F63/><W19/><G19/><T60/><D60/><U100/><E24/><V37/><F37/><W72/><G43/><T114/><D114/><U66/><E66/><V47/><AGARI ba="1,1" hai="41,47,50,57,59,83,85,88,91,94,97" m="3159" machi="47" ten="30,11700,0" yaku="8,1,52,2,54,1" doraHai="5,81" who="2" fromWho="2" sc="345,-40,257,-40,234,130,154,-40" /><INIT seed="2,2,0,0,5,26" ten="305,217,364,114" oya="2" hai0="11,103,81,94,62,59,23,126,96,106,14,13,36" hai1="102,52,115,91,70,129,109,105,132,66,97,63,117" hai2="116,45,40,128,0,119,27,83,82,120,47,108,51" hai3="9,110,24,89,33,54,60,8,68,76,50,39,88"/><V87/><F120/><W41/><G110/><T35/><D35/><U67/><E109/><V122/><F122/><W3/><G76/><T113/><D113/><U56/><E115/><V127/><F0/><W65/><G39/><T4/><D36/><U77/><E132/><V85/><F128/><W32/><G41/><T29/><D126/><U42/><E129/><V118/><F127/><W28/><G33/><T69/><D69/><U38/><E117/><V22/><F108/><W134/><G134/><T49/><D106/><U80/><E91/><V112/><F112/><W15/><G8/><T55/><D81/><U131/><E131/><V53/><F83/><W93/><G93/><T121/><D121/><U25/><E25/><V2/><F2/><W135/><G3/><T95/><D95/><U123/><E123/><V74/><F74/><W10/><G10/><T7/><D7/><U71/><E67/><V19/><REACH who="2" step="1"/><F82/><REACH who="2" ten="305,217,354,114" step="2"/><W73/><G73/><T12/><D62/><U61/><E80/><V46/><F46/><W107/><G135/><T18/><D18/><U43/><E77/><V48/><AGARI ba="2,1" hai="19,22,27,40,45,47,48,51,53,85,87,116,118,119" machi="48" ten="40,3900,0" yaku="1,1,0,1,53,0" doraHai="26" doraHaiUra="79" who="2" fromWho="2" sc="305,-15,217,-15,354,55,114,-15" /><INIT seed="2,3,0,0,0,55" ten="290,202,409,99" oya="2" hai0="85,122,128,24,68,18,40,87,43,119,111,48,131" hai1="23,21,126,82,108,124,51,130,0,74,32,65,19" hai2="120,64,37,6,49,110,45,31,38,7,66,78,52" hai3="30,94,44,77,132,47,84,134,118,117,27,100,109"/><V1/><F120/><W72/><G72/><T16/><D122/><U96/><E32/><V2/><F31/><W11/><G11/><T81/><D68/><U103/><E0/><V93/><F78/><W76/><G109/><T116/><D111/><U123/><E108/><V58/><F110/><W5/><G5/><T129/><D48/><U90/><E123/><V86/><F2/><W102/><G30/><T22/><D18/><U127/><E130/><V35/><F35/><W25/><G94/><T121/><D121/><U59/><E74/><V88/><F38/><W67/><G67/><N who="2" m="25641" /><F1/><W14/><G14/><T71/><D71/><U46/><E82/><V41/><F37/><W17/><REACH who="3" step="1"/><G84/><REACH who="3" ten="290,202,409,89" step="2"/><N who="0" m="32331" /><D81/><U125/><E125/><V107/><F107/><W112/><G112/><T26/><D24/><U92/><E103/><V54/><F7/><W80/><G80/><T53/><D53/><N who="1" m="29943" /><E19/><AGARI ba="3,1" hai="17,19,25,27,44,47,76,77,100,102,117,118,132,134" machi="19" ten="25,3200,0" yaku="1,1,22,2,53,0" doraHai="55" doraHaiUra="133" who="3" fromWho="1" sc="290,0,202,-41,409,0,89,51" /><INIT seed="3,0,0,1,1,49" ten="290,161,409,140" oya="3" hai0="102,44,63,5,119,75,107,78,90,38,121,66,124" hai1="94,25,109,11,46,32,9,54,82,67,134,91,40" hai2="15,117,34,14,7,135,24,3,114,103,101,125,1" hai3="100,129,70,74,65,113,95,27,17,123,29,111,97"/><W22/><G123/><T132/><D121/><U10/><E134/><V28/><F101/><W55/><G113/><T56/><D132/><U122/><E122/><V42/><F103/><W61/><G129/><T92/><D119/><U60/><E109/><V31/><F42/><W83/><G111/><T71/><D124/><U76/><E32/><N who="2" m="20487" /><F135/><W79/><REACH who="3" step="1"/><G29/><REACH who="3" ten="290,161,409,130" step="2"/><T4/><D5/><U106/><E106/><V16/><F114/><W77/><G77/><T48/><D4/><U33/><E76/><V93/><F117/><W108/><G108/><T99/><D78/><U20/><E33/><V37/><F31/><W12/><G12/><T62/><D75/><U112/><E112/><V73/><F14/><W26/><G26/><T47/><D38/><U50/><E25/><V87/><F15/><W51/><G51/><T84/><REACH who="0" step="1"/><D48/><REACH who="0" ten="280,161,409,130" step="2"/><U52/><E50/><V13/><F7/><W133/><G133/><T45/><D45/><U88/><E46/><V30/><F37/><W131/><G131/><T126/><D126/><U19/><E40/><V21/><F73/><W64/><G64/><AGARI ba="0,2" hai="44,47,56,62,63,64,66,71,84,90,92,99,102,107" machi="64" ten="30,2000,0" yaku="1,1,7,1,53,0" doraHai="49" doraHaiUra="128" who="0" fromWho="3" sc="280,40,161,0,409,0,130,-20" /><INIT seed="4,0,0,4,3,68" ten="320,161,409,110" oya="0" hai0="103,63,118,37,86,85,84,119,67,43,2,8,135" hai1="30,97,101,60,83,130,125,50,66,18,95,87,49" hai2="106,132,32,89,29,122,104,129,17,71,113,69,7" hai3="108,24,51,48,128,33,112,64,26,52,46,131,127"/><T114/><D114/><U88/><E130/><N who="3" m="49706" /><G108/><T117/><D103/><U115/><E115/><V109/><F109/><W72/><G112/><T35/><D35/><U110/><E125/><V111/><F111/><W10/><G72/><T12/><D2/><U53/><E110/><V105/><F89/><W9/><G64/><T124/><D124/><U134/><E134/><V0/><F17/><W45/><G127/><T28/><D28/><U36/><E36/><V121/><F113/><W123/><G123/><T82/><D82/><U41/><E41/><V62/><F132/><W94/><G94/><T27/><D27/><N who="3" m="10281" /><G33/><T90/><D90/><U40/><E30/><V42/><F29/><W100/><G100/><T3/><D3/><U56/><E40/><AGARI ba="0,0" hai="9,10,40,45,46,48,51,52" m="10281,49706" machi="40" ten="30,2000,0" yaku="19,1,54,1" doraHai="68" who="3" fromWho="1" sc="320,0,161,-20,409,0,110,20" /><INIT seed="5,0,0,2,0,84" ten="320,141,409,130" oya="1" hai0="118,69,16,85,38,116,99,112,44,3,71,110,77" hai1="9,6,32,87,1,33,108,89,19,124,117,8,18" hai2="73,79,24,50,90,113,111,28,134,72,17,94,122" hai3="96,91,48,57,102,63,62,4,58,5,65,2,27"/><U76/><E117/><V53/><F122/><W12/><G2/><T100/><D110/><U95/><E108/><V114/><F134/><W47/><G27/><T14/><D3/><U46/><E124/><V123/><F17/><W120/><G120/><T132/><D132/><U92/><E76/><V75/><F111/><W133/><G133/><T135/><D135/><U70/><E70/><V13/><F13/><W51/><G102/><T52/><D69/><U130/><E130/><V106/><F106/><W131/><G131/><T54/><D71/><U10/><E46/><V35/><F79/><W0/><G0/><T121/><D121/><U26/><E1/><V78/><F78/><W39/><G39/><T115/><D38/><U7/><E26/><V66/><F66/><N who="3" m="39247" /><G12/><T23/><D77/><U109/><E109/><V119/><F119/><N who="0" m="45610" /><D85/><U11/><N who="1" m="2560" /><DORA hai="21" /><U125/><E125/><V93/><F93/><N who="1" m="35913" /><E89/><V103/><F103/><W64/><G5/><N who="1" m="1546" /><E87/><V34/><F123/><W86/><G4/><T67/><D44/><U20/><E20/><V127/><F127/><W29/><G86/><T45/><D45/><U129/><E129/><V40/><F94/><N who="3" m="56415" /><G47/><T30/><D67/><U15/><E15/><V81/><F72/><W41/><G64/><T97/><D100/><U128/><E128/><V25/><F73/><W80/><G80/><T31/><D99/><U98/><E98/><V68/><F75/><W105/><G105/><T101/><D97/><U104/><E104/><V126/><F68/><W42/><G29/><N who="0" m="10763" /><D101/><U107/><E107/><V36/><F126/><W83/><G83/><RYUUKYOKU ba="0,0" sc="320,10,141,10,409,-30,130,10" hai0="14,16,23,52,54,112,115" hai1="18,19,32,33" hai3="41,42,48,51,58,63,65" /><INIT seed="5,1,0,0,5,68" ten="330,151,379,140" oya="1" hai0="30,94,122,35,60,86,16,32,50,72,77,129,24" hai1="91,92,51,98,41,90,121,15,101,110,28,29,2" hai2="114,45,20,93,75,120,113,126,107,26,71,54,130" hai3="82,25,85,125,27,47,36,123,53,11,10,66,64"/><U97/><E2/><V89/><F107/><W99/><G123/><T88/><D35/><U74/><E121/><V108/><F120/><W103/><G125/><T76/><D122/><U112/><E74/><V134/><F130/><W111/><G111/><T46/><D60/><U0/><E0/><V132/><F71/><W70/><G36/><T42/><D72/><U3/><E3/><V34/><F34/><W128/><G128/><T6/><D6/><U118/><E110/><V105/><F105/><W17/><G70/><T58/><D58/><U102/><E118/><V57/><F45/><W14/><G11/><T104/><D104/><U124/><E124/><V56/><F75/><W23/><G53/><T100/><D100/><U116/><E112/><N who="2" m="43115" /><F108/><W38/><G27/><T19/><REACH who="0" step="1"/><D129/><REACH who="0" ten="320,151,379,140" step="2"/><U117/><E116/><V1/><F126/><W119/><G119/><T9/><D9/><U4/><E117/><V48/><F56/><W44/><G64/><T61/><D61/><U12/><E4/><V40/><F57/><W62/><G62/><T69/><D69/><U63/><E63/><V135/><F132/><W83/><G66/><T131/><D131/><U106/><E106/><V96/><F134/><W33/><G33/><T73/><D73/><U8/><E8/><V49/><F135/><W18/><G103/><T80/><D80/><U115/><E115/><V95/><F20/><W65/><G65/><T22/><D22/><U81/><E81/><V127/><F127/><W37/><G83/><T87/><D87/><U67/><E102/><V109/><F109/><W52/><G82/><RYUUKYOKU ba="1,1" sc="320,30,151,-10,379,-10,140,-10" hai0="16,19,24,30,32,42,46,50,76,77,86,88,94" /><INIT seed="6,2,1,4,4,100" ten="350,141,369,130" oya="2" hai0="41,129,87,133,6,128,123,97,79,116,44,52,104" hai1="92,91,1,51,109,89,13,80,17,8,15,29,75" hai2="28,90,72,84,134,30,7,130,25,88,121,99,120" hai3="0,16,50,70,95,19,35,117,22,112,101,131,61"/><V78/><F130/><N who="0" m="50282" /><D123/><U56/><E109/><V86/><F134/><W102/><G35/><T26/><D133/><U127/><E127/><V118/><F118/><W27/><G117/><T40/><D116/><U126/><E126/><V11/><F72/><W36/><G36/><T38/><D6/><U108/><E108/><V66/><F99/><W71/><G131/><T4/><D4/><U57/><E1/><V12/><F78/><W42/><G0/><T37/><D26/><U103/><E29/><V119/><F66/><W46/><G112/><T33/><D33/><U58/><E75/><V32/><F30/><W59/><G19/><T3/><D3/><U63/><E51/><V106/><F106/><W135/><G135/><T82/><D52/><N who="1" m="34183" /><E80/><V74/><F74/><W14/><G27/><T55/><D55/><U73/><E73/><V53/><F53/><W110/><G110/><T125/><D125/><U69/><E69/><V107/><F107/><W115/><G115/><T9/><D9/><N who="1" m="6319" /><E103/><V77/><F119/><W39/><G39/><N who="0" m="14859" /><D44/><U49/><E49/><V54/><F54/><W20/><G20/><T83/><D82/><U94/><E94/><V76/><F120/><W85/><G95/><T65/><D65/><U62/><E62/><V98/><F121/><W111/><G111/><T21/><D21/><U48/><E48/><V68/><F32/><W60/><G60/><T31/><D31/><U18/><E92/><N who="2" m="56583" /><F28/><W2/><G2/><T5/><D5/><U113/><E113/><V122/><F122/><W24/><G61/><T10/><D10/><U96/><E96/><RYUUKYOKU ba="2,1" sc="350,15,141,15,369,-15,130,-15" hai0="40,41,79,83,87,97,104" hai1="8,15,18,57,58,89,91" /><INIT seed="7,3,1,4,1,90" ten="365,156,354,115" oya="3" hai0="110,34,42,114,3,86,131,44,37,15,76,126,92" hai1="113,55,61,30,49,19,7,88,22,134,69,120,33" hai2="1,59,11,123,62,27,46,96,14,119,29,45,111" hai3="125,12,81,50,135,73,39,106,117,57,51,35,0"/><W103/><G117/><T64/><D110/><U82/><E120/><V129/><F129/><W13/><G39/><T130/><D3/><U2/><E134/><V94/><F1/><W6/><G35/><T36/><D34/><U124/><E124/><V41/><F111/><W16/><G0/><T43/><D126/><U84/><E113/><V75/><F75/><W4/><G135/><T121/><D121/><U10/><E69/><V65/><F119/><W133/><G133/><T48/><D114/><U74/><E61/><V127/><F41/><W25/><G125/><T47/><D64/><U116/><E74/><V32/><F123/><W24/><G106/><T98/><D48/><N who="3" m="18473" /><G73/><T85/><D15/><N who="3" m="5705" /><G103/><T52/><D52/><U63/><E116/><V107/><F107/><W71/><G71/><T5/><D5/><N who="3" m="2153" /><G81/><T112/><D112/><U105/><E105/><V128/><F128/><W38/><G38/><T40/><D42/><U9/><E33/><V95/><F127/><W118/><G118/><T83/><D85/><U21/><E84/><V20/><F32/><W53/><G16/><T115/><D115/><U80/><E19/><N who="2" m="8671" /><F96/><W99/><G99/><T66/><D66/><U101/><E2/><V58/><F58/><W31/><G31/><T23/><D23/><U54/><E22/><V91/><F91/><AGARI ba="3,1" hai="36,37,40,43,44,47,76,83,86,91,92,98,130,131" machi="91" ten="40,2600,0" yaku="9,1,52,1" doraHai="90" who="0" fromWho="2" sc="365,45,156,0,354,-35,115,0" owari="410,50.0,156,-24.0,319,12.0,115,-38.0" /></mjloggm>