<mjloggm ver="2.3"><GO type="169" lobby="0"/><UN n0="%E5%BD%97%E6%98%9F%E5%85%A5%E3%83%92%E3%82%B3" n1="%E5%A4%95%E5%87%AA" n2="%EF%BC%8A%E7%B4%97%E5%BC%A5%E8%8F%AF%EF%BC%8A" n3="%E6%96%87%E8%B1%AA" dan="16,18,16,16" rate="2119.07,2206.47,2113.24,2037.54" sx="M,M,F,M"/><TAIKYOKU oya="0"/><INIT seed="0,0,0,5,2,48" ten="250,250,250,250" oya="0" hai0="16,49,62,85,83,23,98,107,67,14,50,69,111" hai1="51,42,60,120,53,128,29,11,55,31,105,21,92" hai2="93,8,54,17,116,47,131,73,100,5,88,52,39" hai3="63,72,26,65,57,135,43,91,123,15,127,68,3"/><T102/><REACH who="0" step="1"/><D111/><REACH who="0" ten="240,250,250,250" step="2"/><U19/><E128/><V101/><F131/><W46/><G123/><T38/><D38/><U28/><E120/><V79/><F39/><W121/><G121/><T99/><D99/><U45/><E105/><V36/><F36/><W109/><G109/><T34/><D34/><U59/><E92/><V18/><F116/><W132/><G132/><T103/><D103/><U76/><E76/><AGARI ba="0,1" hai="14,16,23,49,50,62,67,69,76,83,85,98,102,107" machi="76" ten="30,18000,2" yaku="21,2,7,1,54,1,53,2" doraHai="48" doraHaiUra="44" who="0" fromWho="1" sc="240,190,250,-180,250,0,250,0" /><INIT seed="0,1,0,1,4,100" ten="430,70,250,250" oya="0" hai0="3,59,97,67,121,77,106,40,36,108,33,16,117" hai1="37,113,20,9,87,7,81,103,43,11,52,114,109" hai2="0,119,35,39,93,123,84,83,125,95,55,82,105" hai3="34,32,91,18,27,73,120,22,131,76,30,74,65"/><T88/><D117/><U96/><E109/><V70/><F55/><W53/><G131/><T112/><D121/><U31/><E37/><V5/><F5/><W49/><G65/><T1/><D33/><U58/><E43/><V122/><F84/><W110/><G110/><T132/><D77/><U47/><E47/><V78/><F78/><W26/><G120/><T13/><D112/><N who="1" m="43115" /><E20/><V134/><F82/><W41/><G41/><T111/><D111/><U2/><E31/><V75/><F83/><W17/><G91/><T63/><D40/><U98/><E11/><V45/><F95/><W24/><G76/><T99/><D36/><U92/><E81/><V23/><F93/><W42/><G42/><T68/><D108/><U90/><E103/><V86/><F23/><W72/><G18/><T129/><D129/><U135/><E135/><V79/><F134/><W80/><G80/><T133/><D133/><U29/><E29/><V57/><F122/><W8/><G8/><T14/><D14/><U62/><AGARI ba="1,0" hai="2,7,9,52,58,62,87,90,92,96,98" m="43115" machi="62" ten="30,2000,0" yaku="11,1,54,1" doraHai="100" who="1" fromWho="1" sc="430,-11,70,23,250,-6,250,-6" /><INIT seed="1,0,0,5,1,116" ten="419,93,244,244" oya="1" hai0="133,80,91,0,63,38,93,41,88,84,118,56,62" hai1="23,120,40,75,61,122,103,7,104,71,86,73,29" hai2="3,129,121,123,78,53,10,16,12,111,65,99,45" hai3="1,22,55,33,31,87,19,97,110,30,26,131,107"/><U25/><E40/><V70/><F111/><W96/><G1/><T85/><D133/><U27/><E7/><V34/><F34/><W130/><G110/><T66/><D118/><U28/><E86/><V77/><F3/><W113/><G113/><T132/><D132/><U13/><E13/><V2/><F2/><W51/><G87/><T112/><D112/><U49/><E49/><V32/><F32/><W64/><G64/><T42/><D0/><U60/><E103/><V15/><F99/><N who="3" m="37963" /><G33/><T21/><D38/><U79/><E104/><V92/><F92/><W20/><G20/><T114/><D114/><U24/><E23/><V6/><F129/><N who="3" m="49163" /><G107/><T72/><D72/><N who="1" m="27723" /><E79/><V48/><F78/><W68/><G68/><T125/><D125/><U39/><E71/><V37/><F77/><W8/><G8/><T109/><D109/><U124/><E124/><V35/><F35/><W44/><AGARI ba="0,0" hai="19,22,26,30,31,44,51,55" m="49163,37963" machi="44" ten="30,1100,0" yaku="19,1" doraHai="116" who="3" fromWho="3" sc="419,-3,93,-5,244,-3,244,11" /><INIT seed="2,0,0,0,3,6" ten="416,88,241,255" oya="2" hai0="70,95,21,88,106,61,125,48,16,120,94,67,32" hai1="110,52,3,105,91,9,108,135,12,53,69,56,100" hai2="20,119,28,78,118,111,123,129,24,133,14,45,62" hai3="126,47,7,27,42,103,44,58,4,46,90,80,34"/><V134/><F78/><W41/><G126/><T132/><D132/><N who="2" m="50794" /><F123/><W11/><G103/><T96/><D125/><U121/><E135/><V77/><F77/><W85/><G7/><T1/><D120/><U17/><E121/><V83/><F83/><W33/><G58/><T19/><D1/><U74/><E69/><V68/><F129/><W82/><G82/><T87/><D32/><U54/><E74/><V86/><F86/><W117/><G117/><T5/><D5/><N who="1" m="1215" /><E91/><V23/><F45/><W10/><G10/><T109/><D109/><N who="1" m="42091" /><E100/><V55/><F111/><W15/><REACH who="3" step="1"/><G27/><REACH who="3" ten="416,88,241,245" step="2"/><T51/><D106/><U40/><E105/><V35/><F68/><W97/><G97/><T115/><D115/><U104/><E104/><V130/><F119/><W93/><G93/><T116/><D116/><U92/><E92/><V89/><F118/><W65/><G65/><T99/><D99/><U59/><E40/><AGARI ba="0,1" hai="4,11,15,33,34,40,41,42,44,46,47,80,85,90" machi="40" ten="40,2600,0" yaku="1,1,52,1,53,0" doraHai="6" doraHaiUra="49" who="3" fromWho="1" sc="416,0,88,-26,241,0,245,36" /><INIT seed="3,0,0,1,0,7" ten="416,62,241,281" oya="3" hai0="2,84,32,63,34,121,4,69,134,55,90,75,48" hai1="97,86,22,127,115,65,108,3,98,64,44,67,125" hai2="24,66,71,81,33,1,36,128,118,133,53,117,5" hai3="43,38,20,14,18,10,104,112,25,51,62,82,78"/><W35/><G112/><T23/><D121/><U6/><E115/><V58/><F36/><W113/><G113/><T52/><D75/><U60/><E60/><V45/><F45/><W83/><G104/><T68/><D134/><U9/><E108/><V74/><F58/><W29/><G38/><T88/><D2/><U13/><E86/><V57/><F53/><W110/><G110/><T135/><D135/><U124/><E44/><V46/><F57/><W59/><G51/><T77/><D4/><U132/><E132/><V116/><F46/><W102/><G102/><T91/><D23/><U129/><E129/><V16/><F128/><W92/><G92/><T123/><D123/><U93/><E93/><V103/><F103/><W87/><G82/><T19/><D19/><U101/><E101/><V106/><F16/><AGARI ba="0,0" hai="3,6,9,13,16,22,64,65,67,97,98,124,125,127" machi="16" ten="50,6400,0" yaku="18,1,52,1,54,1" doraHai="7" who="1" fromWho="2" sc="416,0,62,64,241,-64,281,0" /><INIT seed="4,0,0,3,3,39" ten="416,126,177,281" oya="0" hai0="31,81,87,66,100,22,14,116,6,35,120,43,12" hai1="88,77,112,126,48,19,105,52,74,32,68,67,124" hai2="78,16,82,25,91,59,57,107,123,46,18,128,94" hai3="20,69,79,42,103,1,21,84,90,54,24,83,7"/><T89/><D116/><U131/><E105/><V37/><F107/><W108/><G108/><T101/><D120/><U60/><E32/><V115/><F123/><W49/><G69/><T106/><D106/><U99/><E131/><V133/><F128/><W56/><G103/><T73/><D73/><U70/><E70/><V4/><F133/><W63/><G1/><T110/><D110/><U38/><E38/><V127/><F127/><N who="1" m="48681" /><E112/><V119/><F119/><W129/><G7/><T95/><D35/><U62/><E62/><V55/><F4/><W93/><G129/><T28/><D66/><U41/><E19/><V47/><F115/><W76/><G76/><T8/><D31/><U40/><E77/><V71/><F71/><W118/><G118/><T122/><D122/><U27/><E27/><V30/><F37/><W34/><G34/><T26/><D14/><U125/><N who="1" m="48689" /><U2/><DORA hai="85" /><E74/><V65/><F30/><W130/><G24/><T58/><D58/><N who="1" m="33031" /><E2/><V3/><F3/><W0/><G130/><T114/><D114/><U109/><E109/><V92/><F78/><W17/><G17/><N who="2" m="6761" /><F25/><W86/><G0/><T121/><D121/><U45/><E45/><AGARI ba="0,0" hai="20,21,42,45,49,54,56,63,79,83,84,86,90,93" machi="45" ten="40,5200,0" yaku="8,1,52,2" doraHai="39,85" who="3" fromWho="1" sc="416,0,126,-52,177,0,281,52" /><INIT seed="5,0,0,3,2,125" ten="416,74,177,333" oya="1" hai0="8,83,93,27,44,73,120,47,78,30,22,74,131" hai1="9,86,135,17,80,106,37,19,122,116,104,134,91" hai2="52,130,3,92,105,101,118,66,34,16,111,119,59" hai3="95,87,4,117,85,6,115,64,113,42,51,127,68"/><U77/><E37/><V129/><F105/><N who="1" m="40553" /><E9/><V60/><F34/><W126/><G117/><T33/><D120/><U1/><E1/><V39/><F3/><W69/><G95/><T110/><D44/><U90/><E116/><V89/><F39/><W20/><G20/><T71/><D71/><N who="3" m="27209" /><G64/><T14/><D33/><U81/><E122/><V62/><F101/><W26/><G26/><T109/><D74/><U57/><E57/><N who="2" m="37199" /><F111/><W11/><G51/><T123/><D123/><U133/><E17/><V103/><F103/><W0/><G42/><T36/><D36/><U7/><E7/><N who="3" m="2602" /><G11/><T25/><D27/><U100/><E19/><V18/><F119/><W63/><G63/><T13/><D8/><U112/><E100/><V55/><F55/><W5/><N who="3" m="2610" /><W97/><DORA hai="21" /><G97/><T2/><D2/><U114/><E91/><V58/><F58/><W121/><G0/><T46/><D110/><U24/><E24/><V65/><F65/><W28/><G121/><T99/><D109/><U102/><E102/><V128/><F118/><W32/><G32/><T12/><D47/><U10/><E10/><V23/><F23/><W53/><G53/><T48/><D48/><U70/><E70/><V88/><F89/><W79/><G127/><T75/><D46/><U108/><E108/><V72/><F72/><AGARI ba="0,0" hai="72,77,80,81,86,90,112,114,133,134,135" m="40553" machi="72" ten="40,7700,0" yaku="20,1,34,2" doraHai="125,21" who="1" fromWho="2" sc="416,0,74,77,177,-77,333,0" /><INIT seed="5,1,0,3,2,134" ten="416,151,100,333" oya="1" hai0="106,94,8,31,28,131,100,122,50,4,81,123,71" hai1="109,37,79,124,1,90,21,128,117,43,95,125,19" hai2="111,112,35,127,17,68,6,126,48,132,57,13,102" hai3="45,22,53,64,114,25,76,55,104,7,82,59,118"/><U0/><E117/><V44/><F68/><W73/><G104/><T86/><D106/><U110/><E128/><V12/><F35/><W49/><G114/><T93/><D131/><U11/><E79/><V3/><F111/><N who="1" m="42505" /><E37/><V18/><F112/><W120/><G120/><T115/><D115/><U24/><E43/><V84/><F102/><W56/><G118/><T66/><D100/><U119/><E119/><V91/><F57/><W23/><G7/><T85/><D71/><U133/><E133/><V87/><F132/><W26/><G64/><T89/><D66/><U97/><E11/><V92/><F3/><AGARI ba="1,0" hai="0,1,3,19,21,24,90,95,97,124,125" m="42505" machi="3" ten="30,5800,0" yaku="10,1,52,2" doraHai="134" who="1" fromWho="2" sc="416,0,151,61,100,-61,333,0" /><INIT seed="5,2,0,1,1,70" ten="416,212,39,333" oya="1" hai0="90,113,76,15,95,88,115,62,81,100,20,114,33" hai1="2,125,131,85,119,112,19,64,9,16,127,108,98" hai2="23,121,18,26,124,123,22,69,129,28,32,54,46" hai3="7,89,43,21,130,68,39,109,72,60,3,80,79"/><U107/><E119/><V63/><F129/><W116/><G21/><T5/><D33/><U111/><E131/><V47/><F124/><N who="1" m="47689" /><E64/><V49/><F47/><N who="3" m="24063" /><G89/><T120/><D120/><U8/><E85/><V37/><F32/><W27/><G27/><T132/><D132/><U83/><E83/><V29/><F29/><W91/><G91/><T122/><D122/><U117/><E112/><V82/><F82/><W92/><G92/><T48/><D62/><U75/><E75/><V1/><F1/><W87/><G87/><N who="0" m="48551" /><D48/><U103/><E117/><V44/><F63/><W34/><G116/><T56/><D56/><U73/><E73/><V10/><F69/><W12/><G130/><T57/><D57/><U102/><E102/><V30/><F28/><W86/><G86/><T25/><D100/><U77/><E77/><V58/><F58/><W40/><G60/><T55/><D95/><U13/><E19/><V24/><REACH who="2" step="1"/><F10/><REACH who="2" ten="416,212,29,333" step="2"/><W41/><G68/><T133/><D115/><U14/><E2/><V36/><F36/><W134/><G3/><T11/><D114/><U105/><E105/><V38/><F38/><W50/><G80/><T0/><D113/><U78/><E78/><V84/><F84/><W94/><G79/><T110/><D0/><U6/><AGARI ba="2,1" hai="6,8,9,13,14,16,98,103,107,108,111" m="47689" machi="6" ten="30,3000,0" yaku="18,1,54,1" doraHai="70" who="1" fromWho="1" sc="416,-12,212,46,29,-12,333,-12" /><INIT seed="5,3,0,2,4,132" ten="404,258,17,321" oya="1" hai0="15,48,21,88,13,86,60,115,46,26,66,94,39" hai1="129,22,32,34,118,57,101,33,111,72,99,95,61" hai2="16,83,98,44,93,11,73,30,113,29,84,49,130" hai3="56,5,127,97,76,85,106,9,107,28,52,47,19"/><U53/><E118/><V133/><F73/><W124/><G28/><T23/><D39/><U96/><E72/><V75/><F75/><W109/><G109/><T7/><D115/><U78/><E78/><V58/><F58/><W68/><G68/><T108/><D108/><U3/><E3/><V92/><F113/><W131/><G131/><T12/><D7/><U24/><E111/><V65/><F65/><W122/><G122/><T116/><D116/><U114/><E114/><V103/><F93/><W125/><G19/><T25/><D25/><U89/><E129/><V59/><F59/><W105/><G47/><T41/><REACH who="0" step="1"/><D26/><REACH who="0" ten="394,258,17,321" step="2"/><U70/><E70/><AGARI ba="3,1" hai="12,13,15,21,23,41,46,48,60,66,70,86,88,94" machi="70" ten="40,5200,0" yaku="1,1,2,1,54,1,53,0" doraHai="132" doraHaiUra="100" who="0" fromWho="1" sc="394,71,258,-61,17,0,321,0" /><INIT seed="6,0,0,2,1,76" ten="465,197,17,321" oya="2" hai0="39,80,26,69,66,44,67,64,65,101,34,86,108" hai1="62,96,40,54,41,19,43,127,103,87,135,117,10" hai2="132,90,31,89,110,71,20,56,32,130,59,120,63" hai3="75,37,109,27,22,16,116,38,121,94,118,46,107"/><V49/><F120/><W14/><G109/><T11/><D108/><U61/><E117/><V98/><F32/><W91/><G121/><T15/><D101/><U82/><E135/><V83/><F71/><W6/><G107/><T124/><D124/><U51/><E127/><V93/><F110/><W12/><G75/><T112/><D112/><U42/><E42/><V102/><F132/><W84/><G14/><T105/><D105/><U111/><E111/><V45/><F130/><W115/><G115/><T88/><D64/><U33/><E33/><V123/><F123/><W48/><G38/><T106/><D106/><U70/><E96/><V128/><F128/><W125/><G37/><T131/><D131/><U129/><E103/><V4/><F4/><W79/><G79/><T21/><D34/><U73/><E73/><V13/><F63/><W5/><G125/><T58/><D69/><U99/><E99/><V17/><F31/><N who="3" m="17911" /><G118/><T28/><D39/><U2/><E70/><V119/><F119/><W72/><G72/><T50/><D58/><U30/><E30/><V35/><F35/><W113/><G113/><T3/><D3/><U100/><E129/><V60/><F60/><W114/><G114/><T1/><D1/><U18/><E62/><V47/><F47/><W25/><G116/><T23/><D23/><U53/><E61/><V97/><F97/><W74/><G74/><T77/><D77/><N who="1" m="46543" /><E100/><V8/><F20/><N who="3" m="13447" /><G5/><N who="0" m="3567" /><D67/><U52/><E51/><V81/><F102/><W36/><G6/><T85/><D85/><U24/><E24/><V133/><F133/><W29/><G29/><RYUUKYOKU ba="0,0" sc="465,15,197,15,17,-15,321,-15" hai0="21,26,28,44,50,65,66,80,86,88" hai1="2,10,18,19,40,41,43,52,53,54" /><INIT seed="7,1,0,2,4,128" ten="480,212,2,306" oya="3" hai0="23,125,121,134,4,26,104,39,12,135,33,123,95" hai1="54,31,132,45,0,17,59,106,102,112,116,115,61" hai2="18,37,14,67,107,118,43,11,90,19,38,130,21" hai3="29,53,71,7,2,82,131,98,77,16,9,10,36"/><W91/><G71/><T8/><D104/><U117/><E31/><V78/><F107/><W110/><G131/><T120/><D95/><U119/><E0/><V94/><F130/><W24/><G110/><T88/><D88/><U93/><E106/><V50/><F118/><W105/><G36/><T76/><D76/><U20/><E102/><V60/><F78/><W70/><G70/><T81/><D81/><U30/><E30/><V46/><F90/><W6/><G53/><T84/><D84/><U87/><E87/><V27/><F94/><W73/><G91/><T74/><D74/><U100/><E45/><V129/><F129/><W57/><G57/><AGARI ba="1,0" hai="11,14,18,19,21,27,37,38,43,46,50,57,60,67" machi="57" ten="30,1000,0" yaku="7,1" doraHai="128" who="2" fromWho="3" sc="480,0,212,0,2,13,306,-13" owari="480,58.0,212,-19.0,15,-48.0,293,9.0" /></mjloggm>