<mjloggm ver="2.3"><GO type="185" lobby="0"/><UN n0="%E6%A8%BD%E3%81%AA%E3%81%AE%E5%A3%8A%E3%81%95%E3%81%AA%E3%81%84%E3%81%A7" n1="%4E%65%6D%6F%6D%6F%6D%6F" n2="%E5%A4%9A%E6%9E%97%E6%99%8B" n3="" dan="16,16,16,0" rate="2198.06,2186.62,2173.89,1500.00" sx="M,M,M,C"/><TAIKYOKU oya="0"/><INIT seed="0,0,0,1,1,122" ten="350,350,350,0" oya="0" hai0="128,86,72,48,54,47,111,93,57,42,95,109,70" hai1="91,133,44,112,32,66,87,38,80,125,120,103,121" hai2="101,58,113,37,67,94,68,74,85,131,43,56,51" hai3=""/><T108/><D72/><U63/><N who="1" m="30752" /><U69/><N who="1" m="31008" /><U1/><E32/><V49/><F74/><T52/><D70/><U41/><E1/><V81/><F113/><T60/><D128/><U50/><E112/><V59/><F131/><T99/><D86/><U96/><E133/><V73/><F73/><T98/><D98/><U46/><E125/><V0/><F0/><T33/><D33/><U105/><E44/><V2/><F37/><T3/><D3/><U124/><REACH who="1" step="1"/><E124/><REACH who="1" ten="350,340,350,0" step="2"/><V92/><F2/><T88/><REACH who="0" step="1"/><D95/><REACH who="0" ten="340,340,350,0" step="2"/><U64/><E64/><AGARI ba="0,2" hai="42,47,48,52,54,57,60,64,88,93,99,108,109,111" machi="64" ten="40,24000,3" yaku="1,1,2,1,14,1,10,1,52,3,54,2,53,0" doraHai="122" doraHaiUra="135" who="0" fromWho="1" sc="340,260,340,-240,350,0,0,0" /><INIT seed="0,1,0,3,4,103" ten="600,100,350,0" oya="0" hai0="125,101,79,73,84,127,105,0,56,134,130,131,110" hai1="82,3,75,112,70,36,111,91,72,121,118,99,97" hai2="74,94,69,126,45,100,104,120,81,44,65,55,87" hai3=""/><T77/><D0/><U51/><N who="1" m="31008" /><U128/><E3/><V132/><N who="2" m="30752" /><V40/><F132/><T122/><N who="0" m="31264" /><T39/><D39/><U2/><E2/><V38/><F126/><N who="0" m="48138" /><D73/><U113/><E36/><V34/><F34/><T41/><D41/><U98/><E70/><V133/><F133/><T117/><D117/><U43/><E118/><V80/><F69/><T64/><D134/><U106/><E106/><V46/><F65/><T90/><D110/><U32/><E32/><V48/><F44/><T76/><D56/><U86/><E111/><V68/><F68/><T108/><D64/><U71/><E71/><V88/><REACH who="2" step="1"/><F74/><REACH who="2" ten="600,100,340,0" step="2"/><T83/><D108/><U37/><E72/><V67/><F67/><T85/><D85/><U102/><E75/><V109/><F109/><T52/><D52/><U59/><E43/><V124/><F124/><T35/><D35/><U47/><E47/><V114/><F114/><T1/><D1/><U53/><E112/><V57/><F57/><T54/><D54/><U42/><E113/><V62/><F62/><T95/><D84/><U107/><E42/><V129/><F129/><T119/><D131/><U115/><E128/><V92/><F92/><T66/><D130/><U61/><E115/><RYUUKYOKU ba="1,1" sc="600,-10,100,-10,340,20,0,0" hai2="38,40,45,46,48,55,80,81,87,88,94,100,104" /><INIT seed="1,2,1,2,2,95" ten="590,90,360,0" oya="1" hai0="134,108,0,100,113,1,54,42,43,105,125,74,126" hai1="103,135,49,107,91,123,63,88,109,2,67,121,130" hai2="102,32,46,73,101,85,75,118,87,56,59,76,99" hai3=""/><U69/><N who="1" m="31008" /><U37/><N who="1" m="31520" /><U131/><E37/><V80/><F118/><T104/><D113/><U62/><E2/><V48/><F32/><T94/><D74/><U36/><E36/><V34/><F34/><T97/><D134/><U98/><E135/><V83/><F101/><T129/><D129/><N who="1" m="49163" /><E109/><V71/><F71/><T110/><D54/><U51/><E63/><V50/><F73/><T133/><D133/><U92/><E91/><V78/><F75/><T44/><D1/><U41/><E41/><V82/><F82/><T35/><D0/><U128/><N who="1" m="49171" /><U68/><DORA hai="33" /><E68/><V120/><N who="2" m="30752" /><V70/><F70/><T3/><D43/><U132/><E132/><V84/><F48/><T106/><D35/><U124/><E124/><N who="0" m="47721" /><D3/><U66/><E66/><V89/><F80/><T93/><D110/><U61/><E61/><V86/><F83/><T39/><D108/><U64/><E64/><V111/><F89/><T81/><D81/><U65/><E65/><V38/><F111/><T60/><D60/><U55/><E55/><V53/><F38/><T72/><D72/><U112/><E112/><V127/><F127/><T117/><D39/><U58/><E49/><V114/><N who="2" m="21504" /><DORA hai="77" /><V40/><F114/><RYUUKYOKU ba="2,1" sc="590,0,90,0,360,0,0,0" /><INIT seed="2,3,1,0,2,99" ten="590,90,360,0" oya="2" hai0="89,83,123,126,58,69,77,128,75,81,135,100,57" hai1="66,96,64,113,44,117,49,54,114,1,112,111,76" hai2="32,86,101,109,34,119,36,103,125,70,71,88,43" hai3=""/><V108/><F119/><T105/><N who="0" m="31520" /><T37/><D69/><N who="2" m="26122" /><F36/><T132/><D37/><U107/><E1/><V121/><N who="2" m="31008" /><V68/><F43/><T94/><D105/><U72/><E117/><V47/><F47/><T124/><D100/><N who="2" m="38474" /><F68/><T127/><D81/><U122/><N who="1" m="31264" /><U97/><E107/><V87/><F125/><T59/><D128/><U48/><E111/><N who="2" m="42571" /><F86/><AGARI ba="3,1" hai="57,58,59,75,77,83,86,89,94,124,126,127,132,135" m="31520" machi="86" ten="50,3200,0" yaku="18,1,52,1" doraHai="99" who="0" fromWho="2" sc="590,48,90,0,360,-38,0,0" /><INIT seed="4,0,0,1,3,61" ten="638,90,322,0" oya="0" hai0="116,105,115,48,120,47,71,66,133,85,36,130,112" hai1="108,82,97,56,59,99,54,89,34,102,88,121,67" hai2="75,40,94,96,0,90,114,118,127,110,81,46,132" hai3=""/><T51/><N who="0" m="30752" /><T39/><D105/><U53/><N who="1" m="31008" /><U78/><E34/><V74/><F0/><T131/><D85/><U35/><E35/><V37/><F110/><T123/><N who="0" m="31520" /><T109/><D109/><U38/><E38/><N who="0" m="14377" /><D133/><U52/><E108/><V43/><F132/><T119/><D66/><U87/><E97/><V83/><F118/><N who="0" m="45098" /><D71/><U32/><E32/><V45/><F74/><T1/><D1/><U86/><E67/><V60/><F75/><T84/><D84/><U50/><E87/><V122/><F96/><T58/><D58/><U2/><E2/><V79/><N who="2" m="31264" /><V70/><F70/><T57/><D57/><U64/><E89/><V68/><F90/><T91/><D91/><U41/><E78/><V69/><F68/><T111/><D51/><U33/><E33/><V3/><F69/><T106/><D106/><U107/><REACH who="1" step="1"/><E64/><REACH who="1" ten="638,80,322,0" step="2"/><V65/><F79/><T73/><D73/><U98/><E98/><V104/><F65/><T103/><D111/><U134/><E134/><V93/><F3/><T95/><D103/><U129/><E129/><V72/><F72/><T135/><D135/><U76/><E76/><V49/><F104/><T126/><D131/><U80/><E80/><V128/><F83/><RYUUKYOKU ba="0,1" sc="638,-10,80,20,322,-10,0,0" hai1="41,50,52,53,54,56,59,82,86,88,99,102,107" /><INIT seed="5,1,1,0,2,3" ten="628,100,312,0" oya="1" hai0="115,89,79,102,121,103,43,129,40,105,34,48,60" hai1="44,73,77,107,111,74,114,133,125,39,58,118,112" hai2="82,35,91,80,84,122,117,1,130,100,70,86,56" hai3=""/><U76/><E118/><V83/><N who="2" m="31264" /><V110/><F1/><T135/><N who="0" m="31008" /><T55/><D135/><U50/><E107/><V66/><F70/><T68/><D129/><U106/><E106/><V46/><F110/><T72/><D115/><N who="1" m="44075" /><E133/><V71/><F71/><T75/><D89/><U99/><E111/><V32/><F130/><T95/><D95/><U119/><E119/><V93/><F46/><T104/><D68/><U2/><E2/><V132/><F132/><T38/><D38/><U85/><E99/><V49/><F117/><T127/><D105/><U97/><E97/><V113/><F113/><T78/><D104/><U123/><N who="1" m="31520" /><U63/><E39/><V101/><F86/><T109/><D75/><N who="1" m="28683" /><E125/><V124/><F124/><T98/><D72/><U36/><E36/><V90/><F91/><T64/><D127/><U116/><E116/><V94/><F93/><T67/><D109/><U92/><E92/><V53/><REACH who="2" step="1"/><F66/><REACH who="2" ten="628,100,302,0" step="2"/><T33/><D67/><U45/><E85/><V62/><F62/><T131/><D60/><U37/><E37/><V52/><F52/><T57/><D55/><U96/><E96/><V54/><F54/><T120/><D98/><U81/><E81/><V42/><F42/><T128/><D43/><RYUUKYOKU ba="1,2" sc="628,-10,100,-10,302,20,0,0" hai2="32,35,49,53,56,80,82,83,84,90,94,100,101" /><INIT seed="6,2,2,1,2,74" ten="618,90,322,0" oya="2" hai0="48,2,120,57,68,97,67,84,115,124,78,127,64" hai1="70,104,91,117,62,108,50,43,134,38,80,61,93" hai2="98,119,77,132,102,87,35,135,125,83,90,121,92" hai3=""/><V118/><N who="2" m="31008" /><V75/><F35/><T63/><N who="0" m="30752" /><T65/><D2/><U49/><E93/><V39/><F39/><T106/><D115/><U45/><E91/><V0/><F0/><T60/><D67/><U94/><E94/><V41/><F41/><T59/><D48/><U55/><E80/><V76/><F125/><T44/><D44/><U58/><E104/><V100/><F102/><T130/><D68/><U86/><E86/><V129/><F129/><T33/><D130/><U110/><E117/><N who="2" m="44555" /><F76/><T69/><D33/><U109/><E134/><V128/><F128/><T51/><D51/><U37/><E37/><V53/><F53/><T112/><D69/><U103/><E103/><V85/><F85/><T36/><D36/><U131/><E131/><V105/><AGARI ba="2,2" hai="75,77,83,87,90,92,98,100,105,132,135" m="44555,31008" machi="105" ten="30,8000,1" yaku="24,1,34,2,52,2" doraHai="74" who="2" fromWho="2" sc="618,-42,90,-42,322,104,0,0" /><INIT seed="6,3,0,4,5,105" ten="576,48,426,0" oya="2" hai0="41,68,52,46,121,130,115,129,96,51,126,78,74" hai1="135,39,122,65,131,40,61,114,72,50,34,77,37" hai2="2,125,58,33,45,47,118,55,133,128,0,123,32" hai3=""/><V42/><N who="2" m="31520" /><V63/><F118/><T79/><N who="0" m="31008" /><T103/><D126/><U120/><N who="1" m="30752" /><U71/><E50/><V59/><F125/><T53/><D68/><U49/><E49/><V90/><F133/><T82/><D79/><U111/><E65/><V95/><F128/><N who="0" m="49258" /><D115/><U35/><E40/><V107/><F107/><AGARI ba="3,0" hai="41,46,51,52,53,74,78,82,96,103,107" m="49258,31008" machi="107" ten="30,7700,0" yaku="19,1,52,2,54,1" doraHai="105" who="0" fromWho="2" sc="576,83,48,0,426,-83,0,0" owari="659,61.0,48,-55.0,343,-6.0,0,0.0" /></mjloggm>