<mjloggm ver="2.3"><GO type="169" lobby="0"/><UN n0="%E3%82%81%E3%82%93%E3%81%9F%E3%82%93%6F" n1="%79%75%36%31%39%7A%69" n2="%E3%81%AF%E3%81%98%E3%82%81%E3%81%A3%E3%81%A1" n3="%E5%BD%97%E6%98%9F%E5%85%A5%E3%83%92%E3%82%B3" dan="16,16,17,16" rate="2108.04,2115.35,2202.76,2100.30" sx="F,M,F,M"/><TAIKYOKU oya="0"/><INIT seed="0,0,0,5,0,92" ten="250,250,250,250" oya="0" hai0="48,100,131,85,34,88,81,55,73,63,110,101,104" hai1="107,56,105,17,25,60,9,32,6,10,12,89,19" hai2="22,44,46,97,93,49,40,69,74,27,51,103,30" hai3="16,114,78,15,115,1,95,11,23,98,130,37,45"/><T94/><D34/><U65/><E105/><V42/><F69/><W59/><G130/><T132/><D132/><U86/><E107/><V57/><F74/><W70/><G70/><T33/><D33/><U26/><E32/><V112/><REACH who="2" step="1"/><F57/><REACH who="2" ten="250,250,240,250" step="2"/><W5/><G59/><T72/><D131/><U91/><E6/><V117/><F117/><W109/><G109/><T4/><D110/><U135/><E135/><V67/><F67/><W134/><G134/><T96/><D63/><U121/><E121/><V87/><F87/><W133/><G133/><T99/><D4/><U75/><E75/><V111/><F111/><W124/><G124/><T18/><D18/><U128/><E128/><V36/><F36/><W76/><G115/><AGARI ba="0,1" hai="22,27,30,40,42,44,46,49,51,93,97,103,112,115" machi="115" ten="40,5200,0" yaku="1,1,9,1,52,1,53,0" doraHai="92" doraHaiUra="64" who="2" fromWho="3" sc="250,0,250,0,240,62,250,-52" /><INIT seed="1,0,0,5,0,61" ten="250,250,302,198" oya="1" hai0="42,128,98,55,115,82,96,77,2,132,64,53,12" hai1="126,26,54,0,44,122,76,7,36,39,108,9,51" hai2="8,116,135,88,90,18,22,37,48,104,47,114,70" hai3="110,4,79,123,20,95,46,106,80,58,83,34,32"/><U23/><E126/><V81/><F116/><W41/><G123/><T117/><D2/><U127/><E127/><V30/><F135/><W49/><G106/><T31/><D117/><U74/><E122/><V87/><F114/><W29/><G110/><T124/><D115/><U130/><E130/><V109/><F109/><W17/><G4/><T105/><D124/><U3/><E3/><V40/><F104/><W107/><G107/><T19/><D128/><U119/><E119/><V11/><F70/><W50/><G29/><T24/><D132/><U125/><E125/><V62/><F37/><W75/><G83/><T25/><D42/><U103/><E103/><V112/><F112/><W10/><G10/><T91/><D105/><U57/><E108/><V59/><F30/><W111/><G111/><T85/><D64/><U6/><E6/><V67/><REACH who="2" step="1"/><F90/><REACH who="2" ten="250,250,292,198" step="2"/><W5/><G5/><T71/><D71/><U133/><E133/><V28/><F28/><W13/><REACH who="3" step="1"/><G95/><REACH who="3" ten="250,250,292,188" step="2"/><T118/><D118/><U73/><E7/><V86/><F86/><W1/><G1/><T121/><D121/><U60/><E0/><V21/><F21/><W27/><G27/><AGARI ba="0,2" hai="8,11,18,22,27,40,47,48,59,62,67,81,87,88" machi="27" ten="30,8000,1" yaku="1,1,7,1,8,1,52,1,54,1,53,0" doraHai="61" doraHaiUra="33" who="2" fromWho="3" sc="250,0,250,0,292,100,188,-80" /><INIT seed="2,0,0,0,5,4" ten="250,250,392,108" oya="2" hai0="0,32,101,48,111,77,93,121,97,81,58,89,115" hai1="53,80,117,25,104,103,42,75,45,19,29,99,22" hai2="131,134,33,119,2,9,40,16,65,26,74,87,21" hai3="126,66,31,133,27,95,46,49,35,23,69,125,36"/><V39/><F119/><W60/><G133/><T47/><D32/><U113/><E113/><V76/><F74/><W73/><G73/><T85/><D0/><U52/><E117/><V50/><F134/><W28/><G28/><T18/><D121/><U82/><E82/><V129/><F39/><W96/><G36/><T38/><D38/><U106/><E106/><V56/><F33/><W17/><G35/><T83/><D115/><U62/><E62/><V98/><F98/><W71/><G71/><T120/><D111/><U6/><E6/><V14/><F2/><W43/><REACH who="3" step="1"/><G31/><REACH who="3" ten="250,250,392,98" step="2"/><T44/><D120/><U105/><E29/><V107/><F129/><W7/><G7/><T116/><D116/><U30/><E30/><V79/><F131/><W122/><G122/><T90/><D18/><U37/><REACH who="1" step="1"/><E105/><REACH who="1" ten="250,240,392,98" step="2"/><V24/><F107/><W84/><G84/><T8/><D85/><U15/><E15/><V112/><F112/><W108/><G108/><T124/><D124/><U68/><E68/><V110/><F110/><W130/><G130/><T118/><D118/><U12/><E12/><V132/><F132/><W63/><G63/><T11/><D77/><AGARI ba="0,2" hai="19,22,25,37,42,45,52,53,75,77,80,99,103,104" machi="77" ten="40,2600,0" yaku="1,1,54,1,53,0" doraHai="4" doraHaiUra="127" who="1" fromWho="0" sc="250,-26,240,46,392,0,98,0" /><INIT seed="3,0,0,5,1,101" ten="224,286,392,98" oya="3" hai0="12,97,78,119,49,133,126,51,30,35,99,36,83" hai1="42,122,107,69,98,110,104,88,46,18,92,14,65" hai2="89,5,23,85,106,68,61,74,20,109,34,93,15" hai3="115,9,50,102,58,134,16,7,47,121,129,41,76"/><W87/><G115/><T127/><D36/><U66/><E122/><V1/><F34/><W125/><G121/><T38/><D38/><U73/><E73/><V57/><F74/><W45/><G125/><N who="0" m="47627" /><D119/><U114/><E114/><V60/><F109/><W40/><G129/><T131/><D131/><U26/><E26/><V71/><F1/><W82/><G134/><T27/><D12/><U13/><E13/><V108/><F108/><W116/><G116/><T118/><D133/><U124/><E110/><V75/><F75/><W112/><G112/><T81/><D118/><U63/><E66/><V120/><F120/><W3/><G102/><T105/><D105/><U6/><E6/><V0/><F0/><W19/><REACH who="3" step="1"/><G58/><REACH who="3" ten="224,286,392,88" step="2"/><T59/><D59/><U117/><E117/><V44/><F57/><W17/><G17/><T91/><D91/><U84/><E124/><V39/><F71/><W96/><G96/><T77/><D99/><U52/><E98/><V72/><F68/><W135/><G135/><T33/><D97/><U94/><E18/><V37/><F89/><W111/><G111/><T48/><D78/><U29/><E88/><V22/><F93/><W90/><G90/><T62/><D77/><U10/><E94/><V28/><F28/><W24/><G24/><T67/><D27/><U31/><E29/><V54/><F5/><W70/><G70/><N who="0" m="42359" /><D30/><U8/><E31/><V2/><F44/><W103/><G103/><T32/><AGARI ba="0,1" hai="32,33,35,48,49,51,81,83" m="42359,47627" machi="32" ten="40,1500,0" yaku="18,1" doraHai="101" who="0" fromWho="0" sc="224,25,286,-4,392,-4,88,-7" /><INIT seed="4,0,0,0,3,43" ten="249,282,388,81" oya="0" hai0="121,21,12,132,19,120,33,61,5,75,23,70,25" hai1="112,48,28,14,88,64,72,50,100,42,117,79,16" hai2="96,29,122,34,32,113,37,10,59,1,39,104,27" hai3="9,58,31,76,101,41,86,80,57,131,111,127,77"/><T62/><D75/><U107/><E117/><V54/><F122/><W45/><G111/><T47/><D70/><U78/><E28/><V15/><F1/><W2/><G127/><T109/><D109/><U26/><E26/><V95/><F104/><W102/><G131/><T67/><D62/><U119/><E64/><V56/><F34/><W94/><G77/><T55/><D132/><U85/><E119/><V125/><F125/><W89/><G31/><T105/><D105/><U124/><E124/><V135/><F59/><W20/><G20/><T108/><D108/><U134/><E134/><V3/><F3/><W129/><G129/><T74/><D74/><U97/><E50/><V18/><F113/><W84/><G102/><T53/><D33/><U82/><E72/><V98/><F98/><W71/><G101/><T87/><D5/><U35/><E35/><V126/><F135/><W130/><G71/><T51/><D55/><U11/><REACH who="1" step="1"/><E112/><REACH who="1" ten="249,272,388,81" step="2"/><V99/><F126/><W13/><G130/><T38/><D38/><U0/><E0/><V7/><F39/><W118/><G2/><T52/><D121/><U40/><E40/><V93/><F37/><W103/><G118/><T69/><D120/><U90/><E90/><V114/><F114/><W24/><G24/><T110/><D110/><U49/><E49/><V44/><F27/><W46/><G103/><T8/><D53/><U73/><E73/><V4/><F29/><W133/><G133/><T128/><D128/><U115/><E115/><V17/><F32/><W63/><G41/><T68/><D67/><U91/><E91/><RYUUKYOKU ba="0,1" sc="249,-10,272,30,388,-10,81,-10" hai1="11,14,16,42,48,78,79,82,85,88,97,100,107" /><INIT seed="5,1,1,4,5,37" ten="239,302,378,71" oya="1" hai0="135,51,73,25,133,46,126,71,117,116,105,3,10" hai1="128,113,12,4,106,70,75,33,11,58,127,6,119" hai2="130,118,62,49,20,100,68,69,94,50,81,24,132" hai3="123,78,72,65,95,114,85,15,112,61,122,92,101"/><U16/><E119/><N who="0" m="45641" /><D105/><U121/><E70/><V2/><F130/><W66/><G15/><T76/><D73/><U64/><E106/><V59/><F132/><N who="0" m="50762" /><D76/><U60/><E128/><V23/><F2/><W34/><G34/><T1/><D71/><U88/><E127/><V45/><F23/><W30/><G30/><T38/><D38/><U7/><E113/><V99/><F81/><W115/><G61/><T102/><D102/><U40/><E121/><N who="3" m="46090" /><G65/><T41/><D126/><U93/><E33/><V120/><F118/><W52/><G66/><T0/><D25/><U47/><E75/><V13/><F13/><W98/><G52/><T111/><D111/><U18/><E18/><V55/><F50/><W129/><G129/><T29/><D29/><U131/><E131/><V77/><F77/><W31/><G31/><T74/><D74/><U97/><REACH who="1" step="1"/><E7/><AGARI ba="1,1" hai="0,1,3,7,10,41,46,51" m="50762,45641" machi="7" ten="30,2000,0" yaku="20,1,52,1" doraHai="37" who="0" fromWho="1" sc="239,33,302,-23,378,0,71,0" /><INIT seed="6,0,0,4,1,101" ten="272,279,378,71" oya="2" hai0="9,7,120,63,72,135,71,79,116,16,73,86,3" hai1="94,77,134,100,111,26,115,68,80,0,22,53,38" hai2="36,52,5,47,61,59,89,96,85,10,19,81,124" hai3="105,18,60,74,126,93,97,121,113,58,21,50,11"/><V31/><F124/><W88/><G121/><T40/><D120/><U117/><E0/><V128/><F128/><W102/><G126/><T90/><D116/><U78/><E117/><V30/><F19/><W65/><G74/><T24/><D135/><U41/><E68/><V122/><F122/><W34/><G34/><T104/><D40/><U12/><E12/><V37/><F37/><W54/><G113/><T4/><D4/><U8/><E8/><V110/><F110/><W98/><G11/><T67/><D79/><U32/><E32/><V2/><F96/><W14/><REACH who="3" step="1"/><G50/><REACH who="3" ten="272,279,378,61" step="2"/><T130/><D130/><U15/><E115/><V27/><F10/><W35/><G35/><T33/><D33/><U133/><E133/><V49/><F36/><W57/><G57/><T13/><D73/><U103/><E38/><V46/><F49/><W82/><G82/><T23/><D72/><U114/><E80/><V109/><F59/><W87/><G87/><T107/><D3/><U6/><E114/><V42/><F85/><W84/><G84/><T83/><AGARI ba="0,1" hai="7,9,13,16,23,24,63,67,71,83,86,90,104,107" machi="83" ten="20,8000,1" yaku="0,1,7,1,52,2,54,1" doraHai="101" who="0" fromWho="0" sc="272,90,279,-20,378,-40,61,-20" /><INIT seed="7,0,0,1,0,86" ten="362,259,338,41" oya="3" hai0="33,43,119,17,122,112,21,60,84,25,10,77,132" hai1="29,61,90,62,78,121,110,83,111,133,32,95,120" hai2="55,5,56,69,70,96,118,7,87,27,35,0,71" hai3="57,12,22,34,134,37,59,54,115,131,28,52,53"/><W46/><G115/><T129/><D122/><U65/><E29/><V107/><F118/><W6/><G34/><T38/><D33/><U126/><E32/><V116/><F116/><W20/><G131/><T31/><D119/><U40/><E40/><V85/><F85/><W19/><G134/><T49/><D38/><U63/><E133/><V102/><F0/><W13/><G37/><T75/><D75/><U113/><E65/><V128/><F128/><W45/><G6/><T79/><D129/><U1/><E1/><V76/><F76/><W123/><G123/><T4/><D132/><U39/><E39/><V66/><F87/><W42/><G42/><T99/><D99/><U108/><E120/><V26/><F66/><W135/><G135/><T100/><D100/><U15/><E15/><V2/><F2/><W82/><G82/><T114/><D60/><U50/><E50/><V88/><F88/><W127/><G127/><T105/><D105/><U93/><E121/><V48/><REACH who="2" step="1"/><F26/><REACH who="2" ten="362,259,328,41" step="2"/><N who="3" m="16455" /><G13/><N who="0" m="5319" /><D84/><U106/><E126/><V44/><F44/><AGARI ba="0,1" hai="12,19,22,44,45,46,52,53,54,57,59" m="16455" machi="44" ten="30,2900,0" yaku="8,1,54,1" doraHai="86" who="3" fromWho="2" sc="362,0,259,0,328,-29,41,39" /><INIT seed="7,1,0,1,5,94" ten="362,259,299,80" oya="3" hai0="17,70,66,11,43,119,75,115,18,13,37,96,122" hai1="2,55,127,56,101,99,117,30,135,105,74,49,118" hai2="47,81,16,19,123,24,88,58,14,134,4,110,109" hai3="77,64,40,129,33,128,92,131,89,104,79,57,50"/><W113/><G104/><T38/><D122/><U39/><E39/><V62/><F134/><W46/><G33/><T5/><D75/><U41/><E135/><V108/><F123/><W6/><G6/><T106/><D119/><U72/><E2/><V53/><F4/><W120/><G120/><T91/><D115/><U32/><E41/><V125/><F125/><W34/><G34/><T48/><D106/><U130/><E127/><V133/><F133/><W52/><G64/><T111/><D111/><U65/><E130/><V103/><F103/><W112/><G112/><T68/><D38/><U36/><E36/><V87/><F24/><W76/><G113/><T80/><D37/><U9/><E9/><V95/><F47/><W93/><REACH who="3" step="1"/><G89/><REACH who="3" ten="362,259,299,70" step="2"/><T15/><D66/><U25/><E118/><V116/><F116/><W28/><G28/><T85/><D5/><U63/><REACH who="1" step="1"/><E117/><REACH who="1" ten="362,249,299,70" step="2"/><V31/><F110/><W73/><G73/><T78/><D70/><AGARI ba="1,2" hai="25,30,32,49,55,56,63,65,70,72,74,99,101,105" machi="70" ten="30,12000,2" yaku="1,1,2,1,7,1,25,2,52,1,53,0" doraHai="94" doraHaiUra="8" who="1" fromWho="0" sc="362,-123,249,143,299,0,70,0" owari="239,-16.0,392,49.0,299,10.0,70,-43.0" /></mjloggm>