<mjloggm ver="2.3"><GO type="185" lobby="0"/><UN n0="%E5%A4%9A%E6%9E%97%E6%99%8B" n1="%E3%81%B6%E3%82%8B%E3%81%AF%E3%81%A4" n2="%67%6C%61%6E%7A%39%30" n3="" dan="16,16,18,0" rate="2214.09,2148.18,2345.74,1500.00" sx="M,M,M,C"/><TAIKYOKU oya="0"/><INIT seed="0,0,0,2,3,53" ten="350,350,350,0" oya="0" hai0="32,67,77,94,86,118,37,3,59,71,131,44,62" hai1="46,1,115,45,84,36,97,78,55,128,130,96,129" hai2="51,43,75,48,35,114,123,117,111,68,121,63,2" hai3=""/><T106/><D3/><U82/><E1/><V126/><RYUUKYOKU type="yao9" ba="0,0" sc="350,0,350,0,350,0,0,0" hai2="2,35,43,48,51,63,68,75,111,114,117,121,123,126" /><INIT seed="0,1,0,2,1,120" ten="350,350,350,0" oya="0" hai0="105,69,81,39,66,89,64,72,127,54,88,108,63" hai1="83,70,36,43,132,38,84,86,56,123,118,71,47" hai2="44,117,1,106,104,35,52,58,111,57,51,112,122" hai3=""/><T45/><D105/><U50/><N who="1" m="31520" /><U33/><E33/><V85/><N who="2" m="31264" /><V32/><F1/><T130/><D127/><U59/><E118/><V135/><F112/><T53/><D130/><U78/><E132/><V96/><F135/><T73/><D64/><U97/><E97/><V91/><F117/><T87/><D108/><U125/><E125/><V37/><F111/><T109/><D109/><U0/><E0/><V34/><F37/><T68/><D69/><U98/><E98/><V114/><F114/><T94/><D39/><U48/><E36/><V113/><F113/><T3/><D3/><U116/><E116/><V99/><F99/><T2/><D2/><U100/><E100/><V40/><F40/><T46/><D45/><U74/><E74/><V93/><REACH who="2" step="1"/><F106/><REACH who="2" ten="350,350,340,0" step="2"/><T134/><D134/><U61/><E38/><V107/><F107/><T103/><D103/><AGARI ba="1,1" hai="32,34,35,44,51,52,57,58,85,91,93,96,103,104" m="31264" machi="103" ten="40,5200,0" yaku="1,1,52,1,54,1,53,0" doraHai="120" doraHaiUra="60" who="2" fromWho="0" sc="350,-54,350,0,340,64,0,0" /><INIT seed="1,0,0,1,2,85" ten="296,350,404,0" oya="1" hai0="127,55,47,38,40,107,84,101,88,79,67,90,66" hai1="51,57,124,103,114,82,130,119,91,80,3,65,86" hai2="116,50,83,63,120,123,92,115,70,134,37,52,2" hai3=""/><U126/><E3/><V1/><N who="2" m="30752" /><V111/><N who="2" m="31520" /><V118/><F111/><T61/><D127/><N who="1" m="48683" /><E119/><V108/><F108/><T87/><D79/><U135/><E114/><V110/><F110/><T100/><D107/><U76/><E130/><V73/><F37/><T78/><D78/><U39/><E39/><V109/><F115/><T95/><D66/><U42/><E135/><V43/><F73/><T36/><D55/><U58/><E103/><V45/><F70/><T121/><N who="0" m="31008" /><T0/><D0/><U96/><E96/><V48/><F134/><T89/><D89/><U60/><E42/><V122/><F109/><T75/><D75/><U77/><E82/><V97/><F2/><T59/><REACH who="0" step="1"/><D36/><REACH who="0" ten="286,350,404,0" step="2"/><U53/><AGARI ba="0,1" hai="51,53,57,58,60,65,76,77,80,86,91" m="48683" machi="53" ten="30,2000,0" yaku="18,1,52,1" doraHai="85" who="1" fromWho="1" sc="286,-10,350,30,404,-10,0,0" /><INIT seed="1,1,0,3,2,47" ten="276,380,394,0" oya="1" hai0="64,60,35,51,90,33,70,111,81,125,34,122,117" hai1="110,109,93,41,43,0,83,98,121,46,116,101,2" hai2="85,36,124,115,75,50,82,123,100,54,114,97,106" hai3=""/><U52/><N who="1" m="31008" /><U126/><E116/><V67/><N who="2" m="31520" /><V71/><F36/><T62/><N who="0" m="31264" /><T80/><D117/><U32/><E32/><V55/><F124/><T40/><D125/><U133/><E126/><V113/><F75/><T95/><D60/><U86/><E133/><V58/><F71/><T108/><D40/><U72/><E72/><V94/><F67/><T61/><D61/><U44/><E44/><V53/><F106/><T87/><REACH who="0" step="1"/><D51/><REACH who="0" ten="266,380,394,0" step="2"/><U130/><E41/><V112/><N who="2" m="28672" /><DORA hai="132" /><V134/><F134/><T104/><D104/><U63/><E43/><V119/><F119/><T77/><D77/><AGARI ba="1,1" hai="50,53,54,55,58,77,82,85,94,97,100" m="28672,31520" machi="77" ten="70,8000,1" yaku="11,1,52,2" doraHai="47,132" who="2" fromWho="0" sc="266,-82,380,0,394,92,0,0" /><INIT seed="2,0,0,5,3,46" ten="184,380,486,0" oya="2" hai0="55,88,83,49,53,71,64,47,61,52,86,121,77" hai1="59,114,67,74,95,115,48,98,82,92,135,107,56" hai2="75,84,35,33,73,78,124,131,70,65,72,60,112" hai3=""/><V127/><F112/><T100/><N who="0" m="31008" /><T37/><D37/><U81/><E135/><V36/><F131/><T128/><D128/><U1/><E1/><V111/><F36/><T32/><D32/><N who="2" m="12362" /><F84/><T38/><D38/><U133/><E133/><V96/><F96/><T2/><D2/><U109/><E98/><V99/><F99/><T80/><REACH who="0" step="1"/><D100/><REACH who="0" ten="174,380,486,0" step="2"/><U123/><N who="1" m="31520" /><U132/><E115/><V106/><F106/><T116/><D116/><U93/><E107/><V40/><F40/><T104/><D104/><U94/><E114/><V97/><F127/><T87/><AGARI ba="0,1" hai="47,49,52,53,55,61,64,71,77,80,83,86,87,88" m="31008" machi="87" ten="20,9000,2" yaku="1,1,0,1,7,1,52,2,54,2,53,0" doraHai="46" doraHaiUra="68" who="0" fromWho="0" sc="174,100,380,-30,486,-60,0,0" /><INIT seed="4,0,0,3,4,102" ten="274,350,426,0" oya="0" hai0="65,60,105,123,35,92,122,104,43,108,97,3,72" hai1="114,33,69,115,98,36,80,117,0,42,52,81,48" hai2="76,121,126,38,128,40,61,127,131,59,129,100,78" hai3=""/><T99/><N who="0" m="31264" /><T116/><N who="0" m="31520" /><T132/><D3/><U94/><E0/><V83/><N who="2" m="31008" /><V54/><F100/><T46/><D35/><U96/><E33/><V57/><F78/><T109/><D72/><U110/><E110/><N who="0" m="42601" /><D116/><U124/><E117/><V37/><F83/><T45/><D132/><U62/><E124/><N who="2" m="47659" /><F76/><T58/><D45/><U1/><E1/><V67/><F40/><T113/><D113/><U47/><E81/><V107/><F107/><N who="0" m="41034" /><D92/><U112/><E80/><V51/><AGARI ba="0,0" hai="37,38,51,54,57,59,61,67,128,129,131" m="47659,31008" machi="51" ten="40,6000,1" yaku="19,1,18,1,34,2,52,1" doraHai="102" who="2" fromWho="2" sc="274,-40,350,-20,426,60,0,0" /><INIT seed="5,0,0,0,2,0" ten="234,330,486,0" oya="1" hai0="114,103,50,63,105,126,68,123,130,65,134,120,112" hai1="113,81,78,129,60,36,118,83,48,57,127,84,33" hai2="110,102,61,47,58,88,49,98,82,69,119,104,115" hai3=""/><U80/><E33/><V131/><F110/><T3/><N who="0" m="30752" /><T79/><N who="0" m="31520" /><T32/><D3/><U124/><E118/><V67/><F119/><T107/><D130/><U64/><E36/><V133/><F131/><T122/><N who="0" m="31264" /><T95/><D134/><U128/><E113/><N who="0" m="43625" /><D126/><N who="1" m="48171" /><E81/><V135/><F115/><T45/><D79/><U85/><E48/><V53/><F69/><T94/><D32/><U73/><E73/><V54/><F67/><T62/><D63/><U51/><E51/><V76/><REACH who="2" step="1"/><F88/><AGARI ba="0,0" hai="57,60,64,78,80,83,84,85,88,128,129" m="48171" machi="88" ten="30,2900,0" yaku="18,1,54,1" doraHai="0" who="1" fromWho="2" sc="234,0,330,29,486,-29,0,0" /><INIT seed="5,1,0,4,0,83" ten="234,359,457,0" oya="1" hai0="62,110,93,51,107,56,106,120,45,74,69,52,55" hai1="41,81,88,48,42,125,63,121,1,126,122,43,70" hai2="58,124,38,131,117,123,128,96,99,65,90,50,103" hai3=""/><U78/><N who="1" m="31008" /><U35/><N who="1" m="31264" /><U76/><E1/><V100/><N who="2" m="31520" /><V87/><F38/><T85/><N who="0" m="30752" /><T98/><D74/><U97/><E35/><V49/><F117/><T75/><D75/><U104/><E48/><V59/><F124/><N who="1" m="47721" /><E104/><V79/><F79/><T105/><D110/><U40/><E40/><V54/><F65/><T0/><D69/><U77/><E70/><V3/><F3/><T46/><D0/><U115/><E63/><V67/><F67/><T92/><D45/><U86/><E115/><V116/><F116/><T135/><D135/><U118/><E118/><V127/><F127/><T66/><D66/><U33/><E33/><V73/><F50/><T114/><D114/><U101/><E101/><V80/><F100/><T2/><D2/><U94/><AGARI ba="1,0" hai="41,42,43,76,77,78,81,86,88,94,97" m="47721,31264,31008" machi="94" ten="40,8000,1" yaku="18,1,52,3,54,1" doraHai="83" who="1" fromWho="1" sc="234,-41,359,82,457,-41,0,0" /><INIT seed="5,2,0,4,1,79" ten="193,441,416,0" oya="1" hai0="98,67,52,104,45,125,106,40,127,101,83,51,46" hai1="82,76,110,102,55,42,91,66,44,129,124,111,56" hai2="132,89,47,65,100,63,71,115,103,39,113,114,108" hai3=""/><U50/><E129/><V96/><F108/><N who="1" m="41513" /><E124/><V36/><F132/><T116/><D116/><U117/><E117/><V123/><N who="2" m="31520" /><V35/><F35/><T3/><D3/><U38/><E102/><N who="2" m="38955" /><F47/><T59/><D106/><U105/><E105/><V107/><F107/><T69/><D69/><U77/><E66/><V75/><F75/><T62/><D45/><U49/><E38/><N who="2" m="14379" /><F89/><T80/><REACH who="0" step="1"/><D67/><REACH who="0" ten="183,441,416,0" step="2"/><U41/><E41/><V53/><F53/><T34/><D34/><U90/><E77/><V135/><F135/><T32/><D32/><U2/><E2/><V94/><F71/><T78/><D78/><U126/><E126/><AGARI ba="2,1" hai="40,46,51,52,59,62,80,83,98,101,104,125,126,127" machi="126" ten="40,12000,2" yaku="1,1,18,1,52,2,54,1,53,1" doraHai="79" doraHaiUra="99" who="0" fromWho="1" sc="183,134,441,-124,416,0,0,0" /><INIT seed="6,0,0,0,5,47" ten="317,317,416,0" oya="2" hai0="102,39,62,91,68,83,127,85,33,0,105,74,40" hai1="106,1,89,52,100,117,114,84,109,96,90,101,71" hai2="81,51,113,134,88,66,124,77,43,118,95,46,42" hai3=""/><V65/><F118/><T56/><D0/><U87/><E1/><V82/><F113/><T86/><D33/><U115/><E71/><V108/><F134/><T54/><D74/><U125/><E52/><V59/><F124/><T104/><D127/><U112/><E125/><V67/><F108/><T55/><D102/><N who="1" m="39531" /><E109/><V44/><F59/><T78/><D68/><U135/><E135/><V99/><REACH who="2" step="1"/><F77/><REACH who="2" ten="317,317,406,0" step="2"/><T128/><D56/><U93/><E117/><V60/><F60/><T97/><D62/><U133/><E133/><V131/><F131/><T103/><D128/><U94/><E106/><V73/><F73/><T57/><D105/><U119/><E119/><V122/><N who="2" m="31264" /><V107/><F107/><T32/><D57/><U53/><E53/><V38/><AGARI ba="0,1" hai="38,42,43,44,46,51,65,66,67,81,82,88,95,99" m="31264" machi="38" ten="30,12000,2" yaku="1,1,0,1,52,2,54,1,53,2" doraHai="47" doraHaiUra="76" who="2" fromWho="2" sc="317,-60,317,-60,406,130,0,0" owari="257,-14.0,257,-34.0,536,48.0,0,0.0" /></mjloggm>