<mjloggm ver="2.3"><GO type="169" lobby="0"/><UN n0="%E4%B8%BB%E5%B8%AD" n1="%E7%9C%BC%E7%A7%91%E5%8C%BB" n2="%E3%82%B7%E3%83%A9%E3%80%82" n3="%67%61%79%75%6E%79" dan="16,16,17,16" rate="2130.81,2129.97,2178.28,2114.18" sx="M,M,M,M"/><TAIKYOKU oya="0"/><INIT seed="0,0,0,3,1,43" ten="250,250,250,250" oya="0" hai0="2,134,58,18,84,130,106,121,83,123,28,103,78" hai1="107,95,56,92,118,36,11,60,70,20,49,37,105" hai2="113,75,101,34,42,54,124,117,122,85,86,135,41" hai3="76,108,16,119,50,73,17,31,69,45,4,55,3"/><T47/><D2/><U24/><E118/><V109/><F101/><W61/><G119/><T97/><D28/><U112/><E112/><V39/><F86/><W94/><G108/><T19/><D130/><U68/><E11/><V8/><F85/><W100/><G31/><T133/><D58/><U131/><E49/><V23/><F54/><W125/><G125/><T9/><D47/><U91/><E131/><V63/><F63/><W53/><G73/><T126/><D126/><U128/><E128/><V77/><F77/><W65/><G76/><T116/><D116/><U82/><E82/><V40/><F42/><W25/><G25/><T127/><D127/><U132/><E132/><N who="0" m="50793" /><D9/><U0/><E0/><V15/><F41/><W48/><G3/><T104/><D104/><U102/><E107/><V22/><F40/><W57/><REACH who="3" step="1"/><G4/><REACH who="3" ten="250,250,250,240" step="2"/><T98/><D123/><U14/><E24/><V21/><F122/><W79/><G79/><T12/><D121/><U96/><E36/><V74/><F124/><W99/><AGARI ba="0,1" hai="16,17,45,48,50,53,55,57,61,65,69,94,99,100" machi="99" ten="30,7900,0" yaku="1,1,0,1,52,1,54,1,53,0" doraHai="43" doraHaiUra="32" who="3" fromWho="3" sc="250,-39,250,-20,250,-20,240,89" /><INIT seed="1,0,0,0,0,110" ten="211,230,230,329" oya="1" hai0="9,43,48,33,44,20,82,28,19,56,54,114,128" hai1="27,99,10,64,81,122,7,78,76,34,87,125,50" hai2="105,21,124,80,129,89,119,71,98,5,91,117,90" hai3="86,85,38,31,42,75,53,29,41,57,37,60,39"/><U35/><E122/><V30/><F71/><W103/><G75/><T115/><D128/><U61/><E125/><V66/><F66/><W49/><G103/><T74/><D9/><U45/><E99/><V32/><F32/><W17/><G17/><T111/><D111/><U132/><E132/><V18/><F30/><W126/><G126/><T77/><D28/><U135/><E135/><V4/><F124/><W67/><G29/><T12/><REACH who="0" step="1"/><D33/><REACH who="0" ten="201,230,230,329" step="2"/><U102/><E35/><V58/><F129/><W93/><G31/><T22/><D22/><U3/><E34/><V6/><F21/><W104/><G104/><T72/><D72/><U1/><E1/><V62/><F105/><W133/><G133/><T70/><D70/><U83/><E102/><V100/><F100/><W65/><G93/><T94/><D94/><U106/><E106/><V95/><F95/><W23/><G23/><T14/><D14/><U123/><E27/><V59/><F119/><W84/><REACH who="3" step="1"/><G65/><REACH who="3" ten="201,230,230,319" step="2"/><T24/><D24/><U73/><E73/><V2/><F117/><W55/><G55/><T112/><D112/><U88/><E81/><V16/><F80/><W11/><G11/><T96/><D96/><U25/><E25/><V0/><F98/><W40/><G40/><T120/><D120/><U121/><E121/><V113/><F113/><W46/><AGARI ba="0,2" hai="37,38,39,41,42,46,49,53,57,60,67,84,85,86" machi="46" ten="40,2700,0" yaku="1,1,0,1,53,0" doraHai="110" doraHaiUra="109" who="3" fromWho="3" sc="201,-7,230,-13,230,-7,319,47" /><INIT seed="2,0,0,3,2,66" ten="194,217,223,366" oya="2" hai0="39,122,19,5,53,61,100,77,134,82,71,117,129" hai1="0,86,111,48,99,93,74,1,10,106,42,33,67" hai2="83,96,23,2,50,92,36,94,9,62,90,70,123" hai3="58,64,40,38,91,29,75,131,110,4,32,130,128"/><V26/><F123/><W47/><G110/><T132/><D39/><U112/><E112/><V115/><F115/><W12/><G75/><T84/><D122/><U108/><E33/><V28/><F36/><W88/><G29/><T104/><D5/><U124/><E74/><V52/><F83/><W81/><G32/><T16/><D129/><U65/><E124/><V126/><F126/><W30/><G30/><T72/><D117/><U89/><E67/><V102/><F62/><N who="3" m="37975" /><G81/><T15/><D71/><U7/><E65/><V27/><F70/><W59/><G59/><N who="0" m="35055" /><D15/><U133/><E133/><N who="0" m="51305" /><D84/><U25/><E25/><V109/><F109/><N who="1" m="42057" /><E106/><V31/><F27/><W22/><G4/><T105/><D105/><U121/><E121/><V79/><F26/><W21/><G21/><T17/><D104/><U125/><E125/><V43/><F23/><W120/><G120/><T119/><D119/><U127/><E127/><V101/><F2/><W73/><G73/><T35/><D35/><U24/><E24/><V76/><F31/><W87/><G87/><T51/><D100/><U98/><E0/><V45/><F28/><W116/><G116/><T54/><D17/><AGARI ba="0,0" hai="12,17,22,38,40,47,88,91,128,130,131" m="37975" machi="17" ten="30,2000,0" yaku="19,1,54,1" doraHai="66" who="3" fromWho="0" sc="194,-20,217,0,223,0,366,20" /><INIT seed="3,0,0,4,1,102" ten="174,217,223,386" oya="3" hai0="37,19,1,62,22,109,17,116,71,99,48,78,8" hai1="63,73,61,131,76,114,119,85,46,96,38,25,34" hai2="110,50,72,120,115,117,16,24,86,108,4,56,45" hai3="53,68,118,82,47,60,64,80,39,87,103,44,15"/><W10/><G118/><T100/><D116/><U54/><E114/><V79/><F117/><W74/><G74/><T28/><D37/><U127/><E73/><V132/><F115/><W6/><G39/><T111/><D78/><U81/><E131/><V33/><F132/><W104/><G53/><T51/><D28/><U21/><E34/><V91/><F120/><W40/><G82/><T52/><D1/><U121/><E121/><V113/><F113/><W43/><G43/><T32/><D32/><U27/><E127/><V75/><F4/><W126/><G126/><T95/><D8/><U84/><E27/><V67/><F67/><W92/><G92/><T66/><D51/><N who="1" m="29047" /><E38/><V41/><F56/><W134/><G134/><T97/><D97/><U88/><E96/><V125/><F79/><W135/><G135/><T18/><REACH who="0" step="1"/><D22/><REACH who="0" ten="164,217,223,386" step="2"/><U36/><E36/><V3/><F3/><W13/><G10/><T112/><D112/><U101/><E119/><V133/><F133/><W105/><G40/><T12/><D12/><U49/><E49/><V77/><F33/><W30/><G13/><T55/><D55/><U94/><E101/><V89/><F125/><W26/><G103/><T90/><D90/><U42/><E42/><V9/><F91/><N who="3" m="51687" /><G15/><T98/><D98/><U83/><E21/><N who="2" m="13351" /><F9/><W106/><G6/><T57/><AGARI ba="0,1" hai="17,18,19,48,52,57,62,66,71,95,99,100,109,111" machi="57" ten="30,4000,0" yaku="1,1,0,1,54,1,53,0" doraHai="102" doraHaiUra="107" who="0" fromWho="0" sc="164,50,217,-10,223,-10,386,-20" /><INIT seed="4,0,0,3,4,105" ten="214,207,213,366" oya="0" hai0="61,73,80,111,130,86,36,100,119,107,90,133,126" hai1="8,42,62,51,125,120,7,48,104,98,63,69,68" hai2="54,21,131,35,106,124,135,37,72,118,70,71,94" hai3="110,30,26,112,83,53,96,38,27,67,40,89,128"/><T66/><D36/><U92/><E104/><V2/><F54/><W41/><G112/><T33/><D33/><U64/><E120/><V3/><F94/><W87/><G110/><T45/><D45/><U85/><E85/><V95/><F95/><W91/><G128/><T123/><D123/><U15/><E125/><V134/><F71/><W115/><G115/><T102/><D119/><U101/><REACH who="1" step="1"/><E42/><REACH who="1" ten="214,197,213,366" step="2"/><V88/><F106/><W50/><G40/><T109/><D126/><U19/><E19/><V6/><F124/><W84/><G41/><T1/><D107/><U16/><E16/><V77/><F118/><W99/><G87/><T55/><D86/><U14/><E14/><V10/><F3/><W103/><G84/><T114/><D1/><U43/><E43/><V24/><F2/><W47/><G96/><T121/><D121/><U28/><E28/><V93/><F135/><W25/><G99/><T34/><D133/><U65/><AGARI ba="0,1" hai="7,8,15,48,51,62,63,64,65,68,69,92,98,101" machi="65" ten="30,8000,1" yaku="1,1,0,1,9,1,53,2" doraHai="105" doraHaiUra="46" who="1" fromWho="1" sc="214,-40,197,90,213,-20,366,-20" /><INIT seed="5,0,0,2,4,78" ten="174,287,193,346" oya="1" hai0="67,11,73,77,55,35,16,40,104,28,112,133,47" hai1="39,134,128,80,68,103,69,94,135,120,58,83,38" hai2="3,106,84,14,8,111,21,82,71,22,10,113,86" hai3="115,44,49,2,74,114,53,102,110,101,132,30,23"/><U65/><E58/><V118/><F111/><W36/><G110/><T81/><D104/><U127/><E120/><V107/><F118/><W61/><G2/><T52/><D133/><N who="1" m="50699" /><E128/><V9/><F3/><W124/><G74/><T46/><D112/><N who="3" m="43049" /><G124/><T70/><D46/><U72/><E72/><V126/><F113/><W98/><G132/><T116/><D116/><U108/><E127/><V75/><F126/><W91/><G36/><N who="1" m="13866" /><E108/><V43/><F71/><N who="1" m="27209" /><E65/><V57/><F75/><W97/><G61/><T25/><D67/><U90/><E103/><N who="3" m="39434" /><G91/><T31/><D70/><U12/><E12/><V54/><F14/><W59/><G59/><T41/><D47/><U105/><E105/><V27/><F57/><W109/><G109/><T76/><D73/><U79/><E79/><V5/><F107/><W93/><G93/><T15/><D77/><U37/><E37/><V7/><F106/><W89/><G89/><T119/><D119/><U56/><E56/><V96/><F7/><W92/><G92/><T117/><D117/><U34/><E34/><V17/><F5/><W87/><G44/><T122/><D122/><U131/><E131/><V100/><F100/><W33/><G33/><T48/><D35/><U63/><E63/><V60/><F60/><W66/><G66/><T88/><D76/><U26/><E26/><V125/><F27/><W50/><G50/><T1/><D25/><U95/><E95/><V32/><F125/><W24/><G49/><T42/><D48/><U45/><E45/><V99/><F32/><W6/><G24/><T123/><D123/><U64/><E64/><RYUUKYOKU ba="0,0" sc="174,-10,287,30,193,-10,346,-10" hai1="80,83,90,94" /><INIT seed="5,1,0,5,5,132" ten="164,317,183,336" oya="1" hai0="25,99,95,17,40,37,111,130,46,15,59,94,124" hai1="50,68,88,72,0,112,53,107,19,67,51,123,118" hai2="81,89,113,121,131,79,64,133,104,55,85,120,54" hai3="24,65,114,96,8,63,52,106,23,58,128,117,10"/><U32/><E72/><V42/><F133/><W31/><G114/><T90/><D111/><U87/><E107/><V108/><F108/><W35/><G117/><T129/><D25/><U119/><E123/><V126/><F113/><W56/><G128/><N who="0" m="49259" /><D59/><U1/><E112/><V11/><F131/><W43/><G43/><T110/><D95/><U60/><E32/><V101/><F42/><W4/><G35/><T91/><D110/><U125/><E125/><V77/><F126/><W18/><G18/><T7/><D7/><U98/><E98/><V93/><F104/><W134/><G134/><T36/><D124/><U80/><E50/><V3/><F64/><W30/><G30/><T20/><D37/><U9/><E0/><V127/><F127/><W39/><G39/><T135/><D135/><U105/><E105/><V2/><F121/><W103/><G4/><T102/><AGARI ba="1,0" hai="15,17,20,36,40,46,90,91,94,99,102" m="49259" machi="102" ten="30,1100,0" yaku="19,1" doraHai="132" who="0" fromWho="0" sc="164,14,317,-6,183,-4,336,-4" /><INIT seed="6,0,0,4,3,23" ten="178,311,179,332" oya="2" hai0="32,45,66,98,113,18,111,72,52,88,15,122,21" hai1="95,87,50,104,92,51,61,94,100,70,83,130,91" hai2="33,56,134,17,97,114,106,85,135,37,57,90,63" hai3="69,101,14,81,75,39,41,24,28,67,118,74,99"/><V7/><F114/><W30/><G30/><T132/><D111/><U2/><E2/><V123/><F123/><W19/><G81/><T27/><D122/><U80/><E130/><V107/><F37/><W58/><G58/><T4/><D72/><U40/><E80/><V73/><F73/><W13/><G13/><T68/><D113/><U10/><E10/><V103/><F107/><W89/><G89/><T8/><D132/><N who="2" m="50730" /><F7/><W119/><G14/><T43/><D32/><U124/><E124/><V115/><F115/><W112/><G19/><T109/><D109/><U131/><E131/><V9/><F33/><N who="3" m="20615" /><G112/><T126/><D126/><U65/><REACH who="1" step="1"/><E40/><REACH who="1" ten="178,301,179,332" step="2"/><V128/><F128/><W117/><G117/><T12/><D43/><U25/><E25/><V93/><F63/><N who="3" m="40191" /><G119/><T11/><D11/><U79/><E79/><V38/><F9/><W35/><G118/><T36/><D8/><U84/><E84/><V133/><F85/><W29/><G41/><T62/><D4/><U127/><E127/><V3/><F3/><W102/><G75/><T77/><D77/><U26/><E26/><V64/><F133/><W1/><G74/><T129/><D129/><U60/><E60/><V105/><F97/><AGARI ba="0,1" hai="50,51,61,65,70,83,87,91,92,94,95,97,100,104" machi="97" ten="40,1300,0" yaku="1,1,53,0" doraHai="23" doraHaiUra="120" who="1" fromWho="2" sc="178,0,301,23,179,-13,332,0" /><INIT seed="7,0,0,3,3,86" ten="178,324,166,332" oya="3" hai0="56,74,69,45,117,42,106,60,65,92,130,131,93" hai1="19,134,0,43,36,73,132,58,78,71,51,23,12" hai2="123,13,2,87,27,30,128,88,105,25,104,82,112" hai3="37,62,15,22,9,118,84,85,76,102,3,31,119"/><W98/><G37/><N who="0" m="21711" /><D117/><U10/><E71/><V21/><F112/><W107/><G3/><T75/><D106/><U50/><E58/><V96/><F128/><N who="0" m="49194" /><D69/><U116/><E116/><V53/><F123/><W135/><G135/><N who="1" m="51754" /><E78/><V39/><F2/><W95/><G119/><T103/><D103/><U35/><E73/><AGARI ba="0,0" hai="56,60,65,73,74,75,92,93" m="49194,21711" machi="73" ten="30,1000,0" yaku="19,1" doraHai="86" who="0" fromWho="1" sc="178,10,324,-10,166,0,332,0" owari="188,-21.0,314,11.0,166,-33.0,332,43.0" /></mjloggm>