<mjloggm ver="2.3"><GO type="169" lobby="0"/><UN n0="%70%69%6E%63%65%72%73" n1="%E3%81%8A%E3%81%8D%E3%81%9F%E3%81%8B%E3%81%B2%E3%82%8D" n2="%E3%81%AF%E3%82%8B%E3%81%AB%E3%82%83%E3%82%80" n3="%E5%9B%9B%E5%AE%AE%E7%B4%85%E8%BC%9D" dan="16,16,16,18" rate="2159.12,2053.68,2097.18,2287.22" sx="M,F,M,F"/><TAIKYOKU oya="0"/><INIT seed="0,0,0,4,3,65" ten="250,250,250,250" oya="0" hai0="51,132,97,73,104,99,107,68,76,117,7,121,108" hai1="1,115,79,116,5,109,0,72,88,128,28,120,38" hai2="31,92,75,64,125,94,52,118,34,111,10,87,77" hai3="126,29,60,113,12,67,11,134,119,91,98,81,23"/><T131/><D7/><U20/><E79/><V32/><F111/><W110/><G113/><T4/><D4/><U83/><E5/><V19/><F118/><W24/><G119/><T21/><D68/><U15/><E83/><V102/><F75/><W101/><G126/><T66/><D66/><U14/><E14/><V27/><F125/><W123/><G134/><T16/><D117/><U62/><E88/><V56/><F64/><W44/><G44/><T46/><D121/><U84/><E84/><V26/><F102/><W63/><G110/><T61/><D61/><U57/><E15/><V55/><F10/><W3/><G3/><T129/><D108/><U135/><E20/><V2/><F2/><W13/><G13/><N who="0" m="9359" /><D132/><U9/><E9/><V106/><F106/><N who="0" m="40490" /><D76/><U103/><E28/><V89/><F77/><W54/><G67/><T127/><D73/><U6/><E6/><V47/><F47/><W69/><G123/><T33/><D33/><U133/><E62/><V90/><F56/><W17/><G69/><T41/><D127/><U39/><E57/><V112/><F112/><W122/><G122/><T8/><D8/><U36/><E36/><V35/><F19/><W124/><G124/><T93/><D93/><U43/><E39/><V59/><F59/><W30/><G30/><T86/><D86/><U18/><E120/><V100/><F31/><W80/><G60/><T82/><D82/><U53/><E135/><V130/><F34/><W58/><G91/><T37/><D37/><U22/><E133/><V78/><F35/><W74/><G74/><T95/><D95/><AGARI ba="0,0" hai="11,12,17,23,24,29,54,58,63,80,81,95,98,101" machi="95" ten="30,3900,0" yaku="6,1,7,1,8,1" doraHai="65" who="3" fromWho="0" sc="250,-39,250,0,250,0,250,39" /><INIT seed="1,0,0,1,2,91" ten="211,250,250,289" oya="1" hai0="134,4,41,31,107,127,8,98,67,135,34,101,108" hai1="81,60,69,35,25,23,36,66,88,126,90,55,63" hai2="71,29,0,49,15,76,111,46,56,20,57,117,65" hai3="121,21,89,92,106,9,47,59,5,79,24,43,2"/><U30/><E36/><V113/><F0/><W22/><G121/><T119/><D108/><U40/><E40/><V70/><F117/><W61/><G106/><T128/><D119/><U103/><E126/><V109/><F76/><W50/><G79/><T132/><D41/><U102/><E35/><V86/><F86/><W17/><G21/><T28/><D127/><U33/><E103/><V110/><F113/><W62/><REACH who="3" step="1"/><G59/><REACH who="3" ten="211,250,250,279" step="2"/><T118/><D118/><U84/><E33/><V80/><F56/><W94/><G94/><T58/><D34/><U74/><E74/><V6/><F57/><W13/><G13/><N who="0" m="5255" /><D128/><U78/><E102/><V100/><F100/><W72/><G72/><T105/><D107/><U115/><E115/><V87/><F109/><W83/><G83/><T27/><D27/><U73/><E73/><V10/><F110/><W104/><G104/><T120/><D120/><U45/><E63/><AGARI ba="0,1" hai="28,31,58,63,67,98,101,105,132,134,135" m="5255" machi="63" ten="30,1000,0" yaku="20,1" doraHai="91" who="0" fromWho="1" sc="211,20,250,-10,250,0,279,0" /><INIT seed="2,0,0,0,5,127" ten="231,240,250,279" oya="2" hai0="21,6,96,135,122,128,78,16,104,102,46,75,56" hai1="25,98,29,30,74,61,86,132,44,53,64,83,124" hai2="35,93,41,43,72,108,99,8,97,117,87,28,9" hai3="92,13,10,3,55,115,7,48,19,60,24,81,105"/><V114/><F117/><W34/><G105/><T32/><D32/><U126/><E74/><V73/><F114/><W82/><G115/><T27/><D122/><U66/><E132/><V58/><F35/><W71/><G92/><T67/><D135/><U12/><E98/><V63/><F28/><N who="3" m="19719" /><G60/><T79/><D6/><U2/><E2/><V54/><F108/><W65/><G65/><T123/><D123/><U120/><E120/><V88/><F73/><W103/><G103/><T134/><D134/><U22/><E30/><V39/><F72/><W133/><G71/><T113/><D113/><U129/><E129/><V100/><F99/><W70/><G70/><T119/><D119/><U36/><E36/><V49/><F39/><W69/><G69/><T91/><D75/><U112/><E112/><V62/><F63/><W11/><G11/><N who="2" m="4169" /><F62/><W107/><G107/><T40/><D91/><U85/><E85/><V110/><F110/><W42/><G42/><T5/><D56/><N who="1" m="34959" /><E12/><V118/><F118/><W26/><G26/><T109/><D67/><U59/><E59/><V47/><F47/><N who="3" m="28063" /><G133/><T31/><D109/><U57/><E57/><V125/><F125/><N who="1" m="48233" /><E44/><V130/><F130/><W50/><G50/><T68/><D68/><U14/><E14/><V95/><AGARI ba="0,0" hai="41,43,49,54,58,87,88,93,95,97,100" m="4169" machi="95" ten="30,3000,0" yaku="8,1,54,1" doraHai="127" who="2" fromWho="2" sc="231,-10,240,-10,250,30,279,-10" /><INIT seed="2,1,0,1,1,86" ten="221,230,280,269" oya="2" hai0="120,102,5,12,125,39,101,21,24,130,20,9,87" hai1="107,92,123,30,80,42,58,45,118,112,18,34,78" hai2="0,106,32,17,28,8,95,88,116,77,133,49,6" hai3="51,38,71,26,14,4,105,48,97,47,41,33,126"/><V60/><F116/><W56/><G126/><T16/><D120/><U83/><E107/><V46/><F106/><W3/><G71/><T61/><D125/><U84/><E112/><V94/><F77/><W44/><G3/><T7/><D39/><U19/><E118/><V10/><F95/><W67/><G33/><T121/><D121/><U132/><E123/><V25/><F60/><W1/><G26/><T52/><D130/><U104/><E104/><V122/><F122/><W119/><G1/><T57/><D87/><U99/><E132/><V124/><F124/><W108/><G119/><T70/><D70/><U31/><E34/><V23/><F133/><W43/><G38/><T29/><REACH who="0" step="1"/><D5/><REACH who="0" ten="211,230,280,269" step="2"/><U111/><E84/><V68/><F68/><W74/><G4/><T27/><AGARI ba="1,1" hai="7,9,12,16,20,21,24,27,29,52,57,61,101,102" machi="27" ten="20,12000,2" yaku="1,1,2,1,0,1,7,1,8,1,54,2,53,0" doraHai="86" doraHaiUra="37" who="0" fromWho="0" sc="211,133,230,-31,280,-61,269,-31" /><INIT seed="3,0,0,2,0,44" ten="344,199,219,238" oya="3" hai0="95,55,77,21,78,103,102,96,82,63,104,27,57" hai1="0,124,40,130,68,62,60,34,56,69,19,117,85" hai2="88,127,105,92,28,31,107,11,100,49,61,53,114" hai3="16,75,125,25,1,134,3,97,66,71,111,10,22"/><W112/><G75/><T70/><D70/><U41/><E34/><V90/><F114/><W23/><G112/><T94/><D103/><U52/><E0/><N who="3" m="74" /><G97/><T14/><D14/><U91/><E124/><V122/><F127/><W84/><G84/><T106/><D106/><U135/><E135/><V80/><F122/><W113/><G66/><T35/><D35/><U24/><E130/><V65/><F105/><W86/><G86/><T17/><D77/><U121/><E121/><V9/><F107/><W110/><G71/><T119/><D119/><U36/><E117/><V30/><F80/><W123/><G113/><T98/><D96/><U64/><E69/><V7/><F100/><W42/><G42/><T20/><D20/><N who="3" m="7721" /><G123/><T118/><D118/><U74/><E74/><AGARI ba="0,0" hai="17,21,27,55,57,63,74,78,82,94,95,98,102,104" machi="74" ten="30,1000,0" yaku="7,1" doraHai="44" who="0" fromWho="1" sc="344,10,199,-10,219,0,238,0" /><INIT seed="4,0,0,0,2,0" ten="354,189,219,238" oya="0" hai0="53,76,131,6,71,17,44,60,38,127,132,52,109" hai1="91,83,68,84,49,122,78,24,34,75,9,8,88" hai2="79,16,119,55,41,117,101,13,65,73,81,92,27" hai3="125,113,87,118,102,33,133,47,56,29,18,59,51"/><T7/><D76/><U130/><E122/><V14/><F41/><W121/><G118/><N who="2" m="45065" /><F65/><W115/><G121/><T40/><D127/><U36/><E36/><V135/><F135/><W42/><G133/><T25/><D132/><U66/><E130/><V58/><F101/><W98/><G102/><T57/><D131/><U62/><E91/><V20/><F92/><W82/><G98/><T10/><D71/><U1/><E1/><V99/><F99/><W134/><G18/><T26/><D109/><U103/><E103/><V21/><F21/><W107/><G107/><T61/><D17/><U2/><E2/><V97/><F97/><W112/><G125/><T111/><D111/><U95/><REACH who="1" step="1"/><E49/><AGARI ba="0,0" hai="13,14,16,20,27,49,55,58,73,79,81" m="45065" machi="49" ten="30,2000,0" yaku="12,1,54,1" doraHai="0" who="2" fromWho="1" sc="354,0,189,-20,219,20,238,0" /><INIT seed="5,0,0,4,1,116" ten="354,169,239,238" oya="1" hai0="67,49,45,101,99,13,46,84,122,128,41,23,24" hai1="97,89,64,85,73,36,110,39,58,133,81,42,70" hai2="117,44,1,72,0,27,3,114,131,130,29,37,48" hai3="17,77,15,115,38,100,68,10,40,56,120,12,103"/><U90/><E73/><V33/><F117/><W18/><G68/><T108/><D108/><U6/><E70/><V76/><F48/><W30/><G115/><T135/><D135/><U20/><E133/><V2/><F114/><W61/><G30/><T65/><D128/><U111/><E6/><V105/><F105/><W57/><G77/><T86/><D13/><U88/><E42/><N who="2" m="22607" /><F0/><W87/><G120/><T66/><D45/><U53/><E64/><V63/><F63/><W126/><G126/><T78/><D122/><U25/><E97/><V132/><F132/><W119/><G119/><T55/><D78/><U59/><E36/><V19/><F19/><W113/><G113/><T60/><D60/><N who="1" m="35919" /><E39/><V47/><F47/><W106/><G106/><T129/><D129/><N who="2" m="49162" /><F76/><W127/><G127/><T107/><D41/><U69/><E59/><V8/><F72/><W21/><G56/><T98/><D98/><U50/><E50/><V16/><F16/><W95/><G40/><T11/><D11/><AGARI ba="0,0" hai="1,2,3,8,11,27,29,33" m="49162,22607" machi="11" ten="40,1300,0" yaku="19,1" doraHai="116" who="2" fromWho="0" sc="354,-13,169,0,239,13,238,0" /><INIT seed="6,0,0,2,2,20" ten="341,169,252,238" oya="2" hai0="99,38,47,101,83,0,87,13,104,120,11,109,74" hai1="26,15,32,106,2,134,64,68,125,73,61,114,131" hai2="88,117,67,17,69,59,91,14,56,57,98,55,22" hai3="132,37,80,49,102,122,10,23,50,96,9,35,72"/><V58/><F117/><W128/><G35/><T65/><D120/><U45/><RYUUKYOKU type="yao9" ba="0,0" sc="341,0,169,0,252,0,238,0" hai1="2,15,26,32,45,61,64,68,73,106,114,125,131,134" /><INIT seed="6,1,0,0,1,85" ten="341,169,252,238" oya="2" hai0="73,47,44,1,110,104,35,32,46,122,41,10,87" hai1="131,33,81,0,52,127,128,23,39,112,9,101,70" hai2="65,45,11,48,88,125,82,51,68,61,2,31,15" hai3="34,22,133,124,134,14,57,16,108,115,106,132,24"/><V20/><F125/><W60/><G106/><T5/><D73/><U114/><E70/><V71/><F71/><W105/><G105/><T54/><D122/><U40/><E33/><V91/><F82/><W13/><G124/><T130/><D110/><U97/><E127/><V83/><F2/><W95/><G108/><T76/><D104/><U119/><E119/><V89/><F83/><W28/><G115/><N who="1" m="44074" /><E40/><V126/><F126/><W113/><G113/><T29/><D130/><N who="1" m="49707" /><E39/><V67/><F67/><N who="3" m="39311" /><G95/><T30/><D41/><U36/><E36/><V27/><REACH who="2" step="1"/><F45/><REACH who="2" ten="341,169,242,238" step="2"/><W6/><G134/><T107/><D44/><U59/><E81/><V7/><AGARI ba="1,1" hai="7,11,15,20,27,31,48,51,61,65,68,88,89,91" machi="7" ten="30,18000,2" yaku="1,1,2,1,0,1,52,3,54,1,53,0" doraHai="85" doraHaiUra="123" who="2" fromWho="2" sc="341,-61,169,-61,242,193,238,-61" /><INIT seed="6,2,0,3,4,105" ten="280,108,435,177" oya="2" hai0="102,52,12,18,56,121,134,95,75,15,128,82,64" hai1="92,99,106,125,27,29,21,32,127,72,120,60,7" hai2="31,88,3,41,133,46,113,30,42,117,48,63,44" hai3="22,74,93,49,69,23,131,108,11,132,78,89,67"/><V90/><F117/><W57/><G108/><T96/><D121/><U97/><E106/><V37/><F3/><W19/><G131/><T13/><D128/><U38/><E120/><V83/><F113/><W70/><G132/><T24/><D134/><U71/><E38/><V126/><F133/><W114/><G114/><T104/><D64/><U130/><E130/><V40/><F40/><W8/><G49/><T9/><D104/><U98/><E7/><V51/><F37/><W5/><G57/><T68/><D68/><U16/><E92/><V39/><F39/><W0/><G67/><T86/><D75/><U43/><E43/><V55/><F126/><N who="1" m="48137" /><E60/><V26/><F83/><W59/><G69/><T14/><D24/><N who="1" m="18471" /><E71/><V112/><F112/><W109/><G70/><T81/><REACH who="0" step="1"/><D86/><REACH who="0" ten="270,108,435,177" step="2"/><U4/><E4/><V61/><F26/><W87/><G5/><T84/><D84/><U53/><E53/><AGARI ba="2,1" hai="30,31,41,42,44,46,48,51,53,55,61,63,88,90" machi="53" ten="25,9600,0" yaku="22,2,8,1,54,1" doraHai="105" who="2" fromWho="1" sc="270,0,108,-102,435,112,177,0" /><INIT seed="6,3,0,4,1,34" ten="270,6,547,177" oya="2" hai0="36,95,24,117,14,120,3,97,119,58,6,55,83" hai1="103,46,82,47,15,8,22,123,129,18,121,105,45" hai2="99,81,40,107,44,77,84,52,1,115,23,116,70" hai3="92,89,133,54,100,124,78,68,76,127,85,28,73"/><V111/><F115/><W91/><G68/><T63/><D36/><U106/><E82/><V48/><F1/><W21/><G21/><T42/><D120/><U134/><E134/><V0/><F0/><W39/><G28/><T19/><D42/><U67/><E67/><V71/><F116/><N who="0" m="44618" /><D24/><U30/><E129/><V94/><F111/><W12/><G12/><T72/><D3/><U80/><E80/><V37/><F107/><W93/><G54/><T130/><D130/><U59/><E59/><V43/><F23/><W50/><G50/><T20/><D6/><U128/><E128/><V61/><F61/><W25/><G25/><T60/><D83/><U64/><E64/><V79/><F79/><W113/><G39/><T32/><D72/><U86/><E86/><V5/><F5/><W108/><G100/><N who="0" m="60479" /><D32/><U126/><E126/><V98/><F40/><W66/><G66/><T101/><D101/><U87/><E87/><V118/><F118/><W16/><G85/><T31/><D31/><U102/><E106/><V51/><F37/><W57/><G73/><T53/><D53/><U56/><E56/><V132/><F52/><W110/><G57/><T35/><D35/><U4/><E30/><V9/><F84/><W10/><G127/><T114/><D114/><U112/><E112/><V49/><F81/><W26/><G124/><T62/><AGARI ba="3,0" hai="14,19,20,55,58,60,62,63" m="60479,44618" machi="62" ten="30,1100,0" yaku="12,1" doraHai="34" who="0" fromWho="0" sc="270,20,6,-6,547,-8,177,-6" /><INIT seed="7,0,0,2,4,9" ten="290,0,539,171" oya="3" hai0="1,8,115,83,102,47,66,11,21,74,129,58,15" hai1="71,12,16,92,93,78,98,63,7,122,76,27,25" hai2="124,36,87,18,31,44,131,126,101,84,59,10,70" hai3="22,106,75,125,51,38,89,133,108,54,127,56,33"/><W134/><G33/><T34/><D34/><U135/><E135/><BYE who="1" /><N who="3" m="51722" /><G75/><T23/><D129/><U24/><E24/><V57/><F70/><W37/><G106/><T121/><D121/><U100/><E100/><V2/><F101/><W49/><G22/><T39/><D115/><U62/><E62/><V35/><F131/><W41/><G89/><T60/><D102/><U72/><E72/><V0/><F35/><W119/><G119/><T90/><D1/><U117/><E117/><V32/><F32/><W13/><G13/><T17/><D21/><U112/><E112/><V96/><F31/><W3/><G3/><T82/><D74/><U52/><E52/><V26/><F2/><W111/><G49/><T43/><D82/><U91/><E91/><V14/><F14/><W81/><G81/><T30/><D30/><U45/><E45/><V114/><F44/><N who="3" m="23599" /><G38/><T123/><D123/><U65/><E65/><V19/><F36/><W67/><G67/><T88/><D90/><U79/><E79/><V118/><F0/><W20/><G20/><T86/><AGARI ba="0,0" hai="8,11,15,17,23,39,43,47,58,60,66,83,86,88" machi="86" ten="30,4000,0" yaku="0,1,52,1,54,1" doraHai="9" who="0" fromWho="0" sc="290,40,0,-10,539,-10,171,-20" owari="330,13.0,-10,-51.0,529,63.0,151,-25.0" /></mjloggm>