<mjloggm ver="2.3"><GO type="169" lobby="0"/><UN n0="%E9%8A%80%E8%89%B2%E3%81%84%E3%81%8C%E3%81%90%E3%82%8A" n1="%E4%B8%AD%E5%8D%92%E3%81%AE%E9%AB%98%E6%A9%8B" n2="%E8%BD%9F%E9%8B%BC%E9%89%84" n3="%48%61%63%68%69%6E%61%6C" dan="18,16,16,16" rate="2275.75,2107.23,2217.41,2043.29" sx="M,M,M,M"/><TAIKYOKU oya="0"/><INIT seed="0,0,0,0,1,67" ten="250,250,250,250" oya="0" hai0="1,75,126,117,76,112,93,50,114,0,135,56,69" hai1="129,72,52,3,31,14,86,121,84,24,110,133,43" hai2="100,109,4,38,83,94,18,124,113,5,41,9,70" hai3="102,65,57,16,20,98,35,103,74,55,49,40,46"/><T89/><D117/><U107/><E121/><V128/><F113/><W51/><G35/><T99/><D135/><U63/><E72/><V80/><F18/><W28/><G74/><T130/><D130/><U92/><E107/><V23/><F23/><W26/><G65/><T60/><D126/><U45/><E3/><V39/><F41/><W58/><G58/><T97/><D97/><U81/><E133/><V42/><F42/><W68/><G68/><T8/><D50/><U90/><E110/><V119/><F94/><W62/><G51/><T132/><D132/><U21/><E129/><V48/><F128/><W34/><REACH who="3" step="1"/><G98/><REACH who="3" ten="250,250,250,240" step="2"/><T10/><D69/><U101/><E63/><V104/><F48/><W79/><G79/><T115/><D76/><U11/><E43/><V87/><F70/><W118/><G118/><T131/><D75/><U73/><E73/><V6/><F119/><W53/><G53/><T12/><D131/><U61/><E45/><V22/><F38/><W122/><G122/><T33/><D33/><U111/><E111/><V66/><F39/><W59/><G59/><T108/><D108/><U116/><E116/><V13/><F109/><W106/><G106/><T15/><D56/><U17/><E61/><V88/><F66/><W120/><G120/><T95/><D60/><U82/><E52/><V44/><F44/><W54/><G54/><T127/><D127/><U96/><E86/><V123/><F87/><W47/><G47/><T71/><D71/><U134/><E134/><V36/><F124/><W64/><G64/><T30/><D114/><U85/><E85/><RYUUKYOKU ba="0,1" sc="250,-15,250,15,250,-15,240,15" hai1="11,14,17,21,24,31,81,82,84,90,92,96,101" hai3="16,20,26,28,34,40,46,49,55,57,62,102,103" /><INIT seed="1,1,1,5,0,8" ten="235,265,235,255" oya="1" hai0="96,133,120,131,81,97,9,7,116,50,12,29,64" hai1="95,104,123,58,3,121,112,37,66,22,61,42,108" hai2="135,16,40,13,2,79,84,93,127,118,20,31,76" hai3="71,21,119,25,39,110,130,101,0,14,128,99,54"/><U106/><E112/><V109/><F2/><W88/><G0/><T18/><D116/><U17/><E3/><V100/><F118/><W65/><G119/><T23/><D133/><U134/><E134/><V82/><F135/><W72/><G72/><T28/><D131/><N who="3" m="50217" /><G110/><T92/><D120/><U62/><E108/><V74/><F127/><W10/><G39/><T90/><D64/><U4/><E4/><V63/><F40/><W35/><G35/><T27/><D81/><U24/><E95/><V67/><F31/><W89/><G54/><T102/><REACH who="0" step="1"/><D50/><REACH who="0" ten="225,265,235,255" step="2"/><U125/><E123/><V57/><F109/><W32/><G65/><T115/><D115/><U114/><E114/><V44/><F74/><W49/><G49/><T51/><D51/><U38/><E38/><V107/><F44/><W83/><G83/><T103/><D103/><U77/><E37/><V86/><F107/><AGARI ba="1,2" hai="7,9,12,18,23,27,28,29,90,92,96,97,102,107" machi="107" ten="30,3900,0" yaku="1,1,7,1,52,1,53,0" doraHai="8" doraHaiUra="80" who="0" fromWho="2" sc="225,62,265,0,235,-42,255,0" /><INIT seed="2,0,0,5,5,70" ten="287,265,193,255" oya="2" hai0="101,77,16,68,13,109,15,33,14,0,35,117,30" hai1="82,103,3,61,36,120,50,10,102,28,104,42,69" hai2="27,81,1,34,23,108,127,43,133,63,46,39,96" hai3="121,116,76,85,53,124,131,65,25,112,20,72,21"/><V78/><F127/><W106/><G116/><T66/><D77/><U5/><E120/><V26/><F133/><W80/><G121/><T86/><D101/><U7/><E7/><V12/><F1/><W45/><G106/><T123/><D86/><U31/><E50/><V54/><F96/><W2/><G2/><T125/><D123/><U93/><E104/><V4/><F108/><W126/><G131/><T48/><D0/><U62/><E28/><V89/><F89/><W84/><G65/><T6/><D125/><N who="3" m="48233" /><G112/><T79/><D79/><U135/><E31/><V118/><F118/><W64/><G64/><T41/><D117/><U71/><E71/><V19/><F4/><W59/><G45/><T44/><D109/><U90/><E82/><V114/><F114/><W94/><G94/><T47/><D6/><U107/><E135/><V52/><F34/><W92/><G92/><T75/><D75/><U130/><E130/><V58/><REACH who="2" step="1"/><F54/><REACH who="2" ten="287,265,183,255" step="2"/><W110/><G110/><T134/><D134/><U115/><E115/><V37/><F37/><W95/><G95/><T122/><D33/><U98/><E103/><V57/><F57/><W74/><G59/><T129/><D35/><U11/><E69/><V29/><F29/><W60/><G53/><N who="0" m="29831" /><D30/><U67/><E107/><V97/><F97/><W8/><G74/><AGARI ba="0,1" hai="12,19,23,26,27,39,43,46,52,58,63,74,78,81" machi="74" ten="30,12000,1" yaku="1,1,7,1,52,1,54,1,53,1" doraHai="70" doraHaiUra="40" who="2" fromWho="3" sc="287,0,265,0,183,130,255,-120" /><INIT seed="2,1,0,0,2,77" ten="287,265,313,135" oya="2" hai0="95,67,84,110,87,121,55,128,114,120,45,36,88" hai1="6,89,135,39,100,42,115,13,30,17,132,21,8" hai2="83,66,90,26,69,31,93,59,2,24,104,58,10" hai3="125,28,118,111,33,75,53,35,9,91,57,117,5"/><V96/><F104/><W0/><G75/><T134/><D114/><U112/><E100/><V63/><F24/><W51/><G111/><T116/><D110/><U85/><E42/><V101/><F10/><W16/><G125/><T109/><D109/><U29/><E39/><V94/><F2/><W102/><G102/><T99/><D67/><U130/><E130/><V25/><F26/><W122/><G122/><T108/><D108/><U19/><E85/><V56/><F69/><W38/><G38/><T22/><D128/><U41/><E89/><V79/><F90/><W48/><G48/><N who="0" m="29071" /><D36/><U40/><E40/><V65/><F93/><W113/><G113/><N who="1" m="43594" /><E41/><V68/><F66/><W18/><G91/><T105/><D134/><N who="1" m="51243" /><E19/><V46/><F46/><W23/><G18/><T27/><D120/><U86/><E86/><N who="0" m="32809" /><D105/><U11/><E11/><V15/><F68/><W32/><REACH who="3" step="1"/><G28/><REACH who="3" ten="287,265,313,125" step="2"/><N who="0" m="17527" /><D121/><U126/><E126/><V123/><F123/><W76/><G76/><T133/><D133/><U73/><E73/><V47/><F79/><W7/><G7/><T50/><D116/><U52/><E30/><V4/><F31/><W37/><G37/><T49/><AGARI ba="1,1" hai="49,50,88,95,99" m="17527,32809,29071" machi="49" ten="30,2000,0" yaku="8,1,54,1" doraHai="77" who="0" fromWho="0" sc="287,33,265,-6,313,-11,125,-6" /><INIT seed="3,0,0,4,1,109" ten="320,259,302,119" oya="3" hai0="100,56,46,35,87,28,133,34,3,15,19,39,105" hai1="44,115,21,96,104,131,10,65,102,67,20,80,53" hai2="47,132,79,108,97,101,74,25,93,32,111,128,68" hai3="52,116,73,37,135,77,124,66,70,64,62,1,6"/><W81/><G116/><T98/><D3/><U24/><E131/><V60/><F128/><W122/><G122/><T42/><D133/><U63/><E115/><V83/><F132/><W27/><G135/><T58/><D87/><U13/><E80/><V14/><F14/><W18/><G37/><T26/><REACH who="0" step="1"/><D35/><REACH who="0" ten="310,259,302,119" step="2"/><U78/><E96/><V54/><F111/><W30/><G124/><T92/><D92/><U11/><E104/><V126/><F108/><W17/><G66/><T121/><D121/><U82/><E67/><V127/><F32/><W49/><G1/><T85/><D85/><U50/><E82/><V84/><F84/><W123/><G123/><T125/><D125/><U40/><E65/><V38/><F127/><W129/><G129/><T57/><D57/><U59/><E78/><V12/><F83/><W0/><G0/><T31/><D31/><U88/><E102/><V106/><F93/><W4/><G4/><T36/><D36/><U8/><E88/><V48/><F79/><W43/><G6/><T7/><D7/><U91/><E91/><V86/><F86/><W72/><G72/><T76/><D76/><U90/><E90/><V23/><F74/><W103/><G103/><T94/><D94/><U130/><E130/><V99/><F38/><W113/><G113/><T120/><D120/><U33/><E33/><V75/><F75/><W69/><G69/><T55/><D55/><U61/><E53/><N who="2" m="29855" /><F126/><W5/><G5/><T117/><D117/><U45/><E59/><N who="2" m="34935" /><F68/><W118/><G118/><T41/><D41/><U107/><E40/><V2/><F2/><RYUUKYOKU ba="0,1" sc="310,30,259,-10,302,-10,119,-10" hai0="15,19,26,28,34,39,42,46,56,58,98,100,105" /><INIT seed="4,1,1,2,0,42" ten="340,249,292,109" oya="0" hai0="127,39,33,24,51,68,121,131,110,52,45,20,2" hai1="28,77,100,79,56,81,57,134,88,93,15,118,62" hai2="119,6,49,70,67,22,92,71,69,125,99,108,111" hai3="104,16,64,21,36,107,25,112,89,124,19,7,65"/><T75/><D121/><U114/><E118/><V72/><F119/><W103/><G112/><T84/><D75/><U54/><E114/><V128/><F72/><W91/><G124/><T14/><D2/><U4/><E134/><V60/><F125/><W94/><G16/><T105/><D127/><U41/><E28/><V30/><F128/><W135/><G135/><T130/><D105/><U66/><E100/><V55/><F22/><W1/><G36/><T74/><D74/><U13/><E41/><V76/><F76/><W113/><G113/><T3/><D68/><U9/><E81/><V116/><F6/><W95/><G103/><T106/><D33/><U32/><E13/><V133/><F30/><W43/><G43/><T5/><D106/><U132/><E32/><V53/><F133/><W80/><G80/><T50/><D3/><U34/><E34/><V73/><F73/><W44/><G104/><T123/><D39/><U38/><E38/><V31/><F31/><W35/><G107/><T102/><D110/><U117/><E117/><V96/><F116/><W17/><G35/><T120/><D123/><U11/><E9/><V12/><F92/><N who="3" m="35371" /><G7/><T58/><D120/><U26/><E26/><V46/><F111/><W85/><G1/><T86/><D130/><U126/><E126/><V109/><F12/><W29/><G44/><T78/><D131/><U82/><E82/><V97/><F109/><W129/><G129/><T47/><D5/><U63/><E132/><V83/><F108/><W122/><G122/><T18/><D102/><U101/><E101/><V27/><F83/><RYUUKYOKU ba="1,1" sc="340,-10,249,30,292,-10,109,-10" hai1="4,11,15,54,56,57,62,63,66,77,79,88,93" /><INIT seed="5,2,1,0,2,6" ten="330,279,282,99" oya="1" hai0="70,17,38,115,44,68,91,28,5,124,83,130,2" hai1="49,80,134,25,102,56,48,9,50,116,19,135,42" hai2="13,35,88,33,8,40,0,107,132,36,99,63,22" hai3="41,87,53,97,66,72,76,64,123,98,39,43,93"/><U86/><E116/><V77/><F0/><W61/><G123/><T81/><D28/><U95/><E42/><V46/><F132/><N who="1" m="50729" /><E56/><V79/><F22/><W57/><G72/><T7/><D38/><U125/><E125/><V73/><F63/><W112/><G112/><T84/><D124/><U65/><E65/><V120/><F120/><W71/><G66/><T121/><D115/><U3/><E25/><V69/><F69/><W20/><G20/><T96/><D121/><U109/><E109/><V31/><F107/><W10/><G10/><T12/><D2/><U45/><E45/><V18/><F73/><W82/><G41/><T29/><D29/><U26/><E26/><V118/><F118/><W85/><G85/><N who="0" m="50607" /><D130/><U100/><E95/><V108/><F108/><W60/><G60/><T127/><D44/><U34/><E34/><V117/><F117/><W105/><G105/><T30/><D30/><U126/><E126/><V90/><F33/><W113/><G113/><T110/><D110/><U131/><E131/><V94/><F31/><W92/><G39/><T104/><D127/><U89/><E3/><V74/><F74/><W21/><G43/><T23/><D70/><U119/><E119/><V129/><F35/><W103/><G21/><T37/><D68/><U133/><N who="1" m="50737" /><U114/><DORA hai="111" /><E114/><V47/><F47/><W78/><G78/><N who="0" m="46199" /><D37/><U122/><E122/><V54/><F129/><W15/><G15/><AGARI ba="2,1" hai="9,15,19,48,49,50,80,86,89,100,102" m="50737" machi="15" ten="50,4800,0" yaku="20,1,52,1" doraHai="6,111" who="1" fromWho="3" sc="330,0,279,64,282,0,99,-54" /><INIT seed="5,3,0,5,5,52" ten="330,343,282,45" oya="1" hai0="40,72,26,61,126,113,94,84,90,92,0,11,34" hai1="129,58,128,48,88,130,30,23,9,68,85,46,55" hai2="89,91,50,69,29,13,60,135,8,110,77,114,101" hai3="95,78,81,2,64,62,120,53,132,83,134,44,96"/><U115/><E68/><V15/><F110/><W104/><G120/><T51/><D72/><U100/><E115/><V108/><F108/><W3/><G104/><T75/><D75/><U79/><E100/><V21/><F135/><N who="3" m="51755" /><G53/><T103/><D113/><U4/><E79/><V28/><F77/><W123/><G44/><T37/><D37/><U93/><E23/><V47/><F101/><N who="3" m="60575" /><G123/><T65/><D126/><U27/><E27/><V70/><F21/><W116/><G116/><T18/><D0/><N who="3" m="41" /><G78/><T105/><D105/><U86/><E30/><V43/><F114/><W63/><G63/><T82/><D34/><U42/><E85/><V17/><F28/><W67/><G67/><T6/><D40/><U25/><E25/><V45/><F29/><W106/><G106/><T71/><D51/><N who="1" m="27095" /><E9/><V54/><F69/><AGARI ba="3,0" hai="62,64,69,81,83" m="41,60575,51755" machi="69" ten="30,1000,0" yaku="20,1" doraHai="52" who="3" fromWho="2" sc="330,0,343,0,282,-19,45,19" /><INIT seed="6,0,0,3,0,112" ten="330,343,263,64" oya="2" hai0="30,78,20,74,117,14,35,85,97,1,3,127,5" hai1="105,52,37,49,73,28,71,12,55,63,27,34,38" hai2="99,130,114,62,65,17,32,88,107,40,110,113,135" hai3="101,133,87,80,82,58,36,21,84,118,60,75,69"/><V132/><F32/><W15/><G36/><T124/><D74/><U125/><E73/><V23/><F40/><W11/><G69/><T13/><D97/><U116/><E116/><V7/><F7/><W16/><G118/><T25/><D85/><U2/><E2/><N who="0" m="521" /><D78/><U44/><E125/><N who="0" m="48201" /><D117/><U9/><E105/><V98/><F130/><W61/><G133/><N who="2" m="51273" /><F110/><W96/><G75/><T115/><D115/><N who="2" m="44042" /><F107/><W86/><G11/><N who="0" m="4335" /><D14/><U50/><E63/><V57/><F88/><W129/><G129/><T128/><D128/><U64/><E71/><V72/><F72/><W42/><G42/><T31/><D35/><U67/><E38/><V119/><F119/><W95/><REACH who="3" step="1"/><G61/><REACH who="3" ten="330,343,263,54" step="2"/><T100/><D100/><U51/><E37/><V6/><F6/><W93/><G93/><T48/><D48/><U18/><REACH who="1" step="1"/><E50/><REACH who="1" ten="330,333,263,54" step="2"/><V123/><F123/><W33/><G33/><T121/><D121/><U56/><AGARI ba="0,2" hai="9,12,18,27,28,34,44,49,51,52,55,56,64,67" machi="56" ten="20,12000,2" yaku="1,1,2,1,0,1,7,1,54,1,53,2" doraHai="112" doraHaiUra="46" who="1" fromWho="1" sc="330,-30,333,140,263,-60,54,-30" /><INIT seed="7,0,0,4,2,54" ten="300,473,203,24" oya="3" hai0="66,96,39,84,33,74,92,64,130,51,17,43,11" hai1="57,61,114,104,26,133,62,83,135,12,105,30,111" hai2="31,28,81,9,116,127,125,18,13,75,94,95,131" hai3="88,3,34,14,123,98,99,126,122,27,118,115,45"/><W38/><G118/><T60/><D74/><U129/><E111/><V0/><F131/><W90/><G3/><T56/><D33/><U109/><E109/><V72/><F0/><W112/><G112/><T120/><D39/><U6/><E129/><V22/><F28/><W29/><G126/><N who="2" m="48137" /><F116/><W41/><G115/><T35/><D35/><U50/><E62/><V93/><F81/><W85/><G14/><N who="0" m="7391" /><D120/><U4/><E12/><N who="2" m="9543" /><F31/><W119/><G119/><T25/><D130/><U10/><E26/><V108/><F108/><W124/><G124/><T79/><D64/><U48/><E48/><V55/><F55/><W132/><G132/><T107/><D107/><U97/><E104/><V8/><F8/><W76/><G76/><T103/><D25/><U77/><E97/><V91/><F91/><W87/><G99/><T58/><D43/><U16/><E50/><V68/><F68/><W78/><G98/><T65/><D51/><U102/><E77/><V21/><F21/><W42/><G42/><T47/><D47/><U19/><E105/><V121/><F121/><W15/><G15/><T20/><D20/><U82/><E114/><V40/><F40/><W128/><G128/><T117/><D117/><U110/><E110/><V49/><F49/><W23/><G34/><T2/><D2/><U134/><E134/><V37/><F37/><W67/><G67/><N who="0" m="25611" /><D60/><U69/><E69/><V1/><F1/><W36/><G36/><T101/><D101/><U89/><E102/><V73/><F72/><W71/><G71/><T63/><D63/><U70/><E70/><V24/><F24/><RYUUKYOKU ba="0,0" sc="300,15,473,-15,203,15,24,-15" hai0="56,58,79,84,92,96,103" hai2="9,13,73,75,93,94,95" owari="315,12.0,458,55.0,218,-18.0,9,-49.0" /></mjloggm>