<mjloggm ver="2.3"><GO type="169" lobby="0"/><UN n0="%73%69%6E%73%69%73%74" n1="%6D%69%6E%65%72%61%6C%32" n2="%E9%95%B7%E5%B2%A1" n3="%E3%81%AC%E3%81%8F%E3%82%82%E3%82%8A" dan="18,16,17,17" rate="2239.27,2042.22,2188.79,2148.84" sx="M,M,M,M"/><TAIKYOKU oya="0"/><INIT seed="0,0,0,0,5,78" ten="250,250,250,250" oya="0" hai0="56,27,98,38,93,14,24,120,63,68,53,128,40" hai1="122,1,6,117,46,130,32,88,86,60,102,135,89" hai2="44,9,13,21,30,10,113,50,132,36,61,101,123" hai3="109,99,52,29,22,97,57,16,17,133,72,77,121"/><T108/><D120/><U134/><E117/><V110/><F123/><W105/><G121/><T64/><D128/><U111/><E32/><V106/><F113/><W75/><G109/><T82/><D108/><U129/><E122/><V114/><F114/><W81/><G75/><T0/><D0/><U54/><E102/><V69/><F36/><W2/><G2/><T124/><D124/><U45/><E60/><V92/><F106/><W39/><G39/><T49/><D14/><U116/><E116/><V112/><F132/><N who="1" m="50729" /><E89/><V71/><F112/><W55/><G133/><T67/><D67/><U65/><E65/><V11/><F61/><W35/><G105/><T74/><D74/><U76/><E76/><V42/><F110/><W7/><G7/><T37/><D37/><U125/><E125/><V87/><F101/><W58/><G35/><T34/><D34/><U119/><E119/><V96/><F13/><W127/><G127/><T115/><D115/><U43/><E54/><V41/><F42/><W100/><G100/><T70/><D70/><U51/><E45/><V91/><REACH who="2" step="1"/><F96/><REACH who="2" ten="250,250,240,250" step="2"/><W33/><G99/><T26/><D40/><U47/><E111/><V84/><F84/><N who="3" m="48175" /><G97/><T118/><D38/><U18/><E43/><V83/><F83/><W95/><G72/><T59/><D82/><N who="1" m="49239" /><E51/><V66/><F66/><W5/><G55/><T85/><D118/><U131/><E18/><V20/><F20/><W15/><G52/><T90/><D98/><U126/><E126/><V19/><F19/><W31/><G17/><T103/><D103/><U80/><E80/><V4/><F4/><RYUUKYOKU ba="0,1" sc="250,10,250,10,240,10,250,-30" hai0="24,26,27,49,53,56,59,63,64,68,85,90,93" hai1="1,6,46,47,129,130,131" hai2="9,10,11,21,30,41,44,50,69,71,87,91,92" /><INIT seed="0,1,1,3,5,20" ten="260,260,250,220" oya="0" hai0="56,35,93,64,131,91,27,120,117,15,122,69,31" hai1="97,28,125,34,41,51,63,22,55,23,75,26,115" hai2="52,85,107,44,67,33,110,60,61,106,0,77,32" hai3="53,99,54,6,62,47,109,50,112,65,108,133,89"/><T114/><D114/><U7/><E75/><V19/><F0/><W123/><G112/><T68/><D117/><U132/><E115/><V8/><F110/><N who="3" m="42603" /><G6/><T4/><D131/><U71/><E41/><V80/><F106/><W134/><G89/><T94/><D94/><U105/><E7/><V66/><F107/><W82/><G82/><T25/><D56/><U113/><E113/><V38/><F38/><W135/><G99/><T119/><D119/><U90/><E132/><V29/><F33/><W72/><G72/><T21/><D15/><U130/><E125/><V43/><F32/><W81/><G81/><T73/><D4/><U121/><E121/><V18/><F80/><W17/><G17/><T86/><D73/><U95/><E105/><V128/><F29/><W84/><G84/><T74/><D74/><U70/><E130/><V78/><F85/><W16/><G16/><T100/><D100/><U98/><E98/><V1/><F128/><W2/><G2/><T79/><D79/><U30/><E63/><V57/><F1/><W14/><G14/><T101/><D101/><U129/><E129/><V118/><F118/><W88/><G88/><T48/><D48/><U103/><E103/><V24/><F61/><W13/><G13/><T58/><D120/><U59/><E34/><V102/><F102/><W96/><G96/><T40/><D122/><U11/><E11/><V46/><F8/><W12/><G12/><T3/><D3/><U37/><E37/><V36/><F60/><W104/><G104/><T87/><D35/><U42/><E42/><V49/><F43/><RYUUKYOKU ba="1,1" sc="260,-10,260,30,250,-10,220,-10" hai1="22,23,26,28,30,51,55,59,70,71,90,95,97" /><INIT seed="1,2,1,3,1,71" ten="250,290,240,210" oya="1" hai0="127,86,92,43,54,36,94,5,58,11,77,84,97" hai1="117,66,64,65,55,91,82,8,57,13,83,51,12" hai2="0,9,101,38,10,4,24,62,87,89,19,42,124" hai3="44,93,120,31,29,107,2,98,45,60,41,46,27"/><U68/><E117/><V16/><F124/><W48/><G120/><T131/><D127/><U1/><E68/><V69/><F101/><W76/><G107/><T37/><D131/><U118/><E118/><V74/><F74/><W52/><G2/><T28/><D28/><U112/><E112/><V100/><F100/><W20/><G76/><T17/><D17/><U50/><E1/><V80/><F10/><W79/><G79/><T96/><D43/><U30/><E30/><V53/><F24/><W111/><G111/><T109/><D109/><U113/><E13/><V70/><F70/><W121/><G121/><T63/><D96/><U47/><E91/><V103/><F103/><N who="3" m="60879" /><G31/><T40/><D40/><N who="1" m="24935" /><E113/><V119/><F119/><W21/><G21/><T132/><D132/><U99/><E99/><V95/><F95/><W116/><G116/><T6/><D92/><U61/><E61/><V133/><F133/><W134/><G134/><T135/><D135/><U34/><E34/><V122/><F122/><W125/><G125/><T75/><D75/><U14/><E14/><V15/><F0/><W114/><G114/><T78/><D78/><U23/><E23/><V56/><REACH who="2" step="1"/><F69/><REACH who="2" ten="250,290,230,210" step="2"/><W81/><G81/><N who="0" m="47151" /><D86/><U18/><AGARI ba="2,2" hai="8,12,18,51,55,57,64,65,66,82,83" m="24935" machi="18" ten="30,1500,0" yaku="8,1" doraHai="71" who="1" fromWho="1" sc="250,-7,290,41,230,-7,210,-7" /><INIT seed="1,3,0,4,1,12" ten="243,331,223,203" oya="1" hai0="86,96,76,51,64,22,2,50,33,3,82,37,85" hai1="74,34,120,27,122,111,1,103,19,21,58,17,75" hai2="56,39,7,31,123,81,115,41,6,45,97,15,8" hai3="124,101,92,80,48,129,114,23,83,127,0,132,47"/><U121/><E1/><V90/><F123/><W67/><G0/><T25/><D33/><U78/><E34/><V72/><F115/><W93/><G114/><T130/><D130/><U88/><E103/><V46/><F31/><W94/><G129/><T95/><D37/><U128/><E128/><V40/><F56/><W14/><G101/><T9/><D64/><U28/><E58/><V5/><F97/><W49/><G67/><T134/><D134/><U53/><E53/><V57/><F57/><W10/><G23/><T102/><D2/><U107/><E107/><V131/><F131/><W109/><G132/><T36/><D36/><U79/><E111/><V70/><F70/><W71/><G71/><T38/><D38/><U126/><E126/><N who="3" m="48170" /><G109/><T30/><D3/><U87/><E78/><V18/><F72/><W116/><G116/><T24/><D24/><U11/><E79/><V62/><F62/><W54/><G48/><T44/><D44/><N who="2" m="17002" /><F39/><W65/><G65/><T29/><D29/><U125/><E125/><V112/><F112/><W113/><G113/><T100/><D100/><U105/><E105/><V26/><F26/><W43/><G54/><T68/><D68/><U61/><E61/><V110/><F110/><W16/><AGARI ba="3,0" hai="10,14,16,43,47,49,80,83,92,93,94" m="48170" machi="16" ten="30,4000,0" yaku="18,1,52,1,54,1" doraHai="12" who="3" fromWho="3" sc="243,-13,331,-23,223,-13,203,49" /><INIT seed="2,0,0,5,3,117" ten="230,308,210,252" oya="2" hai0="106,118,37,107,127,87,98,78,19,53,42,93,55" hai1="18,99,61,104,130,43,80,27,41,3,35,31,52" hai2="124,23,121,89,11,7,113,132,56,28,29,79,73" hai3="103,9,92,2,97,39,1,77,70,26,115,50,122"/><V131/><F113/><W128/><G39/><T71/><D71/><U15/><E3/><N who="2" m="511" /><F89/><W110/><G70/><T44/><D118/><U25/><E25/><N who="2" m="16447" /><F56/><W69/><G69/><T85/><D127/><U24/><E24/><V16/><F79/><W101/><G115/><T64/><D64/><U91/><E130/><V36/><F73/><W66/><G66/><T67/><D67/><U135/><E135/><V30/><F36/><W48/><G77/><T33/><D33/><U102/><E91/><V114/><F114/><W58/><G128/><T111/><D107/><U129/><E80/><V84/><F84/><W86/><G86/><T65/><D65/><U82/><E82/><V96/><F96/><W57/><G101/><T38/><D106/><U123/><E129/><V6/><F131/><W47/><G50/><T125/><D125/><U105/><E105/><V20/><F124/><W90/><G103/><N who="0" m="60879" /><D38/><U76/><E76/><V21/><F132/><W72/><G72/><T4/><D85/><U17/><E43/><V32/><F32/><W54/><G97/><T75/><D87/><U45/><E41/><V10/><F121/><W74/><G122/><T49/><D37/><U100/><E123/><V59/><F59/><W63/><G58/><T62/><D78/><U126/><E126/><V5/><F16/><N who="1" m="6249" /><E100/><V12/><F6/><W112/><G112/><T116/><D4/><U68/><E68/><V88/><F88/><W0/><G74/><T83/><D75/><U34/><E34/><V14/><F14/><W51/><G0/><T133/><D133/><U22/><E35/><RYUUKYOKU ba="0,0" sc="230,-10,308,-10,210,30,252,-10" hai2="5,10,12,20,21,29,30" /><INIT seed="2,1,0,3,3,113" ten="220,298,240,242" oya="2" hai0="34,25,2,52,115,43,13,87,68,90,70,62,19" hai1="14,107,120,65,66,36,5,29,119,81,0,53,50" hai2="32,95,80,16,133,37,117,7,23,108,18,78,85" hai3="93,74,8,51,101,100,98,1,86,35,92,56,94"/><V48/><F37/><W47/><G74/><T124/><D115/><U67/><E107/><V118/><F32/><W99/><G35/><T123/><D123/><U97/><E36/><V28/><F28/><W104/><G56/><T72/><D72/><U76/><E0/><V54/><F133/><W11/><G1/><T57/><D2/><U9/><E120/><V3/><F108/><W131/><G131/><T89/><D124/><U59/><E119/><V77/><F78/><W55/><G104/><T31/><D43/><U103/><E29/><V44/><F7/><W109/><REACH who="3" step="1"/><G109/><REACH who="3" ten="220,298,240,232" step="2"/><T6/><D6/><U15/><E5/><V130/><F3/><W128/><G128/><T112/><D112/><U41/><E59/><V114/><F130/><W73/><G73/><T60/><D60/><U26/><E67/><V135/><F114/><W61/><G61/><T75/><D75/><U116/><E66/><V42/><F135/><W134/><G134/><T30/><D30/><U125/><E65/><V71/><F71/><W96/><G96/><T127/><D127/><U38/><E97/><V58/><F18/><W45/><G45/><T84/><D84/><U69/><E69/><N who="0" m="26729" /><D87/><U49/><E125/><V40/><F44/><W39/><G39/><T64/><D64/><U10/><E38/><V102/><F16/><W83/><G83/><T24/><D13/><U27/><E15/><V17/><F17/><W82/><G82/><T122/><D122/><U121/><E14/><V21/><F23/><W22/><G22/><N who="0" m="13407" /><D34/><U63/><E121/><V4/><F21/><W91/><AGARI ba="1,1" hai="8,11,47,51,55,86,91,92,93,94,98,99,100,101" machi="91" ten="30,8000,1" yaku="1,1,5,1,0,1,9,1,8,1,53,0" doraHai="113" doraHaiUra="20" who="3" fromWho="3" sc="220,-21,298,-21,240,-41,232,93" /><INIT seed="3,0,0,2,3,56" ten="199,277,199,325" oya="3" hai0="25,11,6,40,46,68,85,31,77,13,52,102,112" hai1="33,89,59,58,14,45,61,62,100,127,26,104,90" hai2="133,60,87,96,99,121,116,71,134,122,135,119,123" hai3="97,38,7,75,8,132,57,65,78,24,69,130,129"/><W0/><G132/><T107/><D68/><U108/><E104/><V16/><F16/><W42/><G57/><T94/><D112/><U93/><E108/><V39/><F39/><W79/><G97/><N who="2" m="37449" /><F71/><W5/><G5/><T48/><D107/><U115/><E127/><V118/><F60/><N who="1" m="23145" /><E100/><V86/><AGARI ba="0,0" hai="86,87,116,118,119,121,122,123,133,134,135" m="37449" machi="86" ten="50,16000,3" yaku="29,2,28,2,13,1,20,1,34,2" doraHai="56" who="2" fromWho="2" sc="199,-40,277,-40,199,160,325,-80" /><INIT seed="4,0,0,5,5,47" ten="159,237,359,245" oya="0" hai0="119,123,79,95,75,101,25,29,70,13,21,102,61" hai1="32,98,135,125,121,69,53,85,15,126,1,57,44" hai2="52,91,6,113,124,3,134,132,133,4,18,83,84" hai3="88,7,40,46,117,76,108,48,12,130,9,41,106"/><T26/><D119/><U71/><E1/><V34/><F113/><W62/><G117/><T37/><D123/><U122/><E32/><V92/><F124/><N who="1" m="47721" /><E85/><N who="2" m="52335" /><F34/><W94/><G108/><T8/><D37/><U68/><E98/><V67/><F67/><W72/><G106/><T86/><D75/><U43/><E15/><V10/><F52/><N who="3" m="29719" /><G72/><T131/><D131/><U65/><E65/><V30/><F30/><W54/><G76/><T59/><D25/><U19/><E19/><V127/><F127/><W5/><G5/><N who="0" m="3215" /><D70/><U116/><E116/><V55/><F55/><W82/><G82/><N who="0" m="47455" /><D95/><U78/><E78/><N who="2" m="46199" /><F4/><W74/><G74/><T23/><D23/><U63/><E135/><V2/><F18/><W111/><G130/><T77/><D77/><U51/><AGARI ba="0,0" hai="43,44,51,53,57,63,68,69,71,121,122" m="47721" machi="51" ten="40,8000,1" yaku="18,1,34,2,52,1" doraHai="47" who="1" fromWho="1" sc="159,-40,237,80,359,-20,245,-20" /><INIT seed="5,0,0,3,5,48" ten="119,317,339,225" oya="1" hai0="80,96,112,109,24,131,58,59,129,21,124,98,81" hai1="31,87,26,84,44,25,110,123,104,63,76,7,22" hai2="103,99,69,100,77,49,106,93,107,47,42,89,2" hai3="11,52,5,94,97,9,32,29,128,0,126,46,64"/><U127/><E123/><V83/><F69/><W8/><G128/><T67/><D109/><U55/><E104/><V74/><REACH who="2" step="1"/><F2/><REACH who="2" ten="119,317,329,225" step="2"/><W13/><G0/><T37/><D124/><U70/><E127/><V116/><F116/><W71/><G126/><T88/><D129/><U73/><E70/><V23/><F23/><W86/><G71/><T121/><D131/><U135/><E110/><V102/><AGARI ba="0,1" hai="42,47,49,74,77,83,89,93,99,100,102,103,106,107" machi="102" ten="30,4000,0" yaku="1,1,0,1,53,1" doraHai="48" doraHaiUra="75" who="2" fromWho="2" sc="119,-10,317,-20,329,50,225,-10" /><INIT seed="6,0,0,1,2,32" ten="109,297,379,215" oya="2" hai0="100,116,20,70,108,118,107,91,83,112,74,134,3" hai1="53,18,92,34,69,1,87,125,25,101,77,52,48" hai2="55,54,41,61,94,86,5,76,85,103,63,79,26" hai3="115,15,58,117,0,49,64,89,99,44,21,129,60"/><V121/><F121/><W8/><G117/><T38/><RYUUKYOKU type="yao9" ba="0,0" sc="109,0,297,0,379,0,215,0" hai0="3,20,38,70,74,83,91,100,107,108,112,116,118,134" /><INIT seed="6,1,0,0,1,95" ten="109,297,379,215" oya="2" hai0="75,57,108,112,8,115,62,32,3,99,12,124,44" hai1="11,135,98,72,1,40,117,21,60,34,90,106,73" hai2="59,74,37,46,78,45,132,50,83,130,16,102,86" hai3="79,41,24,13,4,85,43,110,134,103,123,121,19"/><V65/><F130/><W119/><G119/><T51/><D32/><U14/><E117/><V100/><F132/><W36/><G110/><T18/><D75/><U126/><E34/><V89/><F37/><W107/><G134/><T25/><D3/><U131/><E135/><V15/><F65/><W67/><G4/><T133/><D133/><U35/><E35/><V53/><F46/><W48/><G36/><T9/><D108/><U122/><E40/><V10/><F59/><W39/><G39/><T120/><D120/><U68/><E1/><V55/><F55/><W69/><G43/><T22/><D124/><U31/><E131/><V28/><F28/><W94/><G24/><T26/><D26/><U5/><E126/><V64/><F64/><W2/><G2/><T0/><D0/><U29/><E29/><V77/><F74/><W76/><G107/><T49/><D8/><U70/><E60/><V81/><F81/><N who="3" m="47271" /><G79/><AGARI ba="1,0" hai="10,15,16,45,50,53,77,78,79,83,86,89,100,102" machi="79" ten="40,12000,1" yaku="25,2,8,1,54,1" doraHai="95" who="2" fromWho="3" sc="109,0,297,0,379,123,215,-123" /><INIT seed="6,2,0,4,0,115" ten="109,297,502,92" oya="2" hai0="65,11,66,114,88,95,116,131,63,134,28,77,56" hai1="18,76,3,130,133,85,22,119,36,4,69,125,124" hai2="80,71,6,79,103,23,27,12,92,113,105,120,55" hai3="70,110,44,58,118,20,83,2,33,68,129,8,42"/><V117/><F117/><W39/><G20/><T106/><D106/><U109/><E36/><V112/><F71/><W14/><G110/><T60/><D114/><U40/><E40/><V61/><F105/><W111/><G111/><T38/><D38/><U59/><E69/><V48/><F120/><W107/><G118/><T19/><D116/><U37/><E37/><V62/><F113/><W50/><G33/><T127/><D127/><U51/><E109/><V64/><F64/><W100/><G2/><T82/><D28/><U132/><E119/><V84/><F103/><W5/><G129/><T81/><D134/><N who="1" m="51819" /><E76/><V45/><F92/><W73/><G39/><T41/><D41/><U87/><E51/><V122/><F122/><W35/><G35/><T98/><D77/><U24/><E59/><V94/><F48/><W31/><G31/><T49/><D49/><U135/><N who="1" m="51827" /><U99/><DORA hai="29" /><E99/><V32/><F79/><W16/><G73/><T13/><D131/><U97/><E97/><V34/><F45/><W57/><G70/><AGARI ba="2,0" hai="11,13,19,56,60,63,65,66,70,81,82,88,95,98" machi="70" ten="30,2000,0" yaku="7,1,54,1" doraHai="115,29" who="0" fromWho="3" sc="109,26,297,0,502,0,92,-26" /><INIT seed="7,0,0,4,5,90" ten="135,297,502,66" oya="3" hai0="57,29,39,115,36,43,96,20,124,13,52,34,24" hai1="131,86,128,9,33,26,41,127,97,117,15,5,69" hai2="79,51,114,21,113,53,14,105,107,134,6,67,102" hai3="91,74,83,126,106,8,59,92,133,87,65,37,49"/><W12/><G37/><T77/><D124/><U4/><E69/><V7/><F67/><W99/><G126/><T54/><D115/><N who="2" m="44042" /><F134/><W112/><G112/><T11/><D34/><U42/><E86/><V129/><F129/><W25/><G133/><T44/><D39/><U100/><E5/><V0/><F79/><W28/><G106/><T89/><D77/><U73/><E73/><V130/><F130/><N who="1" m="49705" /><E117/><V85/><F85/><W119/><G119/><T23/><D23/><U31/><E127/><V60/><F60/><W46/><G74/><T70/><D89/><U27/><E27/><V93/><F0/><W3/><G3/><T66/><D57/><U109/><E109/><V120/><F120/><W35/><G65/><T81/><D96/><U18/><E18/><N who="2" m="10455" /><F107/><AGARI ba="0,0" hai="4,9,15,26,31,33,41,42,97,100,107" m="49705" machi="107" ten="30,1000,0" yaku="19,1" doraHai="90" who="1" fromWho="2" sc="135,0,297,10,502,-10,66,0" owari="135,-26.0,307,11.0,492,58.0,66,-43.0" /></mjloggm>