<mjloggm ver="2.3"><GO type="225" lobby="0"/><UN n0="%E9%81%85%E5%88%BB%E3%81%AE%E3%83%97%E3%83%AA%E3%83%B3%E3%82%B9%E2%99%AA" n1="%E2%98%85%E3%83%9F%E3%83%BC%E3%82%B3%E2%98%85" n2="%E7%88%86%E7%89%8C%E3%82%A6%E3%82%B7%E3%82%B8%E3%83%9E%E3%81%8F%E3%82%93" n3="%6B%79%6F%6E%6B%6F%31%31" dan="16,17,16,17" rate="2129.49,2225.19,2113.48,2200.51" sx="F,F,M,M"/><TAIKYOKU oya="0"/><INIT seed="0,0,0,5,3,78" ten="250,250,250,250" oya="0" hai0="28,62,124,127,37,126,40,116,128,112,9,54,71" hai1="97,10,24,130,46,68,11,105,76,81,67,12,29" hai2="74,129,122,84,15,22,35,55,20,119,27,73,66" hai3="52,51,92,18,38,83,14,111,101,94,106,134,36"/><T96/><D116/><U110/><E110/><V99/><F119/><W80/><G106/><T47/><D112/><U1/><E130/><V48/><F122/><W49/><G111/><T5/><D128/><U21/><E1/><V87/><F129/><W123/><G36/><T117/><D117/><U64/><E46/><V59/><F35/><W88/><G38/><T113/><D113/><U98/><E11/><V44/><F99/><N who="3" m="59639" /><G134/><T6/><D28/><U77/><E77/><V90/><F84/><N who="3" m="52231" /><G123/><T79/><D79/><U34/><E34/><V33/><F33/><W43/><G43/><T108/><D108/><U17/><E68/><V13/><F74/><W30/><G30/><T60/><D71/><U131/><E131/><V53/><F66/><N who="1" m="25129" /><E105/><V120/><F22/><N who="3" m="11607" /><G49/><T72/><D72/><U95/><E95/><N who="2" m="54751" /><F73/><W69/><G69/><T109/><D109/><U0/><E0/><V19/><F120/><W58/><AGARI ba="0,0" hai="51,52,58,80,83" m="11607,52231,59639" machi="58" ten="30,12000,2" yaku="25,1,8,1,52,2,54,2" doraHai="78" who="3" fromWho="3" sc="250,-60,250,-30,250,-30,250,120" /><INIT seed="1,0,0,3,4,115" ten="190,220,220,370" oya="1" hai0="24,49,77,99,112,86,100,105,118,78,126,94,96" hai1="50,12,65,109,66,28,58,107,113,120,104,18,32" hai2="80,6,39,69,121,79,7,108,26,29,114,59,130" hai3="37,128,110,35,2,67,82,61,64,101,83,3,0"/><U23/><E113/><V87/><F114/><W47/><G35/><T38/><D38/><U62/><E120/><V8/><F69/><W106/><G64/><T43/><D112/><U53/><E109/><V103/><F121/><W42/><G110/><T133/><D133/><U30/><E65/><V91/><F108/><W4/><G82/><T102/><D126/><U68/><REACH who="1" step="1"/><E32/><REACH who="1" ten="190,210,220,370" step="2"/><V132/><F132/><W76/><G67/><T71/><D71/><U9/><E9/><V60/><F8/><W90/><G128/><T98/><D118/><U48/><E48/><V124/><F130/><W93/><G37/><T119/><D119/><U135/><E135/><V131/><F39/><W75/><G61/><T116/><D116/><U1/><E1/><V85/><F124/><W33/><G33/><T45/><D105/><AGARI ba="0,1" hai="12,18,23,28,30,50,53,58,62,66,68,104,105,107" machi="105" ten="40,2000,0" yaku="1,1,53,0" doraHai="115" doraHaiUra="89" who="1" fromWho="0" sc="190,-20,210,30,220,0,370,0" /><INIT seed="1,1,0,2,0,108" ten="170,240,220,370" oya="1" hai0="18,107,77,84,1,46,106,96,42,25,19,87,22" hai1="27,93,118,60,44,37,82,122,53,131,23,80,7" hai2="21,51,135,114,34,69,48,17,92,70,43,2,120" hai3="101,65,40,29,94,124,76,99,86,66,4,3,20"/><U52/><E118/><V5/><F120/><W116/><G116/><T6/><D1/><U90/><E122/><V109/><F34/><W73/><G40/><T126/><D6/><U121/><E121/><V71/><F109/><W128/><G73/><T32/><D32/><U57/><E131/><V75/><F75/><W97/><G4/><T98/><D126/><U115/><E115/><V62/><F135/><W36/><G36/><T83/><D87/><U16/><E7/><V61/><F5/><W79/><G3/><T89/><D19/><U47/><E37/><V0/><F92/><W74/><G74/><T68/><D68/><U102/><E102/><V91/><F91/><W9/><G9/><T55/><D55/><U31/><E31/><V24/><F114/><W125/><G128/><T105/><REACH who="0" step="1"/><D77/><REACH who="0" ten="160,240,220,370" step="2"/><U54/><E47/><V103/><F2/><W56/><G86/><T111/><D111/><U134/><E134/><V130/><F0/><W129/><G129/><T14/><D14/><U72/><E72/><V119/><F130/><W63/><G76/><T13/><D13/><U59/><E44/><V50/><F17/><W33/><G79/><T112/><D112/><U39/><E54/><V15/><F71/><W8/><G124/><T35/><D35/><U110/><E110/><V10/><F70/><W95/><G33/><T127/><D127/><U49/><E39/><AGARI ba="1,1" hai="18,22,25,39,42,46,83,84,89,96,98,105,106,107" machi="39" ten="40,1300,0" yaku="1,1,53,0" doraHai="108" doraHaiUra="67" who="0" fromWho="1" sc="160,26,240,-16,220,0,370,0" /><INIT seed="2,0,0,3,1,48" ten="186,224,220,370" oya="2" hai0="24,81,103,20,58,61,27,99,117,21,63,112,126" hai1="78,19,65,71,77,93,38,3,12,114,49,30,37" hai2="94,100,44,84,34,110,4,28,111,116,79,96,11" hai3="107,22,5,106,16,31,86,119,122,90,46,133,91"/><V18/><F116/><W2/><G122/><T40/><D112/><U115/><E3/><V88/><F79/><W73/><G73/><T13/><D117/><U0/><E0/><V98/><F34/><W69/><G69/><T10/><D126/><U120/><E120/><V125/><F28/><W53/><G31/><T60/><D40/><U95/><E30/><V92/><F125/><W121/><G121/><T50/><D81/><U89/><E49/><V6/><F44/><W45/><G45/><T82/><D82/><U41/><E41/><V130/><F130/><W129/><G91/><T105/><D27/><U42/><E42/><V9/><F18/><W7/><G133/><T15/><D24/><U56/><E71/><V52/><F52/><W55/><G46/><T135/><D135/><U70/><E70/><V25/><F25/><W80/><G119/><T72/><D72/><U57/><E65/><V43/><F43/><W83/><G55/><T62/><D50/><U109/><E19/><V64/><F64/><W134/><G53/><T68/><D68/><U128/><E128/><V113/><F113/><W33/><G33/><T8/><D8/><N who="2" m="3146" /><F96/><W17/><G17/><T104/><D104/><U51/><E51/><V32/><F32/><W54/><G16/><N who="0" m="8247" /><D15/><U36/><E36/><V74/><F74/><W29/><G129/><T97/><D99/><U85/><E12/><V75/><F75/><W131/><G131/><T35/><D35/><U123/><E123/><V59/><F59/><W76/><G2/><T132/><D132/><U87/><E89/><V127/><F127/><RYUUKYOKU ba="0,0" sc="186,10,224,10,220,10,370,-30" hai0="20,21,58,60,61,62,63,97,103,105" hai1="37,38,56,57,77,78,85,87,93,95,109,114,115" hai2="4,6,84,88,92,94,98,100,110,111" /><INIT seed="2,1,0,3,4,4" ten="196,234,230,340" oya="2" hai0="38,24,94,21,125,48,131,57,88,130,60,114,64" hai1="39,119,80,134,127,99,44,124,50,23,89,2,16" hai2="112,10,28,52,76,110,61,69,47,126,95,49,118" hai3="26,129,97,103,41,46,107,81,11,0,123,53,34"/><V84/><F112/><W1/><G123/><T86/><D114/><U73/><E119/><V87/><F118/><W68/><G129/><T82/><D125/><N who="1" m="48203" /><E2/><V135/><F126/><W116/><G116/><T98/><D38/><U120/><E120/><V85/><F135/><W106/><G53/><T117/><D48/><U37/><E134/><V115/><F115/><W62/><G81/><T90/><REACH who="0" step="1"/><D117/><REACH who="0" ten="186,234,230,340" step="2"/><U93/><E39/><V5/><F110/><W55/><G62/><T51/><D51/><U7/><E50/><V15/><F28/><AGARI ba="1,1" hai="21,24,28,57,60,64,82,86,88,90,94,98,130,131" machi="28" ten="40,5200,0" yaku="1,1,54,1,53,1" doraHai="4" doraHaiUra="59" who="0" fromWho="2" sc="186,65,234,0,230,-55,340,0" /><INIT seed="3,0,0,3,1,97" ten="251,234,175,340" oya="3" hai0="37,3,61,12,134,39,115,45,22,82,40,81,99" hai1="21,96,90,133,23,10,117,101,126,120,41,42,119" hai2="114,0,38,55,91,31,29,113,54,60,14,26,64" hai3="13,94,109,15,116,100,73,93,129,11,110,132,76"/><W51/><G116/><N who="1" m="44618" /><E120/><V74/><F0/><W6/><G129/><T33/><D3/><U70/><E133/><V106/><F74/><W52/><G132/><T66/><D33/><U65/><E126/><V48/><F38/><W30/><G30/><T108/><D134/><U32/><E32/><V77/><F77/><W36/><G36/><T71/><D39/><U121/><E121/><V124/><F106/><W20/><G76/><T53/><D108/><N who="3" m="41577" /><G100/><T49/><D115/><U4/><E90/><V9/><F124/><W17/><G73/><T98/><D81/><U67/><E23/><V107/><F107/><W128/><G128/><T50/><D50/><U5/><E21/><V16/><F91/><W47/><AGARI ba="0,0" hai="6,11,13,15,17,20,47,51,52,93,94" m="41577" machi="47" ten="30,6000,0" yaku="14,1,10,1,54,1" doraHai="97" who="3" fromWho="3" sc="251,-20,234,-20,175,-20,340,60" owari="231,3.0,214,-19.0,155,-34.0,400,50.0" /></mjloggm>