<mjloggm ver="2.3"><GO type="225" lobby="0"/><UN n0="%E5%BD%97%E6%98%9F%E5%85%A5%E3%83%92%E3%82%B3" n1="%E3%81%B7%E3%82%8B%E3%81%B7%E3%82%8B%E3%81%A0%E3%81%9E" n2="%E3%82%8F%E3%81%A3%E3%81%97%E3%82%87%E3%81%84%E5%90%9B%32%E5%8F%B7" n3="%E8%A8%88%E7%AE%97%E6%A9%9F%E8%87%AA%E7%84%B6" dan="16,16,16,17" rate="2094.46,2110.60,2172.47,2278.77" sx="M,M,M,M"/><TAIKYOKU oya="0"/><INIT seed="0,0,0,3,0,105" ten="250,250,250,250" oya="0" hai0="90,22,46,94,121,108,119,29,62,38,57,97,58" hai1="98,125,43,82,40,32,114,85,75,39,96,17,23" hai2="103,10,49,112,91,76,51,19,6,74,64,15,24" hai3="50,79,116,4,12,67,30,21,83,41,45,88,106"/><T28/><D119/><U77/><E32/><V127/><F112/><W3/><G116/><T81/><D121/><U109/><E114/><V37/><F127/><W69/><G106/><T72/><D108/><U36/><E109/><V52/><F37/><W126/><G126/><T84/><D72/><U47/><E125/><V113/><F113/><W0/><G69/><T131/><D131/><U35/><E35/><V135/><F135/><W7/><G67/><T66/><D57/><U27/><E85/><V107/><F64/><W130/><G130/><T56/><D56/><U124/><E124/><V63/><F91/><W101/><G101/><T13/><D46/><AGARI ba="0,0" hai="17,23,27,36,39,40,43,46,47,75,77,82,96,98" machi="46" ten="40,2600,0" yaku="9,1,52,1" doraHai="105" who="1" fromWho="0" sc="250,-26,250,26,250,0,250,0" /><INIT seed="1,0,0,5,0,11" ten="224,276,250,250" oya="1" hai0="37,72,20,95,89,76,36,75,1,119,107,33,73" hai1="34,126,121,5,108,88,117,10,46,106,77,52,50" hai2="85,41,55,81,78,28,65,39,125,71,48,16,69" hai3="54,96,115,84,17,27,128,101,60,56,57,62,38"/><U110/><E121/><V9/><F125/><W0/><G115/><T64/><D33/><U98/><E126/><V124/><F124/><W31/><G128/><T51/><D1/><U93/><E34/><V30/><F41/><W112/><G112/><T3/><D3/><N who="1" m="319" /><E77/><V116/><F39/><W90/><G38/><T97/><D119/><U8/><E8/><V100/><F100/><W118/><G118/><T26/><D107/><U92/><E92/><V80/><F80/><W94/><G17/><T13/><D76/><U6/><E6/><V134/><F116/><W14/><G0/><T114/><D114/><U58/><E117/><V91/><F78/><W111/><G14/><T12/><D64/><U120/><E106/><V24/><F134/><W61/><G56/><T129/><D129/><U19/><E19/><V35/><F28/><W130/><G130/><T99/><D99/><U25/><E25/><V109/><F65/><W63/><G27/><T49/><D37/><U59/><E120/><V133/><F133/><W105/><G31/><T104/><D104/><U135/><E135/><V122/><F122/><W113/><G113/><T15/><REACH who="0" step="1"/><D36/><REACH who="0" ten="214,276,250,250" step="2"/><U82/><E82/><V53/><F81/><W70/><G105/><T40/><D40/><U131/><E131/><V87/><F35/><W29/><G96/><T74/><N who="0" m="18432" /><DORA hai="132" /><T79/><D79/><U2/><E2/><V68/><F87/><W103/><G84/><T43/><D43/><U123/><E123/><V127/><F85/><W4/><N who="3" m="15360" /><DORA hai="42" /><W21/><G54/><N who="2" m="20489" /><F127/><W7/><G70/><T23/><D23/><RYUUKYOKU ba="0,1" sc="214,15,276,15,250,-15,250,-15" hai0="12,13,15,20,26,49,51,89,95,97" hai1="46,50,52,58,59,88,93,98,108,110" /><INIT seed="1,1,1,3,5,68" ten="229,291,235,235" oya="1" hai0="82,97,87,4,131,72,124,18,120,113,9,88,116" hai1="98,15,0,80,95,74,12,13,93,83,75,52,63" hai2="122,11,135,67,66,33,91,36,89,133,14,46,94" hai3="5,50,45,24,28,99,112,31,25,69,23,2,7"/><U105/><E0/><V85/><F33/><W56/><G69/><T26/><D113/><U71/><E105/><V132/><F122/><W100/><G112/><T125/><D116/><U81/><E95/><V27/><F27/><W115/><G56/><T49/><D120/><U40/><E40/><N who="2" m="22791" /><F91/><W64/><G64/><T109/><D109/><U65/><REACH who="1" step="1"/><E52/><REACH who="1" ten="229,281,235,235" step="2"/><V39/><F39/><W78/><G2/><T20/><D125/><U58/><E58/><V118/><F118/><W70/><G70/><T129/><D124/><U117/><E117/><V44/><F44/><W60/><G115/><T42/><D72/><U38/><E38/><V16/><AGARI ba="1,2" hai="11,14,16,66,67,85,89,94,132,133,135" m="22791" machi="16" ten="30,4000,0" yaku="20,1,52,1,54,1" doraHai="68" who="2" fromWho="2" sc="229,-11,281,-21,235,63,235,-11" /><INIT seed="2,0,0,1,2,9" ten="218,260,298,224" oya="2" hai0="68,125,31,105,51,61,64,18,85,34,88,116,12" hai1="98,65,83,111,126,122,108,11,117,1,41,99,121" hai2="80,104,120,54,0,21,44,127,37,35,115,89,133" hai3="91,23,48,78,49,20,72,95,132,27,67,39,30"/><V14/><F120/><N who="1" m="46185" /><E41/><V93/><F115/><W16/><G39/><T102/><D125/><U55/><E65/><V6/><F127/><W103/><G132/><T113/><D113/><U28/><E28/><V66/><F104/><W26/><G103/><T92/><D116/><U32/><E32/><V24/><F133/><W42/><G67/><T106/><D51/><U90/><E126/><V13/><F66/><W71/><G71/><T52/><D52/><U124/><E124/><V109/><F35/><W40/><G78/><T46/><D46/><U77/><E55/><V130/><F37/><W4/><G72/><T5/><D5/><N who="1" m="1455" /><E90/><V75/><F54/><W56/><G4/><T76/><D76/><U129/><E129/><V63/><F44/><W112/><G112/><T36/><D36/><U15/><E15/><V97/><F130/><W79/><G79/><T81/><D102/><U43/><E43/><N who="3" m="16426" /><G56/><T107/><D31/><U10/><E10/><V8/><F6/><W110/><G110/><N who="1" m="42026" /><E117/><V84/><F8/><W17/><G30/><T86/><D34/><U19/><E19/><V29/><F109/><W22/><G22/><T25/><D25/><U73/><AGARI ba="0,0" hai="73,77,83,98,99" m="42026,1455,46185" machi="73" ten="30,2000,0" yaku="13,1,14,1" doraHai="9" who="1" fromWho="1" sc="218,-5,260,20,298,-10,224,-5" /><INIT seed="3,0,0,5,2,37" ten="213,280,288,219" oya="3" hai0="104,12,72,87,45,22,89,32,64,40,133,71,118" hai1="24,103,56,94,17,106,58,41,46,21,6,116,60" hai2="1,113,128,9,69,18,51,50,73,130,42,10,55" hai3="112,131,101,25,88,57,19,20,36,91,76,81,135"/><W8/><G112/><T35/><D118/><U47/><E106/><V100/><F113/><W23/><G36/><T11/><D72/><U16/><E6/><V123/><F123/><W122/><G122/><T33/><D104/><U70/><E70/><V38/><F73/><W67/><G135/><T75/><D75/><U126/><E126/><V0/><F69/><W7/><G101/><T82/><D133/><U62/><E116/><V102/><F38/><W121/><G121/><T52/><D22/><N who="1" m="13383" /><E41/><V2/><F18/><W43/><G131/><N who="2" m="50217" /><F50/><W90/><G43/><T124/><D124/><U34/><E34/><V93/><F42/><W30/><G7/><T77/><D71/><U80/><E80/><V85/><F85/><N who="3" m="48295" /><G8/><N who="2" m="3177" /><F93/><W65/><G57/><AGARI ba="0,0" hai="0,1,2,51,55,57,100,102" m="3177,50217" machi="57" ten="40,1300,0" yaku="19,1" doraHai="37" who="2" fromWho="3" sc="213,0,280,0,288,13,219,-13" owari="213,-19.0,280,8.0,301,40.0,206,-29.0" /></mjloggm>