<mjloggm ver="2.3"><GO type="225" lobby="0"/><UN n0="%70%69%6E%70%69%6E%36" n1="%E3%81%82%E3%81%9A%E3%81%8D%E3%81%82%E3%81%9A%E3%81%95" n2="%E7%B6%BE%E9%87%8E%E7%8F%AA%E5%AD%90" n3="%E3%83%A9%E3%82%B9%E7%8E%87%EF%BC%93%E5%89%B2" dan="16,16,17,16" rate="2181.86,2103.28,2213.52,2159.53" sx="M,M,F,M"/><TAIKYOKU oya="0"/><INIT seed="0,0,0,3,0,47" ten="250,250,250,250" oya="0" hai0="88,83,72,91,19,80,44,124,30,5,25,121,131" hai1="36,104,60,3,73,123,71,70,2,100,62,50,135" hai2="52,90,28,48,78,129,82,134,39,76,31,61,115" hai3="92,7,12,125,96,109,15,122,23,38,16,54,24"/><T69/><D121/><U20/><E123/><V107/><F115/><W34/><G38/><T32/><D131/><U99/><E36/><V18/><F107/><W4/><G122/><T57/><D69/><U59/><E135/><V67/><F39/><W35/><G109/><T41/><D124/><U6/><E73/><V49/><F134/><W45/><G125/><T21/><D5/><N who="3" m="2121" /><G34/><T114/><D114/><U77/><E77/><N who="2" m="29803" /><F129/><W94/><G35/><T86/><D57/><U116/><E116/><V8/><F67/><W110/><G110/><T127/><D127/><U68/><E20/><V98/><F61/><W37/><G37/><T102/><D102/><U112/><E112/><V0/><F0/><W84/><G84/><N who="0" m="50183" /><D72/><U11/><REACH who="1" step="1"/><E2/><REACH who="1" ten="250,240,250,250" step="2"/><V85/><F98/><W56/><G96/><T89/><D32/><U117/><E117/><V26/><F8/><W9/><G9/><T33/><D33/><U105/><E105/><V75/><F75/><W65/><G94/><T64/><D89/><U42/><E42/><V95/><F95/><W128/><G92/><T40/><D40/><U29/><E29/><N who="2" m="11339" /><F52/><AGARI ba="0,1" hai="3,6,11,50,52,59,60,62,68,70,71,99,100,104" machi="52" ten="40,5200,0" yaku="1,1,52,1,54,1,53,0" doraHai="47" doraHaiUra="81" who="1" fromWho="2" sc="250,0,240,62,250,-52,250,0" /><INIT seed="1,0,0,0,0,135" ten="250,302,198,250" oya="1" hai0="129,107,5,71,120,16,45,117,46,12,63,82,95" hai1="114,68,131,102,69,4,64,119,37,8,50,30,124" hai2="106,36,72,14,23,66,94,76,59,132,35,118,52" hai3="123,80,113,103,112,43,77,6,58,111,75,29,78"/><U38/><E119/><V92/><F106/><W127/><G29/><T70/><D107/><U2/><E114/><N who="3" m="44138" /><G58/><T104/><D104/><U96/><E131/><V10/><F35/><W97/><G43/><T51/><D117/><U21/><E50/><V18/><F36/><W17/><G17/><T98/><D129/><U115/><E115/><V109/><F118/><W61/><G61/><T11/><D120/><U87/><E87/><V65/><F109/><W126/><G6/><T93/><D82/><U79/><E79/><V9/><F132/><W19/><G19/><T41/><D46/><U122/><E122/><V20/><F76/><W34/><G34/><T56/><D5/><U86/><E86/><V7/><F72/><N who="3" m="43047" /><G111/><T26/><D26/><U85/><E21/><N who="2" m="8267" /><F10/><W28/><G28/><T134/><D134/><U116/><E30/><V81/><F81/><N who="3" m="45279" /><G123/><T90/><REACH who="0" step="1"/><D95/><AGARI ba="0,0" hai="95,97,103,126,127" m="45279,43047,44138" machi="95" ten="30,7700,0" yaku="34,2,52,2" doraHai="135" who="3" fromWho="0" sc="250,-77,302,0,198,0,250,77" /><INIT seed="2,0,0,4,1,132" ten="173,302,198,327" oya="2" hai0="19,59,56,73,69,11,51,48,131,57,130,110,97" hai1="66,71,123,21,88,100,78,34,49,87,65,33,98" hai2="83,26,113,91,102,135,14,8,114,2,12,101,27" hai3="84,30,107,96,121,76,36,62,31,85,128,43,124"/><V50/><F2/><W90/><G62/><T16/><D69/><U24/><E123/><V44/><F135/><W42/><G36/><T7/><D73/><U80/><E49/><N who="0" m="19017" /><D97/><U133/><E133/><V115/><F83/><W68/><G90/><T117/><D110/><U126/><E126/><V40/><F91/><W64/><G64/><T18/><D117/><U9/><E9/><V108/><F108/><W28/><G28/><T122/><D122/><U25/><E71/><V74/><F74/><W104/><G68/><T125/><D125/><U47/><E47/><V17/><REACH who="2" step="1"/><F14/><REACH who="2" ten="173,302,188,327" step="2"/><W105/><G121/><T0/><D0/><U82/><E80/><V92/><F92/><W4/><G105/><T29/><D29/><U72/><E82/><V53/><F53/><W37/><G30/><T119/><D119/><U60/><E72/><V86/><F86/><W94/><G31/><T46/><D46/><U6/><E87/><V3/><F3/><W22/><G104/><T103/><D103/><AGARI ba="0,1" hai="8,12,17,26,27,40,44,50,101,102,103,113,114,115" machi="103" ten="40,2000,0" yaku="1,1,53,0" doraHai="132" doraHaiUra="52" who="2" fromWho="0" sc="173,-20,302,0,188,30,327,0" /><INIT seed="2,1,0,2,3,66" ten="153,302,218,327" oya="2" hai0="84,57,8,92,23,132,44,117,104,17,22,81,69" hai1="9,75,26,38,37,28,95,12,131,29,80,45,59" hai2="124,62,56,65,4,48,35,43,50,114,41,76,112" hai3="3,15,27,94,122,49,90,83,123,58,133,102,30"/><V16/><F35/><W134/><G3/><T93/><D104/><U78/><E131/><V42/><F4/><W1/><G1/><T96/><D132/><N who="3" m="50793" /><G15/><T6/><D117/><U111/><E111/><V0/><F0/><W63/><G49/><N who="2" m="19049" /><F76/><W135/><G83/><T110/><D110/><U77/><E77/><V91/><F91/><W54/><G102/><T47/><D69/><U51/><E59/><V2/><F2/><W85/><N who="3" m="50801" /><W106/><DORA hai="14" /><G106/><T79/><D57/><U74/><E95/><V121/><F16/><W32/><AGARI ba="1,0" hai="27,30,32,54,58,63,85,90,94,122,123" m="50801" machi="32" ten="40,1500,0" yaku="20,1" doraHai="66,14" who="3" fromWho="3" sc="153,-5,302,-5,218,-8,327,18" /><INIT seed="3,0,0,5,0,36" ten="148,297,210,345" oya="3" hai0="12,115,6,31,99,116,7,47,124,65,49,54,78" hai1="106,96,94,84,8,63,28,130,93,101,75,14,50" hai2="27,87,23,108,122,1,40,91,86,11,92,48,71" hai3="17,80,74,125,127,35,2,58,129,121,51,55,90"/><W60/><G2/><T33/><D116/><U100/><E75/><V15/><F71/><W41/><G35/><T62/><D124/><N who="3" m="47689" /><G129/><T29/><D115/><U131/><E28/><N who="2" m="17535" /><F1/><W21/><G121/><T44/><D78/><U9/><E63/><V46/><F108/><W135/><G135/><T112/><D112/><U43/><E84/><N who="2" m="52327" /><F122/><W97/><G74/><T120/><D120/><U118/><E118/><V52/><F40/><W68/><G41/><T61/><D33/><U113/><E113/><V133/><F133/><W77/><G77/><T13/><D99/><U114/><E114/><V19/><AGARI ba="0,0" hai="11,15,19,46,48,52,86,87" m="52327,17535" machi="19" ten="30,2000,0" yaku="8,1,54,1" doraHai="36" who="2" fromWho="2" sc="148,-5,297,-5,210,20,345,-10" owari="143,-36.0,292,9.0,230,-17.0,335,44.0" /></mjloggm>