<mjloggm ver="2.3"><GO type="169" lobby="0"/><UN n0="%E8%B0%B7%E5%8F%A3%E3%81%93%E3%81%86%E3%81%B8%E3%81%84" n1="%E9%95%B7%E5%B1%B1%E5%A4%A7%E6%A8%B9" n2="%E3%81%95%E3%81%AE%E3%81%99%E3%81%91" n3="%E3%82%84%E3%81%BE%E3%81%8C%E3%82%89%E3%83%BC" dan="17,16,17,17" rate="2195.31,2118.35,2136.06,2182.51" sx="M,M,M,M"/><TAIKYOKU oya="0"/><INIT seed="0,0,0,5,1,134" ten="250,250,250,250" oya="0" hai0="28,65,2,40,6,60,84,129,62,51,125,27,100" hai1="105,37,41,70,91,17,93,124,10,58,33,49,114" hai2="48,15,8,22,80,127,95,12,130,89,50,135,86" hai3="76,38,113,126,1,101,56,82,79,32,92,59,67"/><T45/><D129/><U81/><E33/><V98/><F135/><W88/><G113/><T23/><D2/><U66/><E105/><V21/><F130/><W7/><G38/><T116/><D116/><U117/><E81/><V103/><F127/><W78/><G32/><T123/><D123/><U87/><E117/><V94/><F15/><W3/><G101/><T26/><D6/><U128/><E114/><V31/><F94/><W44/><G44/><T61/><D125/><U75/><E75/><V16/><REACH who="2" step="1"/><F8/><REACH who="2" ten="250,250,240,250" step="2"/><W47/><G92/><T72/><D72/><U53/><E124/><V46/><F46/><W104/><G47/><T19/><D100/><U18/><E128/><V120/><F120/><W108/><G126/><T55/><D40/><U42/><E10/><V54/><F54/><W85/><G1/><T29/><D84/><U133/><E133/><V9/><F9/><W90/><G3/><T122/><D122/><U20/><E41/><V25/><AGARI ba="0,1" hai="12,16,21,22,25,31,48,50,80,86,89,95,98,103" machi="25" ten="30,8000,1" yaku="1,1,0,1,8,1,54,1,53,1" doraHai="134" doraHaiUra="83" who="2" fromWho="2" sc="250,-40,250,-20,240,90,250,-20" /><INIT seed="1,0,0,0,0,90" ten="210,230,330,230" oya="1" hai0="77,107,131,37,15,31,57,133,6,127,115,89,135" hai1="63,106,59,2,126,67,29,121,47,33,73,26,39" hai2="101,42,23,54,13,17,98,7,28,5,9,99,112" hai3="55,85,87,75,104,1,69,132,44,8,51,86,125"/><U88/><E121/><V79/><F112/><W100/><G75/><T62/><D115/><U40/><E126/><V80/><F42/><W116/><G125/><T58/><D127/><U45/><E2/><V36/><F36/><W38/><G132/><T102/><D37/><U30/><E106/><V16/><F28/><W22/><G69/><T18/><D77/><U92/><E73/><V97/><F54/><W56/><G116/><T11/><D31/><U78/><E78/><V111/><F111/><W83/><G22/><T128/><D107/><U103/><E30/><V19/><F7/><W72/><G100/><T119/><D102/><U21/><E47/><V34/><F34/><W123/><G104/><T49/><D49/><U12/><E12/><V82/><F82/><W24/><G24/><T50/><D50/><U129/><E129/><N who="0" m="49737" /><D119/><U114/><E114/><V117/><F117/><W93/><G72/><T20/><D89/><U64/><E103/><V94/><REACH who="2" step="1"/><F23/><REACH who="2" ten="210,230,320,230" step="2"/><W124/><G124/><T48/><D133/><U105/><E33/><V134/><F134/><W109/><G109/><T52/><D135/><U27/><E67/><V53/><F53/><W120/><G55/><N who="0" m="34143" /><D20/><U46/><E27/><V110/><F110/><W130/><G120/><T71/><D71/><U122/><E122/><V91/><F91/><W61/><G123/><T108/><D108/><U95/><E39/><V10/><F10/><W41/><G38/><T0/><D6/><U60/><E40/><V113/><F113/><W32/><G130/><T68/><D68/><U76/><E21/><V4/><F4/><RYUUKYOKU ba="0,1" sc="210,15,230,-15,320,15,230,-15" hai0="0,11,15,18,48,52,57" hai2="5,9,13,16,17,19,79,80,94,97,98,99,101" /><INIT seed="2,1,1,1,4,88" ten="225,215,335,215" oya="2" hai0="128,16,117,45,77,31,62,55,9,100,50,56,40" hai1="120,79,19,134,22,42,96,66,126,102,69,90,39" hai2="14,41,122,29,84,30,35,57,36,18,104,65,109" hai3="99,107,115,21,113,3,32,78,51,91,101,83,81"/><V114/><F114/><N who="3" m="43531" /><G32/><T130/><D31/><U13/><E134/><V135/><F122/><W47/><G3/><T8/><D117/><U37/><E120/><V67/><F104/><W74/><G21/><T64/><D77/><U72/><E126/><V46/><F135/><W82/><G91/><T25/><D100/><U73/><E69/><V98/><F109/><W6/><G6/><T68/><D25/><U59/><E90/><V75/><F75/><W17/><G17/><T63/><REACH who="0" step="1"/><D16/><REACH who="0" ten="215,215,335,215" step="2"/><U15/><E79/><V105/><F30/><W4/><G4/><T20/><D20/><U125/><E22/><V24/><F18/><W43/><AGARI ba="1,2" hai="43,47,51,74,78,81,82,83,99,101,107" m="43531" machi="43" ten="30,1100,0" yaku="11,1" doraHai="88" who="3" fromWho="3" sc="215,-4,215,-4,335,-6,215,34" /><INIT seed="3,0,0,2,2,0" ten="211,211,329,249" oya="3" hai0="4,117,100,64,50,24,131,119,97,54,22,98,41" hai1="40,112,115,88,103,42,121,49,106,76,59,128,78" hai2="44,104,62,46,87,33,125,14,79,126,81,95,108" hai3="20,35,47,15,130,37,72,63,55,91,36,96,77"/><W75/><G35/><T123/><D123/><U68/><E121/><V122/><F122/><W32/><G32/><T93/><D131/><U60/><E68/><V53/><F104/><W29/><G130/><T73/><D73/><U6/><E128/><V23/><F33/><W118/><G118/><T116/><D64/><U114/><E106/><V110/><F95/><W18/><G29/><T43/><D98/><U92/><E103/><V38/><F62/><W31/><G31/><T28/><REACH who="0" step="1"/><D4/><REACH who="0" ten="201,211,329,249" step="2"/><U16/><E6/><V80/><F87/><W45/><G72/><T86/><D86/><N who="1" m="52247" /><E115/><V13/><F110/><W25/><G96/><T3/><D3/><U57/><E114/><V51/><F108/><W135/><G75/><T19/><D19/><U7/><E112/><V105/><F126/><W83/><G18/><T107/><D107/><U66/><E7/><V113/><F105/><W99/><G99/><T1/><D1/><U102/><E16/><V21/><F125/><W133/><G133/><T39/><D39/><U2/><E2/><V10/><F38/><W109/><G36/><T84/><D84/><U67/><E67/><V89/><F113/><W132/><G37/><T70/><D70/><U11/><E66/><V90/><F90/><W26/><G91/><T74/><D74/><U12/><E102/><V127/><F89/><W129/><G132/><T30/><D30/><U111/><E111/><V65/><F65/><W34/><G109/><T101/><D101/><U8/><E78/><V27/><F127/><W48/><G135/><T52/><D52/><U124/><E124/><RYUUKYOKU ba="0,1" sc="201,30,211,-10,329,-10,249,-10" hai0="22,24,28,41,43,50,54,93,97,100,116,117,119" /><INIT seed="4,1,1,5,5,64" ten="231,201,319,239" oya="0" hai0="123,120,81,36,124,44,115,39,14,58,43,118,54" hai1="16,127,110,9,24,34,66,102,26,12,131,93,6" hai2="97,19,23,60,8,69,117,20,114,106,107,135,94" hai3="62,74,111,121,129,21,37,0,132,3,113,128,88"/><T133/><D14/><U92/><E110/><V126/><F114/><W91/><G111/><T38/><D81/><U25/><E131/><V2/><F126/><W116/><G113/><T108/><D115/><U48/><E127/><V76/><F135/><W41/><G74/><T55/><D124/><U98/><E66/><V82/><F117/><W49/><G37/><N who="0" m="21615" /><D108/><U86/><E34/><V134/><F134/><W80/><G132/><T73/><D73/><U15/><E48/><V90/><F2/><W52/><G3/><T27/><D27/><U67/><E67/><V46/><F46/><W28/><G0/><T65/><D133/><U11/><REACH who="1" step="1"/><E86/><REACH who="1" ten="231,191,319,239" step="2"/><V32/><F32/><W4/><G128/><T56/><D118/><U50/><E50/><V5/><F60/><W72/><G49/><N who="0" m="30799" /><D65/><U96/><E96/><V77/><F97/><W17/><G116/><T71/><D71/><U53/><E53/><V59/><F69/><W51/><G52/><T122/><D55/><U10/><E10/><V95/><F8/><W79/><G129/><T35/><D35/><U87/><E87/><V83/><F20/><W47/><G21/><T1/><D1/><U130/><E130/><V85/><F23/><W22/><G22/><T30/><D30/><U45/><E45/><V63/><F85/><W105/><G28/><T119/><D119/><U68/><E68/><V104/><F77/><W42/><G79/><T84/><D84/><U18/><E18/><V109/><F76/><W89/><G17/><T61/><D61/><U103/><E103/><V29/><F109/><W112/><G112/><RYUUKYOKU ba="1,2" sc="231,15,191,15,319,-15,239,-15" hai0="36,38,39,58,120,122,123" hai1="6,9,11,12,15,16,24,25,26,92,93,98,102" /><INIT seed="4,2,2,4,2,103" ten="246,206,304,224" oya="0" hai0="40,134,104,129,2,117,38,28,31,126,14,127,82" hai1="133,100,43,123,5,85,3,75,9,122,57,41,36" hai2="44,22,68,115,76,79,58,97,55,121,130,131,83" hai3="77,124,54,18,102,91,27,26,98,120,89,30,101"/><T63/><D117/><U119/><E119/><V135/><F121/><W81/><G120/><T108/><D2/><U87/><E41/><V95/><F68/><W12/><G124/><N who="0" m="47659" /><D129/><N who="2" m="49162" /><F115/><W78/><G54/><T11/><D134/><U53/><E133/><V4/><F135/><W60/><G60/><T99/><D108/><U73/><E87/><V32/><F32/><W1/><G1/><T111/><D111/><U59/><E59/><V48/><F4/><W96/><G12/><T37/><D82/><U62/><E100/><N who="2" m="60479" /><F22/><W86/><G18/><T132/><D132/><U80/><E73/><N who="2" m="43407" /><F79/><W106/><G77/><T21/><D63/><U42/><E42/><V92/><F92/><W0/><G0/><T90/><D21/><U24/><E24/><V66/><F66/><W113/><G26/><T50/><D50/><U35/><E35/><V105/><F58/><W10/><G10/><T65/><D65/><U45/><E75/><V13/><F13/><W114/><G27/><T70/><D70/><U107/><E107/><AGARI ba="2,2" hai="44,48,55,105,107" m="43407,60479,49162" machi="107" ten="30,3900,0" yaku="19,1,52,2" doraHai="103" who="2" fromWho="1" sc="246,0,206,-45,304,65,224,0" /><INIT seed="5,0,0,5,1,96" ten="246,161,369,224" oya="1" hai0="2,64,72,48,33,20,65,27,13,82,36,103,55" hai1="81,121,31,101,7,109,92,122,126,86,116,76,66" hai2="14,112,54,42,85,29,9,105,128,63,52,12,24" hai3="3,61,73,38,69,133,75,50,119,120,95,134,71"/><U113/><E7/><V114/><F42/><W118/><G38/><T97/><D36/><U47/><E47/><V111/><F111/><W41/><G3/><T49/><D33/><U131/><E116/><N who="3" m="44586" /><G120/><T83/><D13/><U18/><E31/><V23/><F128/><W125/><G95/><N who="0" m="58815" /><D72/><N who="3" m="27721" /><G125/><T46/><D49/><U16/><E109/><V62/><F105/><W30/><G30/><N who="0" m="17767" /><D2/><U77/><E113/><N who="2" m="43627" /><F85/><W127/><G127/><T44/><D46/><U19/><E131/><V132/><F132/><N who="3" m="50795" /><G61/><N who="2" m="23049" /><F14/><W21/><G21/><T11/><D11/><U4/><E126/><V6/><AGARI ba="0,0" hai="6,9,12,23,24,29,52,54" m="23049,43627" machi="6" ten="30,4000,0" yaku="15,1,11,1,54,1" doraHai="96" who="2" fromWho="2" sc="246,-10,161,-20,369,40,224,-10" /><INIT seed="6,0,0,1,0,119" ten="236,141,409,214" oya="2" hai0="118,65,11,69,101,35,4,97,100,73,133,132,25" hai1="60,10,70,82,62,5,32,91,45,67,79,134,57" hai2="121,124,90,7,103,120,27,81,135,83,116,9,108" hai3="40,34,43,111,51,18,61,114,77,128,127,39,102"/><V37/><F37/><W63/><G111/><T94/><D73/><U26/><E134/><N who="0" m="51817" /><D118/><U68/><E91/><V87/><F135/><W33/><G51/><T86/><D86/><U30/><E45/><V23/><F116/><W20/><G18/><T46/><D46/><U113/><E113/><V16/><F108/><W117/><G20/><T84/><D84/><U8/><E5/><V89/><F124/><W24/><G24/><T99/><D65/><U106/><E106/><V98/><F89/><W22/><G102/><T130/><D69/><U19/><E19/><V59/><F59/><W49/><G49/><T58/><D58/><U105/><E105/><V29/><F29/><W107/><G107/><T112/><D130/><U55/><REACH who="1" step="1"/><E70/><REACH who="1" ten="236,131,409,214" step="2"/><V72/><F90/><W41/><G114/><T78/><D112/><U2/><E2/><V42/><F7/><W129/><G129/><T48/><D4/><U131/><E131/><V31/><F16/><W74/><G128/><T15/><D100/><U109/><E109/><V36/><F103/><W123/><G117/><T1/><D1/><U95/><E95/><V115/><F115/><W96/><G127/><T38/><D94/><U0/><E0/><V53/><F83/><W44/><G44/><T126/><D101/><U17/><E17/><V50/><F81/><W92/><G92/><T88/><D88/><U52/><E52/><V125/><F53/><W71/><G71/><T12/><D126/><U6/><E6/><V13/><F125/><W85/><G40/><T64/><D99/><U21/><E21/><V122/><F23/><RYUUKYOKU ba="0,1" sc="236,-10,131,30,409,-10,214,-10" hai1="8,10,26,30,32,55,57,60,62,67,68,79,82" /><INIT seed="7,1,1,1,5,57" ten="226,161,399,204" oya="3" hai0="135,65,35,82,132,59,133,61,28,16,115,14,25" hai1="73,7,88,109,1,131,104,122,80,113,90,39,19" hai2="126,9,87,130,8,51,101,17,112,45,5,114,18" hai3="111,23,36,26,75,110,31,94,119,100,72,98,56"/><W6/><G36/><T21/><D82/><U77/><E122/><V53/><F130/><W46/><G119/><T2/><D2/><U123/><E123/><V116/><F116/><W41/><G6/><T40/><D40/><U54/><E109/><V32/><F32/><W129/><G129/><T58/><D58/><U13/><E131/><V69/><F69/><W95/><G95/><T91/><D91/><U85/><E113/><AGARI ba="1,1" hai="14,16,21,25,28,35,59,61,65,113,115,132,133,135" machi="113" ten="50,6400,0" yaku="20,1,52,1,54,1" doraHai="57" who="0" fromWho="1" sc="226,77,161,-67,399,0,204,0" owari="303,10.0,94,-41.0,399,51.0,204,-20.0" /></mjloggm>