<mjloggm ver="2.3"><GO type="225" lobby="0"/><UN n0="%E2%96%BD%E4%B8%8E%E4%BD%9C%28%E3%81%8A%E3%81%AB%E3%81%8E%E3%82%8A" n1="%E3%81%82%E3%81%A3%E3%81%8D%E3%83%BC%E2%99%AA" n2="%E9%81%85%E5%88%BB%E3%81%AE%E3%83%97%E3%83%AA%E3%83%B3%E3%82%B9%E2%99%AA" n3="%6B%79%6F%6E%6B%6F%31%31" dan="17,16,16,17" rate="2175.26,2086.62,2127.38,2202.78" sx="M,M,F,M"/><TAIKYOKU oya="0"/><BYE who="2" /><INIT seed="0,0,0,3,3,40" ten="250,250,250,250" oya="0" hai0="67,110,111,123,126,36,103,131,18,1,43,133,78" hai1="34,54,122,41,79,50,28,22,44,3,17,130,115" hai2="59,72,124,42,127,57,106,55,76,64,92,38,77" hai3="61,108,70,95,29,94,48,101,93,31,60,35,9"/><T58/><BYE who="3" /><D123/><UN n2="%E9%81%85%E5%88%BB%E3%81%AE%E3%83%97%E3%83%AA%E3%83%B3%E3%82%B9%E2%99%AA" /><U46/><E122/><V39/><F106/><UN n3="%6B%79%6F%6E%6B%6F%31%31" /><W62/><G70/><T132/><D126/><N who="2" m="48170" /><F72/><W116/><G116/><T25/><D1/><U21/><E130/><V47/><F92/><W16/><G35/><T91/><D131/><U19/><E3/><V33/><F33/><W85/><G108/><N who="0" m="41515" /><D103/><U117/><E117/><V100/><F100/><W14/><G101/><T135/><D78/><N who="2" m="30314" /><F64/><W104/><G104/><T113/><D113/><U23/><E115/><V102/><F102/><W75/><G75/><T71/><D91/><U118/><E118/><V52/><F39/><W11/><G85/><T86/><D86/><U112/><E112/><V37/><F38/><W99/><G99/><T13/><D25/><U96/><E96/><V129/><F129/><W125/><G125/><T68/><D43/><U114/><E114/><V65/><F65/><W134/><G134/><T26/><D26/><U83/><E34/><V5/><F5/><W73/><G73/><T51/><D36/><U27/><E27/><V20/><F20/><W87/><G87/><T45/><D67/><U69/><E69/><V81/><F81/><W4/><G4/><T66/><D66/><U63/><E83/><V109/><F109/><W0/><G0/><T53/><D58/><AGARI ba="0,0" hai="37,42,47,52,55,57,58,59" m="30314,48170" machi="58" ten="30,3900,0" yaku="18,1,52,1,54,1" doraHai="40" who="2" fromWho="0" sc="250,-39,250,0,250,39,250,0" /><INIT seed="1,0,0,3,2,17" ten="211,250,289,250" oya="1" hai0="100,48,116,21,10,22,112,42,76,5,73,25,69" hai1="49,79,6,133,16,119,85,52,34,64,38,121,83" hai2="111,114,62,117,0,128,27,26,40,107,7,41,71" hai3="61,95,74,50,37,89,31,92,59,28,30,58,15"/><U20/><E119/><V2/><F117/><W47/><G37/><T127/><D116/><U94/><E121/><V126/><F111/><W81/><G74/><T101/><D112/><U82/><E133/><V113/><F126/><W110/><G110/><T132/><D69/><U102/><E38/><V8/><F107/><W63/><G15/><N who="0" m="5583" /><D73/><U124/><E124/><V12/><F128/><W80/><G47/><N who="0" m="25719" /><D127/><U39/><E39/><V72/><F72/><W134/><G50/><T88/><D132/><U96/><E34/><V13/><F62/><W91/><G31/><N who="0" m="17839" /><D76/><U97/><E6/><V24/><F71/><W43/><G43/><N who="2" m="16457" /><F8/><W19/><G19/><T87/><D22/><U67/><E96/><V51/><F51/><W70/><G70/><T9/><D9/><U93/><E93/><AGARI ba="0,0" hai="87,88,93,100,101" m="17839,25719,5583" machi="93" ten="30,3900,0" yaku="8,1,52,1,54,1" doraHai="17" who="0" fromWho="1" sc="211,39,250,-39,289,0,250,0" /><INIT seed="2,0,0,1,0,5" ten="250,211,289,250" oya="2" hai0="89,12,90,60,25,99,61,18,96,64,55,106,88" hai1="81,124,133,108,105,50,73,37,111,121,84,42,10" hai2="2,114,107,56,67,51,118,104,41,3,11,19,85" hai3="87,65,119,112,22,38,93,123,66,79,34,128,14"/><V20/><F118/><W21/><G34/><T69/><D25/><U115/><E115/><V109/><F114/><W91/><G119/><T49/><D61/><U134/><E37/><V44/><F109/><N who="1" m="42057" /><E105/><V27/><F85/><W13/><G38/><T8/><REACH who="0" step="1"/><D106/><REACH who="0" ten="240,211,289,250" step="2"/><U83/><E121/><V95/><F107/><W110/><G123/><T9/><D9/><U57/><E124/><V86/><F104/><W75/><G110/><T0/><D0/><U82/><E10/><V68/><F3/><W17/><G112/><T101/><D101/><U72/><E133/><V4/><F2/><W74/><G128/><T135/><D135/><U46/><E134/><V62/><F11/><W52/><G14/><T100/><D100/><U127/><E127/><V48/><F27/><W35/><G35/><T54/><D54/><U126/><E126/><V76/><F20/><W16/><G21/><T80/><D80/><N who="1" m="30827" /><E57/><AGARI ba="0,1" hai="8,12,18,49,55,57,60,64,69,88,89,90,96,99" machi="57" ten="40,5200,0" yaku="1,1,52,1,54,1,53,0" doraHai="5" doraHaiUra="130" who="0" fromWho="1" sc="240,62,211,-52,289,0,250,0" /><INIT seed="3,0,0,1,5,88" ten="302,159,289,250" oya="3" hai0="14,91,104,76,60,24,107,55,17,65,21,37,52" hai1="7,106,110,123,19,100,109,98,114,61,92,12,39" hai2="117,85,134,59,35,38,54,132,10,3,113,50,124" hai3="47,49,108,63,48,28,97,135,23,44,112,121,80"/><W122/><G112/><T87/><D37/><U30/><E114/><V111/><F117/><W29/><G135/><N who="2" m="51753" /><F113/><W103/><G80/><T31/><D76/><U11/><E123/><V34/><F111/><N who="1" m="42505" /><E39/><V99/><F124/><W4/><G4/><T116/><D107/><U86/><E30/><V1/><F38/><W130/><G130/><T18/><D104/><U74/><E74/><V90/><F99/><W81/><G81/><N who="0" m="49647" /><D116/><U0/><E61/><V53/><F53/><N who="0" m="20554" /><D14/><U96/><E86/><V13/><F3/><W42/><G63/><T32/><D32/><U57/><E57/><AGARI ba="0,0" hai="17,18,21,24,31,57,60,65" m="20554,49647" machi="57" ten="30,2000,0" yaku="8,1,54,1" doraHai="88" who="0" fromWho="1" sc="302,20,159,-20,289,0,250,0" owari="322,42.0,139,-36.0,289,9.0,250,-15.0" /></mjloggm>