<mjloggm ver="2.3"><GO type="169" lobby="0"/><UN n0="%EF%BC%BC%28%EF%BC%BE%6F%EF%BC%BE%29%EF%BC%8F%E2%98%85" n1="%74%65%6E%67%75%6D%61%6E" n2="%E5%B0%8F%E6%B1%A0%E7%BE%8E%E6%B3%A2%E2%8A%BF" n3="%52%45%49%4E%E6%A3%AE%E4%B9%85%E4%BF%9D%50" dan="17,16,16,16" rate="2226.75,2143.67,2094.27,2131.53" sx="M,M,F,M"/><TAIKYOKU oya="0"/><INIT seed="0,0,0,1,2,53" ten="250,250,250,250" oya="0" hai0="128,56,97,116,76,66,2,46,91,1,90,99,52" hai1="81,71,68,55,123,39,45,27,129,59,14,3,30" hai2="77,5,105,82,15,96,101,125,54,8,34,104,21" hai3="103,113,49,60,11,119,107,95,83,110,0,38,4"/><T131/><D76/><U61/><E3/><N who="0" m="1033" /><D46/><U36/><E123/><V29/><F34/><W134/><G110/><T93/><D66/><U79/><E129/><N who="0" m="49737" /><D116/><U111/><E111/><V122/><F122/><W51/><G134/><T17/><D17/><U120/><E14/><V70/><F15/><W117/><G113/><T94/><D93/><U92/><E120/><V121/><F104/><W89/><G38/><T32/><D32/><U7/><E7/><V12/><F5/><W6/><G83/><T115/><D115/><U132/><E132/><V65/><F65/><W98/><G6/><T13/><D13/><U86/><E92/><V84/><F82/><W44/><G119/><T28/><D28/><U23/><REACH who="1" step="1"/><E45/><REACH who="1" ten="250,240,250,250" step="2"/><V80/><F12/><W109/><G44/><T24/><D24/><U37/><AGARI ba="0,1" hai="23,27,30,36,37,39,55,59,61,68,71,79,81,86" machi="37" ten="30,7900,0" yaku="1,1,2,1,0,1,52,1,53,0" doraHai="53" doraHaiUra="43" who="1" fromWho="1" sc="250,-39,240,89,250,-20,250,-20" /><INIT seed="1,0,0,1,0,127" ten="211,329,230,230" oya="1" hai0="47,101,78,53,123,2,81,69,36,28,54,104,99" hai1="32,19,66,74,89,98,24,111,94,86,119,34,109" hai2="7,108,110,130,44,9,113,16,29,57,5,79,21" hai3="23,121,107,72,129,118,45,87,52,22,128,10,30"/><U122/><E74/><V40/><F113/><W3/><G72/><T97/><D123/><U93/><E122/><V132/><F132/><W91/><G121/><T8/><D28/><U120/><E120/><V56/><F29/><W26/><G107/><T46/><D99/><U12/><E66/><V85/><F85/><W41/><G118/><T70/><D46/><U115/><E24/><V64/><F79/><W62/><G10/><T114/><D114/><U82/><E94/><V11/><F64/><W0/><G22/><T134/><D134/><U63/><E119/><V55/><F40/><W50/><G62/><T80/><D80/><U95/><E95/><V42/><F42/><W60/><G60/><T126/><D126/><U43/><E63/><V59/><F44/><W116/><G41/><N who="0" m="22951" /><D54/><U71/><E43/><V84/><F55/><W35/><G35/><T100/><D100/><U27/><E71/><V17/><F84/><W4/><G116/><T58/><D58/><U96/><E27/><V61/><F61/><W76/><G76/><T77/><D77/><N who="1" m="46415" /><E98/><V106/><F57/><W51/><G51/><T1/><D53/><U102/><E102/><V133/><F133/><W90/><G4/><N who="0" m="1039" /><D2/><N who="3" m="553" /><G87/><T117/><D117/><U92/><E115/><V39/><F39/><W75/><G75/><AGARI ba="0,0" hai="69,70,75,78,81,97,101,104" m="1039,22951" machi="75" ten="30,3900,0" yaku="25,1,33,2" doraHai="127" who="0" fromWho="3" sc="211,39,329,0,230,0,230,-39" /><INIT seed="2,0,0,5,4,78" ten="250,329,230,191" oya="2" hai0="79,65,122,14,120,30,80,38,115,52,134,17,7" hai1="106,109,93,86,81,29,58,105,73,75,85,12,23" hai2="111,27,67,44,36,37,116,135,39,5,70,133,16" hai3="130,8,100,119,32,42,129,117,26,91,2,97,103"/><V124/><F116/><N who="3" m="44619" /><G42/><T35/><D7/><U71/><E71/><V121/><F121/><W11/><G91/><T87/><D115/><U110/><E58/><V77/><F5/><W84/><G84/><T61/><D38/><U62/><E12/><V13/><F124/><W0/><G97/><T4/><D4/><U132/><E23/><V99/><F99/><W28/><G100/><T131/><D134/><N who="2" m="51210" /><F27/><W83/><G83/><T68/><D131/><N who="3" m="50185" /><G103/><T3/><D3/><AGARI ba="0,0" hai="0,2,3,8,11,26,28,32" m="50185,44619" machi="3" ten="40,5200,0" yaku="19,1,34,2" doraHai="78" who="3" fromWho="0" sc="250,-52,329,0,230,0,191,52" /><INIT seed="3,0,0,0,4,134" ten="198,329,230,243" oya="3" hai0="125,4,65,6,96,133,74,34,98,54,60,17,9" hai1="73,131,105,120,117,71,108,40,37,86,29,90,102" hai2="41,76,109,5,28,113,118,63,27,104,95,1,79" hai3="24,78,18,126,68,55,43,67,103,35,119,3,135"/><W61/><G119/><T93/><D133/><U14/><E29/><V77/><F104/><W101/><G135/><T81/><D34/><U92/><E71/><V88/><F113/><W0/><G78/><T85/><D74/><U70/><E70/><V38/><F118/><W53/><G126/><T15/><D125/><U56/><E56/><V20/><F109/><W32/><G43/><T89/><D96/><U47/><E108/><V111/><F111/><W57/><G18/><T26/><D26/><U129/><E73/><V114/><F114/><W72/><G72/><T132/><D132/><U84/><E92/><V22/><F63/><W110/><G110/><T36/><D36/><U91/><E102/><V25/><F5/><W16/><G55/><T97/><D97/><U94/><E105/><V64/><F1/><W62/><G35/><T2/><D2/><U13/><E120/><V75/><F64/><W80/><G80/><T82/><D82/><U11/><E117/><V121/><F121/><W100/><REACH who="3" step="1"/><G32/><REACH who="3" ten="198,329,230,233" step="2"/><T48/><D65/><U58/><E40/><V127/><F127/><W51/><G51/><T31/><D60/><U21/><E37/><V130/><F41/><W106/><G106/><T66/><D66/><U12/><E94/><V87/><F38/><W83/><G83/><T52/><D54/><U45/><E21/><AGARI ba="0,1" hai="0,3,16,21,24,53,57,61,62,67,68,100,101,103" machi="21" ten="40,7700,0" yaku="1,1,54,1,53,1" doraHai="134" doraHaiUra="23" who="3" fromWho="1" sc="198,0,329,-77,230,0,233,87" /><INIT seed="3,1,0,1,0,125" ten="198,252,230,320" oya="3" hai0="111,109,96,22,7,133,135,56,95,36,104,54,98" hai1="52,77,115,108,121,114,62,17,75,31,83,5,90" hai2="69,45,65,70,87,19,43,93,126,9,82,1,29" hai3="80,130,74,81,101,123,55,53,97,30,0,11,6"/><W10/><G130/><T57/><D36/><U39/><E121/><V91/><F126/><W58/><G123/><T79/><D7/><U26/><E39/><V50/><F65/><W25/><G11/><T66/><D22/><U41/><E41/><V34/><F34/><W23/><G74/><T38/><D38/><U21/><E5/><V59/><F29/><W13/><G0/><T89/><D66/><U112/><E90/><V15/><F1/><W49/><REACH who="3" step="1"/><G55/><REACH who="3" ten="198,252,230,310" step="2"/><T63/><D54/><U78/><E52/><V128/><F128/><W3/><G3/><T46/><D135/><U106/><E75/><V2/><F2/><W18/><G18/><T99/><D133/><U51/><E17/><V84/><REACH who="2" step="1"/><F59/><REACH who="2" ten="198,252,220,310" step="2"/><W47/><G47/><T94/><D46/><U134/><E115/><V116/><F116/><W76/><G76/><AGARI ba="1,2" hai="9,15,19,43,45,50,69,70,76,82,84,87,91,93" machi="76" ten="30,2000,0" yaku="1,1,7,1,53,0" doraHai="125" doraHaiUra="92" who="2" fromWho="3" sc="198,0,252,0,220,43,310,-23" /><INIT seed="4,0,0,4,3,103" ten="198,252,263,287" oya="0" hai0="55,57,115,116,70,3,74,11,127,19,42,100,62" hai1="27,63,20,36,47,112,123,85,58,87,104,50,2" hai2="16,128,38,77,0,118,48,117,93,40,81,67,82" hai3="28,109,72,97,75,5,39,51,25,76,52,68,22"/><T132/><D116/><N who="2" m="44650" /><F38/><W95/><G68/><T94/><D115/><U106/><E36/><V84/><F0/><W125/><G109/><T79/><D132/><U113/><E2/><V14/><F67/><W133/><G39/><T9/><D127/><U7/><E7/><V66/><F66/><W83/><G125/><T89/><D100/><U46/><E123/><V34/><F34/><W10/><G133/><T130/><D130/><U92/><E63/><V8/><F128/><W37/><G37/><T26/><D70/><U120/><E58/><V43/><F93/><W90/><G75/><T65/><D42/><N who="1" m="24919" /><E47/><V78/><F48/><W108/><G108/><T121/><D121/><U126/><E126/><V99/><F99/><W135/><G135/><T31/><D3/><U17/><E120/><V30/><F30/><W59/><G10/><T49/><D19/><U73/><E73/><AGARI ba="0,0" hai="8,14,16,40,43,73,77,78,81,82,84" m="44650" machi="73" ten="30,2000,0" yaku="12,1,54,1" doraHai="103" who="2" fromWho="1" sc="198,0,252,-20,263,20,287,0" /><INIT seed="5,0,0,0,4,1" ten="198,232,283,287" oya="1" hai0="80,75,25,79,32,18,22,114,39,63,23,20,51" hai1="36,52,38,58,2,31,65,48,34,41,6,26,78" hai2="10,95,54,130,124,112,73,102,120,8,69,89,3" hai3="71,134,110,42,116,57,98,106,7,93,88,76,109"/><U122/><E122/><V12/><F120/><W129/><G71/><T111/><D39/><U82/><E41/><V105/><F73/><W119/><G42/><T0/><D111/><N who="3" m="42505" /><G7/><T121/><D114/><U84/><REACH who="1" step="1"/><E65/><REACH who="1" ten="198,222,283,287" step="2"/><V128/><F128/><W99/><G129/><T64/><D121/><U90/><E90/><V14/><F89/><W66/><G88/><T40/><D40/><U37/><E37/><V56/><F130/><W96/><G66/><T21/><D64/><U60/><E60/><V91/><F91/><W29/><G119/><T43/><D63/><U125/><E125/><V85/><F124/><W24/><G116/><T81/><D43/><U103/><E103/><V118/><F102/><W67/><G67/><T133/><D51/><U27/><E27/><V100/><F100/><W94/><G24/><T97/><D25/><U108/><E108/><V77/><F118/><W16/><G96/><T87/><D97/><U61/><E61/><V59/><F112/><W11/><G98/><T92/><D92/><U117/><E117/><V86/><F95/><W135/><G99/><T55/><D55/><U101/><E101/><V123/><F54/><W72/><G93/><T132/><D132/><U74/><E74/><V113/><F113/><W19/><G94/><T13/><D133/><U127/><E127/><V15/><F123/><W131/><G134/><T107/><D75/><U4/><E4/><V115/><F115/><W44/><G135/><T68/><D87/><U30/><E30/><V9/><F86/><W28/><G72/><T33/><D80/><U46/><E46/><RYUUKYOKU ba="0,1" sc="198,-10,222,30,283,-10,287,-10" hai1="2,6,26,31,34,36,38,48,52,58,78,82,84" /><INIT seed="5,1,1,5,3,36" ten="188,252,273,277" oya="1" hai0="109,86,50,127,96,73,31,13,14,102,114,68,19" hai1="53,38,70,104,101,39,92,60,94,48,59,63,77" hai2="81,74,130,3,105,9,28,85,87,33,20,121,88" hai3="64,100,58,34,29,107,90,5,117,8,7,82,91"/><U65/><E104/><V52/><F121/><W10/><G117/><T95/><D73/><U124/><E77/><V111/><F105/><W27/><G107/><T17/><D109/><U103/><E124/><V30/><F33/><W97/><G82/><T49/><D127/><U26/><E63/><V45/><F111/><W98/><G58/><T116/><D116/><U89/><E26/><V131/><F74/><W15/><G64/><T40/><D68/><U4/><E4/><N who="2" m="1183" /><F85/><W2/><G100/><T32/><D114/><U67/><E67/><V118/><F20/><W12/><G2/><T18/><D50/><U44/><E94/><V75/><F75/><W126/><G126/><T37/><D37/><U35/><E39/><V123/><F123/><W122/><G122/><T78/><D31/><U132/><E35/><V76/><F76/><W108/><G108/><T6/><D6/><U47/><E47/><V125/><F118/><W46/><G46/><N who="0" m="25799" /><D32/><U42/><REACH who="1" step="1"/><E132/><REACH who="1" ten="188,242,273,277" step="2"/><V120/><F125/><W69/><G69/><T134/><D134/><U54/><E54/><V11/><F52/><W25/><G34/><T23/><D23/><U83/><E83/><AGARI ba="1,2" hai="13,14,17,18,19,78,83,86,95,96,102" m="25799" machi="83" ten="30,2000,0" yaku="8,1,52,1" doraHai="36" who="0" fromWho="1" sc="188,43,242,-23,273,0,277,0" /><INIT seed="6,0,0,5,1,42" ten="231,219,273,277" oya="2" hai0="18,7,96,98,119,57,102,90,114,99,26,70,75" hai1="16,93,122,95,52,113,40,17,88,105,120,31,112" hai2="103,22,77,87,21,116,132,6,58,38,49,9,32" hai3="73,74,28,69,44,92,130,66,50,82,67,35,125"/><V23/><F38/><W94/><G130/><T129/><D70/><U0/><E105/><V68/><F116/><W100/><G125/><T30/><D75/><U64/><E64/><V123/><F68/><W51/><G69/><T128/><D119/><U4/><E31/><V106/><F32/><W14/><G14/><T24/><D114/><N who="1" m="44139" /><E40/><V47/><F123/><N who="1" m="47145" /><E52/><N who="2" m="29759" /><F106/><W83/><G28/><T118/><D118/><U11/><E95/><V59/><F103/><W33/><G100/><T61/><D7/><U104/><E104/><V65/><F65/><W79/><G44/><T71/><D71/><U45/><E45/><V110/><F132/><W97/><G79/><T109/><D109/><U76/><E76/><V13/><F110/><W126/><G97/><AGARI ba="0,0" hai="0,4,11,16,17,88,93,97" m="47145,44139" machi="97" ten="30,7700,0" yaku="15,1,13,1,54,2" doraHai="42" who="1" fromWho="3" sc="231,0,219,77,273,0,277,-77" /><INIT seed="7,0,0,4,3,135" ten="231,296,273,200" oya="3" hai0="48,117,46,21,1,20,76,107,121,49,96,73,67" hai1="61,55,134,98,13,123,130,106,72,10,42,56,25" hai2="101,45,8,126,82,97,131,116,125,63,94,113,100" hai3="85,51,47,91,19,50,27,16,28,37,43,90,59"/><W17/><G59/><T22/><D117/><U24/><E72/><V133/><F116/><W112/><G112/><T60/><D1/><U39/><E123/><V124/><F133/><W41/><G41/><T111/><D111/><U66/><E130/><V99/><F131/><W86/><G27/><T7/><D7/><U70/><E134/><V102/><F113/><W64/><G28/><T119/><D119/><U79/><E79/><V57/><F82/><W26/><G26/><T108/><D108/><U33/><E33/><V35/><F35/><W58/><G64/><T127/><D121/><U6/><E98/><N who="2" m="37387" /><F8/><W14/><G14/><T109/><D109/><U75/><E75/><V34/><F45/><W12/><G12/><T69/><D76/><U104/><E106/><V2/><F34/><W120/><G120/><T92/><D73/><U129/><E104/><V115/><F115/><W9/><G9/><T44/><D107/><U118/><E118/><V128/><F128/><W110/><G110/><T78/><D78/><U65/><E65/><N who="2" m="39151" /><F2/><W84/><REACH who="3" step="1"/><G37/><REACH who="3" ten="231,296,273,190" step="2"/><T89/><D44/><N who="1" m="23647" /><E129/><V18/><F18/><W62/><G62/><T15/><D15/><U40/><E40/><V132/><F132/><W71/><G71/><T80/><D46/><U114/><E114/><V3/><F3/><W52/><AGARI ba="0,1" hai="16,17,19,43,47,50,51,52,58,84,85,86,90,91" machi="52" ten="40,24000,3" yaku="1,1,0,1,8,1,54,2,53,3" doraHai="135" doraHaiUra="81" who="3" fromWho="3" sc="231,-80,296,-80,273,-80,190,250" owari="151,-35.0,216,2.0,193,-21.0,440,54.0" /></mjloggm>