<mjloggm ver="2.3"><GO type="169" lobby="0"/><UN n0="%E3%81%84%E3%81%84%E3%81%9E" n1="%41%6E%74%69%64%6F%74%65" n2="%E4%BD%8E%E3%82%81%E3%82%B9%E3%83%A9%E3%82%A4%E3%83%80%E3%83%BC" n3="%E9%BA%BB%E9%9B%80%49%51%31%32%30" dan="16,16,16,17" rate="2130.62,2200.22,2121.37,2092.54" sx="M,M,F,M"/><TAIKYOKU oya="0"/><INIT seed="0,0,0,1,4,76" ten="250,250,250,250" oya="0" hai0="134,49,3,23,97,122,14,116,77,2,35,10,80" hai1="29,71,100,33,6,106,89,92,19,70,125,128,93" hai2="34,39,32,52,101,119,126,83,30,110,41,84,53" hai3="90,68,21,107,43,28,11,8,1,132,131,25,61"/><T50/><D122/><U72/><E72/><V121/><F121/><W111/><G107/><T62/><D116/><U67/><E6/><V108/><F126/><W86/><G43/><T103/><D35/><U69/><E125/><V118/><F101/><W27/><G1/><T42/><D23/><U48/><E128/><V104/><F104/><W4/><G4/><T63/><D134/><U96/><E19/><V0/><F0/><W114/><G114/><T47/><D49/><U38/><E38/><V31/><F41/><W94/><G131/><T133/><D3/><U88/><E48/><V12/><F12/><W105/><G105/><T9/><D9/><U81/><E89/><V54/><F39/><W56/><G68/><T7/><D2/><U112/><E112/><V123/><F123/><W45/><G45/><T120/><D133/><U75/><E67/><V117/><F34/><W124/><G124/><T109/><D109/><N who="2" m="42090" /><F32/><W113/><G113/><T51/><D51/><U36/><E36/><V115/><F115/><W135/><G111/><T13/><D13/><U66/><E66/><V79/><AGARI ba="0,0" hai="30,31,52,53,54,79,83,84,117,118,119" m="42090" machi="79" ten="40,8000,1" yaku="12,1,14,1,52,1,54,1" doraHai="76" who="2" fromWho="2" sc="250,-40,250,-20,250,80,250,-20" /><INIT seed="1,0,0,4,5,53" ten="210,230,330,230" oya="1" hai0="21,60,93,58,71,76,52,113,5,7,125,114,49" hai1="65,77,42,57,81,115,110,17,70,127,75,51,35" hai2="62,27,74,28,55,48,67,109,72,24,133,97,112" hai3="34,56,68,12,126,82,118,121,117,44,13,101,105"/><U23/><E35/><V86/><F109/><W63/><G68/><T102/><D125/><U32/><E32/><V66/><F133/><W124/><G34/><T129/><D129/><U88/><E115/><V132/><F112/><W26/><G26/><T91/><D76/><U33/><E33/><V96/><F132/><W100/><G44/><T11/><D102/><N who="3" m="39529" /><G105/><T22/><D114/><U84/><E70/><V107/><F107/><W20/><G82/><T37/><D37/><U0/><E0/><V43/><F43/><W104/><G104/><T39/><D39/><U116/><E116/><N who="3" m="44650" /><G121/><T3/><D7/><U36/><E36/><V108/><F24/><W134/><G134/><T83/><D83/><U85/><E127/><N who="3" m="48682" /><G20/><T131/><D131/><U89/><E110/><V98/><F108/><W38/><G38/><T92/><D92/><U69/><E69/><V73/><F27/><W14/><G14/><T19/><D113/><U90/><E42/><V2/><F2/><W78/><G78/><T119/><D119/><U135/><E135/><V87/><F28/><W64/><AGARI ba="0,0" hai="12,13,56,63,64" m="48682,44650,39529" machi="64" ten="40,5200,0" yaku="12,1,18,1,52,1" doraHai="53" who="3" fromWho="3" sc="210,-13,230,-26,330,-13,230,52" /><INIT seed="2,0,0,1,5,113" ten="197,204,317,282" oya="2" hai0="82,73,12,115,63,88,87,77,94,109,116,33,119" hai1="54,69,53,70,129,128,122,103,32,117,14,131,21" hai2="27,13,39,134,90,76,99,17,106,22,96,18,4" hai3="74,7,55,104,108,81,20,132,78,98,42,107,80"/><V124/><F39/><W46/><G55/><N who="1" m="21002" /><E32/><V66/><F76/><W92/><G81/><T68/><D115/><U6/><E103/><V86/><F134/><W123/><G132/><T51/><D33/><U11/><E122/><V58/><F106/><W118/><G123/><T120/><D120/><U93/><E93/><V97/><F124/><W44/><G44/><T130/><D109/><U91/><E91/><V15/><F4/><W60/><G60/><T101/><D51/><U25/><E117/><N who="0" m="45129" /><D130/><N who="1" m="33283" /><U114/><DORA hai="31" /><E114/><V36/><F36/><W3/><G108/><T52/><D101/><U85/><E85/><V121/><F121/><W16/><G118/><T29/><D29/><AGARI ba="0,0" hai="6,11,14,21,25,29,69,70" m="33283,21002" machi="29" ten="40,1300,0" yaku="19,1" doraHai="113,31" who="1" fromWho="0" sc="197,-13,204,13,317,0,282,0" /><INIT seed="3,0,0,1,4,125" ten="184,217,317,282" oya="3" hai0="47,55,86,105,44,116,114,70,68,124,52,77,119" hai1="63,28,90,67,1,36,122,117,12,108,128,94,50" hai2="72,75,45,5,16,89,133,120,2,60,97,31,102" hai3="18,78,129,76,106,100,118,27,135,87,46,66,74"/><W51/><G118/><N who="0" m="45099" /><D86/><U21/><E1/><V48/><F133/><W15/><G135/><T127/><D77/><U131/><E117/><V104/><F31/><W83/><G66/><T130/><D105/><U82/><E36/><V7/><F120/><W4/><G106/><T79/><D79/><U84/><E122/><V91/><F60/><W71/><G71/><N who="0" m="27179" /><D114/><U54/><E108/><V9/><F7/><W61/><G61/><T93/><D93/><U17/><E28/><V30/><F30/><W112/><G112/><T39/><D130/><N who="1" m="49707" /><E63/><V57/><F2/><W92/><G129/><T20/><D20/><U37/><E37/><V111/><F111/><W53/><G78/><T96/><D96/><U49/><E67/><V121/><F121/><W99/><G74/><T8/><D8/><U32/><E32/><V85/><F75/><W95/><G95/><T110/><D110/><U40/><E40/><V19/><F72/><W109/><G109/><T107/><D107/><U115/><E115/><V26/><F104/><W65/><G65/><T23/><D23/><U59/><E49/><V0/><F48/><W3/><G3/><T34/><D34/><U69/><E69/><V11/><F0/><W22/><G4/><T29/><D29/><U33/><E33/><V101/><F5/><W132/><G132/><T98/><D39/><U123/><E123/><V6/><F6/><W41/><G41/><T64/><D64/><U88/><E90/><V24/><F91/><W134/><G134/><T13/><D127/><U58/><E94/><V14/><F89/><W103/><G103/><RYUUKYOKU ba="0,0" sc="184,-15,217,15,317,-15,282,15" hai1="12,17,21,50,54,58,59,82,84,88" hai3="15,18,22,27,46,51,53,76,83,87,92,99,100" /><INIT seed="3,1,0,2,1,119" ten="169,232,302,297" oya="3" hai0="88,116,47,41,129,117,109,102,56,59,1,83,9" hai1="107,135,90,48,6,4,61,67,114,124,111,73,57" hai2="82,54,21,132,115,42,101,92,38,133,63,128,39" hai3="134,36,70,76,84,35,16,20,74,106,8,69,33"/><W77/><G106/><T43/><D109/><U19/><E114/><V108/><F115/><W31/><G36/><T58/><D129/><U104/><E111/><V51/><F108/><W121/><G74/><T86/><D102/><U75/><E135/><N who="2" m="51787" /><F128/><W105/><G105/><T95/><D43/><U37/><E37/><V110/><F110/><W125/><G8/><T85/><D1/><U89/><E104/><V131/><F131/><W0/><G0/><T25/><D9/><U113/><E107/><V53/><F82/><W123/><G125/><T81/><D25/><U13/><E113/><V71/><F21/><W10/><G10/><T68/><D68/><U65/><E124/><V126/><F126/><W93/><G93/><T120/><D120/><U79/><E73/><V7/><F7/><W32/><G31/><T60/><D60/><U98/><E61/><V112/><F112/><W72/><G72/><T45/><D95/><U3/><E3/><V22/><F92/><W62/><G134/><T130/><D130/><U91/><E75/><V99/><F39/><W64/><G70/><T44/><D41/><U118/><E4/><V34/><F71/><W23/><G23/><T14/><D14/><U5/><E13/><V15/><F34/><W2/><G2/><T24/><D24/><U50/><E6/><V30/><F38/><W78/><REACH who="3" step="1"/><G84/><REACH who="3" ten="169,232,302,287" step="2"/><T55/><REACH who="0" step="1"/><D55/><REACH who="0" ten="159,232,302,287" step="2"/><U80/><E5/><V66/><F54/><W97/><G97/><T96/><D96/><U12/><E98/><V28/><F53/><W40/><G40/><T52/><D52/><U127/><E127/><RYUUKYOKU ba="1,2" sc="159,15,232,-15,302,-15,287,15" hai0="44,45,47,56,58,59,81,83,85,86,88,116,117" hai3="16,20,32,33,35,62,64,69,76,77,78,121,123" /><INIT seed="3,2,2,2,1,119" ten="174,217,287,302" oya="3" hai0="76,122,126,37,87,1,46,104,0,2,17,120,12" hai1="98,94,33,75,15,42,102,68,130,38,22,57,81" hai2="83,35,132,55,78,62,56,16,36,93,121,50,13" hai3="49,110,31,53,112,88,79,32,109,63,40,18,11"/><W128/><G79/><T73/><D104/><U47/><E68/><V107/><F107/><W71/><G112/><T105/><D105/><U28/><E33/><V95/><F132/><W96/><G128/><T24/><D126/><U82/><E130/><V113/><F36/><W66/><G40/><N who="0" m="22799" /><D12/><U45/><E75/><V85/><F113/><W97/><G32/><T23/><D17/><U92/><E45/><V5/><F35/><W114/><G31/><T124/><D23/><U44/><E44/><N who="2" m="28103" /><F5/><W125/><G125/><T7/><D24/><U51/><E94/><V111/><F121/><N who="0" m="46698" /><D87/><U108/><E15/><V101/><F101/><W91/><G114/><T77/><D77/><U27/><E82/><V59/><F111/><N who="3" m="42507" /><G11/><N who="0" m="2535" /><D124/><U84/><E108/><V52/><F56/><N who="3" m="32815" /><G18/><T43/><D43/><U117/><E57/><V64/><F64/><W39/><G39/><T60/><D60/><U58/><E58/><V86/><F86/><W41/><G41/><T133/><D133/><U89/><E38/><V8/><AGARI ba="2,2" hai="8,13,16,52,59,62,78,83,85,93,95" m="28103" machi="8" ten="30,4000,0" yaku="8,1,54,2" doraHai="119" who="2" fromWho="2" sc="174,-12,217,-12,287,66,302,-22" /><INIT seed="4,0,0,1,5,89" ten="162,205,353,280" oya="0" hai0="59,50,43,45,73,91,63,125,102,95,104,94,92" hai1="121,115,13,62,131,26,57,120,3,124,53,77,132" hai2="1,108,68,15,117,32,24,81,66,72,70,9,83" hai3="69,103,65,93,37,87,119,58,126,39,134,60,10"/><T8/><D125/><U112/><E3/><V42/><F108/><W12/><G119/><T44/><D73/><U33/><E13/><V79/><F117/><W28/><G134/><T114/><D114/><N who="1" m="43563" /><E77/><V123/><F123/><N who="1" m="47177" /><E26/><V100/><F100/><W20/><G69/><T22/><D104/><U5/><E5/><V74/><F42/><W40/><G40/><T64/><D102/><U113/><E33/><V96/><F66/><W106/><G106/><T67/><D44/><U4/><E4/><V30/><F96/><N who="3" m="59791" /><G87/><T49/><D67/><U14/><E14/><V41/><F41/><W11/><G126/><T80/><D8/><N who="3" m="3113" /><G12/><T0/><D0/><U127/><E113/><V107/><F107/><W101/><G101/><T16/><D80/><U110/><E132/><V122/><F122/><W54/><G54/><T27/><REACH who="0" step="1"/><D49/><REACH who="0" ten="152,205,353,280" step="2"/><U19/><E124/><V7/><F1/><W34/><G39/><T61/><D61/><U99/><E127/><V78/><AGARI ba="0,1" hai="7,9,15,24,30,32,68,70,72,74,78,79,81,83" machi="78" ten="30,2000,0" yaku="0,1,9,1" doraHai="89" who="2" fromWho="2" sc="152,-10,205,-5,353,30,280,-5" /><INIT seed="5,0,0,0,2,18" ten="142,200,383,275" oya="1" hai0="124,61,80,82,110,15,29,32,30,122,81,55,56" hai1="71,66,120,129,75,9,102,20,116,108,3,72,4" hai2="73,58,7,63,112,103,40,60,31,91,78,50,38" hai3="132,95,41,68,117,101,125,65,123,57,85,52,51"/><U22/><E116/><V21/><F38/><W49/><G123/><T133/><D110/><U14/><E120/><V107/><F7/><W10/><G68/><T0/><D122/><U126/><E108/><V46/><F107/><W113/><G65/><T118/><D118/><U44/><E102/><V8/><F103/><W25/><G125/><T28/><D124/><U2/><E126/><V87/><F112/><W35/><G113/><T17/><D0/><U93/><E129/><V76/><F8/><W119/><G10/><T23/><D133/><U36/><E93/><V42/><F42/><W39/><G39/><T6/><D6/><U24/><E2/><V106/><F106/><W1/><G1/><T115/><REACH who="0" step="1"/><D115/><REACH who="0" ten="132,200,383,275" step="2"/><U70/><E3/><V48/><F73/><W64/><G132/><T104/><D104/><U45/><E72/><V59/><F78/><W130/><G119/><T62/><D62/><U11/><E75/><V5/><F5/><W99/><G117/><T33/><AGARI ba="0,1" hai="15,17,23,28,29,30,32,33,55,56,61,80,81,82" machi="33" ten="40,5200,0" yaku="1,1,0,1,52,1,53,0" doraHai="18" doraHaiUra="86" who="0" fromWho="0" sc="132,62,200,-26,383,-13,275,-13" /><INIT seed="6,0,0,5,5,85" ten="194,174,370,262" oya="2" hai0="59,30,16,34,82,61,37,7,130,6,97,89,115" hai1="39,71,74,25,113,5,55,107,80,87,60,91,101" hai2="27,19,103,49,65,72,76,110,20,18,128,41,90" hai3="133,53,81,135,50,67,102,35,15,31,23,22,127"/><V48/><F128/><W33/><G67/><T13/><D130/><U98/><E39/><V106/><F110/><W93/><G81/><T75/><D37/><U117/><E117/><V129/><F129/><W58/><G127/><T119/><D119/><U69/><E113/><V83/><F65/><W121/><G121/><T126/><D126/><U1/><E25/><V29/><F106/><W120/><G120/><T122/><D122/><U63/><E74/><V0/><F103/><W100/><G100/><T64/><D115/><U51/><E1/><V47/><F0/><W108/><G23/><T44/><D44/><U134/><E5/><V4/><F4/><W8/><G22/><T10/><D34/><U12/><E12/><V96/><F49/><W24/><G35/><T26/><D75/><U125/><E134/><V94/><AGARI ba="0,0" hai="18,19,20,27,29,41,47,48,72,76,83,90,94,96" machi="94" ten="30,3000,0" yaku="0,1,52,1" doraHai="85" who="2" fromWho="2" sc="194,-10,174,-10,370,30,262,-10" /><INIT seed="6,1,0,0,1,22" ten="184,164,400,252" oya="2" hai0="69,11,32,50,110,126,70,102,24,23,58,25,37" hai1="26,132,87,48,7,13,41,57,33,1,66,9,18" hai2="67,108,52,54,106,14,30,133,90,86,101,121,4" hai3="80,6,94,56,123,114,111,124,28,29,88,116,16"/><V105/><F121/><W21/><G111/><T2/><D110/><U83/><E132/><V10/><F108/><W115/><G116/><T53/><D37/><U61/><E33/><V68/><F133/><W118/><G118/><T117/><D117/><U131/><E131/><V127/><F127/><W100/><G124/><T59/><D126/><U73/><E73/><V112/><F112/><N who="3" m="43051" /><G6/><T35/><D102/><U109/><E109/><V71/><F71/><W130/><G130/><T120/><D120/><U34/><E34/><V0/><F0/><W40/><G40/><T75/><D75/><U64/><E64/><V128/><F128/><W72/><G100/><T51/><D23/><N who="1" m="13687" /><E1/><V12/><F67/><W49/><G49/><T85/><D2/><U60/><E60/><V74/><F74/><W81/><G56/><T5/><D5/><U36/><E36/><V92/><F68/><W125/><G125/><T135/><D11/><U84/><E83/><N who="3" m="31818" /><G72/><T43/><D43/><U19/><E7/><V62/><F4/><W107/><G107/><T8/><D8/><U91/><E91/><V78/><F106/><W77/><G77/><T38/><D38/><U17/><E41/><V103/><F78/><W63/><G63/><T65/><D65/><U55/><E66/><V122/><F105/><W89/><G89/><T129/><D135/><U39/><E39/><V27/><F103/><W96/><G123/><T104/><D129/><U3/><E61/><V113/><F101/><W31/><G31/><T97/><D104/><U119/><E119/><V76/><F113/><W15/><AGARI ba="1,0" hai="15,16,21,28,29,88,94,96" m="31818,43051" machi="15" ten="30,8000,1" yaku="5,1,15,1,11,1,54,2" doraHai="22" who="3" fromWho="3" sc="184,-21,164,-21,400,-41,252,83" /><INIT seed="7,0,0,1,4,98" ten="163,143,359,335" oya="3" hai0="128,35,114,109,74,78,107,24,38,34,11,40,57" hai1="79,30,89,27,33,123,60,105,48,20,56,10,108" hai2="53,69,118,111,95,66,63,133,46,17,5,14,117" hai3="76,67,58,124,50,94,125,55,21,61,112,29,62"/><W65/><G112/><T103/><D109/><U4/><E108/><V135/><F111/><W44/><G76/><T73/><D57/><U59/><E123/><V15/><F95/><W129/><G94/><T0/><D114/><U31/><E105/><V88/><F88/><W41/><G129/><T96/><D128/><U13/><E79/><V9/><F53/><W19/><G29/><N who="0" m="19751" /><D78/><U122/><E122/><V8/><REACH who="2" step="1"/><F46/><REACH who="2" ten="163,143,349,335" step="2"/><W130/><G130/><T106/><D106/><U26/><E89/><V82/><F82/><W91/><G91/><T45/><D35/><U68/><REACH who="1" step="1"/><E48/><REACH who="1" ten="163,133,349,335" step="2"/><V126/><F126/><N who="3" m="48747" /><G62/><T70/><D107/><U132/><E132/><AGARI ba="0,2" hai="5,8,9,14,15,17,63,66,69,117,118,132,133,135" machi="132" ten="40,2600,0" yaku="1,1,20,1,53,0" doraHai="98" doraHaiUra="90" who="2" fromWho="1" sc="163,0,133,-26,349,46,335,0" owari="163,-24.0,107,-39.0,395,49.0,335,14.0" /></mjloggm>