<mjloggm ver="2.3"><GO type="185" lobby="0"/><UN n0="%E3%82%84%E3%81%BE%E3%81%8B%E3%81%84" n1="%63%61%6C%63%2E" n2="%E3%81%BF%E3%83%BC%E3%82%8F" n3="" dan="17,19,17,0" rate="2266.02,2392.58,2243.53,1500.00" sx="M,M,M,C"/><TAIKYOKU oya="0"/><INIT seed="0,0,0,4,0,131" ten="350,350,350,0" oya="0" hai0="81,1,75,70,125,38,37,43,64,36,68,98,126" hai1="46,97,113,61,104,74,135,82,87,121,0,66,90" hai2="118,99,130,127,62,34,101,40,128,111,124,84,114" hai3=""/><T88/><D1/><U94/><N who="1" m="31008" /><U60/><E0/><V103/><F34/><T41/><D75/><U83/><E113/><V80/><F40/><T35/><D35/><U132/><E46/><V105/><F62/><T2/><D2/><U52/><E104/><V33/><F114/><T51/><D81/><U32/><E32/><V56/><F56/><T109/><D109/><U44/><E74/><V69/><F69/><N who="0" m="26730" /><D88/><U100/><E82/><V78/><F33/><T134/><D98/><U119/><E119/><V117/><F111/><T95/><D95/><U57/><REACH who="1" step="1"/><E44/><REACH who="1" ten="350,340,350,0" step="2"/><V116/><REACH who="2" step="1"/><F103/><REACH who="2" ten="350,340,340,0" step="2"/><T63/><D126/><AGARI ba="0,2" hai="78,80,84,99,101,105,116,117,118,124,126,127,128,130" machi="126" ten="50,16000,3" yaku="1,1,2,1,12,1,18,1,34,3,53,1" doraHai="131" doraHaiUra="79" who="2" fromWho="0" sc="350,-160,340,0,340,180,0,0" /><INIT seed="1,0,0,0,1,41" ten="190,340,520,0" oya="1" hai0="129,93,103,53,70,54,133,55,64,88,115,98,111" hai1="94,85,52,77,62,74,44,121,71,59,78,63,67" hai2="107,100,87,66,82,42,90,43,83,65,32,68,104" hai3=""/><U95/><N who="1" m="31008" /><U57/><E74/><V84/><F100/><T75/><D115/><U0/><E0/><V96/><F96/><T119/><D119/><U47/><E71/><V112/><F68/><T50/><D111/><U109/><E109/><V108/><F90/><T123/><N who="0" m="31520" /><T39/><D39/><U60/><E60/><V34/><REACH who="2" step="1"/><F108/><REACH who="2" ten="190,340,510,0" step="2"/><T69/><D69/><U105/><E105/><V132/><F132/><T3/><D70/><U36/><E36/><V79/><F79/><N who="1" m="30217" /><E85/><V99/><F99/><T131/><D75/><U61/><E61/><V89/><F89/><T102/><D133/><U127/><E127/><V38/><F38/><T91/><D91/><U118/><E118/><V72/><F72/><T116/><D116/><U106/><E106/><V2/><F2/><T113/><D3/><U37/><E37/><V134/><F134/><T110/><D110/><U120/><N who="1" m="30752" /><U48/><E63/><V86/><F86/><T73/><D73/><U58/><E59/><V92/><F92/><AGARI ba="0,1" hai="44,47,48,52,57,58,62,67,92,94,95" m="30752,30217,31008" machi="92" ten="30,18000,2" yaku="8,1,52,4,54,1" doraHai="41" who="1" fromWho="2" sc="190,0,340,190,510,-180,0,0" /><INIT seed="1,1,0,2,3,67" ten="190,530,330,0" oya="1" hai0="47,32,57,125,59,84,96,129,132,113,100,133,41" hai1="109,52,77,87,70,63,38,73,114,120,128,72,34" hai2="89,118,45,101,62,82,53,131,75,107,44,94,0" hai3=""/><U90/><N who="1" m="30752" /><U68/><E114/><V127/><F118/><T69/><D113/><U83/><E34/><V119/><F119/><T135/><D32/><U39/><E128/><V123/><N who="2" m="31520" /><V81/><F0/><T126/><D129/><U79/><E109/><V115/><F131/><T95/><D84/><U91/><E52/><V46/><F115/><T110/><D110/><U40/><E63/><V1/><F1/><T50/><REACH who="0" step="1"/><D69/><REACH who="0" ten="180,530,330,0" step="2"/><U111/><E111/><V112/><F112/><T60/><D60/><U124/><E87/><V130/><F62/><T2/><D2/><U56/><E124/><AGARI ba="1,1" hai="41,47,50,57,59,95,96,100,124,125,126,132,133,135" machi="124" ten="50,8000,1" yaku="1,1,18,1,20,1,53,1" doraHai="67" doraHaiUra="37" who="0" fromWho="1" sc="180,92,530,-82,330,0,0,0" /><INIT seed="2,0,0,4,2,98" ten="272,448,330,0" oya="2" hai0="86,101,95,49,40,110,123,82,1,125,68,0,128" hai1="37,119,2,57,83,88,122,74,35,80,59,84,102" hai2="97,64,94,39,85,46,67,3,132,58,73,71,129" hai3=""/><V106/><F3/><T36/><N who="0" m="31520" /><T41/><D36/><U103/><N who="1" m="31264" /><U117/><E37/><V61/><F73/><T89/><D110/><U33/><E2/><V120/><N who="2" m="30752" /><V51/><F132/><T92/><D68/><U69/><E69/><V105/><F129/><T96/><D128/><U130/><E130/><V34/><F34/><T91/><D125/><U126/><E126/><V108/><F108/><T124/><D124/><U116/><E59/><V72/><F72/><T55/><D1/><U75/><E57/><V118/><F118/><T99/><REACH who="0" step="1"/><D0/><REACH who="0" ten="262,448,330,0" step="2"/><U93/><E33/><V43/><F39/><T121/><N who="0" m="31008" /><T53/><D53/><U66/><E35/><V109/><F109/><T81/><D81/><N who="1" m="31307" /><E66/><V111/><F111/><T52/><D52/><U104/><E116/><V133/><F67/><T60/><D60/><U131/><E131/><V38/><F38/><T54/><D54/><U112/><E117/><V63/><F63/><T127/><D127/><U44/><E119/><V107/><F71/><T79/><D79/><U65/><E65/><V62/><F61/><T56/><AGARI ba="0,1" hai="40,41,49,55,56,82,86,89,91,92,95,96,99,101" m="31008,31520" machi="56" ten="20,9000,2" yaku="1,1,0,1,7,1,8,1,52,3,53,0" doraHai="98" doraHaiUra="113" who="0" fromWho="0" sc="262,100,448,-30,330,-60,0,0" /><INIT seed="4,0,0,3,4,43" ten="362,418,270,0" oya="0" hai0="78,120,45,116,44,33,46,51,3,102,82,36,134" hai1="125,110,121,112,106,75,124,123,76,67,35,86,95" hai2="129,89,91,81,99,58,49,71,85,52,57,70,126" hai3=""/><T38/><N who="0" m="30752" /><T32/><D116/><U48/><N who="1" m="31008" /><U61/><N who="1" m="31520" /><U55/><E110/><V66/><F129/><T83/><D3/><U111/><E111/><V80/><F126/><N who="1" m="48745" /><E106/><V64/><F99/><T72/><D134/><U68/><E35/><V41/><F41/><T47/><D102/><U40/><E40/><V97/><F97/><T53/><REACH who="0" step="1"/><D83/><REACH who="0" ten="352,418,270,0" step="2"/><U131/><E131/><V133/><F133/><T122/><N who="0" m="31264" /><T2/><D2/><U128/><E128/><V84/><REACH who="2" step="1"/><F58/><REACH who="2" ten="352,418,260,0" step="2"/><T94/><D94/><U87/><E95/><V65/><AGARI ba="0,2" hai="49,52,57,64,65,66,70,71,80,81,84,85,89,91" machi="65" ten="30,6000,1" yaku="1,1,2,1,0,1,9,1,54,1,53,0" doraHai="43" doraHaiUra="92" who="2" fromWho="2" sc="352,-40,418,-20,260,80,0,0" /><INIT seed="5,0,0,0,0,56" ten="312,398,340,0" oya="1" hai0="81,65,133,76,61,60,94,71,36,49,120,45,121" hai1="1,63,97,113,131,118,115,96,99,77,117,54,72" hai2="64,69,84,42,51,82,62,89,134,129,124,55,73" hai3=""/><U105/><E1/><V79/><F134/><T101/><N who="0" m="30752" /><T122/><N who="0" m="31008" /><T92/><N who="0" m="31264" /><T85/><D133/><U68/><E105/><V43/><F124/><T33/><D33/><U112/><E131/><V109/><F109/><T40/><D101/><U0/><E0/><V114/><F114/><T37/><REACH who="0" step="1"/><D61/><REACH who="0" ten="302,398,340,0" step="2"/><U74/><E63/><V58/><F129/><T75/><D75/><U104/><E74/><V38/><REACH who="2" step="1"/><F38/><AGARI ba="0,1" hai="36,37,38,40,45,49,60,65,71,76,81,85,92,94" m="31264,31008,30752" machi="38" ten="40,8000,1" yaku="1,1,52,4,53,0" doraHai="56" doraHaiUra="52" who="0" fromWho="2" sc="302,90,398,0,340,-80,0,0" /><INIT seed="6,0,0,1,3,113" ten="392,398,260,0" oya="2" hai0="126,127,39,2,96,33,56,92,102,3,101,42,36" hai1="97,81,131,120,89,78,43,122,64,106,93,115,124" hai2="47,82,91,134,44,85,133,99,111,117,100,0,105" hai3=""/><V73/><F0/><N who="0" m="42" /><D33/><U54/><N who="1" m="30752" /><U1/><N who="1" m="31264" /><U38/><E1/><V69/><F69/><T121/><N who="0" m="31008" /><T50/><D101/><U98/><E115/><V94/><F111/><T114/><D114/><U128/><E124/><N who="0" m="47657" /><D56/><U49/><E64/><V125/><F125/><T116/><D116/><U118/><E118/><V67/><F67/><T80/><D80/><U79/><E106/><V61/><F61/><T51/><D42/><U109/><E109/><V132/><REACH who="2" step="1"/><F117/><REACH who="2" ten="392,398,250,0" step="2"/><T66/><D66/><U135/><E128/><V107/><F107/><T37/><AGARI ba="0,1" hai="36,37,39,50,51,92,96,102" m="47657,31008,42" machi="37" ten="40,2000,0" yaku="18,1,52,1" doraHai="113" who="0" fromWho="0" sc="392,30,398,-7,250,-13,0,0" owari="422,37.0,391,-1.0,237,-36.0,0,0.0" /></mjloggm>