<mjloggm ver="2.3"><GO type="169" lobby="0"/><UN n0="%E3%81%8B%E3%81%A5%E3%81%8D%EF%BC%B8%EF%BC%A9" n1="%E3%81%9F%E3%81%91%E3%81%A3%E3%81%A1%E2%98%85" n2="%E7%B4%A0%E6%8C%AF%E3%82%8A%E7%8C%AB" n3="%E9%B4%A8%E8%91%B1%E5%A4%AA%E9%83%8E" dan="17,16,17,17" rate="2122.71,2052.56,2148.24,2166.57" sx="M,M,M,M"/><TAIKYOKU oya="0"/><INIT seed="0,0,0,3,0,88" ten="250,250,250,250" oya="0" hai0="114,51,72,126,69,18,25,12,24,7,14,11,119" hai1="90,103,32,118,107,3,131,31,76,61,79,9,132" hai2="63,83,70,87,15,98,10,21,106,74,108,40,30" hai3="33,121,1,6,110,64,34,4,59,115,50,47,95"/><T125/><D72/><U117/><E132/><V92/><F108/><W134/><G115/><T44/><D69/><U85/><E131/><V55/><F74/><W71/><G71/><T127/><D119/><U109/><E109/><V58/><F40/><W56/><G134/><T28/><D114/><U23/><E32/><V16/><F106/><W81/><G110/><T111/><D111/><U29/><E107/><V77/><F70/><W2/><G81/><T97/><D97/><U89/><E103/><V0/><F0/><W37/><G64/><T42/><REACH who="0" step="1"/><D28/><REACH who="0" ten="240,250,250,250" step="2"/><U75/><E75/><V48/><F30/><W128/><G128/><T129/><D129/><U93/><E118/><V105/><F105/><W94/><G121/><T86/><D86/><U113/><E117/><V123/><F123/><W62/><G37/><T27/><D27/><U53/><E113/><V41/><F41/><W91/><G50/><T57/><D57/><U100/><E31/><V5/><F48/><W13/><G59/><T122/><D122/><U101/><E29/><V39/><F39/><W49/><G56/><T36/><D36/><U78/><E61/><V104/><F104/><W73/><G49/><T46/><D46/><U35/><E35/><V22/><REACH who="2" step="1"/><F5/><REACH who="2" ten="240,250,240,250" step="2"/><W17/><G73/><T133/><D133/><U124/><E3/><V19/><F19/><W54/><G2/><T43/><D43/><U52/><E53/><V80/><F80/><W60/><G54/><T96/><D96/><U120/><E52/><V102/><AGARI ba="0,2" hai="10,15,16,21,22,55,58,63,77,83,87,92,98,102" machi="102" ten="20,12000,2" yaku="1,1,0,1,7,1,8,1,52,1,54,1,53,0" doraHai="88" doraHaiUra="135" who="2" fromWho="2" sc="240,-60,250,-30,240,140,250,-30" /><INIT seed="1,0,0,5,0,17" ten="180,220,380,220" oya="1" hai0="41,21,103,91,1,15,54,22,75,86,58,33,82" hai1="102,117,25,0,99,115,107,126,10,101,46,62,36" hai2="28,65,7,57,70,104,134,123,93,56,16,4,31" hai3="30,8,105,83,89,19,24,110,6,26,20,27,118"/><U53/><E117/><V92/><F104/><W63/><G105/><T29/><D1/><U106/><E115/><V61/><F134/><W11/><G118/><T100/><D75/><U90/><E126/><V124/><F70/><W68/><G68/><T113/><D113/><U77/><E77/><V71/><F71/><W87/><G110/><T18/><D33/><U79/><E79/><V55/><F123/><W47/><G63/><T98/><D41/><U49/><E36/><V112/><F124/><W84/><G47/><T13/><D98/><U120/><E120/><V122/><F112/><W59/><G59/><T40/><D40/><U80/><E62/><V64/><F122/><W135/><G135/><T76/><D76/><U5/><E25/><V44/><F61/><W48/><G48/><N who="0" m="31047" /><D29/><U94/><REACH who="1" step="1"/><E102/><REACH who="1" ten="180,210,380,220" step="2"/><V35/><F65/><W60/><G60/><T121/><D121/><U37/><E37/><V111/><F64/><W43/><G30/><T96/><D96/><U14/><E14/><V133/><F31/><W32/><G32/><T23/><D13/><U119/><E119/><V50/><F28/><W95/><G84/><AGARI ba="0,1" hai="0,5,10,46,49,53,80,84,90,94,99,101,106,107" machi="84" ten="40,2000,0" yaku="1,1,53,0" doraHai="17" doraHaiUra="127" who="1" fromWho="3" sc="180,0,210,30,380,0,220,-20" /><INIT seed="1,1,0,3,2,96" ten="180,240,380,200" oya="1" hai0="71,89,116,9,121,64,76,37,51,34,12,30,122" hai1="6,32,24,0,78,33,52,23,104,82,40,80,19" hai2="79,109,55,85,90,36,53,95,131,117,62,107,2" hai3="91,115,134,74,130,94,112,102,29,126,87,84,98"/><U132/><E132/><V59/><F2/><W93/><G29/><T97/><D37/><U92/><E104/><V17/><F36/><W72/><G134/><T83/><D30/><U44/><E82/><V41/><F41/><W110/><G130/><T31/><D51/><U25/><E25/><V4/><F4/><W135/><G135/><T114/><D114/><N who="3" m="43561" /><G126/><T66/><D116/><U16/><E19/><V20/><F117/><W11/><G11/><T119/><D31/><U57/><E92/><V56/><F107/><W65/><G65/><T38/><D38/><U67/><E67/><V129/><F109/><W45/><G45/><T39/><D39/><N who="1" m="21535" /><E57/><V5/><F5/><W99/><G110/><T86/><D34/><U70/><E52/><N who="2" m="20043" /><F79/><W7/><G7/><T54/><D54/><U47/><E47/><V28/><F28/><W69/><G69/><T35/><D71/><U61/><E61/><V133/><F62/><W118/><G118/><T108/><D119/><U127/><E127/><V15/><F133/><W125/><G125/><T111/><D108/><U27/><E27/><V48/><F48/><W103/><G87/><T49/><D49/><U3/><E70/><V81/><F81/><AGARI ba="1,0" hai="72,74,81,84,91,93,94,98,99,102,103" m="43561" machi="81" ten="30,7700,0" yaku="34,2,52,2" doraHai="96" who="3" fromWho="2" sc="180,0,240,0,380,-80,200,80" /><INIT seed="2,0,0,2,5,25" ten="180,240,300,280" oya="2" hai0="44,107,108,24,42,57,28,116,99,76,49,12,85" hai1="120,21,34,35,38,98,89,67,124,105,30,112,134" hai2="72,86,55,13,84,104,46,93,33,9,39,20,59" hai3="131,27,113,97,68,62,66,17,1,73,81,127,53"/><V7/><F33/><W2/><G113/><T129/><D108/><U19/><E112/><V4/><F104/><W45/><G127/><T101/><D129/><U54/><E124/><V79/><F72/><W61/><G131/><T60/><D116/><U22/><E38/><V94/><F46/><W103/><G73/><T50/><D12/><U11/><E134/><V23/><F39/><W63/><G81/><T118/><D118/><U3/><E120/><V51/><F7/><W56/><G63/><T71/><D71/><U87/><E67/><V47/><F79/><W123/><G45/><T88/><D76/><U128/><E128/><V114/><F114/><W78/><G78/><T10/><D10/><U126/><E126/><V37/><F84/><W117/><G117/><T115/><D115/><U41/><E41/><V130/><F130/><W80/><G80/><T122/><D122/><U90/><E105/><V52/><F37/><W16/><G123/><T70/><D70/><U102/><E3/><V32/><F32/><W14/><G27/><T83/><D49/><U26/><E11/><V95/><REACH who="2" step="1"/><F86/><REACH who="2" ten="180,240,290,280" step="2"/><W92/><REACH who="3" step="1"/><G17/><REACH who="3" ten="180,240,290,270" step="2"/><T75/><D75/><U31/><E19/><V82/><F82/><W5/><G5/><T36/><D36/><U100/><E87/><V110/><F110/><W48/><G48/><AGARI ba="0,2" hai="4,9,13,20,23,47,48,51,52,55,59,93,94,95" machi="48" ten="40,7700,0" yaku="1,1,8,1,54,1,53,0" doraHai="25" doraHaiUra="106" who="2" fromWho="3" sc="180,0,240,0,290,97,270,-77" /><INIT seed="2,1,0,4,3,90" ten="180,240,387,193" oya="2" hai0="2,59,71,21,12,15,43,14,51,6,91,107,56" hai1="69,88,66,38,7,83,129,86,121,55,13,5,109" hai2="135,118,57,76,72,123,73,19,42,62,29,89,18" hai3="46,95,20,87,82,4,23,126,75,64,53,85,3"/><V61/><F118/><W99/><G126/><T125/><D107/><U25/><E121/><V132/><F42/><W74/><G64/><T63/><D71/><U48/><E109/><V96/><F29/><W10/><G85/><T44/><D125/><U124/><E38/><V37/><F37/><W9/><G10/><T32/><D32/><U1/><E1/><V26/><F123/><W133/><G133/><N who="2" m="51273" /><F26/><W128/><G128/><T28/><D2/><U93/><E124/><V67/><F76/><W104/><G104/><T35/><D35/><U103/><E129/><V80/><F80/><W97/><G97/><T68/><D68/><U60/><E25/><V0/><F0/><W81/><G81/><T27/><D6/><U24/><E24/><V122/><F62/><W65/><G65/><T111/><D111/><U17/><E103/><V49/><F49/><W34/><G34/><T11/><D11/><U100/><E100/><V36/><F36/><W8/><G8/><T115/><D115/><U130/><E130/><V92/><F122/><W30/><G30/><T116/><D116/><U47/><REACH who="1" step="1"/><E83/><REACH who="1" ten="180,230,387,193" step="2"/><V102/><F102/><N who="3" m="60799" /><G75/><AGARI ba="1,1" hai="18,19,57,61,67,72,73,75,89,92,96" m="51273" machi="75" ten="30,2900,0" yaku="20,1,52,1" doraHai="90" who="2" fromWho="3" sc="180,0,230,0,387,42,193,-32" /><INIT seed="2,2,0,4,2,111" ten="180,230,429,161" oya="2" hai0="42,119,122,88,64,92,95,83,0,70,90,104,22" hai1="127,12,109,51,85,14,16,81,80,125,56,52,32" hai2="73,113,46,123,11,24,86,61,94,1,10,13,60" hai3="100,39,71,118,101,75,131,107,62,66,20,134,120"/><V82/><F123/><W68/><G100/><T69/><D0/><U18/><E32/><V47/><F73/><W50/><G101/><T15/><D64/><U3/><E3/><V33/><F1/><W67/><G20/><T17/><D104/><U98/><E98/><V2/><F2/><W4/><G4/><T106/><D106/><U53/><E109/><V31/><F94/><W79/><G107/><T40/><D122/><U121/><E121/><V93/><F93/><W37/><G120/><T5/><D5/><U105/><E105/><V132/><F132/><W129/><G79/><T84/><D83/><U45/><E85/><V72/><F72/><W21/><G21/><T19/><D119/><U87/><E87/><V28/><F13/><W108/><G75/><T76/><D76/><U112/><E112/><V58/><F86/><W49/><G108/><T115/><D84/><U124/><E12/><V99/><F24/><W54/><G134/><T102/><D22/><N who="1" m="11543" /><E18/><V77/><F33/><W30/><G30/><T23/><D23/><U65/><E65/><V26/><F26/><W41/><G118/><T48/><D15/><U110/><E110/><V96/><F77/><W89/><G89/><T97/><D102/><U38/><E38/><V25/><F25/><W55/><G41/><T36/><D36/><U117/><E117/><V91/><F91/><W6/><G6/><T7/><D7/><U29/><E29/><V59/><F82/><W9/><G9/><T135/><D90/><U126/><N who="1" m="31744" /><DORA hai="74" /><U8/><E8/><V44/><F11/><W43/><G43/><RYUUKYOKU ba="2,0" sc="180,-15,230,15,429,-15,161,15" hai1="45,51,52,53,56,80,81" hai3="37,39,49,50,54,55,62,66,67,68,71,129,131" /><INIT seed="3,3,0,4,2,58" ten="165,245,414,176" oya="3" hai0="85,129,66,35,69,44,93,123,53,5,83,105,48" hai1="82,7,23,17,0,59,26,120,16,18,102,43,2" hai2="121,88,3,15,128,12,75,124,55,1,20,104,74" hai3="116,111,130,50,125,112,106,39,77,31,21,96,109"/><W103/><G39/><T73/><D105/><U107/><E120/><V41/><F104/><W78/><G116/><T49/><D35/><U63/><E43/><V62/><F20/><W27/><G112/><T45/><D123/><U10/><E2/><V118/><F41/><W98/><G130/><T9/><D129/><U76/><E102/><V101/><F101/><W56/><G98/><T32/><D32/><U84/><REACH who="1" step="1"/><E107/><REACH who="1" ten="165,235,414,176" step="2"/><V34/><F128/><W40/><G125/><T60/><D73/><U90/><E90/><V65/><F3/><W100/><G100/><T117/><D117/><U113/><E113/><V71/><F1/><W70/><G40/><T25/><D25/><U52/><AGARI ba="3,1" hai="0,7,10,16,17,18,23,26,52,59,63,76,82,84" machi="52" ten="20,12000,2" yaku="1,1,0,1,7,1,52,1,54,2,53,0" doraHai="58" doraHaiUra="97" who="1" fromWho="1" sc="165,-33,235,139,414,-33,176,-63" /><INIT seed="4,0,0,3,1,96" ten="132,374,381,113" oya="0" hai0="83,104,111,36,108,16,109,8,62,100,93,51,98" hai1="52,71,0,89,12,105,123,77,92,133,38,7,72" hai2="94,70,135,29,11,61,20,54,64,14,6,27,58" hai3="57,76,85,28,97,125,55,9,24,15,32,26,73"/><T81/><D36/><U82/><E123/><V34/><F94/><W5/><G73/><T47/><D62/><U21/><E71/><V80/><F80/><W44/><G125/><T43/><D104/><U59/><E38/><V103/><F135/><W65/><G65/><T129/><D129/><U37/><E37/><V130/><F130/><W48/><G24/><T112/><D112/><U60/><E105/><V126/><F126/><W67/><G67/><T56/><D56/><U50/><E0/><V1/><F103/><W42/><G97/><T113/><D113/><U78/><E78/><V53/><F58/><W18/><G18/><AGARI ba="0,0" hai="1,6,11,14,18,20,27,29,34,53,54,61,64,70" machi="18" ten="40,2600,0" yaku="24,2" doraHai="96" who="2" fromWho="3" sc="132,0,374,0,381,26,113,-26" /><INIT seed="5,0,0,4,2,35" ten="132,374,407,87" oya="1" hai0="44,129,76,43,11,27,78,131,9,13,54,48,86" hai1="73,116,33,23,124,38,130,28,75,22,62,83,26" hai2="20,123,118,34,52,91,30,37,68,10,3,21,125" hai3="101,97,46,89,126,98,61,64,96,18,84,17,114"/><U81/><E116/><V7/><F68/><W71/><G126/><T47/><D27/><U92/><E124/><V14/><F37/><W1/><G1/><T60/><D9/><U127/><E127/><V87/><F123/><W58/><G114/><T8/><D8/><U109/><E109/><V32/><F118/><W106/><G71/><T72/><D72/><U104/><E104/><V40/><F40/><W65/><G65/><T134/><D134/><U36/><E130/><N who="0" m="49673" /><D86/><U59/><E33/><V31/><F125/><W120/><G120/><T0/><D0/><U79/><E23/><V12/><F31/><W113/><G113/><T90/><D90/><U111/><E111/><V119/><F119/><W93/><G46/><T69/><D69/><U19/><E28/><V132/><F132/><W42/><G42/><T105/><D105/><U51/><E51/><V70/><F70/><W77/><G77/><T103/><D103/><U85/><E92/><V82/><F14/><W135/><G135/><T57/><D47/><U2/><E2/><V5/><F5/><AGARI ba="0,0" hai="5,11,13,43,44,48,54,57,60,76,78" m="49673" machi="5" ten="30,1000,0" yaku="19,1" doraHai="35" who="0" fromWho="2" sc="132,10,374,0,407,-10,87,0" /><INIT seed="6,0,0,0,3,60" ten="142,374,397,87" oya="2" hai0="74,112,46,50,14,58,125,3,126,5,95,114,98" hai1="85,2,29,54,66,97,70,20,32,120,89,111,131" hai2="132,61,78,43,113,15,127,123,57,130,34,100,10" hai3="48,104,110,76,36,75,44,39,109,94,96,65,108"/><V18/><F34/><W118/><G104/><T7/><D74/><U84/><E111/><V134/><F123/><W30/><G30/><T53/><D3/><U117/><E120/><V35/><F35/><W8/><G118/><T72/><D72/><U101/><E117/><V38/><F113/><N who="0" m="43626" /><D46/><U27/><E131/><V91/><F130/><W63/><G76/><T25/><D25/><U102/><E2/><V11/><F127/><N who="0" m="48650" /><D14/><U28/><E32/><V47/><F78/><W45/><G75/><T115/><N who="0" m="43634" /><T83/><DORA hai="55" /><D83/><U62/><E29/><V73/><F73/><W122/><G122/><T121/><D121/><U23/><E23/><V128/><F128/><W67/><G8/><T40/><D40/><U105/><E102/><AGARI ba="0,0" hai="5,7,50,53,58,95,98,102" m="48650,43634" machi="102" ten="40,5200,0" yaku="15,1,18,1,52,1" doraHai="60,55" who="0" fromWho="1" sc="142,52,374,-52,397,0,87,0" /><INIT seed="7,0,0,2,3,62" ten="194,322,397,87" oya="3" hai0="122,126,75,130,110,103,44,38,81,85,6,48,87" hai1="47,9,89,74,17,23,96,50,128,82,51,109,80" hai2="66,43,30,88,11,10,27,54,73,93,133,117,36" hai3="68,134,46,34,121,112,127,120,42,94,67,77,8"/><W14/><G34/><T18/><D110/><U13/><E109/><V70/><F73/><W35/><G35/><T61/><D122/><U25/><E128/><V59/><F133/><W39/><G134/><T72/><D38/><U132/><E132/><V119/><F11/><W22/><G77/><T26/><D6/><U111/><E111/><V100/><F100/><W69/><G127/><T1/><D1/><U105/><E74/><V5/><F43/><W101/><G22/><T56/><D126/><U99/><E105/><V125/><F36/><W16/><G112/><T129/><D103/><U15/><E15/><V115/><F115/><W20/><G20/><N who="0" m="13591" /><D75/><U123/><E123/><V2/><F70/><W84/><G69/><T28/><D28/><U55/><E51/><V41/><F125/><W3/><G3/><T64/><D72/><U83/><E89/><V33/><F41/><W57/><G68/><T52/><D81/><U91/><E91/><V97/><F54/><W86/><G86/><T116/><D116/><U60/><E60/><V90/><F90/><W114/><G114/><T98/><D98/><U19/><AGARI ba="0,0" hai="9,13,17,19,23,25,47,50,55,80,82,83,96,99" machi="19" ten="30,2000,0" yaku="0,1,8,1" doraHai="62" who="1" fromWho="1" sc="194,-5,322,20,397,-5,87,-10" owari="189,-21.0,342,14.0,392,49.0,77,-42.0" /></mjloggm>