<mjloggm ver="2.3"><GO type="169" lobby="0"/><UN n0="%5A%65%6E" n1="%E3%81%B5%E3%81%98%E3%81%8B%E3%81%A4" n2="%E5%AE%9F%E5%AD%98" n3="%E2%80%A0%E7%99%BD%E5%85%8E%E2%80%A0" dan="16,16,17,16" rate="2169.56,2191.08,2180.65,2161.94" sx="M,M,M,M"/><TAIKYOKU oya="0"/><INIT seed="0,0,0,2,5,123" ten="250,250,250,250" oya="0" hai0="30,134,118,94,103,38,31,34,51,67,129,24,108" hai1="63,42,90,74,79,104,125,11,13,37,6,102,43" hai2="87,45,113,8,85,17,93,76,33,71,52,100,70" hai3="117,26,1,29,126,21,80,54,110,55,92,59,101"/><T105/><D118/><U44/><E125/><V116/><F113/><W83/><G117/><T0/><D38/><U25/><E43/><V78/><F33/><W32/><G126/><T88/><D134/><U20/><E63/><V131/><F116/><W23/><G1/><T47/><D0/><U96/><E90/><V95/><F8/><W46/><G110/><T60/><D129/><U69/><E20/><V106/><F106/><W18/><G32/><T73/><D73/><U77/><E25/><V115/><F115/><W15/><G46/><T66/><D31/><U40/><E40/><V98/><F17/><W56/><G92/><T68/><D67/><U5/><E69/><V81/><F131/><W82/><REACH who="3" step="1"/><G101/><REACH who="3" ten="250,250,250,240" step="2"/><T62/><D108/><U132/><E132/><V124/><F124/><W27/><G27/><T53/><D103/><U39/><E37/><V61/><F93/><W97/><G97/><T114/><D114/><U128/><E128/><V28/><F45/><W127/><G127/><T4/><D105/><U99/><E96/><V107/><F107/><W111/><G111/><T133/><D133/><U10/><E74/><V120/><F100/><W65/><G65/><T84/><D66/><U130/><E130/><V86/><F95/><W112/><G112/><T19/><D68/><U72/><E72/><V119/><F98/><W64/><G64/><T57/><D47/><U50/><REACH who="1" step="1"/><E39/><REACH who="1" ten="250,240,250,240" step="2"/><V58/><F71/><W75/><G75/><T89/><D24/><U3/><AGARI ba="0,2" hai="3,5,6,10,11,13,42,44,50,77,79,99,102,104" machi="3" ten="20,5200,0" yaku="1,1,2,1,0,1,7,1,53,0" doraHai="123" doraHaiUra="22" who="1" fromWho="1" sc="250,-26,240,72,250,-13,240,-13" /><INIT seed="1,0,0,3,4,11" ten="224,312,237,227" oya="1" hai0="124,15,65,133,101,114,116,96,118,89,92,108,120" hai1="68,21,80,85,44,79,86,60,0,128,81,40,28" hai2="10,38,123,43,64,111,106,19,54,95,132,30,37" hai3="76,110,103,23,127,4,39,53,100,130,51,105,131"/><U18/><E128/><V87/><F106/><W70/><G39/><T125/><D65/><U8/><E28/><V41/><F123/><W109/><G70/><T104/><D114/><U117/><E117/><N who="0" m="45161" /><D15/><U45/><E45/><V102/><F64/><W50/><G4/><T49/><D49/><U122/><E122/><V115/><F30/><W57/><G127/><N who="0" m="48715" /><D120/><U93/><E0/><V61/><F37/><W75/><G23/><T13/><D13/><U90/><E8/><V72/><F10/><W52/><G105/><T24/><D24/><U3/><E3/><V12/><F38/><W27/><G27/><T16/><D16/><U129/><E68/><V36/><F36/><W113/><G57/><T82/><D108/><U22/><E60/><V73/><F111/><W78/><REACH who="3" step="1"/><G75/><REACH who="3" ten="224,312,237,217" step="2"/><T9/><D9/><U62/><E22/><V126/><F72/><W121/><G121/><T2/><D2/><U20/><E20/><V98/><F73/><W69/><G69/><T71/><D71/><U46/><E21/><V26/><F26/><W31/><G31/><T56/><D56/><U33/><E18/><V94/><F19/><W6/><G6/><T66/><D133/><U7/><E7/><V17/><F132/><W5/><G5/><T135/><D135/><U32/><E46/><V58/><F126/><W119/><G119/><T107/><D66/><U74/><E44/><V35/><F17/><W91/><G91/><T25/><D25/><U134/><E90/><V63/><F58/><W84/><G84/><AGARI ba="0,1" hai="82,84,89,92,96,101,104,107" m="48715,45161" machi="84" ten="30,3900,0" yaku="18,1,34,2" doraHai="11" who="0" fromWho="3" sc="224,49,312,0,237,0,217,-39" /><INIT seed="2,0,0,2,5,96" ten="273,312,237,178" oya="2" hai0="120,50,84,74,129,73,107,102,70,76,127,31,68" hai1="17,117,104,78,24,46,97,7,2,29,90,53,98" hai2="43,51,38,41,57,108,93,48,1,115,27,118,33" hai3="86,20,26,9,125,105,10,80,11,12,77,114,109"/><V67/><F118/><W87/><G109/><T82/><D120/><U128/><E117/><V36/><F115/><W134/><G125/><T110/><D110/><U5/><E128/><V6/><F108/><W133/><G114/><T23/><D127/><U56/><E78/><V113/><F113/><W61/><G105/><T69/><D129/><U22/><E46/><V126/><F6/><W3/><G3/><T0/><D0/><U85/><E2/><V47/><F1/><W130/><G130/><T13/><D50/><U39/><E39/><V94/><F126/><W54/><G87/><T91/><D76/><U64/><E64/><V89/><F94/><W32/><G32/><T124/><D124/><U81/><E29/><V18/><F43/><W135/><G54/><T119/><D119/><U62/><E104/><V8/><F33/><W34/><G61/><T16/><REACH who="0" step="1"/><D31/><REACH who="0" ten="263,312,237,178" step="2"/><U111/><E111/><V131/><F51/><W100/><G134/><T52/><D52/><U101/><E53/><V37/><F131/><W112/><G112/><T122/><D122/><U25/><E62/><V75/><F38/><W71/><G135/><T21/><D21/><U65/><E22/><V42/><F42/><W123/><G133/><T30/><D30/><U72/><E72/><V66/><F75/><W44/><G123/><T40/><D40/><U79/><E79/><V83/><F37/><W35/><G35/><T92/><D92/><U95/><E95/><V19/><F36/><W106/><G34/><T99/><AGARI ba="0,1" hai="13,16,23,68,69,70,73,74,82,84,91,99,102,107" machi="99" ten="40,8000,1" yaku="1,1,0,1,52,1,54,1,53,0" doraHai="96" doraHaiUra="55" who="0" fromWho="0" sc="263,90,312,-20,237,-40,178,-20" /><INIT seed="3,0,0,0,2,96" ten="353,292,197,158" oya="3" hai0="100,31,54,85,98,61,88,51,55,14,111,130,15" hai1="27,66,29,48,65,119,131,17,132,108,6,0,13" hai2="38,71,50,80,34,92,129,40,91,72,16,127,104" hai3="86,45,37,90,57,106,78,83,39,107,125,52,115"/><W59/><G115/><T79/><D79/><U8/><E108/><V1/><F1/><W75/><G125/><T4/><D111/><U47/><E119/><V26/><F71/><W25/><G25/><T73/><D73/><U28/><E132/><V121/><F127/><W128/><G128/><T116/><D130/><U77/><E131/><V5/><F5/><W33/><G33/><T20/><D116/><U11/><E77/><V113/><F129/><W63/><G59/><N who="0" m="35071" /><D4/><U68/><E68/><V42/><F121/><W49/><G37/><T44/><D31/><U36/><E36/><V56/><F113/><W32/><G32/><T105/><D105/><U97/><E29/><V89/><F104/><W94/><REACH who="3" step="1"/><G39/><REACH who="3" ten="353,292,197,148" step="2"/><T76/><D76/><U35/><E27/><V84/><F38/><W69/><G69/><T95/><D20/><U60/><E35/><V58/><F34/><W135/><G135/><T120/><D120/><U30/><E28/><V99/><F26/><W22/><G22/><T118/><D118/><U41/><E30/><V43/><F72/><W3/><G3/><T117/><D117/><U112/><E112/><V93/><F56/><W10/><G10/><T126/><D126/><U67/><E8/><V2/><F2/><W70/><G70/><T19/><D14/><U18/><E0/><V12/><F58/><W46/><G46/><T81/><D15/><U109/><E109/><V123/><F123/><W124/><G124/><T114/><D114/><U9/><E11/><N who="2" m="6175" /><F50/><W122/><G122/><T102/><D51/><U24/><E48/><V110/><F110/><RYUUKYOKU ba="0,1" sc="353,-15,292,-15,197,15,148,15" hai2="40,42,43,80,84,89,91,92,93,99" hai3="45,49,52,57,63,75,78,83,86,90,94,106,107" /><INIT seed="3,1,1,5,4,105" ten="338,277,212,163" oya="3" hai0="23,59,106,53,57,99,49,36,34,85,55,50,88" hai1="133,70,82,122,66,8,33,68,14,129,113,71,107" hai2="87,45,102,96,130,22,108,124,26,84,61,83,112" hai3="56,78,91,117,73,2,9,28,121,120,13,32,110"/><W128/><G117/><T115/><D36/><U81/><E33/><V111/><F112/><W21/><G91/><T3/><D34/><U51/><E113/><V101/><F130/><W116/><G116/><T42/><D42/><U27/><E122/><V37/><F124/><W16/><G128/><T123/><D123/><U43/><E107/><V52/><F37/><W4/><G56/><T86/><D3/><U17/><E129/><V0/><F0/><W94/><G94/><N who="0" m="56775" /><D106/><U15/><E133/><V69/><F69/><W30/><G30/><T19/><D115/><U41/><E66/><V132/><F132/><W18/><G18/><T93/><D93/><U109/><E109/><V20/><F96/><W89/><G89/><T118/><D118/><U60/><E60/><V76/><F87/><W29/><G29/><T135/><D135/><U64/><E64/><V80/><F80/><N who="3" m="45135" /><G110/><N who="2" m="42025" /><F22/><W39/><G39/><T5/><D5/><U100/><E100/><V92/><F92/><W54/><G54/><T63/><D63/><U67/><E67/><V48/><F61/><W134/><G134/><T77/><D77/><U58/><E82/><V1/><F1/><W72/><G72/><T97/><D97/><U127/><E81/><V90/><F90/><W38/><G38/><T62/><D62/><U12/><E43/><V31/><AGARI ba="1,1" hai="20,26,31,45,48,52,76,83,84,101,102" m="42025" machi="31" ten="30,2000,0" yaku="14,1,54,1" doraHai="105" who="2" fromWho="2" sc="338,-6,277,-6,212,33,163,-11" /><INIT seed="4,0,0,3,5,108" ten="332,271,245,152" oya="0" hai0="127,107,111,130,20,4,75,44,27,11,96,122,97" hai1="37,76,84,38,61,10,46,73,62,35,113,21,41" hai2="119,68,72,124,80,49,8,100,13,129,81,93,45" hai3="78,15,1,17,42,79,32,88,91,14,70,120,105"/><T64/><D122/><U51/><E73/><V12/><F68/><W36/><G1/><T112/><D75/><U54/><E35/><V128/><F124/><W52/><G70/><T55/><D111/><U125/><E10/><V109/><F109/><W126/><G105/><T134/><D127/><U114/><E76/><N who="3" m="29226" /><G36/><N who="1" m="13930" /><E84/><V103/><F119/><W67/><G42/><T19/><D107/><U98/><E125/><V123/><F123/><W16/><G32/><T29/><D29/><U39/><E21/><V65/><F65/><W58/><G67/><T90/><D90/><N who="3" m="34345" /><G120/><T30/><D30/><U28/><E98/><V95/><F72/><W87/><G87/><T94/><D96/><U77/><E77/><V43/><F95/><W89/><N who="3" m="34353" /><W34/><DORA hai="71" /><G34/><T121/><D94/><U6/><E28/><V0/><F0/><W115/><G115/><N who="1" m="44042" /><E6/><V83/><F93/><W40/><G40/><T131/><D97/><U104/><E104/><V3/><F43/><W66/><G66/><T133/><D112/><U5/><E5/><V117/><F83/><W7/><G126/><T102/><D121/><U31/><E31/><V110/><F81/><W25/><G25/><T24/><D24/><U18/><E18/><N who="3" m="7274" /><G7/><T92/><D4/><U69/><E69/><V57/><F80/><W33/><G33/><T63/><D19/><U47/><AGARI ba="0,0" hai="39,41,46,47,51,54,61,62" m="44042,13930" machi="47" ten="40,24000,4" yaku="15,1,11,1,34,2,52,7" doraHai="108,71" who="1" fromWho="1" sc="332,-120,271,240,245,-60,152,-60" /><INIT seed="5,0,0,1,0,7" ten="212,511,185,92" oya="1" hai0="43,97,78,116,44,65,70,40,12,79,35,128,87" hai1="80,123,24,58,88,4,52,85,75,48,131,83,91" hai2="50,27,34,82,130,77,22,32,55,13,124,135,120" hai3="18,62,39,30,20,51,125,46,76,100,33,103,119"/><U9/><E123/><V127/><F120/><W49/><G125/><T129/><D116/><U54/><E131/><V61/><F130/><W64/><G119/><T28/><D128/><U10/><E4/><V19/><F135/><W16/><G76/><T29/><D129/><U93/><E75/><V112/><F112/><W121/><G39/><T122/><D122/><U110/><E110/><V92/><F61/><W69/><G121/><T56/><D56/><N who="1" m="32775" /><E24/><V89/><F124/><W106/><G51/><T47/><D97/><N who="1" m="57511" /><E80/><V3/><F3/><W59/><G69/><T104/><D104/><U73/><E73/><V107/><F107/><W95/><G106/><T26/><D29/><U14/><E14/><V81/><F81/><W11/><G33/><T53/><D28/><U99/><E99/><V105/><F105/><W45/><G30/><T86/><D26/><U71/><E71/><V94/><F127/><W36/><G36/><T117/><D35/><U84/><E84/><V0/><F0/><W8/><G103/><T126/><D12/><U118/><E118/><V31/><F34/><W109/><G109/><T66/><D117/><U74/><E74/><V133/><F32/><W42/><G18/><T57/><D126/><U102/><E102/><V72/><F19/><W114/><G114/><T41/><D70/><U15/><E15/><V63/><F13/><N who="3" m="9231" /><G45/><N who="0" m="17483" /><D87/><U1/><E1/><V98/><F31/><W132/><G132/><T5/><D86/><U25/><E25/><V6/><F133/><W37/><G37/><T60/><D5/><U38/><E38/><V21/><F6/><RYUUKYOKU ba="0,0" sc="212,10,511,10,185,-30,92,10" hai0="40,41,43,53,57,60,65,66,78,79" hai1="9,10,54,58,83,85,91" hai3="8,11,42,46,49,59,62,64,95,100" /><INIT seed="5,1,0,3,2,0" ten="222,521,155,102" oya="1" hai0="113,25,18,49,122,1,71,112,103,57,102,130,119" hai1="31,104,89,14,132,9,59,33,22,111,86,120,82" hai2="60,28,110,69,34,97,13,21,128,39,58,46,126" hai3="81,79,3,78,129,88,12,116,90,20,27,123,64"/><U100/><E120/><V63/><F110/><W62/><G3/><T83/><D119/><U98/><E111/><V11/><F34/><W125/><G123/><T10/><D71/><U92/><E132/><V5/><F126/><W106/><G106/><T19/><D122/><U40/><E40/><V32/><F128/><W74/><G125/><T135/><D83/><U53/><E33/><V121/><F121/><W94/><G129/><T133/><D130/><U38/><E38/><V76/><F69/><W43/><G79/><T95/><D57/><U45/><E45/><V17/><F76/><W96/><G43/><T77/><D49/><U48/><E31/><V52/><F46/><W75/><G12/><N who="0" m="7447" /><D1/><U73/><E73/><V2/><F39/><W16/><G116/><T131/><D77/><U35/><E35/><V42/><F42/><W118/><G118/><T108/><D108/><U50/><E22/><V117/><F117/><W85/><REACH who="3" step="1"/><G78/><REACH who="3" ten="222,521,155,92" step="2"/><T26/><D131/><U15/><E104/><V29/><F13/><W127/><G127/><T68/><D133/><U36/><E36/><V91/><F2/><W37/><G37/><T101/><D135/><U56/><E9/><V61/><F11/><W70/><AGARI ba="1,1" hai="16,20,27,62,64,70,74,75,81,85,88,90,94,96" machi="70" ten="20,8000,1" yaku="1,1,0,1,7,1,54,2,53,0" doraHai="0" doraHaiUra="124" who="3" fromWho="3" sc="222,-21,521,-41,155,-21,92,93" /><INIT seed="6,0,0,4,2,94" ten="201,480,134,185" oya="2" hai0="135,82,127,22,80,74,66,113,76,70,39,20,5" hai1="126,124,48,2,105,78,55,4,31,8,60,24,11" hai2="13,23,42,112,85,33,88,99,21,102,47,87,129" hai3="17,100,50,32,44,38,84,130,109,81,114,16,28"/><V120/><F120/><W51/><G109/><T92/><D39/><U91/><E78/><V104/><F33/><W41/><G130/><T65/><D113/><U132/><E132/><V107/><F112/><W43/><G114/><T101/><D127/><N who="1" m="48683" /><E60/><V40/><F129/><W98/><G28/><T119/><D22/><U45/><E105/><V57/><F107/><W9/><G32/><T68/><D82/><U26/><E11/><V103/><F103/><W27/><G27/><T0/><D119/><U89/><E26/><V35/><F35/><AGARI ba="0,0" hai="2,4,8,24,31,35,45,48,55,89,91" m="48683" machi="35" ten="30,1000,0" yaku="18,1" doraHai="94" who="1" fromWho="2" sc="201,0,480,10,134,-10,185,0" /><INIT seed="7,0,0,4,2,66" ten="201,490,124,185" oya="3" hai0="40,29,47,18,63,32,43,77,135,133,110,81,48" hai1="84,122,89,123,52,71,96,65,73,118,31,42,20" hai2="23,111,75,67,62,80,109,90,85,33,106,115,94" hai3="27,132,14,128,41,112,61,126,88,4,39,30,46"/><W56/><G112/><T69/><D110/><U45/><E73/><V78/><F115/><W64/><G128/><T116/><D116/><U119/><E96/><V9/><F33/><W86/><G126/><T98/><D18/><U34/><E34/><V6/><F106/><W21/><G132/><N who="0" m="50763" /><D98/><U131/><E131/><V3/><REACH who="2" step="1"/><F23/><REACH who="2" ten="201,490,114,185" step="2"/><W72/><G72/><T92/><D32/><U38/><E20/><V15/><F15/><W79/><G79/><T127/><D127/><U125/><E31/><V12/><F12/><W99/><G14/><T22/><D22/><U2/><E2/><V74/><F74/><W1/><G1/><T82/><D77/><U70/><E125/><V51/><F51/><W28/><G99/><T129/><D48/><U58/><E84/><V44/><F44/><W10/><G21/><T68/><D47/><U102/><E89/><V93/><F93/><W124/><G124/><T54/><D92/><U76/><E102/><V107/><F107/><W35/><G35/><T101/><D101/><U8/><E76/><V134/><F134/><W114/><G114/><T95/><D95/><U117/><E8/><V36/><F36/><W19/><G10/><T24/><D129/><U130/><E130/><V0/><F0/><W49/><G39/><T55/><D81/><U83/><E83/><V53/><F53/><W17/><G30/><T87/><D29/><U100/><E100/><V5/><F5/><W7/><G7/><T97/><D82/><U91/><E91/><V26/><F26/><W121/><G4/><T37/><D37/><U13/><E38/><RYUUKYOKU ba="0,1" sc="201,-10,490,-10,114,30,185,-10" hai2="3,6,9,62,67,75,78,80,85,90,94,109,111" owari="191,-1.0,490,59.0,144,-36.0,175,-22.0" /></mjloggm>