<mjloggm ver="2.3"><GO type="169" lobby="0"/><UN n0="%E4%B9%BE%E5%9D%A4%E5%8D%81%E4%BA%94%E6%93%B2" n1="%E3%81%8D%E3%81%BF%E3%81%A9%E3%82%8A%E3%82%93" n2="%E3%81%A7%E3%82%93%E3%81%A4%E3%81%86" n3="%E5%8D%83%E7%BE%BD%E9%B4%89" dan="16,17,16,17" rate="2133.75,2168.31,2136.45,2218.05" sx="M,F,M,F"/><TAIKYOKU oya="0"/><INIT seed="0,0,0,1,4,115" ten="250,250,250,250" oya="0" hai0="103,16,26,74,51,102,76,107,72,109,15,32,114" hai1="45,24,0,4,46,98,75,128,117,58,28,63,2" hai2="34,95,70,127,21,101,122,73,77,33,80,130,88" hai3="134,118,13,19,123,43,82,64,14,42,20,57,105"/><T48/><D114/><U3/><E128/><V132/><F122/><W61/><G123/><T37/><D37/><U52/><E75/><V79/><F132/><W89/><G134/><T18/><D109/><U35/><E117/><V59/><F70/><W90/><G118/><T120/><D120/><U69/><E4/><V1/><F1/><W108/><G105/><T6/><D107/><U84/><E84/><V126/><F130/><W65/><G108/><T36/><D36/><U106/><REACH who="1" step="1"/><E69/><REACH who="1" ten="250,240,250,250" step="2"/><V99/><F73/><W104/><G104/><T85/><D74/><U9/><E9/><V78/><F126/><W112/><G112/><T71/><D71/><U29/><E29/><V47/><F127/><W111/><G111/><T67/><D72/><U49/><E49/><V41/><F33/><W27/><G82/><N who="0" m="47303" /><D32/><U44/><E44/><V40/><F34/><W129/><G129/><T87/><D6/><U30/><E30/><V83/><F47/><W50/><G50/><T25/><D51/><U93/><E93/><V66/><F83/><W86/><G86/><T23/><D48/><U110/><E110/><V31/><F80/><W133/><G133/><T56/><D87/><U38/><E38/><V5/><F5/><W8/><G8/><T12/><D56/><U96/><E96/><N who="2" m="57447" /><F31/><W55/><G43/><T135/><D135/><U131/><E131/><V7/><F7/><W94/><G42/><T11/><D67/><N who="3" m="25673" /><G94/><T81/><D81/><U68/><E68/><V97/><F40/><W53/><G53/><T125/><D125/><U54/><E54/><V62/><F41/><RYUUKYOKU ba="0,1" sc="250,10,240,10,250,-30,250,10" hai0="11,12,15,16,18,23,25,26,102,103" hai1="0,2,3,24,28,35,45,46,52,58,63,98,106" hai3="13,14,19,20,27,55,57,61,89,90" /><INIT seed="0,1,1,3,1,5" ten="260,250,220,260" oya="0" hai0="84,16,105,65,77,66,34,108,50,49,99,9,134" hai1="56,63,70,22,81,15,40,125,127,59,104,67,111" hai2="107,17,71,45,121,74,30,69,129,122,101,91,62" hai3="46,89,21,2,90,85,29,87,51,76,38,20,135"/><T4/><D34/><U93/><E111/><V118/><F129/><W35/><G38/><T119/><D119/><U6/><E104/><V1/><F118/><W131/><G131/><T13/><D108/><U86/><E93/><V61/><F1/><W80/><G2/><T33/><D33/><U48/><E40/><V128/><F74/><W117/><G135/><T37/><D37/><U114/><E114/><V23/><F128/><W83/><G117/><T10/><D134/><U7/><E48/><N who="0" m="18537" /><D105/><U82/><E82/><V115/><F30/><W42/><REACH who="3" step="1"/><G76/><REACH who="3" ten="260,250,220,250" step="2"/><T58/><D99/><U68/><E127/><V53/><F107/><W44/><G44/><T28/><D28/><U95/><E125/><V102/><F45/><W60/><G60/><T97/><D97/><U109/><E63/><V41/><F61/><W3/><G3/><T113/><D113/><U79/><E109/><V73/><F62/><W64/><G64/><T24/><D58/><U96/><E67/><V55/><F115/><W12/><G12/><N who="0" m="5159" /><D24/><AGARI ba="1,2" hai="20,21,24,29,35,42,46,51,80,83,85,87,89,90" machi="24" ten="40,2600,0" yaku="1,1,9,1,53,0" doraHai="5" doraHaiUra="100" who="3" fromWho="0" sc="260,-29,250,0,220,0,250,49" /><INIT seed="1,0,0,5,3,129" ten="231,250,220,299" oya="1" hai0="58,12,14,110,76,61,119,128,115,49,124,66,104" hai1="106,118,84,127,28,1,101,100,109,116,75,88,57" hai2="27,3,15,113,72,40,102,8,94,93,86,31,13" hai3="4,10,92,91,70,80,34,59,54,55,131,74,103"/><U33/><E1/><V63/><F72/><W135/><G70/><T120/><D128/><U111/><E33/><V46/><F113/><W30/><G131/><T26/><D115/><U95/><E28/><V121/><F121/><W89/><G34/><T25/><D120/><U77/><E127/><V20/><F3/><W117/><G30/><T37/><D37/><U125/><E125/><V56/><F86/><W98/><G117/><N who="1" m="45162" /><E57/><V24/><F24/><W107/><G91/><T85/><D124/><U79/><E75/><V71/><F71/><W123/><G59/><T126/><D126/><U97/><E101/><V18/><F13/><W108/><G74/><T48/><D119/><U67/><E67/><V62/><F102/><W132/><G123/><T90/><D104/><U29/><E29/><V99/><F99/><W122/><G122/><T81/><D110/><AGARI ba="0,0" hai="77,79,84,88,95,97,100,106,109,110,111" m="45162" machi="110" ten="30,12000,1" yaku="14,1,10,1,34,2,54,1" doraHai="129" who="1" fromWho="0" sc="231,-120,250,120,220,0,299,0" /><INIT seed="1,1,0,2,3,116" ten="111,370,220,299" oya="1" hai0="76,131,6,46,55,124,11,70,122,114,49,89,118" hai1="92,75,56,44,130,35,115,100,81,5,41,19,77" hai2="23,109,43,72,68,104,80,95,29,22,37,87,25" hai3="18,78,32,42,107,17,16,66,86,111,47,94,27"/><U13/><E115/><V12/><F68/><W36/><G111/><T61/><D114/><U128/><E35/><V45/><F104/><W48/><G107/><T108/><D108/><U54/><E5/><V125/><F125/><W71/><G71/><T97/><D118/><U57/><E100/><V127/><F127/><W64/><G36/><T117/><D117/><U38/><E92/><V133/><F133/><W90/><G32/><T73/><D124/><U83/><E81/><V59/><F109/><W132/><G132/><T63/><D131/><N who="1" m="50219" /><E54/><V50/><F72/><W28/><REACH who="3" step="1"/><G78/><REACH who="3" ten="111,370,220,289" step="2"/><T3/><D70/><U110/><E110/><V103/><F37/><W15/><G15/><T113/><D76/><U20/><AGARI ba="1,1" hai="13,19,20,38,41,44,56,57,75,77,83" m="50219" machi="20" ten="30,1500,0" yaku="19,1" doraHai="116" who="1" fromWho="1" sc="111,-6,370,28,220,-6,289,-6" /><INIT seed="1,2,0,4,3,78" ten="105,398,214,283" oya="1" hai0="128,89,87,107,64,108,39,38,33,5,117,32,28" hai1="11,17,53,116,105,70,120,75,125,43,49,57,85" hai2="82,16,92,119,9,8,41,66,103,20,102,0,93" hai3="72,25,62,13,46,15,97,91,34,104,18,44,124"/><U60/><E116/><V109/><F109/><W99/><G72/><T135/><D117/><U14/><E120/><V50/><F119/><W61/><G104/><T83/><D108/><U59/><E70/><V94/><F66/><W22/><G124/><T45/><D107/><U69/><E105/><V74/><F74/><W6/><G34/><T96/><D135/><U37/><E75/><V55/><F41/><W35/><G35/><T112/><D112/><U134/><E134/><V21/><F21/><W88/><G6/><T65/><D128/><U123/><E123/><V76/><F102/><W131/><G25/><T86/><D96/><U19/><E69/><V67/><F67/><W68/><G68/><T36/><D45/><U27/><E37/><V84/><F0/><W71/><G71/><T26/><D33/><U58/><E125/><V81/><F81/><W51/><G131/><T31/><D31/><U48/><E60/><V127/><F103/><W90/><G13/><T115/><D115/><U73/><E73/><V3/><F3/><W100/><G46/><T101/><D101/><U42/><E42/><V2/><F2/><W10/><G10/><T130/><D130/><U106/><E106/><V56/><F127/><W126/><G126/><T132/><D132/><U133/><E133/><V30/><F30/><W95/><REACH who="3" step="1"/><G99/><REACH who="3" ten="105,398,214,273" step="2"/><T114/><D114/><U47/><E27/><AGARI ba="2,1" hai="8,9,16,20,27,50,55,56,76,82,84,92,93,94" machi="27" ten="40,5200,0" yaku="8,1,52,1,54,1" doraHai="78" who="2" fromWho="1" sc="105,0,398,-58,214,68,273,0" /><INIT seed="2,0,0,5,4,68" ten="105,340,282,273" oya="2" hai0="116,93,135,37,86,32,41,58,20,105,83,71,9" hai1="96,18,82,125,111,39,19,128,66,70,31,1,54" hai2="121,29,15,98,127,60,100,95,52,26,50,84,44" hai3="6,131,123,124,7,94,69,55,80,119,49,63,61"/><V129/><F129/><W33/><G33/><T36/><D71/><U42/><E111/><V132/><F132/><W122/><G94/><T130/><D32/><U81/><E125/><V92/><F121/><W17/><G80/><T35/><D35/><U0/><E54/><V10/><F127/><W76/><G76/><T87/><D105/><U56/><E70/><V40/><F26/><W3/><G124/><T75/><D75/><U13/><E31/><V38/><F29/><W114/><G131/><T28/><D130/><U12/><E96/><V30/><F30/><W102/><G102/><T72/><D72/><U27/><E27/><V79/><F60/><W5/><G3/><T22/><D135/><U134/><E134/><V108/><F108/><W126/><G119/><T23/><D116/><U51/><E51/><V118/><F118/><W14/><G114/><T90/><D28/><U106/><E106/><V77/><F92/><W101/><G101/><T91/><D41/><U97/><E97/><V107/><F84/><W64/><G63/><T103/><D103/><U85/><E128/><V24/><F24/><W110/><G110/><T109/><D109/><U104/><E104/><V112/><F112/><W59/><REACH who="3" step="1"/><G126/><REACH who="3" ten="105,340,282,263" step="2"/><T57/><REACH who="0" step="1"/><D9/><AGARI ba="0,1" hai="5,6,7,9,14,17,49,55,59,61,64,69,122,123" machi="9" ten="40,5200,0" yaku="1,1,2,1,53,1" doraHai="68" doraHaiUra="62" who="3" fromWho="0" sc="105,-52,340,0,282,0,263,62" /><INIT seed="3,0,0,5,3,96" ten="53,340,282,325" oya="3" hai0="113,122,101,45,31,75,43,86,10,121,19,39,57" hai1="118,21,24,90,73,71,18,70,97,62,48,61,26" hai2="72,4,51,35,120,108,2,104,110,100,3,42,92" hai3="81,85,87,36,12,25,0,44,88,123,67,83,47"/><W129/><G0/><T6/><D113/><U115/><E115/><V58/><F72/><W11/><G129/><T116/><D116/><U131/><E73/><V32/><F104/><W27/><G67/><T99/><D19/><U53/><E131/><V89/><F100/><W1/><G1/><T55/><D31/><U63/><E118/><V112/><F112/><W66/><G66/><T132/><D132/><U119/><E119/><V49/><F120/><W130/><G123/><T41/><D41/><U28/><E71/><V127/><F127/><W52/><G36/><T5/><D5/><U117/><E70/><V56/><F92/><W107/><G107/><T7/><D7/><U34/><E117/><V133/><F4/><N who="3" m="3175" /><G47/><T79/><D86/><U15/><E28/><V114/><F89/><N who="3" m="51375" /><G130/><T124/><D124/><U22/><E34/><V16/><F114/><W77/><G77/><T46/><D46/><N who="1" m="27799" /><E22/><V40/><REACH who="2" step="1"/><F16/><REACH who="2" ten="53,340,272,325" step="2"/><W95/><G95/><AGARI ba="0,1" hai="15,18,21,24,26,61,62,63,90,95,97" m="27799" machi="95" ten="30,1000,0" yaku="8,1" doraHai="96" who="1" fromWho="3" sc="53,0,340,20,272,0,325,-10" /><INIT seed="4,0,0,5,2,99" ten="53,360,272,315" oya="0" hai0="40,16,118,54,63,21,96,32,82,68,70,95,37" hai1="26,125,122,78,130,75,47,131,8,76,34,120,85" hai2="4,89,11,29,59,97,108,72,69,55,50,41,90" hai3="100,64,61,101,53,83,132,62,73,2,133,57,9"/><T123/><D32/><U117/><E117/><V28/><F69/><W128/><G128/><N who="1" m="49194" /><E75/><V129/><F72/><W124/><G124/><T33/><D33/><U107/><E107/><V56/><F108/><W18/><G73/><T77/><D118/><U52/><E8/><V109/><F109/><W49/><G83/><T12/><D123/><U92/><E125/><V103/><F129/><W135/><G61/><T67/><D54/><U81/><E76/><V45/><F28/><W93/><G93/><T126/><D126/><U110/><E92/><V27/><F27/><W20/><G9/><T24/><D40/><U10/><E10/><V30/><F30/><W22/><G2/><T14/><D37/><U74/><E74/><V6/><F29/><W7/><G7/><T51/><D51/><N who="1" m="28799" /><E110/><V42/><F42/><W98/><G98/><T111/><D111/><U115/><E115/><V102/><F56/><N who="3" m="36935" /><G22/><T116/><D116/><U105/><E105/><V66/><F66/><W104/><G104/><T39/><D39/><U60/><E60/><N who="2" m="35967" /><F97/><W134/><N who="3" m="33792" /><DORA hai="87" /><W43/><G43/><T80/><D70/><U17/><E34/><V112/><F112/><W38/><G38/><T19/><D77/><U119/><E119/><V3/><F4/><W84/><G84/><T23/><D24/><AGARI ba="0,0" hai="18,20,24,49,53,57,100,101" m="33792,36935" machi="24" ten="60,7700,0" yaku="20,1,52,2" doraHai="99,87" who="3" fromWho="0" sc="53,-77,360,0,272,0,315,77" owari="-24,-52.0,360,16.0,272,-13.0,392,49.0" /></mjloggm>