<mjloggm ver="2.3"><GO type="169" lobby="0"/><UN n0="%E3%82%B5%E3%83%96%E3%82%A2%E3%83%A9%E3%83%89" n1="%E3%82%A2%E3%83%B3%E3%81%93%E3%81%B3" n2="%E2%98%85%E3%83%9B%E3%83%BC%E3%82%B9%E2%98%85" n3="%E3%81%BF%E3%81%8B%E3%82%82%E3%82%81" dan="16,16,16,17" rate="2045.90,2191.22,2130.72,2200.33" sx="M,M,M,M"/><TAIKYOKU oya="0"/><INIT seed="0,0,0,1,2,132" ten="250,250,250,250" oya="0" hai0="83,16,2,87,101,86,17,114,21,82,6,113,30" hai1="124,1,126,122,15,61,19,36,115,75,26,33,128" hai2="120,111,18,50,77,100,57,68,58,5,102,80,84" hai3="38,39,9,34,88,66,67,133,99,14,90,76,69"/><T25/><D101/><U3/><E75/><V63/><F120/><W74/><G133/><T11/><D17/><U134/><E36/><V41/><F111/><W35/><G74/><T123/><D123/><U109/><E61/><V121/><F121/><W44/><G76/><T85/><REACH who="0" step="1"/><D30/><REACH who="0" ten="240,250,250,250" step="2"/><N who="1" m="19671" /><E122/><V0/><F18/><W131/><G131/><T42/><D42/><U98/><E134/><V55/><F102/><W43/><G43/><T7/><D7/><U95/><E128/><V10/><F100/><W71/><G69/><T92/><D92/><U64/><E19/><V70/><F41/><W72/><G71/><T22/><D22/><U108/><E108/><V81/><F80/><AGARI ba="0,1" hai="2,6,11,16,21,25,80,82,83,85,86,87,113,114" machi="80" ten="40,3900,0" yaku="1,1,54,1,53,0" doraHai="132" doraHaiUra="116" who="0" fromWho="2" sc="240,49,250,0,250,-39,250,0" /><INIT seed="0,1,0,4,1,118" ten="289,250,211,250" oya="0" hai0="92,84,96,122,103,71,78,55,60,11,37,114,62" hai1="102,59,32,18,113,8,79,85,116,120,131,132,117" hai2="64,128,124,127,0,29,7,14,67,83,99,61,42" hai3="30,51,27,1,110,125,47,25,20,87,109,101,26"/><T44/><D114/><U13/><E120/><V53/><F0/><W24/><G101/><T89/><D122/><U49/><E113/><V119/><F119/><W133/><G1/><T130/><D130/><U56/><E131/><V57/><F128/><W5/><G5/><T91/><D71/><U73/><E132/><V98/><F29/><W94/><G133/><T54/><D11/><U45/><E117/><V33/><F33/><W40/><G125/><T10/><D10/><U111/><E111/><N who="3" m="42506" /><G94/><T39/><D39/><U129/><E129/><V23/><F83/><W106/><G87/><T97/><D37/><U4/><E32/><V107/><F42/><W68/><G106/><T93/><D103/><U104/><E73/><V72/><F72/><W65/><G65/><T3/><D3/><U21/><E116/><V80/><F80/><W69/><AGARI ba="1,0" hai="20,24,25,26,27,30,40,47,51,68,69" m="42506" machi="69" ten="40,1500,0" yaku="14,1" doraHai="118" who="3" fromWho="3" sc="289,-8,250,-5,211,-5,250,18" /><INIT seed="1,0,0,3,5,10" ten="281,245,206,268" oya="1" hai0="121,61,89,110,2,26,103,93,48,51,87,126,29" hai1="119,45,82,97,71,65,112,1,28,44,116,55,8" hai2="135,108,0,25,62,67,49,98,128,63,111,43,18" hai3="16,46,79,57,129,50,5,70,131,31,123,37,66"/><U124/><E112/><V4/><F135/><W105/><G123/><T118/><D118/><U30/><E124/><V9/><F128/><N who="3" m="49227" /><G5/><T39/><D126/><U95/><E82/><V11/><F98/><W85/><G105/><T7/><D110/><N who="2" m="42026" /><F25/><W59/><G31/><T127/><D39/><U109/><E109/><V33/><F33/><W76/><G37/><T69/><D127/><U35/><E35/><V60/><F43/><W114/><G76/><T99/><D121/><U22/><E8/><V58/><F49/><W73/><G73/><T6/><D2/><U104/><E1/><V3/><F3/><W20/><G70/><T56/><D69/><U96/><E104/><V17/><F9/><W54/><G66/><T41/><D41/><U80/><E65/><N who="2" m="39063" /><F62/><W42/><G42/><T133/><D133/><U23/><E71/><AGARI ba="0,0" hai="0,4,11,17,18,63,67,71" m="39063,42026" machi="71" ten="30,1000,0" yaku="14,1" doraHai="10" who="2" fromWho="1" sc="281,0,245,-10,206,10,268,0" /><INIT seed="2,0,0,0,4,29" ten="281,235,216,268" oya="2" hai0="33,135,96,112,66,77,73,8,87,49,1,32,14" hai1="91,40,28,31,17,22,85,42,48,94,105,56,45" hai2="110,3,103,59,90,133,88,122,130,120,109,80,119" hai3="106,11,121,44,58,0,117,9,116,102,132,2,124"/><V71/><F71/><W21/><G44/><T19/><D112/><U84/><E105/><V131/><F3/><W100/><G58/><T23/><D135/><U128/><E128/><N who="2" m="49195" /><F133/><W92/><G92/><T86/><D66/><U10/><E56/><V99/><F59/><W101/><G106/><T53/><D96/><U30/><E10/><N who="3" m="3594" /><G132/><T113/><D113/><U127/><E127/><V26/><F26/><W34/><G21/><T7/><D73/><U72/><E72/><V129/><N who="2" m="49203" /><V68/><DORA hai="60" /><F68/><W83/><G83/><T46/><REACH who="0" step="1"/><D77/><REACH who="0" ten="271,235,216,268" step="2"/><U74/><E74/><V62/><F119/><W95/><G117/><T35/><AGARI ba="0,1" hai="1,7,8,14,19,23,32,33,35,46,49,53,86,87" machi="35" ten="30,12000,2" yaku="1,1,2,1,0,1,52,3,53,0" doraHai="29,60" doraHaiUra="126,70" who="0" fromWho="0" sc="271,130,235,-30,216,-60,268,-30" /><INIT seed="3,0,0,5,4,20" ten="401,205,156,238" oya="3" hai0="26,15,109,85,61,73,113,55,13,77,25,71,131" hai1="11,135,35,50,133,19,47,101,119,10,45,108,82" hai2="69,120,42,70,134,92,36,9,117,97,81,43,106" hai3="29,64,3,63,91,68,21,124,87,34,22,94,2"/><W52/><G124/><T54/><D109/><U41/><E119/><V32/><F117/><W125/><G125/><T96/><D73/><U1/><E35/><V78/><F106/><W23/><REACH who="3" step="1"/><G52/><REACH who="3" ten="401,205,156,228" step="2"/><N who="0" m="20011" /><D113/><U48/><E108/><V37/><F120/><W58/><G58/><T127/><D127/><U79/><E47/><V62/><F69/><W80/><G80/><N who="0" m="47247" /><D71/><U72/><E82/><V44/><F70/><W98/><G98/><T30/><D131/><U90/><E45/><V51/><F44/><W74/><G74/><T105/><D105/><U128/><E72/><V122/><F122/><W14/><G14/><N who="0" m="5131" /><D30/><U126/><E126/><V7/><F97/><W102/><G102/><T112/><D112/><U5/><E101/><V86/><F81/><W129/><G129/><T104/><D104/><U38/><E128/><V121/><F121/><W110/><G110/><T93/><D61/><U89/><E1/><V88/><F62/><W99/><G99/><T8/><D8/><U4/><E11/><V84/><F9/><W40/><G40/><T95/><D95/><U115/><E10/><V31/><F42/><W66/><G66/><T75/><D75/><U76/><E115/><V59/><F43/><W103/><G103/><AGARI ba="0,1" hai="25,26,93,96,103" m="5131,47247,20011" machi="103" ten="30,7700,0" yaku="8,1,52,2,54,1" doraHai="20" who="0" fromWho="3" sc="401,87,205,0,156,0,228,-77" /><INIT seed="4,0,0,0,0,90" ten="488,205,156,151" oya="0" hai0="1,22,127,73,9,75,81,19,30,119,2,0,36" hai1="135,6,88,98,99,129,114,100,42,48,85,123,94" hai2="109,77,18,72,102,76,17,47,105,58,121,26,38" hai3="43,86,63,37,133,120,45,12,116,46,82,70,32"/><T51/><D119/><U92/><E123/><V78/><F121/><W134/><G116/><T39/><D127/><U79/><E6/><V84/><F72/><N who="0" m="27722" /><D81/><N who="1" m="47295" /><E42/><V110/><F38/><N who="0" m="14378" /><D9/><U61/><E61/><V11/><F47/><W24/><G120/><T101/><D101/><N who="1" m="60615" /><E48/><V93/><F58/><W132/><G46/><T20/><D30/><U34/><E34/><V104/><F11/><W91/><G12/><T118/><D118/><U53/><E53/><V106/><F26/><W113/><G113/><T57/><D19/><U125/><E125/><V66/><F66/><N who="3" m="41311" /><G24/><T40/><D40/><U71/><E71/><V69/><F69/><W96/><G96/><T117/><D117/><U67/><E67/><V10/><F10/><W128/><G128/><T16/><D16/><U89/><E129/><V56/><F56/><W115/><G115/><T68/><D68/><U131/><E131/><V28/><F28/><W7/><G7/><T31/><D31/><U126/><E126/><V112/><F112/><W29/><G29/><T60/><D51/><U95/><E114/><V122/><F122/><W103/><G103/><T4/><D4/><U54/><E54/><AGARI ba="0,0" hai="0,1,2,20,22,54,57,60" m="14378,27722" machi="54" ten="40,3900,0" yaku="26,2" doraHai="90" who="0" fromWho="1" sc="488,39,205,-39,156,0,151,0" /><INIT seed="4,1,0,3,3,56" ten="527,166,156,151" oya="0" hai0="52,76,85,132,0,83,48,43,69,9,45,93,44" hai1="135,35,123,80,55,109,99,87,72,27,86,47,112" hai2="60,54,21,108,119,18,120,17,130,84,5,7,68" hai3="58,98,13,6,62,38,15,77,8,126,4,106,125"/><T40/><D132/><U88/><E123/><V75/><F75/><W110/><G110/><T105/><D105/><U33/><E109/><V16/><F108/><W51/><G38/><T70/><D93/><U122/><E122/><V41/><F120/><W81/><G51/><T107/><D107/><U50/><E135/><V133/><F133/><W89/><G15/><T94/><D94/><U90/><E112/><V31/><F130/><W49/><G49/><T42/><D44/><U91/><E99/><V128/><F128/><W117/><G117/><T34/><D34/><U19/><E72/><V127/><F41/><W28/><G28/><T115/><D115/><U63/><E63/><V24/><F127/><W101/><G89/><T25/><D25/><U29/><E19/><V129/><F129/><W10/><G8/><T46/><D46/><U36/><E36/><V65/><F119/><W95/><G106/><T97/><D97/><U79/><REACH who="1" step="1"/><E87/><REACH who="1" ten="527,156,156,151" step="2"/><V78/><REACH who="2" step="1"/><F54/><REACH who="2" ten="527,156,146,151" step="2"/><W11/><G126/><T32/><D40/><U2/><E2/><V118/><F118/><W103/><G125/><T23/><D43/><U121/><E121/><V102/><F102/><W53/><G103/><T39/><D42/><U61/><E61/><V14/><F14/><W26/><G26/><T3/><D39/><U114/><E114/><V57/><F57/><W92/><G13/><T111/><D111/><U37/><E37/><V64/><F64/><W12/><G12/><T96/><D0/><U116/><E116/><V113/><F113/><W104/><G58/><T1/><D1/><U67/><E67/><RYUUKYOKU ba="1,2" sc="527,-15,156,15,146,15,151,-15" hai1="27,29,33,35,47,50,55,79,80,86,88,90,91" hai2="5,7,16,17,18,21,24,31,60,65,68,78,84" /><INIT seed="5,2,2,1,2,125" ten="512,171,161,136" oya="1" hai0="124,69,108,17,75,134,16,119,89,2,109,29,88" hai1="67,103,22,82,10,5,135,7,34,3,81,11,91" hai2="1,99,62,38,86,116,107,93,71,97,48,53,47" hai3="21,41,80,68,84,39,56,26,122,61,128,8,58"/><U130/><E135/><V129/><F116/><W127/><G122/><T9/><D119/><U46/><E34/><V6/><F107/><W96/><G127/><T79/><D124/><U77/><E103/><V65/><F1/><W13/><G68/><T132/><D69/><U113/><E113/><V85/><F6/><W102/><G128/><T120/><D29/><U32/><E130/><V111/><F111/><W100/><G41/><T4/><D120/><U106/><E106/><V114/><F129/><W37/><G39/><T40/><D40/><U90/><E67/><V50/><F114/><W60/><G37/><T49/><D49/><U31/><E32/><V24/><F99/><W30/><G56/><T123/><D123/><U19/><E31/><V104/><F48/><W35/><G35/><T63/><D63/><N who="3" m="24137" /><G58/><T23/><D109/><U28/><E28/><V45/><F104/><W14/><G96/><T43/><D43/><U83/><E46/><V64/><F64/><W51/><G51/><T78/><D108/><U95/><E77/><N who="0" m="29193" /><D75/><U126/><E126/><V112/><F112/><W76/><G14/><N who="0" m="9623" /><D17/><AGARI ba="2,2" hai="8,13,17,21,26,30,76,80,84,100,102" m="24137" machi="17" ten="30,1000,0" yaku="8,1" doraHai="125" who="3" fromWho="0" sc="512,-16,171,0,161,0,136,36" /><INIT seed="6,0,0,0,4,48" ten="496,171,161,172" oya="2" hai0="16,36,18,11,37,39,130,9,72,56,51,21,53" hai1="124,93,115,82,40,99,52,17,15,98,96,1,118" hai2="125,29,80,111,121,57,97,30,23,102,86,122,44" hai3="132,71,28,108,85,128,26,88,66,78,7,133,74"/><V50/><F125/><W83/><G108/><T62/><D72/><U70/><E118/><V55/><F111/><W117/><G117/><T116/><D116/><U63/><E124/><V107/><F23/><W38/><G38/><T24/><D130/><U47/><E115/><V92/><F107/><W101/><G101/><T114/><D114/><U127/><E127/><V59/><F122/><W65/><G7/><T95/><D18/><U110/><E110/><V106/><F106/><W77/><G128/><T4/><D51/><N who="1" m="27111" /><E1/><V32/><F121/><W119/><G119/><T67/><D67/><N who="3" m="25609" /><G74/><T61/><D61/><U2/><E2/><V46/><F32/><N who="3" m="20503" /><G71/><T43/><D43/><U87/><E70/><V33/><F33/><W8/><G8/><T22/><D22/><N who="1" m="11583" /><E87/><V129/><F129/><W6/><G6/><T131/><D131/><U126/><E82/><V100/><F100/><W113/><G113/><T90/><REACH who="0" step="1"/><D4/><REACH who="0" ten="486,171,161,172" step="2"/><U13/><E126/><V34/><F44/><W45/><G45/><T54/><D54/><U14/><E52/><N who="2" m="29783" /><F34/><W25/><G133/><T42/><D42/><U81/><E63/><N who="2" m="36287" /><F59/><W104/><G132/><T12/><D12/><U64/><E14/><V10/><F10/><W41/><G41/><T20/><D20/><U49/><E13/><V120/><F120/><W109/><G109/><T94/><D94/><U75/><E93/><V103/><F103/><W5/><G104/><T91/><D91/><AGARI ba="0,1" hai="29,30,80,86,91,92,97,102" m="36287,29783" machi="91" ten="30,11600,0" yaku="8,1,52,2,54,1" doraHai="48" who="2" fromWho="0" sc="486,-116,171,0,161,126,172,0" /><INIT seed="6,1,0,5,1,67" ten="370,171,287,172" oya="2" hai0="38,77,50,132,112,101,71,91,30,93,97,88,130" hai1="15,51,0,84,113,8,20,28,90,105,14,40,48" hai2="102,59,73,86,6,63,2,64,120,109,115,121,42" hai3="128,32,117,119,68,75,87,118,17,43,57,54,33"/><V27/><F73/><W126/><G75/><T123/><D123/><U34/><E105/><V37/><F2/><W129/><G43/><T76/><D71/><U31/><E113/><V52/><F6/><W134/><G134/><T25/><D38/><U3/><E34/><V16/><F102/><W36/><G36/><T55/><D132/><U106/><E106/><V11/><F115/><W103/><G103/><T72/><D130/><N who="3" m="50281" /><G126/><T10/><D10/><U58/><E40/><V78/><F109/><W13/><G87/><T46/><D112/><U124/><E124/><V5/><F5/><W81/><G81/><T44/><D44/><U114/><E114/><V65/><F37/><W80/><G80/><T111/><D111/><U4/><E3/><V82/><F42/><W94/><G94/><T53/><D53/><N who="1" m="32039" /><E51/><V56/><F120/><W18/><G68/><T127/><D127/><U110/><E110/><V47/><F121/><W12/><G54/><T61/><D61/><U133/><E133/><V1/><F1/><W83/><G83/><T74/><D74/><U19/><E0/><V99/><F65/><W45/><G57/><T107/><D72/><U122/><E122/><V60/><F47/><W125/><G45/><T39/><D39/><U9/><E9/><V98/><F11/><N who="3" m="6303" /><G125/><T21/><D107/><U135/><E135/><V116/><F59/><W29/><G29/><T104/><D104/><U26/><E26/><V70/><F56/><W7/><G7/><T92/><D92/><AGARI ba="1,0" hai="4,8,14,15,19,20,28,31,84,90,92" m="32039" machi="92" ten="30,2000,0" yaku="25,1,8,1" doraHai="67" who="1" fromWho="0" sc="370,-23,171,23,287,0,172,0" /><INIT seed="7,0,0,0,4,95" ten="347,194,287,172" oya="3" hai0="20,116,55,91,27,130,77,50,78,2,79,66,34" hai1="15,8,44,101,135,24,110,90,80,68,21,86,62" hai2="10,31,107,67,88,43,5,4,13,127,23,100,87" hai3="1,81,123,75,93,99,83,26,94,7,37,104,128"/><W117/><G123/><T49/><D116/><U32/><E110/><V119/><F119/><W3/><G37/><T76/><D34/><U133/><E32/><V131/><F131/><W124/><G117/><T33/><D33/><U52/><E101/><V132/><F132/><N who="1" m="50761" /><E68/><V106/><F4/><W92/><G124/><T54/><D130/><U40/><E40/><V22/><F43/><W121/><G121/><T111/><D2/><U98/><E98/><V35/><F67/><W108/><G128/><T47/><D111/><U103/><E103/><V120/><F35/><W16/><G108/><T114/><D114/><U60/><E52/><V126/><F100/><W118/><G118/><T134/><D66/><U12/><E44/><V58/><F58/><W112/><G112/><T18/><D79/><U42/><E42/><V70/><F31/><W115/><G115/><T9/><D9/><U57/><E57/><V65/><F120/><W129/><G129/><T41/><D134/><U14/><E8/><V38/><F38/><W105/><G104/><N who="2" m="39977" /><F65/><W113/><G113/><T46/><BYE who="1" /><D91/><U97/><E97/><V82/><F70/><UN n1="%E3%82%A2%E3%83%B3%E3%81%93%E3%81%B3" /><W109/><G109/><T69/><D41/><U72/><E72/><V89/><F89/><W51/><G105/><T96/><D96/><U74/><E74/><V17/><F5/><W39/><G99/><T30/><D69/><U102/><E102/><V56/><F56/><W36/><G51/><T19/><AGARI ba="0,0" hai="18,19,20,27,30,46,47,49,50,54,55,76,77,78" machi="19" ten="30,4000,0" yaku="0,1,9,1,8,1" doraHai="95" who="0" fromWho="0" sc="347,40,194,-10,287,-10,172,-20" owari="387,49.0,184,-22.0,277,8.0,152,-35.0" /></mjloggm>