<mjloggm ver="2.3"><GO type="169" lobby="0"/><UN n0="%4B%57" n1="%E8%91%B5%E3%81%A1%E3%82%83%E3%82%93" n2="%E3%82%A2%E3%83%A4%E3%82%BB" n3="%E6%9C%A8%E5%8E%9F%E8%B1%AA%E4%B8%80" dan="16,16,16,17" rate="2055.22,2151.22,2189.24,2195.87" sx="M,F,M,M"/><TAIKYOKU oya="0"/><INIT seed="0,0,0,2,4,111" ten="250,250,250,250" oya="0" hai0="70,101,99,85,75,115,94,35,110,43,62,76,12" hai1="24,109,93,58,4,133,42,37,89,22,16,27,46" hai2="14,23,96,30,64,123,13,91,112,77,132,134,45" hai3="117,98,107,20,8,86,104,47,41,130,79,56,51"/><T44/><D35/><U2/><E109/><V17/><F112/><W63/><G117/><T61/><D110/><U121/><E133/><N who="2" m="51307" /><F123/><W88/><G130/><T124/><D124/><U18/><E121/><V38/><F64/><W11/><G79/><T119/><D119/><U69/><E69/><V28/><F77/><W102/><G20/><T83/><D115/><U90/><E90/><V72/><F72/><W84/><G107/><T53/><D70/><U128/><E128/><V66/><F66/><W32/><G86/><T29/><D29/><N who="2" m="11370" /><F45/><W50/><G50/><T105/><D12/><U74/><E74/><V131/><F38/><W125/><G32/><T78/><D53/><U108/><E108/><V127/><F127/><W97/><G97/><T9/><D9/><U80/><E58/><V114/><F131/><W65/><REACH who="3" step="1"/><G125/><REACH who="3" ten="250,250,250,240" step="2"/><T7/><D78/><U118/><E118/><V52/><F114/><W126/><G126/><T106/><D105/><U31/><E27/><N who="2" m="14831" /><F96/><W10/><G10/><T54/><D106/><U82/><E37/><V59/><F91/><W5/><G5/><T87/><D7/><U1/><E4/><V116/><F116/><W40/><G40/><T19/><D43/><U21/><E42/><V26/><F26/><W34/><G34/><T68/><D87/><U36/><E36/><V129/><F129/><W57/><G57/><T60/><D85/><N who="1" m="52399" /><E46/><V113/><F113/><W48/><G48/><AGARI ba="0,1" hai="13,14,48,52,59" m="14831,11370,51307" machi="48" ten="30,2000,0" yaku="20,1,54,1" doraHai="111" who="2" fromWho="3" sc="250,0,250,0,250,30,240,-20" /><INIT seed="1,0,0,1,2,112" ten="250,250,280,220" oya="1" hai0="57,116,82,98,88,90,46,36,100,64,17,113,129" hai1="71,24,19,83,95,72,127,106,118,22,6,60,68" hai2="45,125,91,23,122,107,131,120,10,109,55,11,2" hai3="41,26,30,21,134,14,37,5,80,86,15,128,73"/><U87/><E106/><V65/><F109/><W89/><G134/><T25/><D113/><U130/><E130/><V43/><F107/><W1/><G128/><T61/><D129/><U56/><E127/><V42/><F131/><W70/><G70/><T20/><D116/><U9/><E72/><V81/><F65/><W7/><G1/><T94/><REACH who="0" step="1"/><D82/><REACH who="0" ten="240,250,280,220" step="2"/><U50/><E118/><V44/><F81/><W12/><G73/><T104/><D104/><U59/><E83/><V8/><F125/><W101/><G101/><T67/><D67/><U126/><E126/><V85/><F120/><W34/><G34/><T58/><D58/><U0/><E59/><V13/><F122/><W51/><REACH who="3" step="1"/><G37/><REACH who="3" ten="240,250,280,210" step="2"/><T3/><D3/><U105/><E0/><V28/><F2/><W29/><G29/><T74/><D74/><U62/><E68/><V69/><F69/><W115/><G115/><T97/><D97/><U35/><E71/><V102/><F102/><W38/><G38/><T103/><D103/><U84/><E35/><V66/><F28/><W47/><AGARI ba="0,2" hai="5,7,12,14,15,21,26,30,41,47,51,80,86,89" machi="47" ten="30,4000,0" yaku="1,1,0,1,8,1,53,0" doraHai="112" doraHaiUra="92" who="3" fromWho="3" sc="240,-10,250,-20,280,-10,210,60" /><INIT seed="2,0,0,4,0,21" ten="230,230,270,270" oya="2" hai0="65,69,132,42,103,7,118,117,107,44,135,108,4" hai1="91,41,110,24,77,60,39,1,23,52,114,13,131" hai2="83,96,47,101,19,121,51,28,59,129,75,126,17" hai3="127,100,105,37,43,31,26,124,15,78,0,48,22"/><V14/><F121/><W11/><G37/><N who="0" m="21583" /><D107/><U27/><E114/><V106/><F126/><W56/><G78/><T81/><D81/><U120/><E1/><V45/><F129/><W16/><G0/><T94/><D94/><U40/><E131/><V76/><F17/><W112/><G112/><T97/><D7/><U46/><E120/><V88/><F59/><W87/><G87/><T68/><D4/><U86/><E77/><V130/><F130/><W67/><G43/><N who="1" m="16458" /><E39/><V34/><F51/><W70/><G70/><N who="0" m="27243" /><D97/><U6/><E110/><V36/><F36/><W3/><G3/><T111/><D103/><U18/><E6/><V134/><F134/><N who="0" m="51242" /><D65/><U116/><E116/><AGARI ba="0,0" hai="108,111,116,117,118" m="51242,27243,21583" machi="116" ten="40,8000,1" yaku="12,1,20,1,23,1,34,2" doraHai="21" who="0" fromWho="1" sc="230,80,230,-80,270,0,270,0" /><INIT seed="3,0,0,3,1,122" ten="310,150,270,270" oya="3" hai0="77,102,124,78,104,10,59,107,106,29,33,34,20" hai1="67,55,92,54,27,127,113,16,118,9,4,131,0" hai2="88,46,19,8,69,90,64,36,49,21,52,63,6" hai3="12,87,58,100,111,126,62,35,42,125,97,83,65"/><W133/><G35/><T71/><D71/><U121/><E113/><V79/><F79/><W45/><G133/><T32/><D124/><U130/><E121/><V48/><F48/><W72/><G72/><T70/><D70/><U18/><E127/><V23/><F36/><W11/><G97/><T50/><D10/><U119/><E92/><V108/><F108/><W37/><G100/><T17/><D29/><U73/><E73/><V98/><F98/><W101/><G101/><T60/><D50/><U5/><E67/><V112/><F112/><W96/><G96/><T61/><D102/><U82/><E82/><V135/><F135/><W56/><G56/><T129/><D129/><N who="1" m="49163" /><E5/><V123/><F21/><W84/><G84/><T120/><D120/><U51/><E55/><V30/><F30/><W47/><G47/><T115/><D115/><U57/><E27/><V80/><F80/><W43/><G43/><T95/><D95/><U93/><E93/><V76/><F76/><W25/><G25/><T109/><D109/><U14/><E0/><V3/><REACH who="2" step="1"/><F123/><REACH who="2" ten="310,150,260,270" step="2"/><W13/><G111/><T24/><REACH who="0" step="1"/><D61/><REACH who="0" ten="300,150,260,270" step="2"/><U75/><E75/><V117/><F117/><AGARI ba="0,2" hai="4,9,14,16,18,51,54,57,117,118,119" m="49163" machi="117" ten="30,3900,0" yaku="12,1,19,1,54,1" doraHai="122" who="1" fromWho="2" sc="300,0,150,59,260,-39,270,0" /><INIT seed="4,0,0,2,3,95" ten="300,209,221,270" oya="0" hai0="61,80,9,134,21,17,46,129,3,70,114,79,103" hai1="126,65,81,16,2,135,54,98,75,48,132,105,97" hai2="62,58,10,15,110,86,22,25,131,76,100,27,92" hai3="118,120,1,7,124,23,117,53,125,130,106,73,133"/><T18/><D129/><U30/><E126/><N who="3" m="48746" /><G73/><T89/><D114/><U60/><E2/><V108/><F131/><W52/><G130/><T64/><D134/><N who="1" m="51243" /><E105/><V85/><F25/><W115/><G133/><T45/><D89/><U127/><E30/><V101/><F76/><W57/><G115/><T35/><D35/><U40/><E40/><V102/><F108/><W74/><G74/><T96/><D3/><U39/><E39/><V13/><F110/><W36/><G36/><T121/><D9/><U41/><E41/><V67/><F13/><W4/><G106/><T72/><D18/><U82/><E127/><V8/><F92/><W50/><G120/><T71/><D70/><N who="1" m="42279" /><E16/><N who="2" m="8295" /><F10/><N who="3" m="2319" /><G7/><T99/><D121/><U87/><E75/><V90/><F90/><W5/><G5/><T91/><D91/><N who="1" m="51695" /><E82/><V59/><F59/><AGARI ba="0,0" hai="48,54,59,97,98" m="51695,42279,51243" machi="59" ten="30,3900,0" yaku="20,1,52,2" doraHai="95" who="1" fromWho="2" sc="300,0,209,39,221,-39,270,0" /><INIT seed="5,0,0,2,4,74" ten="300,248,182,270" oya="1" hai0="129,5,106,116,96,97,68,27,59,99,93,92,13" hai1="44,86,130,61,132,51,53,110,54,66,19,81,70" hai2="39,121,135,46,72,107,33,35,127,4,117,41,42" hai3="37,100,0,26,60,15,78,36,17,133,80,67,29"/><U58/><E130/><V50/><F4/><W6/><G133/><T48/><D116/><U115/><E132/><V82/><F117/><W20/><G100/><T111/><D111/><U87/><E110/><V52/><F121/><W95/><G95/><T113/><D106/><U64/><E115/><V109/><F135/><W122/><G122/><T56/><D68/><U98/><E98/><V69/><F109/><W24/><G24/><T45/><D129/><U123/><E123/><V30/><F127/><W28/><G28/><T21/><D113/><U7/><E7/><V131/><F131/><W1/><G1/><T84/><D13/><U55/><E66/><V32/><F69/><W12/><G12/><T23/><D23/><U88/><E19/><V63/><F63/><W2/><G2/><T94/><D84/><U120/><E120/><V25/><F107/><W128/><G128/><T75/><D75/><U71/><REACH who="1" step="1"/><E86/><REACH who="1" ten="300,238,182,270" step="2"/><V91/><F42/><AGARI ba="0,1" hai="42,44,51,53,54,55,58,61,64,70,71,81,87,88" machi="42" ten="40,7700,0" yaku="1,1,2,1,54,1,53,0" doraHai="74" doraHaiUra="90" who="1" fromWho="2" sc="300,0,238,87,182,-77,270,0" /><INIT seed="5,1,0,0,5,9" ten="300,325,105,270" oya="1" hai0="95,79,101,68,72,87,37,36,58,65,24,25,126" hai1="54,52,15,38,53,106,0,107,41,40,122,32,28" hai2="85,98,27,119,100,90,124,31,78,133,132,73,89" hai3="123,121,88,33,56,19,5,64,26,22,50,49,16"/><U35/><E0/><V23/><F119/><W67/><G33/><N who="1" m="12874" /><E28/><V99/><F124/><W62/><G5/><T12/><D126/><U18/><E18/><V92/><F90/><W47/><G67/><T29/><D68/><U70/><E70/><V46/><F99/><W1/><G1/><T74/><D29/><U43/><E15/><V103/><F46/><W45/><G19/><T4/><D101/><U51/><E51/><V30/><F30/><W11/><G11/><T21/><D74/><U61/><E61/><V20/><F20/><W57/><G57/><T118/><D72/><U13/><E13/><V113/><F113/><W75/><G75/><T116/><D37/><U94/><E94/><V63/><F63/><W83/><G83/><T77/><D36/><U104/><E38/><V117/><F117/><W93/><G49/><T111/><D25/><U42/><N who="1" m="10240" /><DORA hai="55" /><U8/><E8/><V96/><F96/><W86/><REACH who="3" step="1"/><G50/><REACH who="3" ten="300,325,105,260" step="2"/><T120/><D118/><U48/><E48/><V81/><REACH who="2" step="1"/><F100/><REACH who="2" ten="300,325,95,260" step="2"/><W10/><G10/><T14/><D116/><U91/><E54/><V97/><F97/><W34/><G34/><T131/><D4/><U3/><E53/><V134/><F134/><W135/><G135/><T114/><D114/><U108/><E52/><V59/><F59/><W128/><G128/><T39/><D131/><U130/><E130/><V110/><F110/><W115/><G115/><T2/><D111/><U76/><E108/><V60/><F60/><W7/><G7/><T44/><D58/><U105/><N who="1" m="26624" /><DORA hai="127" /><U112/><E112/><V82/><AGARI ba="1,2" hai="23,27,31,73,78,81,82,85,89,92,98,103,132,133" machi="82" ten="30,7900,0" yaku="1,1,5,1,0,1,53,1" doraHai="9,55,127" doraHaiUra="80,71,6" who="2" fromWho="2" sc="300,-21,325,-40,95,102,260,-21" /><INIT seed="6,0,0,1,3,59" ten="279,285,197,239" oya="2" hai0="13,106,15,60,56,69,19,42,116,27,46,112,78" hai1="33,67,95,16,103,73,26,114,75,99,124,45,115" hai2="129,48,38,119,94,108,49,11,10,98,111,66,91" hai3="65,9,52,80,40,90,130,6,125,127,7,3,83"/><V37/><F119/><W117/><G117/><T128/><D116/><U12/><E124/><N who="3" m="47690" /><G130/><T92/><D106/><U118/><E118/><V32/><F32/><W44/><G7/><T58/><D128/><U0/><E0/><V21/><F129/><W85/><G65/><T23/><D112/><N who="1" m="43051" /><E45/><V107/><F107/><W53/><G83/><T20/><D78/><U121/><E67/><V123/><F123/><W54/><G54/><T76/><D76/><U81/><E81/><V101/><F101/><W113/><G113/><T71/><D56/><U133/><E133/><V5/><F66/><W35/><G35/><T102/><D102/><U97/><E97/><V132/><F132/><W77/><G77/><T135/><D92/><U22/><E121/><V31/><F31/><AGARI ba="0,0" hai="12,16,22,26,31,33,73,75,95,99,103" m="43051" machi="31" ten="30,2000,0" yaku="15,1,54,1" doraHai="59" who="1" fromWho="2" sc="279,0,285,20,197,-20,239,0" /><INIT seed="7,0,0,3,4,63" ten="279,305,177,239" oya="3" hai0="124,121,102,40,61,51,89,7,114,41,107,105,28" hai1="86,15,2,16,59,67,44,106,48,91,134,68,46" hai2="12,118,94,42,18,23,116,72,81,133,109,126,50" hai3="60,1,65,56,64,52,20,75,3,36,90,17,24"/><W92/><G36/><T53/><D121/><U76/><E2/><N who="3" m="522" /><G75/><T0/><D124/><U49/><E106/><V45/><F109/><W19/><G19/><T62/><D28/><U34/><E34/><V22/><F126/><W93/><G93/><T122/><D122/><U95/><E68/><V27/><F133/><W54/><G54/><T130/><D130/><U108/><E108/><V83/><F72/><W25/><G25/><T131/><D131/><U113/><E76/><V112/><F112/><W39/><G39/><T9/><D114/><U14/><E134/><V96/><F116/><W85/><G85/><T73/><D73/><U119/><E119/><V82/><F118/><W97/><AGARI ba="0,0" hai="17,20,24,52,56,60,64,65,90,92,97" m="522" machi="97" ten="30,11700,0" yaku="25,1,52,2,54,1" doraHai="63" who="3" fromWho="3" sc="279,-39,305,-39,177,-39,239,117" owari="240,-16.0,266,7.0,138,-36.0,356,45.0" /></mjloggm>