<mjloggm ver="2.3"><GO type="169" lobby="0"/><UN n0="%E3%81%9F%E3%81%8F%E3%81%98%E3%82%8D%E3%81%86" n1="%E7%A5%9E%E9%A2%A8%E3%81%A6%E3%81%83%E3%81%A3%E3%81%97%E3%82%85" n2="%E5%BD%A9%E4%BA%AC" n3="%73%75%7A%75%6D%65%33" dan="16,16,17,17" rate="2104.52,2153.13,2204.39,2199.98" sx="M,M,M,M"/><TAIKYOKU oya="0"/><INIT seed="0,0,0,5,5,102" ten="250,250,250,250" oya="0" hai0="101,124,57,30,12,47,108,111,66,132,104,87,76" hai1="18,106,61,6,97,51,41,83,5,96,2,105,68" hai2="29,73,32,37,120,128,7,118,1,122,71,125,60" hai3="75,126,0,46,93,92,110,19,78,135,62,65,11"/><T86/><D132/><U129/><E51/><V48/><RYUUKYOKU type="yao9" ba="0,0" sc="250,0,250,0,250,0,250,0" hai2="1,7,29,32,37,48,60,71,73,118,120,122,125,128" /><INIT seed="0,1,0,4,0,62" ten="250,250,250,250" oya="0" hai0="9,74,75,32,26,128,8,81,5,107,80,35,2" hai1="1,0,18,22,125,76,4,109,68,12,53,38,43" hai2="50,40,85,37,6,134,93,78,92,52,49,67,72" hai3="29,31,24,84,99,42,21,28,39,123,3,63,131"/><T110/><D107/><U104/><E104/><V117/><F72/><W129/><G3/><T27/><D128/><N who="3" m="49225" /><G99/><T88/><D2/><U57/><E68/><V89/><F37/><W87/><G123/><T44/><D44/><U132/><E109/><V133/><F117/><W34/><G34/><T127/><D5/><U65/><E65/><V94/><F78/><W36/><G63/><T106/><D106/><U11/><E132/><N who="2" m="50795" /><F6/><W118/><G118/><T16/><D127/><U41/><E125/><V83/><F67/><W56/><G56/><T33/><D33/><U48/><E38/><N who="3" m="14378" /><G42/><T13/><D110/><U113/><E113/><V114/><F114/><W47/><G47/><T82/><D82/><U102/><E102/><V86/><F40/><W130/><G130/><T30/><D30/><AGARI ba="1,0" hai="21,24,28,29,30,31,84,87" m="14378,49225" machi="30" ten="40,1300,0" yaku="19,1" doraHai="62" who="3" fromWho="0" sc="250,-16,250,0,250,0,250,16" /><INIT seed="1,0,0,2,4,93" ten="234,250,250,266" oya="1" hai0="8,108,51,131,89,120,49,63,75,127,21,119,106" hai1="73,126,130,13,65,113,72,100,69,58,54,124,22" hai2="24,95,16,78,85,4,12,109,87,34,111,9,86" hai3="96,88,18,70,35,67,128,92,39,61,0,134,23"/><U43/><E113/><V118/><F118/><W107/><G35/><T71/><D119/><U116/><E116/><V99/><F78/><W50/><G39/><T11/><D75/><U15/><E43/><V68/><F68/><W31/><G0/><T28/><D108/><N who="2" m="41546" /><F4/><W26/><G134/><T62/><D131/><U37/><E37/><V80/><F80/><W110/><G110/><T83/><D106/><U77/><E130/><V105/><F105/><W42/><G128/><T123/><D127/><N who="1" m="48683" /><E77/><V57/><F57/><W132/><G132/><T101/><D71/><U66/><E100/><N who="2" m="60543" /><F24/><W81/><G107/><T52/><D101/><U40/><E40/><V90/><F90/><W103/><G81/><T104/><D89/><U3/><E3/><V125/><F125/><W55/><G42/><T7/><D83/><U25/><E69/><V76/><F76/><W122/><G122/><T5/><D104/><U33/><E72/><V97/><F97/><W27/><G103/><T94/><D94/><U115/><E115/><V17/><F17/><W10/><G27/><T20/><REACH who="0" step="1"/><D28/><REACH who="0" ten="224,250,250,266" step="2"/><N who="1" m="19599" /><E73/><V133/><F133/><W129/><G129/><T32/><D32/><AGARI ba="0,1" hai="9,12,16,32,34,85,86,87" m="60543,41546" machi="32" ten="30,3900,0" yaku="14,1,52,1,54,1" doraHai="93" who="2" fromWho="0" sc="224,-39,250,0,250,49,266,0" /><INIT seed="2,0,0,4,1,20" ten="185,250,299,266" oya="2" hai0="12,63,76,52,118,41,113,87,27,95,105,30,74" hai1="11,73,24,103,125,62,115,36,23,75,96,91,38" hai2="104,59,26,15,56,39,2,100,10,83,13,120,57" hai3="14,18,112,58,19,49,54,135,34,127,88,65,61"/><V131/><F120/><W99/><G34/><T102/><D113/><U28/><E115/><V17/><F39/><W53/><G112/><T93/><D74/><U67/><E125/><V109/><F131/><W84/><G127/><T114/><D114/><U22/><E75/><V0/><F109/><W51/><G135/><T8/><D41/><U43/><E73/><V126/><F104/><W117/><G99/><T128/><D128/><U45/><E11/><V70/><F70/><W81/><G117/><T111/><D111/><U130/><E91/><V72/><F100/><W6/><G6/><T60/><D105/><U9/><E9/><V124/><F15/><W122/><G122/><T48/><D95/><U89/><E89/><V66/><F66/><W55/><G18/><T7/><D118/><U69/><E130/><V121/><F121/><W85/><G84/><T106/><D106/><N who="1" m="63847" /><E38/><V94/><F94/><W3/><G3/><T107/><D107/><U16/><E16/><V37/><F37/><W80/><G80/><N who="0" m="47495" /><D93/><U68/><E68/><V79/><F126/><W64/><G64/><T33/><D102/><U35/><AGARI ba="0,0" hai="22,23,24,28,35,36,43,45,62,67,69" m="63847" machi="35" ten="30,2000,0" yaku="25,1,52,1" doraHai="20" who="1" fromWho="1" sc="185,-5,250,20,299,-10,266,-5" /><INIT seed="3,0,0,0,0,93" ten="180,270,289,261" oya="3" hai0="63,45,64,126,81,61,59,27,90,85,7,53,3" hai1="80,83,49,95,127,112,135,130,26,52,24,19,125" hai2="84,13,39,30,8,36,92,100,23,113,102,15,48" hai3="43,123,111,71,132,42,76,10,50,97,110,66,86"/><W118/><G118/><T33/><D126/><N who="1" m="48139" /><E112/><V109/><F113/><W31/><G123/><T121/><D121/><U79/><E130/><V6/><F109/><N who="3" m="41483" /><G132/><T91/><D3/><U70/><E70/><V57/><F39/><W89/><G31/><T44/><D7/><U62/><E62/><V77/><F36/><W28/><G28/><T37/><D37/><U68/><E68/><V65/><F77/><W41/><G10/><T2/><D2/><U0/><E0/><V116/><F116/><W17/><G17/><T98/><D27/><U32/><E32/><V56/><F30/><W120/><G120/><T82/><D33/><U25/><E135/><V21/><F8/><W4/><G4/><T16/><D16/><U75/><E83/><V104/><F6/><W87/><G76/><T107/><D107/><U105/><E105/><V73/><F23/><W131/><G131/><T34/><D34/><U35/><E35/><V12/><F21/><W106/><G50/><T58/><REACH who="0" step="1"/><D82/><REACH who="0" ten="170,270,289,261" step="2"/><U94/><E19/><V40/><F15/><W55/><G106/><T129/><D129/><U38/><E38/><V128/><F104/><W78/><G78/><T54/><D54/><U88/><E24/><V96/><F13/><W60/><G55/><T11/><D11/><U5/><E25/><V99/><F12/><W20/><G20/><T29/><D29/><U22/><E5/><V9/><F9/><W124/><G124/><T67/><D67/><U134/><E26/><V51/><F65/><W133/><G133/><T103/><D103/><U1/><E134/><V115/><F128/><RYUUKYOKU ba="0,1" sc="170,15,270,-15,289,-15,261,15" hai0="44,45,53,58,59,61,63,64,81,85,90,91,98" hai3="41,42,43,60,66,71,86,87,89,97" /><INIT seed="3,1,1,4,0,75" ten="185,255,274,276" oya="3" hai0="83,87,128,126,64,37,56,49,123,3,25,81,19" hai1="130,84,93,110,68,52,0,22,76,112,12,45,103" hai2="47,107,33,11,97,79,46,15,74,113,98,43,86" hai3="124,72,85,127,105,135,55,51,42,106,62,78,104"/><W2/><G2/><T39/><D123/><U44/><E112/><V117/><F33/><W54/><G72/><T23/><D3/><U108/><E68/><V95/><F117/><W41/><G62/><T71/><D71/><U134/><E0/><V34/><F34/><W29/><G29/><T120/><D120/><U20/><E130/><V58/><F113/><W63/><G63/><T89/><D126/><N who="3" m="48169" /><G135/><T6/><D6/><U8/><E103/><V121/><F74/><W5/><G5/><T70/><D128/><U50/><E45/><V82/><F47/><N who="3" m="26095" /><G42/><T67/><D70/><U40/><E40/><V119/><F121/><W92/><G92/><N who="0" m="54335" /><D39/><U24/><E93/><V90/><F119/><W48/><G48/><T26/><D37/><U31/><E134/><V4/><F107/><W125/><N who="3" m="48177" /><W122/><DORA hai="133" /><G122/><T27/><D67/><U21/><E31/><V16/><F4/><W9/><G9/><T36/><D36/><U96/><E24/><N who="0" m="9321" /><D64/><U94/><E8/><V57/><F43/><W65/><G65/><T60/><D60/><U102/><E12/><V114/><F114/><W32/><G32/><T132/><D132/><U30/><E30/><V99/><F46/><W7/><G7/><T115/><D115/><U100/><E44/><V28/><F28/><W129/><G129/><T109/><D49/><U111/><E50/><V14/><F14/><W53/><G106/><T116/><D27/><U80/><E52/><V59/><AGARI ba="1,1" hai="11,15,16,57,58,59,79,82,86,90,95,97,98,99" machi="59" ten="30,7900,0" yaku="0,1,8,1,52,1,54,1" doraHai="75,133" who="2" fromWho="2" sc="185,-21,255,-21,274,92,276,-40" /><INIT seed="4,0,0,5,5,117" ten="164,234,366,236" oya="0" hai0="47,54,35,105,71,124,22,5,59,130,122,96,73" hai1="135,111,92,110,74,131,81,19,72,129,34,37,108" hai2="83,64,132,118,126,0,82,32,29,123,4,48,61" hai3="51,26,109,95,33,70,43,65,8,27,103,93,68"/><T20/><D35/><U100/><E37/><V113/><F118/><W18/><G109/><T3/><D71/><U77/><E34/><V39/><F39/><W2/><G33/><T17/><D73/><N who="1" m="43183" /><E19/><V116/><F116/><W120/><G43/><T45/><D130/><N who="1" m="49675" /><E135/><V75/><F132/><W58/><G103/><T44/><D122/><U127/><E127/><V42/><F123/><W134/><G120/><T15/><D124/><U11/><E11/><V30/><F29/><W80/><G18/><T104/><D22/><U28/><E28/><V62/><F30/><W97/><G8/><T21/><D21/><U23/><E23/><V49/><F4/><W66/><G80/><T46/><N who="0" m="11264" /><DORA hai="133" /><T16/><D17/><U36/><E36/><V91/><F0/><W94/><G134/><T87/><D87/><U84/><E84/><V9/><F32/><W57/><G2/><T14/><D3/><U38/><E38/><V90/><F126/><W13/><G13/><T60/><REACH who="0" step="1"/><D96/><AGARI ba="0,0" hai="72,74,92,96,100,108,110,111" m="49675,43183" machi="96" ten="40,5200,0" yaku="19,1,34,2" doraHai="117,133" who="1" fromWho="0" sc="164,-52,234,52,366,0,236,0" /><INIT seed="5,0,0,2,0,45" ten="112,286,366,236" oya="1" hai0="89,88,135,84,72,100,21,50,28,134,66,18,78" hai1="106,109,103,42,7,107,116,73,74,44,59,48,112" hai2="64,122,120,35,37,5,123,79,101,25,111,49,113" hai3="76,87,22,119,2,38,58,13,90,36,97,8,70"/><U17/><E116/><V32/><F37/><W0/><G70/><T81/><D28/><U14/><E112/><V41/><F111/><W110/><G119/><T104/><D66/><U29/><E109/><V77/><F5/><W51/><G110/><T130/><D130/><U54/><E7/><V99/><F113/><W114/><G114/><T27/><D89/><U132/><E29/><V105/><F35/><W128/><G128/><T94/><REACH who="0" step="1"/><D50/><REACH who="0" ten="102,286,366,236" step="2"/><U30/><E30/><V61/><F122/><W82/><G38/><T16/><D16/><U26/><E132/><V80/><F49/><W86/><G36/><T118/><D118/><U55/><E74/><V63/><F64/><W19/><G51/><T121/><D121/><U3/><E73/><V23/><F120/><W95/><G58/><T4/><D4/><U127/><E55/><V83/><F123/><W24/><REACH who="3" step="1"/><G87/><REACH who="3" ten="102,286,366,226" step="2"/><T52/><D52/><U20/><E59/><V131/><F131/><W1/><G1/><T56/><D56/><U91/><E3/><V40/><F63/><W126/><G126/><T75/><D75/><U68/><E127/><V65/><F61/><W124/><G124/><T117/><D117/><U133/><E54/><V47/><F41/><W93/><G93/><T67/><D67/><U15/><E68/><V125/><F40/><W10/><G10/><T43/><D43/><U12/><E42/><V53/><F65/><W39/><G39/><T129/><D129/><U92/><E48/><V57/><F53/><W71/><G71/><T11/><D11/><U96/><E92/><V60/><F125/><RYUUKYOKU ba="0,2" sc="102,15,286,-15,366,-15,226,15" hai0="18,21,27,72,78,81,84,88,94,100,104,134,135" hai3="0,2,8,13,19,22,24,76,82,86,90,95,97" /><INIT seed="6,1,2,2,2,57" ten="117,271,351,241" oya="2" hai0="94,111,70,12,53,128,92,135,74,28,44,55,130" hai1="121,17,71,101,98,20,30,42,58,109,73,37,90" hai2="84,15,78,75,64,1,56,68,86,59,114,100,21" hai3="83,95,79,14,62,129,40,126,10,132,41,119,133"/><V26/><F1/><W113/><G119/><T110/><D74/><U24/><E109/><V124/><F68/><W76/><G129/><N who="0" m="49771" /><D28/><U105/><E71/><V117/><F100/><W116/><G116/><T2/><D2/><U91/><E73/><V33/><F15/><W108/><G108/><N who="0" m="41515" /><D70/><U107/><E107/><V5/><F33/><W131/><G131/><T31/><D31/><U81/><E121/><V43/><F75/><W122/><G122/><T4/><D12/><U125/><E125/><V16/><F124/><W66/><G126/><T89/><D44/><U82/><E30/><V112/><F117/><W35/><G35/><T103/><D4/><U50/><E82/><V32/><F5/><W11/><G83/><T67/><D67/><U87/><E81/><V60/><F32/><W88/><G14/><T61/><D103/><U118/><E118/><V97/><F64/><W93/><G66/><T123/><D123/><U38/><E101/><V39/><F26/><W18/><G18/><T13/><D13/><U6/><E6/><V45/><F16/><W49/><G10/><T51/><D135/><U65/><E65/><V9/><F9/><W0/><G11/><T96/><D92/><U23/><E17/><V85/><F45/><W34/><G0/><T134/><D134/><U27/><E24/><V46/><F46/><W3/><G3/><T80/><D61/><U52/><E27/><V106/><F60/><W104/><G62/><T48/><D80/><U63/><E63/><V22/><F22/><W47/><G133/><T72/><D72/><U7/><E7/><RYUUKYOKU ba="1,2" sc="117,30,271,-10,351,-10,241,-10" hai0="48,51,53,55,89,94,96" /><INIT seed="7,2,2,1,1,66" ten="147,261,341,231" oya="3" hai0="26,51,46,56,107,80,21,52,31,79,108,64,126" hai1="111,4,25,128,116,105,124,89,93,50,84,101,74" hai2="42,121,81,117,76,38,6,34,86,45,73,60,92" hai3="57,112,119,83,125,18,135,58,129,109,20,40,96"/><W118/><G112/><T59/><D126/><U87/><E4/><V69/><F117/><W97/><G125/><T43/><D108/><U24/><E124/><V98/><F34/><W102/><G109/><T61/><D107/><U72/><E24/><V41/><F41/><W2/><G2/><T114/><D114/><U14/><E14/><V106/><F106/><W115/><G115/><T123/><D123/><U35/><E25/><V28/><F28/><W77/><G40/><T65/><REACH who="0" step="1"/><D59/><REACH who="0" ten="137,261,341,231" step="2"/><U44/><E105/><V134/><F121/><W85/><G119/><T94/><D94/><U22/><E93/><V88/><F92/><N who="3" m="58631" /><G118/><T133/><D133/><U75/><E116/><V29/><F134/><W78/><G135/><T0/><D0/><U91/><E111/><V17/><F81/><N who="3" m="47279" /><G129/><T90/><D90/><U68/><E91/><V67/><F88/><W49/><G97/><T11/><D11/><U55/><E89/><V71/><F98/><W32/><G58/><T13/><D13/><U39/><E128/><V12/><F12/><W54/><G83/><T104/><D104/><U16/><E101/><V53/><F76/><W23/><G78/><T9/><D9/><U122/><E122/><V48/><F71/><W33/><G57/><T36/><D36/><U127/><E39/><V3/><F69/><W131/><G131/><T27/><D27/><N who="1" m="14791" /><E127/><V8/><F38/><W62/><G49/><T99/><D99/><U30/><E68/><V5/><F48/><W132/><G132/><T10/><D10/><U100/><E100/><V120/><F120/><W1/><G1/><RYUUKYOKU ba="2,3" sc="137,15,261,15,341,-15,231,-15" hai0="21,26,31,43,46,51,52,56,61,64,65,79,80" hai1="30,35,44,50,55,72,74,75,84,87" owari="152,-35.0,276,8.0,356,45.0,216,-18.0" /></mjloggm>