<mjloggm ver="2.3"><GO type="185" lobby="0"/><UN n0="%63%61%6C%63%2E" n1="%E3%81%BF%E3%83%BC%E3%82%8F" n2="%4E%65%6D%6F%6D%6F%6D%6F" n3="" dan="19,17,16,0" rate="2392.13,2237.82,2191.22,1500.00" sx="M,M,M,C"/><TAIKYOKU oya="0"/><INIT seed="0,0,0,1,1,53" ten="350,350,350,0" oya="0" hai0="73,100,64,112,56,125,1,67,106,78,103,70,105" hai1="94,81,113,68,33,120,38,131,124,99,108,52,134" hai2="111,117,65,86,71,3,50,101,79,0,61,76,110" hai3=""/><T36/><D112/><U89/><RYUUKYOKU type="yao9" ba="0,0" sc="350,0,350,0,350,0,0,0" hai1="33,38,52,68,81,89,94,99,108,113,120,124,131,134" /><INIT seed="0,1,0,2,0,54" ten="350,350,350,0" oya="0" hai0="49,39,102,56,47,73,114,128,43,95,90,61,91" hai1="93,111,129,86,34,126,66,65,106,64,69,89,36" hai2="109,55,75,107,83,135,79,88,57,96,84,37,94" hai3=""/><T50/><D114/><U78/><E34/><V0/><F0/><T99/><D73/><U105/><E111/><V44/><F109/><T101/><D128/><U80/><E129/><V53/><F135/><T130/><D130/><U87/><E126/><V74/><F55/><T63/><D91/><U112/><E36/><V124/><F124/><T117/><D117/><U59/><E69/><V108/><F108/><T104/><D63/><U98/><E112/><V71/><F71/><T92/><D104/><U119/><E119/><V2/><F2/><T38/><D49/><U58/><REACH who="1" step="1"/><E98/><REACH who="1" ten="350,340,350,0" step="2"/><V127/><F127/><T3/><D3/><U134/><E134/><V132/><F132/><T100/><REACH who="0" step="1"/><D95/><REACH who="0" ten="340,340,350,0" step="2"/><U131/><E131/><V72/><F37/><T121/><N who="0" m="31008" /><T82/><D82/><U76/><E76/><V45/><REACH who="2" step="1"/><F107/><AGARI ba="1,2" hai="58,59,64,65,66,78,80,86,87,89,93,105,106,107" machi="107" ten="40,5200,0" yaku="1,1,52,2,53,0" doraHai="54" doraHaiUra="48" who="1" fromWho="2" sc="340,0,340,74,350,-54,0,0" /><INIT seed="1,0,0,3,4,125" ten="340,414,296,0" oya="1" hai0="47,86,74,127,129,64,132,102,106,109,36,68,97" hai1="79,90,92,66,46,43,48,63,94,89,73,1,3" hai2="49,101,0,128,119,82,113,2,42,72,133,84,123" hai3=""/><U111/><E111/><V103/><N who="2" m="31520" /><V99/><F119/><T108/><D74/><U95/><E79/><V120/><N who="2" m="30752" /><V135/><F72/><T112/><D127/><U81/><E73/><V51/><F113/><T32/><D32/><U75/><E75/><V130/><F84/><T96/><D112/><U80/><E80/><V67/><F67/><T71/><D86/><U59/><REACH who="1" step="1"/><E81/><REACH who="1" ten="340,404,296,0" step="2"/><V85/><F0/><AGARI ba="0,1" hai="0,1,3,43,46,48,59,63,66,89,90,92,94,95" machi="0" ten="40,3900,0" yaku="1,1,2,1,53,0" doraHai="125" doraHaiUra="124" who="1" fromWho="2" sc="340,0,404,49,296,-39,0,0" /><INIT seed="1,1,0,2,5,65" ten="340,453,257,0" oya="1" hai0="58,60,133,50,35,96,71,135,2,121,131,46,82" hai1="56,103,105,55,63,64,128,72,0,119,77,89,113" hai2="115,62,41,125,116,57,52,102,53,68,66,114,110" hai3=""/><U123/><N who="1" m="31520" /><U3/><E113/><N who="2" m="43019" /><F116/><T104/><N who="0" m="31008" /><T36/><D35/><U98/><E119/><V40/><F110/><T80/><D36/><U44/><E128/><V79/><F125/><T75/><D2/><U49/><E77/><V74/><F102/><T99/><D131/><U126/><E72/><V33/><F33/><T109/><D109/><U81/><REACH who="1" step="1"/><E126/><REACH who="1" ten="340,443,257,0" step="2"/><V120/><N who="2" m="30752" /><V117/><F117/><T132/><D75/><U87/><AGARI ba="1,1" hai="0,3,44,49,55,56,63,64,81,87,89,98,103,105" m="31520" machi="87" ten="30,4000,0" yaku="1,1,0,1,52,1,53,0" doraHai="65" doraHaiUra="91" who="1" fromWho="1" sc="340,-21,443,52,257,-21,0,0" /><INIT seed="1,2,0,1,4,65" ten="319,495,236,0" oya="1" hai0="134,85,75,119,109,94,83,44,58,113,116,76,90" hai1="124,39,133,118,49,33,54,91,66,107,64,112,41" hai2="57,51,89,68,114,43,74,77,106,92,129,55,102" hai3=""/><U121/><N who="1" m="31008" /><U84/><E112/><V69/><F114/><T86/><D113/><U60/><E118/><N who="0" m="45097" /><D58/><U38/><E33/><V56/><F129/><T32/><D32/><U123/><N who="1" m="31520" /><U73/><E73/><V125/><F125/><T71/><D44/><U35/><E35/><V47/><F57/><T63/><D109/><U40/><E124/><V62/><F102/><T122/><N who="0" m="31264" /><T50/><D50/><U104/><E133/><V37/><F106/><T59/><D134/><U135/><E107/><V103/><F103/><T67/><D59/><U105/><E104/><V81/><REACH who="2" step="1"/><F62/><REACH who="2" ten="319,495,226,0" step="2"/><T42/><D42/><U48/><E41/><V111/><F111/><T93/><D93/><U101/><E40/><V120/><N who="2" m="30752" /><V52/><F52/><T96/><AGARI ba="2,1" hai="63,67,71,75,76,83,85,86,90,94,96" m="31264,45097" machi="96" ten="30,3000,0" yaku="12,1,52,2" doraHai="65" who="0" fromWho="0" sc="319,44,495,-22,226,-12,0,0" /><INIT seed="2,0,0,4,0,67" ten="363,473,214,0" oya="2" hai0="79,101,69,56,34,124,42,75,84,116,37,135,70" hai1="85,2,128,93,76,123,106,57,46,73,48,40,32" hai2="89,134,91,133,39,92,96,87,64,71,59,112,97" hai3=""/><V107/><F112/><T98/><D116/><U55/><N who="1" m="31520" /><U132/><E2/><V36/><F71/><T130/><D34/><U111/><E32/><V86/><F64/><T82/><D130/><U81/><E128/><V105/><F59/><T47/><D135/><N who="2" m="51722" /><F36/><T80/><D124/><U41/><E132/><V126/><F39/><T108/><D108/><U49/><E106/><N who="2" m="40459" /><F126/><T38/><D38/><U78/><E111/><V74/><F74/><T3/><D3/><U52/><E73/><V103/><F103/><T109/><D109/><U117/><E57/><V72/><F72/><T121/><N who="0" m="31008" /><T114/><D114/><U125/><E125/><V129/><F129/><T0/><D0/><U115/><E115/><V62/><F62/><T120/><N who="0" m="30752" /><T102/><D56/><U44/><E46/><V88/><F92/><T51/><D37/><U100/><E93/><V131/><F131/><T50/><D50/><U60/><E49/><V119/><F119/><T77/><D102/><U94/><E100/><V45/><F45/><T127/><D127/><U110/><E117/><V1/><F1/><T104/><AGARI ba="0,0" hai="42,47,51,69,70,75,77,79,80,82,84,98,101,104" m="30752,31008" machi="104" ten="20,9000,2" yaku="0,1,7,1,52,4" doraHai="67" who="0" fromWho="0" sc="363,90,473,-30,214,-60,0,0" /><INIT seed="4,0,0,5,5,34" ten="453,443,154,0" oya="0" hai0="56,72,135,1,94,59,97,91,120,75,53,90,40" hai1="71,57,69,113,0,43,54,98,36,112,128,3,85" hai2="119,117,2,114,78,37,33,84,100,74,115,111,65" hai3=""/><T93/><N who="0" m="30752" /><T80/><D135/><U110/><E110/><V103/><F33/><T68/><D68/><U76/><E128/><V132/><F111/><T89/><D40/><U92/><E43/><V109/><F109/><T129/><D129/><U126/><E36/><V121/><N who="2" m="31008" /><V101/><F37/><T63/><D1/><N who="1" m="587" /><E126/><V130/><F2/><T77/><D75/><U108/><E85/><V42/><F42/><T58/><REACH who="0" step="1"/><D90/><REACH who="0" ten="443,443,154,0" step="2"/><U81/><E108/><V127/><F130/><T39/><D39/><U44/><E71/><V45/><F132/><T106/><D106/><U50/><E69/><V67/><F127/><T32/><D32/><U118/><E76/><V105/><F74/><T102/><D102/><U64/><E112/><N who="2" m="43051" /><F105/><T55/><D55/><U35/><E113/><V95/><F65/><T134/><D134/><U133/><E35/><V41/><F67/><T96/><AGARI ba="0,1" hai="53,56,58,59,63,72,77,80,89,91,93,94,96,97" m="30752" machi="96" ten="20,8000,1" yaku="1,1,0,1,7,1,9,1,52,1,53,0" doraHai="34" doraHaiUra="38" who="0" fromWho="0" sc="443,90,443,-40,154,-40,0,0" /><INIT seed="4,1,0,2,2,88" ten="533,403,114,0" oya="0" hai0="35,122,32,46,64,1,49,114,66,91,97,105,110" hai1="2,36,89,86,100,127,54,81,47,123,39,121,77" hai2="62,96,104,59,71,72,108,83,76,99,74,41,98" hai3=""/><T55/><N who="0" m="31264" /><T60/><D1/><U111/><N who="1" m="31008" /><U42/><N who="1" m="31520" /><U112/><E111/><V95/><F108/><T107/><D110/><U53/><E2/><V93/><F104/><T37/><D114/><U50/><E112/><V90/><F71/><T126/><D126/><U94/><E127/><V101/><F41/><T67/><D37/><U52/><REACH who="1" step="1"/><E100/><REACH who="1" ten="533,393,114,0" step="2"/><V103/><F103/><T85/><D35/><U43/><E43/><V44/><F44/><T56/><D32/><U135/><E135/><V51/><F98/><T34/><D34/><U40/><E40/><V102/><F102/><T70/><D97/><U69/><E69/><V57/><F101/><T116/><D116/><U3/><E3/><V58/><F96/><T109/><D109/><U63/><E63/><V115/><F62/><T119/><D119/><U133/><E133/><V117/><F115/><T33/><D33/><U0/><E0/><V87/><F117/><T92/><REACH who="0" step="1"/><D70/><REACH who="0" ten="523,393,114,0" step="2"/><U78/><E78/><V79/><F79/><T132/><D132/><U48/><E48/><V61/><F51/><T82/><D82/><U68/><E68/><V106/><F76/><T131/><D131/><U124/><E124/><V113/><F113/><T65/><AGARI ba="1,2" hai="46,49,55,56,60,64,65,66,67,85,91,92,105,107" m="31264" machi="65" ten="30,12000,2" yaku="1,1,5,1,0,1,52,2,53,1" doraHai="88" doraHaiUra="45" who="0" fromWho="0" sc="523,142,393,-61,114,-61,0,0" /><INIT seed="4,2,0,5,0,67" ten="665,332,53,0" oya="0" hai0="58,89,64,69,51,36,91,90,33,101,46,82,88" hai1="77,128,2,85,97,48,60,131,94,54,43,55,87" hai2="126,63,123,92,103,79,106,37,114,135,53,59,113" hai3=""/><T107/><D33/><U132/><E2/><V98/><N who="2" m="31520" /><V109/><F109/><T121/><N who="0" m="31008" /><T32/><D32/><U83/><E132/><V3/><F3/><T117/><D117/><U119/><E119/><V124/><F37/><T75/><D69/><U115/><E115/><N who="2" m="44043" /><F135/><T104/><D36/><U42/><E87/><V95/><F79/><T130/><D130/><N who="1" m="49707" /><E60/><V39/><F39/><T50/><D101/><U84/><E85/><V1/><F1/><T68/><D75/><U102/><E55/><V72/><F72/><T0/><D0/><U74/><E74/><V86/><F86/><T38/><D82/><U40/><E42/><V108/><F108/><T122/><D122/><U71/><E71/><V134/><F134/><T62/><D68/><U80/><E83/><V47/><F47/><AGARI ba="2,0" hai="40,43,47,48,54,77,80,84,94,97,102" m="49707" machi="47" ten="30,1000,0" yaku="19,1" doraHai="67" who="1" fromWho="2" sc="665,0,332,14,53,-14,0,0" /><INIT seed="5,0,0,3,2,45" ten="665,346,39,0" oya="1" hai0="112,68,73,89,123,91,59,44,69,32,47,124,107" hai1="87,76,88,36,111,117,104,42,118,43,67,79,3" hai2="81,135,37,50,0,110,78,60,64,33,92,75,82" hai3=""/><U2/><E104/><V66/><F0/><T53/><D73/><U116/><E111/><V103/><F37/><T129/><D59/><U94/><E67/><V95/><F33/><T51/><D53/><U65/><E65/><V80/><F110/><T119/><D51/><U72/><E72/><V134/><F75/><T133/><D47/><U74/><E74/><V41/><F78/><T63/><D44/><U62/><E62/><V48/><F103/><T96/><D96/><U46/><REACH who="1" step="1"/><E43/><REACH who="1" ten="665,336,39,0" step="2"/><V52/><F41/><T120/><D63/><U34/><E34/><V125/><F64/><T71/><D107/><U113/><E113/><V61/><F125/><T114/><D124/><U122/><N who="1" m="31264" /><U84/><E84/><V132/><F60/><T127/><D127/><U109/><E109/><V128/><F128/><T99/><D32/><U85/><E85/><V39/><F135/><T86/><D129/><U98/><E98/><V102/><F66/><T1/><D133/><U108/><E108/><V58/><F61/><T93/><D114/><U38/><E38/><V101/><F39/><T121/><D112/><U115/><E115/><V131/><F132/><T105/><D120/><U106/><E106/><V49/><F134/><T97/><D121/><RYUUKYOKU ba="0,1" sc="665,-10,336,20,39,-10,0,0" hai1="2,3,36,42,46,76,79,87,88,94,116,117,118" /><INIT seed="5,1,1,5,2,96" ten="655,356,29,0" oya="1" hai0="111,121,107,130,112,83,56,38,35,37,123,126,135" hai1="115,86,58,95,39,79,0,47,66,52,69,73,70" hai2="65,48,72,92,76,43,74,124,60,49,82,116,114" hai3=""/><U61/><E0/><V103/><F116/><T51/><D83/><U93/><E115/><V102/><F114/><T85/><D85/><U62/><E73/><V88/><F74/><T36/><D56/><U44/><E79/><V84/><F124/><T55/><D55/><U53/><E86/><V94/><F94/><T3/><D51/><U132/><E132/><V127/><F127/><T119/><D38/><U99/><E95/><V78/><F78/><T33/><N who="0" m="31008" /><T89/><D89/><U104/><E104/><V57/><REACH who="2" step="1"/><F49/><REACH who="2" ten="655,356,19,0" step="2"/><T75/><D35/><U128/><E93/><V42/><F42/><T68/><AGARI ba="1,2" hai="3,33,36,37,68,75,107,111,112,119,123,126,130,135" m="31008" machi="68" ten="0,24000,5" yakuman="47" doraHai="96" who="0" fromWho="0" sc="655,262,356,-161,19,-81,0,0" owari="917,86.0,195,-20.0,-62,-66.0,0,0.0" /></mjloggm>