<mjloggm ver="2.3"><GO type="169" lobby="0"/><UN n0="%E3%81%84%E3%81%84%E3%81%9E" n1="%28%3B%E3%83%BB%E2%88%80%E3%83%BB%29" n2="%41%6E%74%69%64%6F%74%65" n3="%E3%81%B3%E3%82%8A%E3%81%B3%E3%82%8A%E2%98%86%E3%83%93%E3%83%AA%E3%83%BC" dan="16,16,16,17" rate="2136.47,2180.13,2198.38,2144.64" sx="M,M,M,M"/><TAIKYOKU oya="0"/><INIT seed="0,0,0,2,2,91" ten="250,250,250,250" oya="0" hai0="102,42,126,36,21,44,106,10,96,37,97,3,82" hai1="79,72,95,73,19,23,1,66,55,0,61,105,110" hai2="132,90,107,119,27,122,31,41,114,111,67,29,45" hai3="68,74,28,52,30,8,86,123,87,60,4,40,77"/><T98/><D126/><U53/><E105/><V85/><F122/><W71/><G74/><T101/><D37/><U11/><E110/><V109/><F114/><W75/><G75/><T2/><D82/><U99/><E72/><V39/><F107/><W46/><G123/><T129/><D129/><U89/><E73/><V43/><F43/><W135/><G135/><T25/><D10/><U70/><E79/><V18/><F132/><W38/><G71/><T113/><D113/><U134/><E134/><V64/><F18/><W131/><G131/><T35/><D35/><U49/><E11/><V26/><F119/><W20/><G77/><T15/><D15/><U118/><E118/><V47/><F47/><W9/><G9/><T120/><D120/><U100/><E100/><V116/><F116/><W54/><G87/><T33/><D33/><U133/><E133/><V14/><F14/><W112/><G86/><T62/><D62/><U81/><E81/><V13/><F13/><W80/><G80/><T24/><D24/><U104/><E104/><V17/><F26/><W65/><G112/><T76/><D76/><U50/><E23/><N who="2" m="13807" /><F109/><W6/><G6/><T88/><D106/><U103/><E19/><V32/><F32/><W7/><G7/><T117/><D117/><U56/><REACH who="1" step="1"/><E103/><REACH who="1" ten="250,240,250,250" step="2"/><V16/><F16/><W130/><G130/><T48/><D102/><U63/><E63/><V78/><F78/><W93/><G20/><T92/><D101/><U22/><E22/><V58/><F111/><W69/><G8/><T12/><D21/><U115/><E115/><V124/><F29/><RYUUKYOKU ba="0,1" sc="250,-10,240,30,250,-10,250,-10" hai1="0,1,49,50,53,55,56,61,66,70,89,95,99" /><INIT seed="1,1,1,5,0,47" ten="240,270,240,240" oya="1" hai0="72,97,20,27,118,13,123,17,29,74,91,57,61" hai1="133,128,55,89,109,18,106,135,127,126,112,4,35" hai2="11,32,70,40,19,56,114,100,60,113,131,84,1" hai3="75,83,41,22,68,93,81,5,31,53,62,3,94"/><U39/><E112/><V95/><F70/><W134/><G134/><N who="1" m="51210" /><E39/><V120/><F120/><W79/><G31/><T80/><D123/><U26/><E106/><V16/><F32/><W69/><G22/><T10/><D118/><U130/><E89/><V0/><F40/><W82/><G82/><T77/><D74/><U92/><E92/><V85/><F95/><W115/><G115/><T122/><D122/><U119/><E119/><V104/><F100/><W58/><G83/><T49/><D49/><U102/><E102/><V8/><F56/><W101/><G94/><T33/><D91/><U54/><E4/><V52/><F104/><W59/><G41/><T110/><D110/><U50/><E109/><V124/><F113/><W87/><G87/><T64/><REACH who="0" step="1"/><D97/><REACH who="0" ten="230,270,240,240" step="2"/><U129/><E50/><V25/><F114/><W37/><G37/><T96/><D96/><U99/><E99/><V42/><F85/><W21/><G75/><T108/><D108/><U38/><E38/><V98/><F84/><W45/><G79/><T71/><D71/><U28/><E18/><V125/><F16/><W67/><G69/><T34/><AGARI ba="1,2" hai="10,13,17,20,27,29,33,34,57,61,64,72,77,80" machi="34" ten="30,4000,0" yaku="1,1,0,1,53,1" doraHai="47" doraHaiUra="23" who="0" fromWho="0" sc="230,63,270,-21,240,-11,240,-11" /><INIT seed="2,0,0,2,4,45" ten="293,249,229,229" oya="2" hai0="68,126,63,47,76,115,135,132,104,109,70,13,15" hai1="31,8,124,87,80,26,5,52,71,43,41,46,37" hai2="1,44,23,102,95,112,100,91,105,54,111,118,65" hai3="83,103,42,39,84,127,128,82,74,90,53,16,18"/><V60/><F112/><W99/><G128/><T3/><D115/><U107/><E107/><V22/><F118/><W119/><G119/><T33/><D3/><U89/><E71/><V40/><F1/><W36/><G127/><T32/><D126/><U88/><E89/><V6/><F6/><W11/><G53/><T93/><D104/><U98/><E98/><V106/><F54/><W28/><G28/><T4/><D76/><U24/><E124/><V110/><F105/><W92/><G42/><T0/><D93/><U34/><E26/><V77/><F77/><W48/><G74/><T73/><D73/><U25/><E25/><V55/><F55/><W78/><G11/><T64/><D70/><U117/><E117/><V10/><F10/><W20/><G18/><T14/><D47/><U19/><E19/><V129/><F129/><W114/><G114/><T86/><D86/><U130/><E130/><V59/><F106/><W56/><G56/><T133/><D109/><N who="2" m="41482" /><F102/><W116/><G116/><T27/><D27/><U120/><E120/><V2/><F2/><W123/><G123/><T69/><D69/><U113/><E113/><V125/><F100/><W96/><G78/><T79/><D79/><U131/><E131/><V58/><F58/><W50/><G99/><T12/><N who="0" m="3072" /><DORA hai="49" /><T72/><D72/><U61/><E61/><V101/><F101/><W94/><G103/><T85/><D85/><U62/><E62/><V66/><F66/><W51/><G96/><T121/><D121/><U35/><E35/><V17/><F125/><W57/><G84/><T67/><D67/><RYUUKYOKU ba="0,0" sc="293,30,249,-10,229,-10,229,-10" hai0="0,4,32,33,63,64,68,132,133,135" /><INIT seed="3,1,0,2,3,3" ten="323,239,219,219" oya="3" hai0="133,55,128,54,78,94,29,86,91,85,124,9,25" hai1="32,46,39,17,27,23,16,35,1,116,43,37,38" hai2="10,89,121,60,63,90,36,135,13,24,75,57,84" hai3="20,117,34,101,51,126,61,26,119,6,15,5,71"/><W11/><G126/><T93/><D133/><U50/><E116/><V109/><F75/><W92/><G34/><T59/><D124/><U72/><E72/><V19/><F36/><W33/><G33/><T28/><D128/><U99/><E99/><V18/><F135/><W62/><G117/><T58/><D9/><U111/><E111/><V4/><F109/><W96/><G119/><T53/><D78/><U2/><E2/><V8/><F121/><W125/><G125/><T0/><D0/><U14/><REACH who="1" step="1"/><E1/><REACH who="1" ten="323,229,219,219" step="2"/><V81/><F24/><W56/><G71/><T67/><D25/><U64/><E64/><V108/><F108/><W66/><G62/><T130/><D67/><U110/><E110/><V48/><F63/><W102/><G102/><T114/><D130/><U98/><E98/><V103/><F103/><W131/><G131/><T118/><D118/><U115/><E115/><V82/><F60/><W87/><G87/><T112/><D114/><U44/><E44/><V123/><F84/><W120/><G120/><T47/><D112/><U40/><E40/><V83/><F123/><W30/><REACH who="3" step="1"/><G51/><REACH who="3" ten="323,229,219,209" step="2"/><T45/><D85/><U77/><E77/><V74/><F48/><W129/><G129/><T127/><D86/><U105/><E105/><V52/><F74/><W97/><G97/><T7/><D127/><U31/><E31/><V79/><F79/><W113/><G113/><T73/><D28/><U107/><E107/><V95/><F82/><W88/><G88/><T12/><D29/><U104/><E104/><V134/><F89/><W132/><G132/><T68/><D91/><RYUUKYOKU ba="1,2" sc="323,-15,229,15,219,-15,209,15" hai1="14,16,17,23,27,32,35,37,38,39,43,46,50" hai3="5,6,11,15,20,26,30,56,61,66,92,96,101" /><INIT seed="3,2,2,1,1,25" ten="308,244,204,224" oya="3" hai0="115,62,131,77,123,30,0,57,79,106,43,27,127" hai1="29,54,121,124,126,104,31,99,60,70,114,85,45" hai2="13,95,63,46,1,86,55,18,20,134,32,5,23" hai3="64,6,39,9,76,34,135,21,90,35,48,116,52"/><W78/><G116/><T84/><D123/><U109/><E121/><V120/><F120/><W108/><G39/><T102/><D131/><U125/><E114/><V26/><F134/><W101/><G135/><T117/><D0/><U56/><E109/><V12/><F32/><W15/><G108/><T10/><D117/><U2/><E2/><V61/><F1/><W37/><G37/><T132/><D115/><U91/><E70/><V73/><F73/><W88/><G34/><T22/><D132/><U72/><E72/><V14/><F5/><W96/><G35/><T49/><D10/><U66/><E104/><V93/><F46/><N who="3" m="27671" /><G64/><T8/><D8/><U82/><E99/><V130/><F130/><W92/><G21/><T111/><D111/><U122/><E122/><V3/><F3/><W16/><G6/><T36/><D36/><U68/><REACH who="1" step="1"/><E45/><REACH who="1" ten="308,234,204,224" step="2"/><V65/><F86/><W119/><G119/><T42/><D84/><U41/><E41/><V47/><F47/><W28/><G28/><T100/><D43/><U71/><E71/><V112/><F112/><W133/><G133/><T19/><D30/><U80/><E80/><V51/><F93/><N who="3" m="56359" /><G101/><T97/><D102/><U81/><E81/><V107/><F107/><W75/><G75/><T7/><D100/><U40/><E40/><V11/><F95/><W50/><G50/><AGARI ba="2,3" hai="29,31,50,54,56,60,66,68,82,85,91,124,125,126" machi="50" ten="40,8000,1" yaku="1,1,18,1,52,2,53,0" doraHai="25" doraHaiUra="4" who="1" fromWho="3" sc="308,0,234,116,204,0,224,-86" /><INIT seed="4,0,0,0,1,40" ten="308,350,204,138" oya="0" hai0="11,13,36,17,44,124,76,1,113,95,61,64,42" hai1="123,68,34,84,57,119,18,33,58,96,66,67,111" hai2="91,22,80,132,46,9,49,45,12,50,55,109,114" hai3="63,62,93,101,53,94,15,29,92,48,134,47,27"/><T69/><D113/><U116/><E111/><V16/><F109/><W79/><G134/><T23/><D124/><U28/><E123/><V38/><F38/><W83/><G101/><T5/><D76/><U89/><E96/><V70/><F70/><W20/><REACH who="3" step="1"/><G15/><REACH who="3" ten="308,350,204,128" step="2"/><T4/><D95/><U52/><E116/><V59/><F132/><W110/><G110/><T85/><D85/><AGARI ba="0,1" hai="20,27,29,47,48,53,62,63,79,83,85,92,93,94" machi="85" ten="40,5200,0" yaku="1,1,8,1,52,1,53,0" doraHai="40" doraHaiUra="71" who="3" fromWho="0" sc="308,-52,350,0,204,0,128,62" /><INIT seed="5,0,0,5,4,103" ten="256,350,204,190" oya="1" hai0="13,79,53,85,37,55,98,106,102,17,80,114,56" hai1="112,75,23,126,31,47,95,97,16,74,113,12,117" hai2="45,10,65,24,99,67,11,40,14,132,35,54,116" hai3="72,42,81,84,51,100,129,38,59,96,89,93,29"/><U91/><E117/><V60/><F116/><W111/><G111/><T119/><D119/><U32/><E126/><V39/><F132/><W64/><G129/><T66/><D37/><U27/><REACH who="1" step="1"/><E47/><REACH who="1" ten="256,340,204,190" step="2"/><V76/><F45/><W43/><G38/><T130/><D130/><U58/><E58/><V57/><F39/><W34/><G59/><T3/><D114/><AGARI ba="0,1" hai="12,16,23,27,31,32,74,75,91,95,97,112,113,114" machi="114" ten="40,7700,0" yaku="1,1,15,1,54,1,53,0" doraHai="103" doraHaiUra="36" who="1" fromWho="0" sc="256,-77,340,87,204,0,190,0" /><INIT seed="5,1,0,5,2,44" ten="179,427,204,190" oya="1" hai0="70,104,120,105,23,107,2,112,75,4,41,32,86" hai1="30,57,46,9,74,123,8,131,124,88,96,50,27" hai2="71,60,64,121,119,20,90,28,82,45,56,67,63" hai3="98,113,37,14,1,126,29,17,89,35,12,111,95"/><U102/><E123/><V78/><F119/><W129/><G111/><T25/><D120/><U80/><E124/><V52/><F121/><W22/><G37/><T65/><D112/><U87/><E74/><V83/><F90/><W10/><G113/><T132/><D86/><U55/><E131/><V49/><REACH who="2" step="1"/><F78/><REACH who="2" ten="179,427,194,190" step="2"/><W66/><G89/><T62/><D132/><U6/><E6/><V58/><F58/><W38/><G129/><T103/><D103/><U53/><E102/><V84/><F84/><W42/><G126/><T125/><D125/><U26/><E96/><V97/><F97/><W40/><G98/><T101/><D101/><U15/><E15/><V109/><F109/><W130/><G12/><T18/><D75/><U47/><E57/><V34/><F34/><W135/><G35/><T133/><D133/><U76/><E76/><V59/><F59/><W13/><G135/><T24/><D32/><U92/><E92/><V73/><F73/><W128/><G95/><T115/><D115/><U36/><E36/><V19/><F19/><W108/><G38/><T16/><D25/><AGARI ba="1,1" hai="20,25,28,45,49,52,56,60,63,64,67,71,82,83" machi="25" ten="40,5200,0" yaku="1,1,52,1,54,1,53,0" doraHai="44" doraHaiUra="93" who="2" fromWho="0" sc="179,-55,427,0,194,65,190,0" /><INIT seed="6,0,0,0,5,0" ten="124,427,259,190" oya="2" hai0="121,52,14,11,29,124,105,133,126,115,111,39,102" hai1="86,34,114,93,79,125,49,8,71,112,27,18,96" hai2="45,73,44,1,21,30,75,57,63,72,70,24,48" hai3="43,10,98,129,100,37,128,64,2,6,54,134,23"/><V101/><F70/><W9/><G134/><T76/><D121/><U127/><E71/><V7/><F101/><W13/><G64/><T81/><D133/><U78/><E49/><V20/><F20/><W17/><G54/><T36/><D111/><U26/><E34/><V38/><F38/><W92/><G43/><T120/><D29/><U94/><E18/><V88/><F88/><W35/><G37/><T89/><D89/><N who="1" m="53431" /><E8/><V15/><F1/><W22/><G35/><T3/><D3/><U47/><E47/><V95/><F95/><W68/><G68/><T32/><D32/><U61/><E61/><V42/><F45/><W51/><G51/><T4/><D102/><N who="1" m="60695" /><E26/><V58/><F58/><W82/><G82/><T117/><D105/><U122/><E27/><V66/><F15/><W108/><G108/><T60/><D120/><U69/><E69/><V123/><F123/><W107/><G107/><T84/><D115/><N who="1" m="44075" /><E122/><V131/><F48/><W77/><G77/><AGARI ba="0,0" hai="77,78,79,125,127" m="44075,60695,53431" machi="77" ten="30,3900,0" yaku="15,1,34,2" doraHai="0" who="1" fromWho="3" sc="124,0,427,39,259,0,190,-39" /><INIT seed="7,0,0,3,3,23" ten="124,466,259,151" oya="3" hai0="33,122,69,31,112,120,30,66,96,12,46,117,24" hai1="45,78,19,26,104,5,16,64,109,17,55,36,60" hai2="56,32,73,11,129,91,37,74,89,93,82,98,128" hai3="20,84,79,58,118,97,113,13,10,127,121,102,1"/><W116/><G121/><T38/><D117/><U106/><E109/><V29/><F37/><W50/><G1/><T57/><D57/><U53/><E78/><V34/><F11/><W25/><G113/><T4/><D12/><U92/><E92/><V107/><F107/><W135/><G135/><T76/><D76/><U48/><E36/><V35/><F29/><W21/><G21/><T77/><D77/><U95/><E95/><N who="2" m="56687" /><F56/><W18/><G127/><T47/><D47/><U63/><E53/><V67/><F67/><W3/><G3/><T15/><D15/><U131/><E5/><V70/><F70/><W39/><G39/><T119/><D119/><U42/><E42/><V62/><F62/><W49/><G118/><T68/><D4/><U115/><E115/><V86/><F82/><N who="3" m="47199" /><G116/><T27/><D112/><U132/><E132/><V80/><F80/><W44/><G58/><T41/><D96/><U72/><E72/><V110/><F110/><W52/><G50/><T71/><D66/><U111/><E111/><V51/><F51/><W99/><G102/><T103/><D103/><U8/><E8/><V130/><AGARI ba="0,0" hai="32,34,35,73,74,86,91,93,128,129,130" m="56687" machi="130" ten="40,1500,0" yaku="19,1" doraHai="23" who="2" fromWho="2" sc="124,-4,466,-4,259,15,151,-7" owari="120,-38.0,462,57.0,274,7.0,144,-26.0" /></mjloggm>