<mjloggm ver="2.3"><GO type="169" lobby="0"/><UN n0="%E3%81%A1%27%E3%82%93%E3%81%BD%E3%81%A3%E3%81%BD" n1="%E3%82%B4%E3%83%83%E3%82%B5%E3%83%A0" n2="%E3%81%B5%E3%81%8B" n3="%E3%82%A2%E3%83%BC%E3%82%AF%EF%BC%AB" dan="16,16,18,17" rate="2135.85,2054.29,2241.45,2214.63" sx="M,M,M,M"/><TAIKYOKU oya="0"/><INIT seed="0,0,0,0,2,8" ten="250,250,250,250" oya="0" hai0="84,99,44,83,121,20,62,104,103,66,32,49,53" hai1="18,85,68,92,91,0,116,21,135,56,36,42,61" hai2="4,27,82,65,31,76,57,108,15,24,10,37,67" hai3="75,90,30,11,126,101,125,9,95,38,58,97,109"/><T110/><D32/><U119/><E0/><V80/><F37/><W98/><G75/><T106/><D121/><U50/><E135/><V73/><F108/><W54/><G38/><T22/><D106/><U6/><E6/><V100/><F100/><W28/><G109/><T105/><D105/><U47/><E68/><V129/><F129/><W69/><G69/><T77/><REACH who="0" step="1"/><D110/><REACH who="0" ten="240,250,250,250" step="2"/><U94/><E116/><V112/><F112/><W17/><G126/><T70/><AGARI ba="0,1" hai="20,22,44,49,53,62,66,70,77,83,84,99,103,104" machi="70" ten="20,7800,0" yaku="1,1,2,1,0,1,7,1,53,0" doraHai="8" doraHaiUra="12" who="0" fromWho="0" sc="240,88,250,-26,250,-26,250,-26" /><INIT seed="0,1,0,4,4,50" ten="328,224,224,224" oya="0" hai0="10,39,75,125,9,130,72,110,74,17,73,43,45" hai1="30,49,15,55,26,86,29,84,76,102,53,71,64" hai2="87,90,93,112,129,70,37,66,40,65,4,113,128" hai3="48,85,101,111,120,14,67,25,63,58,115,51,82"/><T2/><D125/><U77/><E102/><V60/><F4/><W100/><G115/><T12/><D130/><N who="2" m="50282" /><F66/><W62/><G120/><T103/><D103/><U106/><E106/><V92/><F92/><W3/><G3/><T36/><D110/><U24/><E64/><V13/><F13/><W7/><G63/><T104/><D104/><U35/><E49/><V47/><AGARI ba="1,0" hai="37,40,47,60,65,70,87,90,93,112,113" m="50282" machi="47" ten="30,1100,0" yaku="19,1" doraHai="50" who="2" fromWho="2" sc="328,-6,224,-4,224,14,224,-4" /><INIT seed="1,0,0,5,1,26" ten="322,220,238,220" oya="1" hai0="11,43,44,34,109,7,6,58,90,97,21,123,133" hai1="73,86,108,129,22,55,119,15,42,61,134,126,53" hai2="113,132,38,67,91,102,88,79,48,117,100,135,107" hai3="77,40,101,47,85,2,78,28,121,52,39,16,122"/><U63/><E73/><V80/><F38/><W25/><G2/><T19/><D123/><U57/><E119/><V64/><F117/><W82/><G101/><N who="2" m="39017" /><F48/><W14/><G78/><T105/><D133/><N who="2" m="51274" /><F107/><W106/><G106/><T71/><D71/><U76/><E134/><V32/><F32/><W0/><G0/><T49/><D34/><U92/><E126/><V110/><F110/><W24/><G24/><T59/><D109/><U111/><E129/><V93/><F113/><W128/><G128/><T5/><D11/><U127/><E127/><V10/><F10/><W112/><G112/><T65/><D65/><N who="2" m="25162" /><F93/><W27/><G27/><T103/><REACH who="0" step="1"/><D90/><REACH who="0" ten="312,220,238,220" step="2"/><U3/><E108/><V72/><AGARI ba="0,1" hai="72,79,80,88,91" m="25162,51274,39017" machi="72" ten="30,2000,0" yaku="20,1,54,1" doraHai="26" who="2" fromWho="2" sc="312,-5,220,-10,238,30,220,-5" /><INIT seed="2,0,0,1,3,3" ten="307,210,268,215" oya="2" hai0="20,40,84,85,76,91,115,105,12,6,92,109,50" hai1="132,48,59,103,57,46,56,8,114,89,32,13,64" hai2="38,19,62,45,5,121,129,69,34,74,126,49,125" hai3="97,67,94,95,112,29,43,61,131,79,104,35,106"/><V72/><F121/><W10/><G112/><T51/><D115/><U18/><E114/><V68/><F34/><W21/><G35/><T4/><D109/><U135/><E103/><V52/><F129/><W88/><G79/><T58/><D105/><U99/><E32/><V11/><F19/><W86/><G43/><T83/><D51/><U108/><E108/><V14/><F38/><W110/><G110/><T1/><D1/><U25/><E25/><V118/><F118/><W127/><G131/><T124/><D124/><N who="2" m="47722" /><F62/><W44/><G44/><N who="0" m="25863" /><D58/><U119/><E119/><V101/><F101/><W17/><G29/><T73/><D73/><AGARI ba="0,0" hai="5,11,14,45,49,52,68,69,72,73,74" m="47722" machi="73" ten="30,5800,0" yaku="18,1,52,1,54,1" doraHai="3" who="2" fromWho="0" sc="307,-58,210,0,268,58,215,0" /><INIT seed="2,1,0,1,5,109" ten="249,210,326,215" oya="2" hai0="48,19,94,95,91,97,100,41,18,0,96,11,69" hai1="61,72,60,129,130,87,38,122,55,113,23,132,81" hai2="8,57,44,21,83,47,39,71,68,30,24,63,110" hai3="64,124,133,128,25,114,14,107,76,49,104,52,65"/><V116/><F116/><W35/><G124/><T32/><D32/><U5/><E72/><V125/><F125/><W127/><G127/><T123/><D123/><U34/><E34/><V112/><F110/><W6/><G76/><T22/><D69/><U4/><E38/><V17/><F112/><W1/><G1/><T33/><D33/><U28/><E122/><V106/><F106/><W75/><G75/><T59/><D0/><U102/><E102/><V73/><F68/><W15/><G128/><N who="1" m="49258" /><E132/><V131/><F71/><W20/><G35/><T12/><D41/><U46/><E46/><V50/><F131/><W77/><G77/><T78/><D78/><N who="1" m="46519" /><E55/><V90/><F73/><W74/><G74/><T120/><D120/><U53/><E53/><V80/><F39/><W103/><G133/><T85/><D59/><U101/><E101/><V10/><F47/><W7/><G103/><T79/><D48/><U92/><E92/><V40/><F30/><W108/><G108/><T86/><REACH who="0" step="1"/><D79/><REACH who="0" ten="239,210,326,215" step="2"/><U117/><E61/><V16/><F63/><W118/><G49/><T43/><D43/><U121/><E60/><V31/><F57/><W119/><G52/><T27/><AGARI ba="1,1" hai="11,12,18,19,22,27,85,86,91,94,95,96,97,100" machi="27" ten="20,5200,0" yaku="1,1,0,1,7,1,8,1,53,0" doraHai="109" doraHaiUra="54" who="0" fromWho="0" sc="239,65,210,-14,326,-27,215,-14" /><INIT seed="3,0,0,2,1,126" ten="304,196,299,201" oya="3" hai0="128,63,115,84,102,12,109,65,97,7,58,43,59" hai1="116,52,38,2,50,104,26,25,64,100,27,62,22" hai2="110,90,15,29,98,79,107,31,16,51,95,117,68" hai3="72,108,94,123,5,101,103,120,42,81,119,0,20"/><W71/><G71/><T112/><D109/><U106/><E38/><V74/><F117/><W54/><G42/><T1/><D1/><U91/><E116/><V93/><F68/><W134/><G119/><T66/><D43/><U73/><E2/><V44/><F107/><W132/><G20/><T8/><D84/><U21/><E73/><V55/><F110/><W82/><G54/><T86/><D86/><U46/><E91/><N who="2" m="55615" /><F79/><W114/><G5/><T96/><D128/><U41/><E100/><V18/><F74/><W88/><G0/><T40/><D40/><U30/><E41/><V28/><F15/><W85/><G108/><T17/><D7/><U23/><REACH who="1" step="1"/><E30/><REACH who="1" ten="304,186,299,201" step="2"/><V130/><F130/><W49/><G103/><T92/><D97/><AGARI ba="0,1" hai="16,18,28,29,31,44,51,55,90,95,97" m="55615" machi="97" ten="30,2000,0" yaku="8,1,54,1" doraHai="126" who="2" fromWho="0" sc="304,-20,186,0,299,30,201,0" /><INIT seed="4,0,0,5,4,48" ten="284,186,329,201" oya="0" hai0="65,108,117,127,36,13,83,21,119,63,31,122,93" hai1="94,64,29,113,102,92,41,70,37,78,45,115,49" hai2="80,131,126,85,46,75,135,8,56,130,51,22,12" hai3="69,99,123,27,91,134,128,125,74,39,79,90,133"/><T60/><D122/><U107/><E78/><V16/><F135/><N who="3" m="51723" /><G69/><T25/><D36/><U58/><E29/><V89/><F126/><W30/><G39/><T116/><D127/><U84/><E84/><V44/><F75/><W32/><G125/><T38/><D38/><U33/><E33/><V4/><F56/><W77/><G123/><T24/><D83/><U53/><E107/><V98/><F98/><W72/><G128/><T34/><D13/><U118/><E118/><V71/><F71/><W55/><G99/><T23/><D108/><U109/><E109/><V17/><F46/><W95/><G95/><T5/><D5/><U35/><E35/><V129/><REACH who="2" step="1"/><F22/><REACH who="2" ten="284,186,319,201" step="2"/><W101/><G74/><T20/><D20/><U67/><E67/><V19/><F19/><W96/><G72/><T121/><D65/><U43/><E43/><AGARI ba="0,1" hai="4,8,12,16,17,43,44,51,80,85,89,129,130,131" machi="43" ten="40,5200,0" yaku="1,1,19,1,54,1,53,0" doraHai="48" doraHaiUra="28" who="2" fromWho="1" sc="284,0,186,-52,319,62,201,0" /><INIT seed="5,0,0,2,4,89" ten="284,134,381,201" oya="1" hai0="48,82,76,9,62,32,105,63,113,74,125,25,2" hai1="27,71,112,109,78,111,34,108,124,64,102,0,103" hai2="83,18,100,30,97,13,101,15,53,86,11,42,22" hai3="128,23,21,131,19,20,31,39,66,5,55,120,72"/><U73/><E0/><V45/><F53/><W135/><G39/><T4/><D125/><U91/><E124/><V28/><F97/><W50/><G72/><T56/><D113/><U90/><E90/><V81/><F30/><W133/><G66/><T14/><D105/><U46/><E112/><V130/><F130/><N who="3" m="49707" /><G50/><T116/><D116/><U51/><E73/><V85/><F85/><W87/><G87/><T104/><D104/><U43/><E78/><V119/><F119/><W93/><G93/><T59/><D2/><U41/><E41/><V38/><F83/><W126/><G55/><T67/><D48/><U98/><E64/><V122/><F122/><W1/><G31/><T106/><D106/><U29/><E71/><V80/><F80/><W6/><G126/><T84/><D74/><U54/><E54/><V99/><F99/><W123/><G19/><T92/><D32/><U69/><REACH who="1" step="1"/><E69/><REACH who="1" ten="284,124,381,201" step="2"/><V16/><F42/><W17/><G1/><T12/><D67/><U58/><E58/><V61/><F100/><W7/><G17/><T40/><D59/><U65/><E65/><V57/><F16/><W117/><G117/><T115/><D56/><U35/><E35/><V88/><F57/><W94/><G94/><AGARI ba="0,1" hai="27,29,34,43,46,51,91,94,98,102,103,108,109,111" machi="94" ten="40,7700,0" yaku="1,1,10,1,52,1,53,0" doraHai="89" doraHaiUra="60" who="1" fromWho="3" sc="284,0,124,87,381,0,201,-77" /><INIT seed="5,1,0,3,2,128" ten="284,211,381,124" oya="1" hai0="43,98,90,10,23,26,6,62,93,73,45,69,39" hai1="87,100,94,41,126,8,29,78,130,91,7,125,46" hai2="104,77,122,109,135,30,44,114,113,17,63,32,68" hai3="34,27,54,65,71,85,64,28,124,123,102,106,53"/><U57/><E130/><V121/><F104/><W129/><G129/><T37/><D73/><U49/><E29/><V103/><F103/><W15/><G123/><T36/><D62/><U131/><E131/><V31/><F77/><W86/><G124/><T51/><D69/><U25/><E25/><N who="2" m="18543" /><F44/><W112/><G112/><N who="2" m="43113" /><F63/><W22/><G71/><T21/><REACH who="0" step="1"/><D26/><REACH who="0" ten="274,211,381,124" step="2"/><U50/><E125/><V120/><F68/><W110/><G65/><T40/><D40/><U127/><E127/><V96/><F120/><W42/><G42/><T76/><D76/><U74/><E126/><V101/><F121/><W117/><G64/><T1/><AGARI ba="1,1" hai="1,6,10,21,23,36,37,39,43,45,51,90,93,98" machi="1" ten="30,2000,0" yaku="1,1,0,1,53,0" doraHai="128" doraHaiUra="105" who="0" fromWho="0" sc="274,33,211,-11,381,-6,124,-6" /><INIT seed="6,0,0,1,0,135" ten="307,200,375,118" oya="2" hai0="47,79,118,37,59,85,28,39,100,77,119,2,44" hai1="10,17,3,121,34,49,84,16,131,68,70,113,90" hai2="22,102,71,106,105,61,129,109,13,69,32,88,46" hai3="45,93,41,76,97,60,33,112,103,120,114,65,130"/><V48/><F32/><W51/><G120/><T116/><D100/><U75/><E121/><V20/><F129/><W128/><G33/><T99/><D99/><U5/><E131/><V111/><F22/><W89/><G76/><N who="0" m="29259" /><D2/><U127/><E75/><V11/><F20/><W30/><G30/><T43/><D59/><U101/><E101/><V125/><F88/><W55/><G103/><T40/><D85/><U19/><E34/><V132/><F61/><W108/><G108/><T124/><D28/><U95/><E113/><V107/><F102/><W8/><G8/><T63/><D63/><U72/><E72/><V110/><F132/><W54/><G89/><T81/><D81/><U29/><E29/><V115/><F115/><N who="3" m="44075" /><G93/><T36/><D124/><U6/><E127/><V26/><F125/><W9/><G9/><T104/><D104/><U25/><E25/><V83/><F26/><W53/><G97/><T64/><D64/><U14/><E6/><N who="2" m="3319" /><F83/><W133/><G133/><T94/><D94/><U87/><E3/><V66/><F66/><W134/><G134/><T56/><D56/><AGARI ba="0,0" hai="41,45,51,53,54,55,56,60,65,128,130" m="44075" machi="56" ten="30,7700,0" yaku="15,1,11,1,34,2" doraHai="135" who="3" fromWho="0" sc="307,-77,200,0,375,0,118,77" /><INIT seed="7,0,0,0,4,75" ten="230,200,375,195" oya="3" hai0="15,39,7,86,5,100,25,13,62,70,74,65,88" hai1="92,71,57,127,48,104,2,47,103,91,78,131,67" hai2="20,93,108,45,76,89,101,133,73,121,0,38,53" hai3="107,96,87,11,32,72,50,41,18,135,120,58,4"/><W8/><G72/><T44/><D74/><U69/><E2/><V95/><F0/><W6/><G32/><T42/><D100/><U106/><E71/><V85/><F108/><W33/><G33/><T46/><D46/><U43/><E103/><V116/><F116/><W66/><G120/><T83/><REACH who="0" step="1"/><D25/><REACH who="0" ten="220,200,375,195" step="2"/><U1/><E47/><V118/><F101/><W109/><G109/><T36/><D36/><U110/><E110/><V60/><F45/><N who="3" m="25903" /><G135/><T80/><D80/><U94/><E106/><V112/><F38/><W16/><G107/><T55/><D55/><U35/><E43/><V130/><F53/><W23/><G96/><T102/><D102/><U113/><E104/><V26/><F73/><W14/><G87/><T37/><D37/><U40/><E40/><V30/><F85/><W27/><G8/><T68/><D68/><U79/><E69/><V114/><F26/><W56/><G66/><T84/><D84/><U111/><E67/><V49/><F121/><W97/><G97/><T117/><D117/><U19/><E111/><V90/><F118/><W17/><G4/><AGARI ba="0,1" hai="4,5,7,13,15,39,42,44,62,65,70,83,86,88" machi="4" ten="40,2600,0" yaku="1,1,54,1,53,0" doraHai="75" doraHaiUra="34" who="0" fromWho="3" sc="220,36,200,0,375,0,195,-26" owari="256,6.0,200,-20.0,375,47.0,169,-33.0" /></mjloggm>