<mjloggm ver="2.3"><GO type="169" lobby="0"/><UN n0="%E5%8D%97%E5%B8%9D%E5%8D%97%E6%B5%A6" n1="%E3%82%B4%E3%83%83%E3%82%B5%E3%83%A0" n2="%E9%81%8A%E8%B5%B0" n3="%E3%83%A4%E3%83%9E%E3%83%80%E3%81%95%E3%82%93" dan="16,16,16,16" rate="2088.67,2052.83,2166.62,2092.06" sx="F,M,M,M"/><TAIKYOKU oya="0"/><INIT seed="0,0,0,2,1,127" ten="250,250,250,250" oya="0" hai0="116,20,13,123,65,60,12,128,62,76,103,48,68" hai1="15,104,52,117,95,29,43,47,120,108,78,6,50" hai2="45,129,92,106,58,17,102,132,135,41,89,114,124" hai3="88,67,14,93,125,0,39,7,28,1,4,57,46"/><T64/><D123/><U3/><E117/><V86/><F114/><W121/><G28/><T33/><D33/><U44/><E104/><V27/><F124/><W98/><G125/><T54/><D116/><U112/><E120/><V42/><F58/><W40/><G121/><T26/><D76/><U49/><E3/><V63/><F63/><W79/><G79/><T75/><D75/><U85/><E112/><V111/><F111/><W56/><G14/><T55/><D103/><U8/><E108/><V96/><F129/><W59/><REACH who="3" step="1"/><G67/><REACH who="3" ten="250,250,250,240" step="2"/><T31/><D128/><U16/><E29/><V37/><F135/><W2/><AGARI ba="0,1" hai="0,1,2,4,7,39,40,46,56,57,59,88,93,98" machi="2" ten="40,8000,1" yaku="1,1,2,1,0,1,54,1,53,0" doraHai="127" doraHaiUra="82" who="3" fromWho="3" sc="250,-40,250,-20,250,-20,240,90" /><INIT seed="1,0,0,2,4,79" ten="210,230,230,330" oya="1" hai0="28,99,38,65,111,131,69,57,103,59,81,11,120" hai1="42,115,112,98,87,40,130,116,20,21,128,75,6" hai2="24,126,67,46,135,129,109,93,47,5,133,39,30" hai3="1,117,36,3,12,52,71,76,105,22,106,108,61"/><U123/><E6/><V23/><F109/><W33/><G36/><T127/><D111/><U88/><E98/><V62/><F129/><N who="1" m="49769" /><E75/><V16/><F126/><W70/><G22/><N who="1" m="8810" /><E116/><V56/><F5/><W114/><G12/><T19/><D120/><U18/><E18/><V64/><F64/><W125/><G117/><T82/><D131/><U25/><E25/><V55/><F30/><W73/><G73/><T48/><D127/><U10/><E10/><V89/><F67/><W4/><G4/><T96/><D38/><U50/><E123/><V29/><F29/><W32/><G125/><T31/><D69/><N who="3" m="26121" /><G108/><T86/><D103/><U9/><E9/><V100/><F100/><W35/><G76/><T85/><D11/><U95/><E50/><V91/><F91/><W41/><G41/><AGARI ba="0,0" hai="40,41,42,87,88,95,112,115" m="8810,49769" machi="41" ten="30,2900,0" yaku="19,1,54,1" doraHai="79" who="1" fromWho="3" sc="210,0,230,29,230,0,330,-29" /><INIT seed="1,1,0,5,1,67" ten="210,259,230,301" oya="1" hai0="73,113,51,106,20,31,56,35,126,53,125,71,33" hai1="62,79,89,103,108,42,104,116,109,58,16,19,13" hai2="2,122,52,28,72,97,29,107,87,133,25,39,50" hai3="120,134,135,63,6,1,57,12,60,128,8,43,101"/><U4/><E116/><V49/><F72/><W64/><G120/><T65/><D106/><U117/><E117/><V10/><F122/><W54/><G43/><T84/><D73/><U66/><E79/><V90/><F39/><W38/><G38/><T86/><D113/><U81/><E42/><V30/><F49/><W24/><G128/><T36/><D36/><U27/><E104/><V85/><F133/><W98/><G1/><T111/><D111/><N who="1" m="42571" /><E103/><V15/><F2/><W132/><G24/><T82/><D20/><N who="1" m="13703" /><E4/><V74/><F74/><W17/><G6/><T105/><D105/><U91/><E81/><V0/><F0/><W7/><G7/><T23/><D82/><U96/><E96/><V22/><F107/><W59/><G98/><T88/><D35/><U14/><E14/><V121/><F97/><W80/><G80/><N who="0" m="49159" /><D33/><U68/><E58/><N who="2" m="33047" /><F121/><W118/><G118/><T129/><D129/><U37/><E37/><V78/><F78/><W55/><G101/><T124/><D71/><U112/><E112/><V99/><F99/><W18/><G132/><T83/><D83/><U47/><E47/><V46/><F46/><W95/><G134/><T115/><D115/><U93/><E93/><N who="2" m="54479" /><F87/><W76/><G76/><T5/><D86/><U3/><E3/><V119/><F119/><W9/><G135/><T123/><D5/><AGARI ba="1,0" hai="5,10,15,22,25,28,29,30" m="54479,33047" machi="5" ten="30,2000,0" yaku="8,1,54,1" doraHai="67" who="2" fromWho="0" sc="210,-23,259,0,230,23,301,0" /><INIT seed="2,0,0,5,3,24" ten="187,259,253,301" oya="2" hai0="41,132,0,53,6,129,94,27,116,47,115,104,119" hai1="65,99,43,50,73,2,128,26,49,88,78,126,131" hai2="46,101,19,107,76,32,117,135,44,38,89,39,79" hai3="77,13,16,70,9,52,112,72,69,7,103,87,40"/><V14/><F117/><N who="0" m="45130" /><D104/><U45/><E2/><V54/><F32/><W56/><G72/><T102/><D115/><U61/><E126/><V3/><F3/><W110/><G112/><T67/><D67/><U81/><E50/><V17/><F135/><W118/><G118/><T86/><D132/><U36/><E36/><V108/><F108/><W82/><G40/><T105/><D105/><U133/><E133/><V122/><F122/><W85/><G103/><T34/><D129/><U100/><E26/><V123/><F123/><W8/><G87/><T127/><D127/><U75/><E75/><V29/><F101/><W60/><REACH who="3" step="1"/><G110/><REACH who="3" ten="187,259,253,291" step="2"/><T96/><D86/><U5/><E73/><V95/><F39/><W33/><G33/><T12/><D41/><U42/><E42/><V30/><F38/><W109/><G109/><T74/><D74/><U28/><E128/><V111/><F111/><W84/><G84/><T58/><D34/><U18/><E100/><V124/><F124/><W11/><G11/><N who="0" m="4215" /><D0/><AGARI ba="0,1" hai="0,7,8,9,13,16,52,56,60,69,70,77,82,85" machi="0" ten="30,7700,0" yaku="1,1,7,1,54,2,53,0" doraHai="24" doraHaiUra="22" who="3" fromWho="0" sc="187,-77,259,0,253,0,291,87" /><INIT seed="3,0,0,4,3,54" ten="110,259,253,378" oya="3" hai0="111,71,112,81,102,49,47,104,44,17,90,3,43" hai1="64,129,134,32,125,82,53,116,24,22,48,2,84" hai2="67,105,45,58,122,80,34,131,89,72,31,16,107" hai3="100,87,101,42,95,98,38,79,121,8,63,78,15"/><W61/><G121/><T14/><D71/><U128/><E2/><V97/><F122/><W96/><G38/><T91/><D111/><U29/><E125/><V92/><F131/><N who="1" m="50249" /><E134/><V55/><F34/><W103/><G42/><T114/><D3/><U77/><E64/><V133/><F133/><W108/><G108/><T66/><D66/><U6/><E6/><V126/><F31/><W4/><G98/><T0/><D0/><U27/><E116/><V46/><F67/><W23/><G23/><T7/><D7/><U56/><E27/><V51/><F126/><W5/><G5/><T68/><D68/><U40/><E40/><V50/><F46/><W20/><G20/><AGARI ba="0,0" hai="20,22,24,29,32,48,53,56,77,82,84" m="50249" machi="20" ten="30,2000,0" yaku="19,1,52,1" doraHai="54" who="1" fromWho="3" sc="110,0,259,20,253,0,378,-20" /><INIT seed="4,0,0,1,1,81" ten="110,279,253,358" oya="0" hai0="123,1,53,3,110,77,36,61,113,52,130,82,44" hai1="132,76,21,90,43,83,121,99,117,48,124,58,20" hai2="88,100,18,17,19,114,97,10,42,30,72,45,16" hai3="92,91,55,95,60,54,40,128,26,104,106,57,103"/><T65/><D123/><U62/><E117/><V67/><F72/><W12/><G104/><T129/><D113/><U89/><E121/><V122/><F122/><W112/><G106/><T85/><D110/><U73/><E124/><V66/><F114/><W78/><G78/><T134/><D134/><U29/><E90/><V64/><F30/><W32/><G32/><T31/><D31/><U70/><E29/><V8/><N who="2" m="4096" /><DORA hai="102" /><V11/><F88/><W23/><G12/><T25/><D25/><U80/><E70/><V27/><F27/><W47/><G23/><T51/><D53/><U116/><E99/><V9/><N who="2" m="2048" /><DORA hai="94" /><V101/><F97/><W96/><G128/><N who="0" m="49259" /><D36/><AGARI ba="0,0" hai="36,42,45,64,66,67,100,101" m="2048,4096" machi="36" ten="70,8000,1" yaku="29,2,54,1" doraHai="81,102,94" who="2" fromWho="0" sc="110,-80,279,0,253,80,358,0" /><INIT seed="5,0,0,1,0,53" ten="30,279,333,358" oya="1" hai0="25,119,105,100,44,35,125,12,56,81,128,60,77" hai1="103,58,43,19,27,87,123,96,126,99,67,24,89" hai2="9,127,98,48,93,29,129,42,122,116,65,90,130" hai3="121,59,7,113,85,21,22,92,72,55,63,50,31"/><U80/><E126/><V104/><F122/><W94/><G72/><T39/><D125/><U124/><E124/><V62/><F127/><W5/><G113/><T8/><D119/><U68/><E68/><V133/><F116/><W112/><G112/><T52/><D128/><N who="2" m="49258" /><F133/><W28/><G121/><T106/><D100/><U114/><E114/><V18/><F29/><N who="3" m="11339" /><G50/><T115/><D115/><U66/><E123/><V16/><F104/><W4/><G85/><T84/><D35/><U135/><E43/><V61/><F9/><W47/><G47/><T11/><D25/><N who="1" m="9803" /><E135/><V30/><F30/><W86/><G86/><T69/><D69/><U13/><E103/><V82/><F82/><W17/><G17/><N who="2" m="6761" /><F65/><N who="1" m="24585" /><E58/><V75/><F75/><W37/><G37/><T71/><D71/><U108/><E108/><V57/><F42/><W26/><G26/><T70/><D70/><U36/><E36/><V132/><F132/><W10/><G10/><AGARI ba="0,0" hai="10,13,19,80,87,89,96,99" m="24585,9803" machi="10" ten="30,1500,0" yaku="8,1" doraHai="53" who="1" fromWho="3" sc="30,0,279,15,333,0,358,-15" /><INIT seed="5,1,0,1,5,131" ten="30,294,333,343" oya="1" hai0="35,83,115,96,53,91,110,45,104,103,125,82,1" hai1="77,99,130,42,89,76,93,41,121,55,56,48,95" hai2="81,135,108,134,74,17,9,59,62,118,72,87,61" hai3="22,90,107,10,30,113,117,38,112,5,36,33,29"/><U119/><E119/><V128/><F118/><W44/><G117/><T73/><D35/><U88/><E130/><V26/><F108/><W21/><G90/><T60/><D1/><U63/><E121/><V111/><F111/><W123/><G107/><T49/><D110/><U78/><REACH who="1" step="1"/><E63/><REACH who="1" ten="30,284,333,343" step="2"/><V116/><F116/><W129/><G123/><T66/><D125/><U57/><E57/><V15/><F128/><W92/><G129/><T37/><D115/><U51/><E51/><V52/><F62/><W65/><G38/><T12/><D37/><U50/><E50/><V71/><F71/><W20/><G36/><T133/><D73/><U23/><E23/><V64/><F64/><W58/><G22/><T68/><D12/><U101/><E101/><V2/><F2/><W19/><G19/><T31/><BYE who="3" /><D31/><UN n3="%E3%83%A4%E3%83%9E%E3%83%80%E3%81%95%E3%82%93" /><U4/><E4/><BYE who="3" /><UN n3="%E3%83%A4%E3%83%9E%E3%83%80%E3%81%95%E3%82%93" /><V47/><F47/><W132/><G44/><T124/><D124/><U86/><AGARI ba="1,1" hai="41,42,48,55,56,76,77,78,86,88,89,93,95,99" machi="86" ten="30,11700,0" yaku="1,1,0,1,8,1,54,1,53,0" doraHai="131" doraHaiUra="67" who="1" fromWho="1" sc="30,-40,284,130,333,-40,343,-40" owari="-10,-51.0,414,52.0,293,-11.0,303,10.0" /></mjloggm>