<mjloggm ver="2.3"><GO type="169" lobby="0"/><UN n0="%6D%6F%73%61" n1="%74%6F%6B%6F%31%30%30%35" n2="%4E%41%4B%41%48%41%52%41" n3="%E3%83%99%E3%82%B8%E2%80%95%E3%82%BF" dan="16,16,16,16" rate="2113.42,2056.46,2110.31,2133.81" sx="M,M,M,M"/><TAIKYOKU oya="0"/><INIT seed="0,0,0,1,3,83" ten="250,250,250,250" oya="0" hai0="31,110,97,125,96,27,53,33,91,85,107,121,86" hai1="15,131,47,13,48,16,70,23,6,78,14,25,9" hai2="105,94,74,87,119,4,24,8,39,115,59,20,50" hai3="79,134,58,73,49,80,0,132,43,108,93,81,129"/><T130/><D121/><U76/><E131/><V124/><F39/><W63/><G129/><T126/><D130/><U62/><E62/><V46/><F74/><W54/><G0/><T82/><D110/><U135/><E135/><N who="3" m="51754" /><G108/><T106/><D53/><U21/><E70/><V28/><F105/><W3/><G3/><T30/><D30/><U65/><E65/><V1/><F124/><N who="0" m="47722" /><D106/><U104/><E104/><V60/><F115/><W22/><G81/><N who="0" m="49583" /><D107/><U56/><E56/><V92/><F119/><W116/><G116/><T133/><D133/><U35/><E35/><V122/><F122/><W68/><G93/><T95/><D95/><U112/><E112/><V88/><F94/><W36/><G36/><T90/><AGARI ba="0,0" hai="27,31,33,82,86,90,96,97" m="49583,47722" machi="90" ten="30,6000,0" yaku="18,1,52,2" doraHai="83" who="0" fromWho="0" sc="250,60,250,-20,250,-20,250,-20" /><INIT seed="0,1,0,4,4,118" ten="310,230,230,230" oya="0" hai0="90,80,122,34,87,89,31,60,63,70,103,40,73" hai1="75,46,131,30,18,43,51,38,98,133,124,11,44" hai2="21,58,72,99,92,107,83,100,28,61,65,76,86" hai3="78,95,59,97,29,50,13,19,102,64,6,9,105"/><T54/><D73/><U41/><E75/><V112/><F112/><W23/><G78/><T121/><D40/><U126/><E30/><V108/><F108/><W115/><G115/><T45/><D103/><U49/><E98/><V109/><F109/><W113/><G113/><T62/><D70/><U128/><E18/><V130/><F130/><N who="1" m="49705" /><E11/><V110/><F110/><W3/><G105/><T53/><D89/><U20/><E20/><V52/><F72/><W94/><G29/><T91/><D91/><U129/><N who="1" m="49713" /><U111/><DORA hai="93" /><E111/><V67/><F107/><W55/><G64/><T32/><D45/><N who="1" m="23735" /><E133/><V68/><F68/><W47/><REACH who="3" step="1"/><G95/><REACH who="3" ten="310,230,230,220" step="2"/><T104/><D104/><U74/><E74/><V69/><F69/><W114/><G114/><T77/><D77/><U101/><E101/><V81/><F81/><W0/><G0/><T71/><D71/><U15/><E15/><V14/><REACH who="2" step="1"/><F14/><REACH who="2" ten="310,230,220,220" step="2"/><W48/><G48/><T37/><D80/><U127/><E46/><AGARI ba="1,2" hai="3,6,9,13,19,23,46,47,50,55,59,94,97,102" machi="46" ten="40,2600,0" yaku="1,1,52,1,53,0" doraHai="118,93" doraHaiUra="39,84" who="3" fromWho="1" sc="310,0,230,-29,220,0,220,49" /><INIT seed="1,0,0,0,0,112" ten="310,201,220,269" oya="1" hai0="38,105,14,42,51,0,39,129,19,13,69,62,16" hai1="94,28,48,9,98,121,20,58,64,52,71,7,78" hai2="122,6,120,81,118,32,40,91,12,96,76,36,99" hai3="104,44,110,107,63,15,66,135,101,41,45,3,103"/><U130/><E121/><V133/><F32/><W131/><G3/><T35/><D0/><U86/><E130/><V79/><F133/><W73/><G73/><T102/><D35/><U84/><E71/><V27/><F27/><W126/><G135/><T25/><D25/><N who="1" m="16423" /><E64/><V29/><F29/><W125/><G131/><T54/><D42/><U60/><E78/><V11/><F76/><W24/><G24/><T124/><D129/><U85/><E9/><V47/><F118/><W93/><G15/><T109/><D62/><U111/><E111/><V18/><F18/><W100/><G93/><T128/><D69/><U37/><E37/><V67/><F67/><W21/><G21/><T26/><D109/><U1/><E1/><V10/><F10/><W43/><G110/><T83/><D39/><U2/><E2/><V82/><F82/><W134/><G134/><T95/><D38/><U30/><E30/><V59/><F59/><W50/><G63/><T55/><D83/><U68/><E68/><V49/><F36/><N who="3" m="21543" /><G66/><T132/><D128/><U4/><E60/><V33/><F33/><W115/><G115/><T113/><D113/><U22/><E22/><V34/><F34/><W17/><G17/><T53/><D19/><U116/><E116/><V72/><REACH who="2" step="1"/><F91/><AGARI ba="0,0" hai="4,7,48,52,58,84,85,86,91,94,98" m="16423" machi="91" ten="30,2900,0" yaku="8,1,54,1" doraHai="112" who="1" fromWho="2" sc="310,0,201,29,220,-29,269,0" /><INIT seed="1,1,0,1,1,40" ten="310,230,191,269" oya="1" hai0="6,115,75,78,132,130,55,113,8,107,123,127,112" hai1="131,11,59,101,117,51,64,29,76,18,120,62,109" hai2="61,129,34,16,39,3,65,88,70,95,41,73,50" hai3="72,106,68,121,104,80,118,30,98,100,37,83,126"/><U45/><E117/><V82/><F3/><W102/><G68/><T49/><D107/><N who="3" m="41001" /><G30/><T58/><D130/><U119/><E120/><V110/><F34/><W116/><G37/><T54/><D123/><U27/><E119/><N who="3" m="45610" /><G121/><T105/><D105/><U14/><E131/><V26/><F129/><W4/><G4/><T19/><D127/><U13/><E76/><V134/><F110/><W96/><G126/><T43/><D43/><U44/><E109/><V125/><F134/><W35/><G35/><T84/><D75/><U133/><E133/><V97/><F125/><W99/><G72/><T42/><D19/><U103/><E14/><V53/><F73/><W12/><G12/><T81/><D132/><U93/><E93/><V52/><F82/><AGARI ba="1,0" hai="80,82,83,96,98,99,100,102" m="45610,41001" machi="82" ten="40,8000,1" yaku="28,2,12,1,34,2" doraHai="40" who="3" fromWho="2" sc="310,0,230,0,191,-83,269,83" /><INIT seed="2,0,0,4,3,25" ten="310,230,108,352" oya="2" hai0="67,96,20,76,63,92,79,7,56,130,44,104,127" hai1="71,66,88,81,48,91,83,46,119,123,16,59,6" hai2="97,89,115,62,94,77,61,121,86,2,10,64,31" hai3="17,84,110,131,57,49,80,73,43,118,0,69,26"/><V135/><F121/><W12/><G73/><T65/><D104/><U34/><E119/><V52/><F115/><W36/><G0/><T82/><D130/><U105/><E71/><V21/><F135/><W5/><G118/><T114/><D114/><U93/><E105/><V11/><F2/><W3/><G69/><T35/><D35/><U113/><E113/><V124/><F64/><W100/><G100/><T126/><D7/><U98/><E123/><V30/><F124/><N who="0" m="47658" /><D44/><U41/><E34/><V29/><F21/><W22/><G36/><T53/><D20/><U120/><E120/><V55/><F77/><N who="0" m="29770" /><D82/><U116/><E116/><V47/><F97/><W23/><G23/><T122/><D122/><U33/><E33/><V129/><F129/><W60/><G3/><T72/><D72/><U28/><E6/><V128/><F128/><W18/><G5/><T101/><AGARI ba="0,0" hai="53,56,63,65,67,92,96,101" m="29770,47658" machi="101" ten="30,1100,0" yaku="18,1" doraHai="25" who="0" fromWho="0" sc="310,11,230,-3,108,-5,352,-3" /><INIT seed="3,0,0,0,4,123" ten="321,227,103,349" oya="3" hai0="96,95,124,81,54,7,87,130,90,4,9,32,31" hai1="44,125,79,0,62,65,14,17,69,21,39,84,53" hai2="110,126,129,13,83,38,107,92,74,47,133,67,33" hai3="19,105,37,49,51,52,25,16,112,104,75,22,109"/><W48/><G37/><T111/><D130/><U58/><E0/><V70/><RYUUKYOKU type="yao9" ba="0,0" sc="321,0,227,0,103,0,349,0" hai2="13,33,38,47,67,70,74,83,92,107,110,126,129,133" /><INIT seed="3,1,0,0,3,75" ten="321,227,103,349" oya="3" hai0="11,41,10,84,87,91,48,13,70,8,5,12,122" hai1="19,111,35,89,72,99,18,71,21,29,82,9,32" hai2="90,76,14,129,135,52,61,26,45,16,65,115,23" hai3="73,43,125,132,27,3,131,103,83,134,36,133,109"/><W78/><G3/><T128/><D122/><U116/><E71/><V100/><F115/><W2/><G2/><T55/><D128/><U121/><E121/><V64/><F129/><W44/><G131/><T80/><D70/><U96/><E111/><V28/><F135/><W67/><G109/><T49/><D41/><U77/><E116/><V108/><F108/><W57/><G103/><T119/><D119/><U101/><E89/><V130/><F100/><W102/><G102/><T33/><D33/><U1/><E29/><V63/><F130/><W114/><G114/><T62/><D62/><N who="2" m="23562" /><F90/><W118/><G118/><T24/><D24/><U86/><E72/><V110/><F110/><W0/><G0/><T42/><D12/><U40/><E40/><V25/><F76/><W105/><G105/><T68/><D68/><U46/><E46/><V58/><F45/><W104/><G104/><T94/><D42/><U69/><E69/><V15/><F15/><W7/><G27/><N who="2" m="10249" /><F28/><W54/><G67/><T66/><D66/><U20/><E101/><V98/><F98/><W17/><G133/><T106/><D48/><AGARI ba="1,0" hai="14,16,23,48,52,58,64,65" m="10249,23562" machi="48" ten="30,3900,0" yaku="8,1,54,2" doraHai="75" who="2" fromWho="0" sc="321,-42,227,0,103,42,349,0" /><INIT seed="4,0,0,3,5,25" ten="279,227,145,349" oya="0" hai0="88,5,116,93,120,89,54,3,81,48,43,115,114" hai1="38,61,33,108,8,64,121,95,18,4,22,129,65" hai2="57,92,17,63,23,84,130,135,82,29,98,96,10" hai3="105,118,97,76,70,7,80,9,104,83,117,35,78"/><T125/><D116/><U91/><E108/><V111/><F111/><W41/><G70/><T132/><D120/><U1/><E129/><V12/><F130/><W26/><G41/><T27/><D125/><U69/><E121/><V58/><F135/><W44/><G44/><T47/><D132/><U15/><E38/><V36/><F36/><W103/><G105/><T51/><D81/><U102/><E33/><V127/><F127/><W73/><G26/><T34/><D5/><U59/><E102/><V110/><F110/><W124/><G35/><T2/><D89/><U28/><E28/><V55/><F57/><W94/><G94/><T128/><D128/><U46/><E46/><V67/><F55/><W66/><G66/><T99/><D48/><U19/><E18/><V32/><F32/><W50/><G50/><T49/><D49/><U13/><E1/><V101/><F96/><W106/><G106/><T85/><D99/><U112/><E112/><N who="0" m="43049" /><D54/><N who="1" m="34039" /><E69/><V31/><F10/><W71/><G71/><T77/><D77/><AGARI ba="0,0" hai="12,17,23,29,31,58,63,67,77,82,84,92,98,101" machi="77" ten="30,7700,0" yaku="7,1,8,1,52,2" doraHai="25" who="2" fromWho="0" sc="279,-77,227,0,145,77,349,0" /><INIT seed="5,0,0,4,3,123" ten="202,227,222,349" oya="1" hai0="94,122,6,135,14,80,81,89,13,1,133,26,96" hai1="16,3,102,19,61,108,75,92,74,0,65,129,104" hai2="64,101,91,82,17,38,7,121,67,49,29,78,130" hai3="5,110,39,79,27,128,43,44,115,25,90,125,98"/><U99/><E129/><V9/><F38/><W103/><G110/><T20/><D122/><U21/><E104/><V24/><F130/><W68/><G68/><T31/><D1/><U12/><E108/><V63/><F101/><W114/><G128/><T55/><D55/><U41/><E41/><V8/><F17/><W37/><G37/><T40/><D40/><U93/><E92/><V119/><F91/><W120/><G120/><T30/><D30/><U57/><REACH who="1" step="1"/><E19/><REACH who="1" ten="202,217,222,349" step="2"/><V72/><F121/><W106/><G43/><T28/><D28/><U111/><E111/><V18/><F18/><W58/><G106/><T86/><D80/><U53/><E53/><V118/><F119/><W87/><G115/><T2/><D2/><AGARI ba="0,1" hai="0,2,3,12,16,21,57,61,65,74,75,93,99,102" machi="2" ten="40,3900,0" yaku="1,1,54,1,53,0" doraHai="123" doraHaiUra="112" who="1" fromWho="0" sc="202,-39,217,49,222,0,349,0" /><INIT seed="5,1,0,3,3,105" ten="163,266,222,349" oya="1" hai0="71,115,52,21,19,89,132,129,106,87,59,120,24" hai1="98,18,62,117,110,35,44,12,88,122,83,96,123" hai2="11,27,45,23,53,97,4,67,135,0,1,75,55" hai3="58,93,100,16,47,32,48,50,121,126,39,107,49"/><U42/><E35/><V85/><F135/><W90/><G121/><T127/><D132/><U65/><E117/><V46/><F0/><W114/><G32/><T10/><D120/><U20/><E110/><V116/><F67/><W113/><G126/><T13/><D127/><U5/><E122/><V3/><F3/><W86/><G58/><T81/><D115/><N who="3" m="44041" /><G39/><T28/><D106/><U74/><E5/><V84/><F75/><W99/><G16/><T131/><REACH who="0" step="1"/><D71/><REACH who="0" ten="153,266,222,349" step="2"/><U14/><E123/><V112/><F116/><W94/><G107/><T29/><D29/><U70/><E12/><V34/><F112/><W109/><G109/><T102/><D102/><U118/><E118/><V72/><F1/><W37/><G37/><T26/><D26/><U43/><E43/><AGARI ba="1,1" hai="43,47,48,49,50,86,90,93,94,99,100" m="44041" machi="43" ten="30,1000,0" yaku="15,1" doraHai="105" who="3" fromWho="1" sc="153,0,266,-13,222,0,349,23" /><INIT seed="6,0,0,3,2,124" ten="153,253,222,372" oya="2" hai0="56,38,120,29,94,16,60,69,61,81,107,95,51" hai1="35,104,108,4,82,133,130,114,73,19,11,115,6" hai2="88,72,106,125,89,119,13,91,54,50,49,18,22" hai3="113,1,128,52,14,92,102,74,63,30,36,15,2"/><V103/><F119/><W21/><G74/><T34/><D120/><U55/><E104/><V118/><F118/><W122/><G36/><T25/><D107/><U62/><E108/><V105/><F125/><W24/><G2/><T37/><D51/><U101/><E35/><V93/><F72/><W83/><G1/><T76/><D61/><U59/><E101/><V41/><F50/><W40/><G40/><T78/><D69/><U96/><E96/><V9/><F41/><W33/><G83/><T123/><D123/><U65/><E133/><V86/><F9/><W116/><G116/><T100/><D78/><U8/><E19/><V66/><F66/><W48/><G63/><T10/><D100/><U53/><E73/><V46/><REACH who="2" step="1"/><F86/><REACH who="2" ten="153,253,212,372" step="2"/><W3/><G48/><T7/><D37/><U27/><E65/><V109/><F109/><W17/><G122/><T75/><D38/><U134/><E11/><V121/><F121/><W80/><G52/><T90/><D60/><U127/><E53/><V45/><F45/><W84/><G84/><T126/><D126/><U26/><E8/><V85/><F85/><W70/><G70/><T79/><D75/><U28/><E127/><V20/><F20/><W135/><G21/><T98/><D10/><U67/><E67/><V87/><F87/><W44/><G44/><T64/><D64/><U112/><E62/><V129/><F129/><W32/><G128/><T131/><D131/><U31/><E130/><V97/><AGARI ba="0,1" hai="13,18,22,46,49,54,88,89,91,93,97,103,105,106" machi="97" ten="30,6000,0" yaku="1,1,0,1,54,1,53,0" doraHai="124" doraHaiUra="0" who="2" fromWho="2" sc="153,-20,253,-20,212,70,372,-20" /><INIT seed="6,1,0,2,0,84" ten="133,233,282,352" oya="2" hai0="63,38,12,2,22,37,77,19,127,117,92,58,131" hai1="78,114,31,113,47,75,33,97,72,36,51,106,54" hai2="64,89,90,103,99,27,108,112,1,30,132,8,50" hai3="18,96,62,83,21,69,0,16,125,4,110,98,82"/><V42/><F112/><N who="1" m="43113" /><E36/><V17/><F132/><W104/><G110/><T102/><D131/><U7/><E7/><V20/><F108/><W55/><G125/><T60/><D127/><U118/><E78/><V34/><F64/><W25/><G18/><T48/><D2/><U41/><E118/><V120/><F120/><W109/><G109/><T11/><D117/><U44/><E33/><V6/><F50/><W65/><G55/><T93/><D77/><U91/><E31/><V130/><F42/><W5/><G0/><T3/><D48/><N who="1" m="26639" /><E106/><V79/><F79/><W124/><G124/><T107/><D107/><U46/><E47/><V26/><REACH who="2" step="1"/><F130/><REACH who="2" ten="133,233,272,352" step="2"/><W66/><G66/><T119/><D119/><U135/><E135/><V59/><F59/><W56/><G56/><T35/><D58/><U24/><E51/><V80/><F80/><W43/><G43/><T57/><D57/><U94/><E46/><V14/><F14/><W49/><G49/><T45/><D45/><U71/><E71/><V100/><F100/><W15/><G83/><T23/><D102/><U28/><E54/><V76/><F76/><W111/><G82/><T88/><D37/><U9/><E75/><V70/><F70/><W133/><G111/><T39/><D38/><U29/><E72/><V121/><F121/><W95/><G133/><T13/><D39/><U123/><E123/><V86/><F86/><W122/><G122/><T73/><D73/><U85/><E85/><V115/><F115/><W116/><G116/><T52/><D52/><U61/><E61/><N who="0" m="23625" /><D13/><U40/><E40/><V67/><F67/><RYUUKYOKU ba="1,1" sc="133,-10,233,-10,272,30,352,-10" hai2="1,6,8,17,20,26,27,30,34,89,90,99,103" /><INIT seed="6,2,1,3,2,101" ten="123,223,302,342" oya="2" hai0="56,99,57,32,109,117,29,12,64,107,7,129,62" hai1="35,36,42,2,110,81,45,124,122,74,19,51,16" hai2="126,67,84,79,15,5,63,85,87,133,91,60,114" hai3="21,112,6,46,132,48,92,125,96,106,104,135,58"/><V40/><F114/><W22/><G112/><T23/><D109/><U89/><E110/><V49/><F126/><W121/><G58/><T78/><D129/><U127/><E35/><V68/><F133/><N who="3" m="51275" /><G6/><T4/><D117/><U54/><E2/><V53/><F40/><N who="3" m="24647" /><G125/><N who="1" m="48202" /><E122/><V9/><F63/><W0/><G0/><T43/><D32/><U50/><E36/><V30/><F79/><W103/><G121/><T82/><D43/><U108/><E108/><V70/><F30/><W98/><G106/><T76/><D56/><N who="1" m="32855" /><E74/><V94/><REACH who="2" step="1"/><F70/><REACH who="2" ten="123,223,292,342" step="2"/><W102/><AGARI ba="2,2" hai="21,22,92,96,98,102,103,104" m="24647,51275" machi="102" ten="30,2000,0" yaku="20,1,52,1" doraHai="101" who="3" fromWho="3" sc="123,-7,223,-7,292,-12,342,46" /><INIT seed="7,0,0,1,4,58" ten="116,216,280,388" oya="3" hai0="34,36,123,3,19,78,90,7,95,113,56,92,76" hai1="60,107,28,1,110,120,64,135,32,38,80,89,12" hai2="128,50,4,81,23,134,41,0,45,117,70,13,46" hai3="49,122,22,47,75,51,67,116,61,127,17,55,111"/><W99/><G116/><T74/><D123/><U39/><E1/><V33/><F117/><W112/><G75/><T40/><D34/><U109/><E107/><V53/><F33/><W87/><G122/><T21/><D113/><U43/><E120/><V132/><F70/><W15/><G112/><T26/><D74/><U131/><E12/><V93/><F0/><W98/><G127/><T42/><D92/><U77/><E89/><V31/><F128/><W44/><G87/><T102/><D102/><U72/><E135/><N who="2" m="51755" /><F93/><W86/><G86/><T9/><D36/><U62/><E131/><V59/><F81/><W54/><G111/><T101/><D101/><U18/><E18/><N who="2" m="10703" /><F31/><W68/><AGARI ba="0,0" hai="15,17,22,44,47,49,51,54,55,61,67,68,98,99" machi="68" ten="20,7800,0" yaku="0,1,7,1,9,1,52,1" doraHai="58" who="3" fromWho="3" sc="116,-26,216,-26,280,-26,388,78" owari="90,-41.0,190,-21.0,254,5.0,466,57.0" /></mjloggm>