<mjloggm ver="2.3"><GO type="169" lobby="0"/><UN n0="%E9%BA%BB%E9%9B%80%49%51%31%32%30" n1="%52%59%4F%40%53%53" n2="%E3%81%A9%E3%82%84%E3%81%A9%E3%82%84%31%35%39" n3="%E5%BE%B3%E4%B9%83%E7%A5%9E" dan="17,18,17,16" rate="2090.37,2213.95,2152.42,2037.89" sx="M,M,F,M"/><TAIKYOKU oya="0"/><INIT seed="0,0,0,4,4,91" ten="250,250,250,250" oya="0" hai0="62,38,14,133,46,9,135,50,120,131,34,118,56" hai1="55,60,105,66,116,78,69,121,111,115,5,77,84" hai2="0,85,4,96,19,42,44,13,130,102,20,36,132" hai3="30,10,127,12,48,73,82,2,71,123,129,134,11"/><T54/><D34/><U53/><E105/><V108/><F108/><W89/><G71/><T107/><D107/><U49/><E116/><V22/><F130/><W18/><G129/><T47/><D131/><U112/><E121/><V93/><F132/><W98/><G134/><N who="0" m="51211" /><D118/><U61/><E5/><V37/><F85/><W103/><G30/><T52/><D120/><U126/><E84/><V106/><F22/><W3/><G127/><T15/><D9/><U58/><E126/><V67/><F67/><W94/><G123/><T35/><D35/><U57/><REACH who="1" step="1"/><E111/><REACH who="1" ten="250,240,250,250" step="2"/><V31/><F4/><W24/><G73/><T43/><AGARI ba="0,1" hai="14,15,38,43,46,47,50,52,54,56,62" m="51211" machi="43" ten="30,3000,0" yaku="20,1,54,1" doraHai="91" who="0" fromWho="0" sc="250,40,240,-10,250,-10,250,-10" /><INIT seed="0,1,0,3,1,119" ten="290,230,240,240" oya="0" hai0="132,51,82,116,105,130,31,123,26,65,134,100,3" hai1="12,29,30,46,39,109,73,124,77,53,18,113,15" hai2="47,42,13,111,87,83,50,16,63,72,98,69,115" hai3="112,34,67,19,61,89,103,120,70,5,97,44,81"/><T24/><D3/><U117/><E117/><V6/><F115/><W35/><G112/><T101/><D116/><U110/><E113/><V43/><F111/><N who="1" m="42505" /><E124/><V94/><F72/><W17/><G5/><T80/><D130/><U125/><E125/><V8/><F69/><W95/><G44/><T55/><D65/><U86/><E73/><V10/><F63/><W9/><G9/><T28/><D105/><U54/><E12/><V7/><F43/><W131/><G131/><T68/><D68/><U75/><E75/><V104/><F104/><N who="3" m="63599" /><G81/><T32/><D32/><U96/><E96/><V59/><F59/><W107/><G107/><T23/><D23/><U22/><E86/><V88/><REACH who="2" step="1"/><F10/><REACH who="2" ten="290,230,230,240" step="2"/><W60/><G60/><T122/><D55/><U11/><E11/><V57/><F57/><W56/><G56/><T21/><D21/><U41/><E54/><V74/><F74/><W27/><G35/><T66/><D66/><U37/><E53/><V106/><F106/><W48/><G61/><T52/><D52/><U58/><E58/><V129/><F129/><W2/><G67/><T127/><D127/><U126/><E126/><V14/><F14/><W93/><G70/><T128/><D128/><U64/><E64/><V84/><F84/><W1/><G34/><T90/><D51/><U85/><E39/><V36/><F36/><W114/><G48/><T78/><D78/><AGARI ba="1,1" hai="6,7,8,13,16,42,47,50,78,83,87,88,94,98" machi="78" ten="30,8000,1" yaku="1,1,7,1,8,1,54,2,53,0" doraHai="119" doraHaiUra="133" who="2" fromWho="0" sc="290,-83,230,0,230,93,240,0" /><INIT seed="1,0,0,1,4,86" ten="207,230,323,240" oya="1" hai0="60,41,106,10,124,61,3,6,85,73,13,57,16" hai1="96,75,62,132,59,15,29,40,35,120,94,72,133" hai2="25,83,71,11,105,127,118,70,52,65,130,131,108" hai3="114,95,93,32,48,63,22,54,101,117,45,2,28"/><U79/><E120/><V26/><F118/><W42/><G114/><T9/><D73/><U84/><E40/><V134/><F105/><W43/><G2/><T50/><D106/><U64/><E15/><V91/><F11/><W51/><G32/><T49/><D124/><U77/><E29/><V125/><F108/><W7/><G7/><T34/><D34/><U67/><E35/><V109/><F109/><W89/><G63/><T87/><D61/><U38/><E38/><V78/><F52/><N who="3" m="29711" /><G95/><T80/><D87/><U98/><E84/><N who="2" m="50591" /><F78/><W111/><G101/><T119/><D41/><U81/><E67/><V4/><F4/><W113/><G113/><T99/><D99/><U18/><E18/><V103/><F103/><W20/><G117/><T115/><D115/><U104/><E104/><V123/><F123/><W19/><G28/><T76/><REACH who="0" step="1"/><D119/><REACH who="0" ten="197,230,323,240" step="2"/><U126/><E126/><V58/><F127/><W21/><G111/><T46/><D46/><U135/><REACH who="1" step="1"/><E94/><REACH who="1" ten="197,220,323,240" step="2"/><V112/><F125/><W102/><G93/><T33/><D33/><U14/><E14/><V56/><F112/><W68/><G43/><T110/><D110/><U17/><E17/><V69/><F131/><W121/><G19/><T97/><D97/><U82/><AGARI ba="0,2" hai="59,62,64,72,75,77,79,81,82,96,98,132,133,135" machi="82" ten="40,12000,1" yaku="1,1,0,1,9,1,20,1,53,0" doraHai="86" doraHaiUra="116" who="1" fromWho="1" sc="197,-40,220,140,323,-40,240,-40" /><INIT seed="1,1,0,2,4,106" ten="157,360,283,200" oya="1" hai0="112,65,79,94,74,115,44,90,81,36,63,15,122" hai1="99,131,130,91,20,108,49,35,4,71,93,107,26" hai2="31,100,40,55,96,9,97,133,38,61,67,18,102" hai3="10,24,87,30,66,129,11,62,43,132,86,6,134"/><U68/><E35/><V47/><F133/><N who="3" m="51307" /><G43/><T124/><D124/><U111/><E107/><V126/><F126/><W120/><G120/><T56/><D122/><U118/><E4/><V110/><F110/><N who="1" m="42025" /><E49/><V70/><F31/><W25/><G25/><T50/><D36/><U32/><E32/><V92/><F55/><W57/><G129/><N who="1" m="49162" /><E118/><V59/><F70/><W29/><G29/><AGARI ba="1,0" hai="20,26,29,68,71,91,93,99" m="49162,42025" machi="29" ten="30,5800,0" yaku="14,1,10,1,19,1" doraHai="106" who="1" fromWho="3" sc="157,0,360,61,283,0,200,-61" /><INIT seed="1,2,0,0,1,109" ten="157,421,283,139" oya="1" hai0="88,58,62,11,48,15,28,41,96,80,87,91,23" hai1="69,51,65,84,118,17,55,81,33,42,43,68,2" hai2="99,9,77,79,135,113,117,104,36,129,6,0,110" hai3="40,8,53,50,74,98,54,5,4,106,19,76,52"/><U27/><E2/><V102/><F117/><W37/><G37/><T108/><D108/><U100/><E100/><V130/><F110/><W90/><G74/><T66/><D28/><U20/><E33/><V63/><F36/><W119/><G76/><N who="2" m="29257" /><F63/><W22/><G106/><T128/><D23/><U123/><E123/><V89/><F89/><W59/><G119/><T78/><D128/><N who="2" m="49258" /><F135/><W14/><G40/><T115/><D115/><AGARI ba="2,0" hai="0,6,9,99,102,104,113,115" m="49258,29257" machi="115" ten="30,3900,0" yaku="19,1,52,2" doraHai="109" who="2" fromWho="0" sc="157,-45,421,0,283,45,139,0" /><INIT seed="2,0,0,2,4,5" ten="112,421,328,139" oya="2" hai0="101,83,1,24,74,13,46,108,32,6,106,55,91" hai1="31,11,0,39,48,65,113,130,60,58,45,33,76" hai2="77,73,87,35,93,3,99,10,131,36,86,75,56" hai3="21,54,112,82,133,135,115,97,15,50,94,57,134"/><V22/><F35/><W34/><G34/><T8/><D108/><U68/><E113/><N who="3" m="43594" /><G82/><T116/><D116/><U110/><E110/><V124/><F36/><W114/><N who="3" m="43602" /><W7/><DORA hai="40" /><G21/><T104/><D101/><U90/><E76/><V69/><F69/><W111/><G111/><T19/><D91/><U66/><E90/><V43/><F43/><W98/><G94/><T127/><D127/><U61/><E130/><V129/><F124/><W17/><G17/><T78/><D55/><U85/><E85/><N who="2" m="32267" /><F22/><W118/><G118/><T126/><D126/><U4/><E39/><V100/><F77/><W41/><G41/><T121/><D106/><U132/><E33/><V27/><F27/><W47/><G57/><T117/><D104/><U14/><E68/><V38/><F56/><W107/><G107/><T128/><D117/><U12/><E58/><V62/><F75/><W59/><G59/><T120/><D24/><U109/><E109/><V71/><F73/><W125/><G125/><T84/><D74/><U81/><E81/><V123/><F71/><W29/><G29/><T52/><D32/><U79/><E31/><V9/><F3/><W18/><G7/><T37/><D37/><U103/><E79/><V28/><F38/><W42/><G42/><T119/><D119/><U67/><E0/><V122/><F28/><W25/><G25/><T63/><D1/><U70/><E70/><V105/><F105/><W96/><G135/><T26/><D78/><U23/><E132/><N who="3" m="50794" /><G98/><T53/><D83/><U95/><E95/><V2/><F93/><W51/><G51/><RYUUKYOKU ba="0,0" sc="112,-10,421,-10,328,-10,139,30" hai3="15,18,47,50,54,96,97" /><INIT seed="3,1,0,3,4,4" ten="102,411,318,169" oya="3" hai0="29,16,15,5,93,60,128,74,123,127,88,110,31" hai1="71,91,118,30,48,20,70,105,46,10,92,77,86" hai2="101,87,73,55,18,76,133,14,99,126,58,52,56" hai3="50,0,7,66,37,80,42,79,63,54,119,107,106"/><W34/><G34/><T23/><D74/><U114/><E105/><V2/><F2/><W120/><G120/><T124/><D123/><U84/><E114/><V19/><F133/><W111/><G119/><T113/><D113/><U68/><E118/><V32/><F32/><W3/><G54/><N who="2" m="20521" /><F73/><N who="3" m="43119" /><G50/><T102/><D102/><U130/><E130/><V98/><F126/><N who="0" m="48170" /><D128/><U69/><E69/><V44/><F44/><N who="3" m="23631" /><G111/><T8/><D60/><U36/><E36/><V122/><F122/><W1/><G7/><T100/><D100/><U38/><E38/><V53/><F19/><W28/><G28/><T117/><D110/><U103/><E30/><V47/><F47/><W25/><G25/><N who="0" m="14567" /><D117/><U125/><E125/><V109/><F109/><W43/><G43/><T27/><D27/><U72/><E72/><V94/><F53/><W39/><G39/><T132/><D132/><U33/><E46/><V116/><F116/><W131/><G131/><T108/><D108/><U62/><E48/><V40/><F40/><W17/><G17/><T85/><AGARI ba="1,0" hai="5,8,15,29,31,85,88,93" m="14567,48170" machi="85" ten="30,7900,0" yaku="18,1,52,1,54,2" doraHai="4" who="0" fromWho="0" sc="102,82,411,-21,318,-21,169,-40" /><INIT seed="4,0,0,5,0,80" ten="184,390,297,129" oya="0" hai0="52,135,133,65,128,26,71,123,46,81,37,120,134" hai1="62,77,106,114,40,92,115,44,33,21,36,7,18" hai2="5,43,29,55,50,69,96,39,126,124,64,66,127" hai3="53,2,118,63,35,107,83,89,72,8,79,93,1"/><T30/><D128/><U11/><E106/><V49/><F29/><W121/><G118/><T13/><D13/><U0/><E33/><V84/><F5/><W82/><G107/><T48/><D37/><U110/><E110/><V103/><F69/><W25/><G82/><T59/><D71/><U20/><E77/><V104/><F84/><W75/><G72/><T102/><D102/><U28/><E28/><V27/><F27/><W56/><G121/><T94/><D94/><U113/><E18/><V22/><F22/><N who="1" m="8809" /><E92/><V109/><F109/><W78/><G79/><T61/><REACH who="0" step="1"/><D81/><REACH who="0" ten="174,390,297,129" step="2"/><U98/><E98/><V74/><F39/><W73/><G73/><T19/><D19/><U31/><E31/><V101/><F74/><W95/><G95/><T47/><D47/><U6/><E6/><V23/><F96/><W99/><G8/><T117/><D117/><U105/><E105/><V60/><F104/><W4/><G4/><T15/><D15/><U3/><E3/><V12/><F12/><W58/><G58/><T119/><D119/><U24/><E24/><V87/><F126/><W41/><G25/><T100/><D100/><U125/><E125/><V116/><F103/><W10/><G10/><T131/><D131/><U76/><E0/><V68/><F101/><W111/><G111/><T90/><D90/><U34/><E7/><V9/><F127/><W112/><G2/><T17/><D17/><U86/><E11/><V97/><F124/><W70/><G1/><T16/><D16/><U108/><E108/><V54/><F116/><W91/><G91/><T67/><D67/><RYUUKYOKU ba="0,1" sc="174,30,390,-10,297,-10,129,-10" hai0="26,30,46,48,52,59,61,65,120,123,133,134,135" /><INIT seed="4,1,1,4,4,1" ten="204,380,287,119" oya="0" hai0="121,14,13,108,67,59,32,117,110,96,80,4,113" hai1="42,64,27,65,118,9,46,95,43,53,128,11,51" hai2="60,38,37,61,55,135,114,101,78,70,35,45,104" hai3="112,8,3,94,87,84,125,56,74,66,93,109,10"/><T77/><D32/><U107/><E107/><V31/><F78/><W26/><G109/><T73/><D121/><U81/><E128/><V69/><F114/><W33/><G74/><T82/><D113/><U79/><E95/><V92/><F92/><W19/><G112/><T21/><D117/><U2/><E27/><N who="2" m="18943" /><F69/><W115/><G115/><T52/><D67/><N who="1" m="25675" /><E2/><V91/><F91/><N who="3" m="53479" /><G3/><T100/><D82/><U85/><E118/><V98/><F135/><W49/><G33/><T41/><D41/><AGARI ba="1,1" hai="9,11,41,42,43,46,51,53,79,81,85" m="25675" machi="41" ten="30,1000,0" yaku="8,1" doraHai="1" who="1" fromWho="0" sc="204,-13,380,23,287,0,119,0" /><INIT seed="5,0,0,4,3,4" ten="191,403,287,119" oya="1" hai0="12,85,101,105,122,127,109,73,86,15,112,77,120" hai1="90,95,47,62,50,51,87,0,27,110,28,19,24" hai2="89,63,53,132,135,21,107,54,23,119,45,38,130" hai3="98,123,96,78,129,111,60,34,14,10,128,93,92"/><U70/><E0/><V64/><F119/><W118/><G111/><T66/><D109/><U52/><E110/><V121/><F121/><W9/><G123/><T49/><D73/><U44/><E70/><V39/><F107/><W75/><G34/><T56/><D105/><U88/><E62/><V81/><F81/><W125/><G75/><T131/><D101/><U17/><E90/><V31/><F89/><N who="3" m="55311" /><G118/><T113/><D49/><U114/><E114/><V91/><F91/><N who="3" m="55615" /><G78/><T42/><D77/><U35/><E27/><V16/><F39/><W20/><G60/><T74/><D74/><U58/><E58/><V18/><F63/><W6/><G125/><T82/><D127/><U48/><E51/><V106/><F38/><W104/><G104/><T126/><D126/><U79/><E79/><V36/><F106/><W2/><G20/><T83/><D122/><U67/><E67/><V68/><F23/><W94/><G94/><T84/><D66/><U102/><E102/><V71/><F64/><W99/><G99/><T116/><D116/><U37/><E37/><V26/><F71/><W59/><G59/><T69/><D56/><U108/><E108/><V11/><F68/><W33/><G33/><T30/><D69/><U8/><E48/><V72/><F36/><W13/><G2/><T57/><D120/><U103/><E103/><V117/><F117/><W97/><G97/><T5/><D113/><U29/><E47/><V1/><F1/><W134/><G134/><T46/><D57/><U32/><E32/><V100/><F135/><W41/><G41/><T133/><D133/><RYUUKYOKU ba="0,0" sc="191,-10,403,-10,287,-10,119,30" hai3="6,9,10,13,14,128,129" /><INIT seed="6,1,0,2,0,58" ten="181,393,277,149" oya="2" hai0="109,10,85,113,13,3,107,88,121,40,51,135,0" hai1="7,99,15,65,115,9,126,84,46,41,5,75,56" hai2="29,61,108,129,14,122,73,128,28,64,47,110,116" hai3="132,57,80,127,48,42,123,89,102,34,53,38,20"/><V52/><F116/><W36/><G34/><T134/><D107/><U131/><E75/><V124/><F73/><W60/><G123/><T125/><D121/><U71/><E71/><V32/><F122/><W26/><G127/><T8/><D125/><U79/><E126/><V78/><F78/><W55/><G132/><T94/><D109/><N who="2" m="42090" /><F124/><W25/><G102/><T77/><D77/><U22/><E131/><N who="2" m="50251" /><F32/><W90/><G42/><T114/><D40/><U17/><E115/><V100/><F100/><W31/><G26/><T1/><D51/><N who="1" m="27087" /><E99/><V12/><F29/><W68/><G68/><T133/><REACH who="0" step="1"/><D10/><REACH who="0" ten="171,393,277,149" step="2"/><U59/><E9/><V18/><F28/><W104/><G104/><T19/><AGARI ba="1,1" hai="0,1,3,8,13,19,85,88,94,113,114,133,134,135" machi="19" ten="40,8000,1" yaku="1,1,2,1,0,1,20,1,54,1,53,0" doraHai="58" doraHaiUra="98" who="0" fromWho="0" sc="171,93,393,-21,277,-41,149,-21" /><INIT seed="7,0,0,0,1,97" ten="264,372,236,128" oya="3" hai0="52,15,118,93,98,128,67,39,78,54,63,107,66" hai1="19,33,94,10,129,87,122,100,116,133,81,62,6" hai2="50,44,117,47,84,23,53,43,32,86,119,68,106" hai3="51,90,71,4,14,83,38,24,125,102,135,121,58"/><W75/><G121/><T49/><D39/><U46/><E33/><V36/><F32/><W29/><G71/><T73/><D107/><U101/><E122/><V79/><F106/><W2/><G2/><T64/><D118/><U120/><E120/><V41/><F68/><W105/><G38/><T96/><D96/><U88/><E129/><V16/><F53/><W1/><G1/><T126/><D73/><U74/><E133/><V91/><F79/><W26/><G135/><T31/><D78/><U55/><E19/><V59/><F59/><W72/><G125/><T82/><D82/><U103/><E74/><V60/><F60/><W89/><G105/><T99/><D99/><U11/><E11/><V56/><F56/><W77/><G75/><T134/><D128/><U61/><E81/><V20/><F20/><W85/><G102/><T76/><D76/><U131/><E131/><V30/><F30/><W42/><G58/><T108/><D31/><U124/><E124/><V113/><F113/><W104/><G104/><T123/><D123/><U95/><E95/><V3/><F3/><W132/><G132/><T80/><D93/><U21/><E21/><V7/><F7/><W25/><G29/><T0/><D126/><U109/><E116/><V92/><F86/><W37/><G37/><T28/><D28/><U111/><E46/><V115/><F115/><W65/><G65/><T69/><D66/><U9/><E6/><V45/><F45/><N who="3" m="26039" /><G72/><T5/><D64/><U12/><E55/><V17/><F17/><W8/><AGARI ba="0,0" hai="4,8,14,24,25,26,77,83,85,89,90" m="26039" machi="8" ten="30,3000,0" yaku="25,1,8,1" doraHai="97" who="3" fromWho="3" sc="264,-10,372,-10,236,-10,128,30" /><INIT seed="7,1,0,5,0,99" ten="254,362,226,158" oya="3" hai0="11,129,83,123,82,118,101,55,65,94,120,37,110" hai1="4,54,8,12,52,72,29,25,77,39,113,3,33" hai2="114,21,85,23,17,64,133,96,128,92,9,66,68" hai3="126,24,48,67,2,121,36,7,16,93,73,45,125"/><W71/><G121/><T116/><D37/><U41/><E113/><V95/><F114/><W103/><G73/><T15/><D110/><U135/><E135/><V87/><F133/><W130/><G36/><T59/><D118/><U111/><E111/><V86/><F128/><W28/><G130/><T124/><D116/><U80/><E12/><N who="2" m="7311" /><F68/><W106/><G106/><T100/><D129/><U90/><E90/><N who="2" m="55415" /><F92/><W134/><G134/><T112/><D94/><U62/><E62/><V56/><F56/><W97/><G16/><N who="0" m="8319" /><D112/><U53/><E53/><V40/><F40/><N who="3" m="24615" /><G7/><T81/><D123/><U51/><E51/><V61/><F61/><N who="3" m="40431" /><G2/><T91/><D120/><U26/><E26/><V50/><F50/><W63/><G63/><T0/><D0/><U132/><E132/><V32/><F32/><N who="3" m="20487" /><G93/><T42/><D42/><U117/><E117/><V22/><AGARI ba="1,0" hai="21,22,23,64,66,85,86,87" m="55415,7311" machi="22" ten="30,1100,0" yaku="8,1" doraHai="99" who="2" fromWho="2" sc="254,-4,362,-4,226,14,158,-6" owari="250,5.0,358,46.0,240,-16.0,152,-35.0" /></mjloggm>