<mjloggm ver="2.3"><GO type="185" lobby="0"/><UN n0="%74%61%6B%61%2D%31%31%36" n1="%E8%99%B9%E9%87%8E%E3%82%86%E3%82%81" n2="%E6%B0%B7%E3%81%AE%4B" n3="" dan="16,16,16,0" rate="2137.60,2152.04,2115.36,1500.00" sx="M,F,M,C"/><TAIKYOKU oya="0"/><INIT seed="0,0,0,5,1,90" ten="350,350,350,0" oya="0" hai0="55,96,54,99,62,70,59,52,117,133,38,37,78" hai1="105,53,83,35,118,73,1,60,56,108,2,125,102" hai2="58,104,42,109,98,107,115,101,81,0,103,84,119" hai3=""/><T112/><D112/><U32/><E118/><V48/><F115/><T132/><D78/><U124/><E108/><V72/><F109/><T120/><N who="0" m="30752" /><T114/><D114/><U106/><E73/><V121/><N who="2" m="31008" /><V76/><F119/><T50/><D99/><U87/><E1/><V47/><F0/><T130/><D96/><U93/><E93/><V86/><F58/><T110/><D117/><U67/><E67/><V49/><F49/><T134/><D110/><U74/><E74/><V51/><F51/><T97/><D97/><AGARI ba="0,0" hai="42,47,48,72,76,81,84,86,97,98,101,103,104,107" m="31008" machi="97" ten="40,2600,0" yaku="9,1,52,1" doraHai="90" who="2" fromWho="0" sc="350,-26,350,0,350,26,0,0" /><INIT seed="1,0,0,3,1,77" ten="324,350,376,0" oya="1" hai0="76,62,63,68,94,113,70,72,46,53,37,107,118" hai1="79,3,122,74,71,116,125,73,102,103,120,101,133" hai2="39,128,109,135,64,112,87,92,47,75,67,88,0" hai3=""/><U50/><N who="1" m="30752" /><U55/><N who="1" m="31264" /><U131/><E116/><V1/><F135/><T40/><D118/><U134/><E3/><V124/><F112/><T69/><D113/><U2/><E2/><V132/><F132/><N who="1" m="50793" /><E131/><V100/><F128/><T84/><D107/><U57/><E125/><V80/><F124/><T35/><D35/><U33/><E33/><V96/><F109/><T89/><D53/><U56/><E71/><V34/><F34/><T105/><D105/><U115/><E115/><V98/><F75/><N who="1" m="28681" /><E79/><V126/><F126/><T104/><D72/><U59/><AGARI ba="0,0" hai="50,55,56,57,59,101,102,103" m="28681,50793,31264,30752" machi="59" ten="40,5200,0" yaku="20,1,52,2" doraHai="77" who="1" fromWho="1" sc="324,-26,350,52,376,-26,0,0" /><INIT seed="1,1,0,4,2,37" ten="298,402,350,0" oya="1" hai0="124,121,2,58,61,73,128,96,94,0,42,133,46" hai1="120,98,89,111,130,90,118,67,76,97,92,102,125" hai2="83,134,62,87,3,51,43,66,52,131,109,91,72" hai3=""/><U95/><N who="1" m="30752" /><U69/><E118/><V101/><F3/><T107/><N who="0" m="31008" /><T132/><D124/><U100/><E125/><V49/><F134/><N who="0" m="51818" /><D73/><U48/><E130/><V56/><F131/><T77/><D77/><U113/><E113/><V88/><F109/><T55/><D107/><U35/><E35/><V119/><F119/><T117/><D117/><U1/><E1/><V45/><F72/><T135/><N who="0" m="51826" /><T126/><DORA hai="103" /><D128/><U105/><E76/><V33/><F33/><T59/><D59/><U44/><E105/><V81/><F101/><T108/><D126/><U82/><E111/><V36/><F66/><T86/><D86/><AGARI ba="1,0" hai="36,43,45,49,51,52,56,62,81,83,86,87,88,91" machi="86" ten="40,8000,1" yaku="9,1,52,1,54,2" doraHai="37,103" who="2" fromWho="0" sc="298,-82,402,0,350,82,0,0" /><INIT seed="2,0,0,3,5,35" ten="216,402,432,0" oya="2" hai0="81,107,39,86,89,117,120,78,62,124,45,47,133" hai1="41,33,63,96,113,84,94,57,51,67,88,116,77" hai2="74,126,85,102,130,131,44,109,115,0,72,99,79" hai3=""/><V75/><F115/><T34/><N who="0" m="30752" /><T82/><D34/><U59/><E113/><V125/><F44/><T37/><D117/><U60/><E116/><V73/><F109/><T104/><D124/><N who="2" m="47722" /><F0/><T123/><N who="0" m="31520" /><T111/><D133/><U71/><E33/><V108/><F108/><T129/><D111/><U112/><E112/><V50/><F50/><T121/><N who="0" m="31008" /><T46/><D62/><U56/><E41/><V70/><F70/><T127/><D127/><U95/><E51/><V128/><F85/><T100/><D129/><U122/><N who="1" m="31264" /><U52/><E77/><V92/><F75/><T80/><D100/><AGARI ba="0,0" hai="52,56,57,59,60,63,67,71,84,88,94,95,96,100" m="31264" machi="100" ten="30,7700,0" yaku="7,1,52,1,54,2" doraHai="35" who="1" fromWho="0" sc="216,-77,402,77,432,0,0,0" /><INIT seed="4,0,0,1,5,49" ten="139,479,432,0" oya="0" hai0="100,82,81,99,32,102,90,55,122,114,110,35,130" hai1="88,42,91,48,60,79,129,113,1,93,117,76,133" hai2="111,118,70,59,131,65,108,67,36,134,52,39,98" hai3=""/><T86/><N who="0" m="31264" /><T45/><D114/><U135/><E117/><V68/><F98/><T103/><D130/><U73/><E1/><V120/><N who="2" m="30752" /><V119/><F131/><T87/><D110/><U58/><E91/><V123/><N who="2" m="31520" /><V92/><F92/><T112/><D112/><U71/><E71/><V43/><F43/><T106/><D35/><U54/><E113/><V57/><REACH who="2" step="1"/><F52/><REACH who="2" ten="139,479,422,0" step="2"/><T69/><D69/><U105/><E129/><V51/><F51/><T64/><D64/><U94/><E94/><V44/><F44/><T37/><D32/><U53/><E42/><V80/><F80/><T125/><D125/><U85/><E53/><V83/><F83/><T109/><D109/><U46/><E54/><V72/><F72/><T34/><D34/><U40/><E40/><V95/><F95/><T75/><D75/><U121/><E73/><V2/><F2/><T66/><D66/><U107/><E121/><V47/><F47/><T126/><D126/><U116/><E46/><V127/><F127/><T124/><D124/><U132/><E48/><V38/><F38/><T56/><D45/><U50/><E50/><V0/><F0/><T115/><D37/><U33/><E33/><V41/><F41/><T104/><D115/><RYUUKYOKU ba="0,1" sc="139,-10,479,-10,422,20,0,0" hai2="36,39,57,59,65,67,68,70,108,111,118,119,134" /><INIT seed="5,1,1,0,5,37" ten="129,469,442,0" oya="1" hai0="92,88,128,95,71,106,125,41,87,64,43,38,52" hai1="105,40,100,85,65,135,101,132,78,120,49,133,104" hai2="119,124,110,96,113,86,72,80,70,98,122,123,59" hai3=""/><U84/><N who="1" m="30752" /><U116/><E116/><V47/><N who="2" m="31264" /><V107/><N who="2" m="31520" /><V58/><F119/><T34/><D106/><N who="1" m="41067" /><E65/><V118/><F118/><T2/><D125/><U73/><E49/><V55/><F124/><T129/><D34/><U91/><E40/><N who="0" m="15433" /><D38/><U42/><E42/><V57/><F70/><T126/><D71/><U53/><E53/><V32/><F32/><T115/><D126/><U75/><E85/><V56/><F72/><N who="1" m="27721" /><E78/><V61/><F86/><T0/><D64/><U62/><E62/><V36/><F61/><T111/><D2/><U83/><AGARI ba="1,1" hai="83,84,91,100,101,132,133,135" m="27721,41067,30752" machi="83" ten="40,8000,1" yaku="20,1,34,2,52,1" doraHai="37" who="1" fromWho="1" sc="129,-41,469,92,442,-41,0,0" /><INIT seed="5,2,0,3,1,89" ten="88,561,401,0" oya="1" hai0="93,71,85,46,49,74,37,117,3,90,56,32,115" hai1="105,103,33,1,34,73,107,48,88,98,99,106,100" hai2="39,123,125,109,44,75,108,52,38,64,95,76,121" hai3=""/><U45/><E1/><V116/><N who="2" m="31008" /><V127/><N who="2" m="31520" /><V82/><F116/><T54/><D117/><U70/><E70/><V119/><F119/><T97/><D115/><U51/><E73/><V84/><F64/><T68/><D32/><U2/><E2/><V135/><F135/><T118/><D118/><U65/><E65/><V96/><F75/><T47/><D74/><U131/><E131/><V69/><F69/><T50/><D68/><U132/><E132/><V0/><F0/><T126/><D126/><N who="2" m="48138" /><F52/><T129/><D129/><U124/><E124/><V113/><F113/><T122/><N who="0" m="31264" /><T102/><D3/><U94/><E33/><V110/><F44/><T53/><D71/><U60/><E45/><V92/><F92/><T67/><D67/><U77/><E94/><V55/><F55/><T78/><D78/><U72/><E77/><V42/><F42/><T114/><D114/><U128/><E34/><V58/><F58/><T101/><D56/><U61/><E72/><V36/><F36/><T133/><D133/><U79/><E128/><V57/><F57/><T112/><D112/><U130/><E130/><V81/><F81/><T104/><REACH who="0" step="1"/><D101/><AGARI ba="2,0" hai="38,39,76,82,84,95,96,101,108,109,110" m="48138,31520,31008" machi="101" ten="40,8000,1" yaku="18,1,52,3" doraHai="89" who="2" fromWho="0" sc="88,-84,561,0,401,84,0,0" /><INIT seed="6,0,0,1,3,118" ten="4,561,485,0" oya="2" hai0="72,38,99,37,111,46,73,39,108,132,32,110,130" hai1="134,94,89,51,53,122,77,68,133,85,78,70,102" hai2="101,2,36,112,98,3,44,131,84,65,86,96,124" hai3=""/><V91/><F131/><T52/><D130/><U127/><N who="1" m="31264" /><U58/><E102/><V40/><F124/><T81/><D132/><N who="1" m="50795" /><E127/><V62/><F112/><T123/><N who="0" m="31520" /><T60/><D99/><U105/><E105/><V76/><F76/><AGARI ba="0,0" hai="51,53,58,68,70,76,77,78,85,89,94" m="50795,31264" machi="76" ten="30,3900,0" yaku="20,1,52,2" doraHai="118" who="1" fromWho="2" sc="4,0,561,39,485,-39,0,0" owari="4,-60.0,600,55.0,446,5.0,0,0.0" /></mjloggm>