<mjloggm ver="2.3"><GO type="225" lobby="0"/><UN n0="%4B%61%42%45" n1="%E3%81%82%E3%81%9A%E3%81%8D%E3%81%82%E3%81%9A%E3%81%95" n2="%E9%BA%BB%E9%9B%80%E3%81%9F%E3%81%AE%E3%81%97" n3="%70%69%6E%70%69%6E%36" dan="16,16,16,16" rate="2146.38,2112.42,2139.97,2180.02" sx="F,M,F,M"/><TAIKYOKU oya="0"/><INIT seed="0,0,0,1,2,28" ten="250,250,250,250" oya="0" hai0="18,110,105,73,91,36,108,43,62,29,30,16,41" hai1="10,55,134,67,4,68,11,77,72,126,81,12,65" hai2="61,83,53,56,88,98,94,127,74,79,99,80,76" hai3="17,46,66,26,111,124,86,71,122,112,95,49,22"/><T2/><D2/><BYE who="0" /><U13/><E134/><V58/><F127/><W60/><G112/><T23/><D23/><U135/><E135/><V131/><F131/><W115/><G124/><T118/><D118/><U1/><E68/><UN n0="%4B%61%42%45" /><V103/><F58/><W90/><G115/><T87/><D73/><U7/><E126/><V116/><F116/><W44/><G111/><N who="0" m="42539" /><D105/><U48/><REACH who="1" step="1"/><E1/><REACH who="1" ten="250,240,250,250" step="2"/><V33/><F33/><W42/><G122/><T96/><D62/><U84/><E84/><V132/><F132/><W104/><G104/><T0/><D96/><U125/><E125/><V3/><F3/><W92/><REACH who="3" step="1"/><G46/><AGARI ba="0,1" hai="4,7,10,11,12,13,46,48,55,65,67,72,77,81" machi="46" ten="30,3900,0" yaku="1,1,7,1,9,1,53,0" doraHai="28" doraHaiUra="24" who="1" fromWho="3" sc="250,0,240,49,250,0,250,-39" /><INIT seed="1,0,0,1,1,7" ten="250,289,250,211" oya="1" hai0="69,68,4,20,27,115,6,67,54,15,47,3,2" hai1="70,26,61,120,126,43,130,28,31,128,101,25,60" hai2="89,95,45,49,59,51,71,35,125,17,114,83,13" hai3="80,106,134,44,33,39,36,116,77,86,76,1,5"/><U97/><E120/><V30/><F71/><W107/><G134/><T10/><D115/><U98/><E43/><V100/><F114/><W64/><G33/><T90/><D90/><U46/><E46/><V124/><F95/><W109/><G109/><T127/><D127/><U91/><E126/><N who="2" m="48747" /><F30/><N who="1" m="11305" /><E91/><V24/><F35/><W12/><G1/><T9/><D15/><U38/><E38/><V99/><F24/><W82/><G64/><T48/><D67/><N who="1" m="41319" /><E61/><V53/><F89/><W117/><G106/><T57/><D47/><U118/><E118/><N who="3" m="45674" /><G44/><T92/><D92/><N who="1" m="58535" /><E98/><V132/><F83/><W29/><G29/><AGARI ba="0,0" hai="2,3,4,6,9,10,20,27,29,48,54,57,68,69" machi="29" ten="30,7700,0" yaku="7,1,9,1,52,2" doraHai="7" who="0" fromWho="3" sc="250,77,289,0,250,0,211,-77" /><INIT seed="2,0,0,0,2,71" ten="327,289,250,134" oya="2" hai0="76,33,37,118,72,45,103,113,68,74,100,69,90" hai1="8,63,29,54,92,122,40,114,83,99,25,50,111" hai2="131,82,19,16,75,64,31,28,15,56,130,32,86" hai3="51,55,120,107,35,46,14,79,52,94,48,10,30"/><V49/><F75/><W106/><G120/><T91/><D33/><U98/><E114/><V24/><F31/><W65/><G65/><T58/><D113/><U81/><E111/><V109/><F109/><W39/><G39/><T38/><D58/><U6/><E63/><V61/><F49/><W97/><G79/><T78/><D45/><U87/><E40/><V59/><F56/><W26/><G51/><T12/><REACH who="0" step="1"/><D12/><REACH who="0" ten="317,289,250,134" step="2"/><U4/><E122/><V125/><F125/><W80/><G80/><T89/><D89/><U53/><E81/><V7/><F7/><W102/><REACH who="3" step="1"/><G55/><REACH who="3" ten="317,289,250,124" step="2"/><T135/><D135/><U20/><E54/><V70/><F70/><W95/><G95/><T73/><D73/><U124/><E92/><V129/><F15/><W84/><G84/><T60/><D60/><U27/><E87/><V108/><F108/><W17/><AGARI ba="0,2" hai="10,14,17,26,30,35,46,48,52,94,97,102,106,107" machi="17" ten="20,5200,0" yaku="1,1,0,1,7,1,54,1,53,0" doraHai="71" doraHaiUra="77" who="3" fromWho="3" sc="317,-13,289,-13,250,-26,124,72" /><INIT seed="3,0,0,3,3,24" ten="304,276,224,196" oya="3" hai0="4,45,133,106,35,48,87,86,123,120,94,127,6" hai1="113,119,55,69,96,91,97,75,60,64,84,61,2" hai2="103,36,77,11,101,23,29,89,14,18,53,80,21" hai3="51,67,110,90,124,37,122,31,125,121,111,12,43"/><W34/><G37/><T42/><D106/><U131/><E113/><V50/><F36/><W27/><G67/><T81/><D35/><U93/><E75/><V28/><F77/><W49/><G90/><T62/><D133/><U5/><E131/><V72/><F72/><W98/><G98/><T38/><D38/><U118/><E118/><V135/><F135/><W52/><G12/><T57/><D127/><N who="3" m="48713" /><G43/><T58/><D120/><N who="3" m="46185" /><G52/><N who="0" m="34087" /><D123/><U26/><E55/><V104/><F104/><W25/><G25/><T82/><D58/><U33/><E26/><V32/><F32/><W47/><G47/><T22/><D94/><U66/><E96/><V68/><F68/><W59/><G59/><T134/><D134/><U0/><E93/><V117/><F117/><W130/><G130/><T116/><D116/><U15/><E64/><V70/><F70/><W65/><G65/><T40/><D40/><U107/><E66/><V54/><F89/><W88/><G88/><N who="0" m="51279" /><D22/><N who="2" m="8202" /><F80/><W63/><G63/><T99/><D99/><U83/><E97/><V78/><F78/><AGARI ba="0,0" hai="4,6,42,45,48,78,82,87" m="51279,34087" machi="78" ten="30,3900,0" yaku="8,1,54,2" doraHai="24" who="0" fromWho="2" sc="304,39,276,0,224,-39,196,0" owari="343,43.0,276,8.0,185,-31.0,196,-20.0" /></mjloggm>