<mjloggm ver="2.3"><GO type="225" lobby="0"/><UN n0="%E5%BD%97%E6%98%9F%E5%85%A5%E3%83%92%E3%82%B3" n1="%63%61%74%6D%65%56%47%43" n2="%E3%82%8F%E3%81%A3%E3%81%97%E3%82%87%E3%81%84%E5%90%9B%32%E5%8F%B7" n3="%E7%AB%8B%E8%8F%AF%E5%A5%8F" dan="16,16,16,16" rate="2106.04,2181.42,2170.54,2166.23" sx="M,M,M,F"/><TAIKYOKU oya="0"/><INIT seed="0,0,0,4,2,15" ten="250,250,250,250" oya="0" hai0="33,83,64,54,37,53,104,118,5,10,78,81,36" hai1="20,30,66,14,68,42,65,27,48,98,99,106,57" hai2="91,13,115,8,88,120,58,34,108,60,41,89,73" hai3="79,23,84,114,126,101,7,112,87,130,117,129,113"/><T74/><D118/><U43/><E68/><V71/><F115/><W119/><G7/><T80/><D104/><U125/><E125/><V44/><F120/><W50/><G23/><T97/><D33/><U1/><E1/><V25/><F71/><W100/><G50/><T93/><D64/><N who="1" m="24683" /><E106/><V59/><F73/><W29/><G29/><T6/><D74/><U61/><E14/><V105/><F105/><W49/><G49/><T12/><D5/><U77/><E77/><V28/><F108/><W107/><G107/><T26/><D26/><U135/><E135/><V2/><F2/><W39/><G39/><T62/><D78/><U95/><E48/><V4/><REACH who="2" step="1"/><F60/><REACH who="2" ten="250,250,240,250" step="2"/><W90/><G126/><T82/><N who="0" m="20480" /><DORA hai="72" /><T32/><D62/><U116/><E116/><V18/><F18/><W110/><G110/><T22/><D6/><U19/><E30/><V21/><F21/><W92/><G117/><T111/><D22/><U123/><E123/><V11/><F11/><W9/><G9/><T16/><D10/><U55/><E99/><V31/><F31/><W52/><G119/><T102/><D111/><U124/><E124/><V85/><F85/><W109/><G109/><T45/><D32/><U69/><E69/><V0/><F0/><W38/><G113/><T63/><D63/><U127/><E127/><V131/><F131/><W94/><G114/><T76/><D16/><U17/><E19/><V121/><F121/><W132/><G112/><T122/><D122/><U47/><E47/><V70/><F70/><W51/><G129/><T96/><D45/><U46/><E46/><RYUUKYOKU ba="0,1" sc="250,-15,250,15,240,15,250,-15" hai1="17,20,27,42,43,55,57,61,95,98" hai2="4,8,13,25,28,34,41,44,58,59,88,89,91" /><INIT seed="1,1,1,1,0,37" ten="235,265,255,235" oya="1" hai0="77,0,30,116,110,89,11,82,46,91,62,95,67" hai1="94,3,44,102,79,123,25,41,126,51,92,117,14" hai2="112,28,121,9,81,5,119,17,58,74,6,49,109" hai3="71,75,78,80,47,98,40,84,134,42,96,66,20"/><U60/><E123/><V122/><F119/><W127/><G127/><T53/><D116/><U135/><E117/><V73/><F109/><W68/><G134/><T103/><D30/><U50/><E3/><V32/><F112/><W107/><G75/><T114/><D114/><U54/><E126/><V108/><F108/><W55/><G107/><T120/><D110/><U29/><E135/><V1/><F6/><W115/><G115/><T45/><D120/><U27/><E79/><V87/><F74/><W8/><G8/><T83/><D77/><U72/><E72/><V22/><F73/><W48/><G66/><T132/><D132/><U15/><E60/><V24/><F58/><W39/><G71/><T69/><D103/><U99/><E94/><V118/><F49/><W130/><G68/><T65/><D65/><U128/><E128/><V104/><F104/><W52/><G130/><T101/><D101/><U113/><E113/><V64/><F64/><W100/><G100/><T105/><D105/><U61/><E61/><V129/><F129/><W23/><G55/><T131/><D131/><U13/><REACH who="1" step="1"/><E29/><REACH who="1" ten="235,255,255,235" step="2"/><V56/><F118/><W2/><G2/><T93/><D0/><U36/><E36/><V97/><F122/><W43/><G39/><T10/><D67/><U4/><E4/><V88/><F121/><W18/><G20/><T125/><D125/><U57/><AGARI ba="1,2" hai="13,14,15,25,27,41,44,50,51,54,57,92,99,102" machi="57" ten="30,11700,0" yaku="1,1,0,1,8,1,52,1,53,0" doraHai="37" doraHaiUra="124" who="1" fromWho="1" sc="235,-40,255,140,255,-40,235,-40" /><INIT seed="1,2,0,5,1,66" ten="195,395,215,195" oya="1" hai0="76,123,110,67,88,41,26,84,13,86,60,107,53" hai1="54,126,32,89,20,92,6,128,75,44,69,113,85" hai2="28,22,68,82,12,70,132,7,57,30,61,131,74" hai3="135,18,14,62,64,27,102,129,111,71,95,99,122"/><U78/><E113/><V116/><F116/><W21/><G122/><T72/><D123/><U127/><E32/><V134/><F131/><W65/><G129/><T38/><D107/><U124/><E128/><V73/><F7/><W34/><G135/><N who="2" m="51753" /><F12/><W42/><G111/><T112/><D112/><U49/><E6/><V93/><F93/><W15/><G42/><T8/><D110/><U46/><E20/><V98/><F98/><W39/><G39/><T87/><D26/><U121/><E121/><V58/><F58/><W125/><G125/><T130/><D130/><U52/><E75/><N who="2" m="28683" /><F82/><W77/><G77/><T36/><D72/><U90/><E78/><V118/><F118/><W120/><G120/><T106/><D106/><U9/><E9/><V108/><F108/><W10/><G34/><T91/><D76/><U17/><E17/><V81/><F81/><W101/><G101/><T24/><D24/><U105/><E105/><V2/><F2/><W94/><G94/><T43/><D13/><U119/><E119/><V19/><F19/><W80/><G80/><T25/><D25/><U0/><E0/><V51/><F51/><W35/><G35/><T63/><D8/><U37/><E37/><V96/><F96/><W29/><G14/><T45/><D86/><U23/><E126/><V31/><F22/><W109/><G109/><T114/><D114/><U3/><E92/><V48/><F48/><W47/><G47/><T83/><D83/><U117/><E49/><V56/><F56/><W115/><G115/><T40/><D45/><N who="1" m="17515" /><E117/><V100/><F100/><W5/><G5/><RYUUKYOKU ba="2,0" sc="195,-15,395,-15,215,15,195,15" hai2="28,30,31,57,61,68,70" hai3="10,15,18,21,27,29,62,64,65,71,95,99,102" /><INIT seed="2,3,0,5,4,97" ten="180,380,230,210" oya="2" hai0="122,52,3,44,123,18,133,70,5,41,78,13,48" hai1="93,110,113,74,37,36,68,39,30,21,29,112,99" hai2="47,24,84,124,62,32,65,129,134,83,64,117,111" hai3="46,95,87,120,107,34,45,35,72,33,94,128,80"/><V106/><F117/><W55/><G120/><T1/><D133/><U104/><E74/><V4/><F134/><W9/><G107/><T115/><D115/><U102/><E68/><V28/><F124/><W23/><G72/><T7/><D70/><U43/><E43/><V130/><F4/><W85/><G128/><N who="2" m="49257" /><F106/><W119/><G119/><T105/><D105/><U56/><E110/><V98/><F111/><W81/><G23/><T20/><D78/><U103/><E56/><V40/><F98/><W71/><G9/><T101/><D101/><U49/><E37/><N who="2" m="21903" /><F62/><W51/><G71/><T15/><D41/><U132/><E99/><V59/><F59/><W10/><G10/><T54/><D54/><U53/><E104/><V118/><F118/><W100/><G33/><T96/><D96/><U90/><E53/><V89/><AGARI ba="3,0" hai="24,28,32,64,65,83,84,89" m="21903,49257" machi="89" ten="30,1500,0" yaku="19,1" doraHai="97" who="2" fromWho="2" sc="180,-8,380,-8,230,24,210,-8" /><INIT seed="2,4,0,4,5,10" ten="172,372,254,202" oya="2" hai0="117,131,5,51,85,54,7,67,23,70,69,64,121" hai1="90,46,126,28,109,100,98,89,1,124,35,110,9" hai2="125,112,81,68,76,108,2,93,78,129,111,88,118" hai3="61,32,36,29,74,58,127,16,65,18,95,39,59"/><V97/><F118/><W3/><G74/><T83/><D121/><U26/><E46/><V30/><F112/><W57/><G127/><N who="1" m="48682" /><E1/><V115/><F125/><W103/><G3/><T96/><D117/><U27/><E27/><V22/><F115/><W62/><G32/><T43/><D43/><U84/><E9/><V0/><F68/><W114/><G29/><T55/><D131/><U37/><E37/><V73/><F129/><W102/><G114/><T8/><D23/><U82/><E89/><V34/><F34/><W24/><G24/><T49/><D96/><U86/><E86/><V48/><F76/><W92/><G58/><T106/><D106/><AGARI ba="4,0" hai="26,28,35,82,84,90,98,100,106,109,110" m="48682" machi="106" ten="30,1000,0" yaku="18,1" doraHai="10" who="1" fromWho="0" sc="172,-22,372,22,254,0,202,0" /><INIT seed="3,0,0,1,3,7" ten="150,394,254,202" oya="3" hai0="18,66,17,120,46,113,78,129,47,106,93,44,104" hai1="26,101,21,121,119,51,59,83,4,52,63,56,124" hai2="67,38,109,5,125,15,132,40,96,117,95,133,86" hai3="25,107,24,3,57,10,35,128,14,64,65,99,118"/><W92/><G107/><T91/><D120/><U71/><E121/><V50/><F117/><W77/><G3/><T16/><D129/><U12/><E71/><V85/><F38/><W6/><G128/><T62/><D78/><U42/><E124/><V55/><F40/><W134/><G118/><T60/><D113/><U23/><E101/><V87/><F67/><N who="3" m="25675" /><G35/><T75/><D75/><U90/><E42/><V74/><F74/><W76/><G57/><T94/><D66/><N who="1" m="39271" /><E119/><V126/><F109/><W39/><G39/><T43/><D43/><U31/><E83/><V105/><F105/><N who="0" m="40554" /><D91/><U53/><E53/><V8/><F125/><W41/><G41/><T1/><D1/><U123/><E90/><V45/><F126/><W33/><G33/><T32/><D32/><U127/><E123/><V73/><F73/><W115/><G115/><T27/><D27/><N who="3" m="10313" /><G134/><T72/><D72/><U13/><E127/><V79/><F133/><W82/><G82/><T36/><D36/><U34/><E34/><V28/><F132/><W20/><G20/><T22/><D22/><U29/><E23/><V49/><F55/><W103/><AGARI ba="0,0" hai="6,10,14,76,77,92,99,103" m="10313,25675" machi="103" ten="30,3000,0" yaku="8,1,52,1" doraHai="7" who="3" fromWho="3" sc="150,-10,394,-10,254,-10,202,30" /><INIT seed="3,1,0,0,1,46" ten="140,384,244,232" oya="3" hai0="49,115,51,70,77,113,126,20,18,5,93,3,118" hai1="130,104,132,45,30,42,116,83,11,24,58,86,37" hai2="123,112,47,119,99,121,94,12,76,61,90,10,4" hai3="111,40,87,64,127,7,108,6,134,55,13,98,114"/><W19/><G114/><N who="0" m="43531" /><D118/><U60/><E104/><V28/><F112/><W0/><G0/><T26/><D70/><U88/><E130/><V73/><F119/><W79/><G127/><T52/><D77/><U129/><E132/><V29/><F61/><W57/><G134/><T9/><D126/><U68/><E129/><V50/><F76/><W106/><G64/><T102/><D102/><U69/><E11/><V122/><F73/><W63/><G40/><AGARI ba="1,0" hai="4,10,12,28,29,40,47,50,90,94,99,121,122,123" machi="40" ten="40,2600,0" yaku="13,1,52,1" doraHai="46" who="2" fromWho="3" sc="140,0,384,0,244,29,232,-29" owari="140,-36.0,384,49.0,273,7.0,203,-20.0" /></mjloggm>