<mjloggm ver="2.3"><GO type="169" lobby="0"/><UN n0="%67%73%6B%67%33" n1="%E3%83%AB%E3%82%A2%E3%82%B4%E3%82%A4%E3%83%95" n2="%73%61%6E%64%69%72%69%73" n3="%E3%82%8A%E3%82%86%E3%83%BC" dan="16,17,17,18" rate="2140.18,2074.78,2226.40,2258.63" sx="M,M,M,M"/><TAIKYOKU oya="0"/><INIT seed="0,0,0,4,2,30" ten="250,250,250,250" oya="0" hai0="105,125,58,132,5,27,101,124,28,111,51,126,67" hai1="8,130,116,89,63,1,52,80,90,55,45,60,47" hai2="15,43,127,68,123,44,114,6,93,72,9,99,96" hai3="74,135,110,103,82,131,107,77,108,117,3,22,59"/><T18/><D132/><U70/><E116/><V100/><F114/><W66/><G117/><T25/><D5/><U113/><E130/><V53/><F123/><W85/><G3/><T104/><D111/><N who="3" m="42537" /><G22/><N who="0" m="13527" /><D101/><U81/><E8/><V83/><F127/><W32/><G32/><N who="0" m="20511" /><D67/><U41/><E1/><V14/><F68/><W121/><G121/><T62/><D62/><U61/><E61/><V21/><F53/><AGARI ba="0,0" hai="51,53,58,104,105,124,125,126" m="20511,13527" machi="53" ten="30,2900,0" yaku="18,1,52,1" doraHai="30" who="0" fromWho="2" sc="250,29,250,0,250,-29,250,0" /><INIT seed="0,1,0,4,5,93" ten="279,250,221,250" oya="0" hai0="126,25,30,100,94,28,19,83,80,57,75,54,71" hai1="91,0,35,34,46,40,112,131,70,121,106,18,78" hai2="56,125,72,111,8,58,32,14,105,21,115,97,96" hai3="113,110,135,7,51,3,50,117,26,134,36,85,88"/><T49/><D71/><U6/><E121/><V119/><F115/><W82/><G113/><T27/><D126/><U123/><E112/><V61/><F72/><W24/><G110/><T102/><D19/><U76/><E123/><V37/><F32/><W124/><G36/><T84/><D75/><U114/><E114/><V66/><F37/><W86/><G124/><T101/><D94/><U133/><E18/><V11/><F125/><W65/><G65/><T92/><D92/><U87/><E106/><V1/><F111/><W99/><G3/><T67/><D67/><U64/><E131/><V120/><F120/><W128/><G7/><T62/><D49/><N who="3" m="18441" /><G117/><T127/><D127/><U13/><E0/><V16/><F119/><W33/><G33/><T39/><D39/><U95/><E133/><N who="3" m="50698" /><G86/><T10/><D10/><N who="2" m="3626" /><F1/><W22/><G128/><T89/><REACH who="0" step="1"/><D83/><REACH who="0" ten="269,250,221,250" step="2"/><N who="1" m="49663" /><E64/><N who="2" m="38951" /><F105/><W98/><G26/><AGARI ba="1,1" hai="25,26,27,28,30,54,57,62,80,84,89,100,101,102" machi="26" ten="40,7700,0" yaku="1,1,8,1,53,1" doraHai="93" doraHaiUra="48" who="0" fromWho="3" sc="269,90,250,0,221,0,250,-80" /><INIT seed="0,2,0,5,5,99" ten="359,250,221,170" oya="0" hai0="3,20,120,63,47,77,79,97,113,82,7,104,107" hai1="90,2,22,130,28,52,30,106,127,81,41,17,21" hai2="100,67,102,50,15,35,135,27,124,39,55,131,54" hai3="85,36,40,125,112,48,83,71,66,44,12,134,14"/><T49/><D113/><U93/><E106/><V57/><F39/><W5/><G112/><T68/><D120/><U98/><E130/><V118/><F135/><W103/><G134/><T84/><D77/><U60/><E127/><V128/><F124/><W92/><G125/><T111/><D111/><U70/><E2/><V119/><F67/><W34/><G34/><T19/><D7/><U126/><E126/><V88/><F15/><W25/><G25/><T96/><D3/><U8/><E41/><V56/><F27/><W43/><G71/><T6/><D6/><U114/><E81/><V123/><F35/><W109/><G66/><T86/><D86/><U129/><E129/><N who="2" m="49739" /><F88/><N who="3" m="51263" /><G36/><T101/><D68/><U89/><E89/><V132/><F123/><W108/><G40/><T13/><D63/><U95/><E70/><V45/><F45/><W10/><G10/><T59/><D59/><N who="1" m="34919" /><E8/><V78/><F78/><W65/><G65/><T64/><D64/><U58/><E22/><V121/><F132/><W32/><G32/><T26/><D26/><N who="1" m="14639" /><E58/><V51/><F121/><W33/><G33/><T116/><D116/><AGARI ba="2,0" hai="50,51,54,55,56,57,100,102,116,118,119" m="49739" machi="116" ten="30,7700,0" yaku="12,1,19,1,52,2" doraHai="99" who="2" fromWho="0" sc="359,-83,250,0,221,83,170,0" /><INIT seed="1,0,0,2,3,84" ten="276,250,304,170" oya="1" hai0="95,42,32,5,82,64,108,73,36,61,23,46,120" hai1="45,10,62,39,110,44,41,4,80,51,65,99,48" hai2="130,70,90,2,18,9,103,115,112,101,57,28,107" hai3="27,17,6,66,35,3,1,40,15,38,98,31,33"/><U63/><E110/><V49/><F70/><W114/><G66/><T16/><D32/><U121/><E121/><V104/><F130/><W25/><G114/><N who="2" m="43561" /><F28/><W55/><G55/><T34/><D34/><U50/><E99/><V97/><F49/><N who="1" m="19049" /><E80/><V20/><F57/><W14/><G98/><T91/><D108/><U52/><E4/><N who="2" m="1175" /><F90/><W86/><G86/><T102/><D120/><U19/><E19/><V24/><F103/><W126/><G38/><T72/><D5/><U135/><E10/><V117/><F117/><W106/><G106/><AGARI ba="0,0" hai="18,20,24,97,101,104,106,107" m="1175,43561" machi="106" ten="30,1000,0" yaku="11,1" doraHai="84" who="2" fromWho="3" sc="276,0,250,0,304,10,170,-10" /><INIT seed="2,0,0,2,4,122" ten="276,250,314,160" oya="2" hai0="2,26,132,112,34,68,10,24,59,94,106,119,51" hai1="31,56,25,28,8,65,89,74,116,113,15,66,117" hai2="36,130,97,123,78,4,102,39,23,32,75,86,70" hai3="50,61,71,7,135,22,35,37,77,87,91,107,42"/><V93/><F123/><W114/><G35/><T13/><D106/><U83/><E113/><V29/><F130/><W11/><G114/><T5/><D68/><U115/><E115/><V96/><F32/><W20/><G135/><T133/><D112/><U45/><E28/><V103/><F70/><W92/><G37/><T60/><D119/><U40/><E74/><V79/><F4/><W49/><G107/><T19/><D51/><U120/><E120/><V118/><F118/><W124/><G124/><T105/><D105/><U84/><E56/><V111/><F75/><W17/><G77/><T44/><D44/><U64/><E31/><V52/><F23/><W41/><G22/><N who="0" m="11631" /><D94/><U134/><E134/><N who="0" m="51817" /><D34/><U54/><E116/><V131/><F86/><W108/><G49/><T62/><D62/><U63/><E63/><V72/><F72/><W85/><G85/><T90/><D90/><U53/><E117/><V57/><F93/><W82/><G92/><T110/><D110/><U47/><E47/><V14/><F111/><W69/><G108/><T30/><D30/><U21/><E45/><V1/><F29/><W98/><G50/><T129/><D129/><U18/><E40/><N who="3" m="15466" /><G61/><T125/><D125/><U109/><E109/><V95/><F131/><W67/><G71/><T76/><D76/><U33/><REACH who="1" step="1"/><E33/><REACH who="1" ten="276,240,314,160" step="2"/><V128/><F128/><W99/><G69/><T80/><D60/><U46/><E46/><V3/><F39/><W81/><G67/><T0/><D59/><U6/><AGARI ba="0,1" hai="6,8,15,18,21,25,53,54,64,65,66,83,84,89" machi="6" ten="30,7900,0" yaku="1,1,0,1,8,1,53,1" doraHai="122" doraHaiUra="16" who="1" fromWho="1" sc="276,-20,240,89,314,-39,160,-20" /><INIT seed="3,0,0,4,0,112" ten="256,329,275,140" oya="3" hai0="110,32,131,125,100,67,9,59,130,5,76,37,50" hai1="27,95,122,78,57,133,41,121,85,25,8,24,103" hai2="65,126,30,19,61,36,20,81,58,13,46,98,134" hai3="1,7,69,80,127,120,15,33,18,77,102,89,115"/><W64/><G115/><T31/><D37/><U128/><E128/><N who="0" m="49193" /><D110/><U54/><E133/><V49/><F126/><W93/><G120/><T119/><D125/><U105/><E41/><V92/><F134/><W53/><G127/><T113/><D113/><U101/><E105/><V29/><F36/><W68/><G64/><T132/><D132/><U43/><E43/><V51/><F81/><W44/><G33/><T42/><D100/><U109/><E109/><V74/><F74/><W21/><G102/><T108/><D108/><U62/><E121/><V60/><F60/><W3/><G44/><N who="0" m="25879" /><D76/><U97/><E122/><V4/><F4/><W75/><G53/><T28/><D32/><U40/><E40/><N who="2" m="24775" /><F51/><W22/><G22/><T0/><D119/><U94/><E101/><AGARI ba="0,0" hai="13,19,20,29,30,58,61,65,92,98,101" m="24775" machi="101" ten="30,1000,0" yaku="8,1" doraHai="112" who="2" fromWho="1" sc="256,0,329,-10,275,10,140,0" /><INIT seed="4,0,0,1,3,109" ten="256,319,285,140" oya="0" hai0="68,9,99,25,64,76,4,115,90,8,132,78,84" hai1="11,40,122,32,123,80,35,73,24,116,31,93,43" hai2="18,88,50,86,12,105,59,48,38,20,94,83,125" hai3="13,96,61,44,77,41,52,101,112,19,37,36,51"/><T75/><D75/><U26/><E116/><V58/><F125/><W104/><G77/><T10/><D4/><U110/><E110/><V131/><F131/><W60/><G37/><T65/><D132/><U127/><E127/><V63/><F105/><W28/><G28/><T5/><D5/><U106/><E106/><V120/><F38/><W124/><G124/><T57/><D68/><U82/><E93/><V92/><F120/><W14/><G14/><T100/><D25/><U72/><REACH who="1" step="1"/><E11/><REACH who="1" ten="256,309,285,140" step="2"/><V42/><F94/><W107/><G104/><T97/><D9/><U16/><E16/><V27/><F92/><W45/><REACH who="3" step="1"/><G112/><REACH who="3" ten="256,309,285,130" step="2"/><T71/><D115/><U55/><E55/><V126/><F126/><W79/><G79/><T69/><D78/><U103/><E103/><V21/><F42/><W108/><G108/><T6/><D76/><U2/><E2/><V135/><F135/><W87/><G87/><T46/><D84/><U70/><E70/><V113/><F113/><W114/><G114/><T47/><D100/><U121/><E121/><V0/><F0/><W133/><G133/><T98/><D69/><U128/><E128/><V111/><F111/><W89/><G89/><T134/><D90/><U129/><E129/><V54/><F59/><W117/><G117/><T39/><D134/><U23/><E23/><AGARI ba="0,2" hai="13,19,23,36,41,44,45,51,52,60,61,96,101,107" machi="23" ten="30,3900,0" yaku="1,1,7,1,54,1,53,0" doraHai="109" doraHaiUra="53" who="3" fromWho="1" sc="256,0,309,-39,285,0,130,59" /><INIT seed="5,0,0,4,4,110" ten="256,270,285,189" oya="1" hai0="130,70,52,128,106,102,21,100,73,26,55,17,131" hai1="63,129,89,95,18,58,116,104,62,92,71,120,7" hai2="36,59,126,96,78,49,85,33,27,123,113,20,42" hai3="12,101,60,50,28,98,37,65,69,4,54,122,87"/><U112/><E116/><V24/><F123/><W41/><G122/><T76/><D70/><U61/><E120/><V109/><F109/><W39/><G87/><T90/><D90/><U43/><E104/><V56/><F36/><W79/><G79/><T2/><D2/><U108/><E108/><V5/><F33/><W105/><G41/><T127/><D127/><U47/><E129/><V107/><F5/><W111/><G111/><T35/><D35/><U86/><E7/><V72/><F72/><W30/><G30/><T22/><D22/><U64/><E18/><V3/><F3/><W83/><G83/><N who="0" m="45455" /><D106/><U15/><E15/><V8/><F8/><W84/><G84/><T114/><D114/><U29/><E29/><V125/><F96/><W6/><G6/><T34/><D34/><U66/><E112/><V44/><F113/><W32/><G12/><T81/><D81/><U11/><E11/><V23/><F107/><W124/><G4/><T40/><D40/><U93/><REACH who="1" step="1"/><E62/><REACH who="1" ten="256,260,285,189" step="2"/><V31/><F126/><W67/><G124/><T16/><D17/><U48/><AGARI ba="0,1" hai="43,47,48,58,61,63,64,66,71,86,89,92,93,95" machi="48" ten="20,7800,0" yaku="1,1,2,1,0,1,7,1,53,0" doraHai="110" doraHaiUra="99" who="1" fromWho="1" sc="256,-26,260,88,285,-26,189,-26" /><INIT seed="5,1,0,0,3,12" ten="230,348,259,163" oya="1" hai0="58,31,94,39,2,3,17,77,15,44,47,133,71" hai1="99,55,122,113,41,49,134,86,32,84,30,73,10" hai2="28,95,21,131,66,118,72,8,119,89,14,54,124" hai3="102,104,82,130,75,74,101,26,85,35,36,121,1"/><U52/><E122/><V76/><F131/><W56/><G121/><T23/><D71/><U42/><E73/><V115/><F124/><W65/><G36/><T29/><D133/><U67/><E134/><V13/><F115/><W127/><G130/><T50/><D77/><U9/><E113/><V132/><F66/><W16/><G1/><T90/><D2/><U69/><E99/><V4/><F132/><W128/><G128/><T83/><D83/><U38/><E30/><N who="0" m="11273" /><D3/><U93/><E93/><V60/><F76/><W81/><G127/><T70/><D70/><U22/><E22/><V68/><F72/><W97/><G102/><T91/><D39/><U0/><E0/><V116/><F68/><W98/><G98/><N who="0" m="57687" /><D91/><U64/><E69/><V92/><F89/><W78/><G35/><T5/><D5/><U57/><E38/><V34/><F34/><W109/><G109/><T61/><D50/><U11/><E32/><V107/><F107/><W88/><G75/><T80/><D80/><U135/><E135/><V7/><F7/><W62/><REACH who="3" step="1"/><G26/><REACH who="3" ten="230,348,259,153" step="2"/><T59/><D59/><N who="1" m="33167" /><E84/><V110/><F110/><W48/><G48/><T6/><D6/><U117/><E86/><V106/><F4/><W129/><G129/><T123/><D123/><U40/><E117/><V46/><F119/><W33/><G33/><T114/><D114/><U63/><AGARI ba="1,1" hai="9,10,11,40,41,42,55,57,63,64,67" m="33167" machi="63" ten="30,3000,0" yaku="8,1,54,1" doraHai="12" who="1" fromWho="1" sc="230,-11,348,43,259,-11,153,-11" /><INIT seed="5,2,0,4,4,61" ten="219,391,248,142" oya="1" hai0="43,24,48,8,4,70,76,0,22,123,93,12,69" hai1="36,81,94,14,80,132,83,119,20,31,42,15,18" hai2="26,55,97,2,10,35,96,57,77,64,82,71,99" hai3="95,28,73,32,34,85,115,134,117,38,19,25,84"/><U56/><E119/><V107/><F107/><W130/><G117/><T16/><D123/><U88/><E132/><V75/><F35/><W27/><G73/><T127/><D127/><U33/><E33/><V120/><F120/><W11/><G134/><T66/><D76/><U13/><E31/><V110/><F110/><W90/><G130/><T129/><D129/><U53/><E42/><V23/><F2/><W3/><G115/><T39/><D39/><U74/><E36/><V133/><F10/><W121/><G121/><T67/><D70/><U92/><E92/><V7/><F7/><W125/><G125/><T122/><D122/><U65/><E65/><N who="0" m="24585" /><D69/><U51/><E74/><V52/><F71/><W89/><G38/><T102/><D0/><U78/><E78/><V59/><F133/><W29/><G3/><T44/><D93/><U9/><E9/><V72/><F72/><W41/><G41/><T118/><D118/><U47/><E47/><V98/><N who="2" m="24576" /><DORA hai="131" /><V103/><F103/><AGARI ba="2,0" hai="4,8,12,16,22,24,43,44,48,102,103" m="24585" machi="103" ten="30,8000,1" yaku="8,1,52,3,54,1" doraHai="61,131" who="0" fromWho="2" sc="219,86,391,0,248,-86,142,0" /><INIT seed="6,0,0,5,0,112" ten="305,391,162,142" oya="2" hai0="63,14,88,40,72,22,111,126,86,69,109,19,49" hai1="116,89,60,55,23,16,94,104,34,0,75,101,84" hai2="85,27,6,3,110,124,12,10,90,48,46,99,117" hai3="8,4,57,29,24,81,92,64,25,45,18,41,32"/><V58/><F117/><W128/><G128/><T108/><D72/><U73/><E116/><V97/><F124/><W77/><G92/><T54/><D126/><U39/><E34/><V59/><F110/><W67/><G57/><T28/><D40/><U21/><E39/><V120/><F120/><W38/><G18/><T68/><D28/><U51/><E0/><V80/><F3/><W132/><G24/><T37/><D37/><U119/><E119/><V131/><F131/><W20/><G32/><T113/><D113/><U78/><E60/><V135/><F135/><W1/><REACH who="3" step="1"/><G132/><REACH who="3" ten="305,391,162,132" step="2"/><T82/><REACH who="0" step="1"/><D63/><REACH who="0" ten="295,391,162,132" step="2"/><U30/><E30/><V70/><F70/><W15/><G15/><T105/><D105/><U114/><E104/><V121/><F121/><W35/><G35/><T91/><D91/><U33/><E89/><V44/><F27/><W43/><G43/><T79/><D79/><U2/><E78/><V76/><F76/><W95/><G95/><T133/><D133/><U98/><E33/><V42/><F46/><AGARI ba="0,2" hai="14,19,22,46,49,54,68,69,82,86,88,108,109,111" machi="46" ten="40,2600,0" yaku="1,1,54,1,53,0" doraHai="112" doraHaiUra="53" who="0" fromWho="2" sc="295,46,391,0,162,-26,132,0" /><INIT seed="7,0,0,1,4,29" ten="341,391,136,132" oya="3" hai0="47,88,121,130,61,65,56,52,30,133,76,4,80" hai1="10,83,37,35,49,132,86,18,36,135,124,92,123" hai2="44,77,11,107,104,75,110,103,87,112,0,118,15" hai3="116,97,114,62,119,93,31,106,48,21,94,69,59"/><W115/><G69/><T42/><D121/><U58/><E35/><V63/><F110/><W99/><G48/><N who="0" m="26743" /><D130/><U5/><E123/><V82/><F118/><W129/><G31/><T1/><D1/><U28/><E18/><V57/><F112/><N who="3" m="43051" /><G21/><T126/><D126/><U17/><E28/><V9/><F75/><W26/><G26/><T7/><D133/><N who="1" m="51275" /><E92/><N who="3" m="35434" /><G129/><T134/><D76/><N who="1" m="46439" /><E17/><V125/><F125/><W81/><G81/><T2/><D2/><N who="1" m="311" /><E124/><V105/><F0/><W13/><G13/><T54/><D30/><U71/><E71/><V96/><F15/><W98/><G106/><T72/><D134/><U84/><E84/><V16/><F107/><W23/><G23/><T95/><D80/><U51/><E58/><V131/><F131/><W66/><AGARI ba="0,0" hai="59,62,66,97,98,99,116,119" m="35434,43051" machi="66" ten="40,2100,0" yaku="15,1" doraHai="29" who="3" fromWho="3" sc="341,-7,391,-7,136,-7,132,21" /><INIT seed="7,1,0,1,0,3" ten="334,384,129,153" oya="3" hai0="43,106,9,26,21,49,96,80,71,82,92,69,74" hai1="37,19,117,121,30,119,131,48,83,31,122,78,35" hai2="98,47,104,89,84,59,15,114,77,115,63,61,52" hai3="18,45,17,36,6,8,34,12,67,120,91,127,50"/><W23/><G120/><N who="1" m="46186" /><E37/><V57/><F47/><W33/><G127/><T116/><D106/><U88/><E35/><V79/><F15/><W129/><G129/><T46/><D116/><N who="1" m="44619" /><E131/><V64/><F98/><W65/><G36/><T25/><D74/><N who="1" m="43479" /><E88/><V112/><F104/><W135/><G34/><T95/><D71/><U72/><E72/><V85/><F85/><W55/><G33/><T40/><D69/><U1/><E1/><V87/><F87/><W128/><G128/><T130/><D130/><U58/><E19/><V66/><F66/><W70/><G70/><T32/><D32/><U10/><E10/><V42/><F42/><W90/><G18/><T13/><D43/><U99/><E99/><V107/><F107/><W29/><G29/><T118/><D118/><U101/><E101/><V0/><F0/><W53/><G67/><T60/><D60/><U11/><E11/><V39/><F39/><W123/><G65/><T132/><D132/><U110/><E110/><V7/><F7/><W73/><G135/><T2/><D2/><U93/><E93/><AGARI ba="1,0" hai="52,57,59,61,63,64,77,79,84,89,93,112,114,115" machi="93" ten="40,2600,0" yaku="15,1,54,1" doraHai="3" who="2" fromWho="1" sc="334,0,384,-29,129,29,153,0" owari="334,13.0,355,46.0,158,-24.0,153,-35.0" /></mjloggm>