<mjloggm ver="2.3"><GO type="225" lobby="0"/><UN n0="%E5%BD%97%E6%98%9F%E5%85%A5%E3%83%92%E3%82%B3" n1="%E9%81%85%E5%88%BB%E3%81%AE%E3%83%97%E3%83%AA%E3%83%B3%E3%82%B9%E2%99%AA" n2="%6B%79%6F%6E%6B%6F%31%31" n3="%E8%8F%B1%E5%B7%9D%E6%85%8E%E5%90%BE" dan="16,16,17,16" rate="2092.81,2133.87,2204.16,2125.01" sx="M,F,M,M"/><TAIKYOKU oya="0"/><INIT seed="0,0,0,2,5,98" ten="250,250,250,250" oya="0" hai0="21,112,17,127,14,78,117,116,20,84,77,0,8" hai1="75,53,56,103,51,113,40,6,34,132,81,100,88" hai2="72,96,59,121,57,41,43,38,115,45,60,69,79" hai3="7,119,27,42,3,25,85,73,49,11,44,9,89"/><T129/><D129/><U48/><BYE who="0" /><E34/><UN n0="%E5%BD%97%E6%98%9F%E5%85%A5%E3%83%92%E3%82%B3" /><V58/><F121/><W4/><G119/><T118/><D112/><U105/><E113/><V134/><F115/><W13/><REACH who="3" step="1"/><G73/><REACH who="3" ten="250,250,250,240" step="2"/><T102/><D127/><U22/><E75/><V12/><F72/><W111/><G111/><T47/><D84/><N who="1" m="50191" /><E132/><V67/><F134/><W50/><G50/><T133/><D133/><U46/><E105/><V26/><F38/><W106/><G106/><T101/><D47/><N who="1" m="25703" /><E6/><V87/><F45/><W55/><G55/><T114/><D114/><U19/><E46/><V5/><F41/><W86/><G86/><T125/><D125/><U37/><E37/><V16/><F87/><W31/><G31/><T28/><D28/><U1/><E1/><V122/><F43/><W128/><G128/><T70/><D0/><U130/><E130/><V94/><F5/><W124/><G124/><T107/><D107/><U90/><E90/><V76/><F122/><W61/><G61/><T71/><D78/><U65/><E65/><V29/><F76/><W131/><G131/><T82/><D77/><U39/><E39/><V54/><F79/><W95/><AGARI ba="0,1" hai="3,4,7,9,11,13,25,27,42,44,49,85,89,95" machi="95" ten="20,2700,0" yaku="1,1,0,1,7,1,53,0" doraHai="98" doraHaiUra="99" who="3" fromWho="3" sc="250,-13,250,-7,250,-7,240,37" /><INIT seed="1,0,0,0,0,18" ten="237,243,243,277" oya="1" hai0="131,107,33,55,111,93,96,95,31,101,114,29,25" hai1="28,14,59,85,110,68,124,17,128,89,129,115,104" hai2="90,132,92,47,6,66,53,77,61,130,10,112,60" hai3="37,102,7,86,27,118,26,15,117,99,48,19,49"/><U41/><BYE who="3" /><E115/><UN n3="%E8%8F%B1%E5%B7%9D%E6%85%8E%E5%90%BE" /><V38/><F112/><W54/><G37/><T62/><D114/><U40/><E68/><V133/><F130/><N who="1" m="50281" /><E124/><V122/><F122/><W76/><G7/><T119/><D119/><N who="3" m="45577" /><G86/><T98/><D131/><U43/><E104/><V120/><F120/><W91/><G91/><T21/><D111/><U75/><E75/><V87/><F77/><W65/><G65/><T103/><D33/><U71/><E71/><V134/><F66/><W22/><G76/><T30/><D107/><U35/><E110/><V79/><F79/><W78/><G78/><T50/><REACH who="0" step="1"/><D62/><REACH who="0" ten="227,243,243,277" step="2"/><U109/><E109/><V11/><F60/><W83/><G83/><T13/><D13/><U23/><E35/><V24/><F61/><W45/><G49/><T97/><D97/><U125/><E125/><V32/><F38/><W2/><G2/><T123/><D123/><U84/><E28/><N who="2" m="19463" /><F6/><W135/><G135/><T113/><D113/><U44/><E59/><AGARI ba="0,1" hai="21,25,29,30,31,50,55,59,93,95,96,98,101,103" machi="59" ten="30,8000,1" yaku="1,1,7,1,9,1,8,1,52,1,53,0" doraHai="18" doraHaiUra="42" who="0" fromWho="1" sc="227,90,243,-80,243,0,277,0" /><INIT seed="2,0,0,4,4,6" ten="317,163,243,277" oya="2" hai0="24,19,58,52,93,5,50,101,56,87,1,135,28" hai1="32,14,42,69,118,11,55,83,34,79,129,7,43" hai2="128,21,66,108,85,120,105,109,51,0,121,86,30" hai3="72,95,35,112,41,106,39,75,10,8,117,70,2"/><V84/><F0/><W119/><G95/><T88/><D135/><U71/><E118/><N who="3" m="45066" /><G70/><T65/><D101/><U100/><E129/><V132/><F66/><W67/><G67/><T127/><D127/><U68/><E100/><V13/><F132/><W113/><G106/><T104/><D104/><U102/><E102/><V53/><F105/><W62/><G62/><T130/><D130/><U33/><REACH who="1" step="1"/><E55/><REACH who="1" ten="317,153,243,277" step="2"/><V89/><F128/><W122/><G122/><T133/><D133/><U18/><E18/><N who="2" m="10447" /><F30/><W54/><G54/><T125/><D19/><U60/><E60/><V103/><F103/><W90/><G90/><T49/><D52/><U15/><E15/><V12/><F12/><W77/><G2/><T131/><D88/><U61/><E61/><V97/><F121/><W48/><G77/><T80/><D1/><U98/><E98/><V110/><F120/><W126/><G126/><T46/><D125/><U63/><E63/><V44/><F97/><W59/><G113/><T92/><D28/><U123/><E123/><V124/><F124/><W81/><G112/><T111/><D131/><U23/><E23/><V36/><F89/><W115/><G115/><T74/><D65/><U4/><E4/><V38/><AGARI ba="0,1" hai="36,38,44,51,53,84,85,86,108,109,110" m="10447" machi="38" ten="40,3900,0" yaku="14,1,10,1" doraHai="6" who="2" fromWho="2" sc="317,-13,153,-13,243,49,277,-13" /><INIT seed="2,1,0,4,4,61" ten="304,140,292,264" oya="2" hai0="49,11,93,30,123,99,125,132,25,23,122,65,39" hai1="28,108,63,81,89,53,36,97,120,5,117,113,0" hai2="83,33,110,134,92,15,9,2,104,20,119,34,100" hai3="128,16,29,73,112,7,62,18,67,37,121,47,82"/><V50/><F119/><W94/><G121/><T24/><D39/><U106/><E117/><V41/><F104/><W124/><G29/><T115/><D115/><U75/><E113/><V90/><F134/><W6/><G112/><T91/><D132/><U35/><E120/><V111/><F2/><W116/><G116/><T26/><D125/><U74/><E108/><N who="2" m="41515" /><F20/><W96/><G128/><T127/><D127/><U105/><E36/><V131/><F131/><W80/><G124/><T57/><D11/><U17/><E0/><V87/><F41/><W70/><G6/><T46/><D123/><U102/><E5/><N who="2" m="3503" /><F50/><W85/><G7/><T45/><D122/><U44/><E106/><V69/><F69/><W88/><G73/><T43/><D46/><U95/><E17/><V71/><F71/><W64/><G64/><T12/><D12/><U129/><E129/><V31/><F31/><W126/><G126/><T56/><D56/><U19/><E19/><V54/><F54/><W51/><G37/><T58/><D58/><U76/><E75/><V135/><F135/><W77/><G82/><T72/><D72/><U84/><E63/><AGARI ba="1,0" hai="23,24,25,26,30,43,45,49,57,63,65,91,93,99" machi="63" ten="40,2600,0" yaku="8,1,52,1" doraHai="61" who="0" fromWho="1" sc="304,29,140,-29,292,0,264,0" /><INIT seed="3,0,0,4,5,81" ten="333,111,292,264" oya="3" hai0="107,99,29,103,126,42,118,11,90,18,67,71,98" hai1="89,97,119,117,95,121,10,87,104,61,124,125,72" hai2="30,65,110,132,85,7,113,21,133,112,38,82,115" hai3="36,9,127,27,51,59,123,28,86,75,116,23,44"/><W16/><G123/><T14/><D118/><N who="1" m="45067" /><E61/><V131/><F38/><W77/><G116/><T84/><D126/><N who="1" m="48747" /><E10/><V49/><F131/><W68/><G68/><T0/><D99/><U8/><E8/><V60/><F110/><W64/><G75/><T129/><D129/><U78/><E121/><V114/><F7/><W26/><G127/><T100/><D100/><N who="1" m="62479" /><E72/><V93/><F93/><W37/><G37/><T22/><D22/><U122/><E122/><V5/><F5/><W56/><G36/><T4/><D29/><U111/><E78/><V91/><N who="2" m="28672" /><DORA hai="53" /><V134/><F49/><W73/><G73/><T40/><D18/><U31/><E31/><V109/><F109/><W135/><G64/><T48/><D14/><U17/><E17/><V74/><F74/><W24/><G24/><T69/><D67/><U96/><E111/><V15/><F15/><N who="3" m="7279" /><G27/><T102/><D69/><U55/><E55/><V62/><F65/><W128/><G128/><T35/><D4/><U76/><E76/><V58/><F58/><W54/><G135/><T19/><D71/><U20/><E20/><V52/><F52/><W46/><G46/><T83/><D42/><U106/><E106/><V1/><F1/><W66/><G66/><T25/><D107/><U120/><E120/><V41/><F41/><W3/><G3/><T101/><D0/><U57/><E57/><V6/><F6/><W13/><G13/><T94/><D40/><U88/><E89/><V45/><F45/><W2/><G2/><T47/><D47/><U63/><E63/><V79/><F79/><W108/><G108/><RYUUKYOKU ba="0,0" sc="333,-30,111,10,292,10,264,10" hai1="87,88,95,96" hai2="21,30,60,62,82,85,91,132,133,134" hai3="23,26,28,44,51,54,56,59,77,86" /><INIT seed="3,1,0,4,3,87" ten="303,121,302,274" oya="3" hai0="71,68,14,105,106,70,19,37,135,107,88,11,123" hai1="113,35,81,73,75,62,17,117,84,9,100,24,86" hai2="43,115,18,25,72,52,109,77,96,90,128,82,23" hai3="50,69,44,8,101,16,85,4,29,116,47,111,79"/><W104/><G116/><T54/><D123/><U121/><E121/><V3/><F3/><W120/><G120/><T133/><D37/><U122/><E122/><V94/><F109/><W51/><G69/><T45/><D88/><U125/><E113/><V103/><F115/><W108/><G29/><T67/><D67/><U93/><E117/><V13/><F43/><W12/><G104/><T114/><D114/><U27/><E125/><V49/><F128/><W124/><G101/><T57/><REACH who="0" step="1"/><D45/><REACH who="0" ten="293,121,302,274" step="2"/><N who="3" m="17481" /><G124/><T55/><D55/><U126/><E126/><V60/><F103/><W129/><G129/><T92/><D92/><U7/><E73/><V26/><F60/><AGARI ba="1,1" hai="11,14,19,54,57,60,68,70,71,105,106,107,133,135" machi="60" ten="50,6400,0" yaku="1,1,53,2" doraHai="87" doraHaiUra="131" who="0" fromWho="2" sc="293,77,121,0,302,-67,274,0" owari="370,47.0,121,-38.0,235,-16.0,274,7.0" /></mjloggm>