<mjloggm ver="2.3"><GO type="169" lobby="0"/><UN n0="%E3%82%8F%E3%81%9F%E3%81%B4%E3%82%93" n1="%E6%9A%A2%E4%B8%80" n2="%54%4F%52" n3="%E3%81%8B%E3%81%8B%E3%81%8B%E3%81%8B" dan="17,16,16,16" rate="2264.67,2142.78,2146.04,2095.04" sx="M,M,M,M"/><TAIKYOKU oya="0"/><INIT seed="0,0,0,5,4,103" ten="250,250,250,250" oya="0" hai0="12,23,117,72,93,133,60,34,43,128,16,123,42" hai1="116,131,67,14,75,20,92,74,8,132,53,78,73" hai2="55,102,38,70,51,29,7,98,79,45,68,10,5" hai3="122,3,9,48,86,91,1,63,49,62,31,85,113"/><T6/><D117/><U4/><E116/><V47/><F29/><W130/><G130/><T15/><D123/><U119/><E119/><V71/><F79/><W96/><G31/><T24/><D72/><U106/><E131/><V94/><F38/><W115/><G96/><T54/><D128/><U25/><E67/><V40/><F40/><W17/><G9/><N who="0" m="4151" /><D133/><U81/><E106/><V57/><REACH who="2" step="1"/><F5/><REACH who="2" ten="250,250,240,250" step="2"/><W107/><G17/><N who="0" m="12399" /><D34/><U124/><E4/><V19/><F19/><W134/><G134/><T95/><D43/><U37/><E37/><V118/><F118/><W58/><G122/><T22/><D42/><U121/><E78/><V46/><F46/><W125/><G115/><T32/><D32/><U77/><E77/><V41/><F41/><W2/><G113/><T104/><D104/><U114/><E121/><V33/><F33/><W36/><G36/><T39/><D39/><U35/><E35/><V127/><F127/><W61/><G107/><T89/><D89/><U66/><E124/><V26/><F26/><W126/><G91/><T50/><D60/><U101/><E132/><V28/><F28/><W56/><G126/><T11/><D22/><U65/><E20/><V135/><F135/><W109/><G125/><T13/><D13/><AGARI ba="0,1" hai="7,10,13,45,47,51,55,57,68,70,71,94,98,102" machi="13" ten="40,1300,0" yaku="1,1,53,0" doraHai="103" doraHaiUra="100" who="2" fromWho="0" sc="250,-13,250,0,240,23,250,0" /><INIT seed="1,0,0,4,2,66" ten="237,250,263,250" oya="1" hai0="39,94,123,70,128,126,117,65,8,112,76,26,82" hai1="106,35,127,54,33,116,68,30,77,100,41,4,107" hai2="46,95,42,108,56,73,99,17,15,10,131,2,101" hai3="130,45,7,92,0,24,102,98,81,87,114,29,80"/><U14/><E116/><V5/><F108/><W93/><G114/><T83/><D112/><U88/><E77/><V11/><F131/><W51/><G130/><T125/><D117/><U115/><E41/><V104/><F73/><W97/><G87/><T63/><D128/><U134/><E54/><V71/><F56/><W67/><G67/><T58/><D39/><U119/><E119/><V133/><F133/><W62/><G62/><T124/><D123/><U21/><E100/><V109/><F109/><W48/><G7/><T132/><D132/><U57/><E57/><V19/><F19/><W59/><G0/><T118/><D118/><U22/><E115/><V90/><F71/><W52/><G48/><T129/><D129/><U113/><E113/><V69/><F69/><W122/><G122/><T85/><D94/><U20/><E68/><V105/><REACH who="2" step="1"/><F101/><REACH who="2" ten="237,250,253,250" step="2"/><W12/><G59/><T43/><D58/><U135/><E134/><V64/><F64/><W31/><G31/><T55/><D65/><U74/><E74/><V3/><F3/><W121/><G121/><T91/><D70/><U23/><E30/><V32/><F32/><W40/><G29/><T110/><D63/><U111/><E33/><V37/><AGARI ba="0,1" hai="2,5,10,11,15,17,37,42,46,90,95,99,104,105" machi="37" ten="20,5200,0" yaku="1,1,0,1,7,1,53,1" doraHai="66" doraHaiUra="89" who="2" fromWho="2" sc="237,-13,250,-26,253,62,250,-13" /><INIT seed="2,0,0,1,5,80" ten="224,224,315,237" oya="2" hai0="40,68,37,24,119,41,33,83,118,102,28,49,73" hai1="133,6,60,97,85,39,16,27,22,42,134,112,131" hai2="77,13,25,29,38,53,81,99,61,31,78,23,50" hai3="64,123,65,57,129,32,106,12,132,55,82,124,107"/><V62/><F38/><W79/><G123/><T7/><D37/><U58/><E112/><V105/><F31/><W122/><G122/><T130/><D68/><U103/><E6/><V121/><F121/><W44/><G32/><T3/><D102/><U70/><E131/><V8/><F99/><W125/><G44/><T2/><D130/><U15/><E70/><V45/><F105/><N who="3" m="39947" /><G12/><T88/><D49/><U67/><E39/><V109/><F109/><W92/><G92/><T20/><D73/><U126/><E42/><N who="0" m="16489" /><D7/><U4/><E126/><N who="3" m="48746" /><G132/><T93/><D83/><U66/><E66/><V108/><F108/><W110/><G129/><T69/><D69/><U52/><E67/><V63/><REACH who="2" step="1"/><F81/><REACH who="2" ten="224,224,305,237" step="2"/><W96/><G96/><N who="0" m="57383" /><D33/><U56/><E133/><V74/><F74/><W5/><G110/><T72/><D72/><U113/><E134/><V46/><F46/><W34/><G34/><T84/><D118/><U87/><E113/><V14/><F14/><W43/><G82/><T11/><D119/><U1/><E1/><V48/><F48/><W75/><G75/><T19/><D3/><U35/><E35/><V120/><F120/><W111/><G111/><T26/><D2/><U89/><E97/><V116/><F116/><W115/><G115/><T127/><D127/><U17/><E103/><V36/><F36/><W104/><G79/><T90/><D28/><U21/><E21/><V51/><F51/><N who="3" m="30975" /><G104/><T114/><D114/><U76/><E76/><V135/><F135/><W18/><G43/><T30/><D30/><U101/><E101/><V95/><F95/><W0/><G0/><RYUUKYOKU ba="0,1" sc="224,-10,224,-10,305,30,237,-10" hai2="8,13,23,25,29,45,50,53,61,62,63,77,78" /><INIT seed="2,1,1,4,2,60" ten="214,214,335,227" oya="2" hai0="41,82,46,21,13,111,67,80,32,45,90,38,98" hai1="15,135,79,73,31,43,118,14,30,7,5,94,83" hai2="74,89,3,102,66,62,116,18,63,72,103,122,85" hai3="64,133,117,56,114,78,120,44,128,9,50,48,115"/><V6/><F116/><W104/><G104/><T17/><D32/><U25/><E118/><V26/><F122/><W34/><G117/><T108/><D46/><U96/><E135/><V61/><F74/><W53/><G34/><T0/><D0/><U121/><E43/><V126/><F72/><W8/><G120/><T52/><D52/><U57/><E121/><V134/><F134/><W69/><G133/><T123/><D123/><U101/><E31/><V1/><F126/><W49/><G78/><T95/><REACH who="0" step="1"/><D67/><REACH who="0" ten="204,214,335,227" step="2"/><U2/><E2/><V99/><F3/><W20/><G44/><T132/><D132/><U105/><E7/><V113/><F1/><W112/><G64/><T16/><D16/><U86/><E5/><V4/><F66/><W81/><G53/><T129/><D129/><U71/><E71/><V39/><F6/><W36/><G56/><T12/><D12/><U77/><E57/><V35/><F4/><W55/><G55/><T51/><D51/><U106/><E14/><V59/><F59/><W127/><G69/><T47/><D47/><U87/><E15/><V88/><F35/><W110/><G128/><T100/><D100/><U42/><E42/><V84/><F103/><W29/><G49/><T11/><D11/><U97/><E30/><V37/><F37/><W10/><G36/><T65/><D65/><U70/><E70/><V33/><F39/><W58/><G58/><T93/><D93/><N who="1" m="58511" /><E25/><V27/><F27/><W22/><G48/><T68/><D68/><U76/><E106/><N who="2" m="63839" /><F33/><W91/><G50/><T54/><D54/><U119/><E105/><RYUUKYOKU ba="1,2" sc="204,30,214,-10,335,-10,227,-10" hai0="13,17,21,38,41,45,80,82,90,95,98,108,111" /><INIT seed="3,2,2,5,3,87" ten="234,204,325,217" oya="3" hai0="59,114,40,37,84,97,85,32,46,98,6,38,65" hai1="83,71,18,39,100,16,17,82,69,70,92,64,51" hai2="5,41,94,14,93,36,131,63,49,72,29,105,99" hai3="48,26,23,101,3,11,128,123,57,12,60,86,90"/><W13/><G123/><T55/><D32/><U108/><E108/><V104/><F36/><W76/><G128/><T68/><D38/><U2/><E39/><V35/><F72/><W73/><G73/><T31/><D31/><U1/><E64/><V79/><F131/><W9/><G76/><T25/><D25/><U78/><E51/><V111/><F111/><W21/><G101/><T53/><D53/><U130/><E130/><V81/><F29/><W58/><G3/><T77/><D85/><U52/><E52/><V119/><F35/><W112/><G112/><T4/><D114/><U8/><E8/><N who="3" m="3146" /><G48/><N who="0" m="31207" /><D84/><U19/><N who="1" m="4096" /><DORA hai="44" /><U109/><E109/><V30/><F49/><W113/><G113/><T102/><D98/><U80/><E78/><V34/><F79/><W91/><G26/><T75/><D75/><U107/><E107/><V50/><F50/><W20/><G91/><T103/><D103/><U88/><E100/><V74/><F74/><W124/><G124/><T126/><D126/><U134/><REACH who="1" step="1"/><E134/><REACH who="1" ten="234,194,325,217" step="2"/><V135/><F135/><W47/><G47/><T66/><D77/><U22/><E22/><V115/><F105/><W120/><G120/><T96/><D66/><U121/><E121/><V133/><F104/><W106/><G106/><T28/><D102/><U132/><E132/><V56/><F133/><W116/><G60/><N who="0" m="39975" /><D28/><U62/><E62/><V15/><F63/><W95/><G57/><T43/><D43/><U42/><E42/><V67/><F41/><W122/><G122/><T0/><D0/><U118/><E118/><V45/><F56/><W117/><G58/><RYUUKYOKU ba="2,3" sc="234,10,194,10,325,-30,217,10" hai0="4,6,37,40,46,96,97" hai1="1,2,69,70,71,80,82,83,88,92" hai3="12,13,20,21,23,86,90,95,116,117" /><INIT seed="3,3,3,3,4,27" ten="244,204,295,227" oya="3" hai0="118,124,37,133,29,116,59,115,78,96,68,40,19" hai1="28,1,134,3,108,52,38,55,93,33,67,82,97" hai2="18,16,126,62,84,9,76,47,63,75,69,85,101" hai3="119,39,86,73,45,92,111,106,54,66,112,90,21"/><W41/><G119/><T121/><D121/><U49/><E38/><V99/><F75/><W42/><G112/><T109/><D68/><U61/><E108/><V74/><F74/><W57/><G73/><T22/><D109/><U24/><E134/><V44/><F126/><W72/><G72/><T32/><D124/><U135/><E82/><N who="2" m="47175" /><F69/><W51/><G106/><T46/><D133/><U20/><E33/><V123/><F123/><W6/><G111/><T80/><D96/><U60/><E135/><V131/><F131/><W95/><G6/><T36/><D36/><U48/><E1/><V89/><F99/><W114/><G114/><T26/><D115/><U56/><E3/><V13/><F101/><W102/><G102/><T11/><D11/><U4/><E4/><V103/><F18/><W120/><G120/><T30/><D59/><N who="1" m="33167" /><E67/><V104/><F103/><AGARI ba="3,3" hai="20,24,28,48,55,56,60,61,93,97,103" m="33167" machi="103" ten="30,3900,0" yaku="8,1,52,1,54,1" doraHai="27" who="1" fromWho="2" sc="244,0,204,78,295,-48,227,0" /><INIT seed="4,0,0,5,3,60" ten="244,282,247,227" oya="0" hai0="55,102,78,133,67,114,10,112,79,116,93,47,29" hai1="3,68,66,111,92,63,62,41,75,30,39,91,31" hai2="46,120,21,65,100,48,80,64,44,129,45,59,86" hai3="42,53,58,19,107,24,128,87,43,20,40,72,90"/><T127/><D116/><U16/><E111/><V37/><F120/><W71/><G71/><T76/><D127/><U51/><E3/><V77/><F129/><W8/><G72/><T70/><D29/><U84/><E75/><V7/><F37/><W33/><G33/><T83/><D83/><U109/><E109/><V6/><F100/><W2/><G107/><T96/><D10/><U35/><E35/><V13/><F6/><W0/><G128/><T56/><D47/><N who="2" m="17994" /><F59/><W108/><G108/><T61/><REACH who="0" step="1"/><D133/><REACH who="0" ten="234,282,247,227" step="2"/><U119/><E119/><V113/><F113/><W135/><G8/><T125/><D125/><U69/><E31/><V73/><F73/><W103/><G135/><T36/><D36/><U134/><E30/><V118/><F118/><W18/><G18/><T26/><D26/><U4/><E16/><N who="2" m="10383" /><F7/><W1/><G19/><T110/><D110/><U32/><E4/><V38/><F38/><W130/><G130/><T131/><D131/><U49/><E32/><V5/><F5/><W17/><G17/><T98/><D98/><U94/><E134/><V54/><AGARI ba="0,1" hai="46,48,54,64,65,77,80,86" m="10383,17994" machi="54" ten="30,7900,0" yaku="8,1,52,2,54,1" doraHai="60" who="2" fromWho="2" sc="234,-39,282,-20,247,89,227,-20" /><INIT seed="5,0,0,3,2,100" ten="195,262,336,207" oya="1" hai0="5,64,49,34,26,127,96,115,123,2,116,41,126" hai1="93,97,25,133,86,55,23,66,45,83,57,71,14" hai2="9,120,19,129,105,1,130,82,107,42,70,7,18" hai3="63,17,121,111,3,30,36,118,114,122,43,8,106"/><U59/><E133/><V109/><F120/><W99/><G111/><T95/><D116/><U77/><E71/><V61/><F109/><W84/><G84/><T110/><D110/><U88/><E14/><V104/><F42/><W47/><G17/><T119/><D119/><U112/><E112/><V108/><F108/><W11/><G118/><T20/><D34/><U91/><E66/><N who="2" m="41295" /><F82/><W22/><G114/><T35/><D35/><U135/><E135/><V102/><F102/><N who="3" m="62815" /><G8/><N who="0" m="2103" /><D115/><U69/><E69/><V50/><F50/><W46/><G63/><T53/><D41/><U21/><E21/><V27/><F27/><W74/><G47/><N who="0" m="27839" /><D64/><U81/><E81/><V12/><F1/><W51/><G51/><T125/><D123/><N who="3" m="47113" /><G30/><N who="0" m="17735" /><D95/><U73/><E45/><V28/><F28/><W128/><G22/><T48/><D48/><U33/><E33/><V15/><F15/><W29/><G29/><T134/><D134/><U58/><E23/><V75/><F75/><W4/><G74/><T101/><D101/><U85/><E25/><V65/><F65/><W16/><G16/><T98/><AGARI ba="0,0" hai="96,98,125,126,127" m="17735,27839,2103" machi="98" ten="40,1500,0" yaku="18,1" doraHai="100" who="0" fromWho="0" sc="195,15,262,-7,336,-4,207,-4" /><INIT seed="6,0,0,0,3,113" ten="210,255,332,203" oya="2" hai0="74,80,63,1,56,132,124,41,101,83,61,130,8" hai1="116,5,21,3,125,53,14,36,133,0,110,73,26" hai2="43,57,97,102,118,40,15,47,84,62,67,10,59" hai3="99,126,42,60,103,24,90,127,29,23,48,16,128"/><V68/><F84/><W75/><G75/><T92/><D124/><N who="3" m="47657" /><G128/><T12/><D130/><U30/><E36/><V117/><F57/><W7/><G7/><T18/><D74/><U70/><E70/><V32/><F32/><W94/><G60/><T93/><D132/><U77/><E53/><V85/><F85/><W119/><G119/><T104/><D104/><U106/><E106/><V107/><F68/><W105/><G48/><T54/><D1/><N who="1" m="587" /><E77/><V114/><F114/><W52/><G42/><T111/><D111/><U4/><E125/><V134/><F134/><W33/><G52/><N who="0" m="33927" /><D41/><U82/><E82/><N who="0" m="31273" /><D101/><U44/><E44/><V69/><F43/><W58/><G58/><AGARI ba="0,0" hai="8,12,18,54,58,63,92,93" m="31273,33927" machi="58" ten="30,2000,0" yaku="8,1,54,1" doraHai="113" who="0" fromWho="3" sc="210,20,255,0,332,0,203,-20" /><INIT seed="7,0,0,5,2,134" ten="230,255,332,183" oya="3" hai0="64,23,5,124,96,20,95,79,122,13,12,29,73" hai1="63,41,24,115,78,8,69,81,40,34,51,129,116" hai2="15,133,52,43,56,74,19,75,71,2,103,87,38" hai3="37,77,45,113,127,92,31,0,16,17,128,93,32"/><W111/><G0/><T14/><D122/><U3/><E115/><V54/><F2/><W22/><G32/><T55/><D124/><U33/><E129/><V99/><F71/><W1/><G1/><T49/><D64/><U106/><E41/><V44/><F87/><W28/><G111/><T97/><D73/><U9/><E24/><V110/><F133/><W35/><G35/><T84/><D5/><U105/><E51/><V125/><F125/><W67/><G127/><T120/><D120/><U76/><E40/><V118/><F54/><W117/><G117/><T50/><D29/><N who="3" m="11337" /><G37/><T94/><D84/><U53/><E3/><V11/><F118/><W131/><G113/><T109/><D79/><U42/><E42/><V46/><F46/><W100/><G45/><N who="0" m="28079" /><D50/><U114/><E116/><V121/><F121/><W68/><G77/><T47/><D47/><U132/><E132/><V6/><F110/><W26/><G93/><N who="0" m="35339" /><D109/><U130/><E114/><V48/><F6/><W135/><G135/><T123/><D123/><U83/><E130/><N who="3" m="49706" /><G17/><T7/><D7/><U21/><E34/><V112/><F112/><W80/><G80/><T25/><D25/><U58/><E33/><V18/><F18/><W59/><G68/><T107/><D107/><AGARI ba="0,0" hai="11,15,19,38,43,44,48,52,56,74,75,99,103,107" machi="107" ten="30,2000,0" yaku="7,1,54,1" doraHai="134" who="2" fromWho="0" sc="230,-20,255,0,332,20,183,0" owari="210,-19.0,255,6.0,352,45.0,183,-32.0" /></mjloggm>