<mjloggm ver="2.3"><GO type="169" lobby="0"/><UN n0="%E8%B5%A4%E5%9F%8E%E3%81%BF%E3%82%8A%E3%81%82" n1="%E6%AD%A6%E5%89%87%E8%BC%9D%E6%B5%B7" n2="%E3%83%AB%E3%82%A2%E3%82%B4%E3%82%A4%E3%83%95" n3="%73%68%6F%35%35%35%35%35" dan="16,16,17,16" rate="2113.46,2109.63,2072.64,2105.43" sx="F,M,M,M"/><TAIKYOKU oya="0"/><INIT seed="0,0,0,5,3,122" ten="250,250,250,250" oya="0" hai0="112,23,31,4,46,108,55,86,133,58,5,60,2" hai1="97,49,35,53,19,132,102,107,65,61,84,57,131" hai2="88,96,76,50,6,63,10,103,26,125,24,73,30" hai3="101,8,89,12,59,66,67,72,18,100,124,33,25"/><T52/><D112/><U54/><E131/><V9/><F125/><W79/><G124/><T85/><D133/><U82/><E132/><V118/><F118/><W109/><G79/><T27/><D2/><U98/><E35/><V34/><F24/><W94/><G72/><T20/><D20/><U80/><E98/><V21/><F10/><W92/><G94/><T129/><D129/><U28/><E28/><V13/><F50/><W99/><G67/><T37/><D108/><U114/><E114/><V91/><F63/><W74/><G74/><T120/><D120/><U45/><E19/><V78/><F78/><W14/><G14/><T11/><D11/><U17/><E17/><V0/><F76/><W32/><G33/><T75/><D75/><U128/><E128/><V116/><F116/><W127/><G127/><T134/><D134/><U110/><E110/><V71/><F71/><W64/><G109/><T40/><REACH who="0" step="1"/><D55/><REACH who="0" ten="240,250,250,250" step="2"/><U104/><E54/><V81/><F0/><W38/><G32/><T70/><D70/><U47/><E53/><V119/><F119/><W126/><G126/><T29/><D29/><U44/><E65/><V51/><F34/><W130/><G66/><T42/><D42/><U106/><E106/><V36/><F73/><W39/><G64/><T90/><D90/><U93/><E107/><V135/><F135/><W3/><G130/><T83/><D83/><U113/><E113/><V56/><F81/><W7/><G89/><T69/><D69/><U95/><E82/><V68/><F68/><W43/><G43/><T15/><D15/><U123/><E80/><RYUUKYOKU ba="0,1" sc="240,30,250,-10,250,-10,250,-10" hai0="4,5,23,27,31,37,40,46,52,58,60,85,86" /><INIT seed="0,1,1,0,3,9" ten="270,240,240,240" oya="0" hai0="61,105,63,78,62,75,123,22,48,95,51,71,14" hai1="2,43,103,27,68,12,1,38,128,55,70,81,108" hai2="119,77,50,91,3,23,18,44,107,100,20,34,92" hai3="66,84,31,33,58,102,116,4,46,86,114,133,120"/><T126/><D105/><U26/><E103/><V134/><F34/><W64/><G116/><T24/><D71/><U25/><E108/><V93/><F119/><W45/><G114/><T69/><D69/><U60/><E128/><V127/><F3/><W57/><G102/><T90/><D123/><U17/><E70/><V125/><F134/><W94/><G94/><T132/><D132/><U109/><E109/><V104/><F77/><W122/><G133/><T39/><D39/><U21/><E81/><V41/><F100/><W42/><G42/><T10/><D78/><U110/><E110/><V73/><F73/><W135/><G135/><T96/><D75/><U40/><E40/><V124/><F23/><W19/><G4/><N who="0" m="3399" /><D126/><U6/><E6/><V13/><REACH who="2" step="1"/><F93/><REACH who="2" ten="270,240,230,240" step="2"/><W32/><REACH who="3" step="1"/><G31/><AGARI ba="1,2" hai="22,24,31,48,51,61,62,63,90,95,96" m="3399" machi="31" ten="30,2900,0" yaku="8,1,52,1" doraHai="9" who="0" fromWho="3" sc="270,52,240,0,230,0,240,-32" /><INIT seed="0,2,0,3,3,130" ten="322,240,230,208" oya="0" hai0="135,87,24,5,34,128,58,82,97,69,11,112,88" hai1="70,113,85,77,12,10,94,42,23,66,31,64,126" hai2="115,98,43,62,131,74,46,132,59,4,68,53,26" hai3="8,18,22,32,84,102,114,20,33,110,93,49,16"/><T119/><D69/><U25/><E126/><V51/><F74/><W56/><G114/><T78/><D112/><U109/><E113/><V96/><F115/><W124/><G110/><T61/><D119/><U83/><E109/><V60/><F131/><W6/><G124/><T38/><D38/><U48/><E70/><V44/><F4/><W100/><G33/><T72/><D128/><U86/><E94/><V95/><F26/><W89/><G32/><T54/><D97/><U2/><E2/><V47/><F95/><W121/><G121/><T120/><D120/><U3/><E3/><V127/><F96/><W107/><G107/><T125/><D125/><U116/><E85/><V41/><F98/><W30/><G30/><T104/><D104/><U0/><E0/><V111/><F111/><W90/><G89/><T118/><D118/><U134/><E134/><V63/><F132/><W80/><G80/><T50/><D135/><U79/><E79/><V37/><F127/><W29/><G29/><T9/><D61/><N who="2" m="23658" /><F68/><W122/><G8/><T1/><D11/><U133/><E133/><V105/><F105/><W99/><G6/><T17/><D34/><U27/><E27/><V57/><F46/><W117/><G122/><T19/><D24/><U129/><E129/><V7/><F7/><W52/><G117/><T36/><D36/><U15/><E116/><V103/><F103/><N who="3" m="39467" /><G99/><T76/><D76/><U73/><E73/><V40/><F37/><W21/><AGARI ba="2,0" hai="16,18,20,21,22,49,52,56,84,90,93" m="39467" machi="21" ten="30,4000,0" yaku="8,1,54,2" doraHai="130" who="3" fromWho="3" sc="322,-22,240,-12,230,-12,208,46" /><INIT seed="1,0,0,1,2,88" ten="300,228,218,254" oya="1" hai0="22,75,24,60,119,68,41,78,98,90,59,30,117" hai1="96,81,95,80,57,50,14,4,91,93,85,112,35" hai2="109,132,2,116,52,108,47,69,115,19,42,105,28" hai3="73,62,63,125,72,7,55,86,25,64,124,40,134"/><U44/><E35/><V100/><F116/><W17/><G7/><T48/><D78/><U118/><E112/><V113/><F69/><W89/><G40/><T127/><D75/><U131/><E131/><V20/><F2/><W92/><G134/><T46/><D68/><U107/><E107/><V36/><F132/><W77/><G55/><T33/><D127/><N who="3" m="48713" /><G77/><T27/><D90/><N who="1" m="55351" /><E57/><V83/><F28/><W29/><G17/><T103/><D27/><U123/><E123/><V49/><F83/><N who="1" m="31817" /><E118/><V23/><F105/><W1/><G1/><T66/><REACH who="0" step="1"/><D33/><REACH who="0" ten="290,228,218,254" step="2"/><U37/><E37/><V31/><F113/><W79/><G79/><T70/><D70/><U76/><E76/><V56/><F115/><W45/><G73/><T106/><AGARI ba="0,1" hai="22,24,30,41,46,48,59,60,66,98,103,106,117,119" machi="106" ten="20,2700,0" yaku="1,1,0,1,7,1,53,0" doraHai="88" doraHaiUra="11" who="0" fromWho="0" sc="290,37,228,-13,218,-7,254,-7" /><INIT seed="2,0,0,5,3,124" ten="327,215,211,247" oya="2" hai0="69,84,49,127,131,29,88,93,81,35,12,113,68" hai1="135,71,120,90,83,43,13,114,39,8,80,53,87" hai2="86,18,96,7,4,16,108,2,111,126,72,99,95" hai3="98,59,14,85,5,11,52,117,115,26,118,79,132"/><V66/><F126/><W91/><G132/><T89/><D113/><U50/><E114/><V101/><F72/><W100/><G79/><T22/><D127/><U27/><E71/><V133/><F66/><W19/><G115/><T94/><D81/><U31/><E135/><V55/><F133/><W32/><G32/><T125/><D125/><U107/><E107/><V109/><F86/><W106/><G26/><T6/><D131/><U25/><E120/><V21/><F55/><W123/><G5/><N who="2" m="2121" /><F2/><W129/><G129/><T74/><D74/><U10/><E39/><V37/><F37/><W58/><G58/><T97/><D49/><U60/><E43/><V34/><F34/><W103/><G103/><T57/><D57/><U116/><E116/><V82/><F82/><W47/><G123/><T38/><D38/><U130/><E130/><V134/><F134/><W104/><G104/><T110/><D110/><U20/><E83/><V41/><F41/><W46/><G118/><T45/><D45/><U121/><E121/><V112/><F112/><W9/><G117/><T48/><D48/><U78/><E60/><V102/><F21/><W28/><G11/><N who="1" m="4138" /><E78/><V65/><F65/><W119/><G119/><T44/><D44/><N who="1" m="27847" /><E31/><V61/><F61/><N who="3" m="36071" /><G28/><T15/><D35/><U1/><E1/><V70/><F70/><N who="0" m="27242" /><D6/><U64/><E64/><V24/><F24/><W62/><G62/><T42/><D42/><U75/><E75/><V51/><F51/><W36/><G36/><T56/><D56/><U92/><E80/><V128/><F128/><W122/><G122/><T77/><D77/><RYUUKYOKU ba="0,0" sc="327,0,215,0,211,0,247,0" hai0="12,15,22,29,84,88,89,93,94,97" hai1="13,20,25,27,87,90,92" hai2="16,18,95,96,99,101,102,108,109,111" hai3="9,14,19,46,47,85,91,98,100,106" /><INIT seed="2,1,0,1,1,121" ten="327,215,211,247" oya="2" hai0="52,35,38,123,117,106,49,59,94,77,1,89,21" hai1="28,70,22,122,95,56,31,48,80,112,43,41,36" hai2="130,45,75,113,24,85,133,23,26,107,12,126,60" hai3="27,37,103,10,18,55,34,102,14,109,6,17,57"/><V68/><F113/><W114/><G37/><T127/><D35/><U15/><E70/><V50/><F75/><W4/><G114/><T97/><D1/><U93/><E112/><V5/><F107/><W2/><G4/><T73/><D38/><U0/><E0/><V104/><F104/><W44/><G44/><T101/><D123/><U76/><E36/><V25/><F133/><W79/><G79/><T135/><D135/><U62/><E122/><V98/><F98/><W64/><G64/><T110/><D127/><U69/><E69/><V115/><F115/><W65/><G65/><T61/><D117/><U88/><E95/><V83/><F126/><W125/><G125/><T92/><D21/><U108/><E48/><V67/><F130/><W90/><G90/><T132/><D132/><U116/><E31/><V124/><F124/><W134/><G134/><T72/><D49/><U33/><E33/><V58/><F68/><W86/><G86/><N who="0" m="52279" /><D94/><U105/><E105/><V7/><F23/><W19/><G2/><T42/><D42/><U119/><E119/><V53/><REACH who="2" step="1"/><F12/><REACH who="2" ten="327,215,201,247" step="2"/><W8/><G34/><T11/><D73/><N who="1" m="43023" /><E15/><V129/><F129/><W63/><G14/><T99/><D99/><U131/><E116/><V47/><F47/><W96/><G96/><T87/><D87/><U84/><E131/><V74/><F74/><W51/><G103/><T82/><D11/><U16/><E22/><V9/><F9/><W29/><G102/><T54/><D72/><U111/><E84/><V118/><F118/><W71/><G10/><T46/><D106/><U91/><E56/><RYUUKYOKU ba="1,1" sc="327,-10,215,-10,201,30,247,-10" hai2="5,7,24,25,26,45,50,53,58,60,67,83,85" /><INIT seed="2,2,1,5,2,30" ten="317,205,231,237" oya="2" hai0="46,59,121,70,63,23,86,114,127,88,78,49,0" hai1="77,107,82,131,1,24,40,90,101,125,76,33,69" hai2="19,132,94,37,73,51,61,5,91,111,105,47,3" hai3="75,123,41,99,52,15,11,57,104,28,27,72,124"/><V6/><F105/><W89/><G123/><T68/><D0/><U12/><E1/><V93/><F132/><W4/><G41/><T122/><D114/><U36/><E69/><V95/><F73/><W64/><G64/><T87/><D127/><U18/><E125/><V96/><F37/><W84/><G124/><T110/><D110/><U44/><E131/><V39/><F39/><W135/><G135/><T120/><D23/><U117/><E117/><V16/><F111/><W56/><G56/><T67/><D86/><U35/><E24/><V13/><F61/><W85/><G84/><T80/><REACH who="0" step="1"/><D78/><REACH who="0" ten="307,205,231,237" step="2"/><U65/><E77/><V53/><F3/><W2/><G2/><T113/><D113/><U8/><E76/><V54/><F54/><AGARI ba="2,2" hai="46,49,54,59,63,67,68,70,80,87,88,120,121,122" machi="54" ten="40,2600,0" yaku="1,1,54,1,53,0" doraHai="30" doraHaiUra="29" who="0" fromWho="2" sc="307,52,205,0,231,-32,237,0" /><INIT seed="3,0,0,5,3,14" ten="359,205,199,237" oya="3" hai0="0,65,133,89,72,10,28,36,126,121,11,92,31" hai1="75,97,5,68,107,116,70,39,56,124,94,62,48" hai2="46,13,128,6,55,61,34,74,73,122,19,105,127" hai3="81,27,58,37,4,16,49,134,69,54,59,102,111"/><W95/><G69/><T100/><D36/><U87/><E39/><V67/><F34/><W33/><G37/><T85/><D72/><U41/><E75/><V104/><F128/><W79/><G4/><T101/><D121/><U84/><E107/><V129/><F129/><W113/><G113/><T93/><D133/><U123/><E123/><V22/><F122/><W98/><G134/><T24/><D126/><U1/><E124/><V60/><F127/><W114/><G114/><T40/><D40/><U43/><E116/><V125/><F125/><W90/><G33/><T2/><D85/><N who="1" m="32843" /><E1/><V110/><F110/><W82/><G111/><T3/><D24/><U38/><E70/><V96/><F6/><W115/><G115/><T42/><D42/><N who="1" m="15883" /><E68/><V76/><F73/><W120/><G79/><T83/><D83/><N who="3" m="31753" /><G120/><T23/><D65/><U64/><E38/><V50/><F67/><W103/><G59/><T8/><D89/><N who="1" m="55503" /><E5/><V51/><F74/><W47/><G58/><T71/><D71/><U21/><E21/><AGARI ba="0,0" hai="16,21,27,47,49,54,90,95,98,102,103" m="31753" machi="21" ten="30,5800,0" yaku="8,1,52,1,54,1" doraHai="14" who="3" fromWho="1" sc="359,0,205,-58,199,0,237,58" /><INIT seed="3,1,0,2,0,111" ten="359,147,199,295" oya="3" hai0="131,25,72,117,52,50,83,20,92,33,40,97,134" hai1="67,93,18,45,54,56,44,128,10,107,135,66,98" hai2="1,53,21,113,51,55,8,41,96,36,24,130,29" hai3="121,49,90,73,79,26,85,9,127,129,86,31,100"/><W22/><G121/><T104/><D117/><U6/><E107/><V69/><F69/><W114/><G127/><T5/><D33/><U58/><E128/><V4/><F130/><W30/><G129/><T11/><D104/><U115/><E135/><V19/><F36/><W118/><G118/><T71/><D71/><U125/><E125/><V68/><F68/><W2/><G100/><T82/><D134/><U37/><E115/><V32/><F113/><W132/><G73/><T84/><D72/><U126/><E126/><V80/><F80/><N who="3" m="47263" /><G2/><T95/><D40/><U94/><E18/><V120/><F120/><W61/><G61/><T13/><D131/><U64/><E37/><V110/><F110/><W42/><G9/><T46/><D84/><U57/><E54/><V75/><F96/><W133/><G114/><T27/><D95/><N who="1" m="36363" /><E98/><V78/><F78/><W35/><G35/><T47/><D47/><N who="1" m="17995" /><E10/><V116/><F116/><W3/><G3/><T70/><D70/><U63/><E63/><V12/><F75/><W15/><G133/><T76/><D76/><U87/><E87/><V0/><F0/><W62/><G62/><T89/><REACH who="0" step="1"/><D27/><REACH who="0" ten="349,147,199,295" step="2"/><U60/><E60/><V59/><F41/><W103/><G26/><T124/><D124/><U105/><E105/><V17/><F55/><W102/><G132/><T77/><D77/><U16/><E16/><AGARI ba="1,1" hai="1,4,8,12,16,17,19,21,24,29,32,51,53,59" machi="16" ten="40,5200,0" yaku="24,2,54,1" doraHai="111" who="2" fromWho="1" sc="349,0,147,-55,199,65,295,0" /><AGARI ba="1,0" hai="5,11,13,16,20,25,46,50,52,82,83,89,92,97" machi="16" ten="30,8000,1" yaku="1,1,7,1,8,1,54,2,53,0" doraHai="111" doraHaiUra="39" who="0" fromWho="1" sc="349,80,92,-80,264,0,295,0" /><INIT seed="4,0,0,3,0,103" ten="429,12,264,295" oya="0" hai0="90,119,83,25,133,52,128,35,51,98,41,18,0" hai1="95,134,118,7,68,81,66,77,89,125,131,39,57" hai2="108,100,55,129,34,5,127,62,11,13,130,126,61" hai3="71,104,113,132,72,135,1,88,69,50,32,19,73"/><T106/><D0/><U30/><E118/><V107/><F108/><W47/><G1/><T23/><D119/><U94/><E39/><V92/><F34/><W44/><G32/><T111/><D111/><U48/><E68/><V76/><F76/><W110/><G110/><T117/><D117/><U112/><E131/><N who="2" m="50187" /><F92/><W26/><G26/><T65/><D41/><U9/><E134/><V120/><F120/><W38/><G50/><T28/><D133/><U75/><E125/><N who="2" m="47627" /><F55/><W63/><G19/><T97/><D65/><U59/><E30/><V70/><F70/><W36/><G88/><T17/><D128/><U91/><E112/><V4/><F5/><W2/><G113/><T56/><D35/><U114/><E114/><V45/><F45/><W64/><G71/><T85/><D97/><AGARI ba="0,0" hai="4,11,13,61,62,97,100,107" m="47627,50187" machi="97" ten="30,3900,0" yaku="19,1,18,1,52,1" doraHai="103" who="2" fromWho="0" sc="429,-39,12,0,264,39,295,0" /><INIT seed="5,0,0,0,1,120" ten="390,12,303,295" oya="1" hai0="37,4,71,129,55,49,90,81,105,6,97,91,85" hai1="9,114,110,52,76,80,73,40,32,51,84,95,61" hai2="42,31,130,8,29,83,35,75,18,111,78,43,124" hai3="134,65,116,41,109,17,86,59,112,123,98,27,92"/><U20/><E32/><V106/><F106/><W125/><G123/><T19/><D37/><U126/><E114/><V36/><F111/><W1/><G1/><T2/><D71/><U79/><E126/><V33/><F124/><W54/><G125/><T117/><D117/><U30/><E110/><V68/><F68/><W14/><G116/><T69/><D69/><U5/><E95/><V38/><F130/><W58/><G134/><T44/><D129/><U133/><E133/><V127/><F127/><W3/><G3/><T94/><D2/><U34/><E34/><V13/><F33/><W103/><G41/><T24/><D105/><U47/><E73/><V67/><F67/><W100/><G27/><T128/><D128/><U72/><E72/><V45/><F35/><W113/><G109/><T102/><D102/><U70/><E20/><AGARI ba="0,0" hai="4,6,19,20,24,44,49,55,81,85,90,91,94,97" machi="20" ten="40,1300,0" yaku="8,1" doraHai="120" who="0" fromWho="1" sc="390,13,12,-13,303,0,295,0" owari="403,50.0,-1,-50.0,303,10.0,295,-10.0" /></mjloggm>