<mjloggm ver="2.3"><GO type="169" lobby="0"/><UN n0="%E3%81%8A%E7%9F%A5%E3%82%89%E3%81%9B" n1="%58%E7%8C%AB" n2="%E7%B7%91%E3%81%AE%E3%83%A9%E3%83%B3%E3%83%97" n3="%E9%8A%80%E8%89%B2%E3%81%84%E3%81%8C%E3%81%90%E3%82%8A" dan="19,16,16,18" rate="2317.79,2087.69,2084.92,2277.18" sx="M,M,M,M"/><TAIKYOKU oya="0"/><INIT seed="0,0,0,5,3,92" ten="250,250,250,250" oya="0" hai0="114,31,77,130,86,9,108,25,52,118,96,63,47" hai1="29,50,14,99,26,104,2,16,42,128,7,112,78" hai2="45,76,133,87,57,75,46,103,11,105,84,41,20" hai3="23,81,97,113,5,64,1,15,129,71,65,69,95"/><T94/><D118/><U55/><E128/><V35/><F35/><W27/><G113/><T10/><D114/><U70/><E70/><V72/><F11/><W36/><G129/><T49/><D130/><U122/><E122/><V126/><F20/><W85/><G36/><T28/><D108/><U132/><E132/><V3/><F57/><W125/><G1/><T100/><D63/><U80/><E2/><V107/><F3/><W17/><G71/><T124/><D124/><U58/><E7/><V40/><F103/><W73/><G73/><T123/><D123/><U34/><E112/><V54/><F76/><W134/><G69/><T24/><D77/><U19/><E42/><V12/><F12/><W60/><G134/><T6/><D86/><U43/><E43/><V13/><F13/><W38/><G38/><T127/><D127/><U135/><E135/><V83/><F133/><W51/><G51/><T111/><D111/><U110/><E110/><V22/><F22/><W106/><G106/><T117/><D117/><U4/><E4/><V88/><F126/><W120/><G60/><T59/><D47/><U74/><REACH who="1" step="1"/><E14/><REACH who="1" ten="250,240,250,250" step="2"/><V131/><F131/><W0/><G0/><T98/><D6/><U91/><E91/><V39/><F88/><N who="3" m="55527" /><G120/><T66/><D100/><AGARI ba="0,1" hai="16,19,26,29,34,50,55,58,74,78,80,99,100,104" machi="100" ten="40,5200,0" yaku="1,1,52,1,54,1,53,0" doraHai="92" doraHaiUra="82" who="1" fromWho="0" sc="250,-52,240,62,250,0,250,0" /><INIT seed="1,0,0,3,3,128" ten="198,302,250,250" oya="1" hai0="44,96,38,86,99,127,117,48,91,41,42,98,120" hai1="37,9,100,118,14,134,31,56,40,62,108,74,73" hai2="5,45,116,102,8,135,97,7,21,27,87,79,23" hai3="36,72,125,93,2,121,34,39,129,25,32,65,20"/><U6/><E118/><V81/><F116/><W47/><G121/><T77/><D117/><U122/><E122/><V29/><F135/><W35/><G72/><T19/><D120/><U17/><E100/><V80/><F23/><W126/><G2/><T16/><D127/><U103/><E31/><V22/><F22/><W88/><G129/><T114/><D114/><U55/><E134/><V15/><F81/><W1/><G1/><T84/><D38/><U66/><E108/><V109/><F109/><W113/><G113/><T67/><D67/><U70/><E6/><V110/><F110/><W18/><G65/><T94/><REACH who="0" step="1"/><D41/><REACH who="0" ten="188,302,250,250" step="2"/><U60/><E37/><V12/><F45/><W75/><G39/><T63/><D63/><U76/><E40/><V51/><F51/><W11/><G47/><T46/><D46/><U92/><E62/><V10/><F102/><W43/><G43/><T133/><D133/><U4/><E66/><V132/><F132/><W106/><G36/><T54/><D54/><U78/><E103/><V131/><F131/><W95/><G125/><T123/><D123/><U119/><E119/><V71/><F71/><W85/><G126/><T90/><D90/><U130/><E70/><V68/><F68/><W50/><G88/><T13/><D13/><N who="1" m="5287" /><E130/><V59/><F59/><W64/><G50/><T0/><D0/><U89/><E78/><V52/><F52/><W58/><G64/><T61/><D61/><U107/><E76/><V105/><F105/><W111/><G106/><T82/><AGARI ba="0,1" hai="16,19,42,44,48,77,82,84,86,91,94,96,98,99" machi="82" ten="30,7900,0" yaku="1,1,0,1,8,1,54,1,53,0" doraHai="128" doraHaiUra="124" who="0" fromWho="0" sc="188,89,302,-39,250,-20,250,-20" /><INIT seed="2,0,0,2,0,59" ten="277,263,230,230" oya="2" hai0="127,76,106,55,98,83,77,1,15,48,94,14,79" hai1="68,18,84,72,29,49,82,61,108,47,6,132,27" hai2="86,103,81,90,46,66,28,67,107,101,38,89,116" hai3="31,0,99,35,2,117,92,37,120,62,95,25,75"/><V11/><F116/><W17/><G120/><T54/><D127/><U45/><E132/><V114/><F114/><W88/><G117/><T126/><D126/><U9/><E72/><V23/><F11/><W124/><G124/><T105/><D1/><U64/><E108/><V60/><F67/><W131/><G37/><T58/><D83/><U34/><E49/><V125/><F125/><W26/><G75/><T97/><D105/><U122/><E122/><V13/><F107/><W129/><G95/><T134/><D134/><U7/><E6/><V121/><F121/><W74/><G74/><T111/><D111/><U130/><E18/><V40/><F90/><W12/><G26/><T104/><D104/><U4/><E4/><V33/><F33/><W110/><G110/><T36/><D36/><U119/><E119/><V71/><REACH who="2" step="1"/><F28/><REACH who="2" ten="277,263,220,230" step="2"/><W73/><G0/><T91/><D106/><U93/><E130/><N who="3" m="49674" /><G2/><T30/><D30/><U50/><E9/><V42/><F42/><W39/><G35/><T87/><D55/><U56/><E34/><V5/><F5/><W118/><G31/><T65/><D65/><U24/><E29/><V78/><F78/><W128/><G118/><T57/><D77/><U63/><E7/><V115/><F115/><W20/><G128/><T10/><D79/><U3/><E3/><V70/><F70/><W8/><G8/><T96/><D76/><U133/><E68/><V43/><F43/><W51/><G73/><T32/><D32/><U16/><E64/><V112/><F112/><W44/><G88/><T85/><D10/><U80/><E133/><RYUUKYOKU ba="0,1" sc="277,-10,263,-10,220,30,230,-10" hai2="13,23,38,40,46,60,66,71,81,86,89,101,103" /><INIT seed="2,1,1,5,2,39" ten="267,253,250,220" oya="2" hai0="56,74,129,99,59,100,14,0,22,108,30,70,24" hai1="17,131,58,102,16,128,92,71,68,88,36,119,47" hai2="37,122,34,43,25,63,45,13,15,32,83,2,61" hai3="93,7,44,67,50,29,113,28,98,10,94,89,26"/><V72/><F2/><W86/><G113/><T81/><D0/><U111/><E119/><V107/><F107/><W38/><G38/><T5/><D70/><U105/><E105/><V64/><F122/><W133/><G67/><T6/><D108/><U118/><E118/><V96/><F63/><W27/><G133/><T126/><D126/><U112/><E102/><V132/><F96/><W54/><G29/><T79/><D129/><N who="1" m="49739" /><E112/><V11/><F25/><W60/><G60/><T52/><D14/><U82/><E82/><V109/><F132/><W66/><G66/><T124/><D59/><U115/><E58/><V42/><F15/><N who="3" m="5599" /><G28/><T116/><D124/><U3/><E3/><V91/><F109/><W135/><G135/><T123/><D123/><U110/><E115/><V49/><F61/><W87/><G87/><T84/><D74/><U97/><E111/><V134/><F64/><W130/><G130/><T114/><D114/><U1/><E1/><V76/><F134/><W51/><G51/><N who="0" m="30751" /><D116/><U106/><E106/><V21/><F34/><W33/><G33/><T73/><D73/><U35/><E35/><V9/><F32/><W117/><G117/><T57/><D57/><U18/><E110/><V127/><F127/><W48/><G50/><T78/><D79/><U75/><E75/><V104/><F104/><W41/><G54/><T121/><D121/><U80/><E68/><V62/><F62/><W95/><G98/><T120/><D120/><U53/><E71/><V12/><F72/><W85/><G85/><T69/><D69/><U90/><E97/><V101/><F76/><RYUUKYOKU ba="1,1" sc="267,15,253,-15,250,-15,220,15" hai0="5,6,22,24,30,78,81,84,99,100" hai3="26,27,41,44,48,86,89,93,94,95" /><INIT seed="3,2,1,4,4,4" ten="282,238,235,235" oya="3" hai0="110,107,48,108,92,131,21,39,130,105,1,124,9" hai1="96,15,31,94,66,133,22,99,60,97,95,83,106" hai2="74,127,128,27,69,18,43,63,75,65,91,6,88" hai3="37,86,17,62,19,12,23,68,44,135,41,2,125"/><W123/><G123/><T29/><D39/><U79/><E106/><N who="0" m="40457" /><D124/><U54/><E133/><V98/><F127/><W112/><G125/><T93/><D48/><U49/><E31/><V90/><F128/><N who="0" m="49194" /><D29/><U10/><E22/><V104/><F43/><W52/><G112/><T80/><D21/><U82/><E60/><V3/><F18/><W67/><G135/><T71/><D71/><U132/><E132/><V109/><F109/><N who="0" m="42090" /><D80/><U25/><E66/><V115/><F115/><W28/><G2/><T73/><D73/><U20/><E20/><V103/><REACH who="2" step="1"/><F27/><REACH who="2" ten="282,238,225,235" step="2"/><W113/><G113/><T35/><D35/><U78/><E25/><V59/><F59/><W70/><G68/><T102/><D102/><U53/><E53/><V85/><F85/><W50/><G86/><T5/><AGARI ba="2,2" hai="1,5,9,92,93" m="42090,49194,40457" machi="5" ten="40,5200,0" yaku="19,1,14,1,52,1" doraHai="4" who="0" fromWho="0" sc="282,78,238,-15,225,-15,235,-28" /><INIT seed="4,0,0,4,2,84" ten="360,223,210,207" oya="0" hai0="80,49,11,56,22,111,19,127,17,66,95,79,8" hai1="114,75,72,74,105,37,132,63,89,67,3,125,51" hai2="41,40,86,85,99,6,43,18,118,34,54,35,76" hai3="110,25,96,107,60,101,10,122,21,48,128,23,117"/><T0/><D127/><U78/><E51/><V97/><F118/><W115/><G110/><T102/><D111/><U106/><E125/><V30/><F6/><W47/><G117/><T4/><D11/><U32/><E132/><V27/><F18/><W87/><G122/><T26/><D49/><U93/><E78/><V81/><F35/><W64/><G115/><T2/><D2/><U77/><E77/><V24/><F24/><W52/><G128/><T116/><D116/><U83/><E83/><V119/><F119/><W9/><G23/><T90/><D102/><U62/><E37/><V16/><F54/><W15/><G15/><T57/><D66/><U70/><E3/><V126/><F126/><W133/><G87/><T103/><D103/><U33/><E114/><V69/><F69/><W129/><G129/><T31/><D19/><U100/><E100/><V29/><F86/><W53/><G53/><T38/><D38/><U59/><E33/><V55/><F55/><W131/><G133/><T42/><D31/><N who="2" m="11786" /><F34/><W71/><REACH who="3" step="1"/><G131/><REACH who="3" ten="360,223,210,197" step="2"/><T134/><D134/><U121/><E32/><V61/><F61/><W73/><G73/><T135/><D135/><U13/><E121/><V36/><F36/><W98/><G98/><T45/><D0/><U113/><E113/><V91/><F76/><W5/><G5/><T39/><D4/><U92/><E72/><V7/><F7/><W1/><G1/><T82/><D79/><U123/><E123/><V94/><F81/><N who="0" m="31338" /><D8/><U28/><E75/><V68/><F68/><W14/><G14/><T12/><D12/><U109/><E13/><RYUUKYOKU ba="0,1" sc="360,10,223,-30,210,10,197,10" hai0="17,22,26,39,42,45,56,57,90,95" hai2="16,27,40,41,43,85,91,94,97,99" hai3="9,10,21,25,47,48,52,60,64,71,96,101,107" /><INIT seed="4,1,1,5,3,25" ten="370,193,220,207" oya="0" hai0="77,45,29,32,61,121,2,24,26,48,38,133,98" hai1="120,12,58,93,76,87,135,71,11,54,72,23,83" hai2="117,42,46,1,104,116,5,102,119,40,103,15,132" hai3="82,18,84,34,128,70,101,64,52,36,127,131,125"/><T106/><D121/><U8/><E120/><V129/><F1/><W68/><G36/><T100/><D133/><U21/><E135/><V81/><F132/><W113/><G113/><T16/><D38/><U134/><E71/><V7/><F81/><W105/><G34/><T92/><D2/><U130/><E130/><N who="3" m="49706" /><G18/><T63/><D77/><U126/><E126/><N who="3" m="48138" /><G64/><T110/><D106/><U112/><E112/><V33/><F104/><W59/><G101/><N who="2" m="38409" /><F33/><W107/><G70/><T62/><D110/><U65/><E65/><V108/><F108/><W55/><G68/><T14/><D26/><U6/><E134/><V37/><F129/><W69/><G55/><T79/><D79/><U57/><E8/><N who="2" m="4495" /><F42/><W41/><G41/><T74/><D74/><U95/><E72/><V27/><F27/><W31/><G31/><T111/><D111/><U86/><E83/><V88/><F7/><W91/><G69/><T50/><REACH who="0" step="1"/><D45/><REACH who="0" ten="360,193,220,207" step="2"/><U19/><E76/><V10/><F37/><W99/><G99/><T94/><D94/><U60/><E95/><V124/><F124/><W4/><G107/><T0/><D0/><U66/><E93/><V22/><F46/><W44/><G44/><T90/><D90/><U118/><E118/><V53/><F119/><W114/><G105/><T73/><D73/><U67/><E58/><V122/><F122/><W51/><G114/><T35/><D35/><U78/><E78/><V43/><F117/><W85/><G85/><T28/><D28/><U115/><E115/><V97/><F116/><W89/><G91/><T49/><D49/><U96/><E87/><RYUUKYOKU ba="1,2" sc="360,15,193,-15,220,-15,207,15" hai0="14,16,24,29,32,48,50,61,62,63,92,98,100" hai3="4,51,52,59,82,84,89" /><INIT seed="4,2,2,1,1,43" ten="375,178,205,222" oya="0" hai0="19,95,42,63,10,122,109,102,69,38,83,116,75" hai1="56,115,134,71,24,64,16,78,96,118,61,58,31" hai2="8,6,20,36,0,52,94,48,47,54,133,70,1" hai3="4,92,66,7,84,45,21,111,26,97,67,125,91"/><T82/><D122/><U79/><E118/><V65/><F133/><W12/><G111/><T51/><D116/><U106/><E134/><V117/><F117/><W18/><G125/><T2/><D38/><U124/><E124/><V59/><F20/><W120/><G120/><T86/><D109/><U32/><E115/><V57/><F57/><W55/><G97/><T112/><D112/><U77/><REACH who="1" step="1"/><E16/><REACH who="1" ten="375,168,205,222" step="2"/><V87/><F8/><N who="3" m="4103" /><G7/><T22/><D19/><U110/><E110/><V105/><F6/><W99/><G99/><T29/><D10/><U33/><E33/><V93/><F1/><W15/><G26/><T80/><D2/><U129/><E129/><V40/><F0/><W60/><G15/><T17/><D17/><U76/><N who="1" m="19968" /><DORA hai="107" /><U103/><AGARI ba="2,3" hai="24,31,32,56,58,61,64,71,96,103,106" m="19968" machi="103" ten="40,12000,2" yaku="1,1,4,1,0,1,25,2,53,1" doraHai="43,107" doraHaiUra="108,23" who="1" fromWho="1" sc="375,-62,168,156,205,-32,222,-32" /><INIT seed="5,0,0,2,3,3" ten="313,324,173,190" oya="1" hai0="13,1,27,47,127,118,83,26,64,51,11,23,71" hai1="76,45,94,85,55,41,73,54,50,38,108,103,74" hai2="67,120,115,25,90,21,46,114,34,112,12,44,75" hai3="61,111,32,6,43,0,96,40,2,132,95,91,52"/><U131/><E131/><V86/><F75/><W72/><G111/><T39/><D118/><U99/><E108/><V29/><F67/><W98/><G132/><T63/><D127/><U100/><E100/><V70/><F70/><W37/><G72/><T69/><D39/><U80/><REACH who="1" step="1"/><E55/><REACH who="1" ten="313,314,173,190" step="2"/><V49/><F120/><W5/><G52/><T135/><D135/><U65/><E65/><V116/><F116/><W33/><G37/><T15/><D64/><U97/><E97/><V128/><F128/><W48/><G48/><T87/><D51/><U31/><E31/><V58/><F49/><W7/><G61/><T17/><D63/><U113/><E113/><V19/><REACH who="2" step="1"/><F58/><AGARI ba="0,1" hai="38,41,45,50,54,58,73,74,76,80,85,94,99,103" machi="58" ten="30,2900,0" yaku="1,1,7,1,53,0" doraHai="3" doraHaiUra="126" who="1" fromWho="2" sc="313,0,314,39,173,-29,190,0" /><INIT seed="5,1,0,0,1,7" ten="313,353,144,190" oya="1" hai0="109,50,45,60,134,44,33,23,107,14,36,12,75" hai1="85,43,100,30,133,64,80,121,128,83,111,103,116" hai2="93,40,89,82,99,74,41,84,49,72,94,9,91" hai3="47,18,22,92,11,34,17,87,52,120,129,135,123"/><U46/><E121/><V131/><F131/><W29/><G129/><T56/><D109/><U122/><E116/><V21/><F21/><W126/><G34/><T79/><D33/><U68/><E128/><V6/><F41/><W95/><G135/><T98/><D36/><U71/><E122/><V132/><F132/><W119/><G126/><T117/><D117/><U32/><E133/><V55/><F40/><W67/><G67/><T42/><D45/><U112/><E112/><V70/><F70/><W51/><G119/><T48/><D48/><U0/><E0/><V65/><F65/><W8/><G120/><T96/><D107/><U106/><E83/><V16/><F82/><W115/><G115/><T57/><D75/><U35/><E111/><V88/><F91/><N who="3" m="53375" /><G123/><T28/><D79/><U54/><E54/><V62/><F62/><W73/><G73/><T61/><D28/><U59/><E68/><V76/><F76/><W127/><G127/><T53/><D134/><U19/><E71/><V118/><F118/><W26/><G95/><T27/><D27/><U114/><E106/><V97/><F84/><W20/><G29/><T77/><D77/><U113/><E30/><V4/><F74/><W102/><G102/><T15/><REACH who="0" step="1"/><D23/><REACH who="0" ten="303,353,144,190" step="2"/><U110/><E110/><V10/><F72/><W5/><G5/><N who="2" m="2153" /><F16/><W39/><G39/><T78/><D78/><N who="1" m="46231" /><E19/><V25/><F25/><AGARI ba="1,1" hai="8,11,17,18,20,22,25,26,47,51,52" m="53375" machi="25" ten="30,7700,0" yaku="8,1,52,2,54,1" doraHai="7" who="3" fromWho="2" sc="303,0,353,0,144,-80,190,90" /><INIT seed="6,0,0,3,4,130" ten="303,353,64,280" oya="2" hai0="4,124,6,40,52,98,119,74,45,13,89,123,132" hai1="66,22,31,91,93,27,128,106,83,19,62,42,64" hai2="111,104,59,9,68,23,122,63,73,41,133,17,85" hai3="71,107,44,55,103,67,76,32,2,60,35,37,8"/><V16/><F104/><W100/><G55/><T48/><D123/><U38/><E106/><V26/><F73/><W36/><G100/><T5/><D74/><U114/><E114/><V125/><F122/><W101/><G103/><T80/><D124/><U110/><E110/><V7/><F111/><W90/><G90/><T78/><D119/><U65/><E128/><V109/><F109/><W81/><G37/><T79/><D132/><U12/><E83/><V10/><F68/><W69/><G71/><T82/><D13/><U11/><E38/><V43/><F125/><W88/><G88/><T121/><D121/><U99/><REACH who="1" step="1"/><E42/><REACH who="1" ten="303,343,64,280" step="2"/><V112/><F112/><W3/><G81/><N who="0" m="31339" /><D40/><U120/><E120/><V102/><F85/><W15/><G76/><T57/><D45/><U95/><E95/><AGARI ba="0,1" hai="4,5,6,48,52,57,78,79,89,95,98" m="31339" machi="95" ten="30,2000,0" yaku="8,1,54,1" doraHai="130" who="0" fromWho="1" sc="303,30,343,-20,64,0,280,0" /><INIT seed="7,0,0,5,0,47" ten="333,323,64,280" oya="3" hai0="15,39,111,16,20,119,134,66,108,74,31,95,71" hai1="58,123,81,12,110,46,4,52,99,80,13,34,116" hai2="103,42,28,55,44,135,107,77,1,86,106,75,36" hai3="130,19,115,2,117,54,105,25,128,67,87,17,30"/><W61/><G117/><T102/><D119/><U49/><E123/><V33/><F86/><W127/><G115/><T124/><D74/><U92/><E116/><V9/><F55/><W121/><G121/><T98/><D134/><U70/><E110/><V104/><F135/><W40/><G2/><T118/><D118/><U45/><E34/><V8/><F8/><W109/><G105/><T51/><D39/><U64/><E70/><V22/><F22/><W21/><G109/><T26/><D124/><U6/><E45/><V0/><F0/><W91/><G40/><T37/><D37/><U125/><E125/><V72/><F72/><W65/><G127/><T113/><D51/><N who="1" m="31007" /><E64/><V96/><F28/><W43/><G43/><T57/><D71/><U53/><E12/><V88/><F88/><W35/><G54/><T82/><D82/><N who="1" m="31851" /><E13/><V73/><F33/><W114/><G114/><T56/><D113/><U59/><E46/><V122/><F122/><W10/><G10/><N who="0" m="6263" /><D57/><U32/><E32/><V79/><F79/><W78/><G78/><T11/><D11/><U23/><E23/><V68/><F68/><N who="3" m="42031" /><G67/><T83/><D83/><U27/><E27/><V38/><F38/><W84/><G35/><T41/><D41/><U120/><E120/><V50/><F36/><W76/><G76/><T100/><D66/><U3/><E3/><V93/><F77/><W89/><G128/><T48/><D111/><U63/><E49/><V85/><F85/><N who="3" m="32843" /><G130/><T69/><D108/><U60/><E60/><V97/><F97/><W94/><G94/><T29/><D69/><U101/><AGARI ba="0,0" hai="4,6,53,59,63,92,99,101" m="31851,31007" machi="101" ten="30,7900,0" yaku="5,1,8,1,52,1,54,1" doraHai="47" who="1" fromWho="1" sc="333,-20,323,79,64,-20,280,-39" owari="313,11.0,402,51.0,44,-46.0,241,-16.0" /></mjloggm>