<mjloggm ver="2.3"><GO type="169" lobby="0"/><UN n0="%E4%BD%8E%E3%82%81%E3%82%B9%E3%83%A9%E3%82%A4%E3%83%80%E3%83%BC" n1="%E6%B9%98%E5%8C%97%E2%91%AD%E4%B8%89%E4%BA%95%E5%AF%BF" n2="%40%75" n3="%E3%82%A2%E3%83%BC%E3%82%AF%EF%BC%AB" dan="16,17,16,17" rate="2119.24,2162.19,2087.89,2208.37" sx="F,M,F,M"/><TAIKYOKU oya="0"/><INIT seed="0,0,0,1,4,60" ten="250,250,250,250" oya="0" hai0="14,118,19,62,130,102,94,80,53,22,37,87,73" hai1="36,93,71,23,113,30,126,56,26,65,90,48,13" hai2="5,107,34,117,123,133,16,15,63,100,92,129,119" hai3="61,78,2,45,115,124,98,134,3,66,32,44,54"/><T0/><D118/><N who="2" m="45066" /><F123/><W1/><G32/><T95/><D130/><U108/><E36/><V17/><F34/><W105/><G78/><T52/><D37/><U131/><E126/><V110/><F110/><W128/><G124/><T6/><D73/><U91/><E131/><V106/><F133/><W112/><G128/><T39/><D39/><U83/><E108/><V11/><F129/><W31/><G31/><T57/><D53/><U86/><E71/><V109/><F109/><W8/><G8/><T85/><D0/><U28/><E113/><V38/><F63/><W79/><G79/><T103/><D6/><U135/><E135/><V81/><F81/><W35/><G35/><T55/><D55/><N who="1" m="31847" /><E13/><V46/><F92/><N who="0" m="35370" /><D87/><N who="1" m="52479" /><E30/><V97/><F107/><W7/><G7/><T24/><D14/><U67/><AGARI ba="0,0" hai="23,26,28,65,67,83,86,90" m="52479,31847" machi="67" ten="30,4000,0" yaku="8,1,52,2" doraHai="60" who="1" fromWho="1" sc="250,-20,250,40,250,-10,250,-10" /><INIT seed="1,0,0,3,0,32" ten="230,290,240,240" oya="1" hai0="127,59,71,62,23,118,54,47,75,100,69,73,125" hai1="10,134,53,76,28,131,124,106,116,86,67,65,110" hai2="19,48,93,12,105,21,96,104,38,29,33,37,113" hai3="56,34,18,99,6,74,20,31,17,60,77,130,89"/><U98/><E116/><V0/><F113/><W119/><G119/><T128/><D118/><U95/><E134/><V133/><F133/><W123/><G123/><T2/><D128/><U57/><E131/><V35/><F35/><W36/><G36/><T45/><D100/><U1/><E28/><V72/><F72/><W46/><G46/><N who="0" m="17419" /><D75/><U68/><E68/><N who="0" m="26185" /><D73/><U117/><E106/><V27/><F48/><W80/><G130/><T84/><D84/><U135/><E117/><V70/><F70/><W101/><G6/><T90/><D90/><U9/><E135/><V120/><F120/><W85/><G34/><T115/><D23/><U40/><E86/><V108/><F105/><W44/><G44/><T121/><D121/><U50/><E76/><V87/><F104/><W64/><G77/><T26/><D26/><U102/><E10/><V82/><F82/><W78/><G78/><T111/><D111/><U43/><E110/><V66/><F66/><W92/><G74/><T3/><D115/><U52/><E67/><V16/><F87/><W81/><G80/><T58/><D58/><U14/><E65/><V30/><F108/><W114/><G114/><T15/><D15/><U42/><E14/><V5/><F30/><W109/><G109/><T61/><D61/><U8/><E8/><N who="2" m="2087" /><F19/><W91/><G89/><AGARI ba="0,0" hai="12,16,21,27,29,33,37,38,89,93,96" m="2087" machi="89" ten="30,3900,0" yaku="24,1,52,1,54,1" doraHai="32" who="2" fromWho="3" sc="230,0,290,0,240,39,240,-39" /><INIT seed="2,0,0,5,3,94" ten="230,290,279,201" oya="2" hai0="100,82,37,63,32,132,56,54,9,46,134,95,112" hai1="93,24,21,43,3,8,20,13,105,22,133,25,78" hai2="58,11,115,92,104,75,19,128,96,123,5,2,1" hai3="42,119,51,39,86,35,88,49,34,84,44,7,50"/><V116/><F115/><W97/><G119/><T72/><D112/><U103/><E105/><V67/><F123/><W125/><G7/><T57/><D32/><U69/><E69/><V74/><F116/><W131/><G131/><T31/><D31/><U89/><E133/><V17/><F128/><W28/><G125/><T18/><D72/><U129/><E129/><V99/><F2/><W108/><G108/><T90/><D82/><U27/><E78/><V36/><F36/><W85/><REACH who="3" step="1"/><G28/><REACH who="3" ten="230,290,279,191" step="2"/><T52/><D132/><U65/><E3/><V120/><F1/><W121/><G121/><T70/><D134/><U14/><E27/><V33/><F5/><W12/><G12/><N who="0" m="7439" /><D70/><U87/><E14/><V117/><F120/><W91/><G91/><T110/><D110/><U113/><E113/><V62/><F117/><W45/><G45/><T23/><D46/><U73/><E25/><V6/><F6/><W66/><G66/><T76/><D76/><U118/><E65/><V61/><F67/><W111/><G111/><T53/><D90/><U10/><E118/><V16/><F19/><W127/><G127/><T0/><D0/><U126/><E24/><V71/><F71/><W55/><G55/><T81/><D54/><U40/><E13/><V109/><F109/><W38/><G38/><T26/><D37/><U102/><E126/><V60/><F17/><W64/><G64/><N who="0" m="39015" /><D57/><U130/><E130/><V124/><F58/><W135/><G135/><T29/><D81/><U101/><E73/><V122/><F75/><W47/><G47/><T106/><D106/><U30/><E30/><RYUUKYOKU ba="0,1" sc="230,10,290,10,279,-30,191,10" hai0="23,26,29,52,53,95,100" hai1="8,10,20,21,22,40,43,87,89,93,101,102,103" hai3="34,35,39,42,44,49,50,51,84,85,86,88,97" /><INIT seed="3,1,1,1,4,70" ten="240,300,249,201" oya="3" hai0="31,40,82,121,104,5,12,2,85,126,50,21,87" hai1="7,80,13,34,71,15,48,66,127,17,27,91,49" hai2="19,112,93,10,36,72,95,33,117,59,96,18,132" hai3="55,62,119,30,29,107,128,116,6,111,73,92,79"/><W52/><G107/><T38/><D121/><U14/><E127/><V115/><F117/><W20/><G6/><T86/><D126/><U60/><E7/><V42/><F72/><W89/><G128/><T46/><D104/><U56/><E71/><V26/><F93/><W109/><G79/><T25/><D2/><U114/><E114/><V22/><F132/><W3/><G3/><T110/><D110/><N who="3" m="41993" /><G73/><T11/><REACH who="0" step="1"/><D38/><REACH who="0" ten="230,300,249,201" step="2"/><U16/><E34/><V102/><F33/><W0/><G0/><T90/><AGARI ba="1,2" hai="5,11,12,21,25,31,40,46,50,82,85,86,87,90" machi="90" ten="20,8000,1" yaku="1,1,2,1,0,1,7,1,8,1,53,0" doraHai="70" doraHaiUra="123" who="0" fromWho="0" sc="230,103,300,-21,249,-21,201,-41" /><INIT seed="4,0,0,2,5,30" ten="333,279,228,160" oya="0" hai0="131,11,59,47,25,14,102,121,23,27,55,77,125" hai1="56,13,112,89,31,109,120,63,1,62,70,129,103" hai2="12,45,24,130,80,16,40,119,58,128,84,68,111" hai3="92,57,72,82,0,118,83,4,46,7,91,43,124"/><T100/><D121/><U106/><E1/><V41/><F111/><W78/><G118/><T29/><D131/><N who="2" m="50218" /><F68/><W38/><G124/><T75/><D125/><U17/><E129/><V61/><F24/><W115/><G82/><T44/><D27/><U3/><E3/><V69/><F69/><W90/><G115/><T36/><D75/><U22/><E109/><V105/><F105/><W37/><G37/><T134/><D77/><U15/><E120/><V94/><F94/><W33/><G33/><T108/><D108/><U127/><E127/><V114/><F45/><N who="0" m="17482" /><D36/><U98/><E112/><V6/><F6/><W35/><G35/><T53/><D134/><U10/><E70/><V132/><F132/><W20/><G20/><T65/><D65/><U107/><E107/><V117/><F41/><W71/><G71/><T123/><D123/><U60/><E89/><N who="2" m="51335" /><F40/><W95/><G57/><T104/><D104/><U86/><E86/><V52/><F114/><W50/><G50/><N who="0" m="31159" /><D55/><U73/><E73/><V81/><F81/><W126/><G126/><T116/><D116/><U5/><REACH who="1" step="1"/><E31/><REACH who="1" ten="333,269,228,160" step="2"/><V54/><F54/><AGARI ba="0,1" hai="5,10,13,15,17,22,54,56,60,62,63,98,103,106" machi="54" ten="30,3900,0" yaku="1,1,2,1,7,1,53,0" doraHai="30" doraHaiUra="133" who="1" fromWho="2" sc="333,0,269,49,228,-39,160,0" /><INIT seed="5,0,0,2,3,21" ten="333,318,189,160" oya="1" hai0="76,82,84,98,19,112,74,103,71,72,38,96,41" hai1="122,55,31,126,80,100,29,131,7,117,3,134,121" hai2="102,97,57,128,78,52,94,15,48,34,58,0,13" hai3="91,25,49,110,60,17,32,46,87,11,10,130,127"/><U73/><E100/><V105/><F128/><W93/><G130/><T47/><D71/><U79/><E131/><V99/><F0/><W81/><G110/><T1/><D1/><U88/><E117/><V16/><F34/><W118/><G118/><T115/><D19/><U119/><E119/><V24/><F78/><W68/><G127/><T69/><D69/><U37/><E126/><V66/><F66/><W132/><G132/><T14/><D14/><U36/><E134/><V61/><F99/><N who="0" m="37930" /><D103/><U106/><E106/><V42/><F105/><W44/><G44/><T22/><D22/><U20/><E37/><V90/><F102/><W30/><G93/><T43/><D43/><U23/><E36/><V33/><F42/><W51/><G51/><T8/><D8/><U107/><E107/><V28/><REACH who="2" step="1"/><F16/><REACH who="2" ten="333,318,179,160" step="2"/><W124/><G124/><T85/><D74/><U116/><E73/><V12/><F12/><W114/><G17/><T101/><D101/><U45/><E3/><V135/><F135/><W113/><G68/><T77/><D77/><U53/><E116/><V111/><F111/><W129/><G129/><T6/><D6/><U120/><E79/><V9/><F9/><W133/><G133/><T40/><D41/><U86/><E7/><V65/><AGARI ba="0,1" hai="13,15,24,28,33,48,52,57,58,61,65,90,94,97" machi="65" ten="20,12000,2" yaku="1,1,0,1,7,1,52,1,54,1,53,1" doraHai="21" doraHaiUra="59" who="2" fromWho="2" sc="333,-30,318,-60,179,130,160,-30" /><INIT seed="6,0,0,0,2,114" ten="303,258,309,130" oya="2" hai0="3,75,11,117,6,58,126,98,130,73,29,76,121" hai1="63,32,43,31,71,54,118,109,28,93,124,53,64" hai2="10,5,78,81,123,2,36,24,80,18,21,101,77" hai3="105,113,92,37,25,22,13,97,84,1,56,94,74"/><V44/><F101/><W128/><G1/><T65/><D121/><U39/><E109/><V103/><F103/><W102/><G37/><T51/><D130/><U132/><E93/><V108/><F108/><W127/><G128/><T122/><D122/><U26/><E132/><V61/><F123/><W99/><G113/><T111/><D111/><U66/><E124/><V115/><F115/><W120/><G120/><T86/><D126/><U14/><E14/><V70/><F70/><W119/><G127/><T135/><D135/><U90/><E90/><V69/><F69/><W89/><G119/><T104/><D29/><U88/><E88/><V95/><F61/><W125/><G125/><T48/><D75/><U83/><E83/><V116/><F95/><W34/><G74/><T8/><D8/><U106/><E106/><V52/><F116/><W67/><G34/><T49/><D73/><U134/><E134/><V57/><F44/><W100/><G13/><T35/><D35/><U4/><E4/><V17/><F17/><W45/><G45/><T38/><D38/><U110/><E110/><V62/><F36/><W47/><G47/><T87/><D76/><U55/><E118/><V0/><F0/><W112/><G112/><T72/><D72/><U133/><E133/><V12/><F2/><W33/><G33/><T20/><D117/><U23/><E32/><V107/><F107/><W16/><G67/><T131/><D131/><U27/><E66/><V46/><F46/><W9/><REACH who="3" step="1"/><G56/><REACH who="3" ten="303,258,309,120" step="2"/><T85/><D58/><N who="1" m="36983" /><E39/><V96/><F12/><W40/><G40/><T129/><D129/><RYUUKYOKU ba="0,1" sc="303,-10,258,-10,309,-10,120,30" hai3="9,16,22,25,84,89,92,94,97,99,100,102,105" /><INIT seed="7,1,1,5,4,18" ten="293,248,299,150" oya="3" hai0="88,26,47,115,78,24,20,59,15,19,74,5,27" hai1="121,33,45,119,8,22,49,106,75,92,101,91,85" hai2="134,35,41,79,64,80,10,105,40,107,113,120,4" hai3="114,12,17,0,89,124,96,56,117,65,76,87,14"/><W125/><G0/><T39/><D115/><U63/><E33/><V93/><F41/><W99/><G114/><T62/><D74/><U1/><E121/><V70/><F93/><W133/><G117/><T7/><D78/><U84/><E119/><V100/><F100/><W28/><G28/><T86/><D47/><U36/><E36/><V112/><F40/><W132/><G76/><T25/><D25/><U83/><E63/><N who="2" m="40223" /><F35/><W67/><G56/><T131/><D39/><U23/><E8/><V77/><F77/><W2/><G2/><T57/><D131/><U43/><E1/><N who="2" m="271" /><F134/><N who="3" m="51819" /><G67/><N who="0" m="39375" /><D59/><U60/><E60/><V44/><F44/><W13/><G65/><T38/><D38/><U29/><E29/><V68/><F68/><W73/><G73/><T118/><D118/><U46/><E45/><V9/><F120/><W116/><G116/><T90/><D90/><U135/><E135/><V98/><F107/><W123/><G123/><T32/><D32/><U130/><E130/><V128/><F128/><W34/><G34/><T127/><D127/><N who="3" m="48713" /><G17/><T71/><D71/><U55/><E75/><N who="2" m="43135" /><F113/><W122/><G122/><T21/><D7/><U53/><E106/><V48/><F105/><W108/><G108/><T3/><D5/><U129/><E129/><V126/><F126/><W94/><AGARI ba="1,1" hai="12,13,14,87,89,94,96,99" m="48713,51819" machi="94" ten="40,3900,0" yaku="20,1,18,1" doraHai="18" who="3" fromWho="3" sc="293,-14,248,-14,299,-14,150,52" /><INIT seed="7,2,0,4,5,51" ten="279,234,285,202" oya="3" hai0="88,101,41,110,36,113,69,128,59,24,49,56,90" hai1="96,114,71,22,57,64,124,87,13,74,99,62,6" hai2="94,97,76,86,121,8,0,93,120,102,66,9,15" hai3="105,83,11,19,119,72,26,42,47,85,45,82,129"/><W104/><G119/><T33/><D110/><U5/><E74/><V1/><F66/><W23/><G129/><T2/><D2/><U107/><E107/><V25/><F25/><W115/><G115/><T3/><D3/><U73/><E73/><V40/><F40/><W65/><G65/><T17/><D69/><U46/><E114/><V135/><F9/><W109/><G109/><T98/><D113/><U10/><E124/><V95/><F76/><W92/><G92/><N who="2" m="35433" /><F86/><W21/><G11/><T84/><D128/><U38/><E6/><N who="2" m="3479" /><F135/><W48/><G72/><T63/><D36/><U20/><E71/><V39/><F39/><W27/><G45/><N who="0" m="25775" /><D33/><U126/><E126/><V35/><F35/><W54/><G42/><T89/><D84/><U34/><E46/><V50/><F50/><W123/><G123/><AGARI ba="2,0" hai="0,1,95,97,102,120,121,123" m="3479,35433" machi="123" ten="30,1000,0" yaku="13,1" doraHai="51" who="2" fromWho="3" sc="279,0,234,0,285,16,202,-16" owari="279,8.0,234,-17.0,301,40.0,186,-31.0" /></mjloggm>