<mjloggm ver="2.3"><GO type="169" lobby="0"/><UN n0="%74%75%63%6B%62%6F%63%6B" n1="%E3%81%A4%E3%82%89%E3%81%84%E3%80%82" n2="%79%75%36%31%39%7A%69" n3="%E5%BD%A9%E4%BA%AC" dan="17,16,16,17" rate="2102.61,2105.60,2121.44,2210.20" sx="M,M,M,M"/><TAIKYOKU oya="0"/><INIT seed="0,0,0,5,1,32" ten="250,250,250,250" oya="0" hai0="25,85,44,130,71,42,43,124,20,78,79,27,114" hai1="99,10,33,116,117,5,77,50,49,133,102,115,40" hai2="41,123,35,112,17,88,74,24,38,110,119,75,92" hai3="15,39,23,113,131,58,12,11,98,125,132,66,67"/><T83/><D114/><U2/><E115/><V4/><F112/><W106/><G113/><RYUUKYOKU type="kaze4" ba="0,0" sc="250,0,250,0,250,0,250,0" /><INIT seed="0,1,0,4,2,30" ten="250,250,250,250" oya="0" hai0="41,79,38,44,90,22,109,75,103,66,68,56,18" hai1="58,21,63,9,77,108,33,19,39,20,131,1,74" hai2="106,120,99,97,105,116,113,101,31,135,47,112,17" hai3="128,50,54,24,117,121,115,80,98,70,71,32,11"/><T87/><D103/><U89/><E39/><V78/><F17/><W130/><G117/><T86/><D68/><U5/><E108/><V107/><F47/><W126/><G115/><T88/><D75/><U85/><E131/><N who="3" m="50218" /><G126/><T119/><D119/><U67/><E33/><V127/><F116/><W55/><G121/><T132/><D132/><U102/><E102/><V2/><F2/><W12/><G98/><T8/><D8/><U122/><E122/><V62/><F107/><W23/><G80/><T42/><D42/><U65/><E65/><V25/><F120/><W15/><G54/><T45/><D45/><U59/><E59/><V73/><F135/><W64/><G64/><T16/><D109/><U40/><E40/><V72/><F127/><W53/><G53/><T37/><D37/><U28/><E28/><V96/><F101/><W57/><G32/><T35/><D35/><U93/><REACH who="1" step="1"/><E19/><REACH who="1" ten="250,240,250,250" step="2"/><V51/><F31/><W94/><G71/><T46/><D46/><U118/><E118/><V76/><F112/><W14/><G70/><T100/><D100/><U84/><E84/><V129/><F73/><W49/><G57/><T104/><D104/><U83/><AGARI ba="1,1" hai="1,5,9,20,21,58,63,67,74,77,83,85,89,93" machi="83" ten="30,4000,0" yaku="1,1,0,1,53,1" doraHai="30" doraHaiUra="82" who="1" fromWho="1" sc="250,-21,240,53,250,-11,250,-11" /><INIT seed="1,0,0,4,5,12" ten="229,293,239,239" oya="1" hai0="69,104,4,78,95,55,42,46,79,112,33,53,85" hai1="107,76,122,99,61,84,93,132,8,83,86,90,91" hai2="19,130,20,68,18,52,109,41,2,129,21,106,10" hai3="50,6,120,111,65,67,28,40,64,57,56,32,51"/><U80/><E122/><V59/><F68/><W25/><G120/><T121/><D104/><U62/><E132/><V45/><F106/><W58/><G111/><T48/><D112/><U73/><REACH who="1" step="1"/><E8/><REACH who="1" ten="229,283,239,239" step="2"/><V113/><F113/><W116/><G116/><T74/><D121/><U1/><E1/><V35/><F109/><W71/><G67/><T39/><D74/><U60/><E60/><N who="2" m="35943" /><F35/><W92/><G65/><T87/><D33/><U101/><AGARI ba="0,1" hai="61,62,73,76,80,83,84,86,90,91,93,99,101,107" machi="101" ten="30,11700,0" yaku="1,1,0,1,24,2,53,0" doraHai="12" doraHaiUra="31" who="1" fromWho="1" sc="229,-39,283,127,239,-39,239,-39" /><INIT seed="1,1,0,2,5,108" ten="190,410,200,200" oya="1" hai0="84,104,126,76,95,32,78,82,121,1,40,60,24" hai1="70,73,46,90,112,120,19,22,96,18,29,2,123" hai2="114,93,115,38,106,10,30,58,8,63,21,55,119" hai3="122,50,59,36,27,49,17,101,91,42,15,33,133"/><U3/><E73/><V125/><F106/><W53/><G122/><T64/><D121/><U92/><E70/><V103/><F38/><W43/><G133/><T39/><D1/><U117/><E117/><V34/><F34/><W16/><G36/><T102/><D126/><U86/><E29/><V71/><F71/><W109/><G109/><T13/><D13/><U77/><E2/><V31/><F119/><W26/><G101/><T7/><D7/><U51/><E3/><V83/><F83/><W25/><G33/><T20/><D32/><U135/><E135/><V61/><F61/><W5/><G91/><T0/><D0/><U105/><E112/><N who="2" m="43051" /><F125/><W118/><G118/><T62/><D104/><U12/><E18/><N who="3" m="7274" /><G49/><T57/><D62/><U14/><E14/><V66/><F55/><W44/><G59/><T47/><D78/><U87/><E105/><V48/><F48/><W113/><G113/><T6/><D6/><U52/><E123/><V23/><F31/><W65/><G65/><T9/><D39/><U89/><E120/><V4/><F30/><W129/><G129/><T134/><D134/><U41/><E52/><V94/><F4/><W111/><G111/><T81/><D81/><U74/><E51/><V116/><F116/><W75/><G75/><T127/><D127/><U72/><E41/><V132/><F132/><W100/><G43/><T54/><D40/><U79/><E74/><V131/><F131/><W98/><G42/><T124/><D124/><U35/><E72/><V97/><F94/><N who="3" m="58455" /><G5/><T80/><D54/><U130/><E35/><V88/><F103/><RYUUKYOKU ba="1,0" sc="190,-15,410,-15,200,15,200,15" hai2="8,10,21,23,58,63,66,88,93,97" hai3="15,25,26,27,44,50,53" /><INIT seed="2,2,0,1,5,45" ten="175,395,215,215" oya="2" hai0="133,106,107,36,0,52,83,66,77,8,26,14,37" hai1="124,27,96,29,126,21,122,127,25,2,86,35,84" hai2="81,3,59,88,4,41,31,91,6,39,117,100,111" hai3="42,65,125,123,17,76,101,113,114,12,50,116,9"/><V11/><F117/><W43/><G123/><T24/><D0/><U71/><E122/><V69/><F69/><W119/><G125/><T13/><D66/><U131/><E131/><V97/><F6/><W130/><G130/><T87/><D133/><U102/><E2/><V22/><F41/><W10/><G101/><T109/><D109/><U53/><E53/><V85/><F39/><W58/><G76/><T121/><D121/><U33/><E71/><V15/><F111/><W90/><G10/><T120/><D120/><U72/><E72/><V118/><F118/><W49/><G90/><T103/><D37/><U115/><E115/><N who="3" m="44042" /><G119/><T55/><D36/><U135/><E135/><V63/><F91/><W99/><G99/><T73/><D73/><U93/><REACH who="1" step="1"/><E33/><REACH who="1" ten="175,385,215,215" step="2"/><V98/><F100/><W89/><G116/><T60/><D103/><U80/><E80/><V108/><F108/><W134/><G134/><T95/><D83/><U61/><E61/><V19/><REACH who="2" step="1"/><F31/><AGARI ba="2,1" hai="21,25,27,29,31,35,84,86,93,96,102,124,126,127" machi="31" ten="40,2600,0" yaku="1,1,18,1,53,0" doraHai="45" doraHaiUra="40" who="1" fromWho="2" sc="175,0,385,42,215,-32,215,0" /><INIT seed="3,0,0,3,0,17" ten="175,427,183,215" oya="3" hai0="134,67,114,123,69,39,112,71,129,102,12,132,107" hai1="14,97,125,27,13,88,99,42,103,25,23,96,100" hai2="7,73,106,46,78,26,33,89,54,55,86,44,72" hai3="48,37,91,66,21,1,119,29,128,82,31,53,120"/><W77/><G120/><T24/><D12/><N who="1" m="4715" /><E125/><V83/><F106/><W20/><G119/><T16/><D123/><U9/><E9/><V22/><F7/><W2/><G37/><T79/><D39/><U47/><E27/><V3/><F3/><W105/><G105/><T38/><D38/><U45/><E88/><V70/><F70/><W84/><G66/><T131/><D79/><U92/><E42/><V57/><F33/><W28/><G128/><N who="0" m="49227" /><D102/><N who="1" m="38955" /><E92/><V108/><F55/><W85/><G2/><T95/><D95/><U109/><E109/><V18/><F108/><W49/><G1/><T127/><D107/><U80/><E80/><V116/><F116/><W63/><G63/><N who="0" m="40191" /><D71/><U30/><AGARI ba="0,0" hai="23,25,30,45,47,96,97,99" m="38955,4715" machi="30" ten="30,2000,0" yaku="8,1,52,1" doraHai="17" who="1" fromWho="1" sc="175,-5,427,20,183,-5,215,-10" /><INIT seed="4,0,0,0,0,106" ten="170,447,178,205" oya="0" hai0="112,9,132,25,97,115,49,63,62,16,69,120,93" hai1="55,87,54,77,39,108,10,105,94,18,81,110,122" hai2="66,56,12,32,24,116,21,4,22,17,36,131,59" hai3="45,99,118,20,1,70,88,40,133,89,8,33,126"/><T102/><D120/><U113/><E105/><V5/><F36/><W48/><G33/><T79/><D132/><U123/><E39/><V98/><F32/><W90/><G133/><T127/><D127/><U76/><E94/><V42/><F42/><W85/><G70/><T57/><D69/><U109/><E113/><N who="0" m="43593" /><D79/><U19/><E10/><V52/><F131/><W71/><G71/><T46/><D57/><U53/><REACH who="1" step="1"/><E77/><REACH who="1" ten="170,437,178,205" step="2"/><V50/><F116/><W80/><G8/><T134/><D134/><U27/><E27/><V68/><F68/><W15/><G118/><T58/><D58/><U31/><E31/><N who="2" m="17807" /><F98/><W107/><G99/><T35/><D9/><U38/><E38/><V117/><F117/><W128/><G107/><T95/><D95/><U74/><E74/><V30/><F30/><W114/><G114/><T23/><D35/><U111/><N who="1" m="27648" /><DORA hai="47" /><U28/><E28/><V135/><F135/><W34/><G34/><T65/><D65/><U60/><E60/><AGARI ba="0,1" hai="4,5,12,17,22,50,52,56,59,60,66" m="17807" machi="60" ten="30,3900,0" yaku="8,1,52,1,54,1" doraHai="106,47" who="2" fromWho="1" sc="170,0,437,-39,178,49,205,0" /><INIT seed="5,0,0,2,5,21" ten="170,398,227,205" oya="1" hai0="49,32,101,17,56,103,121,74,135,44,78,95,54" hai1="134,6,27,47,72,63,3,105,127,96,58,53,33" hai2="7,81,70,20,19,87,120,110,18,0,66,129,4" hai3="61,13,30,43,76,1,124,26,29,31,23,84,97"/><U93/><E72/><V12/><F120/><W64/><G1/><T104/><D121/><U102/><E127/><V77/><F110/><W111/><G111/><T35/><D135/><U60/><E134/><V36/><F36/><W85/><G124/><T39/><D104/><U112/><E112/><V98/><F0/><W15/><G43/><T52/><D17/><U122/><E122/><V82/><F129/><W28/><G97/><T25/><D35/><U38/><E3/><V67/><F98/><W65/><G85/><T9/><D9/><U115/><E6/><N who="2" m="2091" /><F70/><W108/><G108/><T14/><D14/><N who="3" m="5129" /><G61/><T8/><D8/><U100/><E115/><V118/><F118/><W90/><G76/><T71/><D71/><U128/><E128/><V114/><F114/><W5/><G5/><T91/><D78/><U130/><E130/><V34/><F34/><W24/><G24/><T132/><D74/><U45/><E38/><V37/><F37/><W48/><G48/><T117/><D132/><U59/><E105/><V79/><F82/><AGARI ba="0,0" hai="23,26,28,29,30,31,64,65,82,84,90" m="5129" machi="82" ten="30,2000,0" yaku="8,1,52,1" doraHai="21" who="3" fromWho="2" sc="170,0,398,0,227,-20,205,20" /><INIT seed="6,0,0,0,2,68" ten="170,398,207,225" oya="2" hai0="17,82,37,108,11,79,32,131,39,55,29,20,56" hai1="7,61,116,52,96,81,14,0,102,19,76,49,12" hai2="97,44,84,10,115,57,117,67,125,26,25,94,71" hai3="2,91,46,132,34,5,16,105,111,95,65,104,101"/><V129/><F117/><W114/><G111/><T112/><D108/><U75/><E116/><V98/><F71/><W62/><G34/><T43/><D43/><U33/><E33/><V36/><F84/><W93/><G5/><T77/><D11/><U40/><E0/><V8/><F57/><W54/><G2/><T118/><D118/><U89/><E89/><V133/><F67/><W72/><G72/><T15/><D79/><U45/><E7/><V90/><F98/><W60/><G132/><T66/><D66/><U48/><E61/><V106/><F106/><W120/><G120/><T30/><D131/><U51/><E19/><V31/><F26/><W134/><G134/><T74/><D112/><U99/><E99/><V4/><F10/><W80/><G101/><T50/><REACH who="0" step="1"/><D32/><REACH who="0" ten="160,398,207,225" step="2"/><U24/><E40/><V21/><F115/><W87/><G65/><T38/><AGARI ba="0,1" hai="15,17,20,29,30,37,38,39,50,55,56,74,77,82" machi="38" ten="30,12000,2" yaku="1,1,2,1,0,1,52,3,53,0" doraHai="68" doraHaiUra="113" who="0" fromWho="0" sc="160,130,398,-30,207,-60,225,-30" /><INIT seed="7,0,0,2,1,133" ten="290,368,147,195" oya="3" hai0="96,86,71,12,88,102,59,29,76,124,45,113,6" hai1="46,48,91,104,66,98,10,101,130,74,114,51,103" hai2="57,31,64,53,5,41,42,4,116,89,16,126,93" hai3="109,30,55,72,2,18,106,58,11,21,8,134,19"/><W135/><G106/><T60/><D45/><U22/><E74/><V100/><F116/><W56/><G72/><T128/><D128/><U28/><E130/><V65/><F31/><W63/><G109/><T94/><D29/><U110/><E110/><V47/><F100/><W1/><G21/><T75/><D71/><U7/><E114/><V108/><F108/><W121/><G30/><T61/><D113/><U84/><E66/><V118/><F118/><W40/><G40/><T78/><D61/><U92/><E46/><V79/><F79/><W50/><G121/><T99/><D99/><U35/><E103/><V77/><F77/><W119/><G119/><T23/><D75/><U90/><E90/><V70/><F70/><W44/><G44/><T15/><D15/><N who="1" m="5599" /><E35/><V120/><F120/><W9/><G18/><T125/><D6/><U111/><E111/><V34/><F34/><W0/><G19/><T105/><D12/><U129/><E129/><V14/><F64/><W43/><G43/><T85/><D23/><U17/><E28/><V73/><F65/><W95/><G135/><T38/><D38/><U80/><E104/><V62/><F73/><W127/><G134/><T37/><D37/><U112/><E112/><V122/><F122/><W81/><G1/><T123/><D123/><U87/><E87/><V36/><F42/><W33/><G2/><T132/><D132/><U52/><E52/><V69/><F69/><W131/><G0/><T39/><D39/><U25/><AGARI ba="0,0" hai="17,22,25,48,51,80,84,91,92,98,101" m="5599" machi="25" ten="30,1100,0" yaku="8,1" doraHai="133" who="1" fromWho="1" sc="290,-3,368,11,147,-3,195,-5" owari="287,9.0,379,48.0,144,-36.0,190,-21.0" /></mjloggm>