<mjloggm ver="2.3"><GO type="185" lobby="0"/><UN n0="%E8%99%B9%E9%87%8E%E3%82%86%E3%82%81" n1="%74%61%6B%61%2D%31%31%36" n2="%E6%A2%B6%E9%9A%86%E8%87%A3" n3="" dan="16,16,17,0" rate="2157.96,2131.59,2274.27,1500.00" sx="F,M,M,C"/><TAIKYOKU oya="0"/><INIT seed="0,0,0,3,4,125" ten="350,350,350,0" oya="0" hai0="122,46,47,84,60,101,34,114,38,128,56,61,79" hai1="49,97,53,124,42,65,72,44,93,121,131,78,95" hai2="3,86,36,118,115,57,41,39,71,80,52,108,76" hai3=""/><T64/><N who="0" m="31264" /><T66/><D114/><U116/><N who="1" m="31008" /><U127/><E116/><V67/><F115/><T83/><D34/><U0/><E0/><V35/><F3/><T92/><D38/><U55/><E95/><V123/><N who="2" m="31520" /><V107/><F107/><T1/><D1/><U58/><E65/><V50/><F108/><T104/><D104/><U98/><E98/><V69/><F35/><T82/><D82/><U130/><E78/><V40/><F118/><T135/><D135/><U134/><E72/><V103/><F103/><T37/><D37/><U133/><E93/><V91/><F76/><T109/><D109/><U129/><E97/><V85/><F86/><T106/><D106/><U70/><E70/><V90/><F91/><T81/><D81/><U48/><E55/><V89/><F67/><T63/><D66/><U112/><E112/><V68/><F90/><T73/><D101/><U120/><N who="1" m="30752" /><U96/><REACH who="1" step="1"/><E96/><REACH who="1" ten="350,340,350,0" step="2"/><V126/><F68/><T94/><D73/><U105/><E105/><V33/><F33/><T2/><D2/><U75/><E75/><V113/><F113/><T87/><D87/><U117/><E117/><V74/><F74/><T99/><D84/><U59/><E59/><V32/><F69/><RYUUKYOKU ba="0,1" sc="350,-10,340,20,350,-10,0,0" hai1="42,44,48,49,53,58,124,127,129,130,131,133,134" /><INIT seed="1,1,1,5,4,126" ten="340,360,340,0" oya="1" hai0="63,107,68,67,118,45,49,84,92,1,115,64,32" hai1="93,120,41,132,95,96,110,80,128,86,124,131,58" hai2="2,59,108,114,94,101,47,105,52,46,35,62,72" hai3=""/><U79/><N who="1" m="30752" /><U129/><E41/><V88/><F108/><T89/><D115/><U102/><E58/><V56/><F2/><T83/><D32/><U127/><E110/><V99/><F72/><T73/><D118/><U34/><E34/><V113/><F35/><T50/><D107/><U111/><E111/><V100/><F101/><T117/><D117/><U75/><E132/><V65/><F114/><T104/><D104/><U87/><E95/><V78/><F78/><T112/><D112/><U42/><E42/><V57/><F113/><T81/><D1/><U54/><E54/><V61/><REACH who="2" step="1"/><F56/><REACH who="2" ten="340,360,330,0" step="2"/><T77/><D73/><U134/><E134/><V38/><F38/><T106/><D77/><U122/><N who="1" m="31264" /><U82/><E75/><V90/><F90/><AGARI ba="1,2" hai="79,80,82,86,87,90,93,96,102,124,127,128,129,131" m="31264,30752" machi="90" ten="40,24000,3" yaku="19,1,34,3,52,5" doraHai="126" who="1" fromWho="2" sc="340,0,360,262,330,-242,0,0" /><INIT seed="1,2,0,4,2,36" ten="340,622,88,0" oya="1" hai0="52,129,114,121,89,34,37,100,96,38,91,118,103" hai1="133,117,33,56,98,59,68,58,39,62,57,120,82" hai2="60,66,115,85,99,113,73,40,50,83,35,124,109" hai3=""/><U67/><N who="1" m="30752" /><U102/><E33/><V2/><F109/><T128/><N who="0" m="31008" /><T1/><D114/><U72/><E117/><V42/><F73/><T119/><D1/><U127/><E127/><V110/><F110/><T86/><D86/><U108/><E108/><V75/><F75/><T116/><D34/><U71/><E133/><V105/><F50/><T112/><D112/><N who="2" m="43082" /><F2/><T84/><D118/><U126/><E126/><V69/><F35/><T76/><D37/><U90/><E39/><V47/><F47/><T87/><D38/><U80/><E80/><V104/><F124/><T0/><D0/><U130/><E130/><V106/><F99/><T70/><D96/><U131/><E131/><V64/><F66/><T132/><D129/><U101/><E101/><V81/><F81/><T53/><D103/><U51/><E51/><V46/><F46/><T135/><D100/><U43/><E72/><V88/><AGARI ba="2,0" hai="40,42,60,64,69,83,85,88,104,105,106" m="43082" machi="88" ten="40,6000,1" yaku="11,1,52,2,54,1" doraHai="36" who="2" fromWho="2" sc="340,-22,622,-42,88,64,0,0" /><INIT seed="2,0,0,1,5,42" ten="318,580,152,0" oya="2" hai0="40,97,78,58,57,106,84,103,70,66,2,47,1" hai1="51,85,53,82,95,86,122,81,32,0,135,39,130" hai2="37,45,88,134,129,112,123,50,61,48,60,119,3" hai3=""/><V41/><N who="2" m="31520" /><V76/><F3/><T127/><D70/><U102/><N who="1" m="31264" /><U99/><E0/><V69/><F112/><T72/><D127/><U92/><E32/><V56/><F119/><T67/><D67/><U91/><E39/><V132/><F76/><T121/><N who="0" m="31008" /><T38/><D57/><U71/><E71/><V100/><F100/><T34/><D34/><U128/><E135/><N who="2" m="51755" /><F129/><T131/><D131/><U120/><N who="1" m="30752" /><U93/><E53/><V43/><F41/><T114/><D72/><U63/><E51/><V109/><F109/><T89/><D78/><U110/><E110/><V46/><F45/><T118/><D118/><U113/><E113/><V104/><F104/><T133/><D114/><U49/><E128/><V111/><F111/><T77/><D77/><U62/><E130/><V116/><F116/><T105/><D105/><U79/><REACH who="1" step="1"/><E49/><REACH who="1" ten="318,570,152,0" step="2"/><V108/><F108/><T117/><D133/><U90/><E90/><V126/><F126/><T98/><D117/><U36/><E36/><V35/><F35/><T107/><D1/><U52/><E52/><V33/><F33/><T65/><D2/><U73/><E73/><V83/><F69/><T64/><D89/><U96/><E96/><V59/><F50/><RYUUKYOKU ba="0,1" sc="318,-10,570,20,152,-10,0,0" hai1="62,63,79,81,82,85,86,91,92,93,95,99,102" /><INIT seed="4,1,1,1,1,124" ten="308,590,142,0" oya="0" hai0="81,62,37,128,42,94,87,110,50,47,121,103,74" hai1="134,107,48,46,99,78,91,122,79,39,123,45,97" hai2="44,90,56,133,127,2,83,3,82,40,63,92,125" hai3=""/><T88/><N who="0" m="31008" /><T85/><D74/><U77/><N who="1" m="31264" /><U57/><N who="1" m="31520" /><U60/><E134/><V93/><F133/><T95/><D110/><U36/><E99/><V70/><F70/><T64/><D128/><U105/><E105/><V65/><F83/><T118/><D118/><U49/><E107/><V132/><F82/><T130/><D130/><U112/><E112/><V41/><F41/><T68/><D103/><U73/><E73/><V119/><F93/><T126/><D126/><N who="2" m="48138" /><F132/><T115/><D115/><U72/><E72/><V66/><F65/><T80/><REACH who="0" step="1"/><D37/><REACH who="0" ten="298,590,142,0" step="2"/><U32/><E36/><V53/><F119/><T117/><D117/><U100/><E39/><V52/><F2/><T89/><AGARI ba="1,2" hai="42,47,50,62,64,68,80,81,85,87,88,89,94,95" m="31008" machi="89" ten="20,12000,2" yaku="1,1,0,1,7,1,9,1,52,1,54,1,53,0" doraHai="124" doraHaiUra="104" who="0" fromWho="0" sc="298,142,590,-61,142,-61,0,0" /><INIT seed="4,2,0,0,4,78" ten="440,529,81,0" oya="0" hai0="130,100,36,132,102,80,90,40,87,120,81,101,72" hai1="55,126,131,67,1,128,118,43,37,71,45,38,104" hai2="113,89,84,108,34,116,95,117,42,32,76,48,112" hai3=""/><T58/><N who="0" m="30752" /><T62/><D132/><U122/><N who="1" m="31264" /><U123/><N who="1" m="31520" /><U59/><E1/><V53/><F108/><T50/><D130/><N who="1" m="49707" /><E104/><V61/><F42/><T73/><D36/><N who="1" m="13931" /><E118/><N who="2" m="45675" /><F61/><T54/><D40/><U63/><E126/><V110/><F76/><T124/><D124/><U119/><E119/><V125/><F110/><T106/><D106/><U65/><E71/><V97/><F97/><T52/><REACH who="0" step="1"/><D81/><REACH who="0" ten="430,529,81,0" step="2"/><U121/><N who="1" m="31008" /><U33/><E33/><N who="2" m="12907" /><F125/><T49/><D49/><AGARI ba="2,1" hai="43,45,49,55,59,63,65,67" m="31008,13931,49707,31520,31264" machi="49" ten="30,12000,2" yaku="19,1,34,2,52,3" doraHai="78" who="1" fromWho="0" sc="430,-124,529,134,81,0,0,0" /><INIT seed="5,0,0,1,2,104" ten="306,663,81,0" oya="1" hai0="71,124,86,36,51,61,112,88,113,45,125,35,85" hai1="55,131,50,106,68,96,126,109,90,53,111,47,48" hai2="0,39,84,98,37,135,58,32,78,80,122,42,115" hai3=""/><U67/><E106/><V54/><N who="2" m="31264" /><V40/><F0/><T33/><D36/><U64/><E96/><V101/><F32/><N who="0" m="12362" /><D85/><U123/><N who="1" m="31520" /><U121/><N who="1" m="31008" /><U41/><E90/><V110/><F110/><N who="1" m="41993" /><E126/><N who="0" m="48745" /><D61/><U82/><E82/><V3/><F3/><T117/><D71/><U87/><E87/><V62/><F135/><T89/><D117/><U132/><E68/><V66/><F115/><N who="0" m="44106" /><D86/><U120/><N who="1" m="30752" /><U2/><E2/><V79/><F84/><T60/><D89/><U34/><E34/><V44/><F80/><T81/><D81/><U108/><E67/><V134/><F134/><T57/><D88/><U75/><N who="1" m="42001" /><U99/><DORA hai="49" /><E132/><V77/><F66/><T119/><D119/><U118/><E118/><V94/><F78/><T114/><D114/><U46/><E64/><V74/><F79/><T92/><D92/><U38/><E38/><V1/><F1/><T103/><D103/><U105/><E99/><V91/><F91/><T70/><D70/><U59/><E105/><V72/><REACH who="2" step="1"/><F77/><REACH who="2" ten="306,663,71,0" step="2"/><T107/><D107/><U97/><E97/><V93/><F93/><T130/><D130/><U76/><E131/><V116/><F116/><T65/><D65/><U95/><E95/><V56/><F56/><RYUUKYOKU ba="0,1" sc="306,-10,663,-10,71,20,0,0" hai2="37,39,40,42,44,54,58,62,72,74,94,98,101" /><INIT seed="6,1,1,4,0,98" ten="296,653,91,0" oya="2" hai0="123,1,88,66,78,39,116,49,108,3,71,92,38" hai1="120,75,128,51,46,103,2,62,115,96,106,44,95" hai2="119,83,50,124,125,45,54,70,41,53,72,107,63" hai3=""/><V33/><F107/><T59/><D108/><U43/><N who="1" m="30752" /><U86/><E2/><V109/><F33/><T105/><D116/><U94/><E75/><V40/><F119/><T55/><N who="0" m="31520" /><T130/><D105/><U129/><E115/><V60/><F109/><T114/><D78/><U77/><E62/><V87/><F72/><T42/><D114/><U73/><E73/><V100/><F100/><T90/><D90/><U81/><E46/><V93/><F93/><T65/><D65/><U36/><E36/><V84/><F70/><T56/><D130/><AGARI ba="1,1" hai="43,44,51,77,81,86,94,95,96,103,106,128,129,130" m="30752" machi="130" ten="40,5200,0" yaku="19,1,52,2" doraHai="98" who="1" fromWho="0" sc="296,-54,653,64,91,0,0,0" owari="242,-16.0,717,67.0,91,-51.0,0,0.0" /></mjloggm>