<mjloggm ver="2.3"><GO type="169" lobby="0"/><UN n0="%E3%81%8A%E7%9F%A5%E3%82%89%E3%81%9B" n1="%74%75%63%6B%62%6F%63%6B" n2="%E3%82%B4%E3%83%BC%E3%83%AB%E3%83%89%E3%82%B7%E3%83%83%E3%83%97" n3="%E3%82%84%E3%81%BE%E3%81%8B%E3%81%84" dan="19,17,16,16" rate="2320.52,2108.28,2092.02,2171.59" sx="M,M,M,M"/><TAIKYOKU oya="0"/><INIT seed="0,0,0,2,4,38" ten="250,250,250,250" oya="0" hai0="21,132,5,68,76,83,120,7,52,14,115,106,78" hai1="18,55,89,90,98,121,119,80,26,40,92,99,9" hai2="28,44,31,11,2,53,82,58,79,123,129,49,70" hai3="117,73,39,33,13,45,88,133,65,135,63,64,113"/><T46/><D120/><U43/><E121/><V87/><F129/><W62/><G113/><T20/><D115/><U1/><E119/><V60/><F123/><W16/><G117/><T4/><D68/><U36/><E36/><V100/><F100/><W107/><G33/><T25/><D106/><U34/><E55/><V118/><F118/><W72/><G107/><T23/><D132/><N who="3" m="50761" /><G39/><T41/><D25/><U86/><E99/><V134/><F134/><W12/><G45/><T96/><D96/><U56/><E56/><V6/><REACH who="2" step="1"/><F70/><REACH who="2" ten="250,250,240,250" step="2"/><W122/><G122/><T19/><D76/><U74/><E74/><V101/><F101/><W35/><G73/><T15/><D15/><U111/><E111/><V30/><F30/><W77/><G13/><T108/><D108/><U66/><E1/><V102/><F102/><W95/><G77/><T125/><D125/><U24/><E9/><V112/><F112/><W37/><G72/><T27/><D14/><U130/><E130/><V47/><F47/><W114/><G12/><T97/><D78/><U85/><E26/><V105/><F105/><W126/><G126/><T110/><D110/><U131/><E131/><V128/><F128/><W104/><G104/><T93/><D27/><U50/><E24/><V8/><F8/><W69/><G114/><T42/><D19/><U59/><E18/><V91/><F91/><W124/><G124/><T17/><D17/><U61/><E34/><V0/><F0/><W29/><G16/><T109/><D109/><U84/><E90/><V32/><F32/><W67/><G35/><T116/><D116/><RYUUKYOKU ba="0,1" sc="250,-10,250,-10,240,30,250,-10" hai2="2,6,11,28,31,44,49,53,58,60,79,82,87" /><INIT seed="1,1,1,3,3,41" ten="240,240,270,240" oya="1" hai0="89,126,115,40,66,24,78,104,87,6,83,103,135" hai1="86,81,73,97,133,134,7,21,116,45,77,107,11" hai2="8,49,46,57,80,95,62,123,50,10,132,25,88" hai3="96,127,67,17,109,19,36,129,43,63,105,22,94"/><U54/><E116/><V4/><F123/><W56/><G109/><T13/><D115/><U1/><E21/><V29/><F132/><N who="1" m="50793" /><E86/><N who="2" m="50247" /><F95/><W90/><G127/><T58/><D135/><U91/><E91/><V85/><F85/><W118/><G129/><T102/><D126/><U39/><E54/><N who="2" m="30007" /><F4/><W92/><G105/><T124/><D104/><U71/><E71/><V32/><F32/><W33/><G33/><T61/><D124/><U2/><E97/><V34/><F34/><W35/><G35/><T5/><D89/><U30/><E30/><V70/><F70/><W31/><G118/><T72/><D102/><U26/><E26/><V65/><F25/><W122/><G122/><T16/><D24/><U119/><E107/><V84/><F84/><W111/><G96/><T79/><D103/><U27/><E27/><V75/><F75/><W121/><G121/><T60/><D72/><U23/><E119/><V98/><F98/><W99/><G99/><T9/><D79/><U64/><E2/><V12/><F12/><W113/><G92/><T37/><REACH who="0" step="1"/><D61/><REACH who="0" ten="230,240,270,240" step="2"/><U76/><E76/><V53/><F29/><W112/><G31/><T130/><D130/><U3/><E73/><V18/><F18/><W114/><G19/><T14/><D14/><U74/><E3/><V131/><F131/><W100/><G114/><T0/><D0/><U110/><E74/><V15/><F15/><N who="3" m="9535" /><G100/><T120/><D120/><U20/><E1/><V68/><F10/><W117/><G117/><T82/><D82/><U55/><E81/><V48/><F8/><W44/><G111/><T108/><D108/><RYUUKYOKU ba="1,2" sc="230,10,240,-30,270,10,240,10" hai0="5,6,9,13,16,37,40,58,60,66,78,83,87" hai2="48,50,53,57,62,65,68" hai3="36,43,44,56,63,67,90,94,112,113" /><INIT seed="2,2,2,4,5,29" ten="240,210,280,250" oya="2" hai0="65,88,115,111,2,76,125,113,84,110,93,62,21" hai1="66,71,97,104,74,26,92,63,122,31,80,69,20" hai2="81,59,102,41,114,42,30,86,130,34,123,7,112" hai3="38,105,11,126,45,70,23,25,56,67,121,82,6"/><V119/><F123/><W5/><G121/><T8/><D125/><U127/><E127/><V116/><F7/><W50/><G126/><T12/><D2/><U46/><E122/><V75/><F75/><W14/><G105/><T95/><D76/><U24/><E104/><V131/><F102/><W128/><G128/><N who="2" m="49193" /><F59/><W10/><G70/><T28/><D93/><U18/><E46/><V15/><F15/><W96/><G38/><T37/><D37/><U60/><E74/><V53/><F53/><W22/><G96/><T99/><D99/><U43/><E43/><N who="2" m="16395" /><F30/><W73/><G73/><T109/><D28/><U100/><E80/><V79/><F34/><W4/><G82/><T33/><D21/><U133/><E133/><V58/><F58/><W3/><G6/><N who="0" m="3095" /><D33/><U32/><E63/><V13/><F13/><N who="3" m="5319" /><G25/><T94/><D94/><U90/><E100/><V36/><F36/><W124/><G3/><T101/><D101/><U17/><E69/><AGARI ba="2,2" hai="62,65,69,84,88,95,109,110,111,113,115" m="3095" machi="69" ten="30,2000,0" yaku="14,1,54,1" doraHai="29" who="0" fromWho="1" sc="240,46,210,-26,280,0,250,0" /><INIT seed="3,0,0,3,3,135" ten="286,184,280,250" oya="3" hai0="95,86,72,131,7,6,88,134,31,105,87,57,36" hai1="8,129,34,45,89,5,39,80,55,21,48,125,101" hai2="70,25,94,56,112,71,107,12,103,96,28,104,90" hai3="114,120,78,122,69,68,111,27,42,106,20,61,81"/><W121/><G114/><T47/><D72/><U92/><E34/><V65/><F112/><W53/><G106/><T44/><D105/><U37/><E129/><V97/><F104/><W58/><G42/><T113/><D113/><U115/><E115/><V14/><F56/><W75/><REACH who="3" step="1"/><G111/><REACH who="3" ten="286,184,280,240" step="2"/><T102/><D131/><U26/><E37/><V9/><F71/><W110/><G110/><T133/><D36/><U66/><E39/><V82/><F82/><W108/><G108/><T77/><D134/><U2/><E80/><V4/><F70/><W17/><AGARI ba="0,1" hai="17,20,27,53,58,61,68,69,75,78,81,120,121,122" machi="17" ten="30,3000,0" yaku="1,1,0,1,53,0" doraHai="135" doraHaiUra="24" who="3" fromWho="3" sc="286,-10,184,-10,280,-10,240,40" /><INIT seed="3,1,0,1,5,1" ten="276,174,270,280" oya="3" hai0="48,114,79,97,112,92,6,3,91,73,78,52,119" hai1="107,127,69,98,0,126,116,125,44,55,121,63,59" hai2="46,38,40,51,102,120,61,21,64,105,27,23,36" hai3="5,86,18,16,39,74,47,83,129,31,84,37,49"/><W11/><G74/><T71/><D71/><U30/><E0/><V115/><F115/><N who="0" m="44074" /><D119/><U43/><E30/><V57/><F120/><W4/><G129/><T77/><D73/><U106/><E121/><V62/><F62/><W13/><G31/><T89/><D89/><U87/><E87/><V50/><F23/><W80/><G49/><T65/><D65/><N who="1" m="41151" /><E98/><V134/><F134/><W131/><G131/><T123/><D123/><U25/><E25/><V24/><F24/><W7/><G18/><T76/><N who="0" m="19456" /><DORA hai="82" /><T12/><D3/><U132/><E132/><V70/><F51/><W19/><G19/><T110/><D110/><U85/><E85/><N who="3" m="32874" /><G39/><T45/><D12/><U54/><E116/><V15/><F15/><N who="3" m="7295" /><G37/><T8/><D8/><U99/><E99/><V96/><REACH who="2" step="1"/><F70/><REACH who="2" ten="276,174,260,280" step="2"/><W117/><G117/><T14/><D14/><U95/><E127/><V81/><F81/><N who="3" m="31307" /><G13/><T135/><D135/><U2/><E126/><V66/><F66/><W26/><G26/><T34/><D34/><U104/><E125/><V28/><AGARI ba="1,1" hai="21,27,28,36,38,40,46,50,57,61,64,96,102,105" machi="28" ten="20,5200,0" yaku="1,1,0,1,7,1,53,1" doraHai="1,82" doraHaiUra="41,122" who="2" fromWho="2" sc="276,-14,174,-14,260,65,280,-27" /><INIT seed="4,0,0,2,4,30" ten="262,160,325,253" oya="0" hai0="93,3,0,85,128,82,57,95,2,65,34,115,31" hai1="129,127,107,98,101,66,135,78,121,109,4,124,122" hai2="28,49,1,90,77,103,63,102,35,70,13,44,125" hai3="133,54,51,48,83,21,81,114,126,131,22,17,25"/><T58/><D115/><U64/><E4/><V116/><F1/><W36/><G36/><T118/><D118/><U59/><E59/><V61/><F116/><W15/><G114/><T71/><D128/><U43/><E43/><V69/><F77/><W86/><G131/><T26/><D71/><U89/><E129/><V7/><F125/><N who="1" m="48201" /><E66/><V55/><F90/><W18/><G126/><T53/><D65/><U29/><E64/><V24/><F69/><W41/><G133/><T11/><D11/><U72/><E29/><V32/><F70/><W80/><G41/><T112/><D112/><U39/><E39/><V87/><F87/><W79/><REACH who="3" step="1"/><G51/><REACH who="3" ten="262,160,325,243" step="2"/><T100/><D100/><U96/><E135/><V14/><F49/><W110/><G110/><T40/><D40/><U45/><E109/><V19/><F102/><W117/><G117/><T33/><D0/><U9/><E45/><AGARI ba="0,1" hai="15,17,18,21,22,25,45,48,54,79,80,81,83,86" machi="45" ten="30,7700,0" yaku="1,1,7,1,8,1,53,1" doraHai="30" doraHaiUra="50" who="3" fromWho="1" sc="262,0,160,-77,325,0,243,87" /><INIT seed="5,0,0,0,2,66" ten="262,83,325,330" oya="1" hai0="109,19,50,108,82,48,113,17,125,116,132,115,92" hai1="44,89,87,32,39,9,133,63,59,14,58,81,61" hai2="123,68,12,135,100,84,79,101,128,35,104,127,7" hai3="1,83,62,52,2,27,57,134,6,99,97,64,94"/><U110/><E110/><V80/><F123/><W21/><G134/><T107/><D107/><U29/><E133/><V119/><F135/><W130/><G130/><T77/><D132/><U121/><E121/><V10/><F128/><W36/><G36/><T102/><D116/><U67/><E32/><V118/><F35/><W76/><G6/><T131/><D131/><U126/><E126/><V8/><F68/><W46/><G46/><T114/><D125/><U51/><E39/><V93/><F127/><W91/><G97/><N who="0" m="59687" /><D17/><U88/><E29/><V24/><F24/><W90/><G90/><T56/><D19/><U41/><E89/><V55/><F104/><W75/><REACH who="3" step="1"/><G64/><REACH who="3" ten="262,83,325,320" step="2"/><T34/><D108/><U28/><E28/><AGARI ba="0,1" hai="1,2,21,27,28,52,57,62,75,76,83,91,94,99" machi="28" ten="30,7700,0" yaku="1,1,2,1,7,1,54,1,53,0" doraHai="66" doraHaiUra="65" who="3" fromWho="1" sc="262,0,83,-77,325,0,320,87" /><INIT seed="6,0,0,5,1,109" ten="262,6,325,407" oya="2" hai0="73,60,76,33,128,61,70,135,26,97,116,34,75" hai1="36,19,101,93,47,77,120,32,106,115,42,119,31" hai2="81,37,100,105,25,20,96,90,45,44,125,17,65" hai3="72,0,124,30,129,49,69,38,16,122,79,39,9"/><V12/><F125/><W94/><G122/><T67/><D135/><U6/><E93/><V112/><F112/><W54/><G69/><T46/><D128/><U64/><E19/><V2/><F2/><W121/><G121/><T28/><D116/><U15/><E64/><V8/><F65/><W41/><G30/><T80/><D61/><U35/><E31/><V134/><F134/><W85/><G129/><T111/><D111/><U130/><E15/><V82/><F37/><W48/><G72/><T52/><D75/><U131/><E6/><V89/><F82/><W4/><G41/><T1/><D1/><U10/><E10/><V21/><F20/><W22/><G49/><T114/><D34/><U127/><E77/><V29/><REACH who="2" step="1"/><F81/><REACH who="2" ten="262,6,315,407" step="2"/><N who="3" m="47295" /><G124/><T43/><D114/><U50/><E127/><V23/><F23/><W98/><G39/><T84/><D73/><U92/><E120/><V3/><F3/><W13/><G38/><T95/><D43/><U66/><E119/><V103/><F103/><W99/><G22/><T110/><D110/><U51/><E66/><V7/><F7/><W58/><G0/><T14/><D14/><U117/><E117/><V132/><F132/><W68/><G4/><T11/><D11/><U102/><E115/><V108/><F108/><W104/><G9/><T63/><D67/><U88/><E106/><V62/><F62/><W86/><G104/><T118/><D118/><U113/><E113/><V40/><F40/><W24/><G13/><T91/><REACH who="0" step="1"/><D70/><REACH who="0" ten="252,6,315,407" step="2"/><U83/><E131/><V53/><F53/><W56/><G68/><T123/><D123/><RYUUKYOKU ba="0,2" sc="252,15,6,-15,315,15,407,-15" hai0="26,28,33,46,52,60,63,76,80,84,91,95,97" hai2="8,12,17,21,25,29,44,45,89,90,96,100,105" owari="267,-13.0,-9,-51.0,330,13.0,412,51.0" /></mjloggm>