<mjloggm ver="2.3"><GO type="225" lobby="0"/><UN n0="%E3%81%82%E3%81%9A%E3%81%8D%E3%81%82%E3%81%9A%E3%81%95" n1="%E7%B6%BE%E9%87%8E%E7%8F%AA%E5%AD%90" n2="%70%69%6E%70%69%6E%36" n3="%E3%83%B4%E3%83%A0%EF%BC%99%E3%81%A6" dan="16,17,16,17" rate="2108.92,2215.70,2179.86,2213.38" sx="M,F,M,M"/><TAIKYOKU oya="0"/><INIT seed="0,0,0,2,4,126" ten="250,250,250,250" oya="0" hai0="135,113,122,87,38,13,9,8,105,45,129,14,90" hai1="48,65,64,40,125,107,55,53,50,86,67,119,134" hai2="83,66,121,115,110,131,103,85,21,117,31,81,41" hai3="52,116,61,73,72,20,96,88,35,97,78,59,80"/><T79/><D113/><U76/><E107/><V101/><F115/><W99/><G116/><T42/><D122/><U56/><E119/><V92/><F121/><W2/><G35/><T114/><D114/><U5/><E134/><V7/><F117/><W3/><G73/><T19/><D135/><U37/><E125/><V71/><F110/><W16/><REACH who="3" step="1"/><G88/><REACH who="3" ten="250,250,250,240" step="2"/><T32/><D32/><U33/><E33/><V106/><F101/><W15/><AGARI ba="0,1" hai="2,3,15,16,20,52,59,61,72,78,80,96,97,99" machi="15" ten="30,8000,1" yaku="1,1,2,1,0,1,54,2,53,0" doraHai="126" doraHaiUra="127" who="3" fromWho="3" sc="250,-40,250,-20,250,-20,240,90" /><INIT seed="1,0,0,2,0,85" ten="210,230,230,330" oya="1" hai0="34,91,17,125,93,4,133,14,105,84,52,28,116" hai1="112,131,39,118,68,12,73,81,103,63,86,38,98" hai2="58,107,101,19,56,71,46,3,134,109,8,100,0" hai3="126,51,120,55,67,114,15,35,22,33,104,121,59"/><U108/><E73/><V72/><F71/><W80/><G114/><T60/><D116/><U83/><E112/><V119/><F119/><W65/><G104/><T97/><D125/><U115/><E118/><V111/><F134/><W95/><G126/><T31/><D133/><U117/><E117/><V1/><F72/><W113/><G113/><T27/><D4/><U29/><E115/><V130/><F130/><W110/><G80/><N who="0" m="49543" /><D105/><U99/><E131/><V127/><F127/><W76/><G76/><T30/><D34/><U74/><E29/><V87/><F46/><W82/><G82/><T18/><D14/><U88/><E108/><N who="2" m="41547" /><F87/><W78/><G110/><T41/><D27/><U123/><E123/><V37/><F37/><W6/><G33/><T124/><D41/><U135/><E135/><V75/><F75/><W92/><G35/><T129/><D129/><U43/><E43/><V77/><F77/><W36/><G78/><T5/><D5/><U70/><E74/><V13/><F107/><W94/><G36/><T32/><D32/><U50/><E39/><V96/><F96/><W61/><G6/><T62/><D124/><U64/><E99/><V48/><F48/><W9/><G51/><T42/><D42/><U66/><E50/><V53/><F53/><W102/><G120/><T128/><D128/><U21/><E38/><V40/><F40/><W24/><G121/><T79/><D79/><U7/><E98/><V57/><AGARI ba="0,0" hai="0,1,3,8,13,19,56,57,58,100,101" m="41547" machi="57" ten="40,1500,0" yaku="14,1" doraHai="85" who="2" fromWho="2" sc="210,-4,230,-7,230,15,330,-4" /><INIT seed="2,0,0,1,1,56" ten="206,223,245,326" oya="2" hai0="126,125,29,106,128,77,100,11,86,64,8,19,117" hai1="2,96,32,110,135,55,108,134,41,67,99,122,83" hai2="58,118,69,46,27,74,85,31,98,133,45,21,115" hai3="109,26,52,104,38,22,43,5,119,4,62,88,131"/><V54/><F69/><W112/><G104/><T18/><D29/><U116/><E116/><V30/><F115/><W44/><G119/><T59/><D117/><U12/><E2/><V111/><F74/><W81/><G112/><T102/><D128/><U90/><E32/><V33/><F118/><W107/><G107/><T129/><D129/><U78/><E122/><V14/><F111/><N who="1" m="42537" /><E41/><V130/><F130/><W73/><G109/><T101/><D106/><U13/><E67/><V75/><F75/><W25/><G73/><T3/><D86/><N who="1" m="48503" /><E55/><V40/><F133/><N who="1" m="50697" /><E90/><V91/><F98/><AGARI ba="0,0" hai="12,13,96,98,99" m="50697,48503,42537" machi="98" ten="30,2000,0" yaku="14,1,20,1" doraHai="56" who="1" fromWho="2" sc="206,0,223,20,245,-20,326,0" /><INIT seed="3,0,0,2,1,111" ten="206,243,225,326" oya="3" hai0="39,42,61,17,50,134,93,24,7,18,76,75,109" hai1="129,121,123,78,73,58,63,22,127,16,36,32,13" hai2="103,41,45,65,88,90,1,15,23,44,49,119,35" hai3="30,47,110,101,115,99,21,126,81,9,12,14,4"/><W37/><G115/><T105/><D109/><U71/><E36/><V48/><F1/><W122/><G122/><T118/><D105/><U92/><E71/><V116/><F35/><W74/><G126/><T2/><D118/><U113/><E113/><V107/><F65/><W108/><G30/><T128/><D50/><U131/><E32/><V28/><F116/><W79/><G21/><T34/><D128/><N who="1" m="49227" /><E127/><V96/><F119/><W125/><G12/><T84/><D134/><U55/><E92/><V54/><REACH who="2" step="1"/><F15/><REACH who="2" ten="206,243,215,326" step="2"/><N who="3" m="5543" /><G125/><T135/><D135/><U11/><E123/><V53/><F53/><W112/><G14/><T100/><D34/><U52/><E121/><V3/><F3/><W10/><G108/><T98/><D2/><U68/><E68/><V91/><F91/><W124/><G110/><T133/><D133/><U51/><E11/><V86/><F86/><W95/><G10/><T130/><D84/><U27/><E13/><V83/><F83/><W80/><G80/><N who="0" m="45087" /><D130/><U82/><E55/><V56/><F56/><W60/><G81/><T19/><D24/><AGARI ba="0,1" hai="23,24,28,41,44,45,48,49,54,88,90,96,103,107" machi="24" ten="40,2600,0" yaku="1,1,54,1,53,0" doraHai="111" doraHaiUra="132" who="2" fromWho="0" sc="206,-26,243,0,215,36,326,0" owari="180,-32.0,243,-16.0,251,5.0,326,43.0" /></mjloggm>